  <div class='ocr_page' id='page_1' title='image "/cluster/home/n/w/nwhite01/storage/ocr_20150623/76/ien.35556001661040/134.png"; bbox 0 0 4040 6446; ppageno 0'>
   <div class='ocr_carea' id='block_1_1' title="bbox 96 345 2273 405">
    <p class='ocr_par' dir='ltr' id='par_1_1' title="bbox 96 345 2273 405">
     <span class='ocr_line' id='line_1_1' title="bbox 96 345 2273 405; baseline 0 -5"><span class='ocrx_word' id='word_1_1' title='bbox 96 345 181 400; x_wconf 53' lang='grc' dir='ltr'><strong>με</strong></span> <span class='ocrx_word' id='word_1_2' title='bbox 1177 347 1551 405; x_wconf 75' lang='lat' dir='ltr'><strong>ADV&#39;ERSUS</strong></span> <span class='ocrx_word' id='word_1_3' title='bbox 1586 345 1995 405; x_wconf 77' lang='lat' dir='ltr'><strong>NESTORIUM</strong></span> <span class='ocrx_word' id='word_1_4' title='bbox 2038 346 2166 403; x_wconf 84' lang='lat' dir='ltr'><strong>LIB.</strong></span> <span class='ocrx_word' id='word_1_5' title='bbox 2212 347 2273 401; x_wconf 73' lang='grc' dir='ltr'>ν.</span> 
     </span>
    </p>
   </div>
   <div class='ocr_carea' id='block_1_2' title="bbox 3258 342 3364 399">
    <p class='ocr_par' dir='ltr' id='par_1_2' title="bbox 3258 342 3364 399">
     <span class='ocr_line' id='line_1_2' title="bbox 3258 342 3364 399; baseline 0.009 -1"><span class='ocrx_word' id='word_1_6' title='bbox 3258 342 3364 399; x_wconf 68' lang='grc'><strong>246</strong></span> 
     </span>
    </p>
   </div>
   <div class='ocr_carea' id='block_1_3' title="bbox 95 452 1699 529">
    <p class='ocr_par' dir='ltr' id='par_1_3' title="bbox 95 452 1689 529">
     <span class='ocr_line' id='line_1_3' title="bbox 95 452 1689 529; baseline 0.003 -20"><span class='ocrx_word' id='word_1_7' title='bbox 95 460 267 523; x_wconf 71' lang='grc' dir='ltr'>λόγος·</span> <span class='ocrx_word' id='word_1_8' title='bbox 305 456 421 523; x_wconf 78' lang='grc' dir='ltr'><strong>ἔξω</strong></span> <span class='ocrx_word' id='word_1_9' title='bbox 452 474 520 526; x_wconf 87' lang='grc' dir='ltr'><strong>γε</strong></span> <span class='ocrx_word' id='word_1_10' title='bbox 556 458 663 527; x_wconf 77' lang='grc' dir='ltr'>μὴν</span> <span class='ocrx_word' id='word_1_11' title='bbox 700 452 808 511; x_wconf 75' lang='grc' dir='ltr'>οἶδε</span> <span class='ocrx_word' id='word_1_12' title='bbox 844 459 1196 529; x_wconf 84' lang='grc' dir='ltr'>μεμενηκότα</span> <span class='ocrx_word' id='word_1_13' title='bbox 1230 462 1321 514; x_wconf 91' lang='grc' dir='ltr'><strong>τοῦ</strong></span> <span class='ocrx_word' id='word_1_14' title='bbox 1358 462 1573 527; x_wconf 80' lang='grc' dir='ltr'>παθεῖν,</span> <span class='ocrx_word' id='word_1_15' title='bbox 1606 461 1689 514; x_wconf 84' lang='grc' dir='ltr'>ὅτι</span> 
     </span>
    </p>
   </div>
   <div class='ocr_carea' id='block_1_4' title="bbox 1803 452 3366 529">
    <p class='ocr_par' dir='ltr' id='par_1_4' title="bbox 1803 456 3366 528">
     <span class='ocr_line' id='line_1_4' title="bbox 1803 456 3366 528; baseline -0.002 -14"><span class='ocrx_word' id='word_1_16' title='bbox 1803 460 2039 528; x_wconf 64' lang='lat' dir='ltr'><strong>quamvis</strong></span> <span class='ocrx_word' id='word_1_17' title='bbox 2088 461 2216 515; x_wconf 91' lang='lat' dir='ltr'><strong>illud</strong></span> <span class='ocrx_word' id='word_1_18' title='bbox 2269 468 2425 514; x_wconf 77' lang='lat' dir='ltr'><strong>extra</strong></span> <span class='ocrx_word' id='word_1_19' title='bbox 2460 456 2766 526; x_wconf 82' lang='lat' dir='ltr'><strong>passionem</strong></span> <span class='ocrx_word' id='word_1_20' title='bbox 2821 456 3366 516; x_wconf 79' lang='lat' dir='ltr'><strong>mansisse&#39;noverit.</strong></span> 
     </span>
    </p>
   </div>
   <div class='ocr_carea' id='block_1_5' title="bbox 94 549 1691 620">
    <p class='ocr_par' dir='ltr' id='par_1_5' title="bbox 94 549 1691 620">
     <span class='ocr_line' id='line_1_5' title="bbox 94 549 1691 620; baseline 0.003 -20"><span class='ocrx_word' id='word_1_21' title='bbox 94 551 171 601; x_wconf 75' lang='grc' dir='ltr'><strong>καί</strong></span> <span class='ocrx_word' id='word_1_22' title='bbox 206 550 352 611; x_wconf 83' lang='grc' dir='ltr'>Θεός</span> <span class='ocrx_word' id='word_1_23' title='bbox 386 550 509 601; x_wconf 74' lang='grc' dir='ltr'>ἐστι</span> <span class='ocrx_word' id='word_1_24' title='bbox 548 550 692 603; x_wconf 83' lang='grc' dir='ltr'><strong>κατά</strong></span> <span class='ocrx_word' id='word_1_25' title='bbox 726 552 891 618; x_wconf 87' lang='grc' dir='ltr'>φύσιν</span> <span class='ocrx_word' id='word_1_26' title='bbox 937 552 1030 602; x_wconf 81' lang='grc' dir='ltr'><strong>καὶ</strong></span> <span class='ocrx_word' id='word_1_27' title='bbox 1064 549 1199 620; x_wconf 81' lang='grc' dir='ltr'>ζωή.</span> <span class='ocrx_word' id='word_1_28' title='bbox 1241 552 1351 605; x_wconf 74' lang='grc' dir='ltr'><strong>Καὶ</strong></span> <span class='ocrx_word' id='word_1_29' title='bbox 1380 551 1511 620; x_wconf 88' lang='grc' dir='ltr'>γοῦν</span> <span class='ocrx_word' id='word_1_30' title='bbox 1540 554 1567 605; x_wconf 84' lang='grc' dir='ltr'>ὁ</span> <span class='ocrx_word' id='word_1_31' title='bbox 1602 552 1691 605; x_wconf 86' lang='grc' dir='ltr'>θε-</span> 
     </span>
    </p>
   </div>
   <div class='ocr_carea' id='block_1_6' title="bbox 93 638 1693 713">
    <p class='ocr_par' dir='ltr' id='par_1_6' title="bbox 93 638 1693 713">
     <span class='ocr_line' id='line_1_6' title="bbox 93 638 1693 713; baseline 0.004 -24"><span class='ocrx_word' id='word_1_32' title='bbox 93 638 315 700; x_wconf 78' lang='grc' dir='ltr'>σπέσιος</span> <span class='ocrx_word' id='word_1_33' title='bbox 350 639 568 707; x_wconf 84' lang='grc' dir='ltr'>Πέτρος</span> <span class='ocrx_word' id='word_1_34' title='bbox 594 639 853 709; x_wconf 82' lang='grc' dir='ltr'><strong>τοιαύτην</strong></span> <span class='ocrx_word' id='word_1_35' title='bbox 875 641 1004 709; x_wconf 80' lang='grc' dir='ltr'>ἡμῖν</span> <span class='ocrx_word' id='word_1_36' title='bbox 1027 642 1349 709; x_wconf 77' lang='grc' dir='ltr'>παρατιθεὶς</span> <span class='ocrx_word' id='word_1_37' title='bbox 1391 642 1491 712; x_wconf 79' lang='grc' dir='ltr'><strong>τήν</strong></span> <span class='ocrx_word' id='word_1_38' title='bbox 1525 660 1693 713; x_wconf 85' lang='grc' dir='ltr'>μυστ-</span> 
     </span>
    </p>
   </div>
   <div class='ocr_carea' id='block_1_7' title="bbox 92 722 1693 801">
    <p class='ocr_par' dir='ltr' id='par_1_7' title="bbox 92 722 1693 801">
     <span class='ocr_line' id='line_1_7' title="bbox 92 722 1693 801; baseline 0.004 -21"><span class='ocrx_word' id='word_1_39' title='bbox 92 729 365 796; x_wconf 85' lang='grc' dir='ltr'>αγωγίαν,</span> <span class='ocrx_word' id='word_1_40' title='bbox 409 722 517 781; x_wconf 81' lang='grc' dir='ltr'>ὧδέ</span> <span class='ocrx_word' id='word_1_41' title='bbox 560 731 636 800; x_wconf 85' lang='grc' dir='ltr'><strong>πή</strong></span> <span class='ocrx_word' id='word_1_42' title='bbox 678 748 812 801; x_wconf 83' lang='grc' dir='ltr'>φησι</span> <span class='ocrx_word' id='word_1_43' title='bbox 853 732 983 801; x_wconf 80' lang='grc' dir='ltr'>περὶ</span> <span class='ocrx_word' id='word_1_44' title='bbox 1020 730 1181 783; x_wconf 81' lang='grc' dir='ltr'>αὐτοῦ</span> <span class='ocrx_word' id='word_1_45' title='bbox 1207 733 1319 795; x_wconf 88' lang='grc' dir='ltr'>τοῖς</span> <span class='ocrx_word' id='word_1_46' title='bbox 1347 732 1693 786; x_wconf 82' lang='grc' dir='ltr'><strong>πιστεύουσιν</strong></span> 
     </span>
    </p>
   </div>
   <div class='ocr_carea' id='block_1_8' title="bbox 92 819 1692 894">
    <p class='ocr_par' dir='ltr' id='par_1_8' title="bbox 92 819 1692 894">
     <span class='ocr_line' id='line_1_8' title="bbox 92 819 1692 894; baseline 0.005 -26"><span class='ocrx_word' id='word_1_47' title='bbox 92 820 158 880; x_wconf 78' lang='grc' dir='ltr'>εἰς</span> <span class='ocrx_word' id='word_1_48' title='bbox 199 819 411 871; x_wconf 71' lang='grc' dir='ltr'>αὐτόν·</span> <span class='ocrx_word' id='word_1_49' title='bbox 452 838 473 871; x_wconf 73' lang='grc' dir='ltr'><strong>ι</strong></span> <span class='ocrx_word' id='word_1_50' title='bbox 512 821 610 872; x_wconf 73' lang='lat' dir='ltr'><strong>“Ov</strong></span> <span class='ocrx_word' id='word_1_51' title='bbox 642 821 743 872; x_wconf 81' lang='grc' dir='ltr'><strong>οὐκ</strong></span> <span class='ocrx_word' id='word_1_52' title='bbox 787 821 990 884; x_wconf 75' lang='grc' dir='ltr'>εἰδότες</span> <span class='ocrx_word' id='word_1_53' title='bbox 1028 822 1317 889; x_wconf 73' lang='grc' dir='ltr'><strong>ἀγαπᾶτε⁶</strong></span> <span class='ocrx_word' id='word_1_54' title='bbox 1350 825 1430 885; x_wconf 87' lang='grc' dir='ltr'><strong>είς</strong></span> <span class='ocrx_word' id='word_1_55' title='bbox 1474 823 1533 875; x_wconf 86' lang='grc' dir='ltr'>ὃν</span> <span class='ocrx_word' id='word_1_56' title='bbox 1570 824 1692 894; x_wconf 84' lang='grc' dir='ltr'><strong>ἄρτι</strong></span> 
     </span>
    </p>
   </div>
   <div class='ocr_carea' id='block_1_9' title="bbox 94 908 1695 984">
    <p class='ocr_par' dir='ltr' id='par_1_9' title="bbox 94 908 1695 984">
     <span class='ocr_line' id='line_1_9' title="bbox 94 908 1695 984; baseline 0.004 -24"><span class='ocrx_word' id='word_1_57' title='bbox 94 908 157 976; x_wconf 72' lang='grc' dir='ltr'><strong>μὴ</strong></span> <span class='ocrx_word' id='word_1_58' title='bbox 210 910 485 978; x_wconf 76' lang='grc' dir='ltr'>δρῶντες,</span> <span class='ocrx_word' id='word_1_59' title='bbox 512 910 865 975; x_wconf 79' lang='grc' dir='ltr'><strong>πιστεύοντες</strong></span> <span class='ocrx_word' id='word_1_60' title='bbox 892 911 970 973; x_wconf 83' lang='grc' dir='ltr'><strong>δὲ,</strong></span> <span class='ocrx_word' id='word_1_61' title='bbox 1002 913 1331 981; x_wconf 80' lang='grc' dir='ltr'>ἀγαλλιᾶσθε</span> <span class='ocrx_word' id='word_1_62' title='bbox 1363 915 1506 984; x_wconf 79' lang='grc' dir='ltr'>χαρᾷ</span> <span class='ocrx_word' id='word_1_63' title='bbox 1536 914 1695 967; x_wconf 74' lang='grc' dir='ltr'>ἀνεκο</span> 
     </span>
    </p>
   </div>
   <div class='ocr_carea' id='block_1_10' title="bbox 93 1000 1693 1073">
    <p class='ocr_par' dir='ltr' id='par_1_10' title="bbox 93 1000 1693 1073">
     <span class='ocr_line' id='line_1_10' title="bbox 93 1000 1693 1073; baseline 0.006 -26"><span class='ocrx_word' id='word_1_64' title='bbox 93 1000 314 1070; x_wconf 72' lang='grc' dir='ltr'>λαλήτῳ</span> <span class='ocrx_word' id='word_1_65' title='bbox 342 1002 445 1054; x_wconf 74' lang='grc' dir='ltr'><strong>καὶ</strong></span> <span class='ocrx_word' id='word_1_66' title='bbox 487 1001 879 1073; x_wconf 83' lang='grc' dir='ltr'>δεδοξασμένῃ,</span> <span class='ocrx_word' id='word_1_67' title='bbox 908 1004 1265 1073; x_wconf 75' lang='grc' dir='ltr'>κομιζόμενοι</span> <span class='ocrx_word' id='word_1_68' title='bbox 1318 1005 1379 1056; x_wconf 89' lang='grc' dir='ltr'><strong>τὸ</strong></span> <span class='ocrx_word' id='word_1_69' title='bbox 1411 1005 1564 1067; x_wconf 85' lang='grc' dir='ltr'>τέλος</span> <span class='ocrx_word' id='word_1_70' title='bbox 1592 1004 1693 1072; x_wconf 81' lang='grc' dir='ltr'>τῆς</span> 
     </span>
    </p>
   </div>
   <div class='ocr_carea' id='block_1_11' title="bbox 93 1091 1696 1167">
    <p class='ocr_par' dir='ltr' id='par_1_11' title="bbox 93 1091 1696 1167">
     <span class='ocr_line' id='line_1_11' title="bbox 93 1091 1696 1167; baseline 0.002 -25"><span class='ocrx_word' id='word_1_71' title='bbox 93 1092 370 1156; x_wconf 78' lang='grc' dir='ltr'>πίστεως,</span> <span class='ocrx_word' id='word_1_72' title='bbox 420 1094 704 1162; x_wconf 80' lang='grc' dir='ltr'>σωτηρίαν</span> <span class='ocrx_word' id='word_1_73' title='bbox 750 1093 962 1164; x_wconf 80' lang='grc' dir='ltr'><strong>ψυχῶν.</strong></span> <span class='ocrx_word' id='word_1_74' title='bbox 1009 1096 1144 1165; x_wconf 82' lang='grc' dir='ltr'>Περὶ</span> <span class='ocrx_word' id='word_1_75' title='bbox 1186 1091 1253 1167; x_wconf 85' lang='grc' dir='ltr'>ἦς</span> <span class='ocrx_word' id='word_1_76' title='bbox 1302 1096 1577 1165; x_wconf 78' lang='grc' dir='ltr'>σωτηρίας</span> <span class='ocrx_word' id='word_1_77' title='bbox 1607 1095 1696 1158; x_wconf 79' lang='grc' dir='ltr'><strong>ἐξ·</strong></span> 
     </span>
    </p>
   </div>
   <div class='ocr_carea' id='block_1_12' title="bbox 93 1178 1694 1253">
    <p class='ocr_par' dir='ltr' id='par_1_12' title="bbox 93 1178 1694 1253">
     <span class='ocr_line' id='line_1_12' title="bbox 93 1178 1694 1253; baseline 0.002 -22"><span class='ocrx_word' id='word_1_78' title='bbox 93 1178 382 1250; x_wconf 74' lang='grc' dir='ltr'>ιζήτησαν</span> <span class='ocrx_word' id='word_1_79' title='bbox 418 1182 518 1234; x_wconf 80' lang='grc' dir='ltr'><strong>καὶ</strong></span> <span class='ocrx_word' id='word_1_80' title='bbox 547 1181 640 1252; x_wconf 78' lang='grc' dir='ltr'>ἐξη</span> <span class='ocrx_word' id='word_1_81' title='bbox 652 1180 923 1251; x_wconf 88' lang='grc' dir='ltr'>ρεύνησαν</span> <span class='ocrx_word' id='word_1_82' title='bbox 945 1183 1241 1252; x_wconf 74' lang='grc' dir='ltr'>προφῆται,</span> <span class='ocrx_word' id='word_1_83' title='bbox 1270 1185 1318 1235; x_wconf 77' lang='grc' dir='ltr'>οἱ</span> <span class='ocrx_word' id='word_1_84' title='bbox 1345 1201 1408 1237; x_wconf 87' lang='grc' dir='ltr'><strong>πε</strong></span> <span class='ocrx_word' id='word_1_85' title='bbox 1420 1185 1471 1253; x_wconf 72' lang='lat' dir='ltr'><strong>pi</strong></span> <span class='ocrx_word' id='word_1_86' title='bbox 1496 1185 1591 1253; x_wconf 85' lang='grc' dir='ltr'>τῆς</span> <span class='ocrx_word' id='word_1_87' title='bbox 1612 1184 1694 1246; x_wconf 82' lang='grc' dir='ltr'><strong>είς</strong></span> 
     </span>
    </p>
   </div>
   <div class='ocr_carea' id='block_1_13' title="bbox 92 1271 1690 1344">
    <p class='ocr_par' dir='ltr' id='par_1_13' title="bbox 92 1271 1690 1344">
     <span class='ocr_line' id='line_1_13' title="bbox 92 1271 1690 1344; baseline 0.001 -21"><span class='ocrx_word' id='word_1_88' title='bbox 92 1271 240 1337; x_wconf 74' lang='grc' dir='ltr'>ἡμᾶς</span> <span class='ocrx_word' id='word_1_89' title='bbox 272 1272 510 1341; x_wconf 71' lang='grc' dir='ltr'>χάριτος</span> <span class='ocrx_word' id='word_1_90' title='bbox 556 1272 1059 1342; x_wconf 79' lang='grc' dir='ltr'>προφητεύσαντες,</span> <span class='ocrx_word' id='word_1_91' title='bbox 1088 1274 1415 1344; x_wconf 69' lang='grc' dir='ltr'>ἐρευνῶντες</span> <span class='ocrx_word' id='word_1_92' title='bbox 1442 1276 1521 1337; x_wconf 83' lang='grc' dir='ltr'><strong>είς</strong></span> <span class='ocrx_word' id='word_1_93' title='bbox 1552 1274 1690 1337; x_wconf 89' lang='grc' dir='ltr'>τίνα,</span> 
     </span>
    </p>
   </div>
   <div class='ocr_carea' id='block_1_14' title="bbox 94 1360 1692 1435">
    <p class='ocr_par' dir='ltr' id='par_1_14' title="bbox 94 1360 1692 1435">
     <span class='ocr_line' id='line_1_14' title="bbox 94 1360 1692 1435; baseline 0.004 -24"><span class='ocrx_word' id='word_1_94' title='bbox 94 1360 119 1428; x_wconf 82' lang='grc' dir='ltr'><strong>ή</strong></span> <span class='ocrx_word' id='word_1_95' title='bbox 154 1363 315 1413; x_wconf 78' lang='grc' dir='ltr'>ποῖον</span> <span class='ocrx_word' id='word_1_96' title='bbox 348 1362 548 1432; x_wconf 83' lang='grc' dir='ltr'>καιρὸν</span> <span class='ocrx_word' id='word_1_97' title='bbox 576 1363 767 1431; x_wconf 73' lang='grc' dir='ltr'>ἐδήλου</span> <span class='ocrx_word' id='word_1_98' title='bbox 792 1364 854 1414; x_wconf 87' lang='grc' dir='ltr'>τὸ</span> <span class='ocrx_word' id='word_1_99' title='bbox 885 1365 944 1416; x_wconf 89' lang='grc' dir='ltr'>ὲν</span> <span class='ocrx_word' id='word_1_100' title='bbox 967 1365 1148 1427; x_wconf 75' lang='grc' dir='ltr'>αὐτοῖς</span> <span class='ocrx_word' id='word_1_101' title='bbox 1177 1365 1403 1434; x_wconf 83' lang='grc' dir='ltr'>Πνεῦμα</span> <span class='ocrx_word' id='word_1_102' title='bbox 1434 1364 1692 1435; x_wconf 78' lang='grc' dir='ltr'>Χριστοῦ,</span> 
     </span>
    </p>
   </div>
   <div class='ocr_carea' id='block_1_15' title="bbox 96 1452 1695 1524">
    <p class='ocr_par' dir='ltr' id='par_1_15' title="bbox 96 1452 1695 1524">
     <span class='ocr_line' id='line_1_15' title="bbox 96 1452 1695 1524; baseline 0.003 -23"><span class='ocrx_word' id='word_1_103' title='bbox 96 1452 635 1523; x_wconf 75' lang='grc' dir='ltr'>προμαρτυρόμενον</span> <span class='ocrx_word' id='word_1_104' title='bbox 663 1454 732 1507; x_wconf 81' lang='grc' dir='ltr'>τὰ</span> <span class='ocrx_word' id='word_1_105' title='bbox 768 1453 848 1515; x_wconf 86' lang='grc' dir='ltr'>εἰς</span> <span class='ocrx_word' id='word_1_106' title='bbox 870 1454 1105 1524; x_wconf 87' lang='grc' dir='ltr'>Χριστὸν</span> <span class='ocrx_word' id='word_1_107' title='bbox 1129 1455 1447 1524; x_wconf 86' lang='grc' dir='ltr'>παθήματα,</span> <span class='ocrx_word' id='word_1_108' title='bbox 1476 1456 1569 1507; x_wconf 75' lang='grc' dir='ltr'><strong>καὶ</strong></span> <span class='ocrx_word' id='word_1_109' title='bbox 1597 1456 1695 1517; x_wconf 84' lang='grc' dir='ltr'><strong>τὰς</strong></span> 
     </span>
    </p>
   </div>
   <div class='ocr_carea' id='block_1_16' title="bbox 97 1540 1690 1615">
    <p class='ocr_par' dir='ltr' id='par_1_16' title="bbox 97 1540 1690 1615">
     <span class='ocr_line' id='line_1_16' title="bbox 97 1540 1690 1615; baseline 0.001 -20"><span class='ocrx_word' id='word_1_110' title='bbox 97 1543 235 1611; x_wconf 83' lang='grc' dir='ltr'><strong>μετά</strong></span> <span class='ocrx_word' id='word_1_111' title='bbox 250 1544 437 1596; x_wconf 85' lang='grc' dir='ltr'>ταῦτα</span> <span class='ocrx_word' id='word_1_112' title='bbox 464 1543 659 1608; x_wconf 81' lang='grc' dir='ltr'>δόξας·</span> <span class='ocrx_word' id='word_1_113' title='bbox 689 1540 770 1607; x_wconf 75' lang='grc' dir='ltr'><strong>οἷς</strong></span> <span class='ocrx_word' id='word_1_114' title='bbox 792 1544 1177 1615; x_wconf 77' lang='grc' dir='ltr'>ἀπεκαλύφθη,</span> <span class='ocrx_word' id='word_1_115' title='bbox 1214 1547 1293 1599; x_wconf 84' lang='grc' dir='ltr'><strong>ὅτι</strong></span> <span class='ocrx_word' id='word_1_116' title='bbox 1320 1546 1416 1614; x_wconf 85' lang='grc' dir='ltr'>οὐχ</span> <span class='ocrx_word' id='word_1_117' title='bbox 1457 1546 1690 1608; x_wconf 76' lang='grc' dir='ltr'>ἑαυτοῖς,</span> 
     </span>
    </p>
   </div>
   <div class='ocr_carea' id='block_1_17' title="bbox 94 1633 1695 1705">
    <p class='ocr_par' dir='ltr' id='par_1_17' title="bbox 94 1633 1695 1705">
     <span class='ocr_line' id='line_1_17' title="bbox 94 1633 1695 1705; baseline 0.002 -21"><span class='ocrx_word' id='word_1_118' title='bbox 94 1634 223 1702; x_wconf 76' lang='grc' dir='ltr'>ἡμῖν</span> <span class='ocrx_word' id='word_1_119' title='bbox 248 1634 308 1687; x_wconf 83' lang='grc' dir='ltr'>δὲ</span> <span class='ocrx_word' id='word_1_120' title='bbox 341 1633 638 1703; x_wconf 81' lang='grc' dir='ltr'>διηκόνουν</span> <span class='ocrx_word' id='word_1_121' title='bbox 692 1633 853 1698; x_wconf 79' lang='grc' dir='ltr'>αὐτὰ,</span> <span class='ocrx_word' id='word_1_122' title='bbox 900 1634 935 1687; x_wconf 84' lang='grc' dir='ltr'>ἃ</span> <span class='ocrx_word' id='word_1_123' title='bbox 976 1634 1069 1686; x_wconf 91' lang='grc' dir='ltr'><strong>νῦν</strong></span> <span class='ocrx_word' id='word_1_124' title='bbox 1103 1636 1234 1705; x_wconf 86' lang='grc' dir='ltr'>ἡμῖν</span> <span class='ocrx_word' id='word_1_125' title='bbox 1280 1636 1559 1705; x_wconf 85' lang='grc' dir='ltr'>ἀνηγγέλη</span> <span class='ocrx_word' id='word_1_126' title='bbox 1607 1635 1695 1688; x_wconf 81' lang='grc' dir='ltr'>διὰ</span> 
     </span>
    </p>
   </div>
   <div class='ocr_carea' id='block_1_18' title="bbox 96 1725 1695 1797">
    <p class='ocr_par' dir='ltr' id='par_1_18' title="bbox 96 1725 1695 1797">
     <span class='ocr_line' id='line_1_18' title="bbox 96 1725 1695 1797; baseline -0.001 -20"><span class='ocrx_word' id='word_1_127' title='bbox 96 1725 198 1777; x_wconf 80' lang='grc' dir='ltr'><strong>τῶν</strong></span> <span class='ocrx_word' id='word_1_128' title='bbox 249 1726 786 1794; x_wconf 76' lang='grc' dir='ltr'>εὐαγγελισαμένων</span> <span class='ocrx_word' id='word_1_129' title='bbox 831 1726 978 1797; x_wconf 79' lang='grc' dir='ltr'>ἡμᾶς</span> <span class='ocrx_word' id='word_1_130' title='bbox 1024 1726 1158 1793; x_wconf 80' lang='lat'><strong>(38),</strong></span> <span class='ocrx_word' id='word_1_131' title='bbox 1220 1726 1500 1794; x_wconf 86' lang='grc' dir='ltr'>Πνεύματι</span> <span class='ocrx_word' id='word_1_132' title='bbox 1553 1725 1695 1794; x_wconf 87' lang='grc' dir='ltr'>ἁγίῳ</span> 
     </span>
    </p>
   </div>
   <div class='ocr_carea' id='block_1_19' title="bbox 96 1814 1697 1886">
    <p class='ocr_par' dir='ltr' id='par_1_19' title="bbox 96 1814 1697 1886">
     <span class='ocr_line' id='line_1_19' title="bbox 96 1814 1697 1886; baseline -0.001 -18"><span class='ocrx_word' id='word_1_133' title='bbox 96 1818 470 1870; x_wconf 68' lang='grc' dir='ltr'>ἀποσταλέντι</span> <span class='ocrx_word' id='word_1_134' title='bbox 509 1818 607 1869; x_wconf 80' lang='grc' dir='ltr'>ἀπ’</span> <span class='ocrx_word' id='word_1_135' title='bbox 634 1816 888 1886; x_wconf 85' lang='grc' dir='ltr'>ούρανοῦ,</span> <span class='ocrx_word' id='word_1_136' title='bbox 914 1817 993 1878; x_wconf 79' lang='grc' dir='ltr'><strong>εἰς</strong></span> <span class='ocrx_word' id='word_1_137' title='bbox 1018 1814 1053 1868; x_wconf 82' lang='grc' dir='ltr'>ἂ</span> <span class='ocrx_word' id='word_1_138' title='bbox 1083 1814 1442 1884; x_wconf 83' lang='grc' dir='ltr'>ἐπιθυμοῦσιν</span> <span class='ocrx_word' id='word_1_139' title='bbox 1474 1816 1697 1883; x_wconf 82' lang='grc' dir='ltr'>ἄγγελοι</span> 
     </span>
    </p>
   </div>
   <div class='ocr_carea' id='block_1_20' title="bbox 98 1906 1699 1978">
    <p class='ocr_par' dir='ltr' id='par_1_20' title="bbox 98 1906 1699 1978">
     <span class='ocr_line' id='line_1_20' title="bbox 98 1906 1699 1978; baseline 0 -19"><span class='ocrx_word' id='word_1_140' title='bbox 98 1909 454 1978; x_wconf 75' lang='grc' dir='ltr'>παρακύψαι.</span> <span class='ocrx_word' id='word_1_141' title='bbox 480 1926 498 1959; x_wconf 75' lang='grc' dir='ltr'><strong>ι</strong></span> <span class='ocrx_word' id='word_1_142' title='bbox 540 1907 785 1969; x_wconf 82' lang='grc' dir='ltr'>Ἀκούεις</span> <span class='ocrx_word' id='word_1_143' title='bbox 816 1908 961 1969; x_wconf 83' lang='grc' dir='ltr'>ὅπως</span> <span class='ocrx_word' id='word_1_144' title='bbox 995 1908 1054 1960; x_wconf 86' lang='grc' dir='ltr'>τὸ</span> <span class='ocrx_word' id='word_1_145' title='bbox 1084 1906 1310 1977; x_wconf 86' lang='grc' dir='ltr'>Πνεῦμα</span> <span class='ocrx_word' id='word_1_146' title='bbox 1330 1906 1567 1978; x_wconf 85' lang='grc' dir='ltr'>Χριστοῦ</span> <span class='ocrx_word' id='word_1_147' title='bbox 1603 1908 1699 1961; x_wconf 73' lang='grc' dir='ltr'>καὶ</span> 
     </span>
    </p>
   </div>
   <div class='ocr_carea' id='block_1_21' title="bbox 97 1995 1699 2072">
    <p class='ocr_par' dir='ltr' id='par_1_21' title="bbox 97 1995 1699 2072">
     <span class='ocr_line' id='line_1_21' title="bbox 97 1995 1699 2072; baseline -0.001 -22"><span class='ocrx_word' id='word_1_148' title='bbox 97 2001 151 2051; x_wconf 74' lang='grc' dir='ltr'>ἐν</span> <span class='ocrx_word' id='word_1_149' title='bbox 193 2005 309 2063; x_wconf 84' lang='grc' dir='ltr'>τοῖς</span> <span class='ocrx_word' id='word_1_150' title='bbox 357 2002 545 2068; x_wconf 85' lang='grc' dir='ltr'>ἁγίοις</span> <span class='ocrx_word' id='word_1_151' title='bbox 594 2000 906 2072; x_wconf 80' lang='grc' dir='ltr'>προφήταις</span> <span class='ocrx_word' id='word_1_152' title='bbox 933 1995 1022 2069; x_wconf 83' lang='grc' dir='ltr'>ἦν,</span> <span class='ocrx_word' id='word_1_153' title='bbox 1074 2000 1598 2069; x_wconf 82' lang='grc' dir='ltr'>προανακεκράγασι</span> <span class='ocrx_word' id='word_1_154' title='bbox 1642 1998 1699 2050; x_wconf 87' lang='grc' dir='ltr'>δὲ</span> 
     </span>
    </p>
   </div>
   <div class='ocr_carea' id='block_1_22' title="bbox 95 2089 1699 2163">
    <p class='ocr_par' dir='ltr' id='par_1_22' title="bbox 95 2089 1699 2163">
     <span class='ocr_line' id='line_1_22' title="bbox 95 2089 1699 2163; baseline -0.001 -22"><span class='ocrx_word' id='word_1_155' title='bbox 95 2092 161 2142; x_wconf 75' lang='grc' dir='ltr'>τὰ</span> <span class='ocrx_word' id='word_1_156' title='bbox 198 2094 280 2154; x_wconf 84' lang='grc' dir='ltr'>εἰς</span> <span class='ocrx_word' id='word_1_157' title='bbox 313 2094 563 2163; x_wconf 78' lang='grc' dir='ltr'>Χριστὸν</span> <span class='ocrx_word' id='word_1_158' title='bbox 593 2092 917 2162; x_wconf 85' lang='grc' dir='ltr'>παθήματα,</span> <span class='ocrx_word' id='word_1_159' title='bbox 967 2090 1061 2142; x_wconf 70' lang='grc' dir='ltr'><strong>καὶ</strong></span> <span class='ocrx_word' id='word_1_160' title='bbox 1093 2090 1192 2152; x_wconf 87' lang='grc' dir='ltr'><strong>τάς</strong></span> <span class='ocrx_word' id='word_1_161' title='bbox 1228 2092 1365 2159; x_wconf 85' lang='grc' dir='ltr'><strong>μετά</strong></span> <span class='ocrx_word' id='word_1_162' title='bbox 1403 2089 1577 2142; x_wconf 88' lang='grc' dir='ltr'>ταῦτα</span> <span class='ocrx_word' id='word_1_163' title='bbox 1609 2089 1699 2141; x_wconf 88' lang='grc' dir='ltr'>δό-</span> 
     </span>
    </p>
   </div>
   <div class='ocr_carea' id='block_1_23' title="bbox 99 2179 1700 2254">
    <p class='ocr_par' dir='ltr' id='par_1_23' title="bbox 99 2179 1700 2254">
     <span class='ocr_line' id='line_1_23' title="bbox 99 2179 1700 2254; baseline -0.002 -21"><span class='ocrx_word' id='word_1_164' title='bbox 99 2180 223 2247; x_wconf 82' lang='grc' dir='ltr'>ξας;</span> <span class='ocrx_word' id='word_1_165' title='bbox 250 2180 387 2253; x_wconf 62' lang='grc' dir='ltr'><strong>Ἆρ’</strong></span> <span class='ocrx_word' id='word_1_166' title='bbox 430 2179 529 2236; x_wconf 78' lang='grc' dir='ltr'>οὖν</span> <span class='ocrx_word' id='word_1_167' title='bbox 564 2184 637 2246; x_wconf 82' lang='grc' dir='ltr'><strong>ὡς</strong></span> <span class='ocrx_word' id='word_1_168' title='bbox 681 2183 969 2254; x_wconf 78' lang='grc' dir='ltr'>ἄνθρωπον</span> <span class='ocrx_word' id='word_1_169' title='bbox 1000 2179 1183 2242; x_wconf 82' lang='grc' dir='ltr'>ἁπλῶς</span> <span class='ocrx_word' id='word_1_170' title='bbox 1218 2180 1359 2247; x_wconf 85' lang='grc' dir='ltr'>ὑπὲρ</span> <span class='ocrx_word' id='word_1_171' title='bbox 1401 2179 1559 2247; x_wconf 80' lang='grc' dir='ltr'>ἡμῶν</span> <span class='ocrx_word' id='word_1_172' title='bbox 1602 2195 1700 2231; x_wconf 86' lang='grc' dir='ltr'>πε-</span> 
     </span>
    </p>
   </div>
   <div class='ocr_carea' id='block_1_24' title="bbox 99 2268 1697 2344">
    <p class='ocr_par' dir='ltr' id='par_1_24' title="bbox 99 2268 1697 2344">
     <span class='ocr_line' id='line_1_24' title="bbox 99 2268 1697 2344; baseline -0.001 -20"><span class='ocrx_word' id='word_1_173' title='bbox 99 2274 339 2327; x_wconf 79' lang='grc' dir='ltr'>πονθότα</span> <span class='ocrx_word' id='word_1_174' title='bbox 387 2273 473 2342; x_wconf 80' lang='grc' dir='ltr'>τῷ</span> <span class='ocrx_word' id='word_1_175' title='bbox 522 2274 715 2344; x_wconf 86' lang='grc' dir='ltr'>κόσμῳ</span> <span class='ocrx_word' id='word_1_176' title='bbox 747 2272 1230 2342; x_wconf 84' lang='grc' dir='ltr'>διακηρύττοντες;</span> <span class='ocrx_word' id='word_1_177' title='bbox 1262 2272 1356 2323; x_wconf 78' lang='grc' dir='ltr'><strong>καὶ</strong></span> <span class='ocrx_word' id='word_1_178' title='bbox 1388 2268 1546 2323; x_wconf 88' lang='grc' dir='ltr'>τοῦτό</span> <span class='ocrx_word' id='word_1_179' title='bbox 1581 2272 1697 2323; x_wconf 77' lang='grc' dir='ltr'>ἐστι</span> 
     </span>
    </p>
   </div>
   <div class='ocr_carea' id='block_1_25' title="bbox 100 2359 1696 2436">
    <p class='ocr_par' dir='ltr' id='par_1_25' title="bbox 100 2359 1696 2436">
     <span class='ocr_line' id='line_1_25' title="bbox 100 2359 1696 2436; baseline -0.004 -17"><span class='ocrx_word' id='word_1_180' title='bbox 100 2366 154 2419; x_wconf 78' lang='grc' dir='ltr'>τὸ</span> <span class='ocrx_word' id='word_1_181' title='bbox 186 2367 507 2436; x_wconf 79' lang='grc' dir='ltr'>μυστήριον</span> <span class='ocrx_word' id='word_1_182' title='bbox 544 2366 605 2418; x_wconf 84' lang='grc' dir='ltr'>τὺ</span> <span class='ocrx_word' id='word_1_183' title='bbox 632 2366 721 2418; x_wconf 81' lang='grc' dir='ltr'><strong>διά</strong></span> <span class='ocrx_word' id='word_1_184' title='bbox 748 2364 858 2417; x_wconf 81' lang='grc' dir='ltr'>τῶν</span> <span class='ocrx_word' id='word_1_185' title='bbox 894 2363 1063 2430; x_wconf 86' lang='grc' dir='ltr'>ἁγίων</span> <span class='ocrx_word' id='word_1_186' title='bbox 1091 2360 1249 2430; x_wconf 82' lang='grc' dir='ltr'>ήμῶν</span> <span class='ocrx_word' id='word_1_187' title='bbox 1278 2359 1592 2414; x_wconf 78' lang='grc' dir='ltr'>ἀποστόλων</span> <span class='ocrx_word' id='word_1_188' title='bbox 1636 2377 1696 2413; x_wconf 90' lang='grc' dir='ltr'><strong>τε</strong></span> 
     </span>
    </p>
   </div>
   <div class='ocr_carea' id='block_1_26' title="bbox 101 2454 1699 2527">
    <p class='ocr_par' dir='ltr' id='par_1_26' title="bbox 101 2454 1699 2527">
     <span class='ocr_line' id='line_1_26' title="bbox 101 2454 1699 2527; baseline -0.006 -14"><span class='ocrx_word' id='word_1_189' title='bbox 101 2460 189 2515; x_wconf 66' lang='grc' dir='ltr'><strong>καὶ</strong></span> <span class='ocrx_word' id='word_1_190' title='bbox 222 2458 648 2527; x_wconf 69' lang='grc' dir='ltr'>εἰδαγγελιστῶν</span> <span class='ocrx_word' id='word_1_191' title='bbox 698 2458 757 2509; x_wconf 80' lang='grc' dir='ltr'><strong>ἐν</strong></span> <span class='ocrx_word' id='word_1_192' title='bbox 798 2457 980 2508; x_wconf 82' lang='grc' dir='ltr'>πίστει</span> <span class='ocrx_word' id='word_1_193' title='bbox 1028 2454 1419 2525; x_wconf 82' lang='grc' dir='ltr'>δεδωρημένον,</span> <span class='ocrx_word' id='word_1_194' title='bbox 1472 2455 1565 2506; x_wconf 76' lang='grc' dir='ltr'><strong>καὶ</strong></span> <span class='ocrx_word' id='word_1_195' title='bbox 1617 2455 1699 2515; x_wconf 88' lang='grc' dir='ltr'>εἰς</span> 
     </span>
    </p>
   </div>
   <div class='ocr_carea' id='block_1_27' title="bbox 99 2546 1696 2620">
    <p class='ocr_par' dir='ltr' id='par_1_27' title="bbox 99 2546 1696 2620">
     <span class='ocr_line' id='line_1_27' title="bbox 99 2546 1696 2620; baseline -0.004 -17"><span class='ocrx_word' id='word_1_196' title='bbox 99 2551 269 2605; x_wconf 81' lang='grc' dir='ltr'>ταῦτα</span> <span class='ocrx_word' id='word_1_197' title='bbox 322 2550 659 2620; x_wconf 73' lang='grc' dir='ltr'>παρακύψαι</span> <span class='ocrx_word' id='word_1_198' title='bbox 695 2549 861 2614; x_wconf 71' lang='grc' dir='ltr'>φησὶν</span> <span class='ocrx_word' id='word_1_199' title='bbox 901 2546 1187 2615; x_wconf 81' lang='grc' dir='ltr'>ἐπιθυμεῖν</span> <span class='ocrx_word' id='word_1_200' title='bbox 1216 2547 1342 2608; x_wconf 74' lang='grc' dir='ltr'>τοὺς</span> <span class='ocrx_word' id='word_1_201' title='bbox 1390 2546 1696 2612; x_wconf 77' lang='grc' dir='ltr'>ἀγγέλουςς</span> 
     </span>
    </p>
   </div>
   <div class='ocr_carea' id='block_1_28' title="bbox 102 2632 1699 2705">
    <p class='ocr_par' dir='ltr' id='par_1_28' title="bbox 102 2632 1699 2705">
     <span class='ocr_line' id='line_1_28' title="bbox 102 2632 1699 2705; baseline -0.007 -11"><span class='ocrx_word' id='word_1_202' title='bbox 102 2641 292 2694; x_wconf 74' lang='grc' dir='ltr'>Καίτοι</span> <span class='ocrx_word' id='word_1_203' title='bbox 325 2639 451 2700; x_wconf 81' lang='grc' dir='ltr'>πῶς</span> <span class='ocrx_word' id='word_1_204' title='bbox 484 2638 585 2688; x_wconf 75' lang='grc' dir='ltr'><strong>οὐκ</strong></span> <span class='ocrx_word' id='word_1_205' title='bbox 617 2634 925 2704; x_wconf 77' lang='grc' dir='ltr'>ἀπόϐλητος</span> <span class='ocrx_word' id='word_1_206' title='bbox 952 2634 1036 2705; x_wconf 76' lang='grc' dir='ltr'>εἴη</span> <span class='ocrx_word' id='word_1_207' title='bbox 1068 2635 1153 2698; x_wconf 85' lang='grc' dir='ltr'>ἂν,</span> <span class='ocrx_word' id='word_1_208' title='bbox 1178 2636 1205 2685; x_wconf 82' lang='grc' dir='ltr'><strong>ό</strong></span> <span class='ocrx_word' id='word_1_209' title='bbox 1238 2633 1399 2702; x_wconf 85' lang='grc' dir='ltr'>μέχρι</span> <span class='ocrx_word' id='word_1_210' title='bbox 1429 2632 1491 2702; x_wconf 83' lang='grc' dir='ltr'><strong>δὴ</strong></span> <span class='ocrx_word' id='word_1_211' title='bbox 1524 2633 1699 2701; x_wconf 84' lang='grc' dir='ltr'>μόνων</span> 
     </span>
    </p>
   </div>
   <div class='ocr_carea' id='block_1_29' title="bbox 100 2723 1702 2795">
    <p class='ocr_par' dir='ltr' id='par_1_29' title="bbox 100 2723 1702 2795">
     <span class='ocr_line' id='line_1_29' title="bbox 100 2723 1702 2795; baseline -0.002 -16"><span class='ocrx_word' id='word_1_212' title='bbox 100 2729 202 2781; x_wconf 75' lang='grc' dir='ltr'>τῶν</span> <span class='ocrx_word' id='word_1_213' title='bbox 233 2729 338 2795; x_wconf 75' lang='grc' dir='ltr'>τῆς</span> <span class='ocrx_word' id='word_1_214' title='bbox 374 2726 807 2795; x_wconf 84' lang='grc' dir='ltr'>ἁνθρωπότητος</span> <span class='ocrx_word' id='word_1_215' title='bbox 836 2726 976 2795; x_wconf 84' lang='grc' dir='ltr'>ὅρων</span> <span class='ocrx_word' id='word_1_216' title='bbox 1004 2725 1102 2793; x_wconf 84' lang='grc' dir='ltr'><strong>την</strong></span> <span class='ocrx_word' id='word_1_217' title='bbox 1133 2723 1226 2777; x_wconf 87' lang='grc' dir='ltr'><strong>τοῦ</strong></span> <span class='ocrx_word' id='word_1_218' title='bbox 1273 2724 1575 2793; x_wconf 81' lang='grc' dir='ltr'>μυστηρίου</span> <span class='ocrx_word' id='word_1_219' title='bbox 1610 2723 1702 2775; x_wconf 87' lang='grc' dir='ltr'>δύ-</span> 
     </span>
    </p>
   </div>
   <div class='ocr_carea' id='block_1_30' title="bbox 101 2813 1698 2889">
    <p class='ocr_par' dir='ltr' id='par_1_30' title="bbox 101 2813 1698 2889">
     <span class='ocr_line' id='line_1_30' title="bbox 101 2813 1698 2889; baseline 0.008 -20"><span class='ocrx_word' id='word_1_220' title='bbox 101 2836 261 2889; x_wconf 77' lang='grc' dir='ltr'>ναμιν</span> <span class='ocrx_word' id='word_1_221' title='bbox 296 2816 659 2872; x_wconf 78' lang='grc' dir='ltr'>κατακλείειν</span> <span class='ocrx_word' id='word_1_222' title='bbox 703 2815 1032 2885; x_wconf 83' lang='grc' dir='ltr'>ὲπιχειρῶν;</span> <span class='ocrx_word' id='word_1_223' title='bbox 1075 2813 1246 2876; x_wconf 78' lang='grc' dir='ltr'>Αὐτὸς</span> <span class='ocrx_word' id='word_1_224' title='bbox 1294 2833 1311 2863; x_wconf 73' lang='grc' dir='ltr'><strong>ί</strong></span> <span class='ocrx_word' id='word_1_225' title='bbox 1342 2815 1370 2865; x_wconf 76' lang='grc' dir='ltr'>ὁ</span> <span class='ocrx_word' id='word_1_226' title='bbox 1411 2815 1467 2864; x_wconf 65' lang='grc' dir='ltr'><strong>ὲν</strong></span> <span class='ocrx_word' id='word_1_227' title='bbox 1517 2815 1698 2883; x_wconf 79' lang='grc' dir='ltr'>μορφῇ</span> 
     </span>
    </p>
   </div>
   <div class='ocr_carea' id='block_1_31' title="bbox 102 2900 1699 2977">
    <p class='ocr_par' dir='ltr' id='par_1_31' title="bbox 102 2900 1699 2977">
     <span class='ocr_line' id='line_1_31' title="bbox 102 2900 1699 2977; baseline -0.014 -11"><span class='ocrx_word' id='word_1_228' title='bbox 102 2912 191 2965; x_wconf 72' lang='grc' dir='ltr'><strong>τοῦ</strong></span> <span class='ocrx_word' id='word_1_229' title='bbox 220 2909 368 2965; x_wconf 83' lang='grc' dir='ltr'>Θεοῦ</span> <span class='ocrx_word' id='word_1_230' title='bbox 405 2910 504 2962; x_wconf 51' lang='grc' dir='ltr'><strong>καὶ¹</strong></span> <span class='ocrx_word' id='word_1_231' title='bbox 539 2907 754 2977; x_wconf 72' lang='grc' dir='ltr'>Πατρδς</span> <span class='ocrx_word' id='word_1_232' title='bbox 802 2905 1063 2973; x_wconf 83' lang='grc' dir='ltr'>ὑπάρχων</span> <span class='ocrx_word' id='word_1_233' title='bbox 1096 2902 1227 2963; x_wconf 76' lang='grc' dir='ltr'>Θεὸς</span> <span class='ocrx_word' id='word_1_234' title='bbox 1272 2900 1445 2968; x_wconf 83' lang='grc' dir='ltr'>Λόγος</span> <span class='ocrx_word' id='word_1_235' title='bbox 1472 2941 1485 2965; x_wconf 81' lang='grc'><strong>,</strong></span> <span class='ocrx_word' id='word_1_236' title='bbox 1539 2902 1699 2954; x_wconf 81' lang='grc' dir='ltr'>κεκέ-</span> 
     </span>
    </p>
   </div>
   <div class='ocr_carea' id='block_1_32' title="bbox 105 2991 1703 3065">
    <p class='ocr_par' dir='ltr' id='par_1_32' title="bbox 105 2991 1703 3065">
     <span class='ocr_line' id='line_1_32' title="bbox 105 2991 1703 3065; baseline -0.006 -10"><span class='ocrx_word' id='word_1_237' title='bbox 105 3019 272 3055; x_wconf 83' lang='grc' dir='ltr'>νωκεν</span> <span class='ocrx_word' id='word_1_238' title='bbox 321 3000 547 3059; x_wconf 77' lang='grc' dir='ltr'>ἑαυτὸν,</span> <span class='ocrx_word' id='word_1_239' title='bbox 580 2997 796 3065; x_wconf 72' lang='grc' dir='ltr'>μορφὴν</span> <span class='ocrx_word' id='word_1_240' title='bbox 825 2994 1011 3046; x_wconf 86' lang='grc' dir='ltr'>δούλου</span> <span class='ocrx_word' id='word_1_241' title='bbox 1052 2991 1253 3056; x_wconf 74' lang='grc' dir='ltr'>λαϐὼν,</span> <span class='ocrx_word' id='word_1_242' title='bbox 1287 2994 1379 3044; x_wconf 86' lang='grc' dir='ltr'><strong>καὶ</strong></span> <span class='ocrx_word' id='word_1_243' title='bbox 1419 2993 1517 3062; x_wconf 82' lang='grc' dir='ltr'><strong>τὴν</strong></span> <span class='ocrx_word' id='word_1_244' title='bbox 1562 2992 1703 3046; x_wconf 81' lang='grc' dir='ltr'><strong>κατά</strong></span> 
     </span>
    </p>
   </div>
   <div class='ocr_carea' id='block_1_33' title="bbox 1792 547 3368 617">
    <p class='ocr_par' dir='ltr' id='par_1_33' title="bbox 1792 547 3368 617">
     <span class='ocr_line' id='line_1_33' title="bbox 1792 547 3368 617; baseline -0.005 -7"><span class='ocrx_word' id='word_1_245' title='bbox 1792 569 1915 610; x_wconf 91' lang='lat' dir='ltr'><strong>cum</strong></span> <span class='ocrx_word' id='word_1_246' title='bbox 1948 562 2003 610; x_wconf 89' lang='lat' dir='ltr'><strong>et</strong></span> <span class='ocrx_word' id='word_1_247' title='bbox 2031 555 2171 609; x_wconf 85' lang='lat' dir='ltr'><strong>Deus</strong></span> <span class='ocrx_word' id='word_1_248' title='bbox 2199 554 2268 609; x_wconf 89' lang='lat' dir='ltr'><strong>sit</strong></span> <span class='ocrx_word' id='word_1_249' title='bbox 2291 554 2586 608; x_wconf 89' lang='lat' dir='ltr'><strong>secundum</strong></span> <span class='ocrx_word' id='word_1_250' title='bbox 2617 560 2888 614; x_wconf 86' lang='lat' dir='ltr'><strong>naturam,</strong></span> <span class='ocrx_word' id='word_1_251' title='bbox 2916 558 2970 603; x_wconf 91' lang='lat' dir='ltr'><strong>et</strong></span> <span class='ocrx_word' id='word_1_252' title='bbox 3000 548 3130 603; x_wconf 91' lang='lat' dir='ltr'><strong>vita.</strong></span> <span class='ocrx_word' id='word_1_253' title='bbox 3179 547 3368 617; x_wconf 78' lang='lat' dir='ltr'><strong>Itaque</strong></span> 
     </span>
    </p>
   </div>
   <div class='ocr_carea' id='block_1_34' title="bbox 1793 640 3367 713">
    <p class='ocr_par' dir='ltr' id='par_1_34' title="bbox 1793 640 3367 713">
     <span class='ocr_line' id='line_1_34' title="bbox 1793 640 3367 713; baseline -0.005 -12"><span class='ocrx_word' id='word_1_254' title='bbox 1793 646 1983 701; x_wconf 89' lang='lat' dir='ltr'><strong>beatus</strong></span> <span class='ocrx_word' id='word_1_255' title='bbox 2036 644 2228 701; x_wconf 79' lang='lat' dir='ltr'><strong>Petrus</strong></span> <span class='ocrx_word' id='word_1_256' title='bbox 2268 660 2390 699; x_wconf 91' lang='lat' dir='ltr'><strong>cum</strong></span> <span class='ocrx_word' id='word_1_257' title='bbox 2446 642 2715 713; x_wconf 79' lang='lat' dir='ltr'><strong>ejusmodi</strong></span> <span class='ocrx_word' id='word_1_258' title='bbox 2768 640 3011 712; x_wconf 85' lang='lat' dir='ltr'><strong>mysterii</strong></span> <span class='ocrx_word' id='word_1_259' title='bbox 3066 640 3367 695; x_wconf 77' lang='lat' dir='ltr'><strong>doctrinam</strong></span> 
     </span>
    </p>
   </div>
   <div class='ocr_carea' id='block_1_35' title="bbox 1794 730 3370 803">
    <p class='ocr_par' dir='ltr' id='par_1_35' title="bbox 1794 730 3370 803">
     <span class='ocr_line' id='line_1_35' title="bbox 1794 730 3370 803; baseline -0.004 -13"><span class='ocrx_word' id='word_1_260' title='bbox 1794 736 1950 790; x_wconf 88' lang='lat' dir='ltr'><strong>nobis</strong></span> <span class='ocrx_word' id='word_1_261' title='bbox 1972 742 2317 803; x_wconf 86' lang='lat' dir='ltr'><strong>proponeret,</strong></span> <span class='ocrx_word' id='word_1_262' title='bbox 2344 734 2422 789; x_wconf 90' lang='lat' dir='ltr'><strong>sic</strong></span> <span class='ocrx_word' id='word_1_263' title='bbox 2451 733 2563 786; x_wconf 77' lang='lat' dir='ltr'><strong>fere</strong></span> <span class='ocrx_word' id='word_1_264' title='bbox 2590 733 2658 787; x_wconf 90' lang='lat' dir='ltr'><strong>de</strong></span> <span class='ocrx_word' id='word_1_265' title='bbox 2681 732 2770 785; x_wconf 93' lang='lat' dir='ltr'><strong>illo</strong></span> <span class='ocrx_word' id='word_1_266' title='bbox 2794 732 2847 785; x_wconf 89' lang='lat' dir='ltr'><strong>in</strong></span> <span class='ocrx_word' id='word_1_267' title='bbox 2873 746 2993 786; x_wconf 93' lang='lat' dir='ltr'><strong>eum</strong></span> <span class='ocrx_word' id='word_1_268' title='bbox 3023 730 3370 785; x_wconf 77' lang='lat' dir='ltr'><strong>credentibus</strong></span> 
     </span>
    </p>
   </div>
   <div class='ocr_carea' id='block_1_36' title="bbox 1795 820 3367 892">
    <p class='ocr_par' dir='ltr' id='par_1_36' title="bbox 1795 820 3367 892">
     <span class='ocr_line' id='line_1_36' title="bbox 1795 820 3367 892; baseline -0.004 -11"><span class='ocrx_word' id='word_1_269' title='bbox 1795 828 1923 881; x_wconf 81' lang='lat' dir='ltr'><strong>dicit</strong></span> <span class='ocrx_word' id='word_1_270' title='bbox 1953 842 1968 882; x_wconf 90' lang='lat'><strong>:</strong></span> <span class='ocrx_word' id='word_1_271' title='bbox 2004 845 2023 877; x_wconf 76' lang='grc' dir='ltr'><strong>ι</strong></span> <span class='ocrx_word' id='word_1_272' title='bbox 2059 826 2229 892; x_wconf 88' lang='lat' dir='ltr'><strong>Quem</strong></span> <span class='ocrx_word' id='word_1_273' title='bbox 2266 840 2387 879; x_wconf 90' lang='lat' dir='ltr'><strong>cum</strong></span> <span class='ocrx_word' id='word_1_274' title='bbox 2419 838 2525 878; x_wconf 89' lang='lat' dir='ltr'><strong>non</strong></span> <span class='ocrx_word' id='word_1_275' title='bbox 2557 822 2800 877; x_wconf 87' lang='lat' dir='ltr'><strong>videritis</strong></span> <span class='ocrx_word' id='word_1_276' title='bbox 2833 820 3073 891; x_wconf 85' lang='lat' dir='ltr'><strong>diligitis,</strong></span> <span class='ocrx_word' id='word_1_277' title='bbox 3120 822 3174 874; x_wconf 91' lang='lat' dir='ltr'><strong>in</strong></span> <span class='ocrx_word' id='word_1_278' title='bbox 3206 836 3367 891; x_wconf 87' lang='lat' dir='ltr'><strong>quem</strong></span> 
     </span>
    </p>
   </div>
   <div class='ocr_carea' id='block_1_37' title="bbox 1795 913 3371 987">
    <p class='ocr_par' dir='ltr' id='par_1_37' title="bbox 1795 913 3371 987">
     <span class='ocr_line' id='line_1_37' title="bbox 1795 913 3371 987; baseline -0.004 -16"><span class='ocrx_word' id='word_1_279' title='bbox 1795 933 1938 973; x_wconf 89' lang='lat' dir='ltr'><strong>nunc</strong></span> <span class='ocrx_word' id='word_1_280' title='bbox 1979 932 2195 987; x_wconf 87' lang='lat' dir='ltr'><strong>quoque</strong></span> <span class='ocrx_word' id='word_1_281' title='bbox 2231 932 2335 971; x_wconf 89' lang='lat' dir='ltr'><strong>non</strong></span> <span class='ocrx_word' id='word_1_282' title='bbox 2382 917 2623 970; x_wconf 84' lang='lat' dir='ltr'><strong>videntes</strong></span> <span class='ocrx_word' id='word_1_283' title='bbox 2658 913 2879 968; x_wconf 87' lang='lat' dir='ltr'><strong>creditis</strong></span> <span class='ocrx_word' id='word_1_284' title='bbox 2904 954 2919 978; x_wconf 97' lang='lat'><strong>,</strong></span> <span class='ocrx_word' id='word_1_285' title='bbox 2945 915 3231 966; x_wconf 85' lang='lat' dir='ltr'><strong>credentes</strong></span> <span class='ocrx_word' id='word_1_286' title='bbox 3272 926 3371 965; x_wconf 82' lang='lat' dir='ltr'><strong>au-</strong></span> 
     </span>
    </p>
   </div>
   <div class='ocr_carea' id='block_1_38' title="bbox 1798 1002 3369 1076">
    <p class='ocr_par' dir='ltr' id='par_1_38' title="bbox 1798 1002 3369 1076">
     <span class='ocr_line' id='line_1_38' title="bbox 1798 1002 3369 1076; baseline -0.004 -12"><span class='ocrx_word' id='word_1_287' title='bbox 1798 1019 1902 1064; x_wconf 91' lang='lat' dir='ltr'><strong>tem</strong></span> <span class='ocrx_word' id='word_1_288' title='bbox 1952 1009 2237 1063; x_wconf 85' lang='lat' dir='ltr'><strong>exsultatis</strong></span> <span class='ocrx_word' id='word_1_289' title='bbox 2279 1008 2461 1062; x_wconf 55' lang='lat' dir='ltr'><strong>laetitia</strong></span> <span class='ocrx_word' id='word_1_290' title='bbox 2514 1005 2859 1060; x_wconf 83' lang='lat' dir='ltr'><strong>inenarrabili</strong></span> <span class='ocrx_word' id='word_1_291' title='bbox 2899 1004 3055 1076; x_wconf 66' lang='grc'><strong>142</strong></span> <span class='ocrx_word' id='word_1_292' title='bbox 3083 1013 3138 1057; x_wconf 92' lang='lat' dir='ltr'><strong>et</strong></span> <span class='ocrx_word' id='word_1_293' title='bbox 3169 1002 3369 1073; x_wconf 82' lang='lat' dir='ltr'><strong>gloriﬁ-</strong></span> 
     </span>
    </p>
   </div>
   <div class='ocr_carea' id='block_1_39' title="bbox 1796 1096 3371 1168">
    <p class='ocr_par' dir='ltr' id='par_1_39' title="bbox 1796 1096 3371 1168">
     <span class='ocr_line' id='line_1_39' title="bbox 1796 1096 3371 1168; baseline -0.005 -13"><span class='ocrx_word' id='word_1_294' title='bbox 1796 1109 1940 1162; x_wconf 87' lang='lat' dir='ltr'><strong>cata,</strong></span> <span class='ocrx_word' id='word_1_295' title='bbox 1972 1108 2311 1168; x_wconf 88' lang='lat' dir='ltr'><strong>reportantes</strong></span> <span class='ocrx_word' id='word_1_296' title='bbox 2340 1100 2499 1153; x_wconf 86' lang='lat' dir='ltr'><strong>linem</strong></span> <span class='ocrx_word' id='word_1_297' title='bbox 2530 1098 2649 1151; x_wconf 83' lang='lat' dir='ltr'><strong>lidci</strong></span> <span class='ocrx_word' id='word_1_298' title='bbox 2679 1108 2891 1160; x_wconf 62' lang='lat' dir='ltr'><strong>vestrm,</strong></span> <span class='ocrx_word' id='word_1_299' title='bbox 2920 1097 3145 1150; x_wconf 85' lang='lat' dir='ltr'><strong>salutem</strong></span> <span class='ocrx_word' id='word_1_300' title='bbox 3172 1096 3371 1148; x_wconf 85' lang='lat' dir='ltr'><strong>anima-</strong></span> 
     </span>
    </p>
   </div>
   <div class='ocr_carea' id='block_1_40' title="bbox 1797 1187 3373 1256">
    <p class='ocr_par' dir='ltr' id='par_1_40' title="bbox 1797 1187 3373 1256">
     <span class='ocr_line' id='line_1_40' title="bbox 1797 1187 3373 1256; baseline -0.003 -14"><span class='ocrx_word' id='word_1_301' title='bbox 1797 1204 1916 1242; x_wconf 86' lang='lat' dir='ltr'><strong>rum</strong></span> <span class='ocrx_word' id='word_1_302' title='bbox 1952 1197 2273 1242; x_wconf 87' lang='lat' dir='ltr'><strong>vestrarum.</strong></span> <span class='ocrx_word' id='word_1_303' title='bbox 2331 1188 2404 1241; x_wconf 91' lang='lat' dir='ltr'><strong>De</strong></span> <span class='ocrx_word' id='word_1_304' title='bbox 2429 1202 2530 1256; x_wconf 89' lang='lat' dir='ltr'><strong>qua</strong></span> <span class='ocrx_word' id='word_1_305' title='bbox 2557 1187 2784 1242; x_wconf 85' lang='lat' dir='ltr'><strong>salutem</strong></span> <span class='ocrx_word' id='word_1_306' title='bbox 2813 1187 3186 1255; x_wconf 77' lang='lat' dir='ltr'><strong>exquisierunt</strong></span> <span class='ocrx_word' id='word_1_307' title='bbox 3210 1194 3373 1252; x_wconf 88' lang='lat' dir='ltr'><strong>atque</strong></span> 
     </span>
    </p>
   </div>
   <div class='ocr_carea' id='block_1_41' title="bbox 1797 1273 3373 1347">
    <p class='ocr_par' dir='ltr' id='par_1_41' title="bbox 1797 1273 3373 1347">
     <span class='ocr_line' id='line_1_41' title="bbox 1797 1273 3373 1347; baseline -0.004 -13"><span class='ocrx_word' id='word_1_308' title='bbox 1797 1279 2022 1334; x_wconf 88' lang='lat' dir='ltr'><strong>scrutati</strong></span> <span class='ocrx_word' id='word_1_309' title='bbox 2085 1287 2211 1332; x_wconf 90' lang='lat' dir='ltr'><strong>sunt</strong></span> <span class='ocrx_word' id='word_1_310' title='bbox 2267 1280 2580 1347; x_wconf 67' lang='lat' dir='ltr'><strong>prophetae.</strong></span> <span class='ocrx_word' id='word_1_311' title='bbox 2616 1276 2706 1346; x_wconf 91' lang='lat' dir='ltr'><strong>qui</strong></span> <span class='ocrx_word' id='word_1_312' title='bbox 2755 1276 2821 1331; x_wconf 90' lang='lat' dir='ltr'><strong>de</strong></span> <span class='ocrx_word' id='word_1_313' title='bbox 2882 1276 3059 1329; x_wconf 79' lang='lat' dir='ltr'><strong>futura</strong></span> <span class='ocrx_word' id='word_1_314' title='bbox 3115 1277 3169 1328; x_wconf 90' lang='lat' dir='ltr'><strong>in</strong></span> <span class='ocrx_word' id='word_1_315' title='bbox 3220 1273 3373 1328; x_wconf 82' lang='lat' dir='ltr'><strong>vobis</strong></span> 
     </span>
    </p>
   </div>
   <div class='ocr_carea' id='block_1_42' title="bbox 1798 1364 3373 1439">
    <p class='ocr_par' dir='ltr' id='par_1_42' title="bbox 1798 1364 3373 1439">
     <span class='ocr_line' id='line_1_42' title="bbox 1798 1364 3373 1439; baseline -0.003 -17"><span class='ocrx_word' id='word_1_316' title='bbox 1798 1370 1968 1439; x_wconf 89' lang='lat' dir='ltr'><strong>gratia</strong></span> <span class='ocrx_word' id='word_1_317' title='bbox 2032 1370 2496 1439; x_wconf 89' lang='lat' dir='ltr'><strong>prophetaveruut</strong></span> <span class='ocrx_word' id='word_1_318' title='bbox 2544 1385 2558 1433; x_wconf 88' lang='lat'><strong>;</strong></span> <span class='ocrx_word' id='word_1_319' title='bbox 2614 1376 2916 1423; x_wconf 84' lang='lat' dir='ltr'><strong>scrutantes</strong></span> <span class='ocrx_word' id='word_1_320' title='bbox 2967 1366 3021 1419; x_wconf 90' lang='lat' dir='ltr'><strong>in</strong></span> <span class='ocrx_word' id='word_1_321' title='bbox 3077 1364 3222 1434; x_wconf 89' lang='lat' dir='ltr'><strong>quod</strong></span> <span class='ocrx_word' id='word_1_322' title='bbox 3288 1364 3373 1419; x_wconf 89' lang='lat' dir='ltr'><strong>vel</strong></span> 
     </span>
    </p>
   </div>
   <div class='ocr_carea' id='block_1_43' title="bbox 1796 1454 3372 1527">
    <p class='ocr_par' dir='ltr' id='par_1_43' title="bbox 1796 1454 3372 1527">
     <span class='ocr_line' id='line_1_43' title="bbox 1796 1454 3372 1527; baseline -0.003 -16"><span class='ocrx_word' id='word_1_323' title='bbox 1796 1459 1955 1526; x_wconf 88' lang='lat' dir='ltr'><strong>quale</strong></span> <span class='ocrx_word' id='word_1_324' title='bbox 2002 1466 2212 1527; x_wconf 87' lang='lat' dir='ltr'><strong>tempus</strong></span> <span class='ocrx_word' id='word_1_325' title='bbox 2262 1456 2594 1526; x_wconf 86' lang='lat' dir='ltr'><strong>signiﬁcaret</strong></span> <span class='ocrx_word' id='word_1_326' title='bbox 2640 1457 2691 1510; x_wconf 91' lang='lat' dir='ltr'><strong>in</strong></span> <span class='ocrx_word' id='word_1_327' title='bbox 2733 1456 2813 1510; x_wconf 90' lang='lat' dir='ltr'><strong>eis</strong></span> <span class='ocrx_word' id='word_1_328' title='bbox 2858 1454 3091 1523; x_wconf 86' lang='lat' dir='ltr'><strong>Spiritus</strong></span> <span class='ocrx_word' id='word_1_329' title='bbox 3145 1454 3372 1518; x_wconf 87' lang='lat' dir='ltr'><strong>Christi,</strong></span> 
     </span>
    </p>
   </div>
   <div class='ocr_carea' id='block_1_44' title="bbox 1797 1546 3375 1617">
    <p class='ocr_par' dir='ltr' id='par_1_44' title="bbox 1797 1546 3375 1617">
     <span class='ocr_line' id='line_1_44' title="bbox 1797 1546 3375 1617; baseline -0.001 -17"><span class='ocrx_word' id='word_1_330' title='bbox 1797 1548 2169 1614; x_wconf 77' lang='lat' dir='ltr'><strong>praenuntiam</strong></span> <span class='ocrx_word' id='word_1_331' title='bbox 2208 1562 2268 1601; x_wconf 90' lang='lat' dir='ltr'><strong>ea</strong></span> <span class='ocrx_word' id='word_1_332' title='bbox 2304 1562 2423 1617; x_wconf 87' lang='lat' dir='ltr'><strong>quae</strong></span> <span class='ocrx_word' id='word_1_333' title='bbox 2453 1547 2504 1600; x_wconf 93' lang='lat' dir='ltr'><strong>in</strong></span> <span class='ocrx_word' id='word_1_334' title='bbox 2557 1546 2773 1600; x_wconf 88' lang='lat' dir='ltr'><strong>Christo</strong></span> <span class='ocrx_word' id='word_1_335' title='bbox 2819 1556 2952 1601; x_wconf 91' lang='lat' dir='ltr'><strong>sunt</strong></span> <span class='ocrx_word' id='word_1_336' title='bbox 2997 1547 3276 1615; x_wconf 89' lang='lat' dir='ltr'><strong>passiones</strong></span> <span class='ocrx_word' id='word_1_337' title='bbox 3319 1552 3375 1599; x_wconf 92' lang='lat' dir='ltr'><strong>et</strong></span> 
     </span>
    </p>
   </div>
   <div class='ocr_carea' id='block_1_45' title="bbox 1798 1637 3373 1708">
    <p class='ocr_par' dir='ltr' id='par_1_45' title="bbox 1798 1637 3373 1708">
     <span class='ocr_line' id='line_1_45' title="bbox 1798 1637 3373 1708; baseline -0.001 -18"><span class='ocrx_word' id='word_1_338' title='bbox 1798 1640 2126 1706; x_wconf 87' lang='lat' dir='ltr'><strong>posteriores</strong></span> <span class='ocrx_word' id='word_1_339' title='bbox 2150 1638 2347 1708; x_wconf 78' lang='lat' dir='ltr'><strong>glorias</strong></span> <span class='ocrx_word' id='word_1_340' title='bbox 2382 1655 2397 1705; x_wconf 88' lang='lat'><strong>;</strong></span> <span class='ocrx_word' id='word_1_341' title='bbox 2430 1637 2623 1706; x_wconf 87' lang='lat' dir='ltr'><strong>quibus</strong></span> <span class='ocrx_word' id='word_1_342' title='bbox 2656 1637 2950 1690; x_wconf 91' lang='lat' dir='ltr'><strong>revelatum</strong></span> <span class='ocrx_word' id='word_1_343' title='bbox 2982 1647 3084 1702; x_wconf 90' lang='lat' dir='ltr'><strong>est,</strong></span> <span class='ocrx_word' id='word_1_344' title='bbox 3113 1637 3237 1705; x_wconf 90' lang='lat' dir='ltr'><strong>quia</strong></span> <span class='ocrx_word' id='word_1_345' title='bbox 3267 1650 3373 1690; x_wconf 87' lang='lat' dir='ltr'><strong>non</strong></span> 
     </span>
    </p>
   </div>
   <div class='ocr_carea' id='block_1_46' title="bbox 1798 1726 3374 1794">
    <p class='ocr_par' dir='ltr' id='par_1_46' title="bbox 1798 1726 3374 1794">
     <span class='ocr_line' id='line_1_46' title="bbox 1798 1726 3374 1794; baseline 0.001 -16"><span class='ocrx_word' id='word_1_346' title='bbox 1798 1726 2170 1794; x_wconf 88' lang='lat' dir='ltr'><strong>sibimetipsis,</strong></span> <span class='ocrx_word' id='word_1_347' title='bbox 2198 1726 2355 1780; x_wconf 89' lang='lat' dir='ltr'><strong>nobis</strong></span> <span class='ocrx_word' id='word_1_348' title='bbox 2381 1735 2556 1780; x_wconf 90' lang='lat' dir='ltr'><strong>autem</strong></span> <span class='ocrx_word' id='word_1_349' title='bbox 2591 1726 2969 1779; x_wconf 87' lang='lat' dir='ltr'><strong>ministrabant</strong></span> <span class='ocrx_word' id='word_1_350' title='bbox 2997 1739 3058 1778; x_wconf 92' lang='lat' dir='ltr'><strong>ea</strong></span> <span class='ocrx_word' id='word_1_351' title='bbox 3085 1740 3205 1794; x_wconf 61' lang='lat' dir='ltr'><strong>quae</strong></span> <span class='ocrx_word' id='word_1_352' title='bbox 3230 1740 3374 1779; x_wconf 90' lang='lat' dir='ltr'><strong>nunc</strong></span> 
     </span>
    </p>
   </div>
   <div class='ocr_carea' id='block_1_47' title="bbox 1800 1816 3376 1885">
    <p class='ocr_par' dir='ltr' id='par_1_47' title="bbox 1800 1816 3376 1885">
     <span class='ocr_line' id='line_1_47' title="bbox 1800 1816 3376 1885; baseline -0.001 -14"><span class='ocrx_word' id='word_1_353' title='bbox 1800 1816 1952 1871; x_wconf 81' lang='lat' dir='ltr'><strong>vobis</strong></span> <span class='ocrx_word' id='word_1_354' title='bbox 2005 1817 2247 1870; x_wconf 88' lang='lat' dir='ltr'><strong>nuntiata</strong></span> <span class='ocrx_word' id='word_1_355' title='bbox 2281 1824 2405 1870; x_wconf 92' lang='lat' dir='ltr'><strong>sunt</strong></span> <span class='ocrx_word' id='word_1_356' title='bbox 2439 1831 2537 1883; x_wconf 86' lang='lat' dir='ltr'><strong>per</strong></span> <span class='ocrx_word' id='word_1_357' title='bbox 2583 1830 2678 1871; x_wconf 91' lang='lat' dir='ltr'><strong>eos</strong></span> <span class='ocrx_word' id='word_1_358' title='bbox 2732 1816 2820 1884; x_wconf 88' lang='lat' dir='ltr'><strong>qui</strong></span> <span class='ocrx_word' id='word_1_359' title='bbox 2858 1816 3376 1885; x_wconf 87' lang='lat' dir='ltr'><strong>evangelizaverunt</strong></span> 
     </span>
    </p>
   </div>
   <div class='ocr_carea' id='block_1_48' title="bbox 1799 1905 3374 1977">
    <p class='ocr_par' dir='ltr' id='par_1_48' title="bbox 1799 1905 3374 1977">
     <span class='ocr_line' id='line_1_48' title="bbox 1799 1905 3374 1977; baseline 0 -16"><span class='ocrx_word' id='word_1_360' title='bbox 1799 1907 1953 1962; x_wconf 86' lang='lat' dir='ltr'><strong>vobis</strong></span> <span class='ocrx_word' id='word_1_361' title='bbox 1982 1906 2183 1977; x_wconf 86' lang='lat' dir='ltr'><strong>Spiritu</strong></span> <span class='ocrx_word' id='word_1_362' title='bbox 2218 1916 2404 1961; x_wconf 89' lang='lat' dir='ltr'><strong>sancto</strong></span> <span class='ocrx_word' id='word_1_363' title='bbox 2439 1908 2605 1961; x_wconf 91' lang='lat' dir='ltr'><strong>misso</strong></span> <span class='ocrx_word' id='word_1_364' title='bbox 2631 1907 2696 1961; x_wconf 91' lang='lat' dir='ltr'><strong>de</strong></span> <span class='ocrx_word' id='word_1_365' title='bbox 2728 1906 2887 1971; x_wconf 78' lang='lat' dir='ltr'><strong>ctelo,</strong></span> <span class='ocrx_word' id='word_1_366' title='bbox 2913 1907 2965 1960; x_wconf 92' lang='lat' dir='ltr'><strong>in</strong></span> <span class='ocrx_word' id='word_1_367' title='bbox 3001 1922 3122 1975; x_wconf 67' lang='lat' dir='ltr'><strong>quae</strong></span> <span class='ocrx_word' id='word_1_368' title='bbox 3158 1905 3374 1962; x_wconf 84' lang='lat' dir='ltr'><strong>deside-</strong></span> 
     </span>
    </p>
   </div>
   <div class='ocr_carea' id='block_1_49' title="bbox 1800 1996 3377 2069">
    <p class='ocr_par' dir='ltr' id='par_1_49' title="bbox 1800 1996 3377 2069">
     <span class='ocr_line' id='line_1_49' title="bbox 1800 1996 3377 2069; baseline 0.001 -17"><span class='ocrx_word' id='word_1_369' title='bbox 1800 2008 1921 2052; x_wconf 87' lang='lat' dir='ltr'><strong>rant</strong></span> <span class='ocrx_word' id='word_1_370' title='bbox 1944 1999 2116 2069; x_wconf 85' lang='lat' dir='ltr'><strong>angeli</strong></span> <span class='ocrx_word' id='word_1_371' title='bbox 2149 1999 2456 2067; x_wconf 89' lang='lat' dir='ltr'><strong>prospicere</strong></span> <span class='ocrx_word' id='word_1_372' title='bbox 2482 1996 2545 2049; x_wconf 81' lang='lat'><strong>”.</strong></span> <span class='ocrx_word' id='word_1_373' title='bbox 2591 2015 2609 2047; x_wconf 73' lang='grc' dir='ltr'><strong>ι</strong></span> <span class='ocrx_word' id='word_1_374' title='bbox 2642 1998 2809 2049; x_wconf 88' lang='lat' dir='ltr'><strong>Audis</strong></span> <span class='ocrx_word' id='word_1_375' title='bbox 2835 2007 2887 2049; x_wconf 92' lang='lat' dir='ltr'><strong>ut</strong></span> <span class='ocrx_word' id='word_1_376' title='bbox 2919 1998 3151 2066; x_wconf 89' lang='lat' dir='ltr'><strong>Spiritus</strong></span> <span class='ocrx_word' id='word_1_377' title='bbox 3171 1998 3377 2053; x_wconf 86' lang='lat' dir='ltr'><strong>Christi</strong></span> 
     </span>
    </p>
   </div>
   <div class='ocr_carea' id='block_1_50' title="bbox 1802 2088 3379 2159">
    <p class='ocr_par' dir='ltr' id='par_1_50' title="bbox 1802 2088 3379 2159">
     <span class='ocr_line' id='line_1_50' title="bbox 1802 2088 3379 2159; baseline 0 -16"><span class='ocrx_word' id='word_1_378' title='bbox 1802 2090 1853 2143; x_wconf 93' lang='lat' dir='ltr'><strong>in</strong></span> <span class='ocrx_word' id='word_1_379' title='bbox 1897 2090 2095 2144; x_wconf 90' lang='lat' dir='ltr'><strong>sanctis</strong></span> <span class='ocrx_word' id='word_1_380' title='bbox 2144 2090 2419 2159; x_wconf 85' lang='lat' dir='ltr'><strong>prephetis</strong></span> <span class='ocrx_word' id='word_1_381' title='bbox 2466 2090 2660 2152; x_wconf 81' lang='lat' dir='ltr'><strong>fuerit,</strong></span> <span class='ocrx_word' id='word_1_382' title='bbox 2696 2097 2860 2157; x_wconf 89' lang='lat' dir='ltr'><strong>utque</strong></span> <span class='ocrx_word' id='word_1_383' title='bbox 2903 2088 2976 2142; x_wconf 91' lang='lat' dir='ltr'><strong>illi</strong></span> <span class='ocrx_word' id='word_1_384' title='bbox 3026 2088 3379 2157; x_wconf 67' lang='lat' dir='ltr'><strong>praedixerint</strong></span> 
     </span>
    </p>
   </div>
   <div class='ocr_carea' id='block_1_51' title="bbox 1799 2178 3377 2250">
    <p class='ocr_par' dir='ltr' id='par_1_51' title="bbox 1799 2178 3377 2250">
     <span class='ocr_line' id='line_1_51' title="bbox 1799 2178 3377 2250; baseline -0.001 -15"><span class='ocrx_word' id='word_1_385' title='bbox 1799 2194 1893 2235; x_wconf 86' lang='lat' dir='ltr'><strong>eas</strong></span> <span class='ocrx_word' id='word_1_386' title='bbox 1946 2195 2063 2250; x_wconf 82' lang='lat' dir='ltr'><strong>quae</strong></span> <span class='ocrx_word' id='word_1_387' title='bbox 2093 2179 2145 2233; x_wconf 92' lang='lat' dir='ltr'><strong>in</strong></span> <span class='ocrx_word' id='word_1_388' title='bbox 2192 2178 2408 2234; x_wconf 84' lang='lat' dir='ltr'><strong>Christo</strong></span> <span class='ocrx_word' id='word_1_389' title='bbox 2461 2187 2587 2234; x_wconf 91' lang='lat' dir='ltr'><strong>sunt</strong></span> <span class='ocrx_word' id='word_1_390' title='bbox 2644 2179 2925 2249; x_wconf 88' lang='lat' dir='ltr'><strong>passiones</strong></span> <span class='ocrx_word' id='word_1_391' title='bbox 2951 2188 3007 2233; x_wconf 91' lang='lat' dir='ltr'><strong>et</strong></span> <span class='ocrx_word' id='word_1_392' title='bbox 3043 2179 3377 2247; x_wconf 89' lang='lat' dir='ltr'><strong>posteriores</strong></span> 
     </span>
    </p>
   </div>
   <div class='ocr_carea' id='block_1_52' title="bbox 1799 2268 3377 2340">
    <p class='ocr_par' dir='ltr' id='par_1_52' title="bbox 1799 2268 3377 2340">
     <span class='ocr_line' id='line_1_52' title="bbox 1799 2268 3377 2340; baseline 0.001 -17"><span class='ocrx_word' id='word_1_393' title='bbox 1799 2270 1999 2340; x_wconf 78' lang='lat' dir='ltr'><strong>glorias</strong></span> <span class='ocrx_word' id='word_1_394' title='bbox 2032 2271 2053 2322; x_wconf 90' lang='lat'><strong>?</strong></span> <span class='ocrx_word' id='word_1_395' title='bbox 2083 2268 2234 2324; x_wconf 85' lang='lat' dir='ltr'><strong>Itane</strong></span> <span class='ocrx_word' id='word_1_396' title='bbox 2266 2270 2417 2338; x_wconf 91' lang='lat' dir='ltr'><strong>quasi</strong></span> <span class='ocrx_word' id='word_1_397' title='bbox 2447 2269 2718 2324; x_wconf 89' lang='lat' dir='ltr'><strong>hominem</strong></span> <span class='ocrx_word' id='word_1_398' title='bbox 2757 2270 3054 2339; x_wconf 89' lang='lat' dir='ltr'><strong>simplicem</strong></span> <span class='ocrx_word' id='word_1_399' title='bbox 3096 2286 3195 2339; x_wconf 92' lang='lat' dir='ltr'><strong>pro</strong></span> <span class='ocrx_word' id='word_1_400' title='bbox 3222 2271 3377 2325; x_wconf 91' lang='lat' dir='ltr'><strong>nobis</strong></span> 
     </span>
    </p>
   </div>
   <div class='ocr_carea' id='block_1_53' title="bbox 1800 2361 3378 2433">
    <p class='ocr_par' dir='ltr' id='par_1_53' title="bbox 1800 2361 3378 2433">
     <span class='ocr_line' id='line_1_53' title="bbox 1800 2361 3378 2433; baseline 0.003 -20"><span class='ocrx_word' id='word_1_401' title='bbox 1800 2377 2015 2430; x_wconf 84' lang='lat' dir='ltr'><strong>passum</strong></span> <span class='ocrx_word' id='word_1_402' title='bbox 2041 2362 2157 2416; x_wconf 91' lang='lat' dir='ltr'><strong>orbi</strong></span> <span class='ocrx_word' id='word_1_403' title='bbox 2199 2361 2553 2429; x_wconf 83' lang='lat' dir='ltr'><strong>praedicarent</strong></span> <span class='ocrx_word' id='word_1_404' title='bbox 2580 2362 2604 2414; x_wconf 80' lang='lat'><strong>?</strong></span> <span class='ocrx_word' id='word_1_405' title='bbox 2630 2362 2787 2429; x_wconf 90' lang='lat' dir='ltr'><strong>idque</strong></span> <span class='ocrx_word' id='word_1_406' title='bbox 2820 2372 2904 2416; x_wconf 90' lang='lat' dir='ltr'><strong>est</strong></span> <span class='ocrx_word' id='word_1_407' title='bbox 2930 2363 3245 2433; x_wconf 81' lang='lat' dir='ltr'><strong>mysterium</strong></span> <span class='ocrx_word' id='word_1_408' title='bbox 3278 2377 3378 2432; x_wconf 91' lang='lat' dir='ltr'><strong>per</strong></span> 
     </span>
    </p>
   </div>
   <div class='ocr_carea' id='block_1_54' title="bbox 1802 2452 3377 2522">
    <p class='ocr_par' dir='ltr' id='par_1_54' title="bbox 1802 2452 3377 2522">
     <span class='ocr_line' id='line_1_54' title="bbox 1802 2452 3377 2522; baseline 0.001 -17"><span class='ocrx_word' id='word_1_409' title='bbox 1802 2462 2019 2505; x_wconf 83' lang='lat' dir='ltr'><strong>sanctos</strong></span> <span class='ocrx_word' id='word_1_410' title='bbox 2065 2452 2333 2519; x_wconf 90' lang='lat' dir='ltr'><strong>apostolos</strong></span> <span class='ocrx_word' id='word_1_411' title='bbox 2364 2459 2418 2505; x_wconf 91' lang='lat' dir='ltr'><strong>et</strong></span> <span class='ocrx_word' id='word_1_412' title='bbox 2451 2452 2808 2522; x_wconf 85' lang='lat' dir='ltr'><strong>evangelistas</strong></span> <span class='ocrx_word' id='word_1_413' title='bbox 2833 2452 2886 2506; x_wconf 90' lang='lat' dir='ltr'><strong>in</strong></span> <span class='ocrx_word' id='word_1_414' title='bbox 2918 2452 3023 2508; x_wconf 82' lang='lat' dir='ltr'><strong>ﬁde</strong></span> <span class='ocrx_word' id='word_1_415' title='bbox 3067 2454 3249 2508; x_wconf 88' lang='lat' dir='ltr'><strong>datum</strong></span> <span class='ocrx_word' id='word_1_416' title='bbox 3270 2494 3285 2517; x_wconf 88' lang='lat'><strong>,</strong></span> <span class='ocrx_word' id='word_1_417' title='bbox 3317 2463 3377 2508; x_wconf 89' lang='lat' dir='ltr'><strong>et</strong></span> 
     </span>
    </p>
   </div>
   <div class='ocr_carea' id='block_1_55' title="bbox 1803 2541 3377 2613">
    <p class='ocr_par' dir='ltr' id='par_1_55' title="bbox 1803 2541 3377 2613">
     <span class='ocr_line' id='line_1_55' title="bbox 1803 2541 3377 2613; baseline 0.001 -18"><span class='ocrx_word' id='word_1_418' title='bbox 1803 2542 1855 2595; x_wconf 92' lang='lat' dir='ltr'><strong>iu</strong></span> <span class='ocrx_word' id='word_1_419' title='bbox 1884 2543 2017 2605; x_wconf 66' lang='lat' dir='ltr'><strong>haec,</strong></span> <span class='ocrx_word' id='word_1_420' title='bbox 2044 2542 2215 2610; x_wconf 84' lang='lat' dir='ltr'><strong>inquit</strong></span> <span class='ocrx_word' id='word_1_421' title='bbox 2246 2541 2554 2595; x_wconf 90' lang='lat' dir='ltr'><strong>desiderare</strong></span> <span class='ocrx_word' id='word_1_422' title='bbox 2576 2541 2791 2610; x_wconf 77' lang='lat' dir='ltr'><strong>angelos</strong></span> <span class='ocrx_word' id='word_1_423' title='bbox 2820 2543 3129 2613; x_wconf 81' lang='lat' dir='ltr'><strong>prOSpicere</strong></span> <span class='ocrx_word' id='word_1_424' title='bbox 3153 2545 3177 2596; x_wconf 90' lang='lat'><strong>?</strong></span> <span class='ocrx_word' id='word_1_425' title='bbox 3209 2543 3377 2613; x_wconf 85' lang='lat' dir='ltr'><strong>Atqui</strong></span> 
     </span>
    </p>
   </div>
   <div class='ocr_carea' id='block_1_56' title="bbox 1802 2631 3378 2704">
    <p class='ocr_par' dir='ltr' id='par_1_56' title="bbox 1802 2631 3378 2704">
     <span class='ocr_line' id='line_1_56' title="bbox 1802 2631 3378 2704; baseline 0.003 -21"><span class='ocrx_word' id='word_1_426' title='bbox 1802 2633 2069 2698; x_wconf 88' lang='lat' dir='ltr'><strong>quomodo</strong></span> <span class='ocrx_word' id='word_1_427' title='bbox 2094 2646 2197 2684; x_wconf 88' lang='lat' dir='ltr'><strong>non</strong></span> <span class='ocrx_word' id='word_1_428' title='bbox 2238 2631 2308 2684; x_wconf 90' lang='lat' dir='ltr'><strong>sit</strong></span> <span class='ocrx_word' id='word_1_429' title='bbox 2335 2632 2690 2697; x_wconf 86' lang='lat' dir='ltr'><strong>repudiandus</strong></span> <span class='ocrx_word' id='word_1_430' title='bbox 2716 2632 2806 2701; x_wconf 91' lang='lat' dir='ltr'><strong>qui</strong></span> <span class='ocrx_word' id='word_1_431' title='bbox 2842 2633 2947 2686; x_wconf 92' lang='lat' dir='ltr'><strong>vim</strong></span> <span class='ocrx_word' id='word_1_432' title='bbox 2996 2633 3130 2687; x_wconf 89' lang='lat' dir='ltr'><strong>tanti</strong></span> <span class='ocrx_word' id='word_1_433' title='bbox 3176 2643 3378 2704; x_wconf 83' lang='lat' dir='ltr'><strong>mystc-</strong></span> 
     </span>
    </p>
   </div>
   <div class='ocr_carea' id='block_1_57' title="bbox 1804 2720 3380 2779">
    <p class='ocr_par' dir='ltr' id='par_1_57' title="bbox 1804 2720 3380 2779">
     <span class='ocr_line' id='line_1_57' title="bbox 1804 2720 3380 2779; baseline 0.004 -6"><span class='ocrx_word' id='word_1_434' title='bbox 1804 2722 1865 2773; x_wconf 91' lang='lat' dir='ltr'><strong>rii</strong></span> <span class='ocrx_word' id='word_1_435' title='bbox 1887 2720 1939 2774; x_wconf 91' lang='lat' dir='ltr'><strong>in</strong></span> <span class='ocrx_word' id='word_1_436' title='bbox 1963 2720 2092 2775; x_wconf 90' lang='lat' dir='ltr'><strong>solis</strong></span> <span class='ocrx_word' id='word_1_437' title='bbox 2117 2720 2469 2774; x_wconf 81' lang='lat' dir='ltr'><strong>humanitatis</strong></span> <span class='ocrx_word' id='word_1_438' title='bbox 2492 2721 2738 2776; x_wconf 89' lang='lat' dir='ltr'><strong>terminis</strong></span> <span class='ocrx_word' id='word_1_439' title='bbox 2766 2722 3089 2778; x_wconf 87' lang='lat' dir='ltr'><strong>concludere</strong></span> <span class='ocrx_word' id='word_1_440' title='bbox 3110 2724 3380 2779; x_wconf 75' lang='lat' dir='ltr'><strong>conatur?</strong></span> 
     </span>
    </p>
   </div>
   <div class='ocr_carea' id='block_1_58' title="bbox 1802 2807 3376 2881">
    <p class='ocr_par' dir='ltr' id='par_1_58' title="bbox 1802 2807 3376 2881">
     <span class='ocr_line' id='line_1_58' title="bbox 1802 2807 3376 2881; baseline 0.003 -17"><span class='ocrx_word' id='word_1_441' title='bbox 1802 2810 1921 2881; x_wconf 91' lang='lat' dir='ltr'><strong>lpse</strong></span> <span class='ocrx_word' id='word_1_442' title='bbox 1948 2828 1967 2863; x_wconf 77' lang='grc' dir='ltr'><strong>ι</strong></span> <span class='ocrx_word' id='word_1_443' title='bbox 1996 2812 2087 2880; x_wconf 90' lang='lat' dir='ltr'><strong>qui</strong></span> <span class='ocrx_word' id='word_1_444' title='bbox 2113 2811 2165 2865; x_wconf 92' lang='lat' dir='ltr'><strong>in</strong></span> <span class='ocrx_word' id='word_1_445' title='bbox 2202 2807 2377 2864; x_wconf 78' lang='lat' dir='ltr'><strong>forma</strong></span> <span class='ocrx_word' id='word_1_446' title='bbox 2402 2808 2493 2864; x_wconf 85' lang='lat' dir='ltr'><strong>Dei</strong></span> <span class='ocrx_word' id='word_1_447' title='bbox 2526 2818 2581 2864; x_wconf 91' lang='lat' dir='ltr'><strong>et</strong></span> <span class='ocrx_word' id='word_1_448' title='bbox 2600 2810 2775 2866; x_wconf 87' lang='lat' dir='ltr'><strong>Patris</strong></span> <span class='ocrx_word' id='word_1_449' title='bbox 2806 2822 2925 2866; x_wconf 91' lang='lat' dir='ltr'><strong>erat</strong></span> <span class='ocrx_word' id='word_1_450' title='bbox 2949 2812 3088 2868; x_wconf 86' lang='lat' dir='ltr'><strong>Deus</strong></span> <span class='ocrx_word' id='word_1_451' title='bbox 3114 2813 3376 2877; x_wconf 81' lang='lat' dir='ltr'><strong>Verbum,</strong></span> 
     </span>
    </p>
   </div>
   <div class='ocr_carea' id='block_1_59' title="bbox 1802 2902 3375 2974">
    <p class='ocr_par' dir='ltr' id='par_1_59' title="bbox 1802 2902 3375 2974">
     <span class='ocr_line' id='line_1_59' title="bbox 1802 2902 3375 2974; baseline -0.001 -17"><span class='ocrx_word' id='word_1_452' title='bbox 1802 2904 2095 2957; x_wconf 85' lang='lat' dir='ltr'><strong>exinanivit</strong></span> <span class='ocrx_word' id='word_1_453' title='bbox 2128 2905 2470 2974; x_wconf 89' lang='lat' dir='ltr'><strong>semetipsum</strong></span> <span class='ocrx_word' id='word_1_454' title='bbox 2496 2944 2510 2969; x_wconf 91' lang='lat'><strong>,</strong></span> <span class='ocrx_word' id='word_1_455' title='bbox 2534 2902 2762 2958; x_wconf 85' lang='lat' dir='ltr'><strong>formam</strong></span> <span class='ocrx_word' id='word_1_456' title='bbox 2800 2904 2941 2957; x_wconf 91' lang='lat' dir='ltr'><strong>servi</strong></span> <span class='ocrx_word' id='word_1_457' title='bbox 2966 2904 3319 2972; x_wconf 82' lang='lat' dir='ltr'><strong>accipiens“,</strong></span> <span class='ocrx_word' id='word_1_458' title='bbox 3357 2923 3375 2956; x_wconf 74' lang='grc' dir='ltr'><strong>ι</strong></span> 
     </span>
    </p>
   </div>
   <div class='ocr_carea' id='block_1_60' title="bbox 1805 2993 3383 3064">
    <p class='ocr_par' dir='ltr' id='par_1_60' title="bbox 1805 2993 3383 3064">
     <span class='ocr_line' id='line_1_60' title="bbox 1805 2993 3383 3064; baseline 0.001 -17"><span class='ocrx_word' id='word_1_459' title='bbox 1805 3004 1857 3047; x_wconf 92' lang='lat' dir='ltr'><strong>et</strong></span> <span class='ocrx_word' id='word_1_460' title='bbox 1896 2993 2039 3047; x_wconf 89' lang='lat' dir='ltr'><strong>illam</strong></span> <span class='ocrx_word' id='word_1_461' title='bbox 2074 2994 2370 3049; x_wconf 89' lang='lat' dir='ltr'><strong>secundum</strong></span> <span class='ocrx_word' id='word_1_462' title='bbox 2426 3009 2647 3050; x_wconf 91' lang='lat' dir='ltr'><strong>carnem</strong></span> <span class='ocrx_word' id='word_1_463' title='bbox 2679 2995 3016 3051; x_wconf 87' lang='lat' dir='ltr'><strong>nativitatem</strong></span> <span class='ocrx_word' id='word_1_464' title='bbox 3072 2996 3237 3051; x_wconf 88' lang='lat' dir='ltr'><strong>subiit</strong></span> <span class='ocrx_word' id='word_1_465' title='bbox 3284 3009 3383 3064; x_wconf 90' lang='lat' dir='ltr'><strong>pro</strong></span> 
     </span>
    </p>
   </div>
   <div class='ocr_carea' id='block_1_61' title="bbox 108 3083 1699 3175">
    <p class='ocr_par' dir='ltr' id='par_1_61' title="bbox 108 3085 1699 3166">
     <span class='ocr_line' id='line_1_61' title="bbox 108 3085 1699 3166; baseline -0.016 -17"><span class='ocrx_word' id='word_1_466' title='bbox 108 3097 283 3166; x_wconf 73' lang='grc' dir='ltr'>σάρκα</span> <span class='ocrx_word' id='word_1_467' title='bbox 316 3091 582 3159; x_wconf 74' lang='grc' dir='ltr'>γέννησιν</span> <span class='ocrx_word' id='word_1_468' title='bbox 632 3086 1018 3156; x_wconf 82' lang='grc' dir='ltr'>ῦπομεμὲνηκε</span> <span class='ocrx_word' id='word_1_469' title='bbox 1057 3085 1123 3136; x_wconf 84' lang='grc' dir='ltr'>δι’</span> <span class='ocrx_word' id='word_1_470' title='bbox 1173 3085 1320 3153; x_wconf 80' lang='grc' dir='ltr'>ἡμᾶς</span> <span class='ocrx_word' id='word_1_471' title='bbox 1346 3101 1359 3113; x_wconf 71' lang='grc'><strong><em>⁸</em></strong></span> <span class='ocrx_word' id='word_1_472' title='bbox 1403 3086 1565 3146; x_wconf 68' lang='grc' dir='ltr'>αὐτὸς</span> <span class='ocrx_word' id='word_1_473' title='bbox 1604 3085 1699 3136; x_wconf 77' lang='grc' dir='ltr'><strong>πέ-</strong></span> 
     </span>
    </p>
   </div>
   <div class='ocr_carea' id='block_1_62' title="bbox 1803 3083 3380 3175">
    <p class='ocr_par' dir='ltr' id='par_1_62' title="bbox 1806 3083 3380 3153">
     <span class='ocr_line' id='line_1_62' title="bbox 1806 3083 3380 3153; baseline 0.003 -18"><span class='ocrx_word' id='word_1_474' title='bbox 1806 3083 1992 3145; x_wconf 89' lang='lat' dir='ltr'><strong>nobis,</strong></span> <span class='ocrx_word' id='word_1_475' title='bbox 2035 3083 2146 3149; x_wconf 92' lang='lat' dir='ltr'><strong>ipse</strong></span> <span class='ocrx_word' id='word_1_476' title='bbox 2189 3097 2377 3151; x_wconf 90' lang='lat' dir='ltr'><strong>passus</strong></span> <span class='ocrx_word' id='word_1_477' title='bbox 2427 3092 2510 3137; x_wconf 91' lang='lat' dir='ltr'><strong>est</strong></span> <span class='ocrx_word' id='word_1_478' title='bbox 2548 3098 2647 3152; x_wconf 92' lang='lat' dir='ltr'><strong>pro</strong></span> <span class='ocrx_word' id='word_1_479' title='bbox 2704 3083 2859 3138; x_wconf 82' lang='lat' dir='ltr'><strong>nobis</strong></span> <span class='ocrx_word' id='word_1_480' title='bbox 2918 3085 3131 3153; x_wconf 89' lang='lat' dir='ltr'><strong>propria</strong></span> <span class='ocrx_word' id='word_1_481' title='bbox 3180 3101 3380 3149; x_wconf 87' lang='lat' dir='ltr'><strong>carne,</strong></span> 
     </span>
    </p>
   </div>
   <div class='ocr_carea' id='block_1_63' title="bbox 107 3173 1699 3249">
    <p class='ocr_par' dir='ltr' id='par_1_63' title="bbox 107 3173 1699 3249">
     <span class='ocr_line' id='line_1_63' title="bbox 107 3173 1699 3249; baseline -0.005 -13"><span class='ocrx_word' id='word_1_482' title='bbox 107 3184 299 3237; x_wconf 76' lang='grc' dir='ltr'>πονθεν</span> <span class='ocrx_word' id='word_1_483' title='bbox 338 3181 489 3249; x_wconf 80' lang='grc' dir='ltr'>ὑπὲρ</span> <span class='ocrx_word' id='word_1_484' title='bbox 525 3178 681 3247; x_wconf 79' lang='grc' dir='ltr'>ήμῶν</span> <span class='ocrx_word' id='word_1_485' title='bbox 716 3181 780 3245; x_wconf 77' lang='grc' dir='ltr'>τῇ</span> <span class='ocrx_word' id='word_1_486' title='bbox 827 3176 931 3244; x_wconf 65' lang='grc' dir='ltr'>ἰδίᾳ</span> <span class='ocrx_word' id='word_1_487' title='bbox 962 3176 1146 3243; x_wconf 75' lang='grc' dir='ltr'>σαρκὶ,</span> <span class='ocrx_word' id='word_1_488' title='bbox 1180 3174 1275 3226; x_wconf 75' lang='grc' dir='ltr'>καὶ</span> <span class='ocrx_word' id='word_1_489' title='bbox 1310 3173 1508 3226; x_wconf 73' lang='grc' dir='ltr'>ἀνεϐίω</span> <span class='ocrx_word' id='word_1_490' title='bbox 1538 3175 1699 3228; x_wconf 84' lang='grc' dir='ltr'>πάλιν</span> 
     </span>
    </p>
   </div>
   <div class='ocr_carea' id='block_1_64' title="bbox 105 3262 1701 3335">
    <p class='ocr_par' dir='ltr' id='par_1_64' title="bbox 105 3262 1701 3335">
     <span class='ocr_line' id='line_1_64' title="bbox 105 3262 1701 3335; baseline -0.004 -12"><span class='ocrx_word' id='word_1_491' title='bbox 105 3273 175 3335; x_wconf 80' lang='grc' dir='ltr'>ὡς</span> <span class='ocrx_word' id='word_1_492' title='bbox 221 3272 400 3335; x_wconf 81' lang='grc' dir='ltr'>Θεὸς,</span> <span class='ocrx_word' id='word_1_493' title='bbox 437 3267 687 3329; x_wconf 81' lang='grc' dir='ltr'>κενώσας</span> <span class='ocrx_word' id='word_1_494' title='bbox 728 3265 818 3319; x_wconf 80' lang='grc' dir='ltr'><strong>τὸν</strong></span> <span class='ocrx_word' id='word_1_495' title='bbox 863 3264 1017 3335; x_wconf 71' lang='grc' dir='ltr'>ᾅδην,</span> <span class='ocrx_word' id='word_1_496' title='bbox 1067 3264 1160 3315; x_wconf 76' lang='grc' dir='ltr'><strong>καὶ</strong></span> <span class='ocrx_word' id='word_1_497' title='bbox 1201 3262 1439 3333; x_wconf 83' lang='grc' dir='ltr'>εἰρηκὼς</span> <span class='ocrx_word' id='word_1_498' title='bbox 1482 3267 1596 3327; x_wconf 86' lang='grc' dir='ltr'>τοῖς</span> <span class='ocrx_word' id='word_1_499' title='bbox 1644 3268 1701 3318; x_wconf 78' lang='grc' dir='ltr'><strong>ἐν</strong></span> 
     </span>
    </p>
   </div>
   <div class='ocr_carea' id='block_1_65' title="bbox 105 3353 1703 3432">
    <p class='ocr_par' dir='ltr' id='par_1_65' title="bbox 105 3353 1703 3432">
     <span class='ocr_line' id='line_1_65' title="bbox 105 3353 1703 3432; baseline -0.005 -17"><span class='ocrx_word' id='word_1_500' title='bbox 105 3364 327 3432; x_wconf 79' lang='grc' dir='ltr'>δεσμοῖς</span> <span class='ocrx_word' id='word_1_501' title='bbox 344 3378 357 3390; x_wconf 91' lang='grc'><strong>·</strong></span> <span class='ocrx_word' id='word_1_502' title='bbox 393 3379 408 3410; x_wconf 76' lang='grc' dir='ltr'><strong>ι</strong></span> <span class='ocrx_word' id='word_1_503' title='bbox 436 3358 746 3423; x_wconf 80' lang='grc' dir='ltr'>Ἐξέλθετε·</span> <span class='ocrx_word' id='word_1_504' title='bbox 772 3356 865 3409; x_wconf 75' lang='grc' dir='ltr'><strong>καὶ</strong></span> <span class='ocrx_word' id='word_1_505' title='bbox 890 3358 1001 3417; x_wconf 87' lang='grc' dir='ltr'>τοῖς</span> <span class='ocrx_word' id='word_1_506' title='bbox 1028 3356 1084 3406; x_wconf 85' lang='grc' dir='ltr'>ὲν</span> <span class='ocrx_word' id='word_1_507' title='bbox 1108 3353 1186 3423; x_wconf 82' lang='grc' dir='ltr'>τῷ</span> <span class='ocrx_word' id='word_1_508' title='bbox 1218 3353 1398 3405; x_wconf 84' lang='grc' dir='ltr'>σκότει</span> <span class='ocrx_word' id='word_1_509' title='bbox 1425 3370 1437 3383; x_wconf 90' lang='grc'><strong>·</strong></span> <span class='ocrx_word' id='word_1_510' title='bbox 1477 3354 1703 3407; x_wconf 75' lang='grc' dir='ltr'>Ἀνακαο</span> 
     </span>
    </p>
   </div>
   <div class='ocr_carea' id='block_1_66' title="bbox 107 3442 1704 3519">
    <p class='ocr_par' dir='ltr' id='par_1_66' title="bbox 107 3442 1704 3519">
     <span class='ocr_line' id='line_1_66' title="bbox 107 3442 1704 3519; baseline -0.001 -21"><span class='ocrx_word' id='word_1_511' title='bbox 107 3450 369 3519; x_wconf 70' lang='grc' dir='ltr'>λύφθητε.</span> <span class='ocrx_word' id='word_1_512' title='bbox 388 3467 405 3498; x_wconf 76' lang='grc' dir='ltr'><strong>ι</strong></span> <span class='ocrx_word' id='word_1_513' title='bbox 437 3448 507 3501; x_wconf 80' lang='grc' dir='ltr'>Τί</span> <span class='ocrx_word' id='word_1_514' title='bbox 533 3446 709 3499; x_wconf 85' lang='grc' dir='ltr'>τοίνυν</span> <span class='ocrx_word' id='word_1_515' title='bbox 750 3443 1079 3517; x_wconf 69' lang='grc' dir='ltr'>ἀνατρέπειν</span> <span class='ocrx_word' id='word_1_516' title='bbox 1108 3443 1408 3512; x_wconf 79' lang='grc' dir='ltr'>ἐπιχειρεῖς</span> <span class='ocrx_word' id='word_1_517' title='bbox 1436 3442 1534 3512; x_wconf 81' lang='grc' dir='ltr'>τὴν</span> <span class='ocrx_word' id='word_1_518' title='bbox 1560 3442 1704 3496; x_wconf 75' lang='grc' dir='ltr'>οὕτω</span> 
     </span>
    </p>
   </div>
   <div class='ocr_carea' id='block_1_67' title="bbox 107 3528 1703 3612">
    <p class='ocr_par' dir='ltr' id='par_1_67' title="bbox 107 3528 1703 3612">
     <span class='ocr_line' id='line_1_67' title="bbox 107 3528 1703 3612; baseline -0.004 -17"><span class='ocrx_word' id='word_1_519' title='bbox 107 3542 311 3612; x_wconf 76' lang='grc' dir='ltr'>σεπτὴν</span> <span class='ocrx_word' id='word_1_520' title='bbox 350 3539 449 3593; x_wconf 79' lang='grc' dir='ltr'><strong>καὶ</strong></span> <span class='ocrx_word' id='word_1_521' title='bbox 479 3538 812 3604; x_wconf 79' lang='grc' dir='ltr'>ἁξιάγαστον</span> <span class='ocrx_word' id='word_1_522' title='bbox 843 3535 1177 3604; x_wconf 85' lang='grc' dir='ltr'>οἰκονομίαν,</span> <span class='ocrx_word' id='word_1_523' title='bbox 1208 3534 1275 3585; x_wconf 84' lang='grc' dir='ltr'>δι’</span> <span class='ocrx_word' id='word_1_524' title='bbox 1302 3528 1369 3604; x_wconf 83' lang='grc' dir='ltr'>ἦς</span> <span class='ocrx_word' id='word_1_525' title='bbox 1404 3535 1497 3587; x_wconf 77' lang='grc' dir='ltr'><strong>καὶ</strong></span> <span class='ocrx_word' id='word_1_526' title='bbox 1533 3536 1703 3589; x_wconf 83' lang='grc' dir='ltr'>σεσώ-</span> 
     </span>
    </p>
   </div>
   <div class='ocr_carea' id='block_1_68' title="bbox 110 3622 1704 3703">
    <p class='ocr_par' dir='ltr' id='par_1_68' title="bbox 110 3622 1704 3703">
     <span class='ocr_line' id='line_1_68' title="bbox 110 3622 1704 3703; baseline -0.006 -17"><span class='ocrx_word' id='word_1_527' title='bbox 110 3634 309 3703; x_wconf 84' lang='grc' dir='ltr'>σμεθα,</span> <span class='ocrx_word' id='word_1_528' title='bbox 345 3632 446 3685; x_wconf 75' lang='grc' dir='ltr'><strong>καὶ</strong></span> <span class='ocrx_word' id='word_1_529' title='bbox 479 3628 680 3691; x_wconf 75' lang='grc' dir='ltr'>παντὸς</span> <span class='ocrx_word' id='word_1_530' title='bbox 713 3628 844 3680; x_wconf 72' lang='grc' dir='ltr'>εἵσω</span> <span class='ocrx_word' id='word_1_531' title='bbox 876 3625 1177 3694; x_wconf 82' lang='grc' dir='ltr'>γεγόναμεν</span> <span class='ocrx_word' id='word_1_532' title='bbox 1206 3622 1448 3690; x_wconf 82' lang='grc' dir='ltr'>ἁγαθοῦ;</span> <span class='ocrx_word' id='word_1_533' title='bbox 1486 3624 1551 3675; x_wconf 89' lang='grc' dir='ltr'>Τί</span> <span class='ocrx_word' id='word_1_534' title='bbox 1596 3626 1704 3696; x_wconf 71' lang='grc' dir='ltr'><strong>γὰρ</strong></span> 
     </span>
    </p>
   </div>
   <div class='ocr_carea' id='block_1_69' title="bbox 108 3715 1706 3793">
    <p class='ocr_par' dir='ltr' id='par_1_69' title="bbox 108 3715 1706 3793">
     <span class='ocr_line' id='line_1_69' title="bbox 108 3715 1706 3793; baseline -0.005 -16"><span class='ocrx_word' id='word_1_535' title='bbox 108 3726 169 3779; x_wconf 76' lang='grc' dir='ltr'>δι’</span> <span class='ocrx_word' id='word_1_536' title='bbox 196 3725 377 3793; x_wconf 70' lang='grc' dir='ltr'>αὐτῆς</span> <span class='ocrx_word' id='word_1_537' title='bbox 408 3720 809 3790; x_wconf 77' lang='grc' dir='ltr'>ἐκερδάναμεν,</span> <span class='ocrx_word' id='word_1_538' title='bbox 838 3717 962 3789; x_wconf 78' lang='grc' dir='ltr'>εἴσῃ</span> <span class='ocrx_word' id='word_1_539' title='bbox 978 3734 1058 3770; x_wconf 89' lang='grc' dir='ltr'><strong>τοι</strong></span> <span class='ocrx_word' id='word_1_540' title='bbox 1087 3716 1181 3768; x_wconf 74' lang='grc' dir='ltr'><strong>καὶ</strong></span> <span class='ocrx_word' id='word_1_541' title='bbox 1208 3715 1352 3786; x_wconf 76' lang='grc' dir='ltr'>μάλα</span> <span class='ocrx_word' id='word_1_542' title='bbox 1381 3716 1587 3783; x_wconf 73' lang='grc' dir='ltr'>σαφῶς,</span> <span class='ocrx_word' id='word_1_543' title='bbox 1610 3717 1706 3769; x_wconf 68' lang='grc' dir='ltr'>ὡδὶ</span> 
     </span>
    </p>
   </div>
   <div class='ocr_carea' id='block_1_70' title="bbox 110 3807 1704 3887">
    <p class='ocr_par' dir='ltr' id='par_1_70' title="bbox 110 3807 1704 3887">
     <span class='ocr_line' id='line_1_70' title="bbox 110 3807 1704 3887; baseline 0.001 -30"><span class='ocrx_word' id='word_1_544' title='bbox 110 3814 453 3887; x_wconf 63' lang='grc' dir='ltr'>γεγραφότος</span> <span class='ocrx_word' id='word_1_545' title='bbox 482 3811 577 3863; x_wconf 89' lang='grc' dir='ltr'><strong>τοῦ</strong></span> <span class='ocrx_word' id='word_1_546' title='bbox 610 3807 883 3881; x_wconf 80' lang='grc' dir='ltr'>μακαρίου</span> <span class='ocrx_word' id='word_1_547' title='bbox 918 3807 1164 3859; x_wconf 82' lang='grc' dir='ltr'>Παύλου·</span> <span class='ocrx_word' id='word_1_548' title='bbox 1208 3826 1225 3857; x_wconf 87' lang='grc'><strong>‹</strong></span> <span class='ocrx_word' id='word_1_549' title='bbox 1257 3807 1365 3858; x_wconf 71' lang='grc' dir='ltr'><strong>Καὶ</strong></span> <span class='ocrx_word' id='word_1_550' title='bbox 1392 3808 1543 3875; x_wconf 81' lang='grc' dir='ltr'>ἡμᾶς</span> <span class='ocrx_word' id='word_1_551' title='bbox 1574 3824 1704 3859; x_wconf 87' lang='grc' dir='ltr'>ποτε</span> 
     </span>
    </p>
   </div>
   <div class='ocr_carea' id='block_1_71' title="bbox 110 3897 1705 3973">
    <p class='ocr_par' dir='ltr' id='par_1_71' title="bbox 110 3897 1705 3973">
     <span class='ocr_line' id='line_1_71' title="bbox 110 3897 1705 3973; baseline -0.005 -14"><span class='ocrx_word' id='word_1_552' title='bbox 110 3907 265 3970; x_wconf 70' lang='grc' dir='ltr'>ὂντας</span> <span class='ocrx_word' id='word_1_553' title='bbox 316 3900 920 3973; x_wconf 84' lang='grc' dir='ltr'>ἀπηλλοτριωμένους,</span> <span class='ocrx_word' id='word_1_554' title='bbox 974 3899 1067 3951; x_wconf 78' lang='grc' dir='ltr'><strong>καὶ</strong></span> <span class='ocrx_word' id='word_1_555' title='bbox 1116 3897 1346 3968; x_wconf 76' lang='grc' dir='ltr'>ἐχθροὺς</span> <span class='ocrx_word' id='word_1_556' title='bbox 1390 3900 1456 3967; x_wconf 80' lang='grc' dir='ltr'>τῇ</span> <span class='ocrx_word' id='word_1_557' title='bbox 1496 3898 1705 3969; x_wconf 71' lang='grc' dir='ltr'>διανοίᾳ</span> 
     </span>
    </p>
   </div>
   <div class='ocr_carea' id='block_1_72' title="bbox 112 3988 1704 4067">
    <p class='ocr_par' dir='ltr' id='par_1_72' title="bbox 112 3988 1704 4067">
     <span class='ocr_line' id='line_1_72' title="bbox 112 3988 1704 4067; baseline -0.007 -16"><span class='ocrx_word' id='word_1_558' title='bbox 112 4002 164 4051; x_wconf 75' lang='grc' dir='ltr'>ἰν</span> <span class='ocrx_word' id='word_1_559' title='bbox 191 4001 301 4061; x_wconf 84' lang='grc' dir='ltr'>τοῖς</span> <span class='ocrx_word' id='word_1_560' title='bbox 349 3996 541 4067; x_wconf 81' lang='grc' dir='ltr'>ἔργοις</span> <span class='ocrx_word' id='word_1_561' title='bbox 568 3996 683 4055; x_wconf 86' lang='grc' dir='ltr'>τοῖς</span> <span class='ocrx_word' id='word_1_562' title='bbox 711 3992 989 4061; x_wconf 87' lang='grc' dir='ltr'>πονηροῖς,</span> <span class='ocrx_word' id='word_1_563' title='bbox 1016 3990 1131 4041; x_wconf 68' lang='grc' dir='ltr'>νυνὶ</span> <span class='ocrx_word' id='word_1_564' title='bbox 1158 3989 1215 4041; x_wconf 82' lang='grc' dir='ltr'>δὲ</span> <span class='ocrx_word' id='word_1_565' title='bbox 1259 3988 1704 4057; x_wconf 77' lang='grc' dir='ltr'>ἀποκατήλλαξεν</span> 
     </span>
    </p>
   </div>
   <div class='ocr_carea' id='block_1_73' title="bbox 114 4078 1703 4159">
    <p class='ocr_par' dir='ltr' id='par_1_73' title="bbox 114 4078 1703 4159">
     <span class='ocr_line' id='line_1_73' title="bbox 114 4078 1703 4159; baseline -0.005 -20"><span class='ocrx_word' id='word_1_566' title='bbox 114 4091 164 4139; x_wconf 72' lang='grc' dir='ltr'>ὲν</span> <span class='ocrx_word' id='word_1_567' title='bbox 192 4088 273 4159; x_wconf 79' lang='grc' dir='ltr'>τῷ</span> <span class='ocrx_word' id='word_1_568' title='bbox 308 4087 535 4157; x_wconf 78' lang='grc' dir='ltr'>σώματι</span> <span class='ocrx_word' id='word_1_569' title='bbox 570 4085 671 4152; x_wconf 84' lang='grc' dir='ltr'>τῆς</span> <span class='ocrx_word' id='word_1_570' title='bbox 719 4083 921 4151; x_wconf 75' lang='grc' dir='ltr'>σαρκὸς</span> <span class='ocrx_word' id='word_1_571' title='bbox 956 4080 1122 4133; x_wconf 81' lang='grc' dir='ltr'>αὑτοῦ</span> <span class='ocrx_word' id='word_1_572' title='bbox 1174 4080 1265 4131; x_wconf 73' lang='grc' dir='ltr'><strong>διὰ</strong></span> <span class='ocrx_word' id='word_1_573' title='bbox 1313 4078 1407 4132; x_wconf 81' lang='grc' dir='ltr'><strong>τοῦ</strong></span> <span class='ocrx_word' id='word_1_574' title='bbox 1443 4079 1703 4143; x_wconf 83' lang='grc' dir='ltr'>θανάτου,</span> 
     </span>
    </p>
   </div>
   <div class='ocr_carea' id='block_1_74' title="bbox 116 4171 1707 4252">
    <p class='ocr_par' dir='ltr' id='par_1_74' title="bbox 116 4171 1707 4252">
     <span class='ocr_line' id='line_1_74' title="bbox 116 4171 1707 4252; baseline -0.001 -25"><span class='ocrx_word' id='word_1_575' title='bbox 116 4180 473 4252; x_wconf 67' lang='grc' dir='ltr'>παραστῆσαι</span> <span class='ocrx_word' id='word_1_576' title='bbox 516 4178 667 4247; x_wconf 81' lang='grc' dir='ltr'>ἡμᾶς</span> <span class='ocrx_word' id='word_1_577' title='bbox 696 4175 884 4241; x_wconf 82' lang='grc' dir='ltr'>ἁγίους</span> <span class='ocrx_word' id='word_1_578' title='bbox 907 4212 922 4236; x_wconf 94' lang='grc'><strong>,</strong></span> <span class='ocrx_word' id='word_1_579' title='bbox 974 4174 1067 4225; x_wconf 74' lang='grc' dir='ltr'>καὶ</span> <span class='ocrx_word' id='word_1_580' title='bbox 1096 4171 1381 4241; x_wconf 83' lang='grc' dir='ltr'>ἀμώμους,</span> <span class='ocrx_word' id='word_1_581' title='bbox 1410 4171 1504 4223; x_wconf 79' lang='grc' dir='ltr'><strong>καὶ</strong></span> <span class='ocrx_word' id='word_1_582' title='bbox 1545 4171 1707 4238; x_wconf 57' lang='grc' dir='ltr'>ἀνεγη</span> 
     </span>
    </p>
   </div>
   <div class='ocr_carea' id='block_1_75' title="bbox 115 4260 1709 4342">
    <p class='ocr_par' dir='ltr' id='par_1_75' title="bbox 115 4260 1709 4342">
     <span class='ocr_line' id='line_1_75' title="bbox 115 4260 1709 4342; baseline -0.006 -18"><span class='ocrx_word' id='word_1_583' title='bbox 115 4273 347 4342; x_wconf 82' lang='grc' dir='ltr'>κλήτους</span> <span class='ocrx_word' id='word_1_584' title='bbox 379 4268 505 4321; x_wconf 82' lang='grc' dir='ltr'>κατ’</span> <span class='ocrx_word' id='word_1_585' title='bbox 540 4266 773 4319; x_wconf 79' lang='grc' dir='ltr'>ἐνώπιον</span> <span class='ocrx_word' id='word_1_586' title='bbox 802 4260 989 4327; x_wconf 84' lang='grc' dir='ltr'>αὑτοῦ,</span> <span class='ocrx_word' id='word_1_587' title='bbox 1021 4263 1073 4315; x_wconf 83' lang='grc' dir='ltr'>ετ</span> <span class='ocrx_word' id='word_1_588' title='bbox 1098 4279 1160 4330; x_wconf 91' lang='grc' dir='ltr'><strong>γε</strong></span> <span class='ocrx_word' id='word_1_589' title='bbox 1204 4262 1493 4329; x_wconf 77' lang='grc' dir='ltr'>ἐπιμένετε</span> <span class='ocrx_word' id='word_1_590' title='bbox 1526 4264 1591 4331; x_wconf 81' lang='grc' dir='ltr'>τῇ</span> <span class='ocrx_word' id='word_1_591' title='bbox 1624 4260 1709 4314; x_wconf 68' lang='grc' dir='ltr'><strong>πίε</strong></span> 
     </span>
    </p>
   </div>
   <div class='ocr_carea' id='block_1_76' title="bbox 118 4352 1707 4425">
    <p class='ocr_par' dir='ltr' id='par_1_76' title="bbox 118 4352 1707 4425">
     <span class='ocr_line' id='line_1_76' title="bbox 118 4352 1707 4425; baseline -0.008 -10"><span class='ocrx_word' id='word_1_592' title='bbox 118 4380 247 4415; x_wconf 79' lang='grc' dir='ltr'>στει.</span> <span class='ocrx_word' id='word_1_593' title='bbox 274 4380 297 4413; x_wconf 76' lang='grc' dir='ltr'><strong>ι</strong></span> <span class='ocrx_word' id='word_1_594' title='bbox 354 4358 572 4413; x_wconf 68' lang='grc' dir='ltr'>Οὐκοῦν</span> <span class='ocrx_word' id='word_1_595' title='bbox 601 4357 813 4425; x_wconf 77' lang='grc' dir='ltr'>ὀνίνησι</span> <span class='ocrx_word' id='word_1_596' title='bbox 854 4354 949 4424; x_wconf 84' lang='grc' dir='ltr'>μὲν</span> <span class='ocrx_word' id='word_1_597' title='bbox 979 4356 1012 4422; x_wconf 86' lang='grc' dir='ltr'>ἡ</span> <span class='ocrx_word' id='word_1_598' title='bbox 1048 4354 1227 4414; x_wconf 83' lang='grc' dir='ltr'>πίστις</span> <span class='ocrx_word' id='word_1_599' title='bbox 1258 4354 1382 4414; x_wconf 75' lang='grc' dir='ltr'>τοὺς</span> <span class='ocrx_word' id='word_1_600' title='bbox 1411 4352 1707 4406; x_wconf 83' lang='grc' dir='ltr'>ἀσάλευτον</span> 
     </span>
    </p>
   </div>
   <div class='ocr_carea' id='block_1_77' title="bbox 1806 3172 3379 3237">
    <p class='ocr_par' dir='ltr' id='par_1_77' title="bbox 1806 3172 3379 3237">
     <span class='ocr_line' id='line_1_77' title="bbox 1806 3172 3379 3237; baseline -0.002 -8"><span class='ocrx_word' id='word_1_601' title='bbox 1806 3182 1860 3229; x_wconf 93' lang='lat' dir='ltr'><strong>et</strong></span> <span class='ocrx_word' id='word_1_602' title='bbox 1897 3174 2089 3228; x_wconf 89' lang='lat' dir='ltr'><strong>iterum</strong></span> <span class='ocrx_word' id='word_1_603' title='bbox 2134 3183 2193 3227; x_wconf 91' lang='lat' dir='ltr'><strong>ut</strong></span> <span class='ocrx_word' id='word_1_604' title='bbox 2228 3175 2369 3228; x_wconf 89' lang='lat' dir='ltr'><strong>Deus</strong></span> <span class='ocrx_word' id='word_1_605' title='bbox 2420 3172 2640 3237; x_wconf 86' lang='lat' dir='ltr'><strong>revixit,</strong></span> <span class='ocrx_word' id='word_1_606' title='bbox 2673 3174 2947 3228; x_wconf 90' lang='lat' dir='ltr'><strong>evacuatis</strong></span> <span class='ocrx_word' id='word_1_607' title='bbox 2997 3174 3207 3237; x_wconf 83' lang='lat' dir='ltr'><strong>inferis,</strong></span> <span class='ocrx_word' id='word_1_608' title='bbox 3258 3188 3379 3229; x_wconf 90' lang='lat' dir='ltr'><strong>cum</strong></span> 
     </span>
    </p>
   </div>
   <div class='ocr_carea' id='block_1_78' title="bbox 1804 3264 3383 3333">
    <p class='ocr_par' dir='ltr' id='par_1_78' title="bbox 1804 3264 3383 3333">
     <span class='ocr_line' id='line_1_78' title="bbox 1804 3264 3383 3333; baseline 0.001 -15"><span class='ocrx_word' id='word_1_609' title='bbox 1804 3265 2030 3319; x_wconf 79' lang='lat' dir='ltr'><strong>dixisset</strong></span> <span class='ocrx_word' id='word_1_610' title='bbox 2058 3282 2076 3315; x_wconf 78' lang='grc' dir='ltr'><strong>ι</strong></span> <span class='ocrx_word' id='word_1_611' title='bbox 2102 3264 2167 3317; x_wconf 88' lang='lat' dir='ltr'><strong>iis</strong></span> <span class='ocrx_word' id='word_1_612' title='bbox 2191 3264 2281 3333; x_wconf 90' lang='lat' dir='ltr'><strong>qui</strong></span> <span class='ocrx_word' id='word_1_613' title='bbox 2308 3265 2361 3317; x_wconf 93' lang='lat' dir='ltr'><strong>in</strong></span> <span class='ocrx_word' id='word_1_614' title='bbox 2388 3264 2616 3319; x_wconf 84' lang='lat' dir='ltr'><strong>vinculis</strong></span> <span class='ocrx_word' id='word_1_615' title='bbox 2644 3272 2799 3318; x_wconf 91' lang='lat' dir='ltr'><strong>erant</strong></span> <span class='ocrx_word' id='word_1_616' title='bbox 2828 3280 2841 3318; x_wconf 90' lang='lat'>:</span> <span class='ocrx_word' id='word_1_617' title='bbox 2884 3264 3038 3319; x_wconf 83' lang='lat' dir='ltr'><strong>Exite</strong></span> <span class='ocrx_word' id='word_1_618' title='bbox 3068 3282 3083 3331; x_wconf 90' lang='lat'><strong>;</strong></span> <span class='ocrx_word' id='word_1_619' title='bbox 3120 3275 3174 3318; x_wconf 90' lang='lat' dir='ltr'><strong>et</strong></span> <span class='ocrx_word' id='word_1_620' title='bbox 3200 3266 3266 3319; x_wconf 90' lang='lat' dir='ltr'><strong>iis</strong></span> <span class='ocrx_word' id='word_1_621' title='bbox 3289 3266 3383 3333; x_wconf 91' lang='lat' dir='ltr'><strong>qui</strong></span> 
     </span>
    </p>
   </div>
   <div class='ocr_carea' id='block_1_79' title="bbox 1806 3353 3386 3424">
    <p class='ocr_par' dir='ltr' id='par_1_79' title="bbox 1806 3353 3386 3424">
     <span class='ocr_line' id='line_1_79' title="bbox 1806 3353 3386 3424; baseline 0.001 -15"><span class='ocrx_word' id='word_1_622' title='bbox 1806 3355 1860 3409; x_wconf 92' lang='lat' dir='ltr'><strong>in</strong></span> <span class='ocrx_word' id='word_1_623' title='bbox 1896 3354 2133 3409; x_wconf 88' lang='lat' dir='ltr'><strong>tenebris</strong></span> <span class='ocrx_word' id='word_1_624' title='bbox 2157 3363 2310 3407; x_wconf 90' lang='lat' dir='ltr'><strong>erant</strong></span> <span class='ocrx_word' id='word_1_625' title='bbox 2343 3372 2355 3407; x_wconf 91' lang='lat'><strong>:</strong></span> <span class='ocrx_word' id='word_1_626' title='bbox 2391 3353 2724 3408; x_wconf 82' lang='lat' dir='ltr'><strong>Revelatnini</strong></span> <span class='ocrx_word' id='word_1_627' title='bbox 2748 3356 2812 3408; x_wconf 84' lang='grc'><strong>¹³.</strong></span> <span class='ocrx_word' id='word_1_628' title='bbox 2854 3373 2871 3405; x_wconf 79' lang='grc' dir='ltr'><strong>ι</strong></span> <span class='ocrx_word' id='word_1_629' title='bbox 2900 3354 3011 3409; x_wconf 90' lang='lat' dir='ltr'><strong>Cur</strong></span> <span class='ocrx_word' id='word_1_630' title='bbox 3038 3356 3200 3424; x_wconf 86' lang='lat' dir='ltr'><strong>igitur</strong></span> <span class='ocrx_word' id='word_1_631' title='bbox 3230 3371 3386 3410; x_wconf 87' lang='lat' dir='ltr'><strong>ever-</strong></span> 
     </span>
    </p>
   </div>
   <div class='ocr_carea' id='block_1_80' title="bbox 1808 3447 3385 3517">
    <p class='ocr_par' dir='ltr' id='par_1_80' title="bbox 1808 3447 3385 3517">
     <span class='ocr_line' id='line_1_80' title="bbox 1808 3447 3385 3517; baseline -0.001 -15"><span class='ocrx_word' id='word_1_632' title='bbox 1808 3456 1921 3502; x_wconf 87' lang='lat' dir='ltr'><strong>tere</strong></span> <span class='ocrx_word' id='word_1_633' title='bbox 1962 3448 2165 3501; x_wconf 91' lang='lat' dir='ltr'><strong>moliris</strong></span> <span class='ocrx_word' id='word_1_634' title='bbox 2216 3447 2666 3516; x_wconf 88' lang='lat' dir='ltr'><strong>dispensationem</strong></span> <span class='ocrx_word' id='word_1_635' title='bbox 2711 3448 2846 3501; x_wconf 92' lang='lat' dir='ltr'><strong>adeo</strong></span> <span class='ocrx_word' id='word_1_636' title='bbox 2892 3456 3172 3517; x_wconf 85' lang='lat' dir='ltr'><strong>augustam</strong></span> <span class='ocrx_word' id='word_1_637' title='bbox 3221 3455 3385 3515; x_wconf 89' lang='lat' dir='ltr'><strong>atque</strong></span> 
     </span>
    </p>
   </div>
   <div class='ocr_carea' id='block_1_81' title="bbox 1806 3534 3379 3606">
    <p class='ocr_par' dir='ltr' id='par_1_81' title="bbox 1806 3534 3379 3606">
     <span class='ocr_line' id='line_1_81' title="bbox 1806 3534 3379 3606; baseline -0.003 -15"><span class='ocrx_word' id='word_1_638' title='bbox 1806 3536 2176 3591; x_wconf 86' lang='lat' dir='ltr'><strong>admirabilem</strong></span> <span class='ocrx_word' id='word_1_639' title='bbox 2199 3574 2213 3600; x_wconf 90' lang='lat'><strong>,</strong></span> <span class='ocrx_word' id='word_1_640' title='bbox 2245 3551 2342 3606; x_wconf 89' lang='lat' dir='ltr'><strong>per</strong></span> <span class='ocrx_word' id='word_1_641' title='bbox 2371 3552 2531 3605; x_wconf 87' lang='lat' dir='ltr'><strong>quam</strong></span> <span class='ocrx_word' id='word_1_642' title='bbox 2569 3535 2700 3589; x_wconf 87' lang='lat' dir='ltr'><strong>salvi</strong></span> <span class='ocrx_word' id='word_1_643' title='bbox 2731 3534 2856 3589; x_wconf 79' lang='lat' dir='ltr'><strong>facti</strong></span> <span class='ocrx_word' id='word_1_644' title='bbox 2893 3550 3108 3599; x_wconf 88' lang='lat' dir='ltr'><strong>sumus,</strong></span> <span class='ocrx_word' id='word_1_645' title='bbox 3140 3542 3194 3589; x_wconf 88' lang='lat' dir='ltr'><strong>et</strong></span> <span class='ocrx_word' id='word_1_646' title='bbox 3223 3549 3379 3589; x_wconf 88' lang='lat' dir='ltr'><strong>omne</strong></span> 
     </span>
    </p>
   </div>
   <div class='ocr_carea' id='block_1_82' title="bbox 1807 3625 3375 3694">
    <p class='ocr_par' dir='ltr' id='par_1_82' title="bbox 1807 3625 3375 3694">
     <span class='ocr_line' id='line_1_82' title="bbox 1807 3625 3375 3694; baseline -0.001 -14"><span class='ocrx_word' id='word_1_647' title='bbox 1807 3626 2005 3680; x_wconf 91' lang='lat' dir='ltr'><strong>bonum</strong></span> <span class='ocrx_word' id='word_1_648' title='bbox 2057 3626 2385 3680; x_wconf 87' lang='lat' dir='ltr'><strong>consecuti?</strong></span> <span class='ocrx_word' id='word_1_649' title='bbox 2436 3625 2571 3691; x_wconf 88' lang='lat' dir='ltr'><strong>Quid</strong></span> <span class='ocrx_word' id='word_1_650' title='bbox 2626 3628 2767 3678; x_wconf 86' lang='lat' dir='ltr'><strong>enim</strong></span> <span class='ocrx_word' id='word_1_651' title='bbox 2824 3625 2992 3693; x_wconf 89' lang='lat' dir='ltr'><strong>ipsius</strong></span> <span class='ocrx_word' id='word_1_652' title='bbox 3039 3640 3141 3694; x_wconf 88' lang='lat' dir='ltr'><strong>ope</strong></span> <span class='ocrx_word' id='word_1_653' title='bbox 3192 3626 3375 3680; x_wconf 88' lang='lat' dir='ltr'><strong>lucrati</strong></span> 
     </span>
    </p>
   </div>
   <div class='ocr_carea' id='block_1_83' title="bbox 1808 3715 3378 3785">
    <p class='ocr_par' dir='ltr' id='par_1_83' title="bbox 1808 3715 3378 3785">
     <span class='ocr_line' id='line_1_83' title="bbox 1808 3715 3378 3785; baseline -0.001 -15"><span class='ocrx_word' id='word_1_654' title='bbox 1808 3718 1995 3780; x_wconf 87' lang='lat' dir='ltr'><strong>simus,</strong></span> <span class='ocrx_word' id='word_1_655' title='bbox 2028 3716 2366 3785; x_wconf 86' lang='lat' dir='ltr'><strong>apertissime</strong></span> <span class='ocrx_word' id='word_1_656' title='bbox 2392 3731 2686 3785; x_wconf 81' lang='lat' dir='ltr'><strong>cognosces</strong></span> <span class='ocrx_word' id='word_1_657' title='bbox 2710 3731 2775 3769; x_wconf 77' lang='lat' dir='ltr'><strong>ex</strong></span> <span class='ocrx_word' id='word_1_658' title='bbox 2802 3716 2960 3770; x_wconf 92' lang='lat' dir='ltr'><strong>beato</strong></span> <span class='ocrx_word' id='word_1_659' title='bbox 2985 3715 3149 3770; x_wconf 84' lang='lat' dir='ltr'><strong>Paulo</strong></span> <span class='ocrx_word' id='word_1_660' title='bbox 3182 3717 3272 3784; x_wconf 86' lang='lat' dir='ltr'><strong>qui</strong></span> <span class='ocrx_word' id='word_1_661' title='bbox 3304 3717 3378 3771; x_wconf 89' lang='lat' dir='ltr'><strong>sic</strong></span> 
     </span>
    </p>
   </div>
   <div class='ocr_carea' id='block_1_84' title="bbox 1807 3808 3377 3877">
    <p class='ocr_par' dir='ltr' id='par_1_84' title="bbox 1807 3808 3377 3877">
     <span class='ocr_line' id='line_1_84' title="bbox 1807 3808 3377 3877; baseline -0.001 -15"><span class='ocrx_word' id='word_1_662' title='bbox 1807 3809 2023 3877; x_wconf 88' lang='lat' dir='ltr'><strong>scripsit</strong></span> <span class='ocrx_word' id='word_1_663' title='bbox 2056 3826 2069 3860; x_wconf 90' lang='lat'>:</span> <span class='ocrx_word' id='word_1_664' title='bbox 2108 3827 2125 3859; x_wconf 74' lang='grc' dir='ltr'><strong>ι</strong></span> <span class='ocrx_word' id='word_1_665' title='bbox 2167 3808 2231 3861; x_wconf 83' lang='grc' dir='ltr'>Ει</span> <span class='ocrx_word' id='word_1_666' title='bbox 2254 3822 2352 3862; x_wconf 91' lang='lat' dir='ltr'><strong>nos</strong></span> <span class='ocrx_word' id='word_1_667' title='bbox 2380 3823 2500 3863; x_wconf 91' lang='lat' dir='ltr'><strong>cum</strong></span> <span class='ocrx_word' id='word_1_668' title='bbox 2534 3822 2775 3862; x_wconf 82' lang='lat' dir='ltr'><strong>essemus</strong></span> <span class='ocrx_word' id='word_1_669' title='bbox 2816 3808 3064 3873; x_wconf 81' lang='lat' dir='ltr'><strong>alienati,</strong></span> <span class='ocrx_word' id='word_1_670' title='bbox 3091 3819 3144 3863; x_wconf 89' lang='lat' dir='ltr'><strong>et</strong></span> <span class='ocrx_word' id='word_1_671' title='bbox 3180 3808 3377 3863; x_wconf 89' lang='lat' dir='ltr'><strong>inimici</strong></span> 
     </span>
    </p>
   </div>
   <div class='ocr_carea' id='block_1_85' title="bbox 1808 3898 3384 3967">
    <p class='ocr_par' dir='ltr' id='par_1_85' title="bbox 1808 3898 3384 3967">
     <span class='ocr_line' id='line_1_85' title="bbox 1808 3898 3384 3967; baseline -0.002 -13"><span class='ocrx_word' id='word_1_672' title='bbox 1808 3914 1990 3964; x_wconf 89' lang='lat' dir='ltr'><strong>sensu,</strong></span> <span class='ocrx_word' id='word_1_673' title='bbox 2027 3898 2077 3951; x_wconf 89' lang='lat' dir='ltr'><strong>in</strong></span> <span class='ocrx_word' id='word_1_674' title='bbox 2107 3899 2361 3967; x_wconf 80' lang='lat' dir='ltr'><strong>Operibus</strong></span> <span class='ocrx_word' id='word_1_675' title='bbox 2391 3899 2587 3951; x_wconf 89' lang='lat' dir='ltr'><strong>malis:</strong></span> <span class='ocrx_word' id='word_1_676' title='bbox 2618 3913 2759 3951; x_wconf 90' lang='lat' dir='ltr'><strong>nunc</strong></span> <span class='ocrx_word' id='word_1_677' title='bbox 2798 3908 2975 3952; x_wconf 89' lang='lat' dir='ltr'><strong>autem</strong></span> <span class='ocrx_word' id='word_1_678' title='bbox 3022 3898 3384 3954; x_wconf 75' lang='lat' dir='ltr'><strong>reconciliavit</strong></span> 
     </span>
    </p>
   </div>
   <div class='ocr_carea' id='block_1_86' title="bbox 1811 3986 3383 4056">
    <p class='ocr_par' dir='ltr' id='par_1_86' title="bbox 1811 3986 3383 4056">
     <span class='ocr_line' id='line_1_86' title="bbox 1811 3986 3383 4056; baseline 0.001 -16"><span class='ocrx_word' id='word_1_679' title='bbox 1811 3989 1863 4040; x_wconf 89' lang='lat' dir='ltr'><strong>in</strong></span> <span class='ocrx_word' id='word_1_680' title='bbox 1892 4002 2117 4056; x_wconf 90' lang='lat' dir='ltr'><strong>corpore</strong></span> <span class='ocrx_word' id='word_1_681' title='bbox 2138 3986 2319 4041; x_wconf 88' lang='lat' dir='ltr'><strong>carnis</strong></span> <span class='ocrx_word' id='word_1_682' title='bbox 2351 4002 2462 4041; x_wconf 74' lang='lat' dir='ltr'><strong>sua:</strong></span> <span class='ocrx_word' id='word_1_683' title='bbox 2491 4002 2586 4055; x_wconf 89' lang='lat' dir='ltr'><strong>per</strong></span> <span class='ocrx_word' id='word_1_684' title='bbox 2614 3996 2860 4052; x_wconf 88' lang='lat' dir='ltr'><strong>mortem,</strong></span> <span class='ocrx_word' id='word_1_685' title='bbox 2891 3997 2947 4040; x_wconf 94' lang='lat' dir='ltr'><strong>ut</strong></span> <span class='ocrx_word' id='word_1_686' title='bbox 2972 3987 3251 4041; x_wconf 83' lang='lat' dir='ltr'><strong>exhiberet</strong></span> <span class='ocrx_word' id='word_1_687' title='bbox 3289 4002 3383 4041; x_wconf 89' lang='lat' dir='ltr'><strong>nos</strong></span> 
     </span>
    </p>
   </div>
   <div class='ocr_carea' id='block_1_87' title="bbox 1809 4078 3383 4146">
    <p class='ocr_par' dir='ltr' id='par_1_87' title="bbox 1809 4078 3383 4146">
     <span class='ocr_line' id='line_1_87' title="bbox 1809 4078 3383 4146; baseline -0.001 -14"><span class='ocrx_word' id='word_1_688' title='bbox 1809 4086 2025 4133; x_wconf 91' lang='lat' dir='ltr'><strong>sanctos</strong></span> <span class='ocrx_word' id='word_1_689' title='bbox 2057 4090 2111 4132; x_wconf 90' lang='lat' dir='ltr'><strong>et</strong></span> <span class='ocrx_word' id='word_1_690' title='bbox 2157 4078 2529 4132; x_wconf 81' lang='lat' dir='ltr'><strong>immaculatos</strong></span> <span class='ocrx_word' id='word_1_691' title='bbox 2564 4088 2618 4132; x_wconf 90' lang='lat' dir='ltr'><strong>et</strong></span> <span class='ocrx_word' id='word_1_692' title='bbox 2655 4078 3159 4146; x_wconf 89' lang='lat' dir='ltr'><strong>irreprehensibilcs</strong></span> <span class='ocrx_word' id='word_1_693' title='bbox 3198 4093 3383 4132; x_wconf 91' lang='lat' dir='ltr'><strong>coram</strong></span> 
     </span>
    </p>
   </div>
   <div class='ocr_carea' id='block_1_88' title="bbox 1810 4169 3385 4239">
    <p class='ocr_par' dir='ltr' id='par_1_88' title="bbox 1810 4169 3385 4239">
     <span class='ocr_line' id='line_1_88' title="bbox 1810 4169 3385 4239; baseline -0.001 -15"><span class='ocrx_word' id='word_1_694' title='bbox 1810 4171 1924 4239; x_wconf 91' lang='lat' dir='ltr'><strong>ipso</strong></span> <span class='ocrx_word' id='word_1_695' title='bbox 1956 4189 1970 4227; x_wconf 88' lang='lat'><strong>:</strong></span> <span class='ocrx_word' id='word_1_696' title='bbox 2008 4171 2051 4225; x_wconf 89' lang='lat' dir='ltr'><strong>si</strong></span> <span class='ocrx_word' id='word_1_697' title='bbox 2086 4180 2262 4223; x_wconf 89' lang='lat' dir='ltr'><strong>tamen</strong></span> <span class='ocrx_word' id='word_1_698' title='bbox 2307 4170 2634 4236; x_wconf 89' lang='lat' dir='ltr'><strong>permanetis</strong></span> <span class='ocrx_word' id='word_1_699' title='bbox 2666 4170 2718 4223; x_wconf 93' lang='lat' dir='ltr'><strong>in</strong></span> <span class='ocrx_word' id='word_1_700' title='bbox 2759 4169 2861 4224; x_wconf 76' lang='lat' dir='ltr'><strong>fide</strong></span> <span class='ocrx_word' id='word_1_701' title='bbox 2890 4169 2955 4221; x_wconf 65' lang='grc' dir='ltr'><strong>ιδ.</strong></span> <span class='ocrx_word' id='word_1_702' title='bbox 2992 4188 3009 4220; x_wconf 75' lang='grc' dir='ltr'><strong>ι</strong></span> <span class='ocrx_word' id='word_1_703' title='bbox 3058 4169 3201 4237; x_wconf 83' lang='lat' dir='ltr'><strong>Ergo</strong></span> <span class='ocrx_word' id='word_1_704' title='bbox 3251 4170 3385 4225; x_wconf 75' lang='lat' dir='ltr'><strong>fides</strong></span> 
     </span>
    </p>
   </div>
   <div class='ocr_carea' id='block_1_89' title="bbox 1810 4259 3379 4329">
    <p class='ocr_par' dir='ltr' id='par_1_89' title="bbox 1810 4259 3379 4329">
     <span class='ocr_line' id='line_1_89' title="bbox 1810 4259 3379 4329; baseline 0.003 -18"><span class='ocrx_word' id='word_1_705' title='bbox 1810 4262 2025 4329; x_wconf 84' lang='lat' dir='ltr'><strong>quidem</strong></span> <span class='ocrx_word' id='word_1_706' title='bbox 2052 4262 2202 4327; x_wconf 77' lang='lat' dir='ltr'><strong>juvat</strong></span> <span class='ocrx_word' id='word_1_707' title='bbox 2229 4276 2321 4314; x_wconf 90' lang='lat' dir='ltr'><strong>eos</strong></span> <span class='ocrx_word' id='word_1_708' title='bbox 2366 4262 2457 4329; x_wconf 89' lang='lat' dir='ltr'><strong>qui</strong></span> <span class='ocrx_word' id='word_1_709' title='bbox 2493 4260 2634 4313; x_wconf 90' lang='lat' dir='ltr'><strong>illam</strong></span> <span class='ocrx_word' id='word_1_710' title='bbox 2686 4259 2893 4313; x_wconf 84' lang='lat' dir='ltr'><strong>ﬁrmam</strong></span> <span class='ocrx_word' id='word_1_711' title='bbox 2928 4274 3145 4315; x_wconf 88' lang='lat' dir='ltr'><strong>servare</strong></span> <span class='ocrx_word' id='word_1_712' title='bbox 3185 4270 3379 4316; x_wconf 85' lang='lat' dir='ltr'><strong>statue-</strong></span> 
     </span>
    </p>
   </div>
   <div class='ocr_carea' id='block_1_90' title="bbox 1813 4350 3383 4420">
    <p class='ocr_par' dir='ltr' id='par_1_90' title="bbox 1813 4350 3383 4420">
     <span class='ocr_line' id='line_1_90' title="bbox 1813 4350 3383 4420; baseline 0.001 -16"><span class='ocrx_word' id='word_1_713' title='bbox 1813 4354 1918 4404; x_wconf 91' lang='lat' dir='ltr'><strong>rint</strong></span> <span class='ocrx_word' id='word_1_714' title='bbox 1952 4370 1965 4417; x_wconf 88' lang='lat'>;</span> <span class='ocrx_word' id='word_1_715' title='bbox 2000 4353 2091 4407; x_wconf 89' lang='lat' dir='ltr'><strong>sed</strong></span> <span class='ocrx_word' id='word_1_716' title='bbox 2138 4354 2406 4420; x_wconf 86' lang='lat' dir='ltr'><strong>quomodo</strong></span> <span class='ocrx_word' id='word_1_717' title='bbox 2448 4352 2631 4420; x_wconf 86' lang='lat' dir='ltr'><strong>juvet,</strong></span> <span class='ocrx_word' id='word_1_718' title='bbox 2676 4351 2865 4405; x_wconf 83' lang='lat' dir='ltr'><strong>beatus</strong></span> <span class='ocrx_word' id='word_1_719' title='bbox 2900 4350 3137 4406; x_wconf 83' lang='lat' dir='ltr'><strong>Joannes</strong></span> <span class='ocrx_word' id='word_1_720' title='bbox 3192 4353 3383 4407; x_wconf 86' lang='lat' dir='ltr'><strong>asserit</strong></span> 
     </span>
    </p>
   </div>
   <div class='ocr_carea' id='block_1_91' title="bbox 117 4443 1699 4525">
    <p class='ocr_par' dir='ltr' id='par_1_91' title="bbox 117 4443 1699 4525">
     <span class='ocr_line' id='line_1_91' title="bbox 117 4443 1699 4525; baseline -0.008 -17"><span class='ocrx_word' id='word_1_721' title='bbox 117 4454 276 4525; x_wconf 68' lang='grc' dir='ltr'>αὑτὴν</span> <span class='ocrx_word' id='word_1_722' title='bbox 325 4450 627 4521; x_wconf 80' lang='grc' dir='ltr'>ἑλομένους</span> <span class='ocrx_word' id='word_1_723' title='bbox 659 4448 847 4519; x_wconf 87' lang='grc' dir='ltr'>τηρεῖν</span> <span class='ocrx_word' id='word_1_724' title='bbox 872 4463 884 4476; x_wconf 92' lang='grc'><strong>·</strong></span> <span class='ocrx_word' id='word_1_725' title='bbox 918 4445 1124 4514; x_wconf 83' lang='grc' dir='ltr'>ὀνίνησι</span> <span class='ocrx_word' id='word_1_726' title='bbox 1157 4444 1211 4497; x_wconf 84' lang='grc' dir='ltr'>δὲ</span> <span class='ocrx_word' id='word_1_727' title='bbox 1256 4445 1396 4496; x_wconf 72' lang='grc' dir='ltr'>κατὰ</span> <span class='ocrx_word' id='word_1_728' title='bbox 1432 4443 1550 4496; x_wconf 88' lang='grc' dir='ltr'>τίνα</span> <span class='ocrx_word' id='word_1_729' title='bbox 1581 4446 1699 4513; x_wconf 91' lang='grc' dir='ltr'>τρό-</span> 
     </span>
    </p>
   </div>
   <div class='ocr_carea' id='block_1_92' title="bbox 1803 4443 3385 4525">
    <p class='ocr_par' dir='ltr' id='par_1_92' title="bbox 1814 4444 3385 4511">
     <span class='ocr_line' id='line_1_92' title="bbox 1814 4444 3385 4511; baseline -0.001 -13"><span class='ocrx_word' id='word_1_730' title='bbox 1814 4460 1933 4498; x_wconf 87' lang='lat' dir='ltr'><strong>cum</strong></span> <span class='ocrx_word' id='word_1_731' title='bbox 1984 4445 2159 4498; x_wconf 84' lang='lat' dir='ltr'><strong>dicit:</strong></span> <span class='ocrx_word' id='word_1_732' title='bbox 2195 4462 2212 4495; x_wconf 86' lang='grc' dir='ltr'><strong>ι</strong></span> <span class='ocrx_word' id='word_1_733' title='bbox 2243 4444 2375 4509; x_wconf 85' lang='lat' dir='ltr'><strong>Quis</strong></span> <span class='ocrx_word' id='word_1_734' title='bbox 2420 4452 2600 4497; x_wconf 77' lang='lat' dir='ltr'><strong>autem</strong></span> <span class='ocrx_word' id='word_1_735' title='bbox 2640 4455 2722 4497; x_wconf 88' lang='lat' dir='ltr'><strong>est</strong></span> <span class='ocrx_word' id='word_1_736' title='bbox 2758 4444 2848 4511; x_wconf 91' lang='lat' dir='ltr'><strong>qui</strong></span> <span class='ocrx_word' id='word_1_737' title='bbox 2896 4444 3065 4496; x_wconf 86' lang='lat' dir='ltr'><strong>vincit</strong></span> <span class='ocrx_word' id='word_1_738' title='bbox 3104 4444 3385 4507; x_wconf 88' lang='lat' dir='ltr'><strong>mundum,</strong></span> 
     </span>
    </p>
   </div>
   <div class='ocr_carea' id='block_1_93' title="bbox 118 4532 1701 4605">
    <p class='ocr_par' dir='ltr' id='par_1_93' title="bbox 118 4532 1701 4605">
     <span class='ocr_line' id='line_1_93' title="bbox 118 4532 1701 4605; baseline -0.004 -13"><span class='ocrx_word' id='word_1_739' title='bbox 118 4559 230 4604; x_wconf 83' lang='grc' dir='ltr'>πον,</span> <span class='ocrx_word' id='word_1_740' title='bbox 255 4544 283 4593; x_wconf 84' lang='grc' dir='ltr'><strong>ό</strong></span> <span class='ocrx_word' id='word_1_741' title='bbox 316 4540 605 4605; x_wconf 65' lang='grc' dir='ltr'>πάνσοφος</span> <span class='ocrx_word' id='word_1_742' title='bbox 633 4537 780 4605; x_wconf 76' lang='grc' dir='ltr'>ἡμᾶς</span> <span class='ocrx_word' id='word_1_743' title='bbox 820 4534 1070 4604; x_wconf 79' lang='grc' dir='ltr'>Ἰωάννης</span> <span class='ocrx_word' id='word_1_744' title='bbox 1105 4532 1460 4597; x_wconf 85' lang='grc' dir='ltr'>πιστώσεται,</span> <span class='ocrx_word' id='word_1_745' title='bbox 1497 4533 1701 4600; x_wconf 84' lang='grc' dir='ltr'>λέγων’</span> 
     </span>
    </p>
   </div>
   <div class='ocr_carea' id='block_1_94' title="bbox 123 4623 1705 4693">
    <p class='ocr_par' dir='ltr' id='par_1_94' title="bbox 123 4623 1705 4693">
     <span class='ocr_line' id='line_1_94' title="bbox 123 4623 1705 4693; baseline -0.004 -12"><span class='ocrx_word' id='word_1_746' title='bbox 123 4652 138 4681; x_wconf 77' lang='grc' dir='ltr'><strong>ι</strong></span> <span class='ocrx_word' id='word_1_747' title='bbox 166 4632 260 4692; x_wconf 78' lang='grc' dir='ltr'>Τίς</span> <span class='ocrx_word' id='word_1_748' title='bbox 290 4631 354 4683; x_wconf 87' lang='grc' dir='ltr'><strong>δέ</strong></span> <span class='ocrx_word' id='word_1_749' title='bbox 390 4631 541 4681; x_wconf 81' lang='grc' dir='ltr'>ἐστιν</span> <span class='ocrx_word' id='word_1_750' title='bbox 572 4628 600 4677; x_wconf 89' lang='grc' dir='ltr'>ὁ</span> <span class='ocrx_word' id='word_1_751' title='bbox 628 4624 794 4678; x_wconf 81' lang='grc' dir='ltr'>νικῶν</span> <span class='ocrx_word' id='word_1_752' title='bbox 819 4624 909 4677; x_wconf 67' lang='grc' dir='ltr'>τὸν</span> <span class='ocrx_word' id='word_1_753' title='bbox 940 4625 1160 4693; x_wconf 86' lang='grc' dir='ltr'>κόσμον,</span> <span class='ocrx_word' id='word_1_754' title='bbox 1192 4626 1237 4675; x_wconf 86' lang='grc' dir='ltr'><strong>εί</strong></span> <span class='ocrx_word' id='word_1_755' title='bbox 1271 4623 1346 4692; x_wconf 86' lang='grc' dir='ltr'><strong>μὴ</strong></span> <span class='ocrx_word' id='word_1_756' title='bbox 1374 4625 1401 4675; x_wconf 78' lang='grc' dir='ltr'>ὁ</span> <span class='ocrx_word' id='word_1_757' title='bbox 1432 4624 1705 4676; x_wconf 86' lang='grc' dir='ltr'>πιστεύων</span> 
     </span>
    </p>
   </div>
   <div class='ocr_carea' id='block_1_95' title="bbox 117 4708 1706 4790">
    <p class='ocr_par' dir='ltr' id='par_1_95' title="bbox 117 4708 1706 4790">
     <span class='ocr_line' id='line_1_95' title="bbox 117 4708 1706 4790; baseline -0.004 -18"><span class='ocrx_word' id='word_1_758' title='bbox 117 4723 191 4773; x_wconf 69' lang='grc' dir='ltr'><strong>ὅτι</strong></span> <span class='ocrx_word' id='word_1_759' title='bbox 226 4720 443 4790; x_wconf 78' lang='grc' dir='ltr'>Ἰησοῦς</span> <span class='ocrx_word' id='word_1_760' title='bbox 486 4719 639 4770; x_wconf 75' lang='grc' dir='ltr'>ἐστιν</span> <span class='ocrx_word' id='word_1_761' title='bbox 689 4716 716 4767; x_wconf 80' lang='grc' dir='ltr'><strong>ὁ</strong></span> <span class='ocrx_word' id='word_1_762' title='bbox 766 4715 891 4777; x_wconf 67' lang='grc' dir='ltr'>Υἱὸς</span> <span class='ocrx_word' id='word_1_763' title='bbox 937 4714 1029 4766; x_wconf 86' lang='grc' dir='ltr'><strong>τοῦ</strong></span> <span class='ocrx_word' id='word_1_764' title='bbox 1079 4713 1243 4779; x_wconf 86' lang='grc' dir='ltr'>Θεοῦ;</span> <span class='ocrx_word' id='word_1_765' title='bbox 1276 4708 1444 4777; x_wconf 69' lang='grc' dir='ltr'>Οὗτός</span> <span class='ocrx_word' id='word_1_766' title='bbox 1498 4716 1645 4766; x_wconf 85' lang='grc' dir='ltr'>ἐστιν</span> <span class='ocrx_word' id='word_1_767' title='bbox 1678 4716 1706 4766; x_wconf 91' lang='grc' dir='ltr'>ὁ</span> 
     </span>
    </p>
   </div>
   <div class='ocr_carea' id='block_1_96' title="bbox 118 4806 1706 4876">
    <p class='ocr_par' dir='ltr' id='par_1_96' title="bbox 118 4806 1706 4876">
     <span class='ocr_line' id='line_1_96' title="bbox 118 4806 1706 4876; baseline -0.003 -13"><span class='ocrx_word' id='word_1_768' title='bbox 118 4812 278 4864; x_wconf 73' lang='grc' dir='ltr'>ἐλθὼν</span> <span class='ocrx_word' id='word_1_769' title='bbox 308 4811 379 4865; x_wconf 76' lang='grc' dir='ltr'>δι’</span> <span class='ocrx_word' id='word_1_770' title='bbox 410 4809 606 4870; x_wconf 75' lang='grc' dir='ltr'>ὓδατος</span> <span class='ocrx_word' id='word_1_771' title='bbox 639 4808 733 4859; x_wconf 70' lang='grc' dir='ltr'><strong>καὶ</strong></span> <span class='ocrx_word' id='word_1_772' title='bbox 770 4806 1023 4876; x_wconf 79' lang='grc' dir='ltr'>αἵματος,</span> <span class='ocrx_word' id='word_1_773' title='bbox 1068 4806 1276 4875; x_wconf 85' lang='grc' dir='ltr'>Ἰησοῦς</span> <span class='ocrx_word' id='word_1_774' title='bbox 1310 4806 1572 4875; x_wconf 84' lang='grc' dir='ltr'>Χριστός-</span> <span class='ocrx_word' id='word_1_775' title='bbox 1606 4808 1706 4859; x_wconf 71' lang='grc' dir='ltr'><strong>οὐκ</strong></span> 
     </span>
    </p>
   </div>
   <div class='ocr_carea' id='block_1_97' title="bbox 121 4895 1710 4973">
    <p class='ocr_par' dir='ltr' id='par_1_97' title="bbox 121 4895 1710 4973">
     <span class='ocr_line' id='line_1_97' title="bbox 121 4895 1710 4973; baseline -0.002 -21"><span class='ocrx_word' id='word_1_776' title='bbox 121 4904 170 4954; x_wconf 78' lang='grc' dir='ltr'><strong>ἐν</strong></span> <span class='ocrx_word' id='word_1_777' title='bbox 202 4905 279 4973; x_wconf 77' lang='grc' dir='ltr'>τῷ</span> <span class='ocrx_word' id='word_1_778' title='bbox 316 4903 479 4955; x_wconf 80' lang='grc' dir='ltr'>ῦδατι</span> <span class='ocrx_word' id='word_1_779' title='bbox 515 4899 695 4968; x_wconf 81' lang='grc' dir='ltr'>μόνον,</span> <span class='ocrx_word' id='word_1_780' title='bbox 719 4897 832 4950; x_wconf 83' lang='grc' dir='ltr'>ἀλλ’</span> <span class='ocrx_word' id='word_1_781' title='bbox 857 4898 915 4948; x_wconf 79' lang='grc' dir='ltr'>ἐν</span> <span class='ocrx_word' id='word_1_782' title='bbox 940 4895 1015 4967; x_wconf 78' lang='grc' dir='ltr'><strong>τῷ</strong></span> <span class='ocrx_word' id='word_1_783' title='bbox 1048 4896 1197 4949; x_wconf 73' lang='grc' dir='ltr'>ὕδατι</span> <span class='ocrx_word' id='word_1_784' title='bbox 1224 4896 1319 4949; x_wconf 75' lang='grc' dir='ltr'><strong>καὶ</strong></span> <span class='ocrx_word' id='word_1_785' title='bbox 1358 4897 1583 4966; x_wconf 81' lang='grc' dir='ltr'>αἵματι·</span> <span class='ocrx_word' id='word_1_786' title='bbox 1617 4900 1710 4950; x_wconf 72' lang='grc' dir='ltr'><strong>καὶ</strong></span> 
     </span>
    </p>
   </div>
   <div class='ocr_carea' id='block_1_98' title="bbox 118 4987 1707 5063">
    <p class='ocr_par' dir='ltr' id='par_1_98' title="bbox 118 4987 1707 5063">
     <span class='ocr_line' id='line_1_98' title="bbox 118 4987 1707 5063; baseline -0.005 -16"><span class='ocrx_word' id='word_1_787' title='bbox 118 5000 170 5049; x_wconf 59' lang='grc' dir='ltr'><strong>το</strong></span> <span class='ocrx_word' id='word_1_788' title='bbox 215 4996 448 5063; x_wconf 75' lang='grc' dir='ltr'>Πνεῦμά</span> <span class='ocrx_word' id='word_1_789' title='bbox 486 4997 633 5044; x_wconf 78' lang='grc' dir='ltr'>ἐστιν</span> <span class='ocrx_word' id='word_1_790' title='bbox 665 4992 697 5059; x_wconf 81' lang='grc' dir='ltr'>ἡ</span> <span class='ocrx_word' id='word_1_791' title='bbox 729 4987 986 5059; x_wconf 81' lang='grc' dir='ltr'>ἀλήθεια,</span> <span class='ocrx_word' id='word_1_792' title='bbox 1027 4989 1107 5039; x_wconf 79' lang='grc' dir='ltr'>ὅτι</span> <span class='ocrx_word' id='word_1_793' title='bbox 1154 4988 1303 5055; x_wconf 84' lang='grc' dir='ltr'>τρεῖς</span> <span class='ocrx_word' id='word_1_794' title='bbox 1346 4987 1707 5056; x_wconf 79' lang='grc' dir='ltr'>μαρτυροῦσι,</span> 
     </span>
    </p>
   </div>
   <div class='ocr_carea' id='block_1_99' title="bbox 120 5073 1703 5158">
    <p class='ocr_par' dir='ltr' id='par_1_99' title="bbox 120 5073 1703 5158">
     <span class='ocr_line' id='line_1_99' title="bbox 120 5073 1703 5158; baseline -0.001 -25"><span class='ocrx_word' id='word_1_795' title='bbox 120 5090 172 5140; x_wconf 66' lang='grc' dir='ltr'><strong>τὸ</strong></span> <span class='ocrx_word' id='word_1_796' title='bbox 189 5088 443 5158; x_wconf 73' lang='grc' dir='ltr'>Πνεῦμα,</span> <span class='ocrx_word' id='word_1_797' title='bbox 475 5087 535 5137; x_wconf 85' lang='grc' dir='ltr'>τὸ</span> <span class='ocrx_word' id='word_1_798' title='bbox 566 5083 731 5152; x_wconf 67' lang='grc' dir='ltr'>ὓδωρ,</span> <span class='ocrx_word' id='word_1_799' title='bbox 762 5080 857 5134; x_wconf 74' lang='grc' dir='ltr'><strong>καὶ</strong></span> <span class='ocrx_word' id='word_1_800' title='bbox 883 5079 941 5132; x_wconf 85' lang='grc' dir='ltr'>τὺ</span> <span class='ocrx_word' id='word_1_801' title='bbox 965 5073 1119 5149; x_wconf 74' lang='grc' dir='ltr'>αἷμα.</span> <span class='ocrx_word' id='word_1_802' title='bbox 1158 5080 1267 5130; x_wconf 76' lang='grc' dir='ltr'>Καὶ</span> <span class='ocrx_word' id='word_1_803' title='bbox 1300 5080 1348 5131; x_wconf 80' lang='grc' dir='ltr'><strong>οἱ</strong></span> <span class='ocrx_word' id='word_1_804' title='bbox 1381 5082 1529 5150; x_wconf 84' lang='grc' dir='ltr'>τρεῖς</span> <span class='ocrx_word' id='word_1_805' title='bbox 1558 5080 1618 5132; x_wconf 89' lang='grc' dir='ltr'>τὸ</span> <span class='ocrx_word' id='word_1_806' title='bbox 1645 5080 1703 5132; x_wconf 71' lang='grc' dir='ltr'>ἓν</span> 
     </span>
    </p>
   </div>
   <div class='ocr_carea' id='block_1_100' title="bbox 189 5258 1381 5332">
    <p class='ocr_par' dir='ltr' id='par_1_100' title="bbox 189 5258 1381 5332">
     <span class='ocr_line' id='line_1_100' title="bbox 189 5258 1381 5332; baseline -0.01 -6"><span class='ocrx_word' id='word_1_807' title='bbox 189 5273 223 5302; x_wconf 75' lang='grc' dir='ltr'><strong>ιι</strong></span> <span class='ocrx_word' id='word_1_808' title='bbox 262 5270 278 5325; x_wconf 89' lang='grc' dir='ltr'><strong>ι</strong></span> <span class='ocrx_word' id='word_1_809' title='bbox 311 5270 467 5323; x_wconf 82' lang='lat' dir='ltr'><strong>Pctr.</strong></span> <span class='ocrx_word' id='word_1_810' title='bbox 502 5282 540 5332; x_wconf 78' lang='grc' dir='ltr'>ι,</span> <span class='ocrx_word' id='word_1_811' title='bbox 579 5263 737 5320; x_wconf 70' lang='lat'><strong>3-12.</strong></span> <span class='ocrx_word' id='word_1_812' title='bbox 818 5264 860 5298; x_wconf 73' lang='grc' dir='ltr'><strong>ἰ</strong></span> <span class='ocrx_word' id='word_1_813' title='bbox 890 5260 1119 5329; x_wconf 86' lang='lat' dir='ltr'><strong>Philipp.</strong></span> <span class='ocrx_word' id='word_1_814' title='bbox 1157 5275 1214 5323; x_wconf 88' lang='grc' dir='ltr'><strong>ιι,</strong></span> <span class='ocrx_word' id='word_1_815' title='bbox 1240 5258 1293 5325; x_wconf 84' lang='grc'>6,</span> <span class='ocrx_word' id='word_1_816' title='bbox 1331 5259 1381 5314; x_wconf 88' lang='lat'><strong>7.</strong></span> 
     </span>
    </p>
   </div>
   <div class='ocr_carea' id='block_1_101' title="bbox 1462 5260 1912 5325">
    <p class='ocr_par' dir='ltr' id='par_1_101' title="bbox 1462 5260 1912 5325">
     <span class='ocr_line' id='line_1_101' title="bbox 1462 5260 1912 5325; baseline 0.002 -13"><span class='ocrx_word' id='word_1_817' title='bbox 1462 5260 1504 5290; x_wconf 86' lang='grc'><strong>¹³</strong></span> <span class='ocrx_word' id='word_1_818' title='bbox 1539 5261 1637 5315; x_wconf 81' lang='lat' dir='ltr'><strong>lsa.</strong></span> <span class='ocrx_word' id='word_1_819' title='bbox 1673 5278 1820 5325; x_wconf 73' lang='lat' dir='ltr'><strong>thx,</strong></span> <span class='ocrx_word' id='word_1_820' title='bbox 1863 5262 1912 5313; x_wconf 82' lang='lat'><strong>9.</strong></span> 
     </span>
    </p>
   </div>
   <div class='ocr_carea' id='block_1_102' title="bbox 1815 4533 3384 4605">
    <p class='ocr_par' dir='ltr' id='par_1_102' title="bbox 1815 4533 3384 4605">
     <span class='ocr_line' id='line_1_102' title="bbox 1815 4533 3384 4605; baseline -0.001 -16"><span class='ocrx_word' id='word_1_821' title='bbox 1815 4537 1915 4589; x_wconf 90' lang='lat' dir='ltr'><strong>nisi</strong></span> <span class='ocrx_word' id='word_1_822' title='bbox 1940 4539 2027 4605; x_wconf 89' lang='lat' dir='ltr'><strong>qui</strong></span> <span class='ocrx_word' id='word_1_823' title='bbox 2068 4536 2238 4590; x_wconf 90' lang='lat' dir='ltr'><strong>credit</strong></span> <span class='ocrx_word' id='word_1_824' title='bbox 2270 4536 2413 4604; x_wconf 85' lang='lat' dir='ltr'><strong>quod</strong></span> <span class='ocrx_word' id='word_1_825' title='bbox 2437 4534 2593 4589; x_wconf 81' lang='lat' dir='ltr'><strong>Jcsus</strong></span> <span class='ocrx_word' id='word_1_826' title='bbox 2639 4544 2724 4589; x_wconf 91' lang='lat' dir='ltr'><strong>est</strong></span> <span class='ocrx_word' id='word_1_827' title='bbox 2763 4533 2931 4589; x_wconf 87' lang='lat' dir='ltr'><strong>Filius</strong></span> <span class='ocrx_word' id='word_1_828' title='bbox 2976 4536 3113 4589; x_wconf 85' lang='lat' dir='ltr'><strong>Dei?</strong></span> <span class='ocrx_word' id='word_1_829' title='bbox 3161 4534 3259 4589; x_wconf 90' lang='lat' dir='ltr'><strong>Hic</strong></span> <span class='ocrx_word' id='word_1_830' title='bbox 3304 4545 3384 4590; x_wconf 80' lang='lat' dir='ltr'><strong>est</strong></span> 
     </span>
    </p>
   </div>
   <div class='ocr_carea' id='block_1_103' title="bbox 1814 4623 3367 4693">
    <p class='ocr_par' dir='ltr' id='par_1_103' title="bbox 1814 4623 3367 4693">
     <span class='ocr_line' id='line_1_103' title="bbox 1814 4623 3367 4693; baseline 0.001 -18"><span class='ocrx_word' id='word_1_831' title='bbox 1814 4627 1902 4693; x_wconf 89' lang='lat' dir='ltr'><strong>qui</strong></span> <span class='ocrx_word' id='word_1_832' title='bbox 1953 4625 2097 4677; x_wconf 88' lang='lat' dir='ltr'><strong>venit</strong></span> <span class='ocrx_word' id='word_1_833' title='bbox 2128 4641 2221 4693; x_wconf 86' lang='lat' dir='ltr'><strong>per</strong></span> <span class='ocrx_word' id='word_1_834' title='bbox 2248 4640 2439 4693; x_wconf 87' lang='lat' dir='ltr'><strong>aquam</strong></span> <span class='ocrx_word' id='word_1_835' title='bbox 2481 4635 2531 4678; x_wconf 92' lang='lat' dir='ltr'><strong>et</strong></span> <span class='ocrx_word' id='word_1_836' title='bbox 2554 4625 2864 4693; x_wconf 81' lang='lat' dir='ltr'><strong>sanguinem</strong></span> <span class='ocrx_word' id='word_1_837' title='bbox 2903 4623 3058 4677; x_wconf 89' lang='lat' dir='ltr'><strong>Jcsus</strong></span> <span class='ocrx_word' id='word_1_838' title='bbox 3089 4624 3367 4680; x_wconf 81' lang='lat' dir='ltr'><strong>Christus:</strong></span> 
     </span>
    </p>
   </div>
   <div class='ocr_carea' id='block_1_104' title="bbox 1818 4717 3390 4785">
    <p class='ocr_par' dir='ltr' id='par_1_104' title="bbox 1818 4717 3390 4785">
     <span class='ocr_line' id='line_1_104' title="bbox 1818 4717 3390 4785; baseline -0.001 -15"><span class='ocrx_word' id='word_1_839' title='bbox 1818 4734 1920 4770; x_wconf 88' lang='lat' dir='ltr'><strong>non</strong></span> <span class='ocrx_word' id='word_1_840' title='bbox 1961 4718 2011 4769; x_wconf 91' lang='lat' dir='ltr'><strong>in</strong></span> <span class='ocrx_word' id='word_1_841' title='bbox 2046 4733 2181 4784; x_wconf 86' lang='lat' dir='ltr'><strong>aqua</strong></span> <span class='ocrx_word' id='word_1_842' title='bbox 2227 4717 2397 4771; x_wconf 84' lang='lat' dir='ltr'><strong>solum</strong></span> <span class='ocrx_word' id='word_1_843' title='bbox 2424 4758 2436 4781; x_wconf 90' lang='lat'><strong>,</strong></span> <span class='ocrx_word' id='word_1_844' title='bbox 2481 4718 2574 4769; x_wconf 85' lang='lat' dir='ltr'><strong>sed</strong></span> <span class='ocrx_word' id='word_1_845' title='bbox 2625 4718 2674 4770; x_wconf 92' lang='lat' dir='ltr'><strong>iu</strong></span> <span class='ocrx_word' id='word_1_846' title='bbox 2731 4732 2869 4783; x_wconf 88' lang='lat' dir='ltr'><strong>aqua</strong></span> <span class='ocrx_word' id='word_1_847' title='bbox 2895 4726 2946 4768; x_wconf 89' lang='lat' dir='ltr'><strong>et</strong></span> <span class='ocrx_word' id='word_1_848' title='bbox 2982 4720 3263 4785; x_wconf 89' lang='lat' dir='ltr'><strong>sanguine.</strong></span> <span class='ocrx_word' id='word_1_849' title='bbox 3324 4718 3390 4771; x_wconf 86' lang='lat' dir='ltr'><strong>Et</strong></span> 
     </span>
    </p>
   </div>
   <div class='ocr_carea' id='block_1_105' title="bbox 1817 4806 3387 4877">
    <p class='ocr_par' dir='ltr' id='par_1_105' title="bbox 1817 4806 3387 4877">
     <span class='ocr_line' id='line_1_105' title="bbox 1817 4806 3387 4877; baseline 0 -15"><span class='ocrx_word' id='word_1_850' title='bbox 1817 4808 2050 4876; x_wconf 85' lang='lat' dir='ltr'><strong>Spiritus</strong></span> <span class='ocrx_word' id='word_1_851' title='bbox 2080 4817 2163 4861; x_wconf 88' lang='lat' dir='ltr'><strong>est</strong></span> <span class='ocrx_word' id='word_1_852' title='bbox 2191 4808 2410 4871; x_wconf 86' lang='lat' dir='ltr'><strong>veritas,</strong></span> <span class='ocrx_word' id='word_1_853' title='bbox 2448 4808 2571 4874; x_wconf 85' lang='lat' dir='ltr'><strong>quia</strong></span> <span class='ocrx_word' id='word_1_854' title='bbox 2615 4816 2724 4860; x_wconf 88' lang='lat' dir='ltr'><strong>tres</strong></span> <span class='ocrx_word' id='word_1_855' title='bbox 2763 4806 2918 4877; x_wconf 59' lang='lat'><strong>14.3</strong></span> <span class='ocrx_word' id='word_1_856' title='bbox 2948 4814 3072 4859; x_wconf 91' lang='lat' dir='ltr'><strong>sunt</strong></span> <span class='ocrx_word' id='word_1_857' title='bbox 3105 4806 3194 4874; x_wconf 90' lang='lat' dir='ltr'><strong>qui</strong></span> <span class='ocrx_word' id='word_1_858' title='bbox 3232 4808 3387 4862; x_wconf 87' lang='lat' dir='ltr'><strong>testi-</strong></span> 
     </span>
    </p>
   </div>
   <div class='ocr_carea' id='block_1_106' title="bbox 1818 4898 3387 4967">
    <p class='ocr_par' dir='ltr' id='par_1_106' title="bbox 1818 4898 3387 4967">
     <span class='ocr_line' id='line_1_106' title="bbox 1818 4898 3387 4967; baseline 0 -14"><span class='ocrx_word' id='word_1_859' title='bbox 1818 4899 2056 4953; x_wconf 88' lang='lat' dir='ltr'><strong>monium</strong></span> <span class='ocrx_word' id='word_1_860' title='bbox 2093 4898 2416 4967; x_wconf 91' lang='lat' dir='ltr'><strong>perhibent,</strong></span> <span class='ocrx_word' id='word_1_861' title='bbox 2453 4898 2718 4967; x_wconf 86' lang='lat' dir='ltr'><strong>Spiritus,</strong></span> <span class='ocrx_word' id='word_1_862' title='bbox 2752 4908 2804 4950; x_wconf 93' lang='lat' dir='ltr'><strong>et</strong></span> <span class='ocrx_word' id='word_1_863' title='bbox 2841 4913 3013 4966; x_wconf 87' lang='lat' dir='ltr'><strong>aqua,</strong></span> <span class='ocrx_word' id='word_1_864' title='bbox 3047 4910 3098 4951; x_wconf 94' lang='lat' dir='ltr'><strong>et</strong></span> <span class='ocrx_word' id='word_1_865' title='bbox 3122 4899 3339 4967; x_wconf 89' lang='lat' dir='ltr'><strong>sanguis</strong></span> <span class='ocrx_word' id='word_1_866' title='bbox 3368 4914 3387 4953; x_wconf 93' lang='lat'><strong><em>:</em></strong></span> 
     </span>
    </p>
   </div>
   <div class='ocr_carea' id='block_1_107' title="bbox 1816 4987 3389 5044">
    <p class='ocr_par' dir='ltr' id='par_1_107' title="bbox 1816 4987 3389 5044">
     <span class='ocr_line' id='line_1_107' title="bbox 1816 4987 3389 5044; baseline -0.001 0"><span class='ocrx_word' id='word_1_867' title='bbox 1816 5002 1870 5044; x_wconf 92' lang='lat' dir='ltr'><strong>et</strong></span> <span class='ocrx_word' id='word_1_868' title='bbox 1913 4989 1963 5043; x_wconf 92' lang='lat' dir='ltr'><strong>hi</strong></span> <span class='ocrx_word' id='word_1_869' title='bbox 2010 4998 2119 5043; x_wconf 90' lang='lat' dir='ltr'><strong>tres</strong></span> <span class='ocrx_word' id='word_1_870' title='bbox 2168 5006 2332 5042; x_wconf 90' lang='lat' dir='ltr'><strong>unum</strong></span> <span class='ocrx_word' id='word_1_871' title='bbox 2390 4998 2534 5043; x_wconf 86' lang='lat' dir='ltr'><strong>sunt.</strong></span> <span class='ocrx_word' id='word_1_872' title='bbox 2590 4988 2645 5042; x_wconf 91' lang='lat' dir='ltr'><strong>Si</strong></span> <span class='ocrx_word' id='word_1_873' title='bbox 2698 4987 3064 5042; x_wconf 87' lang='lat' dir='ltr'><strong>testimonium</strong></span> <span class='ocrx_word' id='word_1_874' title='bbox 3112 4988 3389 5042; x_wconf 88' lang='lat' dir='ltr'><strong>hominum</strong></span> 
     </span>
    </p>
   </div>
   <div class='ocr_carea' id='block_1_108' title="bbox 1817 5078 3390 5150">
    <p class='ocr_par' dir='ltr' id='par_1_108' title="bbox 1817 5078 3390 5150">
     <span class='ocr_line' id='line_1_108' title="bbox 1817 5078 3390 5150; baseline -0.001 -16"><span class='ocrx_word' id='word_1_875' title='bbox 1817 5080 2141 5150; x_wconf 79' lang='lat' dir='ltr'><strong>accipimus,</strong></span> <span class='ocrx_word' id='word_1_876' title='bbox 2178 5080 2542 5135; x_wconf 89' lang='lat' dir='ltr'><strong>testimonium</strong></span> <span class='ocrx_word' id='word_1_877' title='bbox 2594 5078 2684 5133; x_wconf 90' lang='lat' dir='ltr'><strong>Dei</strong></span> <span class='ocrx_word' id='word_1_878' title='bbox 2738 5078 2912 5146; x_wconf 86' lang='lat' dir='ltr'><strong>majus</strong></span> <span class='ocrx_word' id='word_1_879' title='bbox 2968 5088 3050 5133; x_wconf 88' lang='lat' dir='ltr'><strong>cst</strong></span> <span class='ocrx_word' id='word_1_880' title='bbox 3081 5094 3094 5144; x_wconf 88' lang='lat'>;</span> <span class='ocrx_word' id='word_1_881' title='bbox 3126 5079 3250 5147; x_wconf 83' lang='lat' dir='ltr'><strong>quia</strong></span> <span class='ocrx_word' id='word_1_882' title='bbox 3289 5079 3390 5133; x_wconf 88' lang='lat' dir='ltr'><strong>hoc</strong></span> 
     </span>
    </p>
   </div>
   <div class='ocr_carea' id='block_1_109' title="bbox 1997 5260 2575 5327">
    <p class='ocr_par' dir='ltr' id='par_1_109' title="bbox 1997 5260 2575 5327">
     <span class='ocr_line' id='line_1_109' title="bbox 1997 5260 2575 5327; baseline 0.002 -13"><span class='ocrx_word' id='word_1_883' title='bbox 1997 5260 2036 5293; x_wconf 76' lang='grc'><strong>¹¹⁵</strong></span> <span class='ocrx_word' id='word_1_884' title='bbox 2070 5261 2276 5316; x_wconf 84' lang='lat' dir='ltr'><strong>Coloss.</strong></span> <span class='ocrx_word' id='word_1_885' title='bbox 2314 5278 2348 5327; x_wconf 84' lang='grc' dir='ltr'><strong>ι,</strong></span> <span class='ocrx_word' id='word_1_886' title='bbox 2383 5262 2575 5315; x_wconf 72' lang='lat' dir='ltr'><strong>Eli—25.</strong></span> 
     </span>
    </p>
   </div>
   <div class='ocr_carea' id='block_1_110' title="bbox 1388 5412 2134 5471">
    <p class='ocr_par' dir='ltr' id='par_1_110' title="bbox 1388 5412 2134 5471">
     <span class='ocr_line' id='line_1_110' title="bbox 1388 5412 2134 5471; baseline 0.005 -4"><span class='ocrx_word' id='word_1_887' title='bbox 1388 5412 1548 5467; x_wconf 81' lang='lat' dir='ltr'><strong>ANT.</strong></span> <span class='ocrx_word' id='word_1_888' title='bbox 1592 5414 1864 5470; x_wconf 81' lang='lat' dir='ltr'><strong>AGELLII</strong></span> <span class='ocrx_word' id='word_1_889' title='bbox 1906 5415 2134 5471; x_wconf 61' lang='lat' dir='ltr'><strong>NOTAE.</strong></span> 
     </span>
    </p>
   </div>
   <div class='ocr_carea' id='block_1_111' title="bbox 189 5590 1699 5669">
    <p class='ocr_par' dir='ltr' id='par_1_111' title="bbox 189 5590 1699 5669">
     <span class='ocr_line' id='line_1_111' title="bbox 189 5590 1699 5669; baseline -0.01 -11"><span class='ocrx_word' id='word_1_890' title='bbox 189 5603 299 5669; x_wconf 72' lang='lat'><strong>(38)</strong></span> <span class='ocrx_word' id='word_1_891' title='bbox 339 5602 435 5655; x_wconf 81' lang='lat' dir='ltr'><strong>Sic</strong></span> <span class='ocrx_word' id='word_1_892' title='bbox 470 5598 749 5669; x_wconf 72' lang='lat' dir='ltr'><strong>habebant</strong></span> <span class='ocrx_word' id='word_1_893' title='bbox 778 5591 1153 5669; x_wconf 35' lang='lat' dir='ltr'><strong>coddLCyrilli</strong></span> <span class='ocrx_word' id='word_1_894' title='bbox 1192 5591 1334 5645; x_wconf 90' lang='lat' dir='ltr'><strong>hunc</strong></span> <span class='ocrx_word' id='word_1_895' title='bbox 1366 5590 1542 5669; x_wconf 79' lang='lat' dir='ltr'><strong>locum</strong></span> <span class='ocrx_word' id='word_1_896' title='bbox 1576 5591 1699 5669; x_wconf 61' lang='lat' dir='ltr'><strong>Epi-</strong></span> 
     </span>
    </p>
   </div>
   <div class='ocr_carea' id='block_1_112' title="bbox 124 5661 1700 5731">
    <p class='ocr_par' dir='ltr' id='par_1_112' title="bbox 124 5661 1700 5731">
     <span class='ocr_line' id='line_1_112' title="bbox 124 5661 1700 5731; baseline -0.008 -7"><span class='ocrx_word' id='word_1_897' title='bbox 124 5661 313 5726; x_wconf 55' lang='grc' dir='ltr'>εωὶεῖ</span> <span class='ocrx_word' id='word_1_898' title='bbox 345 5670 491 5726; x_wconf 81' lang='lat' dir='ltr'><strong>beati</strong></span> <span class='ocrx_word' id='word_1_899' title='bbox 526 5668 668 5722; x_wconf 81' lang='lat' dir='ltr'><strong>Petri</strong></span> <span class='ocrx_word' id='word_1_900' title='bbox 704 5682 825 5731; x_wconf 88' lang='lat' dir='ltr'><strong>cap.</strong></span> <span class='ocrx_word' id='word_1_901' title='bbox 854 5678 889 5715; x_wconf 86' lang='grc' dir='ltr'>ι.</span> <span class='ocrx_word' id='word_1_902' title='bbox 926 5661 1189 5717; x_wconf 64' lang='lat' dir='ltr'><strong>Caeterum</strong></span> <span class='ocrx_word' id='word_1_903' title='bbox 1218 5661 1505 5731; x_wconf 70' lang='lat' dir='ltr'><strong>etvnlgnla</strong></span> <span class='ocrx_word' id='word_1_904' title='bbox 1536 5663 1700 5731; x_wconf 70' lang='lat' dir='ltr'><strong>editio</strong></span> 
     </span>
    </p>
   </div>
   <div class='ocr_carea' id='block_1_113' title="bbox 127 5729 1694 5804">
    <p class='ocr_par' dir='ltr' id='par_1_113' title="bbox 127 5729 1694 5804">
     <span class='ocr_line' id='line_1_113' title="bbox 127 5729 1694 5804; baseline -0.006 -8"><span class='ocrx_word' id='word_1_905' title='bbox 127 5740 333 5804; x_wconf 58' lang='lat' dir='ltr'><strong>Latina.</strong></span> <span class='ocrx_word' id='word_1_906' title='bbox 365 5752 418 5799; x_wconf 89' lang='lat' dir='ltr'><strong>ct</strong></span> <span class='ocrx_word' id='word_1_907' title='bbox 458 5740 616 5796; x_wconf 81' lang='lat' dir='ltr'><strong>codd.</strong></span> <span class='ocrx_word' id='word_1_908' title='bbox 672 5729 851 5792; x_wconf 52' lang='lat' dir='ltr'><strong>Orici</strong></span> <span class='ocrx_word' id='word_1_909' title='bbox 890 5732 1219 5789; x_wconf 73' lang='lat' dir='ltr'><strong>Testamenti</strong></span> <span class='ocrx_word' id='word_1_910' title='bbox 1254 5729 1405 5795; x_wconf 77' lang='lat' dir='ltr'><strong>Novi,</strong></span> <span class='ocrx_word' id='word_1_911' title='bbox 1452 5740 1501 5783; x_wconf 79' lang='lat' dir='ltr'><strong>rt</strong></span> <span class='ocrx_word' id='word_1_912' title='bbox 1553 5730 1694 5787; x_wconf 74' lang='lat' dir='ltr'><strong>Vati-</strong></span> 
     </span>
    </p>
   </div>
   <div class='ocr_carea' id='block_1_114' title="bbox 1808 5595 3389 5666">
    <p class='ocr_par' dir='ltr' id='par_1_114' title="bbox 1808 5595 3389 5666">
     <span class='ocr_line' id='line_1_114' title="bbox 1808 5595 3389 5666; baseline 0.001 -18"><span class='ocrx_word' id='word_1_913' title='bbox 1808 5610 1980 5648; x_wconf 87' lang='lat' dir='ltr'><strong>canus</strong></span> <span class='ocrx_word' id='word_1_914' title='bbox 2009 5598 2173 5666; x_wconf 76' lang='lat' dir='ltr'><strong>codex</strong></span> <span class='ocrx_word' id='word_1_915' title='bbox 2212 5596 2623 5665; x_wconf 87' lang='lat' dir='ltr'><strong>antiquissimus</strong></span> <span class='ocrx_word' id='word_1_916' title='bbox 2652 5595 2849 5666; x_wconf 88' lang='lat' dir='ltr'><strong>habent</strong></span> <span class='ocrx_word' id='word_1_917' title='bbox 2883 5596 3117 5649; x_wconf 83' lang='lat' dir='ltr'><strong>secunda</strong></span> <span class='ocrx_word' id='word_1_918' title='bbox 3152 5610 3389 5666; x_wconf 81' lang='lat' dir='ltr'><strong>persona</strong></span> 
     </span>
    </p>
   </div>
   <div class='ocr_carea' id='block_1_115' title="bbox 1811 5665 3051 5735">
    <p class='ocr_par' dir='ltr' id='par_1_115' title="bbox 1811 5665 3051 5735">
     <span class='ocr_line' id='line_1_115' title="bbox 1811 5665 3051 5735; baseline 0.002 -20"><span class='ocrx_word' id='word_1_919' title='bbox 1811 5665 2086 5734; x_wconf 68' lang='grc' dir='ltr'>ἀνηγγέλη</span> <span class='ocrx_word' id='word_1_920' title='bbox 2120 5666 2247 5735; x_wconf 77' lang='grc' dir='ltr'>ὑμῖν</span> <span class='ocrx_word' id='word_1_921' title='bbox 2274 5678 2324 5723; x_wconf 87' lang='lat' dir='ltr'><strong>ct</strong></span> <span class='ocrx_word' id='word_1_922' title='bbox 2355 5665 2867 5735; x_wconf 73' lang='grc' dir='ltr'>εὐαγγελισαμένων</span> <span class='ocrx_word' id='word_1_923' title='bbox 2890 5666 3051 5735; x_wconf 73' lang='grc' dir='ltr'>ὑμᾶς.</span> 
     </span>
    </p>
   </div>
  </div>
