  <div class='ocr_page' id='page_1' title='image "/cluster/home/n/w/nwhite01/storage/ocr_20150623/76/ien.35556001661040/135.png"; bbox 0 0 4040 6474; ppageno 0'>
   <div class='ocr_carea' id='block_1_1' title="bbox 607 394 714 452">
    <p class='ocr_par' dir='ltr' id='par_1_1' title="bbox 607 394 714 452">
     <span class='ocr_line' id='line_1_1' title="bbox 607 394 714 452; baseline -0.037 0"><span class='ocrx_word' id='word_1_1' title='bbox 607 394 714 452; x_wconf 71' lang='grc'>247</span> 
     </span>
    </p>
   </div>
   <div class='ocr_carea' id='block_1_2' title="bbox 1596 376 2830 442">
    <p class='ocr_par' dir='ltr' id='par_1_2' title="bbox 1596 376 2830 442">
     <span class='ocr_line' id='line_1_2' title="bbox 1596 376 2830 442; baseline -0.009 0"><span class='ocrx_word' id='word_1_2' title='bbox 1596 389 1655 442; x_wconf 91' lang='lat' dir='ltr'><strong>S.</strong></span> <span class='ocrx_word' id='word_1_3' title='bbox 1697 383 1972 441; x_wconf 74' lang='lat' dir='ltr'>CYRILLI</span> <span class='ocrx_word' id='word_1_4' title='bbox 2008 378 2474 437; x_wconf 78' lang='lat' dir='ltr'>ALEXANDle</span> <span class='ocrx_word' id='word_1_5' title='bbox 2515 376 2830 433; x_wconf 79' lang='lat' dir='ltr'>ARCHIEP.</span> 
     </span>
    </p>
   </div>
   <div class='ocr_carea' id='block_1_3' title="bbox 3753 365 3863 419">
    <p class='ocr_par' dir='ltr' id='par_1_3' title="bbox 3753 365 3863 419">
     <span class='ocr_line' id='line_1_3' title="bbox 3753 365 3863 419; baseline -0.018 0"><span class='ocrx_word' id='word_1_6' title='bbox 3753 365 3863 419; x_wconf 67' lang='grc'>248</span> 
     </span>
    </p>
   </div>
   <div class='ocr_carea' id='block_1_4' title="bbox 606 477 2184 565">
    <p class='ocr_par' dir='ltr' id='par_1_4' title="bbox 606 493 2184 565">
     <span class='ocr_line' id='line_1_4' title="bbox 606 493 2184 565; baseline -0.005 -9"><span class='ocrx_word' id='word_1_7' title='bbox 606 510 692 556; x_wconf 87' lang='lat' dir='ltr'>est</span> <span class='ocrx_word' id='word_1_8' title='bbox 734 497 1102 555; x_wconf 83' lang='lat' dir='ltr'><strong>testimonium</strong></span> <span class='ocrx_word' id='word_1_9' title='bbox 1148 497 1242 551; x_wconf 87' lang='lat' dir='ltr'>Dei</span> <span class='ocrx_word' id='word_1_10' title='bbox 1279 497 1404 565; x_wconf 84' lang='lat' dir='ltr'>quia</span> <span class='ocrx_word' id='word_1_11' title='bbox 1440 496 1764 551; x_wconf 81' lang='lat' dir='ltr'><strong>testiﬁcatus</strong></span> <span class='ocrx_word' id='word_1_12' title='bbox 1791 503 1877 550; x_wconf 88' lang='lat' dir='ltr'>est</span> <span class='ocrx_word' id='word_1_13' title='bbox 1931 495 1998 548; x_wconf 88' lang='lat' dir='ltr'>de</span> <span class='ocrx_word' id='word_1_14' title='bbox 2047 493 2184 548; x_wconf 88' lang='lat' dir='ltr'><strong>Filio</strong></span> 
     </span>
    </p>
   </div>
   <div class='ocr_carea' id='block_1_5' title="bbox 2285 477 3862 565">
    <p class='ocr_par' dir='ltr' id='par_1_5' title="bbox 2285 477 3862 559">
     <span class='ocr_line' id='line_1_5' title="bbox 2285 477 3862 559; baseline -0.01 -15"><span class='ocrx_word' id='word_1_15' title='bbox 2285 493 2442 544; x_wconf 71' lang='grc' dir='ltr'>εἰσιν.</span> <span class='ocrx_word' id='word_1_16' title='bbox 2472 490 2536 542; x_wconf 78' lang='lat' dir='ltr'>Ei</span> <span class='ocrx_word' id='word_1_17' title='bbox 2564 489 2662 559; x_wconf 76' lang='grc' dir='ltr'>τὴν</span> <span class='ocrx_word' id='word_1_18' title='bbox 2693 488 2998 558; x_wconf 82' lang='grc' dir='ltr'>μαρτυρίαν</span> <span class='ocrx_word' id='word_1_19' title='bbox 3023 485 3134 538; x_wconf 84' lang='grc' dir='ltr'>τῶν</span> <span class='ocrx_word' id='word_1_20' title='bbox 3159 480 3462 552; x_wconf 83' lang='grc' dir='ltr'>ἀνθρώπων</span> <span class='ocrx_word' id='word_1_21' title='bbox 3488 477 3862 547; x_wconf 75' lang='grc' dir='ltr'>λαμϐάνομεν,</span> 
     </span>
    </p>
   </div>
   <div class='ocr_carea' id='block_1_6' title="bbox 604 586 2180 657">
    <p class='ocr_par' dir='ltr' id='par_1_6' title="bbox 604 586 2180 657">
     <span class='ocr_line' id='line_1_6' title="bbox 604 586 2180 657; baseline -0.006 -9"><span class='ocrx_word' id='word_1_22' title='bbox 604 607 725 648; x_wconf 79' lang='lat' dir='ltr'><strong>suo.</strong></span> <span class='ocrx_word' id='word_1_23' title='bbox 777 590 880 657; x_wconf 83' lang='lat' dir='ltr'>Qui</span> <span class='ocrx_word' id='word_1_24' title='bbox 908 590 1079 644; x_wconf 87' lang='lat' dir='ltr'>credit</span> <span class='ocrx_word' id='word_1_25' title='bbox 1117 589 1170 643; x_wconf 87' lang='lat' dir='ltr'>in</span> <span class='ocrx_word' id='word_1_26' title='bbox 1203 589 1397 642; x_wconf 80' lang='lat' dir='ltr'><strong>Filium</strong></span> <span class='ocrx_word' id='word_1_27' title='bbox 1442 589 1570 652; x_wconf 89' lang='lat' dir='ltr'><strong>Dei,</strong></span> <span class='ocrx_word' id='word_1_28' title='bbox 1610 588 1774 643; x_wconf 83' lang='lat' dir='ltr'><strong>habet</strong></span> <span class='ocrx_word' id='word_1_29' title='bbox 1812 586 2180 642; x_wconf 80' lang='lat' dir='ltr'><strong>testimonium</strong></span> 
     </span>
    </p>
   </div>
   <div class='ocr_carea' id='block_1_7' title="bbox 607 678 2180 750">
    <p class='ocr_par' dir='ltr' id='par_1_7' title="bbox 607 678 2180 750">
     <span class='ocr_line' id='line_1_7' title="bbox 607 678 2180 750; baseline -0.003 -14"><span class='ocrx_word' id='word_1_30' title='bbox 607 682 659 736; x_wconf 92' lang='lat' dir='ltr'><strong>in</strong></span> <span class='ocrx_word' id='word_1_31' title='bbox 684 695 744 735; x_wconf 88' lang='lat' dir='ltr'>se</span> <span class='ocrx_word' id='word_1_32' title='bbox 765 681 882 750; x_wconf 85' lang='lat' dir='ltr'><strong>ipso</strong></span> <span class='ocrx_word' id='word_1_33' title='bbox 906 695 922 745; x_wconf 89' lang='lat'><strong>;</strong></span> <span class='ocrx_word' id='word_1_34' title='bbox 953 679 1044 748; x_wconf 87' lang='lat' dir='ltr'><strong>qui</strong></span> <span class='ocrx_word' id='word_1_35' title='bbox 1069 693 1172 733; x_wconf 91' lang='lat' dir='ltr'>non</span> <span class='ocrx_word' id='word_1_36' title='bbox 1198 679 1370 734; x_wconf 87' lang='lat' dir='ltr'>credit</span> <span class='ocrx_word' id='word_1_37' title='bbox 1393 678 1518 744; x_wconf 91' lang='lat' dir='ltr'><strong>Deo,</strong></span> <span class='ocrx_word' id='word_1_38' title='bbox 1545 679 1858 733; x_wconf 88' lang='lat' dir='ltr'><strong>mendacem</strong></span> <span class='ocrx_word' id='word_1_39' title='bbox 1886 678 2013 732; x_wconf 81' lang='lat' dir='ltr'><strong>fecit</strong></span> <span class='ocrx_word' id='word_1_40' title='bbox 2034 691 2180 740; x_wconf 87' lang='lat' dir='ltr'><strong>eum,</strong></span> 
     </span>
    </p>
   </div>
   <div class='ocr_carea' id='block_1_8' title="bbox 607 768 2185 843">
    <p class='ocr_par' dir='ltr' id='par_1_8' title="bbox 607 768 2185 843">
     <span class='ocr_line' id='line_1_8' title="bbox 607 768 2185 843; baseline -0.003 -17"><span class='ocrx_word' id='word_1_41' title='bbox 607 773 699 843; x_wconf 87' lang='lat' dir='ltr'>qui</span> <span class='ocrx_word' id='word_1_42' title='bbox 738 786 843 826; x_wconf 91' lang='lat' dir='ltr'>non</span> <span class='ocrx_word' id='word_1_43' title='bbox 883 772 1052 825; x_wconf 83' lang='lat' dir='ltr'>credit</span> <span class='ocrx_word' id='word_1_44' title='bbox 1089 770 1142 824; x_wconf 84' lang='lat' dir='ltr'>in</span> <span class='ocrx_word' id='word_1_45' title='bbox 1177 770 1543 825; x_wconf 87' lang='lat' dir='ltr'><strong>testimonium</strong></span> <span class='ocrx_word' id='word_1_46' title='bbox 1580 768 1721 836; x_wconf 86' lang='lat' dir='ltr'><strong>quod</strong></span> <span class='ocrx_word' id='word_1_47' title='bbox 1756 768 2072 822; x_wconf 78' lang='lat' dir='ltr'><strong>testiﬁcatus</strong></span> <span class='ocrx_word' id='word_1_48' title='bbox 2098 775 2185 822; x_wconf 89' lang='lat' dir='ltr'>est</span> 
     </span>
    </p>
   </div>
   <div class='ocr_carea' id='block_1_9' title="bbox 607 859 2183 927">
    <p class='ocr_par' dir='ltr' id='par_1_9' title="bbox 607 859 2183 927">
     <span class='ocr_line' id='line_1_9' title="bbox 607 859 2183 927; baseline -0.002 -9"><span class='ocrx_word' id='word_1_49' title='bbox 607 863 675 918; x_wconf 88' lang='lat' dir='ltr'>de</span> <span class='ocrx_word' id='word_1_50' title='bbox 703 862 840 917; x_wconf 86' lang='lat' dir='ltr'><strong>Filio</strong></span> <span class='ocrx_word' id='word_1_51' title='bbox 870 862 1048 917; x_wconf 77' lang='lat' dir='ltr'><strong>suo&quot;.</strong></span> <span class='ocrx_word' id='word_1_52' title='bbox 1087 879 1106 913; x_wconf 65' lang='grc' dir='ltr'>ι</span> <span class='ocrx_word' id='word_1_53' title='bbox 1160 861 1276 927; x_wconf 88' lang='lat' dir='ltr'>Quo</span> <span class='ocrx_word' id='word_1_54' title='bbox 1323 861 1482 916; x_wconf 90' lang='lat' dir='ltr'><strong>modo</strong></span> <span class='ocrx_word' id='word_1_55' title='bbox 1529 869 1708 915; x_wconf 90' lang='lat' dir='ltr'><strong>autem</strong></span> <span class='ocrx_word' id='word_1_56' title='bbox 1761 860 1901 916; x_wconf 88' lang='lat' dir='ltr'><strong>Deus</strong></span> <span class='ocrx_word' id='word_1_57' title='bbox 1929 876 1995 915; x_wconf 91' lang='lat' dir='ltr'>ac</span> <span class='ocrx_word' id='word_1_58' title='bbox 2024 859 2183 915; x_wconf 88' lang='lat' dir='ltr'><strong>Pater</strong></span> 
     </span>
    </p>
   </div>
   <div class='ocr_carea' id='block_1_10' title="bbox 609 952 2182 1021">
    <p class='ocr_par' dir='ltr' id='par_1_10' title="bbox 609 952 2182 1021">
     <span class='ocr_line' id='line_1_10' title="bbox 609 952 2182 1021; baseline 0.001 -16"><span class='ocrx_word' id='word_1_59' title='bbox 609 953 933 1008; x_wconf 78' lang='lat' dir='ltr'><strong>testiﬁcatus</strong></span> <span class='ocrx_word' id='word_1_60' title='bbox 953 953 1024 1006; x_wconf 92' lang='lat' dir='ltr'>sit</span> <span class='ocrx_word' id='word_1_61' title='bbox 1041 953 1105 1005; x_wconf 91' lang='lat' dir='ltr'>de</span> <span class='ocrx_word' id='word_1_62' title='bbox 1125 952 1263 1006; x_wconf 87' lang='lat' dir='ltr'><strong>Filio</strong></span> <span class='ocrx_word' id='word_1_63' title='bbox 1289 966 1386 1006; x_wconf 86' lang='lat' dir='ltr'>suo</span> <span class='ocrx_word' id='word_1_64' title='bbox 1405 994 1420 1018; x_wconf 89' lang='lat'>,</span> <span class='ocrx_word' id='word_1_65' title='bbox 1445 953 1639 1008; x_wconf 87' lang='lat' dir='ltr'><strong>beatus</strong></span> <span class='ocrx_word' id='word_1_66' title='bbox 1678 952 1912 1009; x_wconf 82' lang='lat' dir='ltr'><strong>Joannes</strong></span> <span class='ocrx_word' id='word_1_67' title='bbox 1940 953 2182 1021; x_wconf 84' lang='lat' dir='ltr'><strong>Baptista</strong></span> 
     </span>
    </p>
   </div>
   <div class='ocr_carea' id='block_1_11' title="bbox 609 1041 2181 1112">
    <p class='ocr_par' dir='ltr' id='par_1_11' title="bbox 609 1041 2181 1112">
     <span class='ocr_line' id='line_1_11' title="bbox 609 1041 2181 1112; baseline -0.001 -15"><span class='ocrx_word' id='word_1_68' title='bbox 609 1042 765 1098; x_wconf 87' lang='lat' dir='ltr'><strong>nobis</strong></span> <span class='ocrx_word' id='word_1_69' title='bbox 798 1041 1129 1108; x_wconf 83' lang='lat' dir='ltr'><strong>declarabit,</strong></span> <span class='ocrx_word' id='word_1_70' title='bbox 1159 1042 1346 1098; x_wconf 90' lang='lat' dir='ltr'><strong>dicens</strong></span> <span class='ocrx_word' id='word_1_71' title='bbox 1374 1062 1386 1097; x_wconf 94' lang='lat'>:</span> <span class='ocrx_word' id='word_1_72' title='bbox 1424 1061 1442 1093; x_wconf 73' lang='grc' dir='ltr'>ι</span> <span class='ocrx_word' id='word_1_73' title='bbox 1481 1043 1548 1096; x_wconf 89' lang='lat' dir='ltr'><strong>Et</strong></span> <span class='ocrx_word' id='word_1_74' title='bbox 1577 1057 1676 1112; x_wconf 84' lang='lat' dir='ltr'>ego</span> <span class='ocrx_word' id='word_1_75' title='bbox 1704 1044 2009 1098; x_wconf 87' lang='lat' dir='ltr'><strong>nesciebam</strong></span> <span class='ocrx_word' id='word_1_76' title='bbox 2035 1058 2181 1106; x_wconf 86' lang='lat' dir='ltr'><strong>eum,</strong></span> 
     </span>
    </p>
   </div>
   <div class='ocr_carea' id='block_1_12' title="bbox 609 1132 2177 1204">
    <p class='ocr_par' dir='ltr' id='par_1_12' title="bbox 609 1132 2177 1204">
     <span class='ocr_line' id='line_1_12' title="bbox 609 1132 2177 1204; baseline 0.001 -18"><span class='ocrx_word' id='word_1_77' title='bbox 609 1132 702 1187; x_wconf 79' lang='lat' dir='ltr'>sed</span> <span class='ocrx_word' id='word_1_78' title='bbox 732 1133 821 1201; x_wconf 91' lang='lat' dir='ltr'>qui</span> <span class='ocrx_word' id='word_1_79' title='bbox 856 1134 1003 1188; x_wconf 88' lang='lat' dir='ltr'><strong>misit</strong></span> <span class='ocrx_word' id='word_1_80' title='bbox 1031 1148 1117 1189; x_wconf 90' lang='lat' dir='ltr'>me</span> <span class='ocrx_word' id='word_1_81' title='bbox 1146 1134 1421 1204; x_wconf 87' lang='lat' dir='ltr'><strong>baptizare</strong></span> <span class='ocrx_word' id='word_1_82' title='bbox 1460 1135 1510 1187; x_wconf 93' lang='lat' dir='ltr'>in</span> <span class='ocrx_word' id='word_1_83' title='bbox 1541 1149 1679 1203; x_wconf 87' lang='lat' dir='ltr'><strong>aqua</strong></span> <span class='ocrx_word' id='word_1_84' title='bbox 1701 1174 1713 1196; x_wconf 90' lang='lat'>,</span> <span class='ocrx_word' id='word_1_85' title='bbox 1743 1135 1832 1188; x_wconf 90' lang='lat' dir='ltr'><strong>ille</strong></span> <span class='ocrx_word' id='word_1_86' title='bbox 1854 1134 1987 1188; x_wconf 89' lang='lat' dir='ltr'><strong>mihi</strong></span> <span class='ocrx_word' id='word_1_87' title='bbox 2012 1133 2177 1188; x_wconf 84' lang='lat' dir='ltr'><strong>dixit:</strong></span> 
     </span>
    </p>
   </div>
   <div class='ocr_carea' id='block_1_13' title="bbox 613 1222 2183 1294">
    <p class='ocr_par' dir='ltr' id='par_1_13' title="bbox 613 1222 2183 1294">
     <span class='ocr_line' id='line_1_13' title="bbox 613 1222 2183 1294; baseline 0.001 -18"><span class='ocrx_word' id='word_1_88' title='bbox 613 1222 786 1291; x_wconf 84' lang='lat' dir='ltr'><strong>Super</strong></span> <span class='ocrx_word' id='word_1_89' title='bbox 843 1238 1002 1294; x_wconf 88' lang='lat' dir='ltr'><strong>quem</strong></span> <span class='ocrx_word' id='word_1_90' title='bbox 1067 1225 1270 1281; x_wconf 87' lang='lat' dir='ltr'><strong>videris</strong></span> <span class='ocrx_word' id='word_1_91' title='bbox 1328 1225 1590 1293; x_wconf 85' lang='lat' dir='ltr'><strong>Spiritum</strong></span> <span class='ocrx_word' id='word_1_92' title='bbox 1651 1225 2065 1279; x_wconf 87' lang='lat' dir='ltr'><strong>descendentem</strong></span> <span class='ocrx_word' id='word_1_93' title='bbox 2127 1234 2183 1278; x_wconf 92' lang='lat' dir='ltr'>et</span> 
     </span>
    </p>
   </div>
   <div class='ocr_carea' id='block_1_14' title="bbox 611 1312 2182 1384">
    <p class='ocr_par' dir='ltr' id='par_1_14' title="bbox 611 1312 2182 1384">
     <span class='ocr_line' id='line_1_14' title="bbox 611 1312 2182 1384; baseline 0 -18"><span class='ocrx_word' id='word_1_94' title='bbox 611 1321 916 1367; x_wconf 90' lang='lat' dir='ltr'><strong>manentem</strong></span> <span class='ocrx_word' id='word_1_95' title='bbox 961 1329 1126 1382; x_wconf 81' lang='lat' dir='ltr'><strong>super</strong></span> <span class='ocrx_word' id='word_1_96' title='bbox 1149 1320 1270 1368; x_wconf 87' lang='lat' dir='ltr'>eum</span> <span class='ocrx_word' id='word_1_97' title='bbox 1294 1354 1310 1379; x_wconf 91' lang='lat'>,</span> <span class='ocrx_word' id='word_1_98' title='bbox 1332 1315 1418 1369; x_wconf 88' lang='lat' dir='ltr'>hic</span> <span class='ocrx_word' id='word_1_99' title='bbox 1451 1323 1533 1370; x_wconf 87' lang='lat' dir='ltr'>est</span> <span class='ocrx_word' id='word_1_100' title='bbox 1568 1315 1658 1384; x_wconf 91' lang='lat' dir='ltr'>qui</span> <span class='ocrx_word' id='word_1_101' title='bbox 1696 1312 1935 1381; x_wconf 86' lang='lat' dir='ltr'><strong>baptizat</strong></span> <span class='ocrx_word' id='word_1_102' title='bbox 1974 1314 2023 1368; x_wconf 95' lang='lat' dir='ltr'>in</span> <span class='ocrx_word' id='word_1_103' title='bbox 2056 1313 2182 1382; x_wconf 89' lang='lat' dir='ltr'><strong>Spi-</strong></span> 
     </span>
    </p>
   </div>
   <div class='ocr_carea' id='block_1_15' title="bbox 611 1402 2179 1473">
    <p class='ocr_par' dir='ltr' id='par_1_15' title="bbox 611 1402 2179 1473">
     <span class='ocr_line' id='line_1_15' title="bbox 611 1402 2179 1473; baseline 0 -18"><span class='ocrx_word' id='word_1_104' title='bbox 611 1402 716 1455; x_wconf 85' lang='lat' dir='ltr'><strong>ritu</strong></span> <span class='ocrx_word' id='word_1_105' title='bbox 758 1412 966 1458; x_wconf 87' lang='lat' dir='ltr'><strong>sancto.</strong></span> <span class='ocrx_word' id='word_1_106' title='bbox 1021 1405 1087 1458; x_wconf 85' lang='lat' dir='ltr'><strong>Et</strong></span> <span class='ocrx_word' id='word_1_107' title='bbox 1125 1420 1223 1473; x_wconf 89' lang='lat' dir='ltr'>ego</span> <span class='ocrx_word' id='word_1_108' title='bbox 1254 1405 1395 1469; x_wconf 75' lang='lat' dir='ltr'><strong>vidi,</strong></span> <span class='ocrx_word' id='word_1_109' title='bbox 1425 1413 1481 1459; x_wconf 94' lang='lat' dir='ltr'>et</span> <span class='ocrx_word' id='word_1_110' title='bbox 1512 1403 1874 1458; x_wconf 89' lang='lat' dir='ltr'><strong>testimonium</strong></span> <span class='ocrx_word' id='word_1_111' title='bbox 1916 1403 2179 1471; x_wconf 89' lang='lat' dir='ltr'><strong>perhibui,</strong></span> 
     </span>
    </p>
   </div>
   <div class='ocr_carea' id='block_1_16' title="bbox 610 1491 2182 1561">
    <p class='ocr_par' dir='ltr' id='par_1_16' title="bbox 610 1491 2182 1561">
     <span class='ocr_line' id='line_1_16' title="bbox 610 1491 2182 1561; baseline 0.003 -17"><span class='ocrx_word' id='word_1_112' title='bbox 610 1491 737 1560; x_wconf 87' lang='lat' dir='ltr'><strong>quia</strong></span> <span class='ocrx_word' id='word_1_113' title='bbox 775 1492 866 1547; x_wconf 87' lang='lat' dir='ltr'>hic</span> <span class='ocrx_word' id='word_1_114' title='bbox 909 1502 992 1549; x_wconf 88' lang='lat' dir='ltr'>est</span> <span class='ocrx_word' id='word_1_115' title='bbox 1031 1493 1199 1548; x_wconf 87' lang='lat' dir='ltr'><strong>Filius</strong></span> <span class='ocrx_word' id='word_1_116' title='bbox 1242 1494 1336 1550; x_wconf 86' lang='lat' dir='ltr'><strong>Dei</strong></span> <span class='ocrx_word' id='word_1_117' title='bbox 1369 1495 1433 1548; x_wconf 76' lang='lat'>“.</span> <span class='ocrx_word' id='word_1_118' title='bbox 1482 1513 1502 1546; x_wconf 70' lang='grc' dir='ltr'>ι</span> <span class='ocrx_word' id='word_1_119' title='bbox 1554 1493 1944 1547; x_wconf 84' lang='lat' dir='ltr'><strong>Testimonium</strong></span> <span class='ocrx_word' id='word_1_120' title='bbox 2001 1493 2182 1561; x_wconf 86' lang='lat' dir='ltr'><strong>itaque</strong></span> 
     </span>
    </p>
   </div>
   <div class='ocr_carea' id='block_1_17' title="bbox 609 1582 2183 1648">
    <p class='ocr_par' dir='ltr' id='par_1_17' title="bbox 609 1582 2183 1648">
     <span class='ocr_line' id='line_1_17' title="bbox 609 1582 2183 1648; baseline 0.002 -13"><span class='ocrx_word' id='word_1_121' title='bbox 609 1582 923 1648; x_wconf 83' lang='lat' dir='ltr'><strong>perhibetur</strong></span> <span class='ocrx_word' id='word_1_122' title='bbox 972 1584 1198 1639; x_wconf 92' lang='lat' dir='ltr'><strong>Domino</strong></span> <span class='ocrx_word' id='word_1_123' title='bbox 1248 1592 1434 1639; x_wconf 84' lang='lat' dir='ltr'><strong>nostro</strong></span> <span class='ocrx_word' id='word_1_124' title='bbox 1491 1583 1618 1639; x_wconf 82' lang='lat' dir='ltr'><strong>Jesu</strong></span> <span class='ocrx_word' id='word_1_125' title='bbox 1669 1584 1885 1638; x_wconf 89' lang='lat' dir='ltr'><strong>Christo</strong></span> <span class='ocrx_word' id='word_1_126' title='bbox 1921 1593 1974 1637; x_wconf 92' lang='lat' dir='ltr'>et</span> <span class='ocrx_word' id='word_1_127' title='bbox 2008 1583 2183 1638; x_wconf 83' lang='lat' dir='ltr'><strong>Patris</strong></span> 
     </span>
    </p>
   </div>
   <div class='ocr_carea' id='block_1_18' title="bbox 610 1672 2180 1742">
    <p class='ocr_par' dir='ltr' id='par_1_18' title="bbox 610 1672 2180 1742">
     <span class='ocr_line' id='line_1_18' title="bbox 610 1672 2180 1742; baseline 0.003 -18"><span class='ocrx_word' id='word_1_128' title='bbox 610 1685 778 1738; x_wconf 85' lang='lat' dir='ltr'><strong>voce,</strong></span> <span class='ocrx_word' id='word_1_129' title='bbox 817 1672 956 1742; x_wconf 87' lang='lat' dir='ltr'><strong>quod</strong></span> <span class='ocrx_word' id='word_1_130' title='bbox 997 1673 1111 1741; x_wconf 86' lang='lat' dir='ltr'><strong>ejus</strong></span> <span class='ocrx_word' id='word_1_131' title='bbox 1137 1673 1305 1729; x_wconf 86' lang='lat' dir='ltr'><strong>Filius</strong></span> <span class='ocrx_word' id='word_1_132' title='bbox 1328 1674 1399 1728; x_wconf 86' lang='lat' dir='ltr'>sit</span> <span class='ocrx_word' id='word_1_133' title='bbox 1428 1685 1614 1727; x_wconf 85' lang='lat' dir='ltr'><strong>natura</strong></span> <span class='ocrx_word' id='word_1_134' title='bbox 1636 1683 1691 1727; x_wconf 91' lang='lat' dir='ltr'>et</span> <span class='ocrx_word' id='word_1_135' title='bbox 1712 1675 2003 1728; x_wconf 85' lang='lat' dir='ltr'><strong>secundum</strong></span> <span class='ocrx_word' id='word_1_136' title='bbox 2035 1676 2180 1728; x_wconf 87' lang='lat' dir='ltr'><strong>veri-</strong></span> 
     </span>
    </p>
   </div>
   <div class='ocr_carea' id='block_1_19' title="bbox 613 1760 2184 1831">
    <p class='ocr_par' dir='ltr' id='par_1_19' title="bbox 613 1760 2184 1831">
     <span class='ocr_line' id='line_1_19' title="bbox 613 1760 2184 1831; baseline 0.002 -18"><span class='ocrx_word' id='word_1_137' title='bbox 613 1769 778 1815; x_wconf 87' lang='lat' dir='ltr'><strong>tatem</strong></span> <span class='ocrx_word' id='word_1_138' title='bbox 804 1777 819 1813; x_wconf 88' lang='lat'><strong>:</strong></span> <span class='ocrx_word' id='word_1_139' title='bbox 848 1760 1215 1816; x_wconf 87' lang='lat' dir='ltr'><strong>testimonium</strong></span> <span class='ocrx_word' id='word_1_140' title='bbox 1257 1777 1468 1830; x_wconf 88' lang='lat' dir='ltr'><strong>quoque</strong></span> <span class='ocrx_word' id='word_1_141' title='bbox 1499 1761 1846 1816; x_wconf 85' lang='lat' dir='ltr'><strong>nihilominus</strong></span> <span class='ocrx_word' id='word_1_142' title='bbox 1873 1762 2184 1831; x_wconf 88' lang='lat' dir='ltr'><strong>perhibetur</strong></span> 
     </span>
    </p>
   </div>
   <div class='ocr_carea' id='block_1_20' title="bbox 2283 565 3865 652">
    <p class='ocr_par' dir='ltr' id='par_1_20' title="bbox 2283 565 3865 652">
     <span class='ocr_line' id='line_1_20' title="bbox 2283 565 3865 652; baseline -0.011 -18"><span class='ocrx_word' id='word_1_143' title='bbox 2283 584 2319 652; x_wconf 79' lang='grc' dir='ltr'><strong>ἡ</strong></span> <span class='ocrx_word' id='word_1_144' title='bbox 2358 580 2632 650; x_wconf 86' lang='grc' dir='ltr'>μαρτυρία</span> <span class='ocrx_word' id='word_1_145' title='bbox 2679 578 2771 631; x_wconf 88' lang='grc' dir='ltr'>τοῦ</span> <span class='ocrx_word' id='word_1_146' title='bbox 2804 578 2961 640; x_wconf 89' lang='grc' dir='ltr'>Θεοῦ,</span> <span class='ocrx_word' id='word_1_147' title='bbox 3007 575 3087 628; x_wconf 70' lang='grc' dir='ltr'>ἔτι</span> <span class='ocrx_word' id='word_1_148' title='bbox 3139 571 3336 643; x_wconf 76' lang='grc' dir='ltr'>μείζων</span> <span class='ocrx_word' id='word_1_149' title='bbox 3370 569 3554 622; x_wconf 78' lang='grc' dir='ltr'>ἐστίν·</span> <span class='ocrx_word' id='word_1_150' title='bbox 3601 570 3684 620; x_wconf 82' lang='grc' dir='ltr'>ὅτι</span> <span class='ocrx_word' id='word_1_151' title='bbox 3721 565 3865 634; x_wconf 82' lang='grc' dir='ltr'>αῦτη</span> 
     </span>
    </p>
   </div>
   <div class='ocr_carea' id='block_1_21' title="bbox 2284 654 3866 744">
    <p class='ocr_par' dir='ltr' id='par_1_21' title="bbox 2284 654 3866 744">
     <span class='ocr_line' id='line_1_21' title="bbox 2284 654 3866 744; baseline -0.011 -21"><span class='ocrx_word' id='word_1_152' title='bbox 2284 671 2430 723; x_wconf 74' lang='grc' dir='ltr'>ἐστὶν</span> <span class='ocrx_word' id='word_1_153' title='bbox 2461 672 2494 738; x_wconf 83' lang='grc' dir='ltr'><strong>ἡ</strong></span> <span class='ocrx_word' id='word_1_154' title='bbox 2530 669 2804 744; x_wconf 87' lang='grc' dir='ltr'>μαρτυρία</span> <span class='ocrx_word' id='word_1_155' title='bbox 2832 666 2925 720; x_wconf 82' lang='grc' dir='ltr'>τοῦ</span> <span class='ocrx_word' id='word_1_156' title='bbox 2968 663 3129 729; x_wconf 82' lang='grc' dir='ltr'>Θεοῦ,</span> <span class='ocrx_word' id='word_1_157' title='bbox 3161 663 3242 715; x_wconf 82' lang='grc' dir='ltr'>ὅτι</span> <span class='ocrx_word' id='word_1_158' title='bbox 3282 657 3680 730; x_wconf 80' lang='grc' dir='ltr'>μεμαρτύρηκε</span> <span class='ocrx_word' id='word_1_159' title='bbox 3730 654 3866 724; x_wconf 80' lang='grc' dir='ltr'>περὶ</span> 
     </span>
    </p>
   </div>
   <div class='ocr_carea' id='block_1_22' title="bbox 2282 745 3862 813">
    <p class='ocr_par' dir='ltr' id='par_1_22' title="bbox 2282 745 3862 813">
     <span class='ocr_line' id='line_1_22' title="bbox 2282 745 3862 813; baseline -0.009 -2"><span class='ocrx_word' id='word_1_160' title='bbox 2282 758 2377 811; x_wconf 92' lang='grc' dir='ltr'>τοῦ</span> <span class='ocrx_word' id='word_1_161' title='bbox 2407 756 2540 810; x_wconf 90' lang='grc' dir='ltr'>Υίοῦ</span> <span class='ocrx_word' id='word_1_162' title='bbox 2575 755 2769 809; x_wconf 80' lang='grc' dir='ltr'>αὑτοῦ·</span> <span class='ocrx_word' id='word_1_163' title='bbox 2799 758 2827 808; x_wconf 98' lang='lat'>6</span> <span class='ocrx_word' id='word_1_164' title='bbox 2857 753 3128 808; x_wconf 83' lang='grc' dir='ltr'>πιστεύων</span> <span class='ocrx_word' id='word_1_165' title='bbox 3171 753 3249 813; x_wconf 82' lang='grc' dir='ltr'>είς</span> <span class='ocrx_word' id='word_1_166' title='bbox 3280 751 3371 802; x_wconf 77' lang='grc' dir='ltr'>τὸν</span> <span class='ocrx_word' id='word_1_167' title='bbox 3403 750 3528 801; x_wconf 85' lang='grc' dir='ltr'>Υἰὸν</span> <span class='ocrx_word' id='word_1_168' title='bbox 3557 747 3652 800; x_wconf 88' lang='grc' dir='ltr'>τοῦ</span> <span class='ocrx_word' id='word_1_169' title='bbox 3699 745 3862 806; x_wconf 84' lang='grc' dir='ltr'>Θεοῦ,</span> 
     </span>
    </p>
   </div>
   <div class='ocr_carea' id='block_1_23' title="bbox 2283 835 3867 918">
    <p class='ocr_par' dir='ltr' id='par_1_23' title="bbox 2283 835 3867 918">
     <span class='ocr_line' id='line_1_23' title="bbox 2283 835 3867 918; baseline -0.009 -16"><span class='ocrx_word' id='word_1_170' title='bbox 2283 849 2394 918; x_wconf 76' lang='grc' dir='ltr'>ἔχει</span> <span class='ocrx_word' id='word_1_171' title='bbox 2442 847 2540 918; x_wconf 78' lang='grc' dir='ltr'>τὴν</span> <span class='ocrx_word' id='word_1_172' title='bbox 2598 846 2904 918; x_wconf 79' lang='grc' dir='ltr'>μαρτυρίαν</span> <span class='ocrx_word' id='word_1_173' title='bbox 2949 845 3008 898; x_wconf 80' lang='grc' dir='ltr'>ὲν</span> <span class='ocrx_word' id='word_1_174' title='bbox 3051 841 3256 911; x_wconf 79' lang='grc' dir='ltr'>ἑαυτῷ·</span> <span class='ocrx_word' id='word_1_175' title='bbox 3289 842 3316 892; x_wconf 89' lang='lat'>6</span> <span class='ocrx_word' id='word_1_176' title='bbox 3359 840 3435 909; x_wconf 85' lang='grc' dir='ltr'>μὴ</span> <span class='ocrx_word' id='word_1_177' title='bbox 3475 836 3749 891; x_wconf 76' lang='grc' dir='ltr'>πιστεύων</span> <span class='ocrx_word' id='word_1_178' title='bbox 3781 835 3867 903; x_wconf 81' lang='grc' dir='ltr'>τῷ</span> 
     </span>
    </p>
   </div>
   <div class='ocr_carea' id='block_1_24' title="bbox 2283 929 3864 1009">
    <p class='ocr_par' dir='ltr' id='par_1_24' title="bbox 2283 929 3864 1009">
     <span class='ocr_line' id='line_1_24' title="bbox 2283 929 3864 1009; baseline -0.009 -17"><span class='ocrx_word' id='word_1_179' title='bbox 2283 939 2422 1009; x_wconf 83' lang='grc' dir='ltr'>Θεῷ,</span> <span class='ocrx_word' id='word_1_180' title='bbox 2451 938 2692 1008; x_wconf 77' lang='grc' dir='ltr'>ψεύστην</span> <span class='ocrx_word' id='word_1_181' title='bbox 2728 936 3027 1005; x_wconf 84' lang='grc' dir='ltr'>πεποίηκεν</span> <span class='ocrx_word' id='word_1_182' title='bbox 3070 932 3255 996; x_wconf 86' lang='grc' dir='ltr'>αὐτὸν,</span> <span class='ocrx_word' id='word_1_183' title='bbox 3297 931 3380 983; x_wconf 85' lang='grc' dir='ltr'>ὅτι</span> <span class='ocrx_word' id='word_1_184' title='bbox 3410 931 3508 981; x_wconf 78' lang='grc' dir='ltr'>οὐκ</span> <span class='ocrx_word' id='word_1_185' title='bbox 3539 929 3864 981; x_wconf 75' lang='grc' dir='ltr'>ἐπίστευσεν</span> 
     </span>
    </p>
   </div>
   <div class='ocr_carea' id='block_1_25' title="bbox 2282 1015 3864 1100">
    <p class='ocr_par' dir='ltr' id='par_1_25' title="bbox 2282 1015 3864 1100">
     <span class='ocr_line' id='line_1_25' title="bbox 2282 1015 3864 1100; baseline -0.011 -17"><span class='ocrx_word' id='word_1_186' title='bbox 2282 1033 2362 1093; x_wconf 79' lang='grc' dir='ltr'>εἰς</span> <span class='ocrx_word' id='word_1_187' title='bbox 2394 1031 2493 1100; x_wconf 84' lang='grc' dir='ltr'>τὴν</span> <span class='ocrx_word' id='word_1_188' title='bbox 2530 1027 2859 1100; x_wconf 79' lang='grc' dir='ltr'>μαρτυρίαν,</span> <span class='ocrx_word' id='word_1_189' title='bbox 2889 1027 2956 1098; x_wconf 82' lang='grc' dir='ltr'>ἢν</span> <span class='ocrx_word' id='word_1_190' title='bbox 2993 1021 3419 1096; x_wconf 76' lang='grc' dir='ltr'>μεμαρτύρηκεν</span> <span class='ocrx_word' id='word_1_191' title='bbox 3451 1021 3579 1090; x_wconf 69' lang='grc' dir='ltr'>περὶ</span> <span class='ocrx_word' id='word_1_192' title='bbox 3606 1018 3700 1071; x_wconf 91' lang='grc' dir='ltr'>τοῦ</span> <span class='ocrx_word' id='word_1_193' title='bbox 3729 1015 3864 1069; x_wconf 87' lang='grc' dir='ltr'>Υίοῦ</span> 
     </span>
    </p>
   </div>
   <div class='ocr_carea' id='block_1_26' title="bbox 2283 1110 3869 1190">
    <p class='ocr_par' dir='ltr' id='par_1_26' title="bbox 2283 1110 3869 1190">
     <span class='ocr_line' id='line_1_26' title="bbox 2283 1110 3869 1190; baseline -0.008 -16"><span class='ocrx_word' id='word_1_194' title='bbox 2283 1121 2469 1176; x_wconf 82' lang='grc' dir='ltr'>αὑτοῦ.</span> <span class='ocrx_word' id='word_1_195' title='bbox 2485 1140 2502 1172; x_wconf 75' lang='grc' dir='ltr'>ι</span> <span class='ocrx_word' id='word_1_196' title='bbox 2527 1118 2936 1190; x_wconf 84' lang='grc' dir='ltr'>Μεμαρτύρηκε</span> <span class='ocrx_word' id='word_1_197' title='bbox 2962 1117 3019 1170; x_wconf 81' lang='grc' dir='ltr'>δὲ</span> <span class='ocrx_word' id='word_1_198' title='bbox 3050 1117 3172 1170; x_wconf 85' lang='grc' dir='ltr'>τίνα</span> <span class='ocrx_word' id='word_1_199' title='bbox 3197 1114 3399 1186; x_wconf 86' lang='grc' dir='ltr'>τρόπον</span> <span class='ocrx_word' id='word_1_200' title='bbox 3425 1115 3453 1165; x_wconf 92' lang='lat'>6</span> <span class='ocrx_word' id='word_1_201' title='bbox 3475 1113 3608 1174; x_wconf 84' lang='grc' dir='ltr'>Θεὸς</span> <span class='ocrx_word' id='word_1_202' title='bbox 3635 1111 3731 1163; x_wconf 73' lang='grc' dir='ltr'>καὶ</span> <span class='ocrx_word' id='word_1_203' title='bbox 3752 1110 3869 1162; x_wconf 89' lang='grc' dir='ltr'>Πα-</span> 
     </span>
    </p>
   </div>
   <div class='ocr_carea' id='block_1_27' title="bbox 2280 1200 3869 1283">
    <p class='ocr_par' dir='ltr' id='par_1_27' title="bbox 2280 1200 3869 1283">
     <span class='ocr_line' id='line_1_27' title="bbox 2280 1200 3869 1283; baseline -0.008 -18"><span class='ocrx_word' id='word_1_204' title='bbox 2280 1213 2384 1283; x_wconf 82' lang='grc' dir='ltr'>τὴρ</span> <span class='ocrx_word' id='word_1_205' title='bbox 2411 1212 2488 1282; x_wconf 84' lang='grc' dir='ltr'>τῷ</span> <span class='ocrx_word' id='word_1_206' title='bbox 2516 1212 2650 1282; x_wconf 84' lang='grc' dir='ltr'>Υίῷ,</span> <span class='ocrx_word' id='word_1_207' title='bbox 2674 1211 2928 1281; x_wconf 78' lang='grc' dir='ltr'>σαφηνιεῖ</span> <span class='ocrx_word' id='word_1_208' title='bbox 2947 1208 3120 1274; x_wconf 81' lang='grc' dir='ltr'>λέγων</span> <span class='ocrx_word' id='word_1_209' title='bbox 3146 1209 3173 1260; x_wconf 95' lang='lat'>6</span> <span class='ocrx_word' id='word_1_210' title='bbox 3205 1205 3491 1265; x_wconf 85' lang='grc' dir='ltr'>θεσπέσιος</span> <span class='ocrx_word' id='word_1_211' title='bbox 3520 1205 3652 1272; x_wconf 83' lang='grc' dir='ltr'>ἡμῖν</span> <span class='ocrx_word' id='word_1_212' title='bbox 3681 1200 3869 1254; x_wconf 79' lang='grc' dir='ltr'>Ἰωάν-</span> 
     </span>
    </p>
   </div>
   <div class='ocr_carea' id='block_1_28' title="bbox 2282 1291 3871 1373">
    <p class='ocr_par' dir='ltr' id='par_1_28' title="bbox 2282 1291 3871 1373">
     <span class='ocr_line' id='line_1_28' title="bbox 2282 1291 3871 1373; baseline -0.009 -16"><span class='ocrx_word' id='word_1_213' title='bbox 2282 1321 2378 1373; x_wconf 91' lang='grc' dir='ltr'>νης</span> <span class='ocrx_word' id='word_1_214' title='bbox 2424 1306 2452 1356; x_wconf 94' lang='lat'>6</span> <span class='ocrx_word' id='word_1_215' title='bbox 2497 1303 2842 1371; x_wconf 78' lang='grc' dir='ltr'>Βαπτιστήςο</span> <span class='ocrx_word' id='word_1_216' title='bbox 2881 1320 2900 1352; x_wconf 79' lang='grc' dir='ltr'>ι</span> <span class='ocrx_word' id='word_1_217' title='bbox 2929 1299 3097 1366; x_wconf 82' lang='grc' dir='ltr'>Κάγὼ</span> <span class='ocrx_word' id='word_1_218' title='bbox 3142 1298 3243 1350; x_wconf 86' lang='grc' dir='ltr'>οὐκ</span> <span class='ocrx_word' id='word_1_219' title='bbox 3279 1296 3426 1366; x_wconf 78' lang='grc' dir='ltr'>ᾔδειν</span> <span class='ocrx_word' id='word_1_220' title='bbox 3474 1293 3659 1356; x_wconf 82' lang='grc' dir='ltr'>αὐτὸν,</span> <span class='ocrx_word' id='word_1_221' title='bbox 3691 1291 3810 1345; x_wconf 82' lang='grc' dir='ltr'>ἀλλ’</span> <span class='ocrx_word' id='word_1_222' title='bbox 3840 1293 3871 1344; x_wconf 88' lang='lat'>6</span> 
     </span>
    </p>
   </div>
   <div class='ocr_carea' id='block_1_29' title="bbox 2282 1380 3868 1464">
    <p class='ocr_par' dir='ltr' id='par_1_29' title="bbox 2282 1380 3868 1464">
     <span class='ocr_line' id='line_1_29' title="bbox 2282 1380 3868 1464; baseline -0.008 -16"><span class='ocrx_word' id='word_1_223' title='bbox 2282 1394 2509 1464; x_wconf 75' lang='grc' dir='ltr'>πέμψας</span> <span class='ocrx_word' id='word_1_224' title='bbox 2537 1411 2603 1464; x_wconf 90' lang='grc' dir='ltr'>με</span> <span class='ocrx_word' id='word_1_225' title='bbox 2639 1392 2922 1463; x_wconf 79' lang='grc' dir='ltr'>βαπτίζειν</span> <span class='ocrx_word' id='word_1_226' title='bbox 2958 1391 3130 1452; x_wconf 80' lang='grc' dir='ltr'>ὕδατι,</span> <span class='ocrx_word' id='word_1_227' title='bbox 3158 1388 3366 1451; x_wconf 79' lang='grc' dir='ltr'>ἐκεῖνός</span> <span class='ocrx_word' id='word_1_228' title='bbox 3400 1403 3491 1457; x_wconf 85' lang='grc' dir='ltr'>μοι</span> <span class='ocrx_word' id='word_1_229' title='bbox 3520 1380 3706 1438; x_wconf 76' lang='grc' dir='ltr'>εἶπεν⁹</span> <span class='ocrx_word' id='word_1_230' title='bbox 3746 1383 3868 1450; x_wconf 83' lang='grc' dir='ltr'>Ἐφ’</span> 
     </span>
    </p>
   </div>
   <div class='ocr_carea' id='block_1_30' title="bbox 2281 1475 3870 1554">
    <p class='ocr_par' dir='ltr' id='par_1_30' title="bbox 2281 1475 3870 1554">
     <span class='ocr_line' id='line_1_30' title="bbox 2281 1475 3870 1554; baseline -0.008 -17"><span class='ocrx_word' id='word_1_231' title='bbox 2281 1484 2341 1536; x_wconf 84' lang='grc' dir='ltr'>ὃν</span> <span class='ocrx_word' id='word_1_232' title='bbox 2369 1484 2436 1537; x_wconf 80' lang='grc' dir='ltr'>ἂν</span> <span class='ocrx_word' id='word_1_233' title='bbox 2477 1484 2590 1554; x_wconf 73' lang='grc' dir='ltr'>ἴδῃς</span> <span class='ocrx_word' id='word_1_234' title='bbox 2624 1483 2684 1536; x_wconf 82' lang='grc' dir='ltr'>τὸ</span> <span class='ocrx_word' id='word_1_235' title='bbox 2718 1481 2944 1552; x_wconf 90' lang='grc' dir='ltr'>Πνεῦμα</span> <span class='ocrx_word' id='word_1_236' title='bbox 2974 1479 3298 1534; x_wconf 77' lang='grc' dir='ltr'>καταϐαῖνον</span> <span class='ocrx_word' id='word_1_237' title='bbox 3329 1478 3420 1530; x_wconf 76' lang='grc' dir='ltr'>καὶ</span> <span class='ocrx_word' id='word_1_238' title='bbox 3453 1476 3611 1544; x_wconf 78' lang='grc' dir='ltr'>μένον</span> <span class='ocrx_word' id='word_1_239' title='bbox 3645 1476 3730 1526; x_wconf 79' lang='grc' dir='ltr'>ἐπ’</span> <span class='ocrx_word' id='word_1_240' title='bbox 3763 1475 3870 1526; x_wconf 76' lang='grc' dir='ltr'>αὒ-</span> 
     </span>
    </p>
   </div>
   <div class='ocr_carea' id='block_1_31' title="bbox 2281 1565 3874 1643">
    <p class='ocr_par' dir='ltr' id='par_1_31' title="bbox 2281 1565 3874 1643">
     <span class='ocr_line' id='line_1_31' title="bbox 2281 1565 3874 1643; baseline -0.008 -15"><span class='ocrx_word' id='word_1_241' title='bbox 2281 1577 2394 1640; x_wconf 87' lang='grc' dir='ltr'>τὸν,</span> <span class='ocrx_word' id='word_1_242' title='bbox 2438 1569 2592 1638; x_wconf 74' lang='grc' dir='ltr'>οὗτός</span> <span class='ocrx_word' id='word_1_243' title='bbox 2645 1577 2792 1627; x_wconf 81' lang='grc' dir='ltr'>ἐστιν</span> <span class='ocrx_word' id='word_1_244' title='bbox 2835 1576 2864 1626; x_wconf 90' lang='lat'>6</span> <span class='ocrx_word' id='word_1_245' title='bbox 2898 1571 3177 1643; x_wconf 74' lang='grc' dir='ltr'>βαπτίζων</span> <span class='ocrx_word' id='word_1_246' title='bbox 3227 1572 3284 1623; x_wconf 84' lang='grc' dir='ltr'>ὲν</span> <span class='ocrx_word' id='word_1_247' title='bbox 3336 1568 3413 1638; x_wconf 82' lang='grc' dir='ltr'>τῷ</span> <span class='ocrx_word' id='word_1_248' title='bbox 3461 1567 3739 1636; x_wconf 88' lang='grc' dir='ltr'>Πνεύματι</span> <span class='ocrx_word' id='word_1_249' title='bbox 3789 1565 3874 1634; x_wconf 80' lang='grc' dir='ltr'>τῷ</span> 
     </span>
    </p>
   </div>
   <div class='ocr_carea' id='block_1_32' title="bbox 2284 1653 3873 1736">
    <p class='ocr_par' dir='ltr' id='par_1_32' title="bbox 2284 1653 3873 1736">
     <span class='ocr_line' id='line_1_32' title="bbox 2284 1653 3873 1736; baseline -0.006 -17"><span class='ocrx_word' id='word_1_250' title='bbox 2284 1666 2443 1736; x_wconf 83' lang='grc' dir='ltr'>ἁγίῳ.</span> <span class='ocrx_word' id='word_1_251' title='bbox 2476 1665 2584 1718; x_wconf 78' lang='grc' dir='ltr'>Καὶ</span> <span class='ocrx_word' id='word_1_252' title='bbox 2611 1665 2722 1732; x_wconf 76' lang='grc' dir='ltr'>ἐγὼ</span> <span class='ocrx_word' id='word_1_253' title='bbox 2751 1665 2992 1734; x_wconf 78' lang='grc' dir='ltr'>ἑώρακα,</span> <span class='ocrx_word' id='word_1_254' title='bbox 3023 1665 3116 1717; x_wconf 72' lang='grc' dir='ltr'>καὶ</span> <span class='ocrx_word' id='word_1_255' title='bbox 3150 1661 3572 1732; x_wconf 83' lang='grc' dir='ltr'>μεμαρτύρηκα,</span> <span class='ocrx_word' id='word_1_256' title='bbox 3601 1661 3682 1712; x_wconf 81' lang='grc' dir='ltr'>ὅτι</span> <span class='ocrx_word' id='word_1_257' title='bbox 3708 1653 3873 1718; x_wconf 71' lang='grc' dir='ltr'>οὗτός</span> 
     </span>
    </p>
   </div>
   <div class='ocr_carea' id='block_1_33' title="bbox 2283 1746 3877 1823">
    <p class='ocr_par' dir='ltr' id='par_1_33' title="bbox 2283 1746 3877 1823">
     <span class='ocr_line' id='line_1_33' title="bbox 2283 1746 3877 1823; baseline -0.007 -14"><span class='ocrx_word' id='word_1_258' title='bbox 2283 1760 2430 1810; x_wconf 75' lang='grc' dir='ltr'>ἐστιν</span> <span class='ocrx_word' id='word_1_259' title='bbox 2454 1757 2483 1808; x_wconf 88' lang='grc' dir='ltr'>ὁ</span> <span class='ocrx_word' id='word_1_260' title='bbox 2514 1756 2641 1818; x_wconf 84' lang='grc' dir='ltr'>Υίὸς</span> <span class='ocrx_word' id='word_1_261' title='bbox 2671 1755 2766 1807; x_wconf 93' lang='grc' dir='ltr'>τοῦ</span> <span class='ocrx_word' id='word_1_262' title='bbox 2807 1754 2966 1808; x_wconf 86' lang='grc' dir='ltr'>Θεοῦ.</span> <span class='ocrx_word' id='word_1_263' title='bbox 2999 1773 3017 1806; x_wconf 70' lang='grc' dir='ltr'>ι</span> <span class='ocrx_word' id='word_1_264' title='bbox 3046 1755 3423 1823; x_wconf 84' lang='grc' dir='ltr'>Μαρτυρεῖται</span> <span class='ocrx_word' id='word_1_265' title='bbox 3446 1751 3623 1802; x_wconf 87' lang='grc' dir='ltr'>τοίνυν</span> <span class='ocrx_word' id='word_1_266' title='bbox 3652 1748 3749 1800; x_wconf 80' lang='grc' dir='ltr'>καὶ</span> <span class='ocrx_word' id='word_1_267' title='bbox 3780 1746 3877 1799; x_wconf 81' lang='grc' dir='ltr'>διὰ</span> 
     </span>
    </p>
   </div>
   <div class='ocr_carea' id='block_1_34' title="bbox 613 1827 2184 1930">
    <p class='ocr_par' dir='ltr' id='par_1_34' title="bbox 613 1827 2182 1930">
     <span class='ocr_line' id='line_1_34' title="bbox 613 1827 2182 1930; baseline 0.003 -29"><span class='ocrx_word' id='word_1_268' title='bbox 613 1864 751 1919; x_wconf 86' lang='lat' dir='ltr'><strong>aqua</strong></span> <span class='ocrx_word' id='word_1_269' title='bbox 781 1858 836 1905; x_wconf 88' lang='lat' dir='ltr'>et</span> <span class='ocrx_word' id='word_1_270' title='bbox 865 1851 1126 1920; x_wconf 78' lang='lat' dir='ltr'><strong>sanguine</strong></span> <span class='ocrx_word' id='word_1_271' title='bbox 1147 1859 1202 1906; x_wconf 90' lang='lat' dir='ltr'>et</span> <span class='ocrx_word' id='word_1_272' title='bbox 1229 1827 1435 1919; x_wconf 76' lang='lat' dir='ltr'><strong>Spiritu</strong></span> <span class='ocrx_word' id='word_1_273' title='bbox 1467 1866 1481 1903; x_wconf 89' lang='lat'>:</span> <span class='ocrx_word' id='word_1_274' title='bbox 1512 1860 1568 1905; x_wconf 88' lang='lat' dir='ltr'>et</span> <span class='ocrx_word' id='word_1_275' title='bbox 1588 1862 1773 1906; x_wconf 85' lang='lat' dir='ltr'><strong>sancta</strong></span> <span class='ocrx_word' id='word_1_276' title='bbox 1802 1827 2021 1921; x_wconf 83' lang='lat' dir='ltr'><strong>quidem</strong></span> <span class='ocrx_word' id='word_1_277' title='bbox 2043 1867 2182 1930; x_wconf 80' lang='lat' dir='ltr'><strong>aqua</strong></span> 
     </span>
    </p>
   </div>
   <div class='ocr_carea' id='block_1_35' title="bbox 2285 1827 3877 1930">
    <p class='ocr_par' dir='ltr' id='par_1_35' title="bbox 2285 1837 3877 1919">
     <span class='ocr_line' id='line_1_35' title="bbox 2285 1837 3877 1919; baseline -0.008 -18"><span class='ocrx_word' id='word_1_278' title='bbox 2285 1849 2381 1919; x_wconf 83' lang='grc' dir='ltr'>τῆς</span> <span class='ocrx_word' id='word_1_279' title='bbox 2424 1847 2520 1900; x_wconf 90' lang='grc' dir='ltr'>τοῦ</span> <span class='ocrx_word' id='word_1_280' title='bbox 2567 1846 2782 1916; x_wconf 85' lang='grc' dir='ltr'>Πατρδς</span> <span class='ocrx_word' id='word_1_281' title='bbox 2833 1845 3019 1914; x_wconf 79' lang='grc' dir='ltr'>φωνῆς</span> <span class='ocrx_word' id='word_1_282' title='bbox 3061 1846 3090 1896; x_wconf 92' lang='lat'>6</span> <span class='ocrx_word' id='word_1_283' title='bbox 3139 1842 3343 1912; x_wconf 85' lang='grc' dir='ltr'>Κύριος</span> <span class='ocrx_word' id='word_1_284' title='bbox 3394 1838 3553 1909; x_wconf 83' lang='grc' dir='ltr'>ἡμῶν</span> <span class='ocrx_word' id='word_1_285' title='bbox 3587 1837 3800 1907; x_wconf 80' lang='grc' dir='ltr'>Ἰησοῦς</span> <span class='ocrx_word' id='word_1_286' title='bbox 3845 1840 3877 1889; x_wconf 86' lang='grc' dir='ltr'>ὁ</span> 
     </span>
    </p>
   </div>
   <div class='ocr_carea' id='block_1_36' title="bbox 613 1940 2185 2010">
    <p class='ocr_par' dir='ltr' id='par_1_36' title="bbox 613 1940 2185 2010">
     <span class='ocr_line' id='line_1_36' title="bbox 613 1940 2185 2010; baseline 0.003 -19"><span class='ocrx_word' id='word_1_287' title='bbox 613 1947 830 2005; x_wconf 89' lang='lat' dir='ltr'><strong>peccata</strong></span> <span class='ocrx_word' id='word_1_288' title='bbox 875 1940 1209 1995; x_wconf 89' lang='lat' dir='ltr'><strong>credentium</strong></span> <span class='ocrx_word' id='word_1_289' title='bbox 1250 1941 1545 2010; x_wconf 89' lang='lat' dir='ltr'><strong>abstergit,</strong></span> <span class='ocrx_word' id='word_1_290' title='bbox 1577 1942 1814 1996; x_wconf 81' lang='lat' dir='ltr'><strong>viviﬁcat</strong></span> <span class='ocrx_word' id='word_1_291' title='bbox 1869 1951 2047 1996; x_wconf 91' lang='lat' dir='ltr'><strong>autem</strong></span> <span class='ocrx_word' id='word_1_292' title='bbox 2087 1943 2185 1996; x_wconf 85' lang='lat' dir='ltr'><strong>ho-</strong></span> 
     </span>
    </p>
   </div>
   <div class='ocr_carea' id='block_1_37' title="bbox 613 2027 2185 2103">
    <p class='ocr_par' dir='ltr' id='par_1_37' title="bbox 613 2027 2185 2103">
     <span class='ocr_line' id='line_1_37' title="bbox 613 2027 2185 2103; baseline 0.004 -23"><span class='ocrx_word' id='word_1_293' title='bbox 613 2027 787 2082; x_wconf 89' lang='lat' dir='ltr'><strong>mines</strong></span> <span class='ocrx_word' id='word_1_294' title='bbox 811 2029 901 2096; x_wconf 93' lang='lat' dir='ltr'><strong>qui</strong></span> <span class='ocrx_word' id='word_1_295' title='bbox 932 2039 1060 2084; x_wconf 86' lang='lat' dir='ltr'><strong>sunt</strong></span> <span class='ocrx_word' id='word_1_296' title='bbox 1085 2045 1258 2100; x_wconf 88' lang='lat' dir='ltr'><strong>super</strong></span> <span class='ocrx_word' id='word_1_297' title='bbox 1280 2040 1625 2103; x_wconf 81' lang='lat' dir='ltr'><strong>terram,suo</strong></span> <span class='ocrx_word' id='word_1_298' title='bbox 1653 2033 1948 2102; x_wconf 84' lang='lat' dir='ltr'><strong>sanguine,</strong></span> <span class='ocrx_word' id='word_1_299' title='bbox 1976 2047 2039 2087; x_wconf 88' lang='lat' dir='ltr'>ac</span> <span class='ocrx_word' id='word_1_300' title='bbox 2073 2032 2185 2087; x_wconf 91' lang='lat' dir='ltr'>Deo</span> 
     </span>
    </p>
   </div>
   <div class='ocr_carea' id='block_1_38' title="bbox 612 2117 2183 2190">
    <p class='ocr_par' dir='ltr' id='par_1_38' title="bbox 612 2117 2183 2190">
     <span class='ocr_line' id='line_1_38' title="bbox 612 2117 2183 2190; baseline 0.004 -19"><span class='ocrx_word' id='word_1_301' title='bbox 612 2117 909 2188; x_wconf 80' lang='lat' dir='ltr'><strong>conjungit.</strong></span> <span class='ocrx_word' id='word_1_302' title='bbox 961 2119 1068 2174; x_wconf 89' lang='lat' dir='ltr'><strong>Sed</strong></span> <span class='ocrx_word' id='word_1_303' title='bbox 1109 2121 1236 2190; x_wconf 89' lang='lat' dir='ltr'><strong>quia</strong></span> <span class='ocrx_word' id='word_1_304' title='bbox 1279 2130 1363 2186; x_wconf 87' lang='lat' dir='ltr'>est</span> <span class='ocrx_word' id='word_1_305' title='bbox 1391 2121 1683 2176; x_wconf 88' lang='lat' dir='ltr'><strong>secundum</strong></span> <span class='ocrx_word' id='word_1_306' title='bbox 1732 2135 1978 2176; x_wconf 88' lang='lat' dir='ltr'><strong>naturam</strong></span> <span class='ocrx_word' id='word_1_307' title='bbox 2021 2122 2183 2190; x_wconf 90' lang='lat' dir='ltr'><strong>Deus,</strong></span> 
     </span>
    </p>
   </div>
   <div class='ocr_carea' id='block_1_39' title="bbox 613 2207 2185 2282">
    <p class='ocr_par' dir='ltr' id='par_1_39' title="bbox 613 2207 2185 2282">
     <span class='ocr_line' id='line_1_39' title="bbox 613 2207 2185 2282; baseline 0.003 -20"><span class='ocrx_word' id='word_1_308' title='bbox 613 2208 776 2262; x_wconf 87' lang='lat' dir='ltr'><strong>etiam</strong></span> <span class='ocrx_word' id='word_1_309' title='bbox 826 2209 1000 2263; x_wconf 89' lang='lat' dir='ltr'><strong>sancti</strong></span> <span class='ocrx_word' id='word_1_310' title='bbox 1043 2207 1282 2280; x_wconf 89' lang='lat' dir='ltr'><strong>Spiritus</strong></span> <span class='ocrx_word' id='word_1_311' title='bbox 1331 2226 1526 2265; x_wconf 90' lang='lat' dir='ltr'><strong>munus</strong></span> <span class='ocrx_word' id='word_1_312' title='bbox 1586 2212 1798 2268; x_wconf 90' lang='lat' dir='ltr'><strong>abunde</strong></span> <span class='ocrx_word' id='word_1_313' title='bbox 1853 2212 2099 2282; x_wconf 85' lang='lat' dir='ltr'><strong>largitur,</strong></span> <span class='ocrx_word' id='word_1_314' title='bbox 2133 2221 2185 2266; x_wconf 91' lang='lat' dir='ltr'>et</span> 
     </span>
    </p>
   </div>
   <div class='ocr_carea' id='block_1_40' title="bbox 615 2300 2182 2369">
    <p class='ocr_par' dir='ltr' id='par_1_40' title="bbox 615 2300 2182 2369">
     <span class='ocr_line' id='line_1_40' title="bbox 615 2300 2182 2369; baseline 0.004 -19"><span class='ocrx_word' id='word_1_315' title='bbox 615 2305 871 2368; x_wconf 87' lang='lat' dir='ltr'><strong>tanquam</strong></span> <span class='ocrx_word' id='word_1_316' title='bbox 909 2300 1186 2369; x_wconf 86' lang='lat' dir='ltr'><strong>proprium</strong></span> <span class='ocrx_word' id='word_1_317' title='bbox 1216 2301 1269 2354; x_wconf 92' lang='lat' dir='ltr'><strong>in</strong></span> <span class='ocrx_word' id='word_1_318' title='bbox 1298 2301 1508 2355; x_wconf 87' lang='lat' dir='ltr'><strong>animas</strong></span> <span class='ocrx_word' id='word_1_319' title='bbox 1549 2303 1884 2356; x_wconf 90' lang='lat' dir='ltr'><strong>credentium</strong></span> <span class='ocrx_word' id='word_1_320' title='bbox 1934 2303 2182 2369; x_wconf 69' lang='lat' dir='ltr'><strong>effundit,</strong></span> 
     </span>
    </p>
   </div>
   <div class='ocr_carea' id='block_1_41' title="bbox 613 2389 2188 2462">
    <p class='ocr_par' dir='ltr' id='par_1_41' title="bbox 613 2389 2188 2462">
     <span class='ocr_line' id='line_1_41' title="bbox 613 2389 2188 2462; baseline 0.004 -20"><span class='ocrx_word' id='word_1_321' title='bbox 613 2398 675 2442; x_wconf 90' lang='lat' dir='ltr'><strong>ut</strong></span> <span class='ocrx_word' id='word_1_322' title='bbox 706 2389 824 2445; x_wconf 88' lang='lat' dir='ltr'><strong>illos</strong></span> <span class='ocrx_word' id='word_1_323' title='bbox 854 2399 965 2444; x_wconf 90' lang='lat' dir='ltr'>tum</span> <span class='ocrx_word' id='word_1_324' title='bbox 999 2391 1196 2445; x_wconf 66' lang='lat' dir='ltr'><strong>divinae</strong></span> <span class='ocrx_word' id='word_1_325' title='bbox 1228 2398 1435 2445; x_wconf 70' lang='lat' dir='ltr'><strong>natura:</strong></span> <span class='ocrx_word' id='word_1_326' title='bbox 1476 2392 1653 2447; x_wconf 91' lang='lat' dir='ltr'><strong>socios</strong></span> <span class='ocrx_word' id='word_1_327' title='bbox 1684 2392 1914 2459; x_wconf 82' lang='lat' dir='ltr'><strong>eiliciat,</strong></span> <span class='ocrx_word' id='word_1_328' title='bbox 1949 2401 2059 2447; x_wconf 93' lang='lat' dir='ltr'>tum</span> <span class='ocrx_word' id='word_1_329' title='bbox 2094 2408 2188 2462; x_wconf 88' lang='lat' dir='ltr'>spe</span> 
     </span>
    </p>
   </div>
   <div class='ocr_carea' id='block_1_42' title="bbox 616 2479 2187 2550">
    <p class='ocr_par' dir='ltr' id='par_1_42' title="bbox 616 2479 2187 2550">
     <span class='ocr_line' id='line_1_42' title="bbox 616 2479 2187 2550; baseline 0.004 -18"><span class='ocrx_word' id='word_1_330' title='bbox 616 2479 919 2534; x_wconf 79' lang='lat' dir='ltr'><strong>futurorum</strong></span> <span class='ocrx_word' id='word_1_331' title='bbox 950 2481 1214 2536; x_wconf 89' lang='lat' dir='ltr'><strong>bonorum</strong></span> <span class='ocrx_word' id='word_1_332' title='bbox 1263 2490 1508 2536; x_wconf 90' lang='lat' dir='ltr'><strong>coronet.</strong></span> <span class='ocrx_word' id='word_1_333' title='bbox 1557 2481 1732 2537; x_wconf 92' lang='lat' dir='ltr'><strong>Unum</strong></span> <span class='ocrx_word' id='word_1_334' title='bbox 1762 2483 1927 2550; x_wconf 79' lang='lat' dir='ltr'><strong>igitur</strong></span> <span class='ocrx_word' id='word_1_335' title='bbox 1961 2483 2187 2539; x_wconf 78' lang='lat' dir='ltr'><strong>conﬁte-</strong></span> 
     </span>
    </p>
   </div>
   <div class='ocr_carea' id='block_1_43' title="bbox 615 2569 2187 2639">
    <p class='ocr_par' dir='ltr' id='par_1_43' title="bbox 615 2569 2187 2639">
     <span class='ocr_line' id='line_1_43' title="bbox 615 2569 2187 2639; baseline 0.004 -17"><span class='ocrx_word' id='word_1_336' title='bbox 615 2583 740 2623; x_wconf 89' lang='lat' dir='ltr'>mur</span> <span class='ocrx_word' id='word_1_337' title='bbox 790 2569 984 2624; x_wconf 88' lang='lat' dir='ltr'><strong>Filium</strong></span> <span class='ocrx_word' id='word_1_338' title='bbox 1042 2569 1318 2626; x_wconf 86' lang='lat' dir='ltr'><strong>Christum</strong></span> <span class='ocrx_word' id='word_1_339' title='bbox 1381 2570 1566 2626; x_wconf 72' lang='lat' dir='ltr'><strong>Iesum</strong></span> <span class='ocrx_word' id='word_1_340' title='bbox 1615 2573 1933 2636; x_wconf 90' lang='lat' dir='ltr'><strong>Dominum,</strong></span> <span class='ocrx_word' id='word_1_341' title='bbox 1971 2573 2026 2628; x_wconf 88' lang='lat' dir='ltr'>id</span> <span class='ocrx_word' id='word_1_342' title='bbox 2081 2584 2187 2639; x_wconf 88' lang='lat' dir='ltr'><strong>est,</strong></span> 
     </span>
    </p>
   </div>
   <div class='ocr_carea' id='block_1_44' title="bbox 618 2657 2187 2729">
    <p class='ocr_par' dir='ltr' id='par_1_44' title="bbox 618 2657 2187 2729">
     <span class='ocr_line' id='line_1_44' title="bbox 618 2657 2187 2729; baseline 0.004 -18"><span class='ocrx_word' id='word_1_343' title='bbox 618 2657 747 2712; x_wconf 92' lang='lat' dir='ltr'><strong>illud</strong></span> <span class='ocrx_word' id='word_1_344' title='bbox 780 2658 875 2714; x_wconf 89' lang='lat' dir='ltr'><strong>Dei</strong></span> <span class='ocrx_word' id='word_1_345' title='bbox 911 2659 1146 2714; x_wconf 82' lang='lat' dir='ltr'><strong>Verbum</strong></span> <span class='ocrx_word' id='word_1_346' title='bbox 1190 2661 1464 2715; x_wconf 90' lang='lat' dir='ltr'><strong>hominem</strong></span> <span class='ocrx_word' id='word_1_347' title='bbox 1515 2661 1714 2716; x_wconf 82' lang='lat' dir='ltr'><strong>factum</strong></span> <span class='ocrx_word' id='word_1_348' title='bbox 1742 2670 1796 2716; x_wconf 89' lang='lat' dir='ltr'>et</span> <span class='ocrx_word' id='word_1_349' title='bbox 1830 2661 2187 2729; x_wconf 86' lang='lat' dir='ltr'><strong>incarnatum,</strong></span> 
     </span>
    </p>
   </div>
   <div class='ocr_carea' id='block_1_45' title="bbox 616 2751 2189 2822">
    <p class='ocr_par' dir='ltr' id='par_1_45' title="bbox 616 2751 2189 2822">
     <span class='ocr_line' id='line_1_45' title="bbox 616 2751 2189 2822; baseline 0.004 -20"><span class='ocrx_word' id='word_1_350' title='bbox 616 2762 672 2803; x_wconf 90' lang='lat' dir='ltr'>et</span> <span class='ocrx_word' id='word_1_351' title='bbox 724 2751 872 2805; x_wconf 88' lang='lat' dir='ltr'><strong>hunc</strong></span> <span class='ocrx_word' id='word_1_352' title='bbox 943 2751 1302 2817; x_wconf 77' lang='lat' dir='ltr'><strong>cruciﬁxum,</strong></span> <span class='ocrx_word' id='word_1_353' title='bbox 1335 2761 1390 2806; x_wconf 91' lang='lat' dir='ltr'>et</span> <span class='ocrx_word' id='word_1_354' title='bbox 1421 2763 1798 2822; x_wconf 82' lang='lat' dir='ltr'><strong>resurgentem</strong></span> <span class='ocrx_word' id='word_1_355' title='bbox 1867 2769 1896 2806; x_wconf 89' lang='lat' dir='ltr'>a</span> <span class='ocrx_word' id='word_1_356' title='bbox 1939 2758 2189 2820; x_wconf 90' lang='lat' dir='ltr'><strong>mortuis,</strong></span> 
     </span>
    </p>
   </div>
   <div class='ocr_carea' id='block_1_46' title="bbox 617 2842 2193 2911">
    <p class='ocr_par' dir='ltr' id='par_1_46' title="bbox 617 2842 2193 2911">
     <span class='ocr_line' id='line_1_46' title="bbox 617 2842 2193 2911; baseline 0.004 -19"><span class='ocrx_word' id='word_1_357' title='bbox 617 2849 1010 2909; x_wconf 85' lang='lat' dir='ltr'><strong>venturumque</strong></span> <span class='ocrx_word' id='word_1_358' title='bbox 1045 2855 1145 2896; x_wconf 82' lang='lat' dir='ltr'>suo</span> <span class='ocrx_word' id='word_1_359' title='bbox 1185 2851 1426 2911; x_wconf 90' lang='lat' dir='ltr'><strong>tempore</strong></span> <span class='ocrx_word' id='word_1_360' title='bbox 1469 2843 1524 2895; x_wconf 91' lang='lat' dir='ltr'>in</span> <span class='ocrx_word' id='word_1_361' title='bbox 1577 2843 1744 2909; x_wconf 87' lang='lat' dir='ltr'><strong>gloria</strong></span> <span class='ocrx_word' id='word_1_362' title='bbox 1789 2842 1884 2896; x_wconf 92' lang='lat' dir='ltr'>Dei</span> <span class='ocrx_word' id='word_1_363' title='bbox 1929 2852 1984 2896; x_wconf 89' lang='lat' dir='ltr'>et</span> <span class='ocrx_word' id='word_1_364' title='bbox 2020 2844 2193 2901; x_wconf 87' lang='lat' dir='ltr'><strong>Patris</strong></span> 
     </span>
    </p>
   </div>
   <div class='ocr_carea' id='block_1_47' title="bbox 617 2929 2192 2999">
    <p class='ocr_par' dir='ltr' id='par_1_47' title="bbox 617 2929 2192 2999">
     <span class='ocr_line' id='line_1_47' title="bbox 617 2929 2192 2999; baseline 0.006 -20"><span class='ocrx_word' id='word_1_365' title='bbox 617 2943 739 2983; x_wconf 75' lang='lat' dir='ltr'>cum</span> <span class='ocrx_word' id='word_1_366' title='bbox 783 2929 990 2984; x_wconf 85' lang='lat' dir='ltr'><strong>sanctis</strong></span> <span class='ocrx_word' id='word_1_367' title='bbox 1017 2929 1242 2999; x_wconf 77' lang='lat' dir='ltr'><strong>angelis.</strong></span> <span class='ocrx_word' id='word_1_368' title='bbox 1298 2929 1400 2985; x_wconf 86' lang='lat' dir='ltr'>Per</span> <span class='ocrx_word' id='word_1_369' title='bbox 1434 2931 1638 2998; x_wconf 87' lang='lat' dir='ltr'><strong>ipsum,</strong></span> <span class='ocrx_word' id='word_1_370' title='bbox 1673 2939 1877 2984; x_wconf 91' lang='lat' dir='ltr'><strong>etcum</strong></span> <span class='ocrx_word' id='word_1_371' title='bbox 1907 2932 2050 2999; x_wconf 89' lang='lat' dir='ltr'><strong>ipso,</strong></span> <span class='ocrx_word' id='word_1_372' title='bbox 2081 2931 2192 2988; x_wconf 89' lang='lat' dir='ltr'>Deo</span> 
     </span>
    </p>
   </div>
   <div class='ocr_carea' id='block_1_48' title="bbox 617 3018 2188 3090">
    <p class='ocr_par' dir='ltr' id='par_1_48' title="bbox 617 3018 2188 3090">
     <span class='ocr_line' id='line_1_48' title="bbox 617 3018 2188 3090; baseline 0.004 -18"><span class='ocrx_word' id='word_1_373' title='bbox 617 3029 672 3072; x_wconf 90' lang='lat' dir='ltr'>ct</span> <span class='ocrx_word' id='word_1_374' title='bbox 692 3018 836 3073; x_wconf 86' lang='lat' dir='ltr'><strong>Patri</strong></span> <span class='ocrx_word' id='word_1_375' title='bbox 861 3019 1028 3088; x_wconf 79' lang='lat' dir='ltr'><strong>gloria</strong></span> <span class='ocrx_word' id='word_1_376' title='bbox 1052 3034 1172 3074; x_wconf 92' lang='lat' dir='ltr'>cum</span> <span class='ocrx_word' id='word_1_377' title='bbox 1200 3029 1388 3075; x_wconf 90' lang='lat' dir='ltr'><strong>sancto</strong></span> <span class='ocrx_word' id='word_1_378' title='bbox 1410 3019 1614 3090; x_wconf 86' lang='lat' dir='ltr'><strong>Spiritu</strong></span> <span class='ocrx_word' id='word_1_379' title='bbox 1643 3021 1695 3074; x_wconf 91' lang='lat' dir='ltr'>in</span> <span class='ocrx_word' id='word_1_380' title='bbox 1727 3022 1946 3077; x_wconf 66' lang='lat' dir='ltr'><strong>sazcula.</strong></span> <span class='ocrx_word' id='word_1_381' title='bbox 1993 3025 2188 3079; x_wconf 88' lang='lat' dir='ltr'><strong>Amen.</strong></span> 
     </span>
    </p>
   </div>
   <div class='ocr_carea' id='block_1_49' title="bbox 2286 1930 3879 2008">
    <p class='ocr_par' dir='ltr' id='par_1_49' title="bbox 2286 1930 3879 2008">
     <span class='ocr_line' id='line_1_49' title="bbox 2286 1930 3879 2008; baseline -0.008 -17"><span class='ocrx_word' id='word_1_382' title='bbox 2286 1937 2541 2008; x_wconf 81' lang='grc' dir='ltr'>Χριστὸς,</span> <span class='ocrx_word' id='word_1_383' title='bbox 2564 1937 2646 1989; x_wconf 83' lang='grc' dir='ltr'>ὅτι</span> <span class='ocrx_word' id='word_1_384' title='bbox 2684 1936 2843 2005; x_wconf 83' lang='grc' dir='ltr'>φύσει</span> <span class='ocrx_word' id='word_1_385' title='bbox 2870 1952 2930 1987; x_wconf 88' lang='grc' dir='ltr'>τε</span> <span class='ocrx_word' id='word_1_386' title='bbox 2964 1935 3059 1988; x_wconf 59' lang='grc' dir='ltr'>καὶ⁵</span> <span class='ocrx_word' id='word_1_387' title='bbox 3090 1934 3232 1986; x_wconf 73' lang='grc' dir='ltr'>κατὰ</span> <span class='ocrx_word' id='word_1_388' title='bbox 3263 1931 3522 2002; x_wconf 83' lang='grc' dir='ltr'>ἀλήθειαν</span> <span class='ocrx_word' id='word_1_389' title='bbox 3555 1930 3681 1992; x_wconf 84' lang='grc' dir='ltr'>Υἱός</span> <span class='ocrx_word' id='word_1_390' title='bbox 3719 1930 3879 1982; x_wconf 75' lang='grc' dir='ltr'>ἐστιν</span> 
     </span>
    </p>
   </div>
   <div class='ocr_carea' id='block_1_50' title="bbox 2285 2019 3878 2100">
    <p class='ocr_par' dir='ltr' id='par_1_50' title="bbox 2285 2019 3878 2100">
     <span class='ocr_line' id='line_1_50' title="bbox 2285 2019 3878 2100; baseline -0.007 -18"><span class='ocrx_word' id='word_1_391' title='bbox 2285 2028 2481 2082; x_wconf 75' lang='grc' dir='ltr'>αὑτοῦ·</span> <span class='ocrx_word' id='word_1_392' title='bbox 2519 2031 2882 2100; x_wconf 87' lang='grc' dir='ltr'>μαρτυρεῖται</span> <span class='ocrx_word' id='word_1_393' title='bbox 2906 2027 2964 2079; x_wconf 82' lang='grc' dir='ltr'>δὲ</span> <span class='ocrx_word' id='word_1_394' title='bbox 2991 2026 3142 2079; x_wconf 81' lang='grc' dir='ltr'>οὐδὲν</span> <span class='ocrx_word' id='word_1_395' title='bbox 3167 2020 3329 2091; x_wconf 85' lang='grc' dir='ltr'>ἦττον</span> <span class='ocrx_word' id='word_1_396' title='bbox 3359 2023 3448 2076; x_wconf 86' lang='grc' dir='ltr'>διά</span> <span class='ocrx_word' id='word_1_397' title='bbox 3473 2039 3532 2074; x_wconf 89' lang='grc' dir='ltr'>τε</span> <span class='ocrx_word' id='word_1_398' title='bbox 3557 2021 3650 2073; x_wconf 92' lang='grc' dir='ltr'>τοῦ</span> <span class='ocrx_word' id='word_1_399' title='bbox 3676 2019 3878 2082; x_wconf 82' lang='grc' dir='ltr'>ὓδατος</span> 
     </span>
    </p>
   </div>
   <div class='ocr_carea' id='block_1_51' title="bbox 2290 2113 3876 2188">
    <p class='ocr_par' dir='ltr' id='par_1_51' title="bbox 2290 2113 3876 2188">
     <span class='ocr_line' id='line_1_51' title="bbox 2290 2113 3876 2188; baseline -0.006 -15"><span class='ocrx_word' id='word_1_400' title='bbox 2290 2121 2380 2174; x_wconf 77' lang='grc' dir='ltr'>καὶ</span> <span class='ocrx_word' id='word_1_401' title='bbox 2421 2119 2513 2172; x_wconf 87' lang='grc' dir='ltr'>τοῦ</span> <span class='ocrx_word' id='word_1_402' title='bbox 2562 2120 2822 2188; x_wconf 77' lang='grc' dir='ltr'>αἵματος,</span> <span class='ocrx_word' id='word_1_403' title='bbox 2872 2119 2967 2171; x_wconf 78' lang='grc' dir='ltr'>καὶ</span> <span class='ocrx_word' id='word_1_404' title='bbox 3013 2116 3108 2170; x_wconf 88' lang='grc' dir='ltr'>τοῦ</span> <span class='ocrx_word' id='word_1_405' title='bbox 3143 2115 3487 2185; x_wconf 87' lang='grc' dir='ltr'>Πνεύματος.</span> <span class='ocrx_word' id='word_1_406' title='bbox 3517 2113 3714 2166; x_wconf 87' lang='grc' dir='ltr'>’Ύδατι</span> <span class='ocrx_word' id='word_1_407' title='bbox 3770 2113 3876 2182; x_wconf 84' lang='grc' dir='ltr'>μὲν</span> 
     </span>
    </p>
   </div>
   <div class='ocr_carea' id='block_1_52' title="bbox 2286 2203 3873 2279">
    <p class='ocr_par' dir='ltr' id='par_1_52' title="bbox 2286 2203 3873 2279">
     <span class='ocr_line' id='line_1_52' title="bbox 2286 2203 3873 2279; baseline -0.004 -17"><span class='ocrx_word' id='word_1_408' title='bbox 2286 2209 2365 2278; x_wconf 84' lang='grc' dir='ltr'>τῷ</span> <span class='ocrx_word' id='word_1_409' title='bbox 2408 2210 2549 2279; x_wconf 82' lang='grc' dir='ltr'>ἁγίῳ</span> <span class='ocrx_word' id='word_1_410' title='bbox 2576 2210 2870 2278; x_wconf 83' lang='grc' dir='ltr'>διασμήχει</span> <span class='ocrx_word' id='word_1_411' title='bbox 2899 2208 3008 2260; x_wconf 84' lang='grc' dir='ltr'>τῶν</span> <span class='ocrx_word' id='word_1_412' title='bbox 3041 2206 3403 2260; x_wconf 86' lang='grc' dir='ltr'>πιστευόντων</span> <span class='ocrx_word' id='word_1_413' title='bbox 3430 2205 3530 2267; x_wconf 87' lang='grc' dir='ltr'>τὰς</span> <span class='ocrx_word' id='word_1_414' title='bbox 3563 2203 3873 2273; x_wconf 84' lang='grc' dir='ltr'>ἁμαρτίας,</span> 
     </span>
    </p>
   </div>
   <div class='ocr_carea' id='block_1_53' title="bbox 2296 2292 3879 2366">
    <p class='ocr_par' dir='ltr' id='par_1_53' title="bbox 2296 2292 3879 2366">
     <span class='ocr_line' id='line_1_53' title="bbox 2296 2292 3879 2366; baseline -0.006 -13"><span class='ocrx_word' id='word_1_415' title='bbox 2296 2301 2548 2364; x_wconf 79' lang='grc' dir='ltr'>ζωοποιεῖ</span> <span class='ocrx_word' id='word_1_416' title='bbox 2575 2300 2632 2352; x_wconf 78' lang='grc' dir='ltr'>δὲ</span> <span class='ocrx_word' id='word_1_417' title='bbox 2665 2299 2752 2352; x_wconf 84' lang='grc' dir='ltr'>διὰ</span> <span class='ocrx_word' id='word_1_418' title='bbox 2784 2298 2877 2352; x_wconf 89' lang='grc' dir='ltr'>τοῦ</span> <span class='ocrx_word' id='word_1_419' title='bbox 2908 2299 3038 2351; x_wconf 90' lang='grc' dir='ltr'>ίδίου</span> <span class='ocrx_word' id='word_1_420' title='bbox 3075 2299 3306 2366; x_wconf 80' lang='grc' dir='ltr'>αἵματος</span> <span class='ocrx_word' id='word_1_421' title='bbox 3336 2296 3431 2349; x_wconf 81' lang='grc' dir='ltr'>καὶ</span> <span class='ocrx_word' id='word_1_422' title='bbox 3457 2294 3718 2349; x_wconf 85' lang='grc' dir='ltr'>συνάπτει</span> <span class='ocrx_word' id='word_1_423' title='bbox 3753 2292 3879 2362; x_wconf 83' lang='grc' dir='ltr'>Θεῷ</span> 
     </span>
    </p>
   </div>
   <div class='ocr_carea' id='block_1_54' title="bbox 2293 2384 3878 2461">
    <p class='ocr_par' dir='ltr' id='par_1_54' title="bbox 2293 2384 3878 2461">
     <span class='ocr_line' id='line_1_54' title="bbox 2293 2384 3878 2461; baseline -0.006 -16"><span class='ocrx_word' id='word_1_424' title='bbox 2293 2393 2420 2455; x_wconf 81' lang='grc' dir='ltr'>τοὺς</span> <span class='ocrx_word' id='word_1_425' title='bbox 2449 2393 2539 2444; x_wconf 76' lang='grc' dir='ltr'>ἐπὶ</span> <span class='ocrx_word' id='word_1_426' title='bbox 2567 2392 2665 2461; x_wconf 85' lang='grc' dir='ltr'>τῆς</span> <span class='ocrx_word' id='word_1_427' title='bbox 2695 2393 2819 2460; x_wconf 85' lang='grc' dir='ltr'>γῆς.</span> <span class='ocrx_word' id='word_1_428' title='bbox 2860 2390 3074 2460; x_wconf 79' lang='grc' dir='ltr'>Ἐπειδὴ</span> <span class='ocrx_word' id='word_1_429' title='bbox 3103 2389 3158 2441; x_wconf 84' lang='grc' dir='ltr'>δέ</span> <span class='ocrx_word' id='word_1_430' title='bbox 3187 2389 3301 2441; x_wconf 75' lang='grc' dir='ltr'>ἐστι</span> <span class='ocrx_word' id='word_1_431' title='bbox 3347 2386 3488 2440; x_wconf 76' lang='grc' dir='ltr'>κατὰ</span> <span class='ocrx_word' id='word_1_432' title='bbox 3529 2385 3687 2453; x_wconf 83' lang='grc' dir='ltr'>φύσιν</span> <span class='ocrx_word' id='word_1_433' title='bbox 3714 2384 3878 2447; x_wconf 81' lang='grc' dir='ltr'>Θεὸς,</span> 
     </span>
    </p>
   </div>
   <div class='ocr_carea' id='block_1_55' title="bbox 2295 2476 3995 2554">
    <p class='ocr_par' dir='ltr' id='par_1_55' title="bbox 2295 2476 3995 2554">
     <span class='ocr_line' id='line_1_55' title="bbox 2295 2476 3995 2554; baseline -0.004 -19"><span class='ocrx_word' id='word_1_434' title='bbox 2295 2483 2388 2535; x_wconf 70' lang='grc' dir='ltr'>καὶ</span> <span class='ocrx_word' id='word_1_435' title='bbox 2410 2484 2506 2552; x_wconf 86' lang='grc' dir='ltr'>τὴν</span> <span class='ocrx_word' id='word_1_436' title='bbox 2529 2481 2622 2534; x_wconf 87' lang='grc' dir='ltr'>τοῦ</span> <span class='ocrx_word' id='word_1_437' title='bbox 2649 2483 2804 2548; x_wconf 86' lang='grc' dir='ltr'>ἁγίου</span> <span class='ocrx_word' id='word_1_438' title='bbox 2831 2479 2967 2533; x_wconf 88' lang='grc' dir='ltr'>Πνεύ</span> <span class='ocrx_word' id='word_1_439' title='bbox 2978 2496 3144 2548; x_wconf 90' lang='grc' dir='ltr'>ματος</span> <span class='ocrx_word' id='word_1_440' title='bbox 3169 2476 3433 2547; x_wconf 86' lang='grc' dir='ltr'>χορηγίαν</span> <span class='ocrx_word' id='word_1_441' title='bbox 3454 2479 3686 2531; x_wconf 87' lang='grc' dir='ltr'>ποιεῖται</span> <span class='ocrx_word' id='word_1_442' title='bbox 3716 2476 3884 2529; x_wconf 80' lang='grc' dir='ltr'>πλου-</span> <span class='ocrx_word' id='word_1_443' title='bbox 3993 2549 3995 2554; x_wconf 23' lang='grc' dir='ltr'>ι</span> 
     </span>
    </p>
   </div>
   <div class='ocr_carea' id='block_1_56' title="bbox 2298 2565 3882 2637">
    <p class='ocr_par' dir='ltr' id='par_1_56' title="bbox 2298 2565 3882 2637">
     <span class='ocr_line' id='line_1_56' title="bbox 2298 2565 3882 2637; baseline -0.003 -13"><span class='ocrx_word' id='word_1_444' title='bbox 2298 2573 2448 2637; x_wconf 85' lang='grc' dir='ltr'>σίως,</span> <span class='ocrx_word' id='word_1_445' title='bbox 2479 2573 2554 2635; x_wconf 89' lang='grc' dir='ltr'>ὠς</span> <span class='ocrx_word' id='word_1_446' title='bbox 2583 2572 2710 2624; x_wconf 78' lang='grc' dir='ltr'>ἴδιον</span> <span class='ocrx_word' id='word_1_447' title='bbox 2730 2571 2863 2625; x_wconf 76' lang='grc' dir='ltr'>αὐτὸ</span> <span class='ocrx_word' id='word_1_448' title='bbox 2879 2573 2996 2633; x_wconf 89' lang='grc' dir='ltr'>ταῖς</span> <span class='ocrx_word' id='word_1_449' title='bbox 3016 2569 3124 2622; x_wconf 82' lang='grc' dir='ltr'>τῶν</span> <span class='ocrx_word' id='word_1_450' title='bbox 3144 2567 3510 2621; x_wconf 84' lang='grc' dir='ltr'>πιστευόντων</span> <span class='ocrx_word' id='word_1_451' title='bbox 3538 2565 3746 2636; x_wconf 82' lang='grc' dir='ltr'>ὲκχέων</span> <span class='ocrx_word' id='word_1_452' title='bbox 3772 2565 3882 2635; x_wconf 82' lang='grc' dir='ltr'>ψυ-</span> 
     </span>
    </p>
   </div>
   <div class='ocr_carea' id='block_1_57' title="bbox 2270 2656 3880 2741">
    <p class='ocr_par' dir='ltr' id='par_1_57' title="bbox 2270 2656 3880 2741">
     <span class='ocr_line' id='line_1_57' title="bbox 2270 2656 3880 2741; baseline -0.007 -23"><span class='ocrx_word' id='word_1_453' title='bbox 2270 2669 2415 2741; x_wconf 40' lang='grc' dir='ltr'>οχαῖς</span> <span class='ocrx_word' id='word_1_454' title='bbox 2445 2665 2595 2727; x_wconf 80' lang='grc' dir='ltr'>Θείας</span> <span class='ocrx_word' id='word_1_455' title='bbox 2622 2681 2681 2717; x_wconf 90' lang='grc' dir='ltr'>τε</span> <span class='ocrx_word' id='word_1_456' title='bbox 2722 2663 2935 2732; x_wconf 71' lang='grc' dir='ltr'>φύσεως</span> <span class='ocrx_word' id='word_1_457' title='bbox 2971 2661 3255 2722; x_wconf 78' lang='grc' dir='ltr'>κοινωνοὺς</span> <span class='ocrx_word' id='word_1_458' title='bbox 3291 2659 3630 2725; x_wconf 81' lang='grc' dir='ltr'>ἀποφαίνων,</span> <span class='ocrx_word' id='word_1_459' title='bbox 3663 2656 3762 2708; x_wconf 75' lang='grc' dir='ltr'>καὶ</span> <span class='ocrx_word' id='word_1_460' title='bbox 3807 2658 3880 2725; x_wconf 78' lang='grc' dir='ltr'>τῇ</span> 
     </span>
    </p>
   </div>
   <div class='ocr_carea' id='block_1_58' title="bbox 2292 2746 3881 2825">
    <p class='ocr_par' dir='ltr' id='par_1_58' title="bbox 2292 2746 3881 2825">
     <span class='ocr_line' id='line_1_58' title="bbox 2292 2746 3881 2825; baseline -0.007 -17"><span class='ocrx_word' id='word_1_461' title='bbox 2292 2756 2400 2808; x_wconf 85' lang='grc' dir='ltr'>τῶν</span> <span class='ocrx_word' id='word_1_462' title='bbox 2432 2755 2703 2825; x_wconf 75' lang='grc' dir='ltr'>ἐσομένων</span> <span class='ocrx_word' id='word_1_463' title='bbox 2732 2754 2952 2823; x_wconf 84' lang='grc' dir='ltr'>ἀγαθῶν</span> <span class='ocrx_word' id='word_1_464' title='bbox 2984 2752 3157 2804; x_wconf 77' lang='grc' dir='ltr'>ἐλπίδι</span> <span class='ocrx_word' id='word_1_465' title='bbox 3191 2749 3490 2818; x_wconf 86' lang='grc' dir='ltr'>στεφανῶν.</span> <span class='ocrx_word' id='word_1_466' title='bbox 3521 2749 3656 2801; x_wconf 85' lang='grc' dir='ltr'>Ἕνα</span> <span class='ocrx_word' id='word_1_467' title='bbox 3687 2746 3881 2799; x_wconf 91' lang='grc' dir='ltr'>τοίνυν</span> 
     </span>
    </p>
   </div>
   <div class='ocr_carea' id='block_1_59' title="bbox 2292 2840 3884 2915">
    <p class='ocr_par' dir='ltr' id='par_1_59' title="bbox 2292 2840 3884 2915">
     <span class='ocr_line' id='line_1_59' title="bbox 2292 2840 3884 2915; baseline -0.005 -17"><span class='ocrx_word' id='word_1_468' title='bbox 2292 2844 2659 2915; x_wconf 82' lang='grc' dir='ltr'>ὁμολογοῦμεν</span> <span class='ocrx_word' id='word_1_469' title='bbox 2686 2843 2811 2896; x_wconf 84' lang='grc' dir='ltr'>Υίδν</span> <span class='ocrx_word' id='word_1_470' title='bbox 2841 2842 3074 2914; x_wconf 82' lang='grc' dir='ltr'>Χριστὸν</span> <span class='ocrx_word' id='word_1_471' title='bbox 3107 2840 3314 2912; x_wconf 77' lang='grc' dir='ltr'>Ἰησοῦν</span> <span class='ocrx_word' id='word_1_472' title='bbox 3342 2841 3438 2893; x_wconf 74' lang='grc' dir='ltr'>καὶ</span> <span class='ocrx_word' id='word_1_473' title='bbox 3463 2841 3684 2910; x_wconf 86' lang='grc' dir='ltr'>Κύριον,</span> <span class='ocrx_word' id='word_1_474' title='bbox 3713 2855 3884 2891; x_wconf 85' lang='grc' dir='ltr'>τουτ-</span> 
     </span>
    </p>
   </div>
   <div class='ocr_carea' id='block_1_60' title="bbox 2292 2932 3882 3006">
    <p class='ocr_par' dir='ltr' id='par_1_60' title="bbox 2292 2932 3882 3006">
     <span class='ocr_line' id='line_1_60' title="bbox 2292 2932 3882 3006; baseline -0.003 -18"><span class='ocrx_word' id='word_1_475' title='bbox 2292 2937 2431 3001; x_wconf 82' lang='grc' dir='ltr'>έστι,</span> <span class='ocrx_word' id='word_1_476' title='bbox 2469 2937 2558 2989; x_wconf 82' lang='grc' dir='ltr'>τὸν</span> <span class='ocrx_word' id='word_1_477' title='bbox 2588 2935 2684 2990; x_wconf 90' lang='grc' dir='ltr'>τοῦ</span> <span class='ocrx_word' id='word_1_478' title='bbox 2723 2935 2859 2990; x_wconf 85' lang='grc' dir='ltr'>Θεοῦ</span> <span class='ocrx_word' id='word_1_479' title='bbox 2900 2935 3072 3004; x_wconf 85' lang='grc' dir='ltr'>Λόγον</span> <span class='ocrx_word' id='word_1_480' title='bbox 3109 2934 3607 3006; x_wconf 79' lang='grc' dir='ltr'>ὲνανθρωπήσαντα</span> <span class='ocrx_word' id='word_1_481' title='bbox 3647 2932 3746 2984; x_wconf 70' lang='grc' dir='ltr'>καὶ</span> <span class='ocrx_word' id='word_1_482' title='bbox 3784 2949 3882 2985; x_wconf 83' lang='grc' dir='ltr'>σε-</span> 
     </span>
    </p>
   </div>
   <div class='ocr_carea' id='block_1_61' title="bbox 2294 3024 3884 3098">
    <p class='ocr_par' dir='ltr' id='par_1_61' title="bbox 2294 3024 3884 3098">
     <span class='ocr_line' id='line_1_61' title="bbox 2294 3024 3884 3098; baseline -0.004 -19"><span class='ocrx_word' id='word_1_483' title='bbox 2294 3027 2666 3098; x_wconf 79' lang='grc' dir='ltr'>σαρκωμὲνον,</span> <span class='ocrx_word' id='word_1_484' title='bbox 2699 3028 2793 3079; x_wconf 75' lang='grc' dir='ltr'>καὶ</span> <span class='ocrx_word' id='word_1_485' title='bbox 2834 3027 3020 3080; x_wconf 88' lang='grc' dir='ltr'>τοῦτον</span> <span class='ocrx_word' id='word_1_486' title='bbox 3060 3026 3490 3096; x_wconf 78' lang='grc' dir='ltr'>ἐσταυρωμένον,</span> <span class='ocrx_word' id='word_1_487' title='bbox 3521 3024 3614 3076; x_wconf 70' lang='grc' dir='ltr'>καὶ</span> <span class='ocrx_word' id='word_1_488' title='bbox 3643 3025 3884 3092; x_wconf 65' lang='grc' dir='ltr'>ὲγηγερυ</span> 
     </span>
    </p>
   </div>
   <div class='ocr_carea' id='block_1_62' title="bbox 621 3107 3886 3188">
    <p class='ocr_par' dir='ltr' id='par_1_62' title="bbox 621 3107 3886 3188">
     <span class='ocr_line' id='line_1_62' title="bbox 621 3107 3886 3188; baseline 0.002 -29"><span class='ocrx_word' id='word_1_489' title='bbox 621 3108 779 3179; x_wconf 83' lang='grc' dir='ltr'>μένον</span> <span class='ocrx_word' id='word_1_490' title='bbox 805 3108 870 3162; x_wconf 78' lang='grc' dir='ltr'>ὲκ</span> <span class='ocrx_word' id='word_1_491' title='bbox 900 3107 1129 3178; x_wconf 84' lang='grc' dir='ltr'>νεκρῶν,</span> <span class='ocrx_word' id='word_1_492' title='bbox 1155 3110 1354 3178; x_wconf 78' lang='grc' dir='ltr'>ἥξοντὰ</span> <span class='ocrx_word' id='word_1_493' title='bbox 1375 3127 1434 3163; x_wconf 87' lang='grc' dir='ltr'>τε</span> <span class='ocrx_word' id='word_1_494' title='bbox 1468 3109 1609 3163; x_wconf 85' lang='grc' dir='ltr'>κατὰ</span> <span class='ocrx_word' id='word_1_495' title='bbox 1634 3114 1860 3180; x_wconf 84' lang='grc' dir='ltr'>καιροὺς</span> <span class='ocrx_word' id='word_1_496' title='bbox 1920 3115 1978 3166; x_wconf 81' lang='grc' dir='ltr'>ἐν</span> <span class='ocrx_word' id='word_1_497' title='bbox 2009 3116 2076 3185; x_wconf 81' lang='grc' dir='ltr'>τῇ</span> <span class='ocrx_word' id='word_1_498' title='bbox 2103 3114 2226 3186; x_wconf 80' lang='grc' dir='ltr'>δόξῃ</span> <span class='ocrx_word' id='word_1_499' title='bbox 2263 3116 2359 3169; x_wconf 91' lang='grc' dir='ltr'>τοῦ</span> <span class='ocrx_word' id='word_1_500' title='bbox 2392 3117 2524 3171; x_wconf 90' lang='grc' dir='ltr'>Θεοῦ</span> <span class='ocrx_word' id='word_1_501' title='bbox 2557 3118 2652 3171; x_wconf 77' lang='grc' dir='ltr'>καὶ</span> <span class='ocrx_word' id='word_1_502' title='bbox 2715 3117 2928 3188; x_wconf 84' lang='grc' dir='ltr'>Πατρὸς</span> <span class='ocrx_word' id='word_1_503' title='bbox 2966 3117 3106 3186; x_wconf 80' lang='grc' dir='ltr'>μετὰ</span> <span class='ocrx_word' id='word_1_504' title='bbox 3145 3115 3253 3168; x_wconf 82' lang='grc' dir='ltr'>τῶν</span> <span class='ocrx_word' id='word_1_505' title='bbox 3283 3115 3452 3183; x_wconf 76' lang='grc' dir='ltr'>ἁγίων</span> <span class='ocrx_word' id='word_1_506' title='bbox 3497 3114 3768 3182; x_wconf 83' lang='grc' dir='ltr'>ἀγγέλων.</span> <span class='ocrx_word' id='word_1_507' title='bbox 3798 3115 3886 3164; x_wconf 68' lang='grc' dir='ltr'>Δι’</span> 
     </span>
    </p>
   </div>
   <div class='ocr_carea' id='block_1_63' title="bbox 618 3203 3407 3284">
    <p class='ocr_par' dir='ltr' id='par_1_63' title="bbox 618 3203 3407 3284">
     <span class='ocr_line' id='line_1_63' title="bbox 618 3203 3407 3284; baseline 0 -26"><span class='ocrx_word' id='word_1_508' title='bbox 618 3203 782 3258; x_wconf 79' lang='grc' dir='ltr'>αὐτοῦ</span> <span class='ocrx_word' id='word_1_509' title='bbox 813 3220 872 3255; x_wconf 91' lang='grc' dir='ltr'>τε</span> <span class='ocrx_word' id='word_1_510' title='bbox 898 3220 995 3257; x_wconf 89' lang='grc' dir='ltr'>και</span> <span class='ocrx_word' id='word_1_511' title='bbox 1020 3205 1114 3258; x_wconf 79' lang='grc' dir='ltr'>σὺν</span> <span class='ocrx_word' id='word_1_512' title='bbox 1137 3204 1285 3274; x_wconf 84' lang='grc' dir='ltr'>αὐτῷ</span> <span class='ocrx_word' id='word_1_513' title='bbox 1306 3204 1382 3274; x_wconf 83' lang='grc' dir='ltr'>τῷ</span> <span class='ocrx_word' id='word_1_514' title='bbox 1407 3205 1525 3274; x_wconf 84' lang='grc' dir='ltr'>Θεῷ</span> <span class='ocrx_word' id='word_1_515' title='bbox 1551 3207 1644 3259; x_wconf 73' lang='grc' dir='ltr'>καὶ</span> <span class='ocrx_word' id='word_1_516' title='bbox 1666 3206 1842 3277; x_wconf 78' lang='grc' dir='ltr'>Πατρὶ</span> <span class='ocrx_word' id='word_1_517' title='bbox 1868 3209 1900 3276; x_wconf 83' lang='grc' dir='ltr'>ή</span> <span class='ocrx_word' id='word_1_518' title='bbox 1929 3207 2053 3272; x_wconf 80' lang='grc' dir='ltr'>δόξα</span> <span class='ocrx_word' id='word_1_519' title='bbox 2086 3212 2182 3264; x_wconf 81' lang='grc' dir='ltr'>σὺν</span> <span class='ocrx_word' id='word_1_520' title='bbox 2221 3212 2360 3284; x_wconf 84' lang='grc' dir='ltr'>ἁγίῳ</span> <span class='ocrx_word' id='word_1_521' title='bbox 2389 3213 2666 3282; x_wconf 85' lang='grc' dir='ltr'>Πνεύματι</span> <span class='ocrx_word' id='word_1_522' title='bbox 2695 3213 2774 3274; x_wconf 84' lang='grc' dir='ltr'>είς</span> <span class='ocrx_word' id='word_1_523' title='bbox 2802 3213 2927 3274; x_wconf 58' lang='grc' dir='ltr'>τοῦς</span> <span class='ocrx_word' id='word_1_524' title='bbox 2957 3210 3180 3272; x_wconf 72' lang='grc' dir='ltr'>αἰῶνας.</span> <span class='ocrx_word' id='word_1_525' title='bbox 3216 3210 3407 3279; x_wconf 67' lang='grc' dir='ltr'>Ἀμήν.</span> 
     </span>
    </p>
   </div>
   <div class='ocr_carea' id='block_1_64' title="bbox 693 3353 1868 3426">
    <p class='ocr_par' dir='ltr' id='par_1_64' title="bbox 693 3353 1868 3426">
     <span class='ocr_line' id='line_1_64' title="bbox 693 3353 1868 3426; baseline 0.004 -16"><span class='ocrx_word' id='word_1_526' title='bbox 693 3354 738 3389; x_wconf 71' lang='grc'>⁸⁸</span> <span class='ocrx_word' id='word_1_527' title='bbox 767 3353 789 3410; x_wconf 89' lang='grc' dir='ltr'>ι</span> <span class='ocrx_word' id='word_1_528' title='bbox 818 3353 975 3411; x_wconf 79' lang='lat' dir='ltr'><strong>Joan.</strong></span> <span class='ocrx_word' id='word_1_529' title='bbox 1011 3372 1065 3422; x_wconf 82' lang='grc' dir='ltr'>ν,</span> <span class='ocrx_word' id='word_1_530' title='bbox 1091 3357 1247 3413; x_wconf 79' lang='grc'><strong>5-10.</strong></span> <span class='ocrx_word' id='word_1_531' title='bbox 1327 3359 1368 3389; x_wconf 76' lang='grc'>¹⁶</span> <span class='ocrx_word' id='word_1_532' title='bbox 1398 3356 1557 3413; x_wconf 83' lang='lat' dir='ltr'><strong>Joan.</strong></span> <span class='ocrx_word' id='word_1_533' title='bbox 1594 3375 1631 3424; x_wconf 86' lang='grc' dir='ltr'>ι,</span> <span class='ocrx_word' id='word_1_534' title='bbox 1660 3359 1749 3426; x_wconf 80' lang='grc'>55,</span> <span class='ocrx_word' id='word_1_535' title='bbox 1778 3361 1868 3415; x_wconf 74' lang='grc'>54.</span> 
     </span>
    </p>
   </div>
  </div>
