4040 6436
607 339 707 396 εει

1605 328 1664 383 S.
1705 321 1980 382 CYRILILI
2020 315 2489 376 ALEXANDle
2536 313 2852 370 AliUlilEP.

3783 305 3888 362 252

615 453 902 509 Nobiscum
937 450 1077 504 Deus
1110 448 1173 501 θ’.
1212 465 1231 499 ι
1288 446 1430 500 Deus
1483 455 1602 499 erat
1658 446 1842 512 itaque
1892 442 1983 509 qui
2042 446 2202 492 natus

2350 433 2872 504 εθερμηνευόμενον,
2915 425 3056 481 Μεθ’
3093 425 3261 494 ἡμῶν
3292 425 3325 478 o'
3357 425 3537 489 Θεός·
3577 422 3707 487 Θεὸς
3737 417 3835 475 οῦν
3863 422 3888 474 ό

612 559 718 615 est,
751 546 902 611 velis,
930 545 1093 600 nolis.

687 636 890 694 NEST.
924 636 1160 707 Angelus
1183 632 1421 701 .losepho
1460 631 1595 685 dixit
1631 648 1644 683 :
1693 647 1711 678 ι
1757 626 1995 693 Surgens
2019 618 2204 689 accipe

619 745 843 800 puerum
873 740 927 783 et
972 736 1202 782 matrem
1246 725 1383 794 ejus,
1433 732 1487 776 et
1537 722 1658 789 fuge
1701 720 1752 772 in
1795 715 2105 782 IEuyptum,
2152 723 2206 766 et

618 833 733 878 esto
764 822 835 877 ibi
861 837 1032 891 usque
1054 821 1177 876 dum
1209 818 1385 873 dicam
1406 816 1501 871 tibi
1528 815 1595 868 ’°.
1619 832 1637 865 ι
1663 810 1775 866 Non
1799 809 1934 864 dixit
1962 825 1975 862 :
2008 805 2206 874 Accipe

624 917 789 971 Deum
826 924 882 970 et
911 921 1140 967 matrem
1173 910 1309 978 ejus.

694 1091 855 1148 CVR.
889 1091 1140 1147 Attamen
1191 1085 1553 1156 archangelus
1585 1081 1802 1139 Gabriel
1848 1077 2058 1149 Virgini
2089 1077 2204 1131 ait:

632 1199 656 1233 ι
692 1181 927 1250 Spiritus
957 1187 1182 1234 sanctus
1233 1172 1583 1245 superveniet
1610 1172 1662 1226 in
1698 1179 1772 1234 te,
1799 1179 1854 1224 et
1887 1170 2062 1221 virtus
2111 1167 2207 1219 Al-

630 1272 824 1328 tissimi
851 1269 1200 1327 obumbrabit
1245 1269 1361 1325 tibi.
1407 1268 1530 1322 Ideo
1572 1276 1626 1320 et
1659 1263 1804 1334 quod
1856 1267 2111 1315 nascetur
2141 1273 2206 1312 ex

633 1375 683 1419 te
707 1373 977 1428 sanctum,
997 1363 1164 1416 Filius
1208 1359 1473 1415 Altissimi
1507 1355 1790 1412 vocabitur
1821 1353 1919 1405 ³³.»

716 1537 915 1594 NEST.
948 1539 1241 1608 Apostolus
1291 1537 1402 1590 ait:
1441 1555 1459 1587 ι
1500 1533 1861 1600 Semetipsum
1889 1532 2209 1599 exinanivit,

635 1631 863 1683 formam
895 1630 1040 1684 servi
1087 1629 1360 1698 accipiens
1383 1628 1428 1657 ”
1464 1643 1476 1691 ;
1521 1644 1538 1677 ι
1581 1625 1760 1687 idest,
1817 1629 2060 1676 nostrum
2109 1622 2212 1676 sibi

634 1718 862 1773 induens
918 1732 1135 1787 corpus,
1194 1719 1249 1770 in
1289 1731 1396 1785 quo
1455 1713 1773 1783 proliciebat
1829 1711 2090 1776 sapientia
2149 1725 2213 1764 ac

633 1817 792 1862 aetate
818 1817 874 1863 et
921 1807 1091 1879 gratia
1135 1807 1274 1875 apud
1306 1805 1472 1860 Deum
1498 1814 1552 1859 et
1583 1803 1833 1859 homines
1864 1802 1931 1867 ³³,
1957 1811 2212 1869 tanquam

635 1901 795 1955 homo
823 1899 1156 1953 Dominicus.

705 1989 864 2045 CVR.
899 1990 1166 2059 Quidquid
1199 1987 1397 2043 factum
1445 1995 1529 2043 est
1579 2001 1645 2040 ex
1696 1999 1883 2050 carne,
1931 1998 2058 2038 caro
2109 1992 2214 2050 est,

636 2097 811 2152 neque
845 2091 1022 2136 tamen
1053 2083 1179 2134 hinc
1202 2081 1488 2148 perimitur
1525 2078 1823 2131 nativitatis
1861 2076 2210 2129 miraculum.

639 2175 787 2228 Sicut
821 2173 962 2227 enim
996 2171 1139 2225 Deus
1192 2170 1456 2224 divinitus
1506 2177 1750 2238 generat,
1800 2168 1875 2222 ita
1927 2166 2215 2219 venerabi-

637 2262 702 2317 lis
736 2277 949 2332 quoque
993 2260 1153 2330 Virgo
1185 2260 1394 2329 peperit
1425 2261 1477 2312 in
1510 2273 1674 2313 carne
1723 2258 1955 2311 Verbum
2002 2271 2067 2309 ex
2112 2255 2218 2309 Deo

638 2353 823 2408 Deum.

653 2435 659 2440 ’
736 2444 939 2500 NEST.
1003 2442 1198 2500 Omnis
1251 2451 1425 2497 mater
1484 2441 2003 2497 consubstantialem
2064 2457 2217 2494 suum

639 2536 817 2606 parit:
850 2552 958 2590 non
993 2545 1234 2602 estergo
1287 2534 1404 2600 ejus
1461 2543 1655 2600 mater,
1713 2533 1812 2587 nisi
1849 2533 1960 2600 ipse
2015 2540 2098 2585 est
2144 2533 2219 2585 illi

642 2626 1139 2681 cousubstantialis.
1166 2625 1296 2678 Nam
1331 2626 1602 2694 quomodo
1641 2625 1712 2676 sit
1758 2632 1931 2678 mater
1965 2623 2102 2691 ejus,
2130 2623 2220 2691 qui

644 2716 713 2771 ab
743 2717 916 2786 ipsius
942 2717 1244 2772 substantia
1279 2715 1488 2771 alienus
1527 2715 1739 2771 fuerit?

715 2893 873 2949 CYB.
906 2893 1095 2948 Nosex
1121 2893 1340 2962 Virgine
1388 2901 1440 2947 et
1475 2907 1544 2945 ex
1575 2892 1781 2960 Spiritu
1817 2901 2005 2948 sancto
2054 2909 2219 2947 unum

648 2987 842 3041 Filium
893 2986 1068 3040 edocti
1123 2984 1323 3040 fuimus
1383 2985 1649 3049 conﬁteri,
1704 2985 2220 3040 consubstantialem

650 3079 808 3132 matri
841 3087 897 3130 ut
944 3077 1110 3142 Patri,
1151 3078 1309 3132 sicuti
1350 3075 1540 3130 Patres
1571 3077 1844 3130 dixerunt.

721 3167 922 3222 NEST.
957 3168 1145 3223 Divido
1183 3175 1428 3230 naturas,
1459 3182 1618 3221 uuam
1661 3167 1798 3220 facio
1830 3167 2221 3232 adorationem,

2305 525 2539 594 τεχθεὶς,
2573 525 2676 576 κᾶν
2703 521 2883 592 θέλῃς,
2914 517 3018 570 κᾶν
3052 516 3128 587 μὴ
3165 515 3348 584 θέλῃς.

2377 615 2578 668 ΝΕΣΤ.
2620 614 2680 665 '0
2723 610 2954 680 ἄγγελος
2995 608 3073 678 τῷ
3111 608 3309 675 Ἰωσὴφ
3338 603 3527 659 εἶπεν·
3569 623 3587 656 ι
3629 603 3892 663 Ἀναστὰς

2309 707 2594 779 παράλαϐε
2642 705 2704 758 τὸ
2764 703 2975 758 παιδίον
3012 701 3105 754 καὶ
3141 703 3239 770 τὴν
3293 699 3504 770 μητέρα
3553 697 3740 760 αὐτοῦ,
3796 695 3894 749 xa‘l

2309 799 2478 868 φεῦγε
2505 798 2583 861 είς
2612 795 2906 863 Αἴγυπτον,
2945 790 3040 845 καὶ
3063 790 3172 844 ἴσθι
3204 791 3317 842 ἐκεῖ
3345 790 3451 853 ’ἐως
3472 789 3538 842 ἂν
3568 789 3707 840 εἴπω
3735 803 3838 839 σοι·
3871 806 3889 838 ι

2307 889 2408 942 οὐκ
2449 882 2571 940 εἶπε
2622 886 2716 951 δὲ,
2747 881 3038 954 Παράλαϐε
3075 881 3167 934 τὸν
3211 879 3343 932 Θεὸν
3393 879 3489 932 καὶ
3532 877 3632 948 τὴν
3679 878 3896 947 μητέρα

2309 976 2497 1033 αὑτοῦ.

2380 1069 2544 1122 ΚΥΡ.
2593 1068 2734 1121 Ἀλλ’
2773 1069 2800 1120 ὁ
2826 1067 3167 1138 ἀρχάγγελος
3195 1064 3441 1134 Γαϐριὴλ
3469 1063 3608 1132 πρὸς
3631 1062 3728 1132 τὴν
3748 1061 3900 1129 Παρ-

2311 1167 2463 1220 θένον
2495 1166 2681 1233 λέγει·
2725 1182 2749 1214 ι.
2791 1161 3016 1230 Πνεῦμα
3057 1160 3212 1227 ἅγιον
3251 1155 3608 1208 ἐπελεύσεται
3661 1154 3756 1206 ἐπὶ
3813 1153 3898 1215 σὲ,

2311 1261 2406 1311 καὶ
2450 1257 2679 1326 δύναμις
2720 1254 2975 1322 Ὑψίστου
3030 1249 3345 1302 ἐπισκιάσει
3400 1262 3512 1298 σοι’
3560 1245 3641 1296 διὸ
3694 1243 3790 1296 καὶ
3841 1239 3903 1292 τὸ
4014 1295 4015 1298 η

2312 1349 2652 1419 γεννώμενον
2701 1349 2766 1399 ἐκ
2819 1343 2911 1396 σοῦ
2970 1343 3146 1410 ἅγιον,
3207 1338 3322 1402 υίὸς
3373 1336 3633 1406 Ὑψίστου
3691 1331 3904 1402 κληθή-
4007 1388 4010 1392 ι

2316 1460 2488 1496 σεται.
2528 1460 2546 1491 δ

2385 1531 2588 1586 ΝΕΣΤ.
2646 1531 2703 1583 ’0
2761 1527 3082 1589 Ἀπόστολος
3132 1524 3270 1593 ἔφη·
3318 1539 3336 1573 ι
3369 1517 3594 1575 Ἑαυτὸν
3638 1515 3902 1573 ἐκένωσε,

2319 1625 2532 1696 μορφὴν
2565 1623 2752 1675 δούλου
2784 1619 2998 1674 λαϐώνο
3034 1639 3050 1668 ι
3085 1617 3222 1686 ὅπερ
3252 1614 3371 1666 ἐστὶ
3398 1613 3458 1664 τὸ
3493 1610 3766 1679 ἡμέτερον
3813 1607 3904 1657 ἐν-

2316 1717 2614 1785 δυσάμενος
2649 1713 2827 1782 σῶμα,
2870 1710 2998 1762 ἔνθα
3031 1707 3340 1779 προέκοπτε
3387 1702 3551 1772 σοφίᾳ
3594 1699 3689 1752 καὶ
3715 1697 3908 1767 ήλικίᾳ
4013 1689 4015 1696 λ

2249 1771 2290 1827 Β
2318 1809 2412 1861 καὶ
2440 1771 2622 1877 χάριτι
2655 1771 2824 1872 παρὰ-
2849 1798 2969 1868 Θεῷ
2999 1771 3092 1850 καί
3136 1794 3465 1867 ἀνθρώποις,
3515 1791 3591 1853 ὡς
3621 1783 3909 1857 Κυριακὸς

2318 1899 2414 1953 ἄνθ
2424 1915 2628 1967 ρωπος.

2389 1991 2552 2044 ΚΥΡ.
2581 1989 2695 2041 Πᾶν
2725 1986 2785 2037 τὸ
2806 1983 3096 2052 γενόμενον
3131 1981 3194 2032 ἐκ
3215 1978 3316 2046 τῆς
3345 1974 3566 2044 σαρκὸς,
3596 1969 3733 2039 σάρξ
3762 1968 3908 2020 ἐστι·

2318 2083 2418 2135 οὐκ
2452 2082 2667 2148 ἀναιρεῖ
2690 2077 2745 2128 δὲ
2779 2077 2877 2144 τῆς
2919 2075 3222 2142 γεννήσεως
3273 2065 3574 2136 παράδοξον
3595 2079 3608 2092 ·
3637 2061 3712 2124 ὡς
3739 2057 3856 2128 γὰρ
3885 2059 3915 2110 ὁ
4013 2111 4015 2114 ,

2323 2172 2455 2234 Θεὸς
2477 2171 2650 2222 τίκτει
2678 2167 2896 2229 θεῖκῶς,
2924 2163 3067 2216 οὕτω
3095 2161 3189 2214 καὶ
3225 2162 3256 2228 ἠ
3299 2155 3606 2224 θεοπρεπὴς
3627 2150 3915 2220 Παρθένος
4009 2151 4015 2158 “

2321 2261 2507 2312 ἔτεκεν
2533 2259 2589 2310 ἐν
2620 2255 2784 2324 σαρκὶ
2814 2255 2904 2306 τὸν
2936 2255 2999 2304 ὲκ
3031 2249 3168 2302 Θεοῦ
3203 2247 3335 2300 Θεὸν
3363 2245 3557 2310 Λόγον.

2392 2434 2593 2488 ΝΕΣΤ.
2625 2433 2784 2485 Πᾶσα
2840 2430 3021 2499 μήτηρ
3068 2425 3128 2476 τὸ
3157 2421 3444 2491 ὁμοούσιον
3491 2417 3662 2485 αὐτῆς
3695 2415 3912 2468 τίκτει·

2322 2529 2422 2580 οὐκ
2454 2527 2600 2579 ἐστιν
2647 2519 2738 2577 οὖν
2781 2519 2949 2574 αὐτοῦ
2983 2519 3188 2586 μήτηρ,
3213 2515 3260 2566 εί
3306 2511 3381 2582 μὴ
3419 2510 3580 2571 αὐτὸς
3620 2505 3917 2576 ὀμοούσιος

2323 2622 2496 2689 αὐτῆς
2522 2618 2758 2687 ὑπάρχει
2781 2632 2794 2646 ο
2825 2613 2940 2674 πῶς
2965 2609 3072 2678 γὰρ
3103 2605 3266 2659 αὑτοῦ
3295 2605 3476 2674 μήτηρ
3505 2600 3597 2655 τοῦ
3624 2599 3918 2666 ἀλλοτρίου
4014 2665 4015 2668 η

2324 2714 2419 2781 τῆς
2449 2711 2634 2772 οὐσίας
2695 2706 2863 2776 αὐτῆς
2916 2701 3253 2770 ὑπάρχοντος
3305 2696 3450 2767 [cod.
3499 2693 3561 2746 τὸ
3622 2690 3915 2760 ἀλλότριον

2331 2800 2598 2871 ὑπάρχον]
2623 2817 2637 2864 ;

2397 2895 2560 2946 ΚΥΡ.
2623 2890 2799 2958 ἠμᾶς
2859 2887 2921 2938 ἐκ
2978 2881 3256 2954 Παρθένου
3323 2877 3418 2931 καὶ
3483 2876 3547 2927 ἐκ
3592 2871 3920 2940 Πνεύματος

2328 2987 2482 3053 ἁγίου
2514 2985 2611 3035 ἕνα
2644 2981 2773 3033 Υἱὸν
2818 2975 3176 3045 ἐδιδάχθημεν
3203 2967 3504 3039 ὁμολογεῖν,
3532 2963 3822 3035 όμοούσιον
3848 2963 3920 3031 τῇ

2251 3106 2293 3162 C
2331 3077 2498 3148 μητρὶ
2526 3075 2602 3136 ὡς
2623 3071 2699 3141 τῷ
2724 3069 2922 3140 Πατρὶ,
2948 3064 3132 3126 καθὼς
3166 3065 3213 3115 οἱ
3250 3060 3493 3162 Πατέρες
3515 3058 3828 3158 εἰρήκασιν.

2401 3166 2603 3222 ΝΕΣΤ.
2638 3159 2841 3232 Διαιρῶ
2865 3159 2964 3220 τὰς
2999 3155 3211 3225 φύσεις,
3247 3150 3352 3204 ὲνῶ
3379 3151 3478 3217 τὴν
3513 3147 3919 3216 προσκύνησιν,

651 3261 777 3328 quia
805 3258 946 3312 Deus
979 3256 1358 3325 inseparabilis
1384 3265 1469 3311 est
1493 3256 1560 3310 ab
1594 3271 1658 3311 eo
1691 3257 1786 3326 qui
1815 3257 2080 3310 cernitur.
2103 3256 2221 3312 Ideo

2350 3257 2518 3326 ιπειδὴ
2544 3252 2847 3323 ἁχώριστος
2898 3247 2992 3299 τοῦ
3047 3241 3372 3313 φαινομένου
3419 3237 3586 3298 Θεόςο
3620 3236 3705 3288 διὰ
3756 3234 3926 3287 τοῦτο

655 3352 914 3406 honorem
949 3364 1052 3403 non
1087 3349 1290 3403 divido.

751 3441 913 3496 CVR.
975 3441 1076 3507 Qui
1140 3447 1365 3494 naturas
1418 3439 1630 3503 dividit,
1685 3439 1818 3493 duos
1875 3441 2006 3494 dicit
2069 3441 2228 3507 ﬁlios,

2331 3351 2392 3402 οὐ
2425 3343 2646 3416 χωρίζω
2672 3343 2772 3410 τὴν
2800 3337 2992 3408 τιμήν.

2403 3437 2569 3492 ΚΥΡ.
2615 3433 2672 3484 '0
2708 3428 2934 3500 διαιρῶν
2971 3426 3047 3497 (ί)
3081 3423 3180 3486 τὰς
3202 3421 3414 3490 φύσεις,
3443 3418 3537 3472 δύο
3563 3417 3713 3478 υἱοὺς
3742 3416 3925 3483 λέγει,

663 3534 855 3606 ιωα
893 3532 1189 3602 Scriptura:
1235 3547 1340 3586 non
1375 3533 1604 3587 credens
1651 3531 1853 3586 dicenti
1886 3550 1900 3585 :
1940 3551 1963 3584 ι
1993 3532 2221 3587 Verbum

2350 3533 2412 3601 ιὴ
2442 3528 2712 3582 πιστεύων
2732 3528 2798 3595 τῇ
2826 3524 3019 3595 Γραφῇ
3042 3518 3300 3588 λεγούσῃ,
3326 3517 3408 3568 ὅτι
3443 3533 3471 3566 ι,
3518 3516 3558 3567 Ο
3581 3512 3752 3579 Λόγος
3783 3507 3931 3578 σὰρξ

659 3640 786 3678 caro
813 3624 1011 3677 factum
1038 3632 1119 3677 est
1147 3622 1215 3674 “.
1255 3641 1274 3673 ι

748 3709 948 3766 NEST.
1006 3711 1204 3764 Paulus
1266 3710 1396 3765 dicit
1434 3729 1452 3761 ι
1498 3711 1806 3778 pontiﬁcem
1852 3722 1906 3767 et
1930 3713 2233 3782 apostolum

2335 3623 2575 3676 ἐγένετο.

2367 3638 2627 3765 γὲἓὲῗὲ..
2663 3706 2876 3768 Παῦλος
2923 3704 3073 3770 λέγει
3112 3719 3129 3751 ι
3172 3697 3437 3768 ἀρχιερέα
3482 3694 3579 3747 καὶ
3622 3689 3934 3744 ἀπόστολον

662 3802 1019 3858 confessionis
1051 3812 1249 3856 nostrae
1282 3817 1405 3855 esse
1441 3802 1646 3867 Jesum,
1707 3804 1798 3870 qui
1855 3781 2027 3858 ﬁdelis
2068 3812 2152 3858 est
2183 3806 2221 3858 e‘

2350 3805 2436 3874 τῆς
2472 3798 2759 3871 ὁμολογίας
2812 3795 2967 3865 ἡμῶν
3009 3789 3264 3861 γενέσθαι
3310 3785 3539 3858 Ἰησοῦν,
3570 3781 3761 3834 πιστὸν
3794 3781 3937 3834 ὄντα

664 3895 757 3962 qui
798 3892 923 3947 fecit
946 3893 1142 3962 ipsum,
1172 3891 1264 3960 qui
1313 3902 1486 3946 semet
1534 3868 1764 3946 hostiam
1819 3894 2011 3948 obtulit
2055 3909 2151 3964 pro
2177 3909 2221 3949 ει

2350 3868 2416 3962 τῷ
2439 3868 2728 3959 ποιήσαντι
2769 3883 2962 3937 ἑαυτὸν
2994 3879 3092 3950 (2),
3119 3877 3312 3930 θυσίαν
3346 3872 3539 3928 ἐαυτὸν
3580 3868 3936 3942 προσέφερεν

665 3987 807 4040 haud
869 3961 1048 4039 minus
1102 4001 1274 4053 quam
1337 4001 1432 4053 pro
1496 3985 1707 4052 populo.
1763 3986 1940 4052 Quare
1999 3961 2221 4056 pontifex

2350 3961 2480 4052 ὅπερ
2509 3978 2703 4033 ἑαυτοῦ
2728 3979 2802 4040 ὡς
2844 3974 2983 4043 ὑπὲρ
3007 3972 3101 4024 τοῦ
3121 3967 3251 4023 λαοῦ
3268 3985 3281 3999 ·
3306 3965 3429 4020 ὅθεν
3463 3961 3754 4036 ἀρχιερεὺς
3788 3961 3937 4015 καθ-

666 4086 750 4130 est
801 4075 1127 4130 constitutus
1167 4076 1217 4128 in
1250 4076 1314 4129 iis
1345 4090 1463 4142 qua:
1494 4075 1561 4127 ad
1601 4075 1766 4128 Deum
1806 4077 2078 4145 pertinent
2110 4079 2175 4131 ³⁸.
2215 4101 2221 4130 l

2350 4076 2557 4127 ἱσταται
2595 4069 2661 4123 τὰ
2692 4069 2828 4136 πρὸς
2862 4065 2952 4117 τὸν
2980 4061 3132 4115 Θεόν.
3173 4079 3191 4110 ι

742 4165 901 4220 CVR.
936 4166 1135 4249 Paulus
1193 4166 1313 4219 ait:
1355 4183 1372 4217 ι
1415 4163 1666 4220 Christus
1701 4167 1868 4220 semel
1910 4167 2124 4222 oblatus
2170 4170 2239 4223 ad

669 4258 960 4310 multorum
1005 4255 1328 4323 perferenda
1351 4264 1592 4324 peccata,
1639 4256 1873 4309 secundo
1905 4257 2019 4308 sine
2047 4272 2239 4324 pecca-

671 4357 727 4401 to
751 4347 1029 4416 apparebit
1061 4346 1126 4400 ".
1165 4365 1182 4396 ι
1215 4345 1382 4399 Item:
1423 4365 1440 4395 ι
1487 4344 1586 4410 Qui
1630 4358 1907 4414 peccatum
1945 4363 2051 4399 non
2092 4347 2238 4410 fecit,

2413 4165 2579 4218 ΚΥΡ.
2611 4159 2822 4221 Παῦλος
2851 4156 3028 4223 λέγει·
3063 4171 3080 4203 t
3113 4150 3348 4222 Χριστὸς
3372 4145 3515 4209 ἅπαξ
3542 4141 3942 4214 προσενεχθεὶς

2343 4260 2421 4317 εἰς
2446 4255 2506 4308 τὸ
2536 4252 2743 4306 πολλῶν
2776 4247 3085 4314 ἀνενεγκεῖν
3111 4242 3406 4313 ἁμαρτίας,
3442 4239 3505 4290 ἐκ
3538 4234 3792 4304 δευτέρου
3825 4250 3944 4301 χωρ

2349 4345 2731 4419 ρὶςιάμαρτίας
2767 4341 3082 4410 ὀφθήσεται.
3126 4353 3144 4384 ι
3179 4333 3290 4387 Καὶ
3333 4330 3522 4383 πάλιν
3568 4347 3586 4377 ι
3627 4324 3946 4394 ’Λμαρτίαν

671 4456 776 4495 nec
809 4439 966 4494 dolus
1010 4447 1126 4493 erat
1179 4438 1231 4490 in
1269 4451 1365 4491 ore
1391 4438 1510 4505 ejus
1545 4438 1611 4490 ³⁷.
1648 4455 1666 4489 ι
1703 4437 1766 4491 Ει
1792 4453 1859 4491 en
1898 4438 2012 4506 ipse
2069 4454 2218 4494 serue

2350 4414 2446 4492 οὐκ
2479 4414 2755 4505 ἐποίησεν,
2789 4431 2882 4484 καὶ
2910 4429 3056 4490 δόλος
3082 4426 3180 4496 οὐχ
3209 4423 3454 4493 ὑπῆρχεν
3489 4421 3547 4472 ἐν
3579 4416 3657 4486 τῷ
3697 4414 3948 4484 στόματι

675 4547 772 4602 pro
828 4532 985 4586 nobis
1017 4529 1194 4584 oﬁert.
1231 4504 1443 4582 Videsis
1484 4530 1666 4598 itaque
1713 4531 1856 4599 quod
1899 4504 2003 4585 non
2051 4546 2149 4600 pro
2186 4547 2221 4585 St

2355 4526 2560 4583 αὐτοῦ’
2615 4543 2632 4575 ι
2669 4523 2763 4577 καὶ
2821 4521 2929 4574 ἰδοὺ
2969 4519 3131 4580 αὐτὸς
3179 4515 3372 4568 ἑαυτὸν
3431 4509 3731 4582 προσφέρει
3789 4504 3948 4573 ὑπὲρ

675 4625 790 4691 ipso
810 4638 867 4677 se
887 4622 1100 4687 obtulit,
1133 4623 1226 4677 sed
1257 4637 1355 4691 pro
1377 4622 1589 4690 populo.

749 4797 946 4854 NEST.
991 4798 1123 4853 Cum
1179 4798 1294 4867 ipse
1339 4798 1527 4851 dicat:
1567 4816 1584 4848 ι
1629 4797 1731 4862 Qui
1765 4798 2246 4852 mandttcatmeam

2353 4619 2510 4690 ήμῶν
2535 4634 2547 4646 ’
2583 4616 2656 4668 ἴδε
2699 4611 2791 4667 οὖν
2825 4612 2923 4680 οὐχ
2972 4608 3112 4680 ὑπὲρ
3156 4604 3349 4660 ἑαυτοῦ
3407 4604 3706 4672 ἀνήνεγκεν
3741 4598 3949 4658 αὑτὸν,

2354 4710 2466 4765 ἀλλ’
2493 4708 2633 4777 ὑπὲρ
2665 4704 2758 4759 τοῦ
2785 4703 2939 4758 λαοῦ.

2429 4800 2628 4853 ΝΕΣΤ.
2684 4795 2858 4850 Αὐτοῦ
2906 4795 3174 4863 λέγοντος⁹
3216 4808 3233 4840 ι
3287 4787 3346 4839 '0
3396 4783 3622 4854 τρώγων
3675 4797 3778 4850 μου
3839 4779 3955 4848 τὴν

678 4908 918 4955 carnem,
968 4902 1022 4943 et
1062 4889 1195 4944 bibit
1230 4904 1406 4942 meum
1456 4891 1791 4958 sanguinem,
1846 4891 1988 4942 vivet
2033 4898 2219 4957 propte

2359 4889 2558 4956 σάρκα,
2598 4887 2694 4937 καὶ
2736 4885 2905 4936 πίνων
2952 4900 3051 4952 μου
3084 4881 3147 4932 τὸ
3191 4872 3350 4946 αἷμα,
3401 4873 3625 4944 ζήσεται
3653 4868 3725 4922 δι’
3773 4866 3954 4936 ἐμοῦ,

681 5000 788 5048 me,
826 4983 1081 5051 sicutego
1106 4980 1482 5048 vivo_pr0pter
1506 4996 1650 5044 eum,
1679 4979 1768 5048 qui
1803 4995 1886 5033 mc
1936 4981 2103 5045 misit,
2145 4980 2251 5034 Pa-

753 5161 793 5189 "
820 5158 920 5210 Isa.
954 5157 1063 5222 νιιξ,
1101 5161 1186 5214 Η.
1294 5160 1338 5191 ⁸ο
1369 5155 1553 5209 Matth.
1590 5170 1650 5218 ιι,
1680 5144 1762 5207 13.

683 5231 731 5262 ⁷⁸
761 5230 924 5283 Hebr.
951 5230 1089 5294 ttt,l.
1166 5231 1210 5261 '°
1245 5229 1407 5283 llcbr.
1440 5241 1518 5290 ιχ,
1539 5224 1630 5279 28.
1713 5226 1754 5254 ²⁷
1785 5224 1800 5277 Ι
1844 5224 1986 5278 Petr.
2018 5241 2073 5288 ιι,
2096 5226 2186 5278 ‘22.

759 5389 834 5460 (ι)
861 5387 1030 5456 Negat
1073 5386 1305 5457 Cyrillus
1361 5399 1419 5440 se
1462 5383 1700 5460 dividere
1748 5380 1951 5460 Qhristi
1998 5388 2238 5460 naturas,

687 5451 792 5512 non
817 5451 984 5526 'quo'd
1036 5451 1197 5510 unam
1234 5464 1480 5510 naturam
1509 5453 1712 5526 credat
1745 5451 1892 5517 (nam
1922 5451 2240 5526 dttasetiam

1875 5157 1918 5186 “
1954 5154 2086 5208 Luc.
2129 5171 2165 5215 ι.
2204 5155 2290 5210 55.

2358 4977 2538 5038 καθὼς
2576 4974 2687 5043 ἐγὼ
2733 4974 2809 5038 ζῶ
2840 4973 2927 5025 διὰ
2963 4972 3055 5024 τὸν
3089 4965 3485 5022 ἀποστείλαντά,
3526 4979 3590 5031 με
3629 4957 3882 5028 Πατέρα.
3926 4977 3947 5008 ›

2957 5151 3001 5180 ³³
3034 5150 3162 5204 Luc.
3196 5163 3254 5213 ll,
3283 5146 3374 5200 5:2.
3475 5142 3520 5173 “
3561 5139 3718 5194 Joau.
3758 5155 3810 5203 ι,
3853 5138 3952 5192 Li.

2393 5157 2437 5187 "
2466 5154 2758 5223 Philipp.tt,
2792 5153 2844 5205 7.

2346 5377 2462 5432 buit
2501 5371 2866 5430 calumniandi
2898 5369 3227 5430 Catltnlicos,
3257 5366 3347 5435 qui
3377 5371 3692 5435 naturarum
3759 5358 3961 5435 quali-

2351 5428 2526 5501 tatem
2580 5446 2890 5500 tuebantur.
2960 5440 3097 5493 Hinc
3153 5428 3414 5492 mentium
3488 5428 3960 5501 tenebraehhinc

689 5532 741 5582 in
782 5499 918 5582 Iib‘ro
974 5526 1047 5580 De
1084 5527 1440 5579 incarnatione
1496 5522 1726 5584 Domini,
1748 5499 1762 5517 κ
1782 5536 1896 5588 cap.
1932 5520 1993 5572 ’ὀί
2035 5519 2112 5589 [in
2139 5499 2245 5584 ᾖᾶὲ
2351 5499 2541 5589 vocum
2560 5499 2867 5589 abusiones,
2893 5513 3018 5566 hinc
3048 5509 3176 5563 rixa:
3195 5506 3455 5587 proxima:
3485 5501 3754 5589 interduLtn
3780 5499 3958 5589 λογο-

688 5598 967 5668 superioris
997 5596 1148 5668 tomi]
1169 5612 1289 5668 esse
1313 5596 1440 5663 ait),
1473 5595 1565 5668 sed
1593 5569 2007 5668 quiaipersoualii
2037 5569 2245 5668 ιςριίιιίιι
2356 5569 2598 5668 μαχίαις.
2636 5569 2987 5668 Quanquam.
3008 5569 3280 5668 reapselin
3309 5585 3453 5629 secta
3492 5569 3946 5668 IMortophvsitica

692 5658 867 5721 tttiitas
894 5658 1147 5720 aﬁirmat.‘
1175 5665 1290 5719 Jam
1335 5658 1650 5719 vocabulum
1680 5661 1965 5721 divisionis,
1993 5676 2019 5710 ιι
2058 5658 2247 5712 Nesto-

696 5738 858 5793 t‘ismis
891 5753 1050 5807 prave
1094 5737 1413 5799 adhibitum,
1453 5748 1638 5791 ausam
1684 5730 2065 5799 Mouophysitis
2108 5745 2246 5798 prae-

2356 5643 2466 5713 ἶποίῖ
2491 5643 2861 5724 ἱιιιίιείὗιιτὶυέ,
2897 5652 2987 5706 sed
3021 5643 3266 5724 capitalis
3303 5660 3456 5700 error
3491 5643 3638 5697 latet.

2429 5729 2504 5798 (:2)
2539 5721 2622 5780 litt
2653 5726 2768 5781 cotl.
2816 5741 2910 5791 ιιιύ
2941 5721 3124 5776 αὐτόν.
