4040 6432
142 358 240 411 253

1330 344 1688 402 DIALOGUS
1726 342 1872 397 CUM
1911 340 2275 398 NI-IS'I'ORIO.

3331 335 3440 390 254

141 468 270 521 Τίνα
302 460 404 522 οὖν
433 467 643 529 ἐσθίεις
664 508 678 530 ,
707 465 954 536 αἱρετικέ
979 483 994 528 ;
1022 465 1121 530 τὴν
1163 464 1414 533 θεότητα,
1448 463 1478 532 ἢ
1522 463 1621 529 τὴν
1656 462 1748 513 ἁν-

1863 472 1990 516 trem
2023 461 2092 516 ⁸⁸.
2153 459 2293 526 Quid
2329 472 2459 526 ergo
2513 455 2837 521 mandttcas,
2874 469 2907 510 0
2954 451 3245 508 hmretice?
3299 451 3405 504 divi

142 559 520 629 θρωπότητας
555 560 670 610 Οὐκ
730 554 852 610 εἶπε
904 556 1014 626 γὰρ
1056 557 1085 607 6
1118 555 1374 624 Χριστὸς,
1409 555 1468 606 Ὀ
1513 552 1743 622 τρώγων

146 667 247 720 μου
283 651 390 720 τὴν
423 649 683 720 θεότητα,
718 648 854 702 ἀλλά
891 647 1027 716 ,Τὴν
1059 648 1256 716 σάρκα.

212 741 386 794 ΚΥΡ.
433 740 580 808 Ἐγὼ
637 742 739 811 μὲν
797 740 978 793 πίστει
1040 737 1441 808 μεταλαμϐάνω
1495 739 1592 807 τὴν
1649 736 1743 789 τοῦ

141 831 422 894 ζωοποιοῦ
462 833 644 899 Λόγου
675 830 1050 894 ζωοποιοῦσαν
1091 831 1268 900 σάρκα
1289 845 1304 859 °
1345 829 1468 882 ὅθεν
1501 831 1528 882 6
1556 829 1743 898 Σωτὴρ

138 921 279 989 ἔφη’
322 941 342 972 ε
393 920 462 974 Oi
508 922 785 985 ἐσθίοντες
834 924 898 974 ἐκ
937 920 1126 973 τούτου
1177 920 1271 972 τοῦ
1323 920 1510 990 ἀρτου,
1551 921 1612 972 οὐ
1667 922 1744 988 μὴ

140 1014 466 1079 γεύσωνται
500 1015 734 1068 Θανάτου
776 1016 857 1077 είς
903 1015 995 1068 τὸν
1027 1015 1200 1069 αἰῶνα
1224 1029 1236 1041 ·
1279 1033 1298 1064 ›
1335 1015 1384 1066 οί
1419 1014 1473 1066 δὲ
1510 1013 1747 1078 ἀναξίως

141 1105 692 1174 μεταλαμϐάνοντες,
726 1107 812 1159 διὰ
839 1106 939 1175 τῆς
972 1106 1254 1167 ἀπειθείας
1295 1105 1670 1176 κριθήσονται.

216 1195 432 1248 ΝΕΣΤ.
470 1214 488 1245 ι
515 1195 723 1266 Κύριος
752 1197 1066 1249 ἀπέσταλκέ
1105 1212 1172 1265 με
1203 1194 1376 1247 καὶτὸ
1399 1195 1624 1265 Πνεῦμα
1651 1196 1748 1248 αὺ-

137 1286 278 1338 τοῦ·
343 1286 580 1357 Πνεῦμα
635 1287 844 1356 Κυρίου
900 1288 987 1340 ἐπ’
1037 1289 1156 1356 ἐμὲ,
1199 1281 1258 1340 οὗ
1306 1287 1514 1340 εἵνεκεν
1564 1287 1746 1355 ἔχρισέ

143 1396 249 1448 με·
289 1397 308 1429 ι
345 1380 444 1432 καὶ
496 1380 585 1431 διὰ
629 1379 788 1432 τοῦτό
815 1396 1014 1449 φησιν·
1057 1398 1074 1430 ι
1107 1381 1337 1448 Ἔχριοέ
1375 1397 1434 1432 σε
1468 1383 1497 1432 6
1523 1380 1677 1445 Θεὸς,
1717 1383 1746 1433 6

138 1469 279 1532 Θεός
312 1486 438 1532 σου,
467 1470 648 1523 ἔλαιον
697 1471 1078 1537 ἀγαλλιάσεως
1109 1472 1260 1540 παρά
1306 1472 1433 1533 τοὺς
1482 1471 1746 1541 μετόχους

140 1578 276 1615 σουο
333 1581 352 1612 ι
386 1563 503 1615 νόει
561 1558 654 1616 οὖν
700 1562 792 1614 τὸν
837 1562 1152 1633 χρισθέντα,
1198 1563 1453 1632 ὁμολόγει
1504 1562 1594 1614 τὸν
1628 1561 1748 1630 χρί-

142 1672 342 1717 σαντα,
377 1656 475 1707 καὶ
509 1654 806 1726 προσκὺνει
839 1656 931 1707 τὸν
965 1655 1089 1707 ναὸν
1123 1655 1210 1707 διὰ
1235 1654 1324 1707 τὸν
1343 1657 1399 1706 ἐν
1425 1653 1577 1724 αὐτῷ
1615 1672 1747 1709 κατ-

139 1763 405 1799 οικουντα
416 1789 428 1800 .

1849 553 2092 614 nitatem,
2122 566 2187 603 an
2221 545 2774 603 humanitatem?Non
2817 547 2961 600 enim
2989 543 3390 599 dixitCltristus
3419 560 3432 595 :

1849 642 1948 708 Qui
1987 641 2277 695 manducat
2304 655 2476 694 meam
2502 638 2858 703 divinitatem,
2889 636 3007 698 sed,
3051 649 3290 688 carnem.

1917 732 2075 785 CVR.
2112 732 2222 797 Ego
2254 730 2355 782 {ide
2386 728 2587 796 recipio
2632 726 2958 780 vivilicantis
2991 721 3154 777 Verbi
3187 736 3431 775 carnem.

1848 824 2002 879 Unde
2026 822 2284 878 Servator
2307 821 2416 873 ait:
2462 837 2480 870 ι
2514 818 2613 885 Qui
2655 817 2984 871 manducaut
3027 831 3094 868 ex
3137 813 3238 868 hoc
3273 827 3433 880 pane,

1848 934 1952 971 non
1988 918 2280 986 gustabunt
2326 921 2557 965 mortem
2591 910 2642 963 in
2699 921 2964 964 aeternum
2999 907 3068 959 ”.
3112 923 3130 956 ι
3162 904 3262 970 Qui
3304 917 3436 956 vero

1850 1009 2064 1078 indigne
2131 1012 2373 1068 sumunt,
2440 1009 2661 1070 propter
2715 998 3154 1055 incredulitatem
3225 994 3437 1062 judica-

1849 1104 2069 1157 buntur.

1920 1190 2118 1245 NEST.
2156 1207 2173 1240 ι
2219 1187 2476 1242 Dominus
2505 1185 2653 1240 misit
2708 1197 2792 1237 me
2836 1189 2891 1234 et
2943 1178 3176 1248 Spiritus
3223 1175 3341 1243 eius
3366 1176 3431 1228 “.

1850 1282 2087 1349 Spiritus
2141 1277 2352 1333 Domini
2406 1289 2570 1345 super
2628 1288 2734 1338 me,
2798 1279 3016 1340 propter
3075 1267 3217 1336 quod
3281 1265 3436 1320 unxit

1851 1373 2019 1426 me“.
2047 1388 2064 1420 ι
2097 1369 2323 1436 Ideoque
2352 1366 2487 1420 dixit
2516 1382 2528 1418 :
2569 1383 2589 1415 ‹
2636 1363 2798 1417 Unxit
2823 1371 2876 1416 te
2923 1361 3082 1419 Deus,
3115 1358 3253 1412 Deus
3282 1363 3430 1418 tuus,

1851 1464 1969 1519 oleo
2000 1462 2196 1515 laetitiae
2247 1474 2356 1528 prae
2391 1457 2737 1513 consortibus
2769 1454 2876 1507 tuis
2906 1453 3004 1505 δ’.)
3035 1450 3276 1520 Intellige
3300 1463 3430 1518 ergo

1853 1564 2097 1614 unctum,
2119 1549 2377 1603 conﬁtere
2400 1555 2706 1615 ungentem,
2744 1545 2908 1598 adora
2929 1540 3184 1611 templum
3215 1548 3434 1608 propter

1854 1657 1974 1696 eum
2013 1640 2102 1708 qui
2139 1639 2191 1692 itt
2219 1639 2334 1707 ipso
2373 1635 2601 1690 habitat.

216 1836 391 1890 ΚΥΡ.
437 1835 583 1903 Ἐγὼ
617 1837 682 1889 ὲκ
717 1834 1035 1906 Πνεύματος
1072 1836 1230 1904 ἁγίου
1270 1836 1363 1888 καὶ
1389 1836 1608 1905 Μαρίας
1645 1838 1746 1906 τῆς

1918 1818 2079 1872 CVR.
2139 1816 2247 1884 Ego
2289 1830 2353 1869 ex
2391 1823 2580 1868 sancto
2629 1810 2833 1880 Spiritu
2884 1815 2936 1862 et
2986 1806 3157 1859 Maria
3217 1804 3436 1874 Virgine

140 1928 436 1998 Παρθένου
463 1930 560 1982 ἕνα
599 1929 728 1981 Υίὸν
759 1931 824 1982 ὲκ
860 1928 952 1981 δύο
978 1929 1224 1998 ὁμολογῶ
1250 1946 1264 1960 ο
1301 1929 1392 1981 τὸν
1423 1928 1517 1982 ἕνα
1546 1930 1625 1990 είς
1654 1929 1747 1981 δύο

139 2020 204 2072 οὐ
241 2020 471 2089 διαιρῶ.

216 2111 428 2164 ΝΕΣΤ.
467 2110 595 2174 Πῶς
628 2112 848 2179 ἀγνοεῖν
901 2111 1082 2179 λέγεις
1113 2111 1209 2180 τὴν
1235 2110 1404 2182 ῶραν,
1441 2111 1508 2180 ἢν
1537 2112 1564 2163 6
1619 2111 1748 2172 Υἱὸς

139 2203 244 2254 οὐκ
279 2199 452 2268 οἶδεν,
507 2203 554 2255 εί
607 2204 682 2273 μὴ
735 2204 895 2272 μόνος
929 2205 958 2256 6
1014 2204 1238 2273 Πατήρ;
1293 2205 1363 2255 Ἦ
1424 2204 1541 2268 πῶς
1593 2203 1748 2267 εἰδὼς

140 2297 402 2363 ἀρνεῖται
441 2293 590 2366 [eod.
636 2295 916 2366 ἄρχεται];
952 2297 1020 2348 Ἢ
1053 2296 1149 2364 μὴ,
1173 2295 1348 2359 εἰδὼς,
1391 2294 1508 2357 πῶς
1543 2295 1747 2366 ἐκλήθη

142 2387 315 2452 σοφία
375 2387 476 2437 καὶ
529 2386 760 2454 δύναμις
807 2386 945 2440 Θεοῦ
1001 2389 1029 2439 6
1076 2390 1178 2458 τῆς
1231 2387 1455 2456 ἀγνοίας
1507 2387 1749 2458 μετέχων

149 2477 302 2546 (cod.
341 2476 440 2530 τὸν
475 2477 702 2544 ἀγνοίας
733 2478 1033 2547 μετέχοντα
1060 2478 1287 2548 τόπον);

215 2657 394 2710 ΚΥΡ.
426 2658 545 2711 Οὐκ
597 2659 782 2725 ἀγνοεῖ
812 2658 840 2710 6
865 2657 993 2719 Υίὺς
1030 2656 1125 2709 τοῦ
1170 2656 1307 2709 Θεοῦ
1338 2657 1437 2726 τὴν
1473 2654 1646 2727 ὤραν,
1681 2653 1750 2706 τά

141 2746 332 2799 πάντα
365 2746 531 2811 εἰδὼς
574 2749 667 2801 καὶ
698 2748 835 2818 ἔχων
866 2751 922 2802 ἐν
958 2748 1136 2819 ἑαυτῷ
1168 2749 1258 2801 τὸν
1285 2749 1528 2818 Πατέρα,
1569 2745 1751 2808 καθὼς

140 2837 310 2899 αὐτὸς
341 2831 505 2890 εἴπεν
530 2853 543 2867 ο
587 2855 606 2888 ‹
644 2839 834 2901 οὐδεὶς
866 2840 1125 2908 γινώσκει
1154 2841 1246 2895 τὸν
1275 2841 1516 2909 Πατέρα,
1547 2841 1596 2891 εί
1625 2839 1698 2910 μὴ
1723 2841 1752 2891 6

142 2929 315 2990 Υίόςο
372 2948 392 2978 ι
435 2929 602 2999 μόνος
627 2929 728 3000 τὴν
776 2931 939 2998 φύσιν
965 2932 1059 2984 τοῦ
1105 2932 1318 3002 Πατρὺς
1345 2931 1602 3000 γινώσκει
1651 2929 1752 3000 τὴν

141 3022 253 3092 πρὸ
284 3021 539 3084 πάντων,
575 3021 669 3076 καὶ
707 3023 770 3076 τὸ
796 3023 952 3086 τέλος
981 3022 1074 3076 τοῦ
1121 3023 1316 3086 αἰῶνος
1347 3025 1537 3091 ἀγνοεῖ
1565 3026 1593 3076 6
1625 3024 1751 3086 Υἱὸς

137 3113 234 3166 τοῦ
266 3113 452 3176 Θεοῦ;
513 3113 604 3184 Μὴ
640 3114 886 3181 γένοιτο·
923 3113 1039 3167 ἀλλ’
1068 3115 1254 3180 ἀγνοεῖ
1287 3113 1386 3183 μὲν
1417 3115 1445 3165 6
1486 3114 1627 3165 κατὰ
1655 3111 1747 3182 χά-

142 3225 232 3277 ριν
263 3207 423 3273 Υἱὸς,
465 3206 528 3259 οὐ
579 3206 760 3276 μέντοι
795 3223 861 3274 γε
908 3209 937 3259 6
973 3205 1114 3259 κατά
1147 3203 1342 3273 φύσιν
1398 3203 1540 3257 κατὰ
1591 3204 1753 3274 χάριν

138 3299 312 3366 ἡμεῖς
345 3301 520 3366 ἐσμεν
564 3297 891 3365 ἀγνοοῦντες
929 3297 991 3349 τὸ
1028 3298 1157 3358 πᾶν,
1184 3296 1280 3348 καὶ
1322 3294 1489 3366 μηδὲν
1524 3295 1752 3347 ἐπιστά-

143 3407 302 3460 μενοι
337 3390 474 3459 περὶ
506 3390 575 3442 τά
604 3391 731 3457 τέλη
758 3389 853 3441 τοῦ
875 3389 1091 3452 αἰῶνος.

218 3478 433 3532 ΝΕΣΤ.
461 3478 711 3540 Φυσικῶς
744 3477 1022 3547 πεινῶμεν
1047 3479 1143 3531 καὶ
1166 3477 1411 3548 διψῶμεν
1436 3478 1530 3531 καὶ
1557 3477 1754 3530 καθεύ-

140 3569 337 3639 δομεν,
378 3567 442 3619 οὐ
472 3566 666 3638 γνώμῃ
702 3567 862 3620 τοῦτο
897 3568 1220 3636 πάσχοντες,
1261 3566 1378 3621 ἀλλ’
1405 3567 1622 3637 ἀνάγκῃ
1653 3567 1754 3636 φύ-

144 3676 288 3725 σεως
341 3659 736 3728 ὑποκείμενον
773 3657 827 3710 τί
855 3654 988 3723 οῦν;
1021 3656 1380 3729 εὑρεθήσεται
1430 3657 1561 3720 Θεὸς
1588 3659 1755 3726 ἀναγ-

142 3752 444 3813 καπικοίς
477 3750 666 3820 νόμοις
693 3747 1096 3816 ὲξακολουθῶν;
1131 3750 1224 3820 Μὴ
1249 3750 1479 3818 γένοιτο.

219 3844 397 3897 ΚΥΡ.
439 3843 633 3912 Ἡμεῖς
664 3843 764 3914 μὲν
803 3841 1048 3909 φυσικῶς
1075 3841 1352 3911 πεινῶμεν
1391 3842 1485 3894 καὶ
1511 3840 1754 3911 διψῶμεν

144 3940 242 3992 καὶ
273 3935 646 4006 καθεύδομεν,
673 3936 734 3988 οὐ
756 3933 974 4005 γνώμῃ,
1002 3933 1117 3987 ἀλλ’
1149 3933 1364 4004 ἀνάγκῃ
1393 3933 1610 4002 φύσεως
1637 3933 1754 3984 δου-

144 4030 406 4090 λεύοντες
432 4045 446 4056 ·
497 4027 658 4088 αὐτὸς
697 4025 756 4077 δὲ
805 4026 904 4077 οὐκ
937 4025 1172 4097 ἀνάγκῃ,
1210 4023 1348 4084 ἀλλά
1392 4024 1620 4094 γνώμῃ·
1660 4024 1754 4075 καὶ

147 4122 259 4192 γάρ
294 4123 366 4172 ὲκ
397 4120 564 4170 πέντε
602 4117 784 4187 ἄρτων
812 4115 1285 4184 πεντακισχιλίους
1313 4116 1628 4184 ὲχόρτασεν,
1660 4114 1756 4165 καί

148 4215 208 4279 ἐξ
242 4211 394 4268 ἐπτά
424 4209 592 4262 πάλιν
622 4206 1094 4277 τετρακισχιλίους
1120 4223 1133 4235 ο
1167 4205 1328 4266 αὐτὸς
1368 4199 1520 4256 εἶπεν
1546 4220 1559 4234 ο
1593 4222 1609 4252 ι
1647 4203 1753 4254 Οὑ-

147 4309 260 4370 651;
300 4301 583 4373 λαμϐάνει
612 4303 714 4371 τὴν
751 4299 934 4369 ψυχήν
982 4315 1082 4368 μου
1132 4299 1228 4350 ἀπ’
1259 4295 1417 4364 ἐμοῦ,
1461 4295 1575 4348 ἀλλ’
1627 4296 1757 4347 ὅταν

152 4399 296 4451 θέλω
337 4393 608 4465 λαμϐάνω
635 4391 836 4460 αὑτήν·
878 4407 896 4440 ι
926 4388 1102 4451 οὐδεὶς
1127 4388 1184 4440 δὲ
1216 4385 1502 4458 ἄνθρωπος
1532 4385 1755 4439 δύναται

151 4489 317 4544 τοῦτο
363 4487 618 4557 ποιῆσαι,
653 4486 701 4537 εἰ
735 4483 812 4554 μὴ
837 4483 866 4534 6
895 4481 1055 4552 μόνος
1083 4479 1342 4550 Χριστός.

231 4756 446 4813 ΝΕΣΤ.
491 4753 690 4821 Λέγεις
722 4751 805 4805 ὅτι
857 4748 1056 4803 ἔπαθεν
1103 4751 1131 4803 6
1168 4747 1296 4808 Υἱός
1323 4762 1338 4812 ;
1369 4744 1611 4799 Ἔπαθεν
1666 4741 1759 4796 οὖν

157 4850 254 4904 καὶ
280 4852 312 4903 6
344 4847 544 4924 Πατήρ
564 4859 580 4874 ο
617 4845 668 4896 εί
692 4842 749 4896 δὲ
773 4843 952 4910 λέγεις
992 4842 1075 4894 ὅτι
1103 4842 1131 4893 6
1161 4838 1351 4910 Πατὴρ
1389 4839 1489 4892 οὐκ
1534 4835 1756 4901 ἔπαθεν,

161 4941 512 5014 ὲτεροούσιον
541 4936 707 4991 αὐτοῦ
739 4933 1046 5004 πεποίηκας
1068 4933 1160 4987 τὸν
1185 4932 1335 4986 Υίόν.

228 5032 402 5086 ΚΥΡ.
448 5027 591 5082 Οὔτε
640 5027 734 5080 τὸν
765 5025 987 5096 Πατέρα
1027 5024 1172 5093 λέγω
1204 5022 1468 5094 παθητὸν,
1508 5019 1631 5074 οὔτε
1663 5018 1754 5073 τὸν

163 5125 291 5178 Υίὺν
323 5121 518 5192 ἀπαθῆ
545 5137 559 5152 ⁶
588 5119 704 5174 ἀλλ’
723 5119 930 5181 ἀπαθὲς
956 5117 1055 5189 μὲν
1085 5117 1146 5170 τὸ
1172 5115 1349 5180 Θεῖον,
1373 5116 1456 5166 ὅτι
1487 5115 1582 5166 καὶ
1606 5111 1754 5166 ἀσώ-

168 5233 338 5286 ματον
366 5232 381 5246 ⁸
410 5211 660 5283 παθητὸς
689 5209 747 5262 δὲ
777 5209 806 5261 6
835 5206 1036 5278 Κύριος
1070 5205 1158 5259 διὰ
1183 5203 1282 5275 τὴν
1316 5203 1514 5275 σάρκα.

231 5390 442 5446 ΝΕΣΤ.
493 5389 636 5457 Ἐγὼ
661 5387 721 5442 οὐ
757 5386 901 5454 λέγω
922 5384 1012 5438 τδν
1031 5383 1204 5452 Λόγον
1237 5381 1418 5452 σάρκα
1443 5378 1754 5448 γενόμενον,

167 5484 287 5536 οὐδὲ
317 5481 570 5536 παθόντα
595 5500 608 5512 ο
642 5479 857 5544 ἀπαθὲς
884 5479 992 5549 γὰρ
1014 5477 1076 5531 τὸ
1098 5475 1274 5541 Θεῖον,
1296 5475 1388 5526 καὶ
1413 5471 1600 5525 παθῶν
1623 5469 1756 5524 ἀνώ-

239 5689 282 5721 "
317 5686 480 5744 Joan.
506 5702 582 5744 vt.
614 5686 702 5741 57.
779 5686 824 5717 ”
852 5683 1003 5740 Joan.
1035 5701 1106 5740 vr.
1141 5683 1226 5740 59.
1310 5682 1352 5713 ³ο
1384 5681 1486 5735 lsa.
1516 5695 1700 5738 vaut,
1738 5677 1748 5732 l

1898 5676 1939 5707 ³¹
1981 5673 2084 5729 lsa.
2115 5672 2276 5744 nul
2323 5669 2498 5744 ;7Ltte.
2539 5684 2608 5744 tv.
2663 5666 2742 5719 l8.

172 5736 339 5817 Marc:
355 5736 500 5827 vitii,
533 5736 744 5813 τοί-’³³
776 5736 931 5812 10.1";
953 5736 1016 5826 Ii,
1218 5736 1262 5787 π
1295 5752 1483 5810 Matth.
1519 5768 1591 5814 Μ,
1624 5736 1712 5804 :37.

1869 5746 2031 5804 Marc.
2065 5761 2137 5807 rt.
2176 5743 2261 5800 all.
2325 5736 2382 5774 ⁷³⁷
2412 5740 2597 5796 Matth.
2628 5751 2716 5800 xv,
2753 5736 2840 5790 56.

1853 1926 2015 1964 unum
2072 1908 2269 1961 Filium
2304 1920 2371 1958 ex
2427 1903 2638 1958 duobus
2691 1899 2975 1955 conﬁteor.
3011 1895 3188 1951 Unum
3217 1897 3267 1949 in
3301 1896 3436 1950 duos

1851 2017 1957 2054 non
1998 1998 2195 2052 divido.

1922 2089 2121 2143 NEST.
2161 2087 2442 2154 Quomodo
2475 2080 2694 2155 (illum)
2726 2080 2975 2149 ignorare
3028 2079 3167 2132 dicis
3214 2078 3434 2139 horam,

1852 2197 2013 2250 quant
2079 2194 2267 2245 reapse
2319 2177 2488 2231 Filius
2548 2173 2795 2237 nescivit,
2842 2171 3008 2222 Pater
3052 2178 3234 2223 autem
3287 2167 3436 2222 solus

1851 2272 2007 2325 scivit
2033 2269 2122 2322 aa?
2167 2269 2271 2321 Aut
2303 2267 2594 2335 quomodo,
2641 2263 2686 2316 si
2715 2261 2881 2315 Filius
2907 2259 3088 2325 scivit,
3113 2260 3162 2312 id
3192 2257 3439 2328 negavit?

1854 2361 1948 2414 Vel
1979 2362 2023 2416 si
2071 2375 2257 2414 revera
2302 2357 2551 2418 nescivit,
2591 2350 2862 2423 quomodo
2902 2348 3200 2418 appellatus
3235 2357 3317 2402 est
3344 2362 3430 2402 sa-

1853 2452 2052 2521 pientia
2086 2465 2150 2504 ac
2175 2451 2346 2504 virtus
2380 2447 2495 2511 Dei,
2525 2447 2570 2500 is
2599 2444 2688 2513 qui
2709 2440 2938 2496 inscitiae
2957 2449 3168 2506 partem
3199 2438 3438 2508 aliquam

1852 2543 2083 2597 habuit?

1931 2638 2092 2697 CYR.
2131 2636 2247 2691 Non
2288 2636 2503 2704 ignorat
2528 2631 2621 2685 Dei
2659 2629 2828 2683 Filius
2866 2628 3055 2681 horam
3080 2663 3096 2689 ,
3127 2621 3220 2691 qui
3249 2620 3439 2674 omnia

1854 2737 2005 2791 novit
2033 2728 2378 2798 lutbetquein
2429 2740 2487 2779 se
2529 2726 2643 2791 ipso
2687 2722 2901 2775 Patrem
2930 2719 2997 2780 ",
3051 2725 3109 2770 ut
3157 2715 3272 2782 ipse
3316 2713 3438 2766 ait:

1859 2847 1877 2878 σ
1910 2826 2077 2880 Nemo
2106 2821 2253 2875 novit
2284 2819 2495 2871 Patrem
2523 2816 2623 2868 nisi
2647 2811 2816 2865 Filius
2836 2811 2901 2863 ³⁵.
2944 2829 2961 2861 ι
3006 2807 3165 2861 Solus
3197 2805 3314 2873 ipse
3340 2818 3440 2857 na-

1857 2929 2029 2973 turam
2058 2913 2234 2967 Patris
2271 2907 2551 2978 cognoscit
2607 2922 2724 2974 qua:
2762 2915 2844 2958 est
2870 2913 2995 2955 ante
3020 2899 3228 2962 omnia,
3259 2893 3440 2949 saeculi

1853 3024 1982 3064 vero
2011 3007 2167 3060 ﬁnem
2193 3001 2363 3056 Filius
2386 3000 2474 3053 Dei
2502 2995 2759 3066 ignorat?
2786 2992 2977 3046 Absit!
3008 2991 3228 3058 Ignorat
3257 2984 3444 3052 utique

1857 3103 1906 3155 is
1951 3100 2040 3169 qui
2075 3094 2373 3152 secundum
2409 3090 2638 3161 gratiam
2667 3095 2752 3141 est
2808 3084 2973 3146 lilius,
3033 3096 3140 3135 non
3202 3076 3445 3146 profecto

1862 3193 1951 3247 ille
2003 3191 2093 3259 qui
2125 3185 2423 3242 secundum
2474 3190 2748 3235 naturam.
2795 3176 2965 3230 Porro
2995 3172 3289 3228 secundum
3318 3183 3445 3237 gra-

1863 3285 1992 3338 tiam
2030 3294 2129 3334 nos
2167 3289 2376 3338 sumus,
2406 3274 2497 3342 qui
2546 3269 2788 3324 funditus
2836 3269 3171 3335 ignoramus,
3205 3260 3447 3329 nihilque

1861 3377 1926 3430 ad
1969 3375 2128 3428 linem
2148 3368 2326 3425 saeculi
2351 3364 2628 3435 pertinens
2669 3361 2897 3415 scimus.

1932 3462 2134 3519 NEST.
2169 3458 2501 3514 Naturaliter
2533 3452 2826 3516 esurimus,
2851 3449 3091 3510 sitimus,
3129 3453 3293 3515 atque
3321 3443 3449 3497 dor-

1863 3557 2082 3619 mimus,
2145 3551 2288 3605 haud
2339 3546 2637 3602 deliberate
2692 3543 2744 3596 id
2797 3548 3036 3610 agentes,
3092 3539 3186 3592 sed
3240 3543 3448 3588 naturae

1864 3647 2188 3703 necessitate
2215 3652 2466 3710 cogente.
2494 3636 2635 3702 Quid
2678 3633 2851 3703 ergo?
2880 3629 3021 3684 Num
3046 3630 3189 3682 Deus
3227 3640 3448 3696 compe-

1865 3742 2037 3794 rietnr
2070 3734 2393 3802 cogentibus
2427 3727 2637 3796 legibus
2667 3721 3089 3794 obtemperare?
3120 3720 3306 3774 Absit!

1933 3827 2095 3884 CVR.
2129 3825 2236 3879 Nos
2253 3821 2471 3893 quidem
2516 3817 2840 3873 naturaliter
2881 3815 3172 3875 esurimus,
3210 3811 3446 3876 sitimus,

1862 3934 2022 3990 atque
2050 3916 2371 3978 dormimus,
2410 3927 2516 3967 non
2542 3920 2754 3979 sponte,
2775 3907 2871 3961 sed
2901 3915 3110 3959 natura
3135 3900 3448 3956 necessitati

1864 4006 2341 4074 servientes:ipse
2396 4016 2528 4056 vero
2573 4015 2678 4053 non
2725 4006 2980 4060 coaetus,
3013 3994 3107 4047 sed
3153 4001 3344 4059 sponte
3397 3990 3448 4042 id

1863 4099 2268 4169 experiebatur.
2306 4093 2449 4146 idem
2487 4091 2686 4158 quippe
2717 4095 2801 4142 est
2833 4086 2922 4154 qui
2961 4086 3201 4152 quinque
3221 4079 3450 4147 panibus

1863 4186 2101 4254 quinque
2160 4181 2326 4234 millia
2391 4178 2668 4232 hominum
2733 4173 2998 4228 saturavit
3028 4170 3092 4232 ³⁸,
3148 4179 3200 4222 et
3254 4182 3444 4221 rursus

1865 4287 2068 4345 septem
2117 4272 2346 4342 panibus
2413 4269 2576 4321 millia
2645 4273 2877 4335 quatuor
2908 4264 2974 4315 ³⁷.
3043 4261 3184 4315 Idem
3240 4259 3376 4313 dixit
3432 4274 3446 4311 :

1871 4388 1888 4419 ι
1930 4365 2101 4421 Nemo
2125 4364 2264 4418 tollit
2311 4361 2546 4415 animam
2582 4371 2757 4412 meam
2787 4371 2815 4408 a
2849 4369 2954 4419 me,
2979 4353 3096 4416 sed,
3140 4366 3261 4405 cum
3308 4349 3450 4411 volo,

1865 4473 1986 4511 eam
2045 4462 2293 4525 pono;et
2352 4465 2566 4511 rursus,
2602 4462 2725 4501 cum
2776 4445 2920 4508 volo,
2969 4459 3123 4496 sumo
3178 4455 3296 4495 eam
3329 4439 3394 4492 ³⁸.
3428 4455 3448 4488 ι

1790 4513 1836 4568 D
1867 4548 2058 4602 Nullus
2106 4556 2286 4599 autem
2343 4542 2446 4596 hoc
2490 4553 2652 4610 agere
2705 4546 2883 4608 potest
2924 4537 3108 4596 homo,
3161 4533 3263 4586 nisi
3315 4545 3454 4585 unus

1864 4638 2136 4693 Christus.

1940 4725 2140 4781 NEST.
2191 4725 2288 4780 Ais
2332 4723 2529 4777 Filium
2561 4733 2782 4790 passum
2824 4714 3218 4771 esseiPassus
3273 4711 3457 4779 itaque

1863 4818 2023 4872 etiam
2050 4815 2212 4870 Pater
2245 4823 2350 4868 est.
2377 4811 2530 4877 Quod
2553 4810 2596 4865 si
2627 4822 2790 4877 negas
2815 4806 3032 4859 Patrem
3056 4817 3175 4872 esse
3195 4814 3447 4869 passum,
3495 4860 3498 4864 _

1866 4913 2095 4966 diversre
2125 4908 2192 4962 ab
2216 4921 2280 4960 eo
2306 4902 2625 4960 substantiae
2665 4899 2862 4953 Filium
2896 4910 3018 4952 esse
3049 4894 3270 4950 asseris.

1936 5002 2096 5058 CYR.
2130 4998 2319 5066 Neque
2363 4995 2578 5049 Patrem
2611 4990 2923 5062 passibilem
2955 4988 3102 5052 dico,
3137 4998 3315 5055 neque
3360 4978 3453 5039 Fi-

1861 5095 1989 5148 lium
2019 5089 2404 5163 itnpassibilem
2434 5105 2446 5141 :
2485 5087 2579 5141 sed
2604 5081 2952 5154 impassibilis
2991 5090 3075 5135 est
3090 5077 3287 5142 deitas,
3321 5078 3449 5147 quia

1862 5187 2220 5256 incorporea;
2257 5178 2528 5250 passibilis
2573 5191 2700 5232 vero
2747 5171 3011 5227 Dominus
3062 5177 3285 5240 prepter
3328 5181 3453 5221 car-

1862 5295 2004 5333 nent.

1928 5367 2130 5422 NEST.
2164 5366 2274 5435 Ego
2302 5379 2406 5419 non
2431 5363 2517 5416 aio
2544 5359 2782 5415 Verbum
2812 5356 3017 5412 factum
3057 5368 3178 5410 esse
3198 5367 3443 5414 carnem,

1861 5475 2037 5531 neque
2092 5473 2357 5528 passum;
2391 5463 2475 5510 est
2529 5451 2670 5507 enim
2734 5445 3088 5517 impassibilis
3138 5444 3350 5507 deitas;
3391 5453 3445 5496 et

2840 5665 2881 5696 ³³
2911 5661 3052 5720 Psal.
3095 5672 3237 5719 XLIV,
3273 5655 3364 5708 28.
3396 5653 3444 5686 ³³

2944 5733 2984 5764 ³⁸
3019 5732 3172 5788 Joan.
3223 5743 3273 5782 ς.
3311 5722 3394 5780 l8.
