4040 6442
566 316 669 368 255
1573 319 1628 370 S.
1672 319 1946 372 CYRILLI
1986 321 2454 380 ALEXANDRINI
2497 331 2820 384 ARCHIEP.
3733 337 3869 390 256.

562 424 809 492 superior
830 422 1048 478 cuilibet
1065 425 1303 493 passioni
1331 438 1434 491 est,
1462 445 1546 484 res
1578 432 1947 500 impassihiIis.
1974 436 2138 492 Porro

2250 458 2402 511 τερος
2440 446 2466 495 6
2492 444 2738 515 ἀπαθήςο
2774 444 2998 515 παθητὴ
3045 443 3100 498 δὲ
3135 447 3270 519 σὰρξ
3301 447 3395 499 καὶ
3424 445 3591 517 θνητὴ
3622 445 3845 515 ἀνθρω-

562 514 832 584 passibilis
866 524 948 569 est
971 530 1116 582 caro,
1146 526 1200 571 et
1233 517 1474 572 mortalis
1517 519 1749 575 humana
1774 533 1993 579 natura.
2245 533 2378 602 πίνη
2410 533 2592 602 φύσις.

628 604 1144 661 CYll.Conﬁtemur
1199 623 1298 664 nos
1341 625 1557 680 quoque
1601 613 1992 682 impassibilem
2022 632 2142 673 esse

2318 619 2478 671 ΚΥΡ.
2526 619 2925 690 Ὀμολογοῦμεν
2962 621 3054 676 καὶ
3101 622 3262 691 ἡμεῖς
3293 623 3504 687 ἀπαθὲς
3544 626 3606 678 τὸ
3655 626 3841 688 Θεϊον,

560 696 814 752 deitatem
847 714 862 763 ;
895 697 987 752 sed
1011 709 1192 752 tamen
1239 700 1292 752 in
1341 716 1507 757 carne
1563 705 1870 772 passionem
1906 710 2138 776 excepit.

2254 711 2328 763 5ιά
2362 711 2419 763 δὲ
2452 711 2553 781 τῆς
2602 713 2804 783 σαρκὸς
2849 713 3174 778 κατεδέξατο
3220 715 3393 780 πάθος
3418 732 3433 746 ο
3477 715 3620 775 ὅθεν.
3651 736 3670 768 ι
3703 718 3849 787 Χριο

563 787 716 842 Unde
739 788 866 842 illud
896 808 910 845 :
942 808 961 841 ι
998 791 1215 846 Christo
1245 808 1343 862 pro
1374 795 1530 849 nobis
1556 796 1607 848 in
1642 812 1804 851 carne
1837 814 1998 867 passo
2013 801 2078 855 ³⁸.
2113 819 2131 852 ι

2246 802 2370 855 στοῦ
2411 803 2675 867 παθόντος
2722 801 2886 874 σαρκὶ
2917 806 3056 875 ὑπὲρ
3106 806 3262 876 ἡμῶν
3288 823 3301 837 ·
3339 826 3358 858 ι
3394 807 3456 859 τὸ
3483 806 3564 870 δὲ,
3589 809 3841 877 Χριστὸς

561 879 758 932 Christi
820 890 997 935 autem
1038 882 1358 937 vocabulum
1423 885 1564 939 haud
1617 887 1853 941 alienum
1893 889 2002 943 Deo
2031 899 2133 944 est.

2248 895 2340 946 οὐκ
2371 895 2650 963 ἀλλότριον
2693 895 2828 948 Θεοῦ
2872 896 3043 966 ὄνομα
3065 913 3076 925 ·
3105 898 3134 949 6
3167 897 3276 968 γὰρ
3297 898 3597 961 ἀπόστολος
3626 899 3843 960 Παῦλός

560 967 850 1037 Αροειοιιιε
902 972 1048 1024 enim
1098 972 1297 1028 Paulus
1341 975 1512 1030 dicit:
1554 995 1572 1027 ι
1622 978 1697 1030 Ex
1735 979 1932 1047 quibus
1984 980 2142 1034 Chri-

2252 1000 2468 1052 φησιν-ι
2504 984 2593 1048 Ἐξ
2623 979 2698 1037 ὧν
2726 987 2754 1038 6
2779 986 3028 1056 Χριστὸς,
3057 989 3086 1039 6
3117 987 3191 1039 ῶν
3215 967 3308 1042 ἐπὶ
3331 990 3548 1043 πάντων
3575 988 3708 1052 Θεὸς
3741 990 3836 1040 εὑ-

565 1065 702 1123 slus,
768 1060 860 1126 qui
920 1070 1005 1113 est
1058 1079 1221 1132 super
1274 1067 1456 1121 omnia
1516 1066 1655 1123 Deus
1720 1071 2035 1126 benedictus
2086 1073 2139 1126 in

565 1147 758 1200 saecula
783 1149 1067 1200 ‘°.Amcn-
1122 1173 1139 1200 ι

1720 1071 2035 1126 benedictus
2086 1073 2139 1126 in
2250 1074 2475 1144 λογητὸς
2504 1075 2584 1138 εἰς
2613 1076 2738 1138 τοὺς
2769 1077 2993 1140 αἰῶνας.
3037 1078 3231 1148 Ἀμήν.
3257 1099 3275 1132 ι

564 1149 758 1201 saecula
783 1149 848 1200 ⁸ο.
877 1150 1067 1206 Αιιιοιι.
1122 1173 1139 1205 ι

571 1361 3832 1411 Ἥ

912 1537 1258 1669 ΤΟΥ
1359 1533 1934 1671 ΑΥΤΟΥ
2016 1534 2537 1670 ΑΓΙΟΥ
2619 1541 3481 1678 ΚΥΡΙΛΛΟΥ

1608 1770 2180 1825 ΑΡΧΙΕΠΙΣΚΟΠΟΥ
2217 1771 2740 1825 ΑΛΕΞΑΝΔΡΕΙΑΣ

2003 1934 2371 2019 ΛΟΓΟΣ

706 2115 880 2170 ΚΑΤΑ
927 2115 1059 2166 NN
1096 2115 1208 2166 ΜΗ
1242 2115 1752 2169 ΒΟΥΛΟΜΕΝΩΝ
1788 2116 2231 2169 οΜοΑοΓΕιΝ
2273 2115 2652 2172 ΘΕΟΤΟΚΟΝ
2688 2117 2832 2172 ΤΗΝ
2865 2121 3104 2173 ΑΓΙΑΝ
3140 2120 3532 2174 ΠΑΡΘΕΝΟΝ

1228 2441 1372 2558 EJ
1395 2445 1867 2560 USDEM
1961 2447 2482 2561 SANCTI
2567 2445 3155 2560 CYRILLI

1689 2662 2212 2720 ARCHIEPISCOPI
2251 2663 2726 2721 ΑιΕΧΑΝιιιι-ιΝι

1997 2841 2350 2927 LIBER

792 3026 1183 3088 ADVERSUS
1235 3027 1625 3089 NOLENTES
1674 3029 2079 3091 CONFITERI
2129 3031 2478 3091 SANCTAM
2535 3029 2916 3091 VlRGINEM
2959 3029 3141 3090 ESSE
3190 3031 3602 3090 DEIPARAM.

859 3199 1006 3261 (Ang.
1033 3198 1145 3258 Mat,
1175 3198 1299 3250 Βιιι.
1357 3211 1482 3250 nova
1519 3201 1627 3248 PP.
1666 3198 1726 3256 ιι,
1757 3199 1834 3259 73,
1873 3212 1934 3247 ex
1984 3199 2091 3247 cod.
2129 3197 2238 3247 Vat.
2265 3197 2307 3247 Α
2338 3197 2470 3257 1451,
2497 3197 2522 3244 Ι“.
2556 3195 2661 3257 ιδι,
2692 3204 2745 3246 et
2772 3199 2877 3246 cod.
2919 3197 3082 3248 Ottob.
3114 3198 3154 3246 Β
3183 3198 3262 3259 30,
3284 3198 3338 3260 '_f.
3363 3197 3494 3260 566.)

625 3498 812 3571 1446
853 3498 905 3553 1.
945 3497 1150 3554 Norunt
1173 3499 1366 3556 medici
1396 3500 1753 3570 praecavenda
1784 3500 1996 3554 morbos
2028 3498 2122 3551 ad-
2157 3505 2209 3558 Β,

2296 3504 2364 3549 α’.
2401 3497 2610 3549 ἰσασιν
2629 3492 2829 3563 ἰατρῶν
2850 3493 3036 3556 παῖδες
3057 3493 3476 3563 προφυλακτικά
3496 3491 3606 3544 τῶν
3630 3491 3839 3547 παθῶν

549 3589 780 3658 jutoria;
842 3588 1039 3644 etenim
1097 3591 1294 3658 praevia
1348 3599 1464 3644 arte
1510 3600 1761 3644 avertunt
1815 3588 2131 3658 impendens

2241 3586 2573 3657 βοηθήματα,
2633 3587 2698 3655 τῇ
2754 3585 2920 3656 τέχνῃ
2964 3583 3486 3654 προαναστέλλοντες
3538 3582 3635 3652 τὴν
3694 3583 3836 3653 μέλ-

553 3682 831 3746 damuum,
864 3689 916 3734 et
952 3680 1289 3734 diversarum
1315 3681 1706 3736 medicinarum
1740 3681 2132 3750 compositione

2242 3684 2428 3735 λουσαν
2453 3679 2681 3750 βλάϐην,
2708 3679 2803 3732 καὶ
2831 3681 2896 3749 τῇ
2923 3677 3031 3732 τῶν
3058 3678 3331 3750 διαφόρων
3362 3679 3670 3747 φαρμάκων
3701 3693 3837 3730 συν-

552 3773 866 3826 morhorum
901 3771 1122 3826 vincunt
1153 3772 1437 3827 saevitiam.
1475 3772 1785 3827 Praevident
1832 3773 1994 3826 etiam
2031 3787 2132 3841 gu-

2243 3773 2382 3826 θέσει
2408 3771 2506 3842 τὴν
2531 3771 2641 3824 τῶν
2677 3769 2867 3823 παθῶν
2897 3769 3155 3833 νικῶντες
3188 3769 3515 3840 ἀγριότητα·
3550 3769 3838 3839 προορῶσι

553 3863 868 3917 bernatores
915 3877 1285 3930 srepenumero
1329 3874 1613 3917 ventorum
1666 3864 1988 3917 mutationes
2034 3879 2132 3917 usu

2243 3866 2329 3917 καὶ
2358 3863 2690 3935 κυόερνῆται
2735 3862 2999 3924 πολλάκις
3027 3861 3124 3924 τὰς
3151 3859 3258 3914 τῶν
3294 3859 3622 3929 πνευμάτων
3657 3875 3838 3928 μετα-

552 3954 751 4018 edocti,
796 3962 850 4006 et
896 3953 1148 4007 idoneum
1194 3955 1419 4023 tempori
1469 3955 1791 4009 adhibentes
1827 3955 2132 4019 consilium,

2241 3957 2400 4017 δολάς
2427 3956 2532 4008 ὑπὸ
2561 3956 2660 4024 τῆς
2693 3954 2986 4024 συνηθείας
3004 3951 3384 4022 ὁδηγούμενοι,
3413 3952 3507 4004 καὶ
3531 3949 3629 4020 τὴν
3650 3966 3836 4020 προσ-

555 4043 851 4097 immunem
881 4043 1163 4110 naufragio
1193 4053 1362 4098 ratem
1399 4059 1518 4098 cum
1557 4046 1649 4099 Dei
1681 4045 1880 4099 auxilio
1914 4060 2134 4099 conser-

2242 4049 2477 4118 ἡκουσαν
2518 4050 2581 4116 τῇ
2624 4047 2783 4116 χρείᾳ
2817 4044 3133 4115 ποιούμενοι
3165 4044 3448 4114 πρόνοιαν,
3479 4033 3837 4112 ἀναυάγητον

556 4142 707 4187 vant.
758 4131 950 4186 Parem
994 4135 1294 4188 animarum
1347 4146 1656 4190 nostrarum
1710 4152 1900 4205 gerens
1948 4151 2134 4191 curam

2238 4138 2296 4190 τὸ
2333 4138 2538 4206 σκάφος
2579 4139 2645 4206 τῇ
2697 4136 2791 4189 τοῦ
2840 4136 2974 4189 Θεοῦ
3017 4138 3306 4207 συνεργείᾳ.
3342 4135 3833 4204 διαφυλάττουσιν·

553 4222 719 4287 Deus,
769 4223 1014 4292 praedicit
1070 4224 1226 4279 nobis
1289 4226 1643 4280 tentationum
1702 4226 2021 4303 periculum,
2075 4236 2138 4280 ut

2243 4229 2508 4298 τοσαύτην
2550 4227 2659 4280 τῶν
2699 4228 2988 4297 ἡμετέρων
3020 4229 3204 4297 ψυχῶν
3254 4229 3282 4279 6
3324 4227 3455 4288 Θεὸς
3498 4225 3838 4294 ποιούμενος

554 4314 753 4369 damno
769 4325 892 4367 ante
905 4315 1336 4382 experimentum
1353 4317 1566 4386 cognito
1581 4317 1738 4386 hujus
1752 4318 2040 4372 discrimen
2059 4326 2139 4370 tn-

2241 4321 2514 4392 πρόνοιαν,
2557 4319 2813 4391 προλέγει
2862 4319 2972 4371 τῶν
3013 4317 3337 4388 πειρασμῶν
3367 4319 3498 4387 ἡμῖν
3525 4316 3614 4368 τὸν
3644 4315 3836 4368 κίνδυ-

556 4414 612 4458 ιο
637 4405 890 4459 vitemus.
907 4402 1219 4459 Novitenim
1242 4405 1379 4462 Deus
1394 4419 1586 4460 cuneta
1606 4418 1894 4478 antequam
1923 4408 2133 4475 ﬁant“;

2236 4429 2346 4476 νον,
2409 4411 2494 4463 ἵνα
2551 4410 2812 4480 μαθόντες
2865 4409 2972 4480 πρὸ
3028 4412 3128 4478 τῆς
3184 4408 3379 4478 πείρας
3434 4407 3533 4477 τὴν
3594 4405 3831 4476 βλάϐην,

557 4497 701 4550 haud
734 4495 1043 4562 conjectura
1080 4538 1096 4564 ,
1134 4506 1193 4549 ut
1233 4498 1477 4565 praedicti
1521 4498 1786 4562 homines,
1833 4501 1962 4569 quid
2006 4499 2137 4554 utile

2240 4502 2495 4570 ἀσφαλῶς
2527 4502 2617 4553 τὸν
2644 4501 2708 4552 ὲκ
2741 4499 2944 4570 ταύτης
2985 4499 3338 4568 διαφύγωμεν
3367 4497 3628 4552 κίνδυνον.
3669 4493 3835 4552 Οἶδεν

556 4587 630 4641 sit
660 4596 950 4657 reputans;
989 4587 1083 4641 sed
1117 4588 1436 4655 przevisione
1467 4589 1573 4642 Deo
1601 4588 1762 4658 digna
1808 4605 1895 4645 res
1927 4591 2138 4644 futuras

2242 4591 2346 4661 γὰρ
2379 4590 2447 4642 τὰ
2475 4590 2652 4642 πάντα
2684 4589 2808 4656 πρὶν
2830 4588 3096 4656 γενέσεως
3124 4586 3324 4650 αὐτῶν,
3355 4588 3417 4639 ού
3445 4584 3640 4656 στόχώ,
3661 4585 3837 4640 καθά-

555 4693 906 4748 cognoscens.
959 4676 1048 4732 Sic
1097 4678 1259 4731 etiam
1307 4678 1498 4747 judicii
1550 4689 1677 4733 ante
1722 4689 1932 4748 tempus
1984 4681 2139 4736 nobis

2240 4699 2346 4752 περ
2372 4684 2568 4733 ἐκεῖνοι
2599 4682 2658 4733 τ’)
2689 4681 2963 4750 χρήσιμον
2995 4679 3368 4748 λογιζόμενος,
3403 4677 3539 4730 ἀλλὰ
3571 4676 3832 4745 προγνώ-

556 4771 816 4839 supplicia
872 4768 1219 4832 monstravit,
1270 4777 1330 4822 ut
1383 4767 1643 4822 malorum
1695 4770 1888 4825 timore
1918 4772 2135 4837 eruditi,

2242 4789 2323 4825 σει
2356 4771 2650 4841 θεοπρεπεί
2687 4768 2972 4837 γινώσκων
3001 4769 3070 4821 τὰ
3100 4769 3361 4838 μέλλοντα
3382 4783 3395 4794 ⁸
3431 4767 3574 4820 οὕτω
3600 4769 3694 4820 καὶ
3723 4771 3832 4838 τῆς

558 4864 752 4917 horum
799 4860 956 4915 facile
1005 4861 1406 4929 perpessionem
1440 4859 1730 4927 fugiamus.
1773 4860 1959 4932 Neque
2011 4879 2138 4917 vero

2242 4860 2475 4929 κρίσεως
2521 4862 2650 4930 ἡμῖν
2697 4857 2942 4923 ἐπέδειξε
2978 4859 3082 4929 πρὸ
3126 4859 3319 4928 καιροῦ
3358 4858 3430 4910 τὰ
3464 4858 3828 4928 κολαστήρια,

559 4951 738 5006 secius
768 4965 928 5019 quam
960 4958 1084 5004 ante
1120 4949 1260 5004 dicta
1291 4949 1539 5020 praedixit
1567 4949 1818 5005 Christus
1854 4953 1898 4982 "
1925 4953 2137 5006 futuros

2244 4953 2319 5015 ὼς
2356 4952 2421 5006 ἂν
2467 4951 2543 5020 τῷ
2576 4952 2724 5022 φόϐῳ
2755 4951 2864 5003 τῶν
2913 4951 3102 5004 δεινῶν
3147 4950 3548 5012 παιδευθέντες,
3600 4948 3698 5017 τὴν
3761 4951 3830 5000 ὲκ

630 5127 676 5159 ’θ
710 5127 726 5179 Ι
758 5125 906 5181 Petr.
940 5143 1010 5194 Iv,
1039 5128 1086 5181 Ι.
1168 5126 1212 5158 ⁸ο
1245 5125 1401 5181 Rom.
1432 5143 1509 5192 ιι,
1544 5127 1595 5181 5.
1632 5128 1673 5160 ⁸¹
1713 5129 1847 5182 Dan.
1884 5145 2001 5194 xm,
2031 5129 2121 5182 4‘2.
2203 5130 2219 5159 ³

1192 5128 1212 5158 °
1245 5125 1401 5181 Rom.
1432 5143 1509 5192 ιι,
1544 5127 1595 5181 5.
1632 5128 1673 5160 ⁸¹
1713 5129 1847 5182 Dan.
1884 5145 2001 5194 xm,
2031 5129 2121 5182 ΔΞ.
2203 5130 2243 5159 θ’
2278 5128 2467 5184 Matth.
2505 5143 2655 5194 xxxv,
2694 5127 2782 5182 ii.

634 5283 863 5356 (lingit
891 5285 956 5356 de
985 5282 1210 5350 Deipara
1234 5281 1464 5356 Cyrillus
1485 5285 1644 5356 etiam
1679 5298 1929 5356 sermone
1951 5285 1978 5356 ri
2008 5299 2135 5338 con-
2242 5287 2488 5339 homines
2537 5284 2904 5356 beatissimam
2940 5283 3165 5338 Mariam
3187 5284 3346 5356 omni
3379 5283 3534 5356 laude
3574 5289 3827 5342 cumula-

565 5353 652 5409 ιτα
693 5353 1040 5414 Nestorium,
1079 5368 1286 5407 necnon
1332 5353 1384 5405 in
1432 5354 1657 5418 cpistola
1727 5355 2025 5421 dogmatica
2067 5356 2132 5407 ad
2242 5366 2387 5419 runt,
2424 5358 2493 5409 ita
2525 5355 2986 5423 perversiquique
3014 5354 3248 5409 haeretici
3275 5369 3394 5409 eam
3423 5355 3822 5423 vituperarunt,

564 5424 854 5494 Egyptios
882 5423 1192 5494 monachos,
1227 5437 1346 5489 quae
1375 5432 1457 5494 est
1490 5423 1540 5475 in
1575 5423 1765 5476 ordine
1789 5425 2133 5491 epistolarum
2244 5440 2436 5492 nempe
2487 5422 2682 5493 praeter
2729 5422 3059 5488 Nestorium,
3111 5423 3389 5478 Manichaai
3433 5435 3486 5478 et
3542 5422 3823 5482 lconocla-

567 5490 758 5564 prima.
807 5490 1087 5564 Magnifice
1140 5509 1267 5546 vero
1322 5492 1574 5553 celebrat,
1610 5503 1663 5545 et
1721 5490 1878 5546 tertio
1923 5510 2137 5562 quoque
2244 5490 2633 5564 sta—utnovis
2653 5509 2752 5555 nos
2786 5495 3127 5548 documentis
3150 5494 3574 5564 demonstraturi
3605 5509 3817 5564 sumus.

567 5563 732 5618 'verho
763 5563 997 5631 appellat
1026 5563 1331 5629 Deiparam,
1366 5564 1417 5616 in
1450 5564 1693 5634 oratione
1726 5564 1903 5634 habita
1940 5564 2131 5631 Ephesi
2244 5563 2378 5618 Nam
2439 5565 2566 5634 quid
2625 5566 2954 5618 recentiores
3009 5567 3171 5618 etiam
3225 5563 3445 5619 Lutheri
3498 5575 3554 5618 et
3608 5563 3818 5620 Calvini

568 5647 748 5702 c_oram
799 5636 1021 5702 synodo.
1055 5634 1204 5686 Adde
1235 5634 1409 5686 locum
1465 5633 1726 5702 orationis
1759 5633 1781 5684 l
1820 5632 1893 5686 De
1919 5635 2022 5701 ﬁde
2069 5637 2136 5687 ad
2246 5645 2406 5690 secta:
2455 5632 2713 5690 adversus
2745 5634 2805 5689 Β.
2837 5634 3019 5689 Mariae
3063 5637 3322 5692 honorem
3368 5635 3474 5690 sint
3522 5649 3686 5702 ausae,
3741 5637 3821 5692 di-

572 5700 908 5774 Regiuaspp.
949 5703 1014 5760 47
1049 5719 1168 5774 sqq.
1212 5703 1378 5760 l‘orro
1426 5711 1482 5758 ut
1525 5701 1807 5758 orthodoxi
1860 5700 2139 5774 sanctique
2245 5721 2367 5762 cere
2409 5705 2789 5775 prOpemodum
2815 5704 2965 5761 nefas
2994 5717 3093 5762 est.
