4040 6436
140 353 236 405 257

142 467 346 519 τούτων
406 467 651 530 εὐκόλως
708 470 979 539 τιμωρίαν
1040 472 1399 543 ἐκφύγωμεν·

138 553 300 626 ἦττον
334 558 436 609 καὶ
490 558 652 611 τοῦτο
693 560 830 628 πρὸς
879 564 990 623 τοῖς
1043 562 1222 624 ἄλλοις
1272 564 1621 634 προείρηκεν,
1669 566 1743 627 ώς

140 650 363 702 ἔσονται
411 649 801 721 ψευδόχριστοι
846 653 942 705 καὶ
989 654 1500 722 ψευδοδιδάσκαλοι,
1552 656 1745 719 οἵτινες

140 742 586 811 παρεισάξουσιν
632 742 880 811 αἱρέσεις
920 746 1215 809 ἀπωλείας,
1257 748 1419 801 αὑτὸν
1455 749 1547 801 τὸν
1587 749 1745 816 μόνον

141 834 432 902 Δεσπότην
464 833 562 886 καὶ
596 832 805 903 Κύριον
833 836 993 903 ἡμῶν
1042 835 1247 905 Ἰησοῦν
1276 839 1510 908 Χριστὸν
1549 840 1743 909 ἀρνοῦ-

141 940 344 991 μενοιο
410 923 511 975 καὶ
569 925 755 976 πολλοὶ
813 923 1339 996 ἐξακολουθήσουσιν
1397 930 1575 981 αὐτῶν
1627 932 1743 990 ταῖς

138 1015 489 1083 ἀσελγείαις,
542 1016 610 1067 δι’
661 1016 759 1078 οὒς
807 1019 840 1086 ἡ
876 1017 1003 1081 δόξα
1054 1020 1153 1088 τῆς
1209 1020 1467 1090 ἀληθείας
1510 1021 1748 1090 βλασφη-

142 1105 521 1175 μισθήσεται·
581 1108 667 1159 ἵνα
719 1109 928 1160 τούτων
974 1111 1430 1179 παραγενομένων
1482 1112 1744 1180 μηδαμῶς

137 1197 489 1267 ἀπατώμεθα
514 1238 527 1259 ,

134 1286 428 1356 δόγμασιν⁴

212 1376 280 1444 β’.
343 1375 721 1445 Πεπλήρωται
774 1376 830 1429 δὲ
888 1376 990 1444 τῆς
1048 1379 1403 1450 προρρήσεως
1445 1378 1506 1431 τὸ
1551 1378 1742 1450 ἔργον·

138 1465 342 1519 πολλαὶ
381 1466 495 1536 γὰρ
546 1468 689 1519 κατά
736 1467 930 1538 καιρὸν
982 1468 1355 1537 ἐπανέστησαν
1390 1468 1629 1539 αἱρέσεις
1676 1471 1742 1539 τῇ

135 1558 230 1612 τοῦ
286 1558 431 1611 Θεοῦ
499 1559 823 1630 Ἐκκλησία,
866 1562 965 1629 τὴν
1016 1560 1183 1631 όρθὴν
1225 1561 1527 1633 παραλύειν
1581 1561 1743 1614 πολυ-

133 1650 365 1717 τρόπως
407 1648 733 1719 βιαζόμεναι
771 1649 973 1716 πίστιν,
1012 1646 1087 1705 ῶν
1128 1654 1161 1722 ή
1208 1653 1309 1721 μὲν
1339 1654 1431 1705 τὸν
1467 1652 1561 1705 τοῦ
1607 1652 1743 1705 Θεοῦ

134 1742 311 1809 Λόγον
347 1741 504 1804 ξένον
538 1743 891 1795 παντάπασιν
921 1743 1018 1811 τῆς
1054 1745 1310 1815 πατρῴας
1345 1745 1532 1807 οὐσίας
1564 1744 1741 1809 λέγειν

601 1201 715 1259 τοῖς
781 1197 1047 1268 ὀλεθρίοις
1104 1200 1280 1253 αὐτῶν
1351 1203 1745 1264 ὑποπίπτοντες

133 1829 562 1901 τετόλμηκεν,ἡ
594 1831 651 1883 δὲ
685 1830 777 1883 τοῦ
810 1831 1126 1899 Πνεύματος
1144 1834 1238 1903 τὴν
1267 1834 1422 1899 ἀξίαν
1450 1834 1736 1903 ἠγνόηκεν,
1775 1816 1814 1869 Β

132 1924 169 1991 f,
212 1922 269 1975 δὲ
315 1921 422 1990 τῆς
460 1918 758 1990 ἐπιδημίας
798 1920 892 1973 τοῦ
937 1922 1111 1990 Λόγου
1160 1924 1437 1993 ἠρνήσατο
1476 1924 1572 1992 τὴν
1607 1923 1739 1989 ἀλή-

134 2013 324 2065 θειαν⁶
394 2012 604 2082 ἐσχάτη
664 2012 721 2064 δὲ
788 2011 978 2065 πασῶν
1017 2013 1273 2083 καθάπερ
1329 2013 1561 2082 τρυγίας
1592 2011 1734 2085 [cod.

131 2106 176 2154 Α
215 2103 492 2173 τρυγίος,
538 2101 580 2153 Β
617 2101 859 2172 τρυγία]
909 2102 1016 2156 τῶν
1062 2104 1285 2167 κακῶν,
1326 2106 1359 2173 ἠ
1403 2103 1498 2155 νῦν
1533 2104 1738 2156 ἀναπέ-

133 2212 343 2261 φανται
418 2193 785 2263 βλασφημία,
870 2194 945 2263 μὴ
1017 2196 1344 2264 γεγενῆσθαι
1407 2194 1499 2248 τόν
1566 2196 1739 2263 Λόγον

130 2285 473 2355 ἄνθρωπον,
523 2282 642 2335 ἀλλ’
708 2284 765 2335 ἐν
836 2281 1111 2353 ἀνθρώπῳ
1164 2284 1478 2353 γεννηθέντι
1526 2288 1589 2339 ἐκ
1638 2302 1736 2353 γυ-

131 2376 326 2437 ναικὸς
390 2377 734 2443 ἐνῳκηκέναι
800 2373 1067 2441 λέγουσα⁸
1137 2376 1212 2437 ώς
1268 2374 1453 2428 λοιπὸν
1516 2379 1594 2437 είς
1647 2377 1739 2429 δύο

129 2465 223 2515 τὸν
290 2465 397 2516 ἕνα
471 2464 707 2532 Χριστὸν
769 2464 859 2516 διὰ.
915 2464 1073 2517 τοῦτο
1141 2466 1479 2534 μερίζεσθαι,
1545 2469 1625 2529 είς
1678 2486 1737 2521 τε

129 2554 287 2617 Θεὸν,
334 2552 511 2622 φημὶ,
551 2554 646 2605 καὶ
674 2553 961 2624 ἄνθρωπον
987 2571 1000 2584 ·
1038 2554 1155 2605 ἐστι
1189 2556 1246 2606 δέ
1286 2554 1441 2607 τοῦτο
1473 2556 1574 2624 τῆς
1606 2559 1739 2611 ἀπο-

131 2644 398 2712 στολικῆς
428 2642 787 2705 διδασκαλίας
818 2643 1125 2713 ἀλλότριον,
1161 2644 1486 2715 δαιμονικῆς
1519 2646 1573 2699 δὲ
1603 2648 1739 2716 μᾶλ-

129 2738 220 2789 λον
256 2737 516 2797 ἐπινοίας
544 2735 840 2805 ἐφεύρεσις
863 2752 874 2762 '
920 2734 1208 2805 ἄνθρωπον
1250 2736 1348 2805 μὲν
1377 2738 1484 2806 γὰρ
1528 2739 1616 2791 τὸν
1644 2738 1736 2791 τοῦ

129 2826 269 2879 Θεοῦ
303 2828 487 2893 Λόγον
532 2827 627 2878 ἐπὶ
670 2827 953 2897 συντελείᾳ
994 2826 1102 2879 τῶν
1152 2828 1364 2881 αἰώνων
1396 2829 1683 2899 γενόμενον
1710 2835 1738 2884 0

132 2919 278 2979 θεῖος
323 2919 465 2986 ἡμῖν
510 2918 928 2983 εὐαγγελίζεται
968 2918 1143 2986 λόγος,
1195 2919 1294 2973 οὐκ
1341 2923 1419 2982 είς
1451 2921 1736 2990 ἀνθρώπου

135 3007 532 3072 μεταϐαλόντα
572 3006 754 3074 φύσιν,
791 3007 927 3059 ἀλλά
964 3008 1166 3077 ταύτην
1210 3010 1289 3070 εις
1342 3009 1535 3061 ἐαυτὸν
1568 3027 1737 3079 προσ-

132 3097 447 3168 λαϐόμενον
469 3113 483 3125 ’
515 3096 787 3167 ἄτρεπτος
810 3097 920 3167 γάρ
948 3096 1184 3166 ὑπάρχει
1224 3098 1318 3149 καὶ
1345 3098 1702 3162 ἀναλλοίωτος
1720 3116 1732 3128 ·

132 3190 181 3241 εί
210 3189 294 3253 δὲ,
329 3187 591 3258 καθάπερ
634 3186 834 3240 ἐκεῖνοί
870 3203 1054 3255 φασιν,
1103 3189 1181 3249 είς
1214 3187 1505 3257 ἄνθρωπον
1540 3191 1603 3242 ἐκ
1640 3206 1737 3257 γυο

131 3282 326 3344 ναικὸς
363 3279 629 3350 τεχθέντα
669 3280 701 3349 ἠ
748 3278 869 3331 θεία
905 3276 1129 3346 γέγονεν
1164 3278 1531 3347 ἐπιφοίτησις,
1579 3279 1739 3331 τοῦτο

132 3372 227 3423 καὶ
248 3372 311 3423 ἐν
339 3374 458 3431 τοῖς
494 3369 805 3437 προφήταις
834 3370 999 3420 πᾶσιν
1026 3368 1234 3435 ἐγίνετο
1258 3384 1272 3399 ·
1298 3369 1403 3421 ἔδει
1429 3370 1736 3440 τοιγαροῦν,

133 3462 291 3528 ειπερ
340 3458 521 3519 οὓτως
567 3458 809 3524 ἐγένετο,
860 3459 1280 3527 μεμερισμένως
1319 3459 1549 3511 ἐκάστου
1591 3464 1737 3529 παρὰ

132 3553 205 3619 τῇ
242 3550 372 3619 θείᾳ
408 3548 604 3617 Γραφῇ
632 3548 731 3609 τὰς
770 3548 1061 3617 ὁμολογίας
1094 3548 1447 3618 εὑρίσκεσθαι
1470 3566 1482 3578 ·
1518 3551 1611 3601 καὶ
1645 3552 1736 3604 τὸν

1263 353 1452 419 QUOD
1497 355 1558 411 Β.
1603 352 1817 409 ΜΑΒΙΛ
1861 353 1967 407 SIT
2012 353 2327 411 DEii’ARA.

3314 359 3417 413 258

1486 474 1637 526 οὐδὲν
1693 475 1747 527 δὲ
1782 480 1821 532 Α
1853 479 2292 543 pseudochristos
2348 485 2399 530 et
2459 475 2971 544 pseudomagistros,
3032 475 3121 542 qui
3188 475 3417 528 haereses

1848 569 2103 623 exitiosas
2145 570 2418 634 invehent,
2458 568 2629 639 ipsum
2665 567 2881 621 unicum
2923 581 3099 634 regem
3132 581 3192 619 ac
3235 565 3416 619 Domi-

1847 678 1971 715 num
2006 671 2243 716 nostrum
2273 661 2453 716 Jesnm
2486 662 2760 716 Christum
2794 670 3077 729 negantes;
3113 661 3416 729 multosque

1847 752 1961 806 fore
1983 752 2171 806 horum
2196 752 2571 820 improbitates
2591 761 2975 813 assectatnros,
3000 766 3224 817 quorum
3254 764 3416 804 causa

1846 845 2090 898 veritatis
2136 846 2299 915 gloria
2342 846 2643 899 convicium
2695 844 2949 913 patietur.
2994 841 3271 908 Prmdjxit,
3330 840 3416 894 in-

1845 937 2036 1003 q'nam,
2087 950 2153 987 ne
2187 951 2306 987 cum
2338 935 2391 988 hi
2424 935 2852 1002 supervenerint,
2888 934 3072 987 fraude
3114 936 3417 986 circumve-

1847 1027 2081 1089 niamur,
2115 1026 2338 1091 perditis
2378 1026 2617 1093 ipsorum
2666 1026 3007 1094 dogmatibus
3042 1033 3255 1078 nosmet.
3286 1024 3417 1077 sub-

1848 1116 2141 1169 mittentes.

1916 1380 1968 1431 9.
2016 1376 2338 1431 Vaticinium
2381 1385 2559 1431 autem
2602 1377 2655 1431 in
2693 1392 2802 1431 rem
2838 1377 3086 1431 collatum
3110 1386 3213 1431 est.
3244 1376 3419 1430 Multae

1846 1472 1988 1523 enim
2018 1484 2112 1536 per
2148 1478 2386 1535 tempora
2417 1475 2616 1521 exortae
2646 1477 2767 1521 sunt
2815 1470 3044 1521 bareses
3086 1466 3138 1520 in
3180 1466 3416 1522 Ecclesia

1846 1560 1962 1625 Dei,
2008 1571 2211 1615 rectam
2252 1560 2543 1615 dissolvere
2587 1560 2743 1614 fidem
2786 1560 3133 1613 multifariam
3169 1568 3413 1619 conatm:

1846 1666 2071 1719 quarum
2103 1650 2204 1703 alia
2250 1649 2341 1703 Dei
2398 1647 2626 1703 Verbum
2668 1651 2900 1703 alienum
2941 1666 3162 1718 prorsus
3194 1660 3416 1719 paterna

1848 1742 2147 1794 substantia
2178 1740 2354 1793 dicere
2384 1754 2511 1791 ausa
2541 1750 2650 1803 est;
2693 1739 2792 1792 alia
2828 1740 3059 1806 Spiritus
3100 1738 3413 1805 dignitatem

1845 1846 1946 1884 non
1971 1832 2215 1900 agnovit;
2248 1830 2347 1884 alia
2376 1829 2537 1883 Verbi
2568 1830 2827 1883 adventus
2850 1830 3131 1882 veritatem
3161 1828 3414 1897 negavit:

1843 1932 2131 1990 postrema,
2165 1922 2405 1974 omnium
2437 1920 2599 1972 veluti
2632 1921 2891 1974 malorum
2931 1922 3167 1982 sentina,
3203 1920 3417 1972 hodier-

1843 2027 1909 2063 na
1940 2011 2187 2078 apparuit
2221 2010 2574 2080 blasphemia,
2610 2026 2730 2080 qua:
2762 2012 2835 2064 ait
2886 2010 3123 2065 Verbum
3163 2025 3266 2062 non
3296 2022 3415 2063 esse

1840 2102 2108 2157 hominem
2142 2102 2359 2165 factum,
2408 2104 2500 2158 sed
2532 2108 2583 2157 in
2622 2105 2841 2157 homine
2868 2118 2934 2155 ex
2979 2101 3201 2155 muliere
3234 2101 3414 2168 genito

1841 2192 2168 2247 habitavisse
2224 2212 2237 2246 :
2295 2194 2437 2247 unde
2486 2193 2838 2261 consequitur
2888 2193 2943 2244 in
3001 2192 3136 2243 duos
3194 2190 3413 2242 unicum

1839 2283 2111 2339 Christum
2147 2286 2349 2338 ideirco
2384 2286 2569 2349 dividi,
2604 2285 2655 2338 in
2690 2285 2855 2338 Deum
2894 2284 3012 2337 dico
3045 2292 3207 2349 atque
3241 2280 3415 2334 homi-

1841 2390 1985 2428 nem.
2022 2374 2113 2427 Est
2146 2386 2320 2429 autem
2352 2377 2451 2429 hoc
2476 2376 2542 2428 ab
2566 2374 2855 2443 apostolica
2883 2374 3126 2426 doctrina
3155 2372 3410 2433 alienum,

1840 2472 1895 2518 et
1925 2464 2173 2517 diabolici
2201 2465 2377 2532 potius
2408 2466 2605 2531 ingenii
2637 2466 2931 2516 inventum.
2976 2461 3217 2529 Namque
3239 2460 3415 2513 honiic

1841 2570 1963 2609 nem
2000 2556 2200 2609 factum
2231 2571 2349 2609 esse
2377 2553 2725 2609 DeiVerbum
2759 2556 2809 2608 in
2836 2554 2941 2607 fine
2964 2553 3305 2615 saeculorum,
3338 2552 3417 2604 di-

1839 2649 1996 2702 vinus
2027 2648 2181 2701 nobis
2214 2663 2392 2701 sermo
2433 2649 2643 2700 nuntiat
2673 2648 2740 2713 ⁵³,
2775 2662 2881 2701 non
2915 2661 3044 2701 sane
3080 2646 3224 2714 quod
3271 2658 3330 2697 se
3363 2642 3417 2696 in

1840 2739 2073 2794 hominis
2108 2751 2355 2793 naturam
2389 2740 2701 2803 mutaverit,
2734 2741 2824 2793 sed
2852 2742 2978 2807 quia
3025 2739 3163 2791 hanc
3196 2736 3296 2791 sibi
3328 2751 3417 2787 as-

1840 2830 2131 2893 sumpscrit
2160 2846 2173 2880 :
2202 2839 2282 2882 est
2311 2831 2453 2883 enim
2504 2828 2737 2883 Verbum
2779 2828 3085 2882 invertibile
3123 2834 3285 2894 atque
3314 2826 3383 2878 im
3405 2854 3419 2863 -

1841 2918 2117 2971 mutabile.
2144 2918 2294 2984 Quod
2329 2920 2394 2983 si,
2434 2928 2491 2972 ut
2518 2920 2603 2973 isti
2642 2922 2811 2981 aiunt,
2849 2919 3054 2973 homini
3092 2934 3157 2972 ex
3197 2917 3422 2973 muliere

1841 3018 1994 3078 parto
2025 3011 2164 3062 Deus
2186 3010 2521 3076 supervenit,
2557 3010 2695 3063 idem
2732 3011 2834 3063 hoc
2862 3013 3072 3063 cunctis
3114 3023 3265 3076 aeque
3299 3022 3423 3076 pro-

1765 3132 1808 3189 α
1843 3102 2019 3169 phetis
2057 3101 2256 3153 accidit
2297 3118 2309 3153 :
2347 3114 2676 3168 prorsusque
2708 3109 3003 3169 oporteret,
3049 3102 3092 3153 si
3130 3112 3215 3151 res
3246 3098 3319 3151 ita
3364 3112 3423 3151 se

1844 3190 2091 3252 haberet,
2123 3206 2365 3244 seorsum
2398 3192 2821 3260 uniuscujusque
2850 3192 2899 3244 in
2928 3188 3107 3244 divina
3142 3187 3421 3257 Scriptura

1845 3281 2215 3335 confessiones
2244 3282 2530 3349 comperiri
2555 3298 2568 3345 ;
2612 3292 2666 3336 et
2695 3282 2926 3336 alterum
2956 3282 3176 3351 quidem
3219 3279 3420 3349 sigilla-

1848 3372 1941 3424 tim
1989 3386 2084 3439 per
2115 3371 2354 3438 seipsum
2389 3384 2485 3423 ceu
2526 3369 2621 3423 Dei
2664 3370 2897 3423 Verbum
2940 3368 3249 3433 decantari;
3292 3367 3399 3419 alte

1846 3476 1964 3513 rum
1986 3475 2115 3513 vero
2140 3476 2235 3512 ceu
2260 3460 2561 3520 hominem,
2585 3468 2639 3513 et
2671 3475 2737 3514 ex
2769 3470 2956 3513 nostro
2985 3473 3209 3513 numero
3232 3474 3422 3521 unum,

1848 3553 2023 3606 verbis
2056 3565 2174 3619 qua:
2200 3552 2471 3603 hominem
2503 3552 2716 3615 decent,
2748 3552 3071 3620 gloriﬁcare.

136 3646 237 3714 μὲν
292 3643 404 3713 ἰδίᾳ
439 3643 565 3696 καθ’
612 3643 803 3695 ἐαυτὸν
857 3642 933 3705 ώς
980 3642 1112 3696 Θεοῦ
1146 3646 1323 3713 Λόγον
1370 3646 1744 3716 ἀνυμνεῖσθαι,
1786 3650 1877 3703 τὸν
1920 3649 1977 3702 δέ
2040 3648 2114 3710 ώς
2172 3646 2455 3716 ἄνθρωπον
2498 3648 2592 3700 καὶ
2639 3647 2735 3700 ἕνα
2780 3648 2888 3702 τῶν
2942 3648 3064 3702 καθ’
3113 3650 3260 3720 ἡμᾶς
3312 3653 3421 3711 τοῖς

133 3736 414 3806 ἀνθρώπῳ
452 3733 728 3803 πρέπουσι
765 3732 1085 3796 δοξάζεσθαι
1111 3734 1309 3803 λόγοις.

205 3835 275 3896 γ’.
337 3827 483 3879 Ἀλλ’
545 3826 644 3896 οὐχ
671 3825 841 3888 οὕτως
863 3828 995 3895 ἡμῖν
1019 3828 1066 3878 οί
1093 3827 1379 3879 ἀπόστολοι
1404 3830 1500 3899 τὴν
1528 3832 1742 3885 εὐθεῖαν

134 3918 470 3988 εἰσαγγελίαν
524 3917 823 3987 ἐκήρυξαν,
861 3917 977 3969 ἀλλ’
1015 3916 1111 3969 ἕνα
1151 3918 1389 3988 Χριστὸν
1419 3920 1552 3974 Θεὸν
1602 3922 1737 3992 ὁμοῦ

133 4012 229 4064 καὶ
264 4008 564 4079 ἄνθρωπον
604 4008 697 4060 τὸν
729 4008 893 4061 αὑτὸν
926 4008 1344 4077 παραδεδώκασι
1372 4027 1383 4038 ·
1442 4013 1533 4066 καὶ
1578 4014 1735 4067 τοῦτο

136 4100 330 4168 σαφῶς
376 4102 405 4151 0
438 4098 540 4167 μὲν
576 4097 823 4163 θεολόγος
858 4096 1108 4169 Ἰωάννης
1136 4102 1193 4152 ἐν
1222 4101 1570 4167 Εὑαγγελίοις
1597 4105 1736 4157 διδά-

134 4205 253 4243 σκει
280 4189 468 4255 λέγων
490 4203 503 4215 ’
540 4206 558 4238 ‹
593 4187 681 4239 Ἐν
726 4189 871 4257 ἀρχῇ
902 4182 969 4258 ἦν
996 4192 1023 4240 0
1049 4189 1243 4256 Λόγος,
1276 4193 1369 4243 καὶ
1403 4194 1431 4243 ό
1471 4194 1642 4261 Λόγος
1666 4191 1733 4265 ἦν

137 4283 271 4352 πρὸς
312 4281 409 4333 τὸν
459 4279 633 4345 Θεὸν,
684 4279 779 4331 καὶ
816 4278 948 4341 Θεὸς
995 4275 1064 4349 ἦν
1094 4283 1121 4333 0
1159 4281 1364 4348 Λόγος·
1401 4302 1419 4335 ι
1470 4278 1568 4335 εἷθ’
1609 4284 1733 4355 ἐξῆς

136 4374 364 4439 ιπάτων
384 4388 398 4402 -
444 4390 461 4419 ι
486 4372 596 4423 Καὶ
620 4372 648 4422 0
670 4370 844 4438 Λόγος
867 4370 1003 4440 σὰρξ
1034 4372 1269 4437 ἐγένετο,
1311 4376 1403 4426 καὶ
1427 4375 1732 4447 ἐσκήνωσεν

1920 3826 1972 3880 3.
2016 3824 2177 3893 Atqui
2220 3839 2323 3877 non
2371 3823 2441 3876 ita
2479 3824 2632 3877 nobis
2673 3834 2872 3877 rectam
2924 3827 3285 3893 prazdicavere
3330 3834 3415 3887 do.

1845 3920 2077 3973 ctrinam
2127 3915 2378 3984 apostoli,
2425 3916 2520 3968 sed
2566 3930 2731 3967 unum
2760 3916 3117 3985 eumdemque
3148 3920 3421 3977 Christum

1841 4007 2008 4062 Deum
2052 4005 2213 4060 simul
2258 4015 2313 4057 et
2362 4003 2634 4057 hominem
2673 4018 2793 4057 esse
2831 4005 3171 4060 tradiderunt
3216 4010 3421 4082 :idquc

1841 4111 2025 4169 aperte
2045 4097 2323 4165 theologus
2342 4094 2579 4148 Joannes
2604 4096 2655 4146 in
2677 4094 2978 4165 Evangeliis
3001 4098 3176 4163 docet,
3195 4101 3380 4156 dicens
3406 4120 3420 4157 :

1846 4209 1864 4241 ι
1896 4188 1950 4242 1η
1980 4189 2246 4259 principio
2284 4184 2473 4257 lue
2501 4195 2620 4239 erat
2653 4183 2909 4251 Verbum,
2943 4196 2999 4241 et
3040 4186 3272 4244 Verbum
3306 4206 3420 4246 erat

1840 4282 1979 4349 apud
2034 4279 2224 4345 Deum,
2277 4290 2331 4333 ct
2370 4278 2510 4332 Deus
2565 4286 2682 4331 erat
2742 4275 2974 4331 Verbum
3020 4280 3086 4334 ⁵³.
3131 4300 3149 4331 ι
3224 4284 3420 4339 Deinde

1839 4374 2042 4425 addens
2099 4388 2161 4423 ει
2193 4370 2259 4423 Et
2287 4368 2520 4423 Verbum
2570 4382 2698 4421 caro
2755 4367 2953 4421 factum
3003 4379 3105 4433 est,
3159 4380 3212 4426 et
3262 4373 3420 4427 habi.

134 4462 189 4512 ἐν
214 4463 374 4531 ἡμῖν.
407 4481 425 4510 ι
463 4462 522 4512 Ὀ
549 4461 605 4512 δὲ
639 4459 931 4529 ίεροκήρ·.;ξ
954 4460 1161 4525 Παῦλος
1193 4462 1465 4531 Ἑϐραίοις
1494 4468 1735 4521 ἐπιστέλ-

1848 4465 1977 4515 tavit
2032 4463 2082 4514 in
2132 4462 2355 4514 nobis.»
2402 4459 2568 4512 Sacer
2622 4473 2835 4527 quoque
2887 4475 3063 4525 [πιεςο
3110 4460 3311 4518 Paulus
3365 4467 3419 4520 in

136 4551 212 4604 λει
260 4553 485 4618 λέγων·
562 4569 580 4601 ι
618 4551 771 4603 Ἐπεὶ
814 4546 909 4602 οὖν
960 4553 1029 4603 τὰ
1089 4553 1277 4605 παιδία
1340 4556 1729 4627 κεκοινώνηκεν

135 4643 374 4714 αἵματος
401 4643 499 4695 καὶ
534 4642 738 4710 σαρκὸς
769 4682 783 4707 ,
833 4642 928 4693 καὶ
958 4643 1119 4706 αὐτὸς
1152 4646 1551 4716 παραπλησίως
1599 4627 1729 4716 μετζ

137 4738 259 4806 ἐσχε
319 4734 435 4787 τῶν
501 4731 751 4785 αὐτῶν.»
822 4732 1064 4795 Ἀκούεις
1114 4735 1261 4797 ὅπως
1315 4736 1342 4786 0
1401 4736 1498 4805 μὲν
1551 4739 1729 4807 σάρκα

137 4823 473 4893 γεγενῆσθαι
504 4822 597 4874 τὸν
629 4823 824 4890 Λόγον,
858 4823 887 4873 0
925 4823 980 4875 δὲ
1014 4824 1175 4877 πάλιν
1203 4826 1362 4878 αὑτὸν
1402 4827 1509 4879 τῶν
1549 4828 1727 4881 αὐτῶν

142 4914 488 4983 μετασχόντα
517 4910 739 4981 εἴρηκεν
768 4929 782 4976 ;
816 4912 877 4964 El
907 4912 962 4963 δέ
994 4913 1282 4984 ἄνθρωπος
1319 4916 1417 4985 μὲν
1448 4919 1510 4969 ἐκ
1542 4934 1727 4979 γυναι-

139 5007 225 5068 κὸς
265 5008 295 5057 0
333 5002 549 5073 Ἰησοῦς
582 5002 801 5072 ἐτέχθη,
837 5002 975 5072 μετὰ
1022 5003 1077 5055 δὲ
1126 5004 1298 5058 ταῦτα
1346 5009 1379 5075 ἡ
1414 5006 1507 5060 τοῦ
1548 5009 1723 5075 Λόγου

138 5096 358 5161 γέγονεν
388 5090 529 5161 πρὸς
554 5091 719 5143 αὑτὸν
759 5091 1121 5161 ἐπιφοίτησις,
1162 5092 1268 5145 ἔδει
1295 5094 1543 5166 καθάπερ
1577 5095 1726 5165 εἴρη-

139 5202 240 5249 ται,
280 5184 381 5236 δύο
422 5181 521 5234 καὶ
570 5182 750 5249 πάντη
798 5182 1217 5250 μεμερισμένως
1260 5185 1396 5255 πρὸς
1448 5186 1592 5238 ἅπαν
1627 5187 1725 5249 τὰς

139 5274 427 5343 ὁμολογίας
489 5270 843 5340 εὑρίσκεσθαι
872 5288 885 5301 ’
943 5274 1059 5325 νυνὶ
1115 5274 1172 5326 δὲ
1216 5278 1318 5343 τῆς
1364 5276 1721 5331 θεοπνεύστου

142 5367 360 5437 Γραφῆς
403 5364 828 5433 κοινολογούσης
882 5364 951 5416 τά
995 5382 1055 5417 τε
1100 5368 1166 5436 τῇ
1215 5365 1429 5436 θεότητι
1481 5369 1723 5433 φυσικῶς

140 5458 467 5526 ἁρμόζοντα,
509 5456 605 5507 καὶ
639 5454 709 5506 τὰ
737 5456 825 5523 ,τῇ
874 5454 1161 5523 ἀνθρώπου
1209 5456 1489 5526 πρέποντα
1537 5458 1716 5526 φύσει,

142 5551 346 5620 καθαρά
373 5550 475 5617 τῆς
504 5545 756 5608 ἐνώσεως
790 5546 823 5614 ἡ
868 5546 1150 5616 οἰκονομία
1182 5547 1517 5617 εὑρίσκεται.
1549 5550 1717 5603 Ὅταν

1839 4554 2075 4623 Epistola
2101 4556 2167 4605 ad
2194 4552 2449 4605 llebrmos
2473 4550 2658 4602 scribit
2686 4567 2697 4601 :
2730 4566 2745 4598 ι
2771 4548 2904 4613 Quia
2928 4564 3056 4620 ergo
3085 4555 3235 4619 pueri
3267 4557 3418 4610 carni

1838 4654 1892 4698 et
1924 4642 2169 4709 sanguini
2200 4640 2759 4701 communicaverunt,
2806 4646 2859 4691 et
2896 4640 3009 4707 ipse
3050 4642 3301 4697 similiter
3328 4660 3419 4698 ea-

1837 4736 1956 4788 dem
2002 4732 2345 4801 participavit
2373 4730 2439 4780 “.
2484 4748 2501 4779 ι
2544 4728 2739 4781 Audin’
2768 4730 3036 4795 quomodo
3080 4731 3167 4785 ille
3201 4735 3416 4801 quidem

1836 4826 2072 4880 Verbum
2110 4840 2329 4879 carnem
2357 4836 2477 4876 esse
2516 4821 2740 4884 factum,
2778 4822 2866 4874 hic
2906 4832 3086 4875 autem
3123 4825 3298 4879 denuo
3341 4828 3418 4880 ait

1838 4920 2011 4985 ipsum
2051 4917 2163 4970 haec
2196 4916 2384 4970 eadem
2422 4914 2868 4983 participavisse?
2897 4912 3047 4978 Quod
3076 4917 3119 4968 si
3160 4918 3317 4971 homo
3349 4934 3414 4973 ex

1838 5010 2060 5063 muliere
2103 5008 2261 5061 Jesus
2313 5008 2492 5061 editus
2542 5015 2645 5069 est,
2702 5005 2897 5059 deinde
2955 5021 3084 5060 vero
3139 5005 3299 5062 Verbi
3360 5011 3414 5063 in

1842 5102 2015 5169 ipsum
2066 5101 2329 5154 adventus
2374 5100 2619 5169 contigit,
2682 5109 2997 5167 oporteret,
3051 5111 3107 5152 ut
3158 5103 3409 5166 diximus,

1834 5192 1965 5245 duas
1990 5192 2210 5245 omnino
2249 5192 2500 5258 omnique
2530 5192 2579 5244 in
2617 5206 2673 5245 re
2708 5192 2999 5259 separatim
3042 5191 3412 5249 confessiones

1835 5283 2117 5351 comperiri
2162 5302 2174 5337 :
2229 5298 2369 5337 nunc
2408 5291 2631 5344 contra,
2676 5296 2797 5334 cum
2848 5281 3106 5335 divinitus
3153 5283 3412 5351 inspirata

1835 5370 2113 5440 Scriptura
2146 5371 2509 5425 communiter
2543 5370 2859 5439 pronuntiet
2907 5376 3018 5423 tum
3062 5386 3179 5439 qua:
3222 5374 3407 5426 deitati

1832 5463 2153 5516 naturaliter
2196 5463 2545 5527 conveniunt,
2608 5472 2718 5515 tum
2772 5463 2935 5515 etiam
2989 5478 3107 5531 quae
3171 5464 3407 5519 hominis

1830 5562 2133 5623 congruunt
2166 5563 2393 5619 naturae,
2424 5554 2704 5624 perspicua
2731 5553 3153 5622 deprehenditur
3183 5555 3406 5611 unitatis

208 5729 249 5758 δ’
279 5726 442 5781 Hebr.
475 5742 549 5791 ιι,
580 5725 672 5779 26.
755 5723 802 5756 ⁸⁸
834 5723 985 5777 Joan.
1023 5740 1059 5788 ι,
1098 5723 1151 5777 1.
1182 5724 1225 5755 ⁸⁸
1254 5725 1382 5780 ibid.
1420 5725 1505 5780 Η.
1586 5727 1631 5759 ⁸⁸
1663 5724 1735 5781 ile

1864 5744 1924 5795 it,
1965 5730 2047 5785 Μ,
