4040 6438
586 341 692 395 259

585 452 745 507 ratio.
780 449 911 504 Cum
945 462 1072 516 ergo
1107 447 1261 501 antiis
1295 445 1613 516 Aposto‘lum
1647 445 1911 499 dicentem
1953 460 1966 496 :

588 553 896 614 spectantes
928 541 1138 595 beatam
1170 555 1341 609 spem,
1369 551 1424 594 et
1455 538 1953 594 manifestationem
1990 536 2175 607 glorite

586 639 767 709 magni
797 636 890 689 Dei
915 651 978 690 ac
1008 635 1315 690 Servaturis
1346 635 1518 687 nostri
1549 630 1676 686 Jesu
1704 631 1911 687 Christi
1939 631 2038 694 ",i
2069 645 2173 684 non

580 738 640 784 te
669 731 828 797 pudet
869 742 1129 794 separare
1161 742 1190 779 a
1223 728 1400 781 Verbo
1431 724 1618 780 Jcsnm
1645 724 1667 776 ?
1695 725 1813 777 Non
1846 727 1989 778 enim
2018 723 2171 786 dixit,

586 823 762 890 magni
795 821 885 874 Dei
928 801 978 873 in
1006 819 1128 874 Jesu
1155 819 1400 881 Christo,
1428 818 1520 872 sed
1549 819 1795 871 eumdem
1828 825 1884 870 et
1925 815 2089 868 Deutn
2122 825 2176 869 et

585 914 766 969 Jesum
818 913 1133 982 prardicavit
1188 929 1201 964 :
1249 912 1476 978 ideoque
1527 910 1741 963 unicam
1787 922 2001 978 quoque
2042 908 2178 960 dixit

586 1005 1110 1057 tnanil‘estationem.

654 1097 709 1150 4.
753 1095 1029 1150 Interdum
1083 1111 1213 1150 vero
1261 1096 1326 1148 iis
1375 1095 1538 1149 etiam
1590 1107 1709 1162 quae
1750 1100 1876 1145 sunt
1927 1093 2176 1144 humana:

587 1197 796 1238 naturae
836 1184 1077 1253 propria,
1115 1183 1205 1236 Dei
1253 1182 1670 1252 appellationem
1719 1180 1967 1234 attribuit
1995 1182 2175 1234 divina

587 1275 892 1342 Scriptura.
938 1272 1074 1325 Nam
1113 1287 1237 1325 cum
1285 1271 1599 1325 Servatoris
1637 1271 1819 1338 passio
1851 1273 1917 1324 de
1961 1269 2177 1323 deitatis

586 1375 778 1419 natura
825 1364 1050 1434 intelligi
1085 1379 1310 1433 prorsus
1363 1373 1621 1433 nequeat,
1655 1371 1816 1430 atque
1857 1361 1910 1414 in
1952 1376 2178 1430 corpore

587 1455 960 1510 tantummodo
977 1456 1264 1524 passiones
1286 1462 1520 1522 peracta:
1543 1452 1777 1516 fuerint;
1803 1461 2038 1504 attamen
2052 1450 2176 1518 quia

585 1562 709 1601 cum
746 1562 810 1601 eo
833 1557 918 1600 est
950 1545 1298 1614 insepara‘bili
1340 1544 1669 1598 adunatione
1698 1544 1898 1606 deitas,
1943 1561 1962 1593 ι
1990 1543 2046 1596 Si
2080 1556 2175 1595 eoo

583 1637 958 1707 gnovissent,»
995 1636 1171 1704 inquit
1196 1634 1508 1703 Apostolus,
1548 1649 1857 1703 «nunquam
1890 1632 2174 1687 Dominum

584 1727 770 1797 gloriae
804 1726 1206 1780 eruciﬁxissent
1238 1724 1305 1778 ⁸⁸.
1349 1743 1366 1775 ι
1410 1723 1598 1779 Viden’
1640 1725 1934 1793 quomodo,
1975 1723 2177 1776 aduna-

1589 335 1644 387 S.
1687 330 1960 387 CYRlLLl
2004 325 2478 385 ALEXANDRINI
2519 325 2847 383 ABCllIEP.

3759 324 3867 381 9.60

2014 463 2029 495 t
2063 442 2166 496 Ex-
2200 464 2247 520 Α
2275 442 2456 496 τοίνυν
2479 444 2723 514 ἀκούσῃς
2745 444 2840 497 τοῦ
2869 443 3194 498 Ἀποστόλου
3220 442 3490 511 λέγοντος·
3523 460 3541 492 ι
3566 443 3870 512 ιιροσδεχό..

2281 554 2434 608 μενοι
2456 538 2555 607 τὴν
2592 537 2871 609 μακαρίαν
2899 537 3116 600 ἐλπίδα,
3149 538 3244 590 καὶ
3274 536 3374 607 τὴν
3405 537 3728 604 ἐπιφάνειαν
3765 536 3870 606 τῆς

2278 629 2436 700 δόξης
2473 629 2567 682 τοῦ
2622 631 2862 700 μεγάλου
2902 627 3038 682 Θεοῦ
3068 628 3161 682 καὶ
3195 627 3448 698 Σωτῆρος
3489 626 3648 698 ἡμῶν
3688 623 3869 696 Ἰησοῦ

2277 724 2520 795 Χριστοῦ
2545 741 2559 754 ·
2604 721 2735 796 »ἆρ’
2760 726 2860 778 οὐκ
2893 724 3152 794 ἐρυθριᾷς
3174 721 3401 792 διαιρῶν
3437 720 3530 773 τοῦ
3563 720 3737 788 Λόγου
3774 719 3870 772 τὸν

2291 816 2536 885 Ἰησοῦνς
2582 817 2654 869 Οὐ
2699 816 2808 887 γὰρ
2839 812 3014 879 εἶπεν,
3055 814 3147 867 τοῦ
3201 813 3439 884 μεγάλου
3494 810 3629 865 Θεοῦ
3669 809 3762 863 τοῦ
3810 810 3870 861 ὲν

2290 907 2466 978 Ἰησοῦ
2508 908 2753 978 Χριστῷ,
2799 907 2936 960 ἀλλὰ
2966 907 3069 959 Τὸν
3109 905 3274 958 αὑτὸν
3325 903 3458 956 Θεὸν
3503 903 3598 956 καὶ
3655 899 3871 970 Ἰησοῦν

2277 999 2544 1068 ἐκήρυξεν
2563 1017 2575 1031 ·
2605 998 2686 1050 διὸ
2712 1002 2808 1051 καὶ
2844 998 2971 1068 μίαν
2998 997 3096 1068 τὴν
3126 996 3449 1064 ἐπιφάνειαν
3478 994 3720 1064 εἴρηκεν.

2354 1091 2419 1144 δ’.
2451 1092 2608 1144 Ἐστι
2635 1091 2690 1143 δὲ
2727 1091 2816 1143 ὅτε
2840 1089 3028 1143 καὶτὰ
3052 1089 3150 1158 τῆς
3182 1086 3604 1158 ἀνθρωπότητος
3625 1083 3761 1148 ἴδια,
3800 1085 3872 1152 τῇ

2277 1182 2370 1236 τοῦ
2398 1183 2532 1236 Θεοῦ
2575 1184 2919 1254 προσηγορίᾳ
2961 1185 2994 1252 ἡ
3036 1182 3155 1235 θεία
3187 1180 3446 1252 κηρύττει
3493 1179 3723 1249 Γραφή·
3770 1177 3874 1229 τοῦ

2279 1273 2389 1342 γὰρ
2417 1274 2686 1344 σωτηρίου
2718 1272 2924 1334 πάθους
2945 1276 3010 1342 τῇ
3034 1273 3130 1341 τῆς
3155 1271 3406 1340 θεότητος
3430 1267 3588 1338 φύσει
3614 1266 3877 1336 οὐδαμῶς

2280 1364 2521 1417 νοεῖσθαι
2568 1365 2892 1434 δυναμένου,
2943 1366 3022 1426 εἰς
3055 1363 3110 1415 δὲ
3145 1363 3204 1415 τὸ
3240 1361 3401 1432 σῶμα
3433 1359 3712 1421 παντελῶς
3761 1357 3877 1410 τῶν

2280 1455 2623 1525 παθημάτων
2640 1454 3045 1524 γεγενημένων,
3074 1453 3162 1506 διὰ
3185 1453 3247 1506 τὸ
3286 1452 3526 1505 συνεῖναι
3551 1448 3880 1518 ἀχωρίστους

2282 1547 2403 1600 καθ’
2423 1534 2623 1599 ἕνωσιν
2641 1547 2790 1614 αὐτῷ
2817 1547 2916 1616 τὴν
2939 1546 3188 1609 θεότητα,
3225 1563 3244 1595 t
3267 1544 3330 1596 Εἰ
3357 1543 3600 1612 ἔγνωσαν
3618 1561 3666 1604 ,ι
3703 1539 3881 1608 φησὶν

2250 1636 2254 1644 ⁷
2279 1641 2308 1692 ὁ
2347 1638 2692 1701 Ἀπόστολος,
2730 1657 2746 1686 ‹
2769 1638 2869 1690 οὐκ
2908 1635 2974 1689 ἂν
3007 1636 3098 1688 τὸν
3129 1634 3334 1706 Κύριον
3361 1634 3458 1702 τῆς
3485 1631 3645 1700 δόξης
3671 1626 3882 1681 ἐσταύ-

2287 1746 2487 1799 ρωσαν.
2516 1749 2534 1780 ι
2576 1729 2740 1798 Ὁρᾷς
2762 1729 2908 1790 ὅπως
2945 1725 3262 1792 κοινολογεί,
3292 1726 3390 1793 τῆς
3421 1720 3664 1781 ένώσεως
3688 1717 3880 1786 χάριν,

586 1821 750 1873 tionis
779 1833 964 1884 causa,
985 1833 1340 1873 communem
1369 1817 1499 1871 facit
1532 1823 1597 1871 de
1631 1816 1850 1871 Christo
1877 1814 2174 1869 confessio-

2284 1821 2380 1889 τὴν
2434 1821 2513 1883 εἰς
2557 1820 2647 1872 τὸν
2703 1820 2940 1885 Χριστὸν
3000 1817 3292 1886 ὁμολογίαν
3340 1817 3440 1884 τῆς
3505 1807 3884 1875 άποστολικῆς

585 1925 710 1965 nem
739 1910 1048 1978 apostolicae
1093 1909 1357 1964 doctrinm
1383 1907 1601 1962 sermo?
1627 1906 1743 1961 Non
1776 1907 1920 1961 enim
1950 1904 2181 1973 simplex

584 1999 750 2054 homo
772 1998 1069 2069 aliquando
1095 1998 1197 2052 fuit
1229 1996 1412 2062 Jesus,
1445 2008 1572 2050 ante
1599 1996 1694 2050 Dei
1723 2011 1846 2050 cum
1880 1997 1997 2064 ipso
2029 2009 2184 2048 com-

584 2091 896 2146 munionem
939 2102 993 2145 et
1039 2091 1468 2156 adunationem;
1514 2090 1612 2145 sed
1664 2089 1809 2143 idem
1841 2087 2100 2151 Verbum,
2129 2088 2180 2140 in

584 2183 757 2253 ipsam
816 2186 1030 2238 beatam
1080 2180 1365 2253 Virginem
1423 2183 1686 2245 veniens,
1743 2181 2020 2250 proprium
2078 2177 2180 2232 sibi

587 2276 846 2346 templum
879 2291 945 2330 ex
979 2274 1223 2344 Virginis
1251 2276 1554 2330 substantia
1582 2275 1838 2342 sumpsit,
1873 2270 2181 2341 prodiitqne

585 2381 648 2420 ex
671 2380 733 2420 ea
759 2367 919 2420 homo
944 2367 1162 2434 quidem
1185 2374 1455 2433 quatenus
1478 2366 1828 2429 cernebatur,
1853 2362 2183 2419 intrinsecus

586 2468 766 2513 autem
813 2472 976 2512 verus
1009 2458 1281 2512 exsiStens
1319 2457 1466 2511 Deus
1510 2474 1523 2510 :
1575 2438 1804 2524 ideoque
1849 2456 2011 2510 etiam
2061 2465 2184 2524 post

585 2560 823 2619 partum,
853 2550 1119 2621 virginem
1148 2549 1494 2604 conservavit
1517 2559 1798 2618 parentem
1827 2561 2006 2615 suam,
2038 2548 2183 2618 quod

584 2645 652 2698 de
686 2645 792 2699 alio
827 2644 1050 2698 nemine
1098 2654 1411 2697 sanctorum
1452 2642 1720 2695 usuvenit.
1754 2640 1887 2693 Nam
1922 2644 2049 2710 quia
2094 2642 2182 2695 isti

586 2746 777 2789 natura
807 2736 1060 2789 homines
1093 2745 1270 2798 erant,
1319 2735 1609 2786 humanam
1660 2745 1953 2799 parentque
1993 2746 2183 2785 omnes

586 2829 923 2882 nativitatem
977 2827 1152 2881 sortiti
1201 2835 1349 2880 sunt.
1411 2824 1507 2878 llle
1555 2833 1759 2883 autem,
1811 2822 1938 2891 quia
1991 2833 2182 2875 natura

585 2920 730 2975 Dens
756 2929 895 2984 erat,
929 2925 1205 2986 assumpta
1232 2917 1397 2970 etiam
1422 2915 1690 2969 extremis
1726 2913 2062 2981 temporibus
2085 2913 2182 2965 huc

586 3013 872 3074 manitate,
919 3025 1111 3063 novam
1148 3022 1260 3078 pra:
1292 3006 1514 3075 reliquis
1547 3004 1799 3058 omnibus
1844 3004 2181 3056 nativitatem

591 3120 706 3173 prae
740 3118 797 3157 se
853 3103 994 3155 tulit.
1044 3101 1183 3171 Ergo
1229 3109 1374 3154 recte
1420 3107 1476 3152 et
1526 3096 1755 3164 Deipara
1805 3106 1858 3148 et
1905 3095 2182 3161 virginalis

589 3205 783 3258 mater,
812 3198 963 3247 beata
994 3193 1108 3246 hzec
1137 3192 1260 3262 jure
1284 3191 1491 3258 optimo
1519 3188 1745 3242 dicenda
1768 3198 1869 3240 est.
1898 3185 2011 3238 Non
2034 3190 2178 3239 enim

588 3289 753 3342 homo
783 3286 1014 3354 simplex
1044 3292 1184 3349 erat,
1221 3297 1382 3352 quem
1408 3282 1522 3350 ipsa
1549 3279 1790 3350 perperit
1821 3277 2000 3332 Jesns.

660 3468 715 3522 5.
757 3467 856 3532 Qui
888 3465 1030 3518 enim
1058 3463 1106 3516 id
1141 3460 1334 3516 ﬁeret?
1369 3459 1636 3527 siquidem
1668 3458 1735 3510 ad
1769 3455 1931 3524 hujus
1958 3469 2178 3524 operam

590 3575 653 3615 ac
680 3567 1000 3628 petestatetn
1038 3554 1128 3606 illa
1163 3551 1326 3607 etiam
1371 3565 1492 3619 qua:
1531 3557 1656 3602 ante
1701 3548 1992 3602 adventum
2035 3545 2178 3599 facta

588 3650 832 3712 fuerunt,
862 3646 1046 3699 divina
1082 3642 1364 3710 Scriptura
1404 3637 1595 3692 refert.
1631 3637 1768 3691 Ecce
1803 3637 1948 3691 enim
1989 3638 2178 3690 beatus

589 3740 888 3810 discipulus
920 3735 1086 3790 Judas
1127 3749 1320 3804 magna
1356 3747 1486 3785 voce
1526 3730 1680 3784 nobis
1712 3730 1851 3784 hanc
1892 3729 2053 3782 [idem
2091 3728 2176 3781 in-

588 3836 807 3891 clamat.
852 3830 988 3885 Nant
1024 3845 1226 3894 rerum,
1257 3842 1377 3895 quae
1419 3824 1604 3878 multis
1632 3824 1882 3878 aetatibus
1920 3834 2047 3877 ante
2080 3840 2176 3877 na-

590 3928 856 3983 tivitatem
880 3939 944 3977 ex
971 3921 1193 3989 Virgine
1223 3933 1360 3974 actte
1388 3928 1536 3983 sunt,
1567 3917 1774 3970 l‘aeiens
1821 3917 2174 3980 mentionem,

588 4023 669 4076 sic
696 4020 810 4073 ait:
836 4035 854 4067 ‹
879 4015 1238 4070 Commonere
1270 4022 1447 4065 autem
1479 4025 1575 4064 vos
1603 4009 1744 4074 volo,
1779 4011 2017 4064 scientes
2047 4009 2176 4062 alio-

589 4114 680 4183 qui
702 4110 905 4176 omnia,
939 4107 1197 4176 quoniam
1225 4104 1384 4158 .lesus
1417 4104 1670 4173 populum
1695 4104 1759 4157 de
1785 4114 1928 4156 terra
1953 4100 2173 4170 Aﬂgypli

589 4207 826 4270 salvans,
851 4202 1090 4258 secundo
1123 4214 1218 4254 eos
1253 4199 1342 4267 qui
1377 4213 1481 4251 non
1515 4196 1863 4251 crediderunt
1903 4196 2172 4264 perdidit;

589 4296 811 4366 angelos
849 4309 976 4348 vero
1019 4292 1108 4360 qui
1149 4306 1254 4343 non
1289 4297 1640 4343 servaverunt
1695 4302 1852 4340 suum
1898 4287 2174 4355 principa-

591 4364 722 4453 tum,
775 4387 869 4441 sed
925 4385 1203 4455 proprium
1255 4381 1586 4435 domicilium
1635 4364 2066 4446 dereliquerunt,
2123 4381 2172 4432 in

2283 1912 2629 1974 διδασκαλίας
2659 1913 2688 1964 ὁ
2733 1911 2924 1980 λόγος;
2975 1908 3052 1962 Οὐ
3099 1909 3206 1978 γὰρ
3249 1905 3535 1975 ἄνθρωπος
3581 1901 3680 1969 μὲν
3718 1895 3884 1965 ψιλὸς

2298 2004 2504 2074 Ἰησοῦς
2535 2004 2776 2075 ὑπῆρξεν
2806 2020 2935 2055 ποτε
2968 2002 3073 2067 πρὸ
3104 2000 3204 2069 τῆς
3229 1997 3323 2050 τοῦ
3362 1994 3499 2049 Θεοῦ
3531 1992 3671 2062 πρὸς
3709 1991 3886 2045 αὑτὸν

2283 2095 2572 2159 κοινωνίας
2621 2113 2679 2148 τε
2728 2097 2823 2148 καὶ
2877 2094 3145 2156 ὲνώσεως,
3184 2090 3296 2144 ἀλλ’
3329 2087 3491 2151 αὐτὸς
3539 2088 3567 2137 ό
3606 2084 3784 2152 Λόγος
3821 2085 3886 2136 ἐν

2284 2187 2421 2256 αὐτῇ
2449 2190 2514 2256 τῇ
2551 2186 2799 2256 μακαρία
2826 2183 3092 2256 Παρθένῳ
3119 2182 3433 2252 γενόμενος,
3467 2179 3558 2231 τὸν
3588 2175 3718 2228 ἴδιον
3746 2172 3885 2225 ναὸν

2284 2278 2463 2349 ἑαυτῷ
2525 2281 2590 2331 ἐκ
2643 2279 2742 2347 τῆς
2797 2277 2984 2339 οὐσίας
3036 2276 3135 2346 τῆς
3174 2272 3450 2343 Παρθένου
3505 2267 3721 2332 ἐλαϐεν,
3783 2261 3887 2317 καὶ

2285 2370 2554 2442 προῆλθεν
2598 2369 2657 2433 ἐξ
2686 2370 2857 2439 αὐτῆς
2884 2368 3170 2438 ἄνθρωπος
3198 2365 3295 2434 μὲν
3328 2364 3528 2430 ἔξωθεν
3558 2356 3888 2429 θεωρούμε-

2285 2481 2397 2526 νος,
2440 2461 2650 2515 ἑνδοθεν
2696 2461 2754 2514 δὲ
2805 2460 2939 2523 Θεὸς
2992 2460 3256 2531 ὑπάρχων
3308 2455 3597 2527 ἀληθινός’
3655 2453 3739 2507 διὸ
3783 2454 3889 2506 καὶ

2289 2554 2427 2624 μετὰ
2449 2553 2508 2605 τὸ
2529 2553 2808 2622 τεχθῆναι,
2838 2551 3108 2620 παρθένον
3123 2551 3222 2620 τὴν
3251 2547 3516 2602 τεκοῦσαν
3545 2547 3888 2616 τετήρηκεν,

2284 2647 2420 2717 ὅπερ
2483 2645 2571 2696 ἐπ’
2632 2643 2849 2706 οὐδενὸς
2909 2643 3018 2694 τῶν
3075 2641 3251 2695 ἄλλων
3313 2640 3487 2707 ἁγίων
3555 2638 3886 2707 γεγένηται.

2297 2738 2516 2807 Ἐπειδὴ
2549 2738 2658 2807 γὰρ
2699 2739 2899 2789 ἐκεῖνοι
2947 2735 3048 2804 τὴν
3084 2733 3246 2802 φύσιν
3294 2732 3542 2801 ὑπῆρχον
3571 2728 3888 2799 ἄνθρωποι,

2285 2829 2634 2898 ἀνθρωπίνην
2688 2828 2783 2879 καὶ
2819 2828 2940 2896 ίσην
2981 2827 3082 2895 τὴν
3118 2825 3333 2892 γένεσιν
3370 2823 3561 2891 ἔλαχον
3611 2820 3887 2881 ἅπαντες.

2313 2915 2339 2940 'r
2500 2921 2520 2947 λ
2706 2919 2716 2936 ι
2979 2917 2990 2931 ο
3113 2918 3124 2934 ι
3185 2917 3207 2926 ·
3446 2914 3450 2915 ⁷
3811 2909 3832 2929 ‘

2284 2938 2438 2982 ουτος
2467 2921 2522 2973 δε,
2545 2919 2732 2989 ἐπειδη
2754 2920 2895 2970 κατὰ
2924 2933 3085 2984 φυσιν
3104 2933 3347 2985 υπηρχεν
3373 2915 3526 2977 Θεὸς,
3551 2913 3891 2984 προσλαὸων

2286 3015 2342 3064 ἐν
2388 3013 2564 3083 χρόνῳ
2605 3012 2820 3081 ἐσχάτῳ
2860 3010 2955 3063 καὶ
2995 3010 3057 3062 τὸ
3100 3009 3462 3080 ἀνθρώπινον,
3514 3007 3673 3077 ξένην
3725 3009 3893 3074 παρὰ

2286 3103 2498 3163 πάντας
2549 3102 2648 3170 τὴν
2701 3104 2764 3152 ὲκ
2806 3104 2904 3169 τῆς
2935 3099 3211 3168 Παρθένου
3263 3098 3481 3165 γένεσιν
3532 3095 3890 3160 ἐπεδείξατοο

2285 3191 2482 3245 οὐκοῦν
2520 3192 2746 3254 εἰκότως
2793 3192 2888 3242 καὶ
2912 3189 3175 3251 Θεοτόκος
3221 3189 3314 3240 καί⁷
3358 3179 3806 3258 παρθενομήτωρ
3851 3190 3890 3258 ἡ

2287 3285 2536 3352 μακαρία
2566 3282 2789 3343 δικαίως
2820 3281 2885 3332 ἂν
2910 3281 3147 3348 λέγοιτο·
3175 3280 3235 3332 οὐ
3260 3280 3370 3351 γὰρ
3396 3278 3683 3348 ἄνθρωπος
3721 3279 3890 3349 ψιλὸς

2280 3371 2348 3446 ἦν
2382 3377 2409 3428 ὁ
2437 3374 2649 3444 τεχθεὶς
2679 3375 2739 3440 ἐξ
2775 3373 2948 3443 αὐτῆς
3000 3372 3231 3443 Ἰησοῦς.

2353 3468 2413 3520 ε’.
2461 3468 2584 3531 Πῶς
2612 3469 2749 3538 γάρ;
2778 3469 2914 3520 ὅπου
2942 3467 3035 3519 καὶ
3067 3467 3174 3537 πρὸ
3202 3467 3301 3537 τῆς
3335 3469 3628 3538 ἐπιδημίας
3645 3484 3891 3538 γεγενη-

2285 3561 2443 3630 μένα,
2469 3564 2533 3630 τῇ
2561 3560 2748 3612 τούτου
2785 3560 3038 3629 ἐνεργείᾳ
3067 3561 3159 3612 καὶ
3191 3560 3412 3629 ἐξουσίᾳ.
3446 3563 3479 3628 ὴ
3507 3560 3625 3612 θεία
3662 3577 3888 3630 προσα-

2281 3652 2507 3720 ναφέρει
2535 3652 2725 3721 Γραφή
2748 3668 2760 3681 ’
2796 3651 2889 3703 καὶ
2913 3651 3044 3718 γοῦν
3088 3650 3289 3713 Ἰούδας
3323 3654 3350 3704 ὁ
3388 3652 3660 3722 μακάριος
3690 3651 3890 3723 μαθη-

2280 3743 2376 3811 τὴς
2433 3742 2832 3811 μεγαλοφώνως
2869 3745 3001 3813 ἡμῖν
3039 3744 3134 3813 τὴν
3174 3745 3428 3815 τοιαύτην
3490 3745 3888 3816 παραδέδωκεν

2281 3836 2460 3885 πίστιν
2485 3850 2498 3863 ·
2536 3834 2643 3886 τῶν
2677 3834 2784 3905 γὰρ
2818 3836 2923 3904 πρὸ
2952 3835 3160 3889 πολλῶν
3185 3837 3384 3905 γενεῶν
3416 3839 3515 3908 τῆς
3563 3840 3625 3891 ὲκ
3654 3841 3888 3910 Παρθέ-

2281 3944 2371 3978 νου
2405 3927 2632 3997 προόδου
2663 3931 3032 3998 μεμνημένος,
3064 3930 3206 3983 οὕτω
3238 3931 3435 4001 φησίν·
3474 3953 3490 3982 ι
3527 3932 3886 4004 ’Υπομνῆσαι

2279 4020 2336 4071 δὲ
2371 4021 2514 4088 ὑμᾶς
2551 4018 2834 4088 βούλομαι,
2873 4021 3083 4083 εἰδότας
3132 4022 3368 4091 ᾂπαντα,
3413 4025 3495 4076 ὅτι
3540 4025 3744 4095 Ἰησοῦς
3788 4025 3882 4097 (Ι)

2278 4109 2402 4161 λαὸν
2439 4112 2503 4161 ὲκ
2529 4109 2632 4178 γῆς
2667 4109 2945 4178 Αἰγύπτου
2977 4112 3177 4179 σώσας,
3216 4116 3279 4167 τὸ
3323 4101 3576 4185 δεύτερον
3619 4119 3748 4180 τοὺς
3794 4122 3884 4189 μὴ

2280 4203 2680 4264 πιστεύσαντας
2713 4203 3027 4255 ἀπώλεσεν·
3063 4206 3328 4273 ἀγγέλους
3363 4225 3422 4259 τε
3444 4209 3570 4271 τοὺς
3599 4208 3672 4278 μὴ
3697 4213 3889 4280 τηρή-

2282 4311 2481 4356 σαντας
2524 4295 2622 4364 τὴν
2655 4293 2865 4347 ἑαυτῶν
2898 4295 3096 4366 ἀρχὴν,
3141 4296 3277 4349 ἀλλὰ
3315 4298 3765 4370 ἀπολ[ε]ιπόντας
3811 4304 3888 4357 τὸ

2282 4387 2411 4440 ἴδιον
2447 4388 2790 4458 οἰκητήριον,
2820 4391 2899 4451 εἰς
2926 4391 3108 4459 κρίσιν
3136 4391 3378 4462 μεγάλης
3415 4395 3626 4465 ἡμέρας
3650 4394 3888 4464 δεσμοῖς

581 4479 848 4548 judicium
885 4475 1065 4545 magni
1110 4475 1239 4539 diei,
1280 4471 1511 4525 vinculis
1559 4471 1777 4525 aeternis
1803 4470 1904 4524 sub
1943 4470 2174 4538 caligine

2284 4477 2472 4541 ἀϊδίοις
2499 4479 2603 4532 ὑπὸ
2629 4479 2790 4549 ζόφον
2817 4483 3140 4551 τετήρηκεν.
3167 4503 3184 4533 ι
3223 4483 3284 4536 Εἰ
3325 4485 3380 4536 δὲ
3411 4485 3693 4556 ἄνθρωπον
3716 4488 3890 4556 ψιλὸν

589 4573 883 4629 reservavit
909 4572 976 4623 ".
1005 4587 1022 4620 ›
1062 4567 1212 4633 Quod
1245 4566 1288 4620 si
1340 4563 1642 4632 simplicem
1694 4563 1966 4616 hominem
2016 4563 2172 4617 beata

592 4665 754 4732 Virgo
787 4658 1310 4731 peperissetJesutn,
1341 4655 1483 4709 hunc
1513 4663 1693 4707 autem
1723 4653 1856 4706 dicit
1880 4652 2173 4721 discipulus

587 4761 652 4809 de
685 4754 1063 4823 Egyptiorum
1107 4764 1265 4802 manu
1313 4742 1570 4798 lsraelem
1620 4742 1953 4804 liberavisse,
1997 4757 2170 4811 p0pu-

588 4855 805 4916 lutnque
835 4861 931 4915 per
960 4847 1235 4898 desertum
1268 4840 1594 4903 duclavisse,
1638 4839 1766 4908 quin
1802 4847 1857 4893 et
1893 4846 2172 4907 portento-

656 5025 698 5054 "
734 5023 840 5077 Tit.
873 5037 931 5086 ι’,
970 5023 1049 5075 ἱὸε
1124 5020 1168 5050 ’⁸⁸
1202 5017 1367 5072 lCor.
1416 5033 1472 5078 ll,
1509 5017 1560 5069 8.
1641 5016 1683 5046 ⁸⁹
1727 5017 1848 5068 .lnd.
1883 5022 1935 5068 υ.

657 5200 733 5268 (l)
774 5196 1177 5268 Animadverte
1204 5197 1438 5268 primum
1488 5194 1642 5268 citari
1669 5209 1722 5268 _a
1763 5193 1962 5268 Cyrillo
1996 5191 2165 5268 _Jnd:e

587 5262 908 5339 Ep'is'tolam,
964 5262 1288 5339 quodwl'aeit
1323 5266 1504 5339 etiam
1555 5267 1608 5317 in
1658 5262 2067 5339 Prosphonetico
2098 5263 2164 5313 ad

591 5332 1055 5405 'l‘lteodosiunt,—p.
1105 5337 1191 5390 77.
1245 5335 1445 5389 Deinde
1502 5350 1597 5402 pro
1651 5335 1928 5405 communi
1980 5332 2166 5405 Graeca

590 5412 820 5465 lectione
854 5402 1078 5478 Κύριος,
1119 5409 1345 5460 observa
1394 5405 1714 5478 voc‘aliulum
1757 5402 1983 5478 Ἰησοῦς,
2021 5403 2162 5478 quod

591 5485 750 5535 habet
781 5472 966 5545 reapse
991 5479 1234 5545 vulgatus
1266 5487 1462 5545 noster_
1482 5476 1724 5534 Latinus,
1762 5472 2090 5545 sullragante
2113 5473 2160 5545 ei

591 5568 711 5602 cum
742 5543 942 5620 Cyl-Illo
990 5543 1388 5620 etiannucodicc
1563 5545 1910 5620 principehae
1954 5543 2162 5620 celebri

594 5610 870 5683 Vaticano,
893 5630 947 5673 et
977 5618 1247 5671 nonnullis
1270 5616 1390 5670 aliis
1411 5615 1504 5669 Gr.
1540 5610 1679 5684 apud
1711 5616 1775 5666 cl.
1807 5610 2160 5684 Sehollziutn,

594 5691 760 5745 Porro
793 5691 833 5744 si
858 5682 985 5742 Jesu
1031 5703 1124 5756 pro
1151 5687 1332 5750 Josue,
1365 5698 1422 5738 ut
1465 5682 1700 5756 nonnulli
1727 5682 2164 5756 _ex_istimantpo-

596 5764 757 5824 nitur,
800 5761 842 5817 is
881 5752 1097 5826 quidem
1151 5761 1276 5821 dux,
1318 5759 1482 5826 lignrn
1529 5754 1735 5811 Domini
1770 5752 1894 5808 Jesu
1939 5755 2165 5809 creticu-

2280 4569 2465 4623 έτεκεν
2502 4573 2534 4641 ὴ
2571 4574 2817 4642 μακαρία
2858 4575 3134 4644 Παρθένος
3180 4577 3270 4629 τὸν
3322 4578 3550 4647 Ἰησοῦν,
3591 4579 3785 4634 τοῦτον
3815 4583 3890 4638 δέ

2282 4679 2446 4730 φησιν
2477 4663 2504 4714 ό
2534 4663 2803 4733 μαθητὴς,
2829 4665 2926 4733 τῆς
2949 4665 3264 4732 Αἰγυπτίων
3304 4666 3485 4736 χειρὸς
3516 4667 3607 4720 τὸν
3653 4669 3890 4741 Ἰσραὴλ

2280 4753 2747 4824 ἐλευθερώσαντα,
2796 4755 2889 4807 καὶ
2928 4756 3232 4824 ἡγούμενον
3270 4757 3364 4809 τοῦ
3419 4757 3549 4812 λαοῦ
3594 4761 3736 4814 κατὰ
3774 4761 3891 4834 τὴν

2281 4840 2506 4911 ἔρημον,
2527 4842 2584 4906 ὃς
2603 4843 2824 4897 καὶτῶν
2843 4842 3226 4916 τεραστ[ε]ίων
3247 4847 3491 4900 ἐπετέλει
3507 4848 3571 4902 τὰ
3592 4848 3885 4920 θαύματα,

2275 5191 2373 5274 dus
2405 5205 2506 5245 est.
2553 5192 2868 5274 Quanquam
2913 5209 3104 5274 reapse
3145 5197 3379 5274 Moyses,
3411 5215 3514 5255 non
3541 5201 3738 5274 VJosue.
3775 5222 3850 5274 po

2277 5266 2458 5338 pulum
2494 5277 2555 5316 ex
2600 5261 3105 5338 ngypto_et'ipuil;
3162 5261 3437 5338 multoque
3481 5273 3658 5327 minus
3700 5261 3879 5333 Ιοξιιε

2281 5334 2506 5385 rebelles
2537 5338 2763 5413 angelos
2789 5336 3090 5413 adui-ttl'erus
3133 5334 3382 5413 detrusii.
3416 5340 3637 5397 Plurimi
3676 5345 3879 5413 igitur,

2275 5413 2502 5478 utnunc
2529 5406 2689 5478 etiam
2714 5404 2980 5478 _Cyri|lns,
3011 5418 3157 5478 re_clo
3189 5424 3247 5462 ac
3283 5412 3559 5478 pritnitivo
3585 5404 3750 5467 sensu
3780 5404 3876 5469 in;

2277 5473 2663 5552 telligluntnbic
2714 5474 3014 5552 Dominum
3053 5473 3402 5552 Je_s_utn,'qui
3449 5483 3624 5551 angeli
3678 5490 3871 5552 specie

2275 5544 2468 5620 populo
2525 5541 2748 5620 llcbrmo
2806 5546 2914 5597 dux
2947 5546 3065 5599 fuit.
3113 5541 3474 5619 Nisi-potius,
3522 5541 3670 5620 quod
3706 5541 3875 5610 lideni

2275 5612 2674 5696 quodammodo
2710 5623 3157 5696 esu-personam
3199 5612 3388 5677 :etérni
3437 5612 3595 5678 Verbi
3643 5626 3878 5696 angelus

2276 5687 2379 5734 dux
2426 5684 2875 5751 repraesentabat.
