4040 6424
119 370 207 425 εει

1235 357 1426 423 QUOD
1462 356 1521 409 Β.
1566 349 1782 409 ΜΑΒΙΛ
1824 350 1931 408 SIT
1974 347 2266 405 DEIPARA

3269 341 3306 401 2
3315 343 3385 398 62

121 489 216 559 πρὸ
241 485 533 540 τοσούτων
565 482 772 553 γενεῶν
816 483 914 551 τῆς
961 483 1023 533 ἐκ
1059 477 1335 548 Παρθένου
1365 478 1672 546 γεννήσεως
1693 492 1706 506 ·

1817 488 1933 527 rum
1969 472 2228 527 miracula
2262 480 2338 525 tot
2364 478 2487 524 ante
2514 469 2846 524 nativitatem
2869 483 2936 522 ex
2965 466 3180 537 Virgine
3208 471 3386 524 aetati-

117 577 212 632 ποῦ
239 578 440 630 τοῦτον
463 577 576 646 ἄρα
606 575 729 628 κατ’
763 572 1009 634 ἐκείνους
1034 569 1158 634 τοὺς
1191 569 1414 640 χρόνους
1452 567 1716 636 ὑπάρχειν

114 669 380 723 δώσουσιν
404 684 420 732 ;
449 667 584 719 πότε
602 665 657 718 δέ
674 665 772 734 τῆς
791 663 1059 731 γενέσεως
1089 660 1189 732 τὴν
1217 659 1390 731 ἀρχὴν
1415 657 1712 728 ἐσχηκότας

117 757 314 812 Οὐκέτι
346 756 464 827 γὰρ
499 756 689 818 αὐτοῖς
719 754 877 823 λόγος
913 753 1262 822 συγχωρήσει
1293 748 1491 817 λέγειν,
1526 748 1590 800 ἐκ
1616 746 1716 816 τῆς

117 849 465 920 παρθενικῆς
509 846 744 916 προόδου
788 846 889 917 τὴν
920 845 1093 917 ἀρχὴν
1122 841 1216 896 τοῦ
1249 834 1389 894 εῖναι
1433 837 1713 908 εἰληφότα.

115 939 547 992 Διδασκέτωσαν
571 937 757 990 τοίνυν
787 939 836 989 οἱ
859 936 968 988 τῶν
995 933 1180 987 κακῶν
1208 931 1498 1002 ἐφευρεταὶ
1520 929 1718 999 δογμά-

115 1047 242 1092 των,
279 1029 422 1081 πότε
445 1029 552 1098 τῆς
582 1027 856 1095 γενέσεως
883 1026 980 1096 τὴν
1005 1025 1178 1096 ἀρχὴν
1201 1039 1354 1085 ουτος
1376 1025 1403 1075 6
1433 1021 1716 1092 ἄνθρωπος

115 1122 393 1191 ἔσχηκεν,
431 1119 540 1172 ποῦ
574 1120 631 1172 δέ
662 1119 757 1173 καὶ
790 1119 848 1170 ἐν
874 1119 1015 1171 τίσιν
1043 1116 1150 1186 ἄρα
1190 1114 1414 1167 διετέλει
1443 1110 1716 1173 τοσούτοις

114 1209 320 1261 ἐτεσιν.
363 1207 510 1261 Ἀλλ’
544 1208 646 1260 οὐκ
681 1208 762 1259 ἔτι
795 1206 986 1259 τοῦτον
1022 1206 1307 1276 ἄνθρωπον
1337 1201 1474 1255 εἶναι
1515 1201 1622 1254 τῶν
1656 1196 1713 1253 εὖ

115 1300 476 1370 φρονούντων
511 1313 599 1362 τις
631 1301 770 1370 ἐρεῖ,
823 1298 882 1362 ὃς
932 1299 1025 1351 καὶ
1057 1300 1168 1360 τοῖς
1200 1294 1343 1349 κατὰ
1388 1295 1449 1348 τὸ
1488 1293 1716 1347 παλαιὸν

114 1393 537 1460 ἁμαρτήσασιν,
562 1390 740 1442 καὶτὸ
762 1389 893 1441 ἴδιον
915 1385 1355 1458 ἀπολ[ε]ιποῦσιν
1376 1385 1714 1453 οἰκητήριον,

115 1484 176 1533 ἐκ
213 1482 344 1534 τότε
387 1481 497 1543 τὰς
545 1482 819 1551 τιμωρίας
872 1479 1091 1550 ὥρισεν,
1145 1479 1238 1529 καὶ
1277 1479 1376 1547 τῆς
1404 1475 1715 1542 Αἰγυπτίων

113 1573 298 1642 χειρὸς
355 1572 580 1643 Ἰσραὴλ
614 1573 841 1638 ἐνδόξως
868 1572 1120 1642 ἐρύσατο.
1157 1572 1219 1623 El
1244 1569 1424 1622 τοίνυν
1451 1568 1592 1621 κατὰ
1615 1566 1714 1637 τὴν

111 1663 295 1716 αὐτῶν
328 1662 573 1728 ἔκδοσιν,
606 1663 729 1715 οῦτε
758 1665 787 1715 6
821 1663 952 1726 Θεὸς
981 1663 1151 1731 Λόγος
1185 1661 1526 1714 ὑπονοεῖσθαι
1555 1659 1714 1712 δύνα-

111 1770 224 1816 ται,
256 1754 349 1806 διὰ
381 1754 446 1806 τὺ
471 1754 562 1806 τὸν
590 1754 653 1804 ἐκ
685 1754 784 1823 τῆς
824 1753 1102 1822 Παρθένου
1141 1750 1401 1821 τεχθέντα
1448 1745 1584 1803 εἷναι
1623 1749 1715 1802 τὸν

1820 566 1922 620 bus
1947 565 2266 634 patravisse,
2299 563 2515 618 ubinam
2532 563 2676 616 hunc
2718 562 3045 630 temporibus
3091 562 3195 616 illis
3221 565 3389 620 exsti-

1821 657 1951 712 tisse
1993 655 2336 710 concedent?
2387 657 2654 708 undenam
2710 667 2887 709 autem
2926 657 3227 712 nativitatis
3279 675 3388 714 sua:

1823 747 2088 815 originem
2115 746 2383 800 traxisse?
2407 745 2590 815 Neque
2616 744 2760 800 enim
2793 747 2921 815 ipsis
2950 749 3089 802 ratio
3115 752 3390 817 permittet

1817 836 1999 892 dicere
2026 838 2172 890 illum
2196 852 2258 891 ex
2290 835 2511 905 Virgine
2535 837 2746 891 initium
2765 838 3054 893 exsistendi
3075 842 3385 910 sumpsisse.

1821 927 2208 982 Demonstrent
2262 927 2456 998 Iud
2506 928 2688 996 itaque
2735 943 3026 996 pravorum
3079 932 3388 1002 dogmatunt

1819 1018 2152 1081 inventores,
2178 1018 2320 1072 unde
2353 1029 2506 1074 ortus
2535 1020 2616 1074 sui
2643 1021 2961 1091 principium
2993 1022 3081 1078 hic
3106 1024 3265 1078 homo
3291 1027 3389 1080 ha-

1818 1109 2035 1171 buerit;
2073 1109 2290 1162 ubinam
2336 1109 2598 1178 quibusve
2642 1110 2696 1164 in
2740 1110 2872 1165 locis
2903 1121 2980 1166 tot
3017 1115 3172 1169 annis
3217 1115 3302 1170 hic
3333 1130 3392 1170 se

1819 1200 2169 1254 continuerit.
2218 1199 2322 1254 Sed
2363 1201 2473 1269 jam
2521 1214 2679 1255 nemo
2724 1217 2888 1257 sanus
2923 1203 3064 1258 hunc
3111 1205 3254 1261 dicet
3295 1207 3393 1262 ho-

1819 1291 2040 1357 minem,
2072 1291 2244 1359 quiet
2284 1291 2409 1344 olim
2456 1294 2804 1360 peccantibus
2849 1310 3113 1364 suumque
3166 1299 3392 1353 domicio

1818 1382 1946 1436 lium
1974 1383 2346 1436 deserentibus
2374 1396 2560 1450 positas
2582 1383 2902 1448 decreverit,
2934 1396 2985 1438 et
3014 1401 3077 1438 ex
3115 1387 3394 1458 Aﬁgyptio-

1819 1490 1938 1528 rum
1966 1491 2124 1528 manu
2154 1475 2407 1530 Israelem
2437 1477 2718 1545 Splendide
2745 1479 3030 1546 eripuerit.
3065 1479 3120 1533 Si
3142 1497 3278 1549 ergo
3305 1498 3392 1538 se-

1819 1566 2050 1621 cundum
2077 1567 2313 1633 ipsorum
2336 1568 2762 1629 concessionem,
2793 1583 2964 1638 neque
2994 1569 3134 1626 Deus
3156 1570 3390 1628 Verbum

1819 1657 1965 1714 credi
1992 1666 2166 1727 potest
2194 1656 2369 1724 Jesus,
2397 1669 2616 1727 propter
2642 1661 2756 1727 ejus
2782 1676 2846 1714 ex
2879 1661 3100 1732 Virgine
3133 1666 3393 1721 nativita-

1820 1760 1963 1815 tem;
2003 1766 2176 1819 neque
2209 1766 2398 1804 rursus
2448 1751 2609 1804 homo
2639 1766 2761 1806 esse
2791 1764 2964 1821 potest
3001 1757 3092 1824 qui
3129 1758 3393 1827 ejusmodi

125 1841 366 1913 Ἰησοῦν,
402 1843 534 1896 οὔτε
557 1843 848 1915 ἄνθρωπος
889 1843 1051 1895 πάλιν
1093 1845 1121 1894 6
1167 1840 1340 1893 ταῦτα
1374 1839 1706 1908 θαυματουρε

1820 1840 2063 1909 prodigia
2098 1842 2331 1894 ediderit
2363 1841 2598 1910 (ctenim
2636 1843 2702 1896 ab
2737 1843 2971 1898 hominis
3009 1856 3199 1901 natura
3232 1859 3284 1903 et
3317 1849 3395 1902 fa-

111 1934 289 2000 γήσας
351 1933 531 2002 (ξένα
581 1932 692 2001 γὰρ
743 1934 840 2002 τῆς
897 1931 1184 2002 ἀνθρώπου
1239 1931 1453 1999 φύσεώς
1503 1947 1563 1983 τε
1618 1931 1712 1984 καὶ

108 2024 403 2093 δυνάμεως
436 2026 508 2077 τά
541 2026 914 2096 προειρημένα
948 2023 1324 2093 καθέστηκεν),
1365 2023 1486 2076 τίνα
1529 2021 1713 2075 λοιπὸν

110 2115 411 2182 ἐπινοῆσαι
435 2115 629 2168 ούσίαν
661 2115 838 2185 τούτῳ
865 2115 959 2168 καὶ
987 2115 1140 2179 τάξιν
1173 2115 1492 2185 δυνήσονται
1521 2131 1536 2179 ;

182 2207 258 2270 ς’.
309 2207 463 2259 Ἀλλ’
489 2209 654 2276 ἡμεῖς
677 2206 747 2258 τὰ
767 2205 971 2258 τούτων
1001 2207 1219 2275 ῥήματα
1238 2204 1508 2273 τοσαύτης
1531 2204 1714 2266 ἀνοίας

109 2296 205 2346 καὶ
259 2294 705 2364 παραφροσύνης
742 2295 978 2364 ὁρῶντες
1028 2294 1223 2364 μεστὰ,
1271 2294 1368 2347 κα)⁵
1408 2289 1605 2363 οἷάπερ
1653 2294 1710 2343 ἐν

110 2385 306 2448 ὕπνοις
337 2388 439 2438 καὶ
477 2385 618 2456 μέθῃ
646 2386 784 2456 πρὸς
819 2386 998 2438 αὐτῶν
1030 2385 1319 2456 λεγόμενα,
1366 2384 1576 2446 τούτοις
1611 2384 1710 2453 μὲν

109 2477 252 2530 κατά
288 2477 394 2545 τὴν
429 2475 527 2528 τοῦ
564 2477 824 2549 Σωτῆρος
858 2476 1092 2547 ἐροῦμεν
1128 2475 1347 2545 φωνήνο
1384 2493 1401 2525 ι
1427 2475 1710 2528 Πλανᾶσθε

113 2569 186 2638 μὴ
213 2569 432 2630 εἰδότες
461 2567 563 2628 τὰς
588 2568 830 2638 Γραφὰς,
857 2566 990 2636 μηδέ
1012 2567 1108 2635 τὴν
1129 2566 1358 2635 δύναμιν
1385 2566 1479 2619 τοῦ
1507 2565 1640 2620 Θεοῦ
1659 2584 1705 2619 ἰ

108 2661 186 2711 διὸ
213 2660 281 2729 δὴ
317 2659 604 2728 ἐκνήψατε
635 2657 880 2723 δικαίως,
911 2657 1002 2709 καὶ
1033 2658 1106 2726 μὴ
1141 2658 1507 2728 ἁμαρτάνετε,
1538 2660 1713 2727 ἀγνωο

111 2751 228 2802 σίαν
255 2748 406 2802 Θεοῦ
441 2749 524 2810 εἰς
548 2747 803 2799 τοσοῦτον
836 2747 1195 2817 νοσήσαντες’
1231 2747 1404 2817 ὀρθῶς
1437 2748 1493 2800 δέ
1527 2749 1706 2813 πάλιν,

108 2843 201 2895 καὶ
261 2841 346 2903 ὡς
403 2839 838 2911 προαποδέδοται
880 2837 981 2907 τῆς
1033 2838 1278 2902 ἐνώσεως
1317 2839 1563 2903 νοοῦντες
1610 2841 1707 2911 τὴν

108 2933 285 2996 ἄξειν,
321 2929 466 2982 Θεὸν
518 2945 581 2981 τε
638 2928 725 2981 ἀεὶ
753 2927 882 2980 ὄντα
938 2927 1154 2994 τοῦτον,
1196 2929 1484 2997 γενόμενον
1513 2929 1568 2981 δὲ
1620 2931 1707 2982 ἐπ’

108 3023 364 3092 ἐσχάτων
396 3019 502 3072 καὶ
546 3018 836 3089 ἄνθρωπον
877 3019 1266 3088 ἐπιστάμενοι,
1301 3020 1574 3088 ἀτρέπτου
1613 3022 1707 3074 καὶ

109 3111 486 3167 ἀναλλοιώτου
524 3108 894 3178 φυλαχθείσης
924 3109 1088 3162 αὐτοῦ
1114 3109 1214 3179 τῆς
1244 3110 1517 3180 θεότητος,
1541 3113 1703 3164 αὑτὸν

1816 1929 2020 1986 cultate
2045 1945 2164 2000 qua:
2197 1945 2356 1999 supra
2385 1932 2621 1986 diximus
2647 1932 3217 2005 abhorrent),qualem
3245 1941 3396 1994 deni-

1813 2037 1920 2092 que
1949 2033 2205 2093 poterunt
2236 2024 2394 2092 hujus
2423 2038 2543 2080 esse
2567 2023 2926 2081 substantiam
2957 2039 3012 2084 et
3033 2032 3394 2088 conditionem

1813 2115 2168 2169 existimare?

1884 2203 1936 2258 6.
1981 2204 2086 2258 Sed
2110 2206 2253 2259 enim
2289 2221 2386 2260 nos
2415 2206 2606 2261 horum
2638 2208 2800 2262 verba
2829 2211 2964 2265 adeo
2988 2213 3269 2269 dementia:
3301 2219 3395 2271 de-

1810 2293 2029 2362 liriique
2077 2297 2233 2364 plena
2281 2308 2590 2364 cernentes,
2628 2314 2691 2353 ac
2733 2301 2898 2355 veluti
2932 2317 2961 2354 a
3003 2305 3397 2360 somniantibus

1812 2383 2149 2452 ebriosisque
2196 2393 2472 2449 ernctata,
2518 2388 2602 2442 his
2633 2388 2785 2454 juxta
2833 2390 3143 2446 Servatoris
3175 2392 3394 2447 effatum

1811 2473 2055 2526 dicemus
2081 2491 2094 2526 :
2126 2491 2144 2524 ι
2168 2475 2400 2540 Erratis,
2421 2477 2729 2531 nescientes
2754 2478 3070 2548 Scripturas
3095 2498 3267 2551 neque
3290 2486 3397 2538 vir-

1815 2573 1981 2617 tutem
2018 2563 2112 2618 Dei
2136 2565 2204 2616 ⁸ο.
2241 2584 2258 2616 ι
2297 2565 2420 2621 Ideo
2453 2577 2510 2620 ut
2541 2583 2638 2636 par
2664 2579 2746 2622 est
2783 2571 3049 2626 edormite
3093 2576 3392 2645 crapulam,

1812 2666 1868 2709 et
1897 2655 2063 2709 nolite
2100 2670 2346 2724 peccare,
2386 2668 2528 2712 tanta
2562 2659 2636 2713 rei
2669 2660 2866 2715 divina:
2901 2663 3206 2731 ignorantia
3249 2667 3396 2724 labo-

1812 2755 2013 2799 rantes.
2045 2746 2151 2800 Sed
2190 2757 2334 2800 reete
2377 2749 2579 2815 potius,
2617 2760 2787 2820 atque
2818 2762 2874 2807 ut
2907 2754 3017 2823 jam
3055 2757 3398 2814 demonstra-

1812 2847 1921 2889 tum
1969 2852 1998 2888 a
2049 2838 2204 2890 nobis
2243 2837 2360 2900 fuit,
2406 2839 2751 2895 adunationis
2797 2843 3025 2911 gloriam
3069 2849 3392 2917 cogitantes;

1811 2928 1950 2981 hunc
1983 2938 2037 2981 et
2077 2928 2244 2982 Deum
2272 2944 2486 2997 semper
2512 2930 2698 2997 fuisse,
2726 2943 2779 2986 et
2811 2945 3085 3002 postremo
3121 2940 3392 2996 hominem

1807 3033 2022 3088 quoque
2069 3019 2269 3074 factum
2319 3033 2716 3090 agnoscentes,
2767 3025 2838 3078 ita
2887 3035 3069 3081 tamen
3121 3039 3177 3083 ut
3227 3030 3396 3098 ipsius

1808 3111 2189 3166 invertibiliter
2245 3121 2300 3166 et.
2366 3115 2773 3170 immutabiliter
2825 3131 3146 3175 conservata
3219 3126 3392 3178 deitas

107 3207 200 3258 καὶ
229 3205 358 3257 τότε
399 3201 506 3269 τῆς
538 3200 598 3265 ἐξ
636 3199 914 3267 Αἰγύπτου
960 3200 1180 3271 πορείας
1213 3200 1305 3253 τοῦ
1349 3200 1564 3272 Ἰσραὴλ
1596 3202 1706 3254 Σω-

1811 3201 2002 3268 fuerit,
2040 3204 2290 3257 eumdem
2331 3214 2384 3258 et
2432 3213 2559 3260 tune
2605 3208 2817 3261 lsraelis
2866 3223 2930 3262 ex
2961 3211 3197 3283 IEgypto
3231 3229 3393 3271 exce-

107 3301 247 3368 τῆρα
277 3293 674 3363 πιστεύωμεν·
719 3292 806 3344 ἀεὶ
843 3292 942 3362 μὲν
970 3292 1063 3345 τοῦ
1094 3293 1305 3363 "amb;
1345 3293 1471 3345 ὄντα
1512 3294 1702 3359 Λόγον’

107 3390 198 3442 καὶ
233 3387 378 3456 φῶς,
410 3385 512 3438 καὶ
537 3383 903 3453 ἀπαύγασμα,
931 3384 1021 3435 καὶ
1047 3383 1145 3453 τῆς
1181 3382 1515 3453 θεοπρεποῦς
1549 3382 1704 3454 δόξης

103 3478 202 3546 τὴν
231 3474 573 3528 δυναστείαν
598 3473 827 3542 ἔχοντα·
863 3471 943 3522 διὸ
975 3470 1036 3542 δὴ
1069 3472 1163 3524 καὶ
1203 3472 1386 3540 ἔλεγεν
1415 3472 1492 3542 τῷ
1523 3490 1704 3542 μακα-

112 3570 207 3638 ρίῳ
242 3569 467 3636 Μωῦσῇ
492 3583 504 3595 ·
547 3583 566 3614 ι
599 3562 743 3630 Ἐγώ
771 3565 899 3631 εἰμι.
920 3565 947 3615 ὁ
974 3562 1108 3615 ὤν’»
1149 3566 1262 3628 καὶ,
1305 3585 1323 3615 ι
1349 3564 1490 3633 Ἐγὼ
1515 3568 1541 3618 ὁ
1573 3567 1705 3630 Θεὸς

121 3661 397 3731 Ἀϐραὰμ,
425 3657 524 3710 καὶ
544 3656 678 3718 Θεὸς
711 3653 916 3716 Ἰσαὰκ,
945 3654 1028 3706 καὶ
1057 3656 1190 3717 Θεὸς
1227 3656 1421 3708 Ἰακώϐ
1443 3673 1455 3685 ·
1480 3676 1498 3709 ι
1529 3659 1628 3728 τὴν
1649 3660 1705 3712 δὲ

106 3753 196 3804 τοῦ
228 3749 367 3804 Υίοῦ
399 3745 784 3820 προσηγορίαν
823 3732 1202 3816 προσλαϐόντα
1243 3748 1340 3817 μὲν
1372 3748 1460 3800 ὅτε
1483 3748 1704 3817 γέγονεν

109 3844 426 3913 ἄνθρωπος,
459 3841 567 3910 τῆς
596 3839 653 3892 δέ
684 3838 935 3899 ἐνώσεως
969 3839 1148 3907 χάριν,
1185 3841 1277 3891 καὶ
1325 3839 1412 3892 διὰ
1442 3841 1501 3892 τὸ
1541 3842 1704 3894 αὐτὸν

109 3934 400 4003 ἄνθρωπον
443 3928 804 3997 γεγενῆσθαι,
826 3925 942 3980 ἀλλ’
971 3927 1069 3980 οὐκ
1106 3930 1162 3980 ὲν
1204 3927 1474 3999 ἀνθρώπῳ
1501 3931 1705 4000 ἐνῳκη-

108 4026 256 4078 κὲναι
279 4042 292 4055 ο
323 4025 424 4075 καὶ
459 4020 531 4073 τὰ
567 4020 713 4085 τότε,
745 4019 938 4072 καὶτὰ
984 4018 1076 4072 νῦν
1125 4021 1190 4089 τῇ
1229 4019 1403 4090 Ἰησοῦ
1451 4022 1543 4073 καὶ
1577 4023 1704 4090 Χρι-

109 4116 228 4172 στοῦ
272 4113 636 4186 προσηγορίᾳ
679 4110 993 4172 ἀκολούθως
1039 4112 1142 4165 ὑπὸ
1193 4113 1294 4182 τῆς
1343 4112 1700 4169 θεοπνεύστου

110 4209 332 4278 Γμιφῆς
363 4206 760 4274 δοξαζόμενον.

172 4304 234 4363 ζ’.
275 4301 393 4352 Καὶ
439 4297 573 4365 γοῦν
629 4299 730 4369 τὴν
780 4301 1035 4370 τοιαύτην
1078 4299 1334 4352 ὑπόθεσιν
1388 4301 1559 4366 ἔξεστι
1612 4302 1701 4354 διὰ

110 4393 373 4444 πλειόνων
406 4390 637 4460 θεωρεῖν
675 4391 781 4443 ὑπὸ
815 4391 925 4444 τῶν
954 4392 1128 4458 ἁγίων·
1162 4395 1576 4462 κηρυττομένην
1609 4394 1701 4445 ἁν-

1809 3291 1988 3346 dentis
2041 3293 2386 3348 Servatorem
2457 3295 2781 3360 credamus,
2842 3311 3162 3369 semperque
3218 3303 3395 3359 Patris

1809 3381 2045 3436 Verbum
2081 3385 2266 3448 fuisse,
2301 3386 2480 3441 lumen
2515 3396 2679 3457 atque
2721 3390 3085 3458 splendorem,
3126 3403 3181 3447 et
3220 3395 3394 3465 dignae

1808 3473 1918 3530 Deo
1950 3476 2137 3546 gloriae
2180 3486 2495 3545 potestatem
2549 3481 2788 3535 tenuisse
2822 3497 2837 3534 :
2875 3483 3106 3552 ideoque
3147 3497 3200 3541 ct
3235 3489 3393 3544 beato

1810 3567 1977 3638 Moysi
2005 3570 2220 3624 dicebat
2252 3587 2265 3622 :
2301 3588 2318 3616 ι
2351 3569 2463 3640 Ego
2485 3587 2601 3626 smn
2628 3574 2718 3642 qui
2745 3589 2861 3628 sum
2887 3575 2961 3640 ἰς
2998 3596 3016 3628 ι
3043 3587 3096 3631 et
3129 3593 3227 3650 ego
3252 3581 3393 3638 Deus

1806 3658 2121 3720 Abrahami,
2147 3667 2200 3713 et
2224 3658 2364 3714 Deus
2392 3661 2584 3728 Isaaci,
2619 3672 2672 3716 et
2701 3663 2842 3719 Deus
2863 3664 3048 3722 Jacobi
3073 3670 3116 3699 ⁵¹
3149 3692 3159 3724 ;
3188 3679 3237 3724 et
3270 3671 3392 3729 Filii

1807 3749 2021 3817 quidem
2050 3764 2243 3804 nomen
2270 3760 2398 3805 tunc
2427 3753 2722 3820 sumpsisse
2745 3769 2865 3807 cum
2901 3756 3076 3812 factus
3098 3771 3178 3814 est
3207 3764 3392 3831 homo,

1808 3842 2149 3896 adunationis
2195 3843 2386 3911 gratia,
2427 3853 2481 3897 et
2533 3845 2657 3913 quia
2698 3846 2990 3901 humanam
3024 3853 3391 3911 conditionem

1807 3933 2134 4000 assumpsit,
2191 3949 2296 3987 non
2341 3935 2392 3987 in
2437 3936 2653 3992 homine
2709 3938 2970 3993 habitavit
3015 3961 3029 3994 :
3081 3953 3133 3997 ct
3172 3945 3298 4000 olim
3340 3959 3394 4002 et

1807 4039 1952 4079 nunc
1973 4026 2072 4078 sub
2111 4022 2241 4078 Jesu
2282 4025 2598 4096 Christique
2647 4031 3003 4098 appellatione
3026 4035 3092 4089 ab
3132 4036 3391 4106 inspirata

1806 4118 2065 4172 divinitus
2103 4118 2384 4189 Scriptura
2421 4131 2783 4178 consectanee
2812 4124 3123 4193 gloriﬁcari.

1881 4293 1930 4347 7.
1973 4294 2148 4362 Atque
2176 4294 2278 4347 hoc
2313 4301 2691 4362 argumentum
2724 4293 2968 4361 pluribus
2998 4297 3178 4353 verbis
3209 4301 3392 4356 videre

1807 4384 1931 4439 licet
1958 4400 1986 4438 ιι
2007 4386 2212 4438 sanctis
2233 4385 2364 4439 viris
2392 4385 2777 4454 praedicatum;
2811 4384 3044 4444 Ieremia
3068 4391 3281 4455 quidem
3309 4394 3392 4447 di-

106 4485 242 4555 δρῶν
267 4501 280 4514 ·
313 4482 414 4536 τοῦ
467 4483 564 4552 μέν
614 4483 888 4552 Ἰερεμίου
922 4483 1219 4554 διαρρήδην
1252 4483 1513 4553 βοῶντος·
1553 4503 1570 4534 ι
1596 4478 1699 4537 Οὖ-

1811 4486 1948 4530 serte
1985 4477 2252 4529 clamante
2281 4495 2293 4528 :
2337 4494 2355 4526 ι
2389 4474 2486 4529 Hic
2511 4474 2655 4529 Deus
2684 4485 2871 4530 noster
2899 4489 3002 4544 est,
3040 4495 3213 4550 neque
3252 4484 3390 4540 alius

108 4593 187 4638 τος
214 4578 244 4629 6
279 4575 420 4638 Θεὸς
458 4575 639 4644 ἡμῶν,
682 4575 744 4626 ού
788 4576 1173 4646 λογισθήσεται
1216 4577 1403 4647 ἔτερος
1435 4577 1573 4648 πρὸς
1603 4578 1701 4630 αὐ-

109 4669 225 4718 τόν’
273 4666 511 4736 ἐξεῦρεν
562 4667 746 4718 πᾶσαν
793 4666 912 4720 ὁδὸν
962 4669 1304 4738 ἐπιστήμης,
1343 4668 1438 4721 καὶ
1498 4668 1698 4720 ἔδωκεν

110 4759 270 4827 αὐτὴν
310 4755 538 4809 Ἰακὼϐο
557 4756 639 4825 τῷ
680 4755 831 4808 παιδὶ
870 4756 1034 4809 αὑτοῦ
1056 4800 1069 4824 ,
1098 4762 1192 4828 καὶ
1210 4759 1428 4828 Ἰσραὴλ
1457 4759 1534 4828 τῷ
1563 4760 1700 4827 ἠγα-

111 4852 336 4919 πημένῳ
362 4848 458 4902 ὑπ’
489 4848 656 4901 αὐτοῦ
678 4865 690 4876 ·
738 4847 880 4917 μετά
911 4848 1082 4902 ταῦτα
1117 4851 1210 4901 ἐπὶ
1241 4849 1343 4919 τῆς
1370 4851 1473 4920 γῆς
1517 4848 1698 4918 ῶιρθη,

113 4943 194 4992 καὶ
217 4942 335 5002 τοῖς
361 4936 681 5007 ἀνθρώποις
709 4939 1120 5008 συνανεστράφη
1144 4956 1155 4968 ·
1173 4957 1189 4988 ι
1226 4937 1320 4990 τοῦ
1345 4938 1400 4989 δέ
1425 4938 1699 5006 ὑμνογρά-

111 5048 196 5098 φου
225 5031 610 5103 μελιιιδοῦντος
654 5029 876 5082 Δαϐίδοι
898 5031 1098 5100 Μήτηρ
1126 5032 1200 5098 (ι)
1229 5030 1367 5083 Σιὼν
1393 5031 1537 5099 ἐρεῖ.
1573 5031 1700 5082 Ἅν-

1397 5189 1442 5220 ⁵³
1485 5189 1612 5242 ibid.
1655 5190 1706 5241 6.

178 5189 219 5224 τ’
255 5191 456 5245 Matth.
489 5204 627 5252 χχιι,
658 5189 748 5243 29.
827 5190 869 5221 ⁸³
907 5189 1078 5244 Exod.
1115 5206 1194 5254 ιιι,
1237 5189 1321 5243 Μ.

169 5351 240 5422 (l)
259 5349 341 5422 Ita
375 5352 568 5422 μήτηρ
590 5350 791 5422 habent
827 5347 1025 5422 ercac
1053 5347 1338 5422 editiones,
1363 5347 1524 5401 etiam
1547 5346 1693 5400 Vati-

112 5417 252 5476 cana.
280 5417 386 5475 Sic'
403 5417 604 5486 legis—se
626 5420 873 5472 videmus
892 5421 1054 5472 etiam
1076 5417 1366 5488 Cyrillum,
1398 5431 1697 5484 magnoque

116 5507 327 5548 numero
365 5492 560 5545 Patres
582 5488 808 5544 Latinos
836 5491 974 5557 apud
999 5489 1363 5548 Sabaterium,
1391 5489 1480 5554 qui
1515 5496 1696 5540 vetere

115 5559 230 5615 Itala
291 5562 593 5614 utebantur
650 5559 912 5614 editione.
965 5558 1173 5628 Vulgati
1222 5559 1490 5625 interpres
1543 5557 1696 5628 lcetio

117 5632 378 5700 numquid,
409 5644 508 5699 pro
537 5641 731 5691 mater,
777 5630 1003 5700 deducta
1044 5639 1125 5682 est
1165 5629 1347 5700 erepit
1381 5629 1468 5700 τῇ.
1509 5627 1589 5679 vel
1619 5627 1691 5694 μή

119 5718 180 5762 τι,
215 5697 270 5754 iit
313 5697 724 5770 cognoscimus
757 5714 819 5751 ex
849 5697 1084 5770 Origene
1128 5699 1180 5751 in
1234 5697 1507 5770 "emptis,
1532 5708 1594 5770 et
1630 5714 1692 5749 ex

118 5767 435 5841 Haetonyttiu
494 5773 634 5841 apud
683 5767 1046 5824 Nobilium'in
1100 5770 1221 5824 atlu.
1282 5769 1348 5822 ad
1404 5767 1689 5823 Sixtittam.

1807 4570 2092 4635 quisquam
2118 4583 2237 4620 cum
2265 4582 2328 4621 eo
2351 4567 2757 4635 comparabitur
2785 4584 2798 4619 :
2832 4567 2945 4636 ipse
2971 4584 3186 4626 omnem
3219 4576 3390 4630 scien-

1809 4661 1894 4713 tia:
1916 4659 2163 4713 semitam
2187 4659 2480 4724 adinvenit,
2509 4659 2837 4726 tradiditque
2862 4675 2981 4713 eam
3002 4661 3202 4718 Jacobo
3223 4681 3389 4734 puero

1804 4765 1923 4812 suo,
1953 4760 2007 4803 et
2037 4748 2217 4803 lsraeli
2256 4750 2452 4804 dilecto
2494 4765 2613 4804 suo.
2643 4749 2773 4804 Post
2817 4751 2930 4806 hate
2963 4753 3016 4807 in
3062 4764 3201 4808 terra
3241 4758 3388 4812 visus

1804 4850 1904 4904 est,
1950 4852 2158 4895 etcum
2216 4841 2526 4896 hominibus
2585 4855 2940 4900 conversatus
2975 4854 3058 4899 est
3087 4847 3165 4911 ⁸³;
3205 4867 3222 4897 ι
3274 4856 3385 4901 ιυιη

1803 4935 1963 4989 etiam
2006 4936 2413 5004 hymnographo
2447 4946 2677 4990 canente
2715 4935 2914 4991 Davide
2957 4954 2970 4991 :
3010 4958 3029 4988 ι
3057 4937 3226 4992 Mater
3255 4939 3383 4993 Sion

1804 5027 1946 5081 dicet
1968 5045 1982 5081 :
2005 5025 2196 5092 llonno,
2218 5036 2270 5081 et
2291 5027 2450 5080 homo
2471 5037 2628 5080 natus
2645 5027 2798 5082 estin
2823 5041 2909 5092 ea,
2928 5038 2982 5081 et
3005 5027 3117 5095 ipse
3144 5027 3386 5080 fundavit

1786 5189 1830 5218 ⁸³
1863 5187 2069 5241 ΒΜΊΙΟΙΙ
2113 5203 2191 5250 ιιι,
2230 5187 2415 5242 36-38.

1809 5347 2124 5400 Doctissime
2160 5361 2286 5399 vero
2327 5346 2563 5412 disputat
2614 5345 2678 5399 de
2711 5345 2810 5415 hac
2843 5345 3066 5399 leCtione
3102 5344 3189 5415 λθ.
3225 5345 3377 5415 Bapt.

1808 5417 2033 5479 Brattea,
2096 5418 2466 5470 Ambrusmnm
2519 5416 2646 5468 olim
2705 5414 3047 5469 bibliothecae
3097 5413 3377 5470 Mediolani

1806 5487 2109 5555 praefectus,
2153 5487 2201 5538 in
2237 5501 2449 5554 magno,
2485 5500 2794 5552 quanquam
2848 5485 3380 5555 itnperfecto,_opere

1804 5553 1903 5610 Suo
1953 5561 2092 5624 quod
2151 5555 2428 5624 inscripsit
2461 5555 2538 5607 De
2589 5569 2859 5607 sacrorum
2895 5554 3145 5606 librorum
3176 5553 3380 5608 Latina:

1804 5627 2025 5695 vulgata:
2056 5628 2300 5682 editionis
2330 5627 2666 5690 auctoritate,
2703 5625 2793 5680 lib.
2824 5640 2904 5688 ιιι,
2937 5634 3072 5691 part.
3109 5640 3144 5688 ι,
3173 5639 3290 5692 cap.
3320 5625 3374 5679 5.

1804 5715 1851 5766 μ.
1890 5699 1982 5750 157
2026 5713 2177 5767 seqq.
