4042 6502
592 417 700 475 265

1594 417 1652 470 S.
1694 413 1964 469 (ZYBILLI
2007 410 2478 466 ALEXANDRINI
2521 411 2840 467 ARCHIEP.

3755 418 3857 470 264

589 553 706 592 eam
740 535 1045 590 Altissimus
1073 537 1140 588 “.
1171 554 1188 586 ι
1224 535 1337 589 Hoc
1363 551 1488 590 vero
1517 537 1646 604 quid
1691 537 1835 589 aliud
1873 535 2166 606 significat,

2279 534 2494 603 θρωπος
2538 533 2646 602 (1)·
2685 533 2777 586 καὶ
2827 531 3116 599 ἄνθρωπος
3163 529 3395 600 ἐγενήθη
3443 529 3501 581 ἐν
3553 530 3691 600 αὑτῇ
3719 571 3733 595 ,
3771 534 3864 583 καὶ

590 631 690 684 nisi
726 630 972 683 eumdem
1004 643 1122 683 esse
1153 627 1324 683 Deum
1371 638 1427 683 et
1471 628 1790 683 hominem?
1821 629 2029 683 Etenim
2083 630 2177 682 ho-

590 723 816 783 minem,
864 720 1134 788 simulque
1164 719 1521 784 Altissimum,
1553 720 2005 788 laudatoremque
2039 717 2175 773 fate-

589 823 699 866 tur.
730 809 916 880 Neque
944 812 1145 876 secius,
1180 810 1232 864 in
1265 809 1371 864 alio
1397 824 1611 878 quoque
1644 810 1848 878 psalmo
1885 810 2175 864 indivisum

588 903 814 957 unitatis
842 917 1149 955 sermonem
1177 901 1433 966 retinens,
1473 902 1706 957 hominis
1731 901 2081 970 proprietatis
2111 900 2176 954 ad

588 993 757 1048 Deum
788 994 914 1047 item
960 992 1192 1047 Verbum
1236 991 1440 1047 referre
1472 994 1825 1061 comperitur,
1858 993 1999 1046 haud
2027 993 2178 1058 equi-

588 1086 711 1140 dem
741 1085 1168 1139 substantiarum
1211 1083 1583 1138 confusionem
1621 1085 1900 1146 invehens,
1934 1086 2026 1138 sed
2052 1084 2179 1136 sub-

587 1179 910 1232 stantiarum
942 1176 1289 1229 adunationis
1335 1176 1599 1230 rationem
1649 1177 1873 1230 habens.
1926 1175 2017 1230 Sic
2045 1189 2177 1242 ergo

587 1271 664 1322 ait
697 1271 749 1322 in
781 1284 903 1323 κων
938 1269 1147 1336 psalmo
1176 1285 1190 1321 :
1223 1287 1241 1319 ι
1276 1269 1444 1323 Sedes
1484 1278 1594 1334 tua,
1638 1270 1802 1336 Deus,
1836 1270 1888 1322 in
1920 1268 2174 1323 saeculum

585 1361 770 1414 saeculi
803 1379 815 1414 :
856 1361 1006 1428 virga
1034 1358 1378 1426 directionis,
1413 1359 1568 1430 virga
1597 1361 1745 1430 regni
1782 1361 1855 1412 tni
1893 1377 1906 1414 :
1939 1348 2174 1412 dilexisti

580 1449 867 1520 justitiam,
907 1459 962 1504 et
1001 1451 1163 1504 odisti
1198 1451 1540 1519 iniquitatem
1577 1469 1589 1503 :
1619 1459 1913 1518 propterea
1944 1452 2097 1504 unxit
2126 1459 2177 1503 lc

585 1543 751 1608 Deus,
772 1542 912 1596 Deus
935 1553 1076 1605 tuus,
1093 1543 1210 1597 oleo
1233 1542 1433 1597 laetitiae
1455 1557 1562 1610 prae
1583 1543 1927 1596 consortibus
1953 1541 2134 1594 tuis".
2152 1559 2170 1590 ι

585 1631 784 1688 Viden‘
814 1635 1086 1701 quomodo
1105 1633 1272 1686 Deum
1306 1630 1544 1687 Verbum
1579 1631 1880 1701 appellans,
1901 1631 2176 1699 Deumque

585 1733 640 1778 et
687 1738 868 1793 regem
906 1723 1194 1789 confitens,
1245 1739 1420 1793 neque
1463 1732 1641 1778 tamen
1685 1724 1952 1786 dividens,
2003 1736 2175 1789 neque

588 1813 813 1869 alteram
858 1828 1145 1882 personam
1196 1816 1251 1868 in
1298 1830 1421 1869 eum
1464 1815 1775 1877 conferens,
1822 1815 2176 1868 nihilominus

590 1910 818 1955 unctum
845 1902 1020 1954 dixit?
1069 1901 1358 1972 Explicent
1399 1904 1557 1959 nobis
1601 1905 1767 1972 igitur
1805 1903 1932 1973 quid
1967 1905 2036 1957 sit
2078 1903 2180 1957 hoc
2211 1906 2252 1961 Β

583 1989 803 2044 effatum
829 2006 843 2054 ;
867 1999 920 2044 et
942 1997 1213 2060 quomodo
1239 1990 1499 2054 Verbum,
1528 2009 1650 2047 eum
1683 1991 1824 2046 Deus
1860 2002 2026 2056 esset,
2071 2008 2172 2044 un-

584 2090 732 2134 ctum
761 2082 960 2139 fuerit:
995 2083 1096 2136 nisi
1128 2084 1252 2151 quia
1291 2097 1515 2152 prorsus
1561 2083 1701 2136 idem
1730 2093 1871 2146 erat,
1907 2084 1997 2151 qui
2032 2082 2172 2136 servi

585 2171 813 2226 formam
840 2173 944 2226 sibi
969 2173 1239 2235 induerat,
1269 2174 1355 2225 cui
1382 2182 1436 2226 et
1467 2172 1704 2226 chrisma
1729 2174 2007 2236 suscipere
2037 2189 2172 2228 con-

582 2262 1053 2316 venientissimum
1080 2261 1206 2314 fuit?
1241 2262 1392 2328 Quod
1416 2262 1460 2316 si
1490 2260 1628 2316 forte
1655 2262 1918 2326 dixerint,
1944 2271 2169 2330 pr0pter

581 2367 735 2407 suam
776 2352 830 2406 in
870 2353 1126 2416 homine,
1166 2363 1224 2406 ut
1260 2353 1359 2421 ipsi
1406 2353 1844 2416 hallucinantur,
1898 2353 2172 2406 inhabita-

585 2444 810 2506 tionem,
831 2443 996 2497 Verbi
1021 2456 1306 2518 personam
1329 2442 1644 2496 chrismatis
1668 2443 1842 2496 ittstar
1865 2443 2170 2510 exstitisse;

583 2534 639 2588 hi
674 2535 854 2588 sciant
880 2533 1066 2599 velim,
1102 2533 1552 2588 inhabitationem
1587 2549 1692 2586 non
1733 2535 1799 2588 de
1826 2535 2044 2589 Christo
2080 2535 2173 2589 sed

583 2627 650 2681 de
686 2626 968 2695 prophetis
1005 2625 1236 2694 aliisque
1280 2625 1483 2679 sanctis
1525 2624 1629 2679 dici
1673 2641 1688 2679 :
1726 2627 2012 2691 praedictas
2047 2642 2175 2680 vero

583 2717 888 2771 locutiones
911 2731 1238 2784 magnopere
1256 2716 1525 2770 excedere
1543 2717 1959 2770 inhabitationis
1985 2719 2173 2770 termi-

584 2820 683 2859 nos
714 2806 828 2858 sive
857 2805 993 2858 vim.
1023 2803 1212 2876 lue
1236 2805 1378 2873 Ergo
1404 2805 1506 2859 etsi
1533 2803 1746 2860 Deusin
1775 2806 1978 2861 sanctis
2001 2806 2176 2860 omni-

582 2901 685 2954 bus
711 2897 939 2960 habitat,
964 2898 1128 2965 hique
1147 2896 1471 2951 sanctificati
1498 2906 1626 2951 sunt
1651 2906 1706 2950 et
1724 2897 1890 2961 uncti,
1910 2912 2066 2950 nemo
2098 2905 2177 2950 ta-

584 3003 711 3041 men
757 3002 911 3056 mque
959 3001 1022 3040 ac
1055 2988 1171 3057 ipse
1202 2986 1574 3041 sanctificatus
1605 2996 1908 3055 unctusque
1952 2985 2171 3042 dicitur.

585 3078 642 3133 Si
669 3093 800 3148 ergo
832 3079 944 3142 isti,
970 3079 1037 3132 ad
1067 3084 1380 3134 sanctorum
1412 3077 1850 3142 similitudinem,
1878 3081 1930 3132 in
1955 3077 2175 3133 Christo

584 3185 802 3240 quoque
841 3170 1176 3225 inhabitasse
1210 3170 1381 3225 Deum
1411 3171 1587 3233 aiunt,
1623 3171 1892 3224 constabit
1921 3171 2173 3224 omnibus

585 3265 823 3334 ipsorum
871 3264 1270 3334 irreligiositas,
1319 3266 1386 3319 ab
1434 3264 1728 3334 apostolica
1769 3265 2016 3320 doctrina
2061 3274 2172 3318 toto

583 3359 725 3413 celo
757 3358 1040 3411 aberrans.

655 3555 710 3611 8.
744 3556 958 3611 Etenim
983 3557 1047 3610 de
1069 3555 1347 3626 pmphetis
1375 3541 1703 3624 Christoque
1727 3555 2005 3610 disserens
2032 3554 2171 3609 Pau-

585 3647 693 3713 lus,
729 3649 1022 3702 immanem
1063 3647 1222 3715 hujus
1262 3647 1330 3700 ab
1369 3646 1477 3700 illis
1526 3645 1888 3700 differentiam
1929 3662 2029 3701 nos
2070 3648 2168 3702 do-

586 3749 694 3804 cet,
723 3738 859 3807 ejus,
899 3740 1146 3807 inquam,
1176 3739 1264 3806 qui
1289 3748 1485 3792 unctus
1503 3739 1724 3793 dicitur.
1761 3738 2170 3806 Namquehunc

587 3833 803 3902 quidem
832 3841 887 3886 et
917 3831 1110 3884 Filium
1154 3841 1208 3884 ct
1234 3829 1416 3884 Patris
1440 3830 1810 3899 splendorem,
1847 3840 1901 3884 et
1940 3833 2167 3900 ﬁguram

587 3925 902 3979 substantia:
952 3924 1157 3992 ipsius,
1213 3923 1335 3976 illus
1391 3933 1571 3977 autem
1615 3925 1911 3991 prophetas
1954 3933 2164 3976 tantum

588 4015 825 4084 appellat
857 4031 870 4068 :
906 4014 1214 4082 mirumque
1261 4022 1366 4076 est,
1408 4015 1550 4080 quod
1589 4014 1734 4067 inter
1773 4023 1852 4067 tot
1891 4012 2165 4075 sublimia,

589 4108 862 4162 unctionis
902 4121 1116 4175 quoque
1169 4107 1308 4159 idem
1355 4106 1485 4160 facit
1531 4107 1884 4159 mentionem.
1921 4125 1940 4156 ι
1985 4105 2173 4160 Multi-

587 4198 780 4252 fariam
817 4201 984 4259 enim,
1032 4197 1229 4265 inquit,
1282 4198 1575 4268 multisque
1629 4197 1804 4251 modis
1856 4197 1982 4251 olim
2027 4197 2167 4250 Deus

588 4290 799 4342 locutus
824 4289 1072 4355 patribus
1102 4303 1196 4356 per
1229 4288 1548 4355 prophetas,
1583 4289 1900 4341 novissimis
1935 4289 2019 4342 his
2049 4291 2165 4342 die—

585 4381 685 4433 bus
708 4378 917 4432 locutus
941 4388 1024 4431 est
1043 4379 1199 4431 nobis
1217 4392 1312 4445 per
1331 4377 1548 4440 Filium,
1573 4393 1730 4446 quem
1757 4379 2041 4431 constituit
2059 4380 2165 4431 hrc-

588 4468 770 4521 redem
819 4467 1198 4520 universorum
1229 4506 1242 4530 ,
1288 4481 1382 4535 per
1447 4480 1605 4533 quem
1647 4463 1773 4518 fecit
1798 4464 1989 4518 sarcula
2025 4481 2036 4516 :
2075 4466 2164 4533 qui

2289 625 2450 687 αὑτὸς
2484 623 2841 693 ἐθεμελίωσεν
2869 621 3038 690 αὑτὴν
3060 624 3087 674 6
3116 620 3378 690 ’Ύψιστος
3400 637 3413 651 ·
3445 639 3463 672 ι
3493 619 3648 674 τοῦτο
3672 621 3782 692 γὰρ
3813 623 3866 674 τί

2285 716 2352 769 ἂν
2384 716 2466 786 εἴη
2508 715 2718 785 ἕτερον,
2753 714 2866 768 ἀλλ’
2906 714 2938 784 ἢ
2976 714 3058 766 ὃτι
3102 713 3264 776 αὑτὸς
3299 713 3535 783 ὑπάρχει
3571 712 3722 776 Θεὸς,
3771 715 3868 767 καὶ

2286 807 2602 878 ἄνθρωπος;
2643 805 2964 876 Ἄνθρωπον
2981 804 3108 875 γὰρ,
3135 806 3228 858 καὶ
3256 805 3541 873 ”Υψιστον,
3581 808 3676 857 καὶ
3703 804 3868 875 θεμε-

2285 898 2482 967 λιωτὴν
2524 897 2615 949 τὸν
2648 896 2808 948 αὑτὸν
2841 895 3190 966 ὡμολόγησεν
3216 912 3230 925 ·
3277 896 3430 947 οὐδὲν
3463 896 3520 947 δὲ
3563 889 3726 966 ἧττον
3772 898 3867 949 καὶ

2281 990 2341 1041 ἐν
2365 989 2538 1057 ἑτέρῳ
2569 986 2768 1058 ψαλμῷ
2812 987 3119 1057 ἀδιαίρετον
3151 987 3254 1056 τῆς
3287 984 3534 1049 ἐνώσεως
3582 985 3866 1054 φυλάττων

2283 1080 2375 1132 τὸν
2398 1079 2576 1147 λόγον,
2611 1079 2678 1132 τά
2703 1080 2802 1150 τῆς
2835 1078 3257 1148 άνθρωπότητος
3284 1079 3391 1131 ἴδια
3415 1078 3490 1141 ὡς
3526 1079 3675 1148 αὑτῷ
3705 1079 3867 1131 πάλιν

2283 1172 2360 1241 τῷ
2384 1170 2504 1241 Θεῷ
2553 1171 2712 1241 Λόγῳ
2739 1171 3029 1242 ἀναφέρων
3063 1171 3398 1241 εὑρίσκεται,
3427 1171 3485 1223 οὑ
3526 1171 3635 1222 τῶν
3665 1169 3868 1223 οὐσιῶν

2285 1264 2548 1333 σύγχυσιν
2584 1263 2973 1333 ἐργαζόμενος,
3021 1262 3158 1315 ἀλλὰ
3195 1263 3294 1332 τῆς
3333 1261 3578 1323 ἐνώσεως
3620 1262 3730 1313 τῶν
3772 1261 3866 1314 οὑ-

2285 1354 2416 1408 σιῶν
2468 1354 2847 1423 ἐπιγινώσκων
2877 1355 2967 1406 τὸν
3014 1354 3202 1421 λόγον·
3261 1353 3408 1421 λέγει
3436 1351 3727 1421 τοιγαροῦν
3771 1352 3867 1406 οὑ-

2283 1463 2390 1510 τως
2419 1448 2477 1498 ὲν
2515 1447 2594 1516 μδ¹
2628 1445 2826 1515 ψαλμῷ
2848 1462 2860 1475 ·
2900 1466 2917 1496 ‹
2960 1445 3014 1498 Ὀ
3047 1445 3234 1514 θρόνος
3273 1461 3388 1506 σου,
3422 1446 3449 1496 6
3478 1443 3627 1504 Θεὸς,
3668 1445 3747 1504 εἰς
3773 1443 3868 1494 τὸν

2283 1537 2457 1589 αἰῶνα
2490 1535 2586 1590 τοῦ
2630 1537 2860 1599 αἰῶνος·
2899 1536 3095 1606 ῥάϐδος
3139 1534 3438 1603 εὐθύτητος
3468 1535 3500 1603 ἠ
3540 1532 3734 1604 ῥάϐδος
3765 1532 3868 1601 τῆς

2285 1629 2562 1699 βασιλείας
2595 1646 2686 1681 σου
2711 1645 2721 1656 ·
2749 1627 3044 1697 ἠγάπησας
3065 1624 3436 1693 δικαιοσύνην,
3465 1623 3560 1676 καὶ
3595 1622 3866 1690 ἐμίσησας

2283 1723 2529 1790 άδικίανς
2561 1722 2648 1773 διὰ
2670 1719 2828 1773 τοῦτο
2852 1719 3067 1788 ἔχρισέν
3091 1735 3150 1770 σε
3168 1716 3321 1779 Θεὸς,
3347 1718 3373 1768 6
3391 1714 3523 1776 Θεός
3542 1730 3660 1776 σου,
3683 1711 3868 1764 ἔλαιον

2283 1812 2657 1881 ἀγαλλιάσεως
2694 1812 2846 1883 παρὰ
2881 1813 3008 1873 τοὺς
3050 1810 3308 1880 μετόχους
3340 1824 3456 1860 σου.
3482 1807 3682 1875 »Ὁρᾷς
3714 1805 3868 1864 ὅπως

2281 1904 2372 1959 τὸν
2403 1905 2574 1972 Λόγον
2609 1905 2940 1973 θεολογήσας
2964 1904 3066 1971 (2i,
3097 1902 3228 1953 Θεόν
3261 1917 3320 1951 τε
3340 1899 3433 1952 καὶ
3469 1897 3695 1967 βασιλέα
3731 1897 3866 1963 ὁμο·

2276 1995 2534 2063 λογήσας,
2559 1995 2619 2046 οὑ
2649 1993 2856 2054 διελὼν,
2879 1993 2998 2044 οὑδὲ
3021 1992 3107 2043 ἓτε
3119 2008 3209 2062 ρον
3230 1989 3522 2058 πρόσωπον
3545 1983 3866 2050 εἰσενέγκας

2275 2087 2444 2155 αὑτῷ,
2476 2087 2570 2139 καὶ
2600 2085 2662 2138 τὸ
2713 2084 3000 2153 κεχρῖσθαι
3033 2083 3286 2151 εἷρηκεν;
3329 2080 3650 2146 Λεγέτωσαν
3678 2072 3772 2130 οὖν
3813 2075 3866 2127 τί

2276 2176 2421 2226 ἐστιν
2441 2175 2502 2226 τὸ
2531 2174 2826 2242 λεγόμενον
2847 2187 2860 2203 ·
2895 2173 3012 2234 πῶς
3032 2172 3088 2224 δὲ
3115 2172 3246 2232 Θεὸς
3270 2169 3346 2220 ὢν
3371 2170 3399 2220 6
3425 2167 3595 2234 Λόγος
3623 2167 3865 2234 ἐχρίετο,

2274 2265 2389 2318 ἀλλ’
2431 2265 2462 2335 ἢ
2497 2265 2716 2327 πάντως
2739 2266 2820 2316 ὅτι
2851 2263 3013 2324 αὑτὸς
3036 2258 3102 2332 ἦν
3125 2263 3151 2313 6
3174 2261 3269 2331 τὴν
3297 2259 3390 2312 τοῦ
3423 2258 3608 2310 δούλου
3647 2257 3869 2326 μορφὴν

2276 2350 2714 2424 ἐνδυσάμενος,ᾖ
2747 2354 2840 2406 καὶ
2871 2354 2930 2406 τὸ
2960 2353 3169 2422 χρίσμα
3189 2350 3488 2420 λαμϐάνειν
3520 2349 3603 2417 εἴη
3634 2347 3699 2398 ἂν
3731 2362 3869 2416 πρε·

2277 2445 2657 2508 πωδέστατον;
2710 2445 2828 2496 Κᾶν
2873 2443 2982 2513 γὰρ
3029 2443 3262 2509 λέγωσιν
3300 2440 3387 2493 διά
3440 2440 3536 2509 τὴν
3577 2438 3716 2508 πρὸς
3771 2438 3868 2489 τὸν

2276 2533 2564 2606 ἄνθρωπον
2589 2536 2886 2603 ἐνοίκησιν,
2917 2534 2992 2596 ὡς
3018 2535 3172 2586 αὑτοὶ
3198 2532 3531 2597 πλανῶνται,
3563 2525 3656 2582 τοῦ
3685 2529 3866 2595 Λόγου

2277 2627 2570 2697 πρόσωπον
2591 2627 2652 2679 τὸ
2677 2629 2888 2698 χρίσμα
2908 2627 3183 2693 λέγεσθαι,
3212 2625 3635 2693 μανθανέτωσαν
3668 2621 3868 2689 ὅτιπερ

2276 2716 2547 2786 ἐνοίκησις
2579 2719 2678 2770 οὑκ
2728 2719 2822 2770 ἐπὶ
2869 2717 2963 2770 τοῦ
3002 2716 3260 2787 Χριστοῦ,
3297 2715 3412 2770 ἀλλ’
3447 2716 3540 2767 ἐπὶ
3584 2713 3693 2766 τῶν
3728 2730 3870 2782 προ-

2276 2807 2464 2876 φητῶν
2489 2807 2584 2860 καὶ
2612 2807 2720 2859 τῶν
2751 2807 2926 2861 ἄλλων
2957 2808 3126 2875 ἁγίων
3147 2807 3388 2873 λέγεται,
3415 2807 3506 2858 καὶ
3537 2805 3868 2874 ὑπερϐαίνει

2277 2897 2483 2968 σφόδρα
2513 2899 2641 2960 τοὺς
2666 2899 2761 2967 τῆς
2784 2899 3112 2970 ἐνοικήσεως
3141 2899 3300 2968 ὄρους
3322 2899 3382 2950 τὸ
3406 2898 3726 2967 λεγόμενον·
3768 2897 3870 2950 καὶ

2275 2988 2406 3058 γοῦν
2463 2990 2847 3060 ἐνοικήσαντος
2877 2991 2969 3044 τοῦ
3021 2990 3155 3043 Θεοῦ
3194 2992 3252 3043 ἐν
3296 2994 3406 3054 τοῖς
3447 2990 3621 3058 ἁγίοις
3669 2991 3866 3052 πᾶσιν,

2276 3080 2654 3149 ἁγιαζομένων
2693 3099 2751 3133 τε
2783 3083 2876 3134 καὶ
2903 3083 3224 3152 χριομένων,
3258 3083 3318 3135 οὑ
3341 3083 3559 3149 λέγεται
3590 3083 3665 3144 ῶς
3699 3083 3869 3144 αὑτὸς

2278 3171 2637 3239 άγιαζόμενος
2669 3171 2700 3239 ἢ
2739 3173 3057 3242 χριόμενος·
3083 3174 3130 3226 εἰ
3167 3173 3265 3242 μὲν
3294 3169 3387 3225 οὖν
3417 3172 3537 3226 καθ’
3566 3173 3870 3242 ὁμοιότητα

2275 3261 2384 3313 τῶν
2421 3262 2614 3328 ἁγίων,
2651 3263 2746 3314 καὶ
2786 3263 2872 3314 ἐπ’
2916 3263 3080 3315 αὑτοῦ
3120 3266 3218 3333 τὴν
3257 3263 3533 3332 ἐνοίκησιν
3581 3263 3868 3330 λέγουσιν,

2275 3351 2498 3420 ἔκδηλος
2525 3352 2556 3421 ἡ
2593 3351 2818 3405 ἀσέϐεια
2844 3355 3012 3406 πᾶσιν
3042 3354 3215 3417 ἔσται,
3242 3355 3337 3407 καὶ
3364 3355 3461 3424 τῆς
3491 3354 3870 3423 ἁποστολικῆς

2272 3442 2622 3505 διδασκαλίας
2659 3445 2939 3506 παντελῶς
2972 3446 3248 3514 ἀλλοτρία.

2341 3561 2411 3622 η’.
2453 3554 2590 3623 Περὶ
2627 3555 2724 3623 μὲν
2752 3554 2858 3624 γὰρ
2887 3555 2992 3607 τῶν
3022 3557 3340 3626 προφητῶν,
3366 3557 3575 3610 καὶτοῦ
3612 3558 3869 3627 Χριστοῦ

2272 3645 2652 3714 διαλεγόμενος
2672 3648 2699 3698 6
2725 3646 2956 3709 Παῦλος,
2986 3648 3314 3718 ἀσύγκριτον
3344 3649 3535 3702 τούτου
3560 3649 3696 3720 πρὸς
3719 3651 3875 3702 ἐκεί-

2272 3752 2396 3797 νους
2427 3735 2691 3805 διαφορὰν
2716 3737 2860 3806 ἡμᾶς
2886 3735 3147 3800 ἐδίδαξεν,
3173 3738 3318 3804 λέγω
3346 3737 3408 3808 δὴ
3431 3736 3526 3790 τοῦ
3559 3738 3874 3807 λεγομένου

2273 3825 2581 3896 κεχρῖσθαι·
2625 3825 2715 3877 τὸν
2742 3827 2840 3895 μὲν
2868 3829 2995 3897 γὰρ,
3025 3828 3154 3880 Υἱὸν
3179 3831 3272 3880 καὶ
3301 3828 3395 3882 τοῦ
3435 3829 3647 3900 Πατρὸς
3677 3830 3875 3882 ἀπαύ-

2272 3933 2463 3988 γασμα
2494 3918 2588 3970 καὶ
2630 3919 2958 3988 χαρακτῆρα
2983 3919 3085 3988 τῆς
3115 3919 3470 3983 ὑποστάσεως
3500 3919 3666 3973 αὑτοῦ
3686 3937 3700 3950 ·
3732 3923 3877 3983 τοὺς

2269 4008 2347 4070 ὂέ,
2385 4011 2672 4077 προφήτας
2704 4010 2990 4079 ὠνόμασεν
3013 4029 3026 4042 ·
3058 4011 3148 4063 καὶ
3187 4012 3248 4063 τό
3295 4029 3356 4077 γε
3394 4011 3736 4082 θαυμαστὸν,
3781 4014 3875 4066 ὃτι

2273 4100 2430 4168 μετὰ·
2446 4100 2654 4153 τούτων
2690 4102 2799 4153 τῶν
2832 4102 3076 4172 ὑψηλῶν,
3112 4104 3204 4156 τοῦ
3249 4106 3548 4176 χρίσματος
3574 4106 3668 4157 καὶ
3695 4104 3877 4167 αὑτὸς

2269 4191 2708 4260 ἐμνημόνευσεν·
2761 4214 2776 4240 ι
2812 4195 3142 4265 Πολυμερῶς
3177 4199 3308 4266 γὰρ,
3343 4197 3526 4265 φησὶν,
3556 4198 3648 4248 καὶ
3688 4196 3877 4248 πολυ-

2269 4284 2486 4355 τρόπως
2515 4286 2685 4338 πάλαι
2720 4287 2748 4337 6
2783 4286 2913 4348 Θεὸς
2938 4287 3179 4358 λαλήσας
3211 4291 3320 4350 τοῖς
3352 4288 3621 4358 πατράσιν
3656 4289 3716 4340 ἐν
3749 4292 3878 4349 τοῖς

2277 4375 2599 4446 προφήταις,
2634 4377 2721 4428 ἐπ’
2753 4377 2995 4447 ἐσχάτων
3034 4379 3140 4430 τῶν
3167 4379 3389 4450 ἡμερῶν
3423 4378 3628 4431 τούτων
3662 4378 3879 4448 ἐλάληο

2271 4483 2361 4519 σεν
2391 4469 2521 4536 ἡμῖν
2549 4469 2606 4519 ἐν
2635 4467 2770 4537 Υίῴ,
2795 4469 2852 4520 ὃν
2875 4469 3037 4538 ἔθηκε
3067 4471 3406 4538 κληρονόμον
3433 4470 3670 4532 πάντων,
3707 4470 3781 4522 δι’
3807 4463 3879 4522 οὗ

585 4573 707 4610 cum
745 4557 816 4611 sit
849 4557 1105 4624 splendor
1135 4556 1319 4624 gloria:
1357 4565 1412 4610 et
1463 4559 1631 4626 figura
1679 4557 1994 4610 substantia:
2023 4557 2158 4624 ejus,

2279 4558 2492 4626 ἐποίησε
2530 4560 2656 4620 τοὺς
2685 4559 2884 4623 αἰῶνας
2907 4577 2921 4592 ·
2950 4561 3007 4622 ὃς
3041 4560 3116 4612 ὢν
3145 4560 3488 4630 ἀπαύγασμα
3530 4558 3629 4626 τῆς
3672 4559 3877 4631 δόξης,

584 4657 918 4716 portansque
952 4647 1131 4700 omnia
1163 4649 1328 4700 verbo
1368 4647 1589 4700 vit-tutis
1619 4662 1748 4710 suae,
1801 4658 1922 4711 post
1961 4662 2149 4716 purga-

584 4738 785 4797 tionem
817 4748 1160 4806 peccatorum
1191 4738 1409 4802 factam,
1430 4738 1676 4791 consedit
1701 4738 1753 4791 in
1786 4739 2012 4791 dextera
2042 4755 2158 4790 ma-

580 4826 792 4895 jestatis
822 4827 874 4880 in
898 4827 1126 4881 excelsis
1155 4827 1222 4879 3°.
1261 4845 1278 4878 ι
1313 4828 1377 4880 Ει
1421 4827 1583 4895 paulo
1630 4837 1751 4896 post
1792 4829 1866 4880 ait
1896 4843 1910 4876 :
1949 4847 1967 4878 ι
1999 4829 2063 4881 Ει
2093 4830 2158 4881 ad

584 4918 805 4987 angelos
836 4919 1053 4987 quidem
1089 4919 1220 4972 dicit
1254 4938 1265 4972 :
1300 4921 1400 4984 Qui
1437 4920 1566 4973 facit
1595 4920 1817 4988 angelos
1835 4935 1962 4975 suos
1995 4921 2161 4988 spiri-

585 5020 691 5073 tus,
731 5019 783 5063 et
817 5011 1098 5065 ministros
1140 5026 1269 5066 suos
1316 5013 1590 5064 flammam
1628 5013 1800 5082 ignis;
1853 5015 1919 5067 ad
1959 5011 2154 5065 Filium

584 5112 763 5155 autem
807 5117 822 5153 :
856 5103 1111 5156 Thronus
1163 5111 1304 5161 tuus,
1342 5101 1519 5168 Deus,
1556 5103 1606 5155 in
1641 5103 1898 5157 saeculum
1929 5104 2111 5158 saculi
2145 5122 2156 5168 ;

585 5193 732 5263 virga
761 5194 1052 5263 aequitatis,
1086 5195 1234 5263 virga
1278 5195 1430 5262 regni
1467 5195 1565 5248 tui.
1600 5194 2157 5263 Dilcxistijustitiam,

584 5293 637 5334 et
665 5285 825 5336 odisti
854 5285 1194 5352 iniquitatem
1224 5303 1235 5335 :
1272 5296 1557 5354 propterea
1588 5287 1744 5338 unxit
1772 5297 1821 5340 te
1857 5289 1995 5340 Deus
2022 5286 2162 5340 Deus

590 5383 710 5426 tuus
760 5374 882 5427 oleo
931 5376 1319 5430 exsultationis
1348 5393 1456 5444 prae
1509 5378 1865 5445 participibus
1909 5379 2100 5432 tuis".
2138 5397 2154 5426 )

657 5551 704 5580 ⁸⁵
743 5549 878 5602 l’sal.
917 5567 1134 5617 Lxxxw,
1163 5553 1214 5606 5.
1293 5555 1338 5582 ”
1373 5555 1516 5608 Psal.
1557 5571 1697 5614 κων,
1735 5558 1783 5615 7,
1816 5557 1862 5609 3.

662 5729 740 5798 (l)
757 5727 828 5781 lta
859 5731 1255 5803 interpungitur
1274 5734 1323 5786 in
1347 5741 1579 5802 utroque
1597 5735 1780 5803 Cyrilli
1799 5737 2003 5796 codice.
2035 5752 2157 5788 nrr-

595 5815 697 5855 non
729 5803 781 5855 itt
815 5801 1049 5858 editione
1081 5802 1336 5858 Vaticana
1358 5801 1653 5859 llibliorum
1677 5806 2007 5860 Graecorum.

1951 5557 1993 5585 ⁸⁸
2031 5555 2196 5612 ΙίριιΓ.
2233 5574 2269 5621 l,
2306 5559 2424 5612 1-7.

2265 4649 2359 4701 καὶ
2386 4648 2677 4718 χαρακτὴρ
2709 4649 2810 4714 τῆς
2848 4651 3198 4713 ὑποστάσεως
3244 4650 3433 4713 αὑτοῦ,
3473 4649 3653 4722 φέρων
3697 4668 3763 4702 τε
3801 4653 3883 4703 τὰ
3982 4643 3985 4647 Α

2272 4741 2453 4794 πάντα
2475 4741 2554 4810 τῷ
2583 4743 2788 4812 ῥήματι
2818 4741 2918 4812 τῆς
2955 4742 3238 4812 δυνάμεως
3285 4741 3473 4807 αὑτοῦ,
3509 4741 3883 4811 καθαρισμὸν

2267 4832 2376 4884 τῶν
2410 4832 2693 4902 ἁμαρτιῶν
2742 4834 3132 4903 ποιησάμενος,
3182 4833 3436 4886 ἐκάθισεν
3464 4837 3522 4886 ἐν
3556 4831 3711 4903 δεξιᾷ
3763 4835 3882 4902 τῆς

2273 4924 2671 4995 μεγαλωσύνης
2703 4927 2759 4977 ἐν
2793 4925 3034 4996 ὑψηλοῖς.
3082 4944 3098 4975 ι
3152 4925 3262 4978 Καὶ
3312 4925 3430 4994 μετ’
3462 4924 3619 4991 ὀλίγα
3652 4928 3839 4994 φησίν
3867 4944 3881 4955 ·

2275 5037 2292 5066 ι
2329 5018 2437 5069 Καὶ
2471 5017 2610 5087 πρὸς
2647 5019 2744 5087 μὲν
2778 5019 2905 5081 τοὺς
2940 5017 3206 5085 ἀγγέλους
3239 5017 3420 5085 λέγει·
3452 5017 3509 5068 '0
3534 5015 3705 5068 ποιῶν
3737 5020 3885 5081 τοὺς

2269 5109 2533 5175 ἀγγέλους
2563 5111 2729 5162 αὑτοῦ
2766 5109 3072 5179 πνεύματα,
3112 5109 3206 5161 καὶ
3236 5110 3362 5171 τοὺς
3389 5107 3746 5176 λειτουργοὺς
3776 5109 3886 5160 αὑ-

2269 5201 2361 5251 τοῦ
2395 5202 2565 5272 πυρὸς
2601 5202 2800 5270 φλόγα·
2839 5203 2977 5272 πρὸς
3005 5202 3060 5254 δὲ
3087 5202 3176 5253 τὸν
3199 5203 3356 5254 Υἱόν·
3404 5201 3460 5252 '0
3488 5199 3674 5270 θρόνος
3712 5217 3823 5252 σου
3859 5204 3887 5252 6

2270 5291 2423 5355 Θεὸς,
2452 5295 2530 5355 εἰς
2562 5293 2651 5344 τὸν
2685 5293 2858 5347 αἰῶνα
2883 5293 2979 5345 τοῦ
3012 5293 3207 5355 αἰῶνος
3229 5310 3240 5322 ·
3278 5292 3474 5363 ῥάϐδος
3499 5291 3814 5361 εὐθύτητος
3853 5297 3886 5360 ὴ

2274 5381 2468 5448 ῥάϐδος
2510 5384 2605 5452 τῆς
2654 5384 2928 5452 βασιλείας
2965 5402 3057 5436 σου
3083 5402 3094 5413 ·
3147 5386 3444 5454 ἠγάπησας
3472 5384 3887 5458 δικαιοσύνην,

2506 5559 2548 5588 ⁵⁷
2588 5559 2716 5612 ibid.
2758 5561 2810 5622 8,
2844 5559 2897 5612 9.

2343 5737 2417 5804 (2)
2449 5735 2620 5790 Simili
2669 5735 2941 5789 locutione
2993 5737 3162 5802 utitur
3216 5734 3475 5791 Eusebius
3525 5735 3577 5790 itt
3623 5741 3888 5795 secundo

2271 5806 2620 5874 Theophania’
2662 5805 2979 5875 ft'agtncnto.
