4042 6452
126 347 215 401 265
1218 343 1408 410 QUOD
1446 344 1505 398 Β.
1551 341 1708 397 MAR]

1813 337 1913 395 SIT
1956 337 2276 395 DEIPARA.

3257 332 3366 391 266

127 469 207 520 καὶ
244 464 528 534 ἐμίσησας
554 461 770 515 ἀδικίαν
794 474 809 490 ·
838 456 925 514 διὰ
949 460 1104 514 τοῦτο
1134 458 1346 529 ἔχρισέν
1380 474 1435 512 σε
1461 462 1489 513 6
1517 458 1649 522 Θεὸς
1673 460 1700 512 6

1813 457 2000 513 Cernis
2051 470 2215 524 quam
2275 453 2451 508 aliena
2498 450 2569 507 sit
2615 463 2644 504 a
2693 449 2911 505 Christo
2956 450 3366 508 iubabitationis

123 558 241 619 Θεός
290 571 393 608 σου
449 554 632 605 ἔλαιον
679 551 1052 620 ἀγαλλιάσεως
1087 551 1237 619 παρά
1264 552 1390 613 τοὺς
1438 550 1700 620 μετόχους

124 664 226 699 σου.
260 664 279 695 ι
321 645 571 711 Θεωρεῖς
620 641 695 703 ὡς
728 640 933 709 σφόδρα
974 639 1251 708 ἀλλότριος
1298 640 1390 691 ἐπὶ
1426 640 1521 692 τοῦ
1568 641 1702 710 Χρι-

124 732 241 785 στοῦ
270 734 301 784 6
337 732 441 798 τῆς
473 730 801 798 ἐνοικήσεως
832 728 989 797 ὃροςς
1022 728 1082 779 Et
1109 727 1166 779 δὲ
1194 726 1438 793 λέγουσιν
1468 726 1701 779 ἐνταῦθα

121 823 211 893 τὴν
236 822 524 888 ἐνοίκησιν
559 819 633 887 μὴ
669 821 779 878 τοῖς
808 814 981 887 ἀγζοις
1002 816 1219 884 ὁμοίως,
1251 816 1387 868 ἀλλά
1413 816 1533 869 καθ’
1566 816 1701 868 Estn-

121 932 198 967 σιν
233 913 330 964 τὸν
370 910 547 977 Λόγον
584 909 719 977 πρὸς
749 906 1034 976 ἄνθρωπον
1062 909 1125 959 ὲκ
1165 906 1263 974 τῆς
1300 906 1575 976 Παρθένου
1612 917 1701 957 τε-

117 1005 315 1072 χθέντα
347 999 712 1069 γεγενῆσθαι,
759 999 819 1050 οὑ
850 997 1070 1050 δυνατὸν
1108 998 1205 1067 μὲν
1251 996 1389 1066 μετά
1422 996 1520 1065 τὴν
1570 997 1704 1049 ἀπο-

116 1093 313 1162 κύησιν
366 1092 569 1143 ἕνωσιν
616 1088 795 1158 ἀληθῆ
846 1087 1119 1155 λέγεσθαι,
1153 1086 1267 1139 ἀλλ’
1320 1087 1353 1155 ἢ
1411 1087 1568 1155 μόνον
1605 1086 1703 1157 τὴν

116 1184 254 1235 κατά
284 1182 453 1250 χάριν
488 1181 583 1233 καὶ
619 1180 854 1249 μετοχὴν
886 1178 981 1231 τοῦ
1014 1178 1169 1242 Θεοῦ,
1200 1179 1276 1239 ὡς
1316 1179 1373 1230 έν
1400 1182 1509 1240 τοῖς
1530 1178 1703 1246 ἁγίοις

113 1273 279 1326 πάλιν
316 1274 559 1339 ἐγένετο.

180 1366 247 1417 θ’.
276 1365 345 1417 ΕΞ
368 1364 426 1415 δὲ
457 1362 693 1414 ἐνταῦθα
719 1363 817 1432 τὴν
845 1362 1119 1431 ἐνοίκησιν
1137 1359 1333 1415 ἕνωσιν
1357 1357 1493 1415 εἶναι
1518 1360 1703 1428 λέγου-

114 1474 217 1517 σιν,
239 1456 347 1507 οῦκ
387 1457 449 1505 ἐν
478 1457 543 1523 τῇ
587 1455 871 1524 Παρθένῳ,
908 1454 1041 1506 ἀλλὰ
1080 1454 1215 1523 μετά
1258 1454 1317 1505 τὸ
1356 1453 1608 1521 τεχθῆναι
1644 1452 1701 1516 ἐξ

112 1543 311 1611 αὐτῆς,
348 1544 486 1611 φέρε
529 1544 623 1594 καὶ
665 1542 809 1594 οὕτω
835 1543 893 1593 τὸ
926 1542 1212 1611 λεγόμενον
1243 1542 1603 1608 ἐξετάσωμεν.
1639 1540 1702 1592 Εί

111 1635 196 1686 ξιά
221 1634 386 1685 τοῦτο
414 1635 497 1693 είς
527 1633 586 1684 τὸ
622 1632 716 1684 τοῦ
748 1633 919 1697 Λόγου
952 1632 1245 1701 πρόσωπον
1275 1630 1335 1681 τὸ
1364 1630 1587 1699 χρίσμα.
1616 1628 1705 1682 Ei-

112 1724 317 1793 ρῆσθαι
360 1724 640 1789 λέγουσιν,
677 1724 765 1774 διὰ
814 1722 875 1773 τὸ
924 1724 1159 1774 συνεῖναι
1190 1720 1283 1772 καὶ
1329 1719 1592 1789 ἡνῶσθαι,
1626 1718 1703 1781 ὡς

1808 546 2098 602 definitio?
2130 546 2282 613 Quod
2311 545 2357 599 si
2390 545 2474 598 hic
2508 544 2691 598 dicant
2724 542 3173 596 inhabitationem
3223 544 3365 598 haud

1806 649 2063 707 tanquam
2093 639 2144 690 in
2176 636 2381 691 sanctis
2410 674 2424 699 ,
2480 636 2572 689 sed
2621 648 2738 687 eam
2780 647 2899 701 qua:
2926 632 3066 687 facta
3108 633 3270 688 fuerit
3296 647 3366 688 ex

1803 730 2183 797 conjunctione
2208 727 2367 783 Verbi
2401 742 2523 782 cum
2562 726 2785 781 homine
2836 726 2902 781 de
2956 724 3173 796 Virgine
3217 740 3367 789 nato,

1806 821 2195 888 respondemus
2224 820 2421 873 nullam
2452 819 2617 874 licere
2648 830 2770 887 post
2799 828 3016 886 partum
3045 820 3227 874 dicere
3285 820 3367 871 fa-

1810 921 1952 966 ctam
1984 911 2445 977 conjunctionem,
2477 911 2581 965 nisi
2610 925 2725 965 eam
2744 925 2865 979 qua:
2904 924 2968 964 ex
2996 910 3165 977 gratia
3194 916 3248 961 et
3277 909 3370 961 Dei

1803 1002 2216 1072 participatione
2240 1002 2318 1066 ﬁt,
2366 1001 2671 1070 cujusmodi
2702 1015 2891 1057 rursus
2930 1001 3017 1057 aio
3063 1000 3209 1055 illam
3244 1014 3371 1055 san-

1803 1101 2013 1147 ctorum
2036 1107 2155 1146 eum
2186 1090 2296 1147 Deo
2323 1090 2487 1145 fuisse

1874 1352 1927 1405 9.
1956 1352 2105 1418 Quod
2143 1352 2185 1406 si
2231 1347 2494 1406 vocabulo
2544 1350 2895 1406 habitationis
2937 1350 3369 1419 conjunctionem

1803 1441 2109 1509 intelligunt
2126 1457 2227 1496 non
2244 1441 2387 1495 illam
2405 1442 2545 1495 intra
2568 1441 2843 1509 Virginem
2869 1443 3087 1505 factam,
3112 1444 3204 1496 sed
3226 1452 3373 1511 post-

1802 1546 1961 1599 quam
1979 1531 2133 1586 Jesus
2160 1535 2227 1585 de
2256 1534 2369 1600 ipsa
2401 1542 2559 1587 natus
2586 1534 2782 1595 fuerat,
2816 1547 2935 1601 age,
2976 1534 3028 1588 id
3056 1548 3270 1602 quoque
3301 1534 3369 1586 ad

1809 1624 2065 1676 trutinam
2096 1626 2490 1692 expendamus.
2526 1624 2585 1679 Si
2619 1626 2822 1679 ideirco
2848 1626 2913 1680 de
2944 1623 3108 1680 Verbi
3138 1640 3371 1694 persona

1807 1714 2120 1768 unctionem
2150 1715 2497 1783 prmdicatam
2522 1717 2694 1776 aiunt.
2720 1716 2848 1785 quia
2880 1716 3225 1783 conjunctum
3253 1718 3373 1770 unl-

109 1816 263 1866 αῦτοί
297 1831 464 1882 φασι,
497 1813 575 1881 τῷ
605 1811 877 1881 ἀνθρώπῳ
901 1812 989 1863 τὸν
1012 1812 1203 1879 Λόγον,
1230 1811 1441 1873 πάντως
1471 1812 1551 1863 ὅτι
1585 1811 1703 1879 μεθ’

1813 1813 2035 1870 tumque
2064 1804 2248 1867 fuerit,
2280 1813 2340 1857 ut
2366 1805 2464 1873 ipsi
2495 1806 2669 1873 aiunt,
2725 1808 2927 1861 homini
2983 1807 3232 1872 Verbum,
3260 1822 3376 1862 om-

110 1907 308 1957 ἱνωσιν
358 1904 528 1956 αὑτὸν
584 1903 867 1972 κεκρίσθαι
913 1904 1089 1962 λέγειν
1116 1902 1174 1964 ἐξ
1196 1903 1439 1971 ἀνάγκης
1473 1904 1704 1972 ἀπαιτη-

109 1994 377 2061 θήτονται
405 2009 419 2021 ·
457 1994 548 2045 τὸν
580 1994 690 2063 γὰρ
731 1993 863 2045 Θεὸν
898 1994 1069 2060 Λόγον
1116 1996 1143 2047 6
1179 1995 1484 2063 προφήτης,
1519 1994 1597 2045 ἔτι
1642 2010 1703 2060 γε

112 2088 220 2156 μὴν
245 2087 347 2139 καὶ
373 2087 402 2136 6
446 2085 773 2146 Ἀπόστολος
806 2085 1158 2153 θεολογήσας,
1197 2084 1345 2153 αὑτῴ
1378 2088 1472 2139 καὶ
1500 2085 1558 2136 τὸ
1590 2085 1706 2154 χρί-

110 2193 225 2243 σμα
266 2175 532 2244 φανερῶς
557 2175 851 2241 ἀνέθηκεν.
890 2172 953 2227 El
1009 2176 1189 2227 τοίνυν
1227 2175 1311 2227 διὰ
1354 2176 1452 2245 τὴν
1492 2174 1705 2237 ἕνωσιν,

109 2268 202 2317 καὶ
230 2267 295 2318 τὸ
334 2270 587 2317 συνεῖναι
612 2267 773 2317 αὐτὸν
794 2267 871 2335 τῷ
895 2266 1185 2335 ἀνθρώπῳ,
1211 2266 1271 2317 τὸ
1301 2265 1392 2317 τοῦ
1416 2264 1704 2334 ἀνθρώπου

108 2357 183 2425 τῷ
223 2358 392 2425 Λόγῳ
435 2356 853 2425 προσάπτουσιν
888 2360 935 2408 oi
984 2357 1149 2423 ἀγιοι,
1186 2356 1322 2424 μετά
1365 2357 1461 2424 τὴν
1510 2356 1705 2408 ’ἐνωσιν

108 2448 242 2499 αὐτὸ
274 2447 340 2499 τὸ
371 2446 589 2516 χρίσμα
624 2447 953 2514 γεγενῆσθαι
986 2447 1201 2508 πάντως
1239 2444 1664 2513 ὁμολογήσουσιν
1689 2462 1702 2475 ·

107 2542 152 2591 εἰ
185 2540 243 2592 δὲ
289 2540 443 2607 μετά
475 2542 575 2606 τὴν
616 2540 809 2590 ἕνωσιν
846 2537 1150 2606 κέχρισται,
1186 2536 1283 2607 τὴν
1318 2537 1373 2589 δὲ
1420 2537 1611 2589 ἕνωσιν
1644 2537 1704 2589 οῦ

109 2632 404 2699 βούλονται
463 2630 649 2695 λέγειν
685 2628 814 2697 πρὶν
865 2631 929 2680 ἐκ
960 2627 1061 2696 τῆς
1102 2626 1379 2696 Παρθένου
1414 2627 1706 2696 τεχθῆναι,

107 2723 227 2773 οὐδὲ
280 2719 664 2789 Χριστοτόκος
694 2718 879 2770 οὐκέτι
929 2718 1066 2786 πρὸς
1122 2717 1299 2770 αὐτῶν
1352 2718 1385 2786 ὴ
1434 2716 1709 2786 Παρθένος

105 2802 630 2873 ὁμολογηθήσεται·
690 2801 736 2851 εἰ
789 2801 898 2869 γάρ
948 2800 1333 2869 Χριστοτὸκος,
1367 2799 1584 2860 πάντως
1626 2799 1709 2851 ὅτι

109 2896 201 2945 καὶ
232 2892 545 2952 Θεοτὸκος·
579 2892 626 2942 εἰ
661 2890 715 2942 δὲ
748 2892 808 2942 οὺ
846 2890 1126 2951 Θεοτὸκος,
1160 2890 1279 2941 οὐδὲ
1310 2890 1668 2957 Χριστοτόκος
1691 2928 1704 2941 .

110 2987 168 3036 Εἰ
195 2986 310 3054 γάρ
344 2984 406 3034 τὸ
440 2984 655 3053 γρίσμα
693 2982 830 3051 μετά
864 2981 960 3051 τὴν
994 2981 1311 3043 ἓνωσιν,καὶ
1339 2980 1427 3032 διὰ
1448 2978 1602 3032 τοῦτο
1632 2982 1711 3043 είς

108 3074 165 3124 τὸ
190 3074 285 3125 τοῦ
323 3072 510 3138 Λόγου
542 3072 835 3138 πρόσωπον
861 3071 1017 3123 τοῦτο
1039 3071 1280 3137 λέγεται,
1304 3070 1402 3139 τὴν
1428 3071 1482 3123 δὲ
1518 3071 1710 3123 ἕνωσιν

111 3167 252 3234 μετά
290 3166 398 3233 τὴν
428 3166 493 3215 ἐκ
520 3164 620 3230 τῆς
659 3161 937 3229 Παρθένου
971 3161 1225 3231 γέννησιν
1258 3160 1580 3230 γεγενῆσθαι
1618 3161 1709 3211 λέ-
1741 3146 1784 3206 C

109 3273 325 3321 γουσιν,
361 3254 489 3305 οὐδὲ
534 3254 903 3322 Χριστοτόκος
937 3253 1118 3304 οὐκέτι
1163 3252 1546 3321 εὑρεθήσεταιο
1580 3253 1626 3303 εί
1654 3251 1710 3302 δὲ

109 3347 511 3415 Χριστοτὸκος,
539 3346 634 3396 καὶ
658 3345 922 3407 Θεοτὸκος
942 3360 955 3372 '
989 3343 1081 3397 τοῦ
1112 3342 1220 3413 γὰρ
1264 3343 1563 3415 χρίσματος
1606 3343 1711 3412 πρὸ

110 3442 206 3507 τῆς
230 3438 495 3499 ἐνώσεως
534 3436 609 3506 μὴ
640 3437 944 3505 δυναμένου
978 3438 1236 3501 νοεῖσθαι,
1270 3439 1317 3489 εἰ
1348 3436 1711 3507 Χριστοτόκος

109 3534 138 3599 ἡ
180 3530 497 3598 Παρθένος,
540 3531 598 3579 έν
630 3530 769 3597 αὐτῇ
829 3527 891 3596 δὴ
939 3528 1037 3597 τῆς
1089 3526 1334 3589 ὲνώσεως
1378 3526 1708 3596 γενομένης,

110 3621 296 3673 οὐκέτι
332 3620 655 3689 ἄνθρωπον,
682 3620 757 3680 ὡς
787 3618 938 3669 αὐτοί
979 3635 1164 3684 φασιν,
1192 3617 1307 3668 ἀλλ’
1342 3617 1611 3669 ένωθέντα
1634 3618 1711 3685 τῷ

112 3711 271 3779 Λόγῳ
297 3712 644 3777 γεννήσασα,
674 3707 933 3768 Θεοτόκος
962 3706 1180 3769 δικαίως
1206 3704 1269 3758 ἂν
1294 3705 1527 3771 λέγοιτο’
1552 3706 1709 3773 εἴγε,

112 3801 298 3863 καθὼς
333 3798 655 3869 ἔμπροσθεν
683 3796 921 3866 εἴρηται,
952 3796 1047 3865 τὴν
1082 3798 1275 3848 ἕνωσιν
1310 3796 1502 3865 ἀληθῆ,
1526 3798 1621 3849 καὶ
1650 3798 1709 3849 οῦ

113 3890 376 3955 καθάπερ
421 3890 483 3938 ὲν
528 3888 641 3948 τοῖς
683 3885 859 3952 ἁγίοις
916 3884 1187 3953 λέγουσιν.
1226 3884 1396 3936 Τοῦτο
1421 3885 1476 3936 δέ
1508 3903 1708 3953 φαμεν,

113 3979 190 4027 ὃτι
226 3978 290 4027 οὐ
322 3974 558 4026 δυνατὸν
593 3974 786 4026 ’ένωσιν
818 3974 990 4043 ἀληθῆ
1014 3974 1190 4041 λέγειν
1224 3973 1359 4043 μετά
1392 3974 1488 4043 τὴν
1517 3974 1711 4044 γέννη-

117 4080 228 4114 σινο
272 4066 449 4132 ἡμεῖς
502 4063 558 4114 δὲ
590 4064 693 4115 οὐκ
739 4062 1028 4131 ἄνθρωπον
1079 4062 1196 4131 Θεῷ
1244 4064 1534 4128 ὲνωθέντα,
1578 4064 1714 4116 ἀλλά

116 4155 246 4206 Θεδν
278 4156 356 4207 τὰ
386 4153 713 4221 ἀνθρώπινα
747 4152 1185 4224 προσλαϐόμενον
1207 4154 1429 4224 οἴδαμεν
1452 4157 1541 4207 τὸν
1576 4157 1709 4224 Χρι-

120 4248 260 4309 στὸν,
298 4247 455 4313 λέγω
502 4245 565 4315 δὴ
606 4245 787 4311 σῶμα,
835 4246 929 4297 καὶ
957 4246 1157 4315 ψυχὴν,
1208 4248 1298 4298 καὶ
1340 4246 1465 4297 νοῦν
1494 4246 1713 4307 τελείως

120 4341 290 4406 χωρὶς
348 4335 636 4403 ἁμαρτίας
691 4334 944 4386 ένοῦσθαι
984 4338 1051 4405 τῇ
1114 4335 1244 4403 ἁγίᾳ
1300 4336 1577 4406 Παρθένῳ.
1616 4339 1714 4389 Διά

1808 1893 1937 1947 nino
1978 1901 2098 1959 post
2146 1893 2583 1959 conjunctionem
2621 1896 2791 1964 ipsum
2826 1907 3043 1949 unctum
3076 1895 3238 1950 fuisse
3296 1898 3377 1949 di-

1806 1998 1930 2038 cere
1963 1986 2272 2039 uecessario
2299 1995 2579 2054 cogentur.
2609 1986 2743 2040 Nam
2779 1987 2944 2041 Deum
2974 1984 3208 2042 Verbum
3244 2002 3374 2057 pro—

1807 2073 1991 2141 plicta,
2024 2088 2123 2128 nec
2153 2089 2257 2128 non
2287 2074 2577 2142 Apostolus
2626 2076 2929 2145 theologico
2977 2091 3226 2130 sermone
3276 2077 3372 2129 de-

1807 2165 2071 2229 scribens,
2094 2165 2268 2219 eidem
2288 2166 2447 2218 etiam
2473 2167 2781 2220 unctionem
2806 2167 3089 2221 manifeste
3107 2169 3372 2222 attribuit.

1809 2254 1867 2309 Si
1903 2253 2043 2307 forte
2084 2254 2247 2322 igitur
2290 2264 2510 2323 propter
2550 2254 3009 2322 conjunctionem,
3055 2265 3109 2309 et
3154 2266 3375 2323 propter

1807 2344 1923 2413 ejus
1959 2360 2082 2397 cum
2109 2345 2329 2398 homine
2354 2346 2819 2409 coexsistentiam,
2869 2347 3009 2413 quod
3031 2356 3113 2399 est
3144 2348 3376 2400 hominis

1806 2435 2085 2503 proprium
2116 2433 2293 2488 Verbo
2314 2437 2726 2490 accommodant
2765 2435 3007 2504 przedicti
3035 2437 3232 2501 sancti,
3267 2438 3375 2489 uti-

1810 2539 1918 2593 que
1944 2533 2065 2593 post
2096 2525 2529 2591 conjunctionem
2579 2526 2752 2593 ipsum
2775 2528 3011 2581 chrisma
3036 2527 3234 2581 factum
3259 2541 3382 2581 esse

1810 2630 2034 2682 prorsus
2068 2616 2491 2671 confitebuntur.
2542 2615 2658 2671 1am
2691 2619 2735 2672 si
2778 2633 2899 2688 post
2940 2620 3375 2687 conjunctionem

1808 2705 1967 2761 Jesns
1994 2716 2190 2760 unctus
2222 2706 2339 2769 fuit,
2374 2710 2810 2777 conjunctionem
2845 2722 3024 2765 autem
3053 2711 3250 2765 nullam
3298 2713 3381 2766 di—

1817 2812 1944 2853 cere
1982 2796 2172 2852 volunt
2221 2808 2349 2852 ante
2407 2799 2527 2867 ejus
2556 2814 2623 2853 ex
2669 2799 2886 2869 Virgine
2925 2812 3150 2866 ortum,
3198 2805 3381 2873 sequi-

1814 2897 1900 2943 tur
1956 2896 2014 2942 ut
2066 2888 2156 2943 isti
2218 2904 2284 2943 ne
2354 2886 2746 2959 Christiparam
2816 2889 3033 2959 quidem
3088 2891 3377 2963 Virginem

1814 2977 2197 3033 conﬁteantur.
2241 2978 2375 3031 Nam
2433 2980 2477 3033 si
2512 2979 2872 3048 Christipara,
2912 2995 3139 3048 prorsus
3174 2992 3227 3036 et
3256 2982 3383 3038 Dei-

1817 3085 1947 3139 para
2005 3088 2018 3122 :
2086 3070 2131 3125 si
2188 3071 2366 3124 minus
2432 3072 2689 3140 Deipara,
2719 3072 2905 3139 utique
2946 3087 3043 3127 nec
3077 3073 3384 3143 Christipa-

1817 3179 1897 3215 ra.
1947 3160 2085 3215 Nam
2152 3164 2195 3215 si
2230 3163 2416 3216 unctio
2478 3173 2602 3231 post
2627 3165 3064 3233 conjunctionem
3091 3164 3210 3231 fuit,
3250 3182 3382 3235 pro-

1816 3264 2103 3322 ptereaque
2132 3253 2184 3306 in
2214 3252 2376 3308 Verbi
2404 3268 2689 3321 personam
2722 3270 2784 3308 ea
2815 3266 3118 3323 reputatur,
3156 3258 3381 3325 conjun-

1815 3345 2048 3399 ctionem
2084 3352 2267 3397 autem
2306 3356 2422 3413 post
2459 3347 2798 3400 nativitatem
2832 3360 2894 3399 ex
2927 3345 3147 3414 Virgine
3183 3348 3381 3401 factam

1815 3436 2020 3497 dicunt,
2044 3450 2110 3487 ne
2144 3434 2531 3503 Christiparam
2561 3437 2776 3503 quidem
2810 3452 2929 3491 esse
2960 3440 3381 3506 compericmus.

1817 3523 1985 3577 Secus
2029 3524 2073 3577 si
2128 3524 2461 3594 Christipara
2500 3533 2605 3589 est,
2665 3541 2795 3579 sane
2839 3537 2893 3580 et
2946 3527 3198 3596 Deipara.
3250 3530 3383 3584 Cum

1815 3615 1957 3667 enim
1977 3616 2157 3667 unctio
2182 3626 2307 3669 ante
2336 3616 2769 3683 conjunctionem
2797 3618 3021 3686 cogitari
3047 3636 3153 3673 non
3181 3623 3386 3688 possit,

1816 3706 1859 3757 si
1889 3703 2235 3771 Christipara
2267 3714 2352 3757 est
2380 3705 2568 3773 Virgo,
2622 3708 2875 3775 intraque
2924 3724 3041 3762 eam
3074 3710 3385 3776 coniunctio

1816 3795 1963 3849 facta
2004 3796 2140 3859 fuit,
2173 3809 2231 3847 ea
2286 3812 2406 3848 cum
2459 3812 2564 3849 non
2610 3798 2881 3851 hominem
2912 3838 2925 3861 ,
2964 3810 3019 3851 ut
3065 3800 3153 3854 isti
3183 3802 3334 3854 aiunt
3370 3839 3385 3865 ,

1816 3888 1908 3939 sed
1941 3886 2153 3938 unitum
2192 3886 2367 3939 Verbo
2389 3887 2666 3940 Christuui
2698 3890 2987 3956 pepererit,
3008 3890 3237 3958 Dcipara
3263 3892 3388 3960 jure

1817 3977 2027 4030 dicetur
2061 3993 2075 4039 ;
2116 3976 2418 4044 siquidem,
2460 3986 2518 4030 ut
2547 3988 2703 4031 antea
2740 3979 2938 4032 dictum
2981 3989 3064 4033 est
3090 4018 3105 4044 ,
3151 3980 3217 4034 de
3262 3998 3387 4035 vera

1818 4069 2174 4131 adunationc,
2205 4074 2307 4120 ndn
2344 4080 2522 4121 autem
2557 4069 2621 4122 de
2668 4068 2757 4121 illa
2812 4086 2933 4137 qua:
2983 4072 3033 4123 iu
3067 4073 3273 4125 sanctis
3309 4073 3386 4133 fit,

1818 4158 2131 4225 loquuntur.
2169 4157 2281 4211 [loc
2314 4169 2493 4212 autem
2523 4159 2775 4224 dicimus,
2806 4162 2932 4229 quia
2966 4160 3078 4215 fieri
3114 4164 3307 4229 nequit
3335 4173 3390 4215 ut

1817 4267 1945 4304 vera
1980 4253 2238 4306 adunatio
2268 4263 2387 4321 post
2432 4255 2771 4307 nativitatem
2814 4256 3044 4308 dicatur.
3102 4254 3208 4309 Nos
3264 4272 3391 4310 vero

1820 4358 1922 4395 non
1961 4344 2234 4396 hominem
2291 4344 2398 4396 Deo
2440 4346 2670 4409 unitum,
2702 4346 2795 4397 sed
2844 4345 3009 4398 Deum
3060 4347 3149 4413 qui
3198 4349 3390 4399 humao

120 4428 276 4480 τοετο
314 4427 426 4479 κᾶν
462 4424 753 4495 ἄνθρωπον
783 4425 1023 4495 ἀκούσῃς
1054 4424 1146 4477 τὸν
1179 4426 1411 4493 Χριστὸν
1450 4428 1708 4497 ὀνομαζό-

1821 4434 2038 4486 nitatem
2072 4436 2379 4501 assumpsit.
2417 4438 2507 4503 qui
2537 4450 2751 4503 corpus,
2794 4436 3107 4505 inquam,et
3152 4439 3390 4492 animum

126 4535 307 4584 μενον,
347 4516 425 4585 μὴ
463 4513 820 4565 ὲπιλανθάνου
852 4516 931 4567 ὅτι
962 4516 1053 4567 καὶ
1095 4515 1226 4579 Θεὸς
1258 4518 1507 4584 γέγονεν·
1540 4518 1713 4583 οὕτως

124 4609 497 4675 ἐπιστάμενος
527 4607 555 4658 6
613 4606 883 4675 μακάριος
910 4606 1145 4671 Παῦλος,
1181 4610 1311 4660 ποτὲ
1343 4610 1395 4660 δὲ
1426 4608 1558 4661 Θεὸν
1587 4612 1714 4679 ἐκή-

128 4714 355 4767 ρυττεν*
396 4717 413 4747 ι
454 4698 787 4767 Μνημόνευε
838 4698 970 4766 γὰρ,
1008 4699 1190 4767 φησὶν,
1240 4699 1442 4767 Ἰησοῦν
1479 4702 1713 4769 Χριστὸν

127 4790 509 4860 ἐγηγερμένον
540 4790 606 4839 έκ
636 4787 869 4859 νεκρῶν,
903 4790 996 4841 καὶ
1022 4792 1086 4841 ὲκ
1129 4790 1440 4859 σπέρματος
1468 4792 1651 4843 Δαϐίδ.
1690 4811 1704 4842 ι

126 4881 228 4933 Καὶ
262 4882 431 4933 πάλιν
456 4896 469 4908 ·
512 4898 530 4929 ι
556 4880 615 4930 '0
645 4879 701 4931 δὲ
726 4880 857 4942 Θεὸς
886 4882 977 4931 καὶ
1006 4880 1098 4932 τὸν
1120 4882 1322 4951 Κύριον
1353 4882 1594 4950 ἤγειρεν,
1622 4884 1715 4934 καὶ

128 4974 268 5039 ἡμᾶς
306 4972 583 5040 ἐξεγείρει
617 4970 704 5023 διά
744 4971 843 5041 τῆς
879 4971 1159 5039 δυνάμεως
1201 4972 1385 5024 αὑτοῦ.
1416 4991 1432 5021 ι
1474 4972 1713 5034 Ἀκούεις

130 5065 212 5115 τὸν
242 5067 308 5117 ἐκ
337 5064 661 5133 σπέρματος
695 5062 879 5127 Δασιδ,
899 5063 991 5115 καὶ
1014 5064 1078 5115 ἐκ
1105 5062 1314 5132 νεκρῶν
1342 5065 1713 5133 ἐγηγερμένον

132 5155 308 5220 σιφῶς
341 5153 758 5223 κηρυττόμενον
782 5169 795 5217 ;

200 5422 248 5476 ι’.
279 5422 412 5474 Ὅτε
450 5422 637 5473 τοίνυν
671 5420 919 5491 ἐναργῶς
951 5423 1349 5494 ἀποδέδεικται,
1370 5428 1469 5480 οὐκ
1499 5430 1715 5499 ἀνθρω-

130 5531 244 5581 ιπος,
274 5514 351 5575 ὡς
385 5515 597 5565 ἐκεῖνον.
632 5512 964 5581 νομίζουσιν,
996 5514 1109 5567 ἀλλ’
1147 5516 1175 5566 6
1218 5519 1385 5582 ἀΐδιος
1439 5520 1531 5572 τοῦ
1568 5521 1708 5573 Θεοῦ

204 5697 245 5731 ³⁸
275 5699 314 5754 il
347 5698 494 5755 Tim.
532 5711 596 5760 ιι,
629 5694 681 5749 8.
760 5696 805 5725 ⁸³
834 5694 875 5747 ΙΙ
898 5695 1020 5751 Cor.
1063 5713 1136 5759 ιν,
1167 5698 1254 5755 Η.

526 5790 800 5851 Parnm.
848 5789 961 5847 Gn.
1005 5791 1262 5852 LXXVI.

1824 4539 1886 4577 ac
1921 4534 2153 4577 mentem
2188 4524 2423 4593 perfecte
2457 4528 2506 4579 in
2554 4537 2739 4582 sancta
2796 4528 3015 4597 Virgine
3047 4529 3147 4582 sibi
3195 4532 3387 4595 univit,

1828 4620 1975 4672 hunc
2007 4620 2285 4673 Christum
2324 4636 2442 4673 esse
2469 4622 2691 4675 scimus.
2727 4623 3017 4688 Propterea
3049 4624 3260 4677 etiamsi
3295 4627 3391 4678 ho-

1823 4711 2021 4763 minem
2055 4711 2294 4763 audieris
2319 4710 2592 4764 Christum
2626 4712 2911 4773 nominari,
2954 4728 3019 4766 ne
3049 4713 3392 4767 obliviscaris

1821 4802 2068 4854 eumdem
2103 4812 2157 4855 et
2187 4800 2352 4855 Deum
2382 4816 2519 4857 esse.
2556 4804 2647 4857 Rei
2675 4803 2837 4871 probe
2868 4805 3116 4857 conscius
3152 4804 3350 4860 Paulus
3373 4843 3390 4867 ,

1819 4893 1976 4946 modo
2006 4894 2177 4961 ipsum
2218 4894 2382 4947 Deum
2410 4896 2774 4963 proclamabat
2806 4913 2818 4946 :
2860 4915 2876 4945 ι
2911 4894 3180 4950 Memento
3204 4898 3377 4961 enim,

1820 4982 2013 5049 inquit,
2044 4981 2227 5036 Jesum
2264 4982 2536 5037 Christum
2586 4985 2903 5038 suscitatum
2953 4999 3019 5038 ex
3054 4986 3306 5049 mortuis,
3338 4998 3394 5039 et

1820 5073 1884 5125 de
1934 5075 2137 5127 semine
2194 5075 2407 5127 Davidis
2463 5073 2663 5146 lui
2699 5084 2874 5129 ortum
2914 5076 2980 5127 ⁵⁸.
3030 5076 3387 5143 Rursusque:

1828 5182 1844 5213 ι
1882 5163 2025 5217 Deus
2060 5175 2237 5218 autem
2266 5168 2355 5233 qui
2392 5166 2674 5220 Dominum
2706 5169 3009 5229 suscitavit,
3046 5182 3143 5220 nos
3176 5182 3391 5235 quoque

1820 5255 2017 5308 virtute
2047 5272 2141 5309 sua
2175 5258 2399 5310 suscitat
2447 5259 2513 5314 ".
2579 5278 2595 5307 ι
2635 5259 2827 5311 Audin‘
2866 5260 3013 5312 illum
3066 5259 3133 5311 de
3180 5260 3386 5313 semine

1822 5346 2062 5409 Davidis,
2097 5357 2149 5399 et
2180 5365 2242 5401 ex
2272 5349 2499 5403 mortuis
2526 5351 2843 5402 suscitatum
2887 5349 3250 5417 proclamari?

1896 5435 1981 5487 10.
2016 5436 2147 5489 Cum
2179 5438 2359 5505 itaque
2401 5440 2825 5492 demonstratum
2860 5440 3138 5493 evidenter
3176 5439 3246 5492 sit
3276 5454 3386 5493 non

1823 5528 2116 5597 hominem,
2151 5540 2209 5584 ut
2241 5530 2326 5585 isti
2356 5540 2565 5601 putant,
2590 5532 2683 5587 sed
2711 5533 3097 5601 sempiternum
3133 5531 3223 5585 Dei
3250 5532 3378 5588 Ver-
