4042 6438
662 339 764 396 967

1649 330 1708 386 S.
1743 328 2019 389 CYRILLI
2055 327 2527 386 ALEXANDRINI
2562 330 2887 388 ARCHIEP.

3811 334 3918 388 268

663 453 788 504 bum
818 448 1172 503 liumanatum
1198 457 1265 501 ex
1303 443 1522 514 Virgine
1550 442 1844 514 prodiisse,
1883 445 2144 497 recedam
2177 441 2229 496 lii

2335 442 2507 510 Λόγος
2533 443 2966 515 ἐνανθρωπήσας
2995 443 3145 497 ἐστὶν
3177 443 3206 494 6
3249 443 3312 494 ἐκ
3338 440 3436 509 τῆς
3468 439 3750 510 Παρθένου
3778 458 3918 506 προ-

660 544 728 596 ab
758 555 945 597 errore
961 554 1078 602 suo,
1101 536 1451 594 etJudaicam
1475 536 1744 590 insaniam
1766 535 2042 590 omittant.
2075 553 2093 585 ι
2119 533 2233 589 Nisi

659 633 800 687 enim
829 629 1076 685 conversi
1114 629 1335 692 fuerint,
1369 627 1609 697 gladium
1647 641 1807 681 suum
1834 626 2102 680 adversus
2132 639 2229 680 eos

657 721 1060 791 splendiﬁcabit
1091 718 1464 774 Dominus“.i
1494 716 1626 772 Nam
1670 717 1815 786 quod
1846 717 2060 770 illorum
2079 715 2231 770 blas-

657 814 926 884 phemiam
975 813 1092 866 sine
1119 811 1228 865 ﬁne
1263 825 1372 865 non
1403 811 1473 864 sit
1496 809 1898 880 perlaturus,et
1925 809 2067 877 quod
2093 822 2232 862 non-

655 906 759 961 nisi
792 904 1203 974 longanimitate
1231 917 1326 957 sua
1385 917 1528 957 nunc
1573 901 1741 955 etiam
1797 901 2054 968 patiatur,
2107 899 2231 952 audi

653 993 781 1062 quid
809 1008 903 1063 per
928 993 1142 1046 beatum
1170 993 1492 1061 prophetam
1521 992 1689 1052 dicat,
1713 997 1770 1042 ut
1793 989 2051 1044 ultionem
2075 1002 2230 1042 suam

651 1091 775 1151 post
806 1082 1063 1137 toleratos
1091 1081 1185 1136 diu
1230 1081 1372 1147 illos,
1430 1080 1522 1150 qui
1564 1081 1616 1133 in
1670 1079 1872 1133 malitia
1912 1092 2230 1147 persevera-

653 1183 800 1240 runt,
834 1174 1168 1228 demonstret
1200 1188 1215 1224 :
1250 1189 1268 1222 ι
1305 1171 1496 1238 Tacui,
1544 1171 1755 1241 inquit,
1803 1172 1898 1226 sed
1933 1185 2060 1224 num
2103 1185 2229 1237 per-

650 1274 815 1334 petuo
837 1263 1027 1319 tacebo
1061 1277 1126 1318 ac
1178 1262 1468 1318 tolerabo?
1516 1262 1736 1318 Patiens
1768 1262 1842 1316 fui
1875 1261 2229 1330 parturientis

650 1359 844 1411 instar.
881 1354 1036 1408 Nunc
1082 1353 1360 1423 dissipabo
1387 1362 1442 1408 et
1480 1354 1774 1410 exsiccabo
1813 1353 1995 1420 simul,
2044 1353 2229 1407 deser-

651 1451 776 1504 talio
810 1457 1019 1503 montes
1041 1456 1096 1502 et
1127 1447 1316 1511 colles,
1351 1455 1580 1503 etomne
1608 1461 1831 1516 gramen
1855 1445 2074 1500 illorum
2102 1460 2226 1500 are-

647 1541 864 1605 faciam,
898 1552 1094 1608 ponam
1130 1535 1353 1591 ﬁumina
1389 1537 1442 1590 in
1474 1535 1715 1602 insulas,
1765 1544 1820 1591 et
1861 1535 2083 1606 paludes
2132 1549 2228 1588 ex-

647 1645 900 1686 arescere
939 1628 1133 1682 faciam
1181 1628 1248 1681 “.
1291 1646 1309 1678 ι
1359 1625 1544 1696 Neque
1585 1641 1743 1682 secus
1773 1626 2225 1695 praeclarissimus

660 1719 943 1789 llymnista
973 1716 1208 1771 celerem
1241 1716 1530 1783 impiorum
1571 1716 1870 1784 perniciem
1898 1713 2017 1768 fore
2045 1714 2219 1779 docet,

2339 533 2531 599 ελθὼν,
2569 536 3129 603 μεταγινωσκέτωοαν
3151 536 3199 587 οί
3231 532 3660 602 πεπλανημένοι,
3694 533 3787 585 καὶ
3816 532 3918 599 τῆς

2350 624 2646 694 Ἰουδαϊκῆς
2682 626 2867 688 ἀνοίας
2909 625 3260 695 ληγέτωσαν·
3304 643 3322 675 ι
3362 623 3486 676 Ἐὰν
3519 622 3627 691 γὰρ
3677 622 3750 690 μὴ
3797 623 3917 674 ἐπι-

2337 715 2670 787 στραφῶσιν,
2706 717 2804 786 τὴν
2855 716 3133 786 ῥομφαίαν
3185 713 3350 766 αὐτοῦ
3385 713 3505 766 κατ’
3550 712 3730 764 αὐτῶν
3767 712 3919 764 στιλ-

2337 805 2500 874 βώσει
2535 805 2761 875 Κύριος.
2797 823 2815 855 ι
2846 806 2971 858 ’Ότι
2995 803 3104 872 γάρ
3121 804 3220 857 ούκ
3245 805 3322 867 είς
3347 803 3498 866 τέλος
3531 803 3710 855 αὐτῶν
3732 803 3919 868 ἀνέξει

2331 915 2422 950 ται
2477 895 2964 967 βλασφημούντων,
3007 895 3100 948 καὶ
3133 895 3221 948 διὰ
3263 892 3647 965 μακροθυμίαν
3685 894 3765 946 ἔτι
3821 895 3921 946 καὶ

2334 988 2431 1042 νῦν
2469 988 2724 1058 ἀνέχεται
2779 986 3244 1057 βλασφημούντων
3267 1025 3282 1050 ,
3331 986 3497 1038 ἄκουε
3527 984 3580 1037 τί
3629 1001 3794 1055 φησιν
3828 985 3920 1038 διὰ

2332 1079 2425 1134 τοῦ
2459 1081 2732 1152 μακαρίου
2784 1081 3087 1151 προφήτου,
3135 1079 3236 1149 τὴν
3269 1079 3335 1130 ἐκ
3377 1076 3478 1147 τῆς
3531 1077 3726 1146 ἀνοχῆς
3776 1077 3919 1147 πρὸς

2333 1174 2458 1236 τοὺς
2498 1174 2856 1243 ἐπιμένοντας
2896 1175 2963 1242 τῇ
3001 1170 3175 1240 κακίᾳ
3229 1167 3579 1239 ἐπαγομένην
3629 1168 3915 1237 ἐκδίκησιν

2330 1266 2502 1337 δηλῶν
2523 1283 2536 1296 ⁸
2577 1285 2594 1316 ι
2631 1265 2967 1334 Ἐσιώπησα,
2998 1262 3152 1330 φησί·
3186 1260 3262 1330 μὴ
3288 1261 3382 1313 καὶ
3405 1259 3493 1312 ἀεὶ
3531 1259 3914 1329 σιωπήσομαι,

2331 1358 2424 1410 καὶ
2450 1356 2746 1426 ἁνέξομαι;
2782 1356 3164 1425 Ἐκαρτέρησα
3201 1352 3276 1415 ὡς
3303 1353 3336 1421 ἡ
3381 1351 3647 1403 τίκτουσα
3712 1350 3918 1418 ἐκστή-

2330 1464 2408 1499 σω
2451 1448 2544 1499 καὶ
2577 1445 2794 1516 ξηρανῶ
2829 1445 2964 1514 ἅμα,
3019 1444 3114 1495 καὶ
3163 1439 3439 1512 ἐρημώσω
3478 1439 3579 1508 ὅρη
3626 1440 3722 1491 καὶ
3785 1437 3917 1506 βου-

2329 1540 2473 1600 νοὺς,
2497 1539 2592 1590 καλ⁸
2618 1539 2797 1591 πάντα
2820 1536 2909 1590 τὸν
2938 1536 3131 1607 χόρτον
3154 1533 3333 1586 αὐτῶν
3362 1530 3582 1601 ξηρανῶ
3601 1546 3614 1557 ⁸
3638 1530 3733 1581 καὶ
3760 1528 3918 1598 θήσω

2329 1629 2608 1698 ποταμοὺς
2660 1630 2738 1690 είς
2786 1628 3004 1696 νήσους,
3038 1625 3133 1678 καὶ
3165 1623 3261 1692 ἒλη
3308 1622 3545 1690 ξηρανῶ.
3597 1639 3613 1671 i
3656 1619 3820 1671 Ούδὲν
3859 1617 3917 1668 δὲ

2326 1714 2487 1789 ἦττον
2517 1720 2610 1770 καὶ
2637 1720 2666 1771 6
2695 1717 2968 1778 θειότατος
2994 1713 3272 1784 ’Υμνῳδὸς
3310 1714 3530 1780 ταχεῖαν
3561 1710 3669 1762 τῶν
3698 1707 3920 1760 ἀσεϐῶν

645 1787 748 1866 etsi
778 1824 872 1864 eos
905 1808 1184 1876 aliquanto
1227 1817 1470 1875 tempore
1509 1815 1729 1875 propter
1765 1805 1860 1860 Dei
1899 1804 2225 1875 longanimi-

2334 1787 2568 1865 διδάσκει
2602 1809 2699 1878 τὴν
2731 1807 3034 1870 ἀπώλειαν,
3067 1805 3169 1859 κᾶν
3205 1805 3342 1875 πρὸς
3369 1803 3552 1871 ὀλίγον
3583 1800 3670 1854 διὰ
3704 1817 3921 1870 μακρο-

648 1910 815 1954 tatem
843 1897 1106 1954 valituros
1136 1898 1213 1952 ait
1240 1917 1257 1950 :
1290 1914 1309 1948 ι
1345 1895 1463 1950 Vidi
1489 1897 1632 1952 enim
1663 1897 1888 1965 impium
1912 1896 2224 1965 superexal-

645 1999 838 2055 tatum,
884 1999 937 2042 et
969 1988 1237 2043 elevatum
1266 1987 1406 2040 sicut
1447 1986 1639 2040 cedros
1674 1986 1864 2039 Libani
1905 2001 1918 2036 :
1953 1994 2006 2038 et
2047 1994 2226 2038 trans-

643 2080 744 2148 ivi,
779 2087 834 2134 et
895 2092 1023 2133 ecce
1060 2092 1165 2131 non
1208 2086 1326 2131 erat
1367 2093 1380 2130 :
1417 2076 1643 2145 (ιιιωεὶνί
1685 2089 1808 2132 eum
1837 2115 1851 2140 ,
1897 2083 1952 2129 et
1987 2089 2093 2129 non
2139 2084 2224 2130 est

644 2172 896 2226 inventus
926 2170 1078 2225 locus
1101 2169 1227 2238 eius
1257 2169 1323 2222 θ’.
1370 2188 1391 2222 ι

716 2262 806 2315 ll.
842 2261 968 2315 Haec
996 2261 1140 2315 enim
1186 2270 1241 2314 et
1289 2260 1395 2314 alia
1449 2258 1759 2329 liujusmodi
1810 2259 2117 2314 communia
2159 2259 2228 2312 iis

633 2353 898 2408 omnibus
925 2361 1072 2415 sunt,
1101 2352 1196 2422 qui
1253 2361 1415 2405 rectae
1466 2351 1589 2404 ﬁdei
1630 2351 1939 2420 dispergere
1979 2349 2228 2403 nituntur

644 2443 806 2509 ovile,
835 2441 996 2496 sicuti
1031 2449 1086 2494 et
1135 2439 1518 2508 praedictarum
1567 2441 1848 2494 haereseon
1900 2439 2084 2493 exitus
2132 2454 2226 2492 os-

648 2534 838 2588 tendit.
871 2531 1007 2598 Quid
1031 2531 1176 2585 enim
1207 2530 1437 2600 profecit
1482 2530 1598 2584 Arii
1653 2530 1801 2599 impii
1847 2530 2043 2583 error?
2087 2529 2226 2596 Quid

646 2624 922 2690 Eunomii,
951 2631 1005 2678 et
1039 2623 1250 2677 illorum
1283 2623 1373 2692 qui
1407 2623 1460 2676 in
1503 2631 1756 2676 sanctum
1789 2620 2052 2690 Spiritum
2083 2622 2229 2674 lilas-

645 2718 992 2786 phemarunt,
1019 2724 1075 2768 et
1138 2713 1289 2768 Pauli
1346 2713 1769 2777 Samosatensis,
1807 2722 1862 2767 et
1899 2713 2228 2782 Apollinaris

650 2807 858 2862 insania
885 2806 907 2859 ?
937 2805 1144 2874 Quippe
1177 2805 1229 2857 lii
1264 2818 1456 2859 omnes
1484 2813 1540 2858 et
1582 2805 1636 2857 in
1678 2805 1940 2874 praesenti
1977 2805 2229 2873 turpissi-

645 2914 796 2952 mum
827 2898 986 2951 ﬁnem
1016 2896 1161 2949 nacti
1210 2905 1360 2957 sunt.
1411 2904 1574 2965 atque
1627 2895 2018 2950 ecclesiasticis
2054 2896 2225 2964 septis

651 2993 808 3063 ejecti
844 2991 1058 3045 fuerunt
1082 3028 1097 3053 ,
1127 2999 1182 3042 et
1211 3001 1366 3042 extra
1411 2990 1690 3042 ccelcstem
1741 2987 2226 3056 primogenilorum

651 3081 950 3138 Ecclesiam
979 3079 1331 3149 projicientur
1358 3094 1372 3143 ;
1401 3077 1565 3132 deleti
1597 3087 1725 3132 sunt
1763 3077 1829 3130 de
1864 3077 2007 3131 libro
2039 3078 2230 3131 viven-

653 3175 788 3228 tium
816 3171 881 3237 ⁶³,
927 3178 982 3226 et
1021 3183 1143 3224 cum
1194 3168 1356 3235 justis
1410 3183 1516 3223 non
1566 3169 1896 3233 scribentur.
1942 3165 2088 3222 Idem
2134 3169 2232 3223 hos

653 3278 871 3334 quoque
904 3268 1086 3315 manet
1133 3260 1295 3325 ﬁnis;
1347 3259 1451 3314 nisi
1507 3260 1648 3314 forte
1705 3261 1891 3313 statim
1939 3261 2230 3313 amentiam

655 3369 806 3411 suam
837 3360 1195 3422 agnoscentes
1226 3389 1241 3413 ,
1298 3350 1427 3404 illuc
1484 3350 1628 3404 unde
1675 3350 1996 3403 exciderunt
2035 3349 2232 3402 reverti

657 3445 985 3515 sategerint,
1028 3444 1076 3498 ii'
1103 3442 1406 3513 praesertim
1447 3442 1540 3510 qui
1584 3455 1874 3511 pravarum
1916 3442 2232 3511 Opinionum

655 3545 907 3590 auctores
938 3532 1098 3603 primi
1157 3534 1513 3588 exstiterunt.
1555 3533 1795 3587 Audierit
1839 3535 1984 3586 enim
2038 3547 2232 3602 propc—

655 3627 872 3682 modum
911 3625 1104 3680 horum
1136 3623 1333 3693 singuli
1369 3623 1637 3678 dicentem
1673 3623 1784 3685 sibi.
1823 3622 2177 3678 Servatorem
2211 3641 2223 3675 :

657 3738 680 3771 ι
723 3715 1188 3784 Quemadmodum
1225 3714 1606 3769 vestimentum
1655 3729 1851 3769 cruore
1889 3715 2231 3782 inquinatum

655 3823 763 3864 non
795 3806 1168 3872 mundabitur,
1221 3806 1300 3858 sic
1349 3817 1416 3857 ne
1464 3815 1518 3857 tu
1565 3804 1783 3873 quidem
1817 3806 2050 3860 mundus
2076 3806 2229 3871 eris;

654 3901 781 3973 quia
815 3899 1086 3968 regionem
1117 3911 1292 3950 meam
1316 3897 1563 3961 vastasti,
1590 3895 1844 3965 populum
1875 3911 2054 3951 meum
2095 3898 2236 3952 occi-

653 3988 802 4050 disti,
858 4000 965 4040 non
1018 3983 1363 4052 permanebis
1413 3982 1467 4036 in
1519 3991 1787 4037 aeternum
1830 3995 2042 4054 tempus
2074 3986 2140 4041 “.
2208 4006 2226 4039 ι

651 4077 761 4134 Nos
792 4090 920 4131 vero
958 4076 1048 4144 qui
1077 4073 1232 4128 ﬁdem
1267 4083 1510 4128 nostram
1558 4089 1722 4143 super
1769 4075 2030 4130 immobili
2077 4085 2231 4147 petra

652 4171 899 4226 stabilem
929 4167 1337 4229 mdiﬁcavimus,
1388 4165 1457 4219 ad
1491 4166 1649 4220 ﬁnem
1688 4182 1857 4236 usque
1905 4169 2235 4238 religiosita-

656 4272 760 4316 tem
790 4273 974 4314 veram
1003 4270 1387 4311 conservemus
1409 4295 1426 4323 ,
1464 4255 1770 4311 nullatenus
1808 4257 1876 4310 ab
1904 4258 2232 4313 adversariis

656 4351 885 4412 turbati,
938 4348 1030 4403 sed
1081 4361 1210 4417 erga
1270 4347 1560 4401 Dominum
1615 4347 1934 4403 cliaritatem
1965 4389 1978 4414 ,
2016 4350 2230 4406 invictae

653 4451 944 4498 armatura:
973 4441 1147 4494 instar
1172 4439 1455 4503 habentes,
1489 4439 1543 4492 in
1593 4439 1710 4509 ipso
1768 4454 1985 4512 semper
2029 4443 2227 4513 glorie-
2259 4470 2304 4524 Ι)

653 4551 793 4600 mur,
811 4533 1084 4602 propheta:
1104 4532 1265 4585 verba
1292 4529 1672 4597 decantantes,
1697 4541 1750 4585 et
1779 4533 2222 4588 adversariorum

652 4625 1040 4697 ignobilitatem
1065 4623 1390 4677 irridentes:
1435 4641 1451 4673 ι
1485 4620 1772 4677 Nobiscum
1803 4623 1963 4678 Deus.
1995 4624 2222 4690 Scitote,

651 4718 855 4789 populi,
892 4725 947 4771 et
973 4714 1353 4785 deprimamini
1377 4731 1391 4781 ;
1418 4714 1512 4784 qui
1543 4715 1789 4770 valuistis
1812 4755 1826 4780 ,
1876 4727 2064 4785 postea
2095 4721 2227 4774 estis

651 4809 891 4879 depressi
921 4825 935 4860 :
970 4815 1025 4860 et
1060 4807 1106 4860 si
1144 4805 1342 4860 iterum
1375 4806 1682 4870 valueritis,
1702 4821 1858 4876 aeque
1885 4809 2176 4864 vincemini
2207 4827 2222 4876 ;

650 4910 704 4952 et
735 4899 778 4952 si
804 4896 932 4965 quid
960 4894 1394 4948 deliberaveritis
1417 4933 1431 4959 ,
1464 4895 1758 4950 consilium
1791 4907 2029 4951 vestrum
2062 4899 2225 4955 dissi-

653 4990 798 5059 pabit
833 4987 1121 5051 Dominus;
1167 4993 1222 5038 et
1267 4999 1426 5053 quem
1460 5000 1765 5040 sermonem
1810 4989 2127 5057 loquemini,
2185 4991 2229 5044 is

651 5080 790 5150 apud
839 5091 936 5133 vos
977 5091 1082 5131 non
1127 5076 1516 5144 permanebit;
1575 5078 1700 5146 quia
1747 5080 1888 5134 Deus
1935 5083 2216 5137 nobiscum

651 5182 734 5226 est
763 5171 828 5224 ⁸⁸.
870 5190 889 5222 ι

723 5264 810 5317 1ἓ.
843 5262 950 5318 Sed
983 5277 1132 5327 ecce,
1171 5263 1224 5316 lii
1257 5262 1465 5328 dicunt,
1495 5264 1780 5333 Apostolus
1813 5278 1999 5334 aperte
2044 5269 2217 5333 ipsum

654 5354 924 5409 hominem
961 5352 1269 5407 conﬁtetur.
1322 5351 1569 5421 Namque
1602 5355 1666 5407 ad
1700 5355 2043 5411 Timotheum
2077 5360 2214 5412 scri-

653 5448 785 5500 bens
819 5445 896 5500 sic
925 5445 1039 5498 ait:
1077 5461 1094 5493 ι
1136 5442 1304 5498 llomo
1333 5443 1582 5500 Christus
1611 5444 1768 5502 Jcsus
1793 5448 1858 5504 ⁸⁸.
1905 5466 1922 5499 ι
1958 5449 2070 5504 Hoc
2095 5453 2219 5504 dum

717 5628 760 5696 ευ
795 5624 937 5680 Psal.
965 5625 1177 5696 γυαδ.
1233 5625 1327 5696 ‘7“
1369 5625 1471 5679 lsa.
1499 5642 1630 5690 xui,
1680 5629 1763 5696 ll,
1804 5632 1885 5686 15.

655 5701 696 5730 6³
726 5695 825 5752 lsa.
860 5711 974 5762 \‘lll,
1002 5694 1150 5751 8-10.
1226 5693 1269 5724 “
1302 5696 1318 5748 Ι
1353 5697 1490 5751 Titii.
1527 5715 1586 5765 ll,

2001 5635 2043 5664 ’δ’
2073 5633 2214 5691 Psal.
2252 5653 2434 5702 xxxvu,
2464 5639 2551 5705 55,
2590 5639 2676 5694 '56.

2329 1900 2529 1970 θυμίαν
2562 1898 2697 1952 Θεοῦ
2742 1898 3034 1968 ἰσχύσωσιν
3060 1913 3074 1926 ⁸
3127 1916 3145 1947 ι
3188 1895 3325 1949 Ἰδον
3357 1893 3480 1963 ,γὰρ
3528 1891 3704 1960 ἀσεϐῆ
3741 1892 3919 1958 ὑπερ-

2331 1990 2660 2061 υψούμενον,
2695 1991 2787 2042 καὶ
2813 1989 3175 2060 ἐπαιρόμενον
3203 1988 3279 2050 ὡς
3308 1986 3406 2049 τὰς
3429 1985 3653 2054 κέδρους
3685 1982 3780 2036 τοῦ
3819 1984 3921 2035 Λι-

2329 2082 2492 2136 ϐάνου
2514 2098 2528 2112 ⁸
2561 2081 2656 2135 καὶ
2677 2081 2976 2152 παρῆλθον,
3009 2080 3106 2132 καὶ¹
3141 2078 3248 2130 ἰδοὺ
3277 2077 3376 2133 οὐκ
3408 2072 3475 2145 ἦν
3494 2091 3508 2104 ⁸
3543 2075 3637 2126 καὶ
3666 2073 3918 2142 ἐζήτησα

2328 2173 2513 2237 αὐτὸν,
2543 2174 2637 2226 καὶ
2658 2174 2755 2243 οὐχ
2785 2172 2988 2244 εὑρέθη
3011 2174 3037 2226 6
3065 2171 3230 2233 τόπος
3259 2167 3448 2221 αὑτοῦ.
3482 2186 3501 2217 ι

2402 2271 2490 2320 ια’.
2517 2265 2698 2318 Ταῦτα
2719 2265 2829 2334 γάρ
2858 2265 3044 2319 καὶτὰ
3068 2262 3293 2316 τοιαῦτα
3316 2259 3472 2312 κοινὰ
3502 2257 3719 2310 πάντων
3742 2255 3919 2316 ἐστὶν,

2327 2356 2442 2408 ὅσοι
2492 2355 2593 2426 τῆς
2644 2356 2926 2418 εὐσεϐείας
2983 2352 3393 2424 διασκορπίζειν
3447 2347 3793 2418 ἐπιχειροῦσι
3857 2346 3922 2397 τὸ

2329 2449 2600 2518 ποίμνιον,
2632 2447 2822 2518 ῶσπερ
2871 2442 2964 2500 οὖν
2996 2447 3092 2498 καὶ
3147 2444 3255 2497 τῶν
3299 2438 3728 2512 προειρημένων’
3763 2436 3924 2506 αἱρέ-

2332 2557 2469 2593 σεων
2498 2538 2558 2592 τὸ
2584 2540 2736 2600 τέλος
2771 2537 3067 2601 ἐπέδειξεν.
3105 2535 3171 2587 Τί
3203 2534 3311 2604 γὰρ
3337 2532 3548 2601 ὦνησεν
3573 2531 3673 2600 τῆς
3701 2530 3922 2600 Ἀρείου

2331 2629 2647 2693 δυσσεϐείας
2679 2632 2711 2699 ή
2746 2629 2958 2700 πλάνης
3015 2627 3069 2680 τί
3109 2626 3220 2694 δέὴ
3257 2623 3550 2693 Εὐνομίου,
3586 2621 3682 2674 καὶ
3716 2620 3829 2672 τῶν
3858 2620 3927 2672 τὸ

2332 2723 2558 2793 Πνεῦμα
2589 2721 2648 2775 τὸ
2691 2722 2844 2790 ἅγιον
2877 2717 3342 2790 βλασφημούντων
3364 2757 3378 2781 ,
3416 2714 3510 2768 καὶ
3537 2713 3630 2765 τοῦ
3663 2713 3926 2782 Σαμοσα-

2331 2815 2467 2878 τέως
2515 2814 2750 2874 Παύλου,
2781 2813 2876 2864 καὶ
2912 2809 3007 2863 τοῦ
3054 2806 3397 2876 καλουμένου
3447 2803 3830 2871 Ἀπολιναρίου
3885 2804 3920 2870 ή

2333 2904 2731 2977 παραφροσύνη
2756 2921 2770 2968 ;
2799 2902 3006 2964 Πάντες
3041 2899 3150 2969 γὰρ
3176 2894 3322 2952 οὗτοι
3355 2895 3452 2948 καὶ
3482 2898 3538 2948 ἐν
3569 2895 3646 2964 τῷ
3681 2893 3926 2964 παρόντι

2334 2997 2698 3050 ἐπονείδιστον
2722 2995 2874 3056 τέλος
2915 2993 3241 3062 ἐσχήκασιν,
3273 2989 3368 3042 καὶ
3396 2986 3504 3040 τῶν
3534 2986 3929 3056 ἐκκλησιαστι-

2335 3091 2447 3144 κῶν
2504 3086 2804 3158 περιϐόλων
2840 3083 3176 3151 ἐξώσθησαν,
3211 3082 3304 3133 καὶ
3348 3079 3448 3149 τῆς
3490 3079 3548 3131 ἐν
3579 3064 3828 3147 οὗρανοῖς
3867 3077 3929 3130 δὲ

2333 3181 2443 3235 τῶν
2491 3178 2851 3251 πρωτοτόκων
2889 3173 3213 3243 Ἐκκλησίας
3263 3171 3369 3234 ἔξω
3411 3170 3734 3240 ριφήσονται
3762 3183 3776 3197 ⁸
3827 3167 3928 3232 ἐξ-

2334 3272 2672 3344 ηλείφθησαν
2695 3270 2807 3338 γὰρ
2836 3269 2900 3319 ἐκ
2927 3265 3110 3335 βίϐλου
3134 3263 3374 3329 ζώντων,
3406 3263 3499 3313 καὶ
3532 3260 3669 3332 μετά
3693 3260 3931 3313 δικαίων

2333 3365 2432 3417 οὐκ
2453 3362 2918 3431 ἐγγραφήσονται.
2945 3357 3018 3409 Τὸ
3038 3357 3095 3408 δέ
3124 3355 3255 3407 αὐτὸ
3279 3354 3373 3405 καὶ
3399 3353 3621 3414 τούτους
3642 3351 3930 3416 ἐκδέξεται

2333 3453 2506 3515 τέλος,
2535 3453 2582 3501 εί
2616 3449 2689 3518 μὴ
2722 3449 2830 3518 ἄρα
2862 3447 3055 3497 θᾶττον
3084 3443 3184 3510 τῆς
3228 3441 3411 3500 ἀνοίας
3437 3439 3693 3501 λαϐόντες
3721 3439 3930 3508 αἴσθη-

2336 3560 2442 3604 σιν,
2470 3538 2787 3592 ἐπανελθεῖν
2815 3535 2936 3589 ὅθεν
2965 3535 3231 3598 ἐξέπεσαν
3261 3531 3656 3594 σπουδάσωσιν,
3684 3529 3777 3581 καὶ
3813 3530 3932 3599 μά-

2334 3635 2491 3687 λιστα
2523 3632 2647 3692 τοὺς
2681 3629 2957 3700 ἀρχηγοὺς
2986 3627 3086 3695 τῆς
3107 3621 3525 3693 κακοφροσύνης
3551 3619 3887 3690 γενομένους
3911 3637 3926 3650 ⁸

2325 3723 2658 3784 ἀκούσονται
2681 3720 2790 3790 γὰρ
2823 3718 3109 3788 μονονουχὶ
3147 3715 3243 3768 καὶ
3273 3714 3479 3765 τούτων
3507 3712 3739 3773 ἕκαστος
3767 3709 3933 3780 παρά

2333 3815 2427 3868 τοῦ
2483 3815 2766 3883 Σωτῆρος⁸
2815 3828 2833 3861 ι
2862 3811 2958 3861 Ὃν
2988 3808 3192 3877 τρόπον
3245 3806 3458 3874 ἱμάτιον
3486 3804 3544 3856 ἐν
3577 3803 3773 3870 αἵματι
3824 3821 3932 3856 πε-

2336 3906 2609 3979 φυρμένον
2645 3905 2746 3957 οὐκ
2799 3902 2952 3955 ἔσται
3009 3897 3270 3969 καθαρὸν,
3321 3893 3494 3959 οὕτως
3531 3894 3651 3948 οὐδὲ
3702 3895 3766 3946 σὺ
3820 3895 3930 3965 ἔσῃ

2333 3999 2600 4066 καθαρός⁸
2636 3995 2770 4048 διότι
2804 3994 2902 4064 τὴν
2932 3995 3034 4060 γῆν
3069 4007 3170 4061 μου
3203 3987 3512 4049 ἀπώλεσας,
3542 3986 3636 4038 καὶ
3666 3986 3757 4038 τὸν
3787 3985 3928 4039 λαόν

2337 4108 2439 4159 μου
2475 4079 2835 4149 ἀπέκτειναςο
2882 4085 2943 4137 ού
2996 4084 3070 4154 μὴ
3108 4081 3296 4152 μείνῃς
3325 4081 3405 4141 είς
3448 4078 3539 4131 τὸν
3579 4077 3748 4129 αἰῶνα
3790 4078 3934 4148 χρόαι

2335 4197 2446 4234 νον.
2480 4199 2497 4231 ›
2535 4181 2728 4248 Ἡμεῖς
2750 4180 2805 4230 δέ
2855 4178 2904 4229 oi
2927 4175 3024 4244 τὴν
3044 4173 3254 4229 ἐαυτῶν
3283 4171 3571 4223 πίστινέπὶ
3587 4169 3931 4242 τὴνάρῤαγῆ

2336 4271 2543 4340 πέτραν
2592 4269 3052 4338 οἰκοδομήσαντες
3088 4265 3335 4336 βεϐαίαν,
3390 4263 3550 4334 μέχρι
3597 4263 3786 4325 τέλους
3820 4264 3931 4335 τὴν

2335 4362 2615 4415 εὐσέϐειαν
2645 4359 3100 4429 διαφυλάξωμεν,
3141 4355 3406 4427 μηδαμῶς
3449 4356 3554 4407 ὑπὸ
3605 4355 3711 4407 τῶν
3763 4357 3934 4409 ἐναν-

2335 4455 2463 4506 τίων
2500 4451 2908 4522 θορυϐούμενοι,
2935 4450 3070 4503 ἀλλὰ
3090 4450 3186 4519 τὴν
3219 4449 3297 4511 είς
3320 4448 3410 4500 τὸν
3447 4446 3648 4517 Κύριον
3693 4447 3933 4517 ἀγάπην

2336 4543 2500 4596 ὅπλον
2557 4542 2813 4611 ἀνίκητον
2857 4540 3095 4609 ἔχοντες,
3155 4543 3212 4592 ἐν
3263 4537 3411 4607 αύτῴ
3462 4534 3805 4606 καυχώμεθα
3837 4537 3936 4590 διὰ

2337 4635 2577 4700 παντὸς,
2620 4634 2870 4702 λέγοντες
2920 4632 2990 4686 τά
3045 4631 3139 4685 τοῦ
3175 4631 3454 4702 προφήτου
3511 4631 3771 4700 ῥήματα,
3830 4632 3935 4683 καὶ

2337 4727 2602 4796 γελῶντες
2665 4725 2774 4777 τῶν
2834 4725 3092 4777 ἐναντίων
3146 4722 3245 4792 τὴν
3331 4720 3644 4773 εὐτέλειαν·
3702 4740 3719 4771 ι
3781 4723 3932 4774 Μεθ’

2335 4819 2493 4888 ἡμῶν
2518 4819 2545 4870 6
2575 4816 2740 4879 Θεός·
2775 4816 2968 4883 γνῶτε,
3010 4814 3161 4883 ἔθνη,
3207 4811 3301 4865 καὶ
3335 4811 3592 4882 ἡττᾶσθε,
3637 4811 3934 4878 ίσχυκότες

2335 4909 2606 4980 ἡττᾶσθε⁸
2645 4907 2740 4960 ἐὰν
2773 4908 2881 4976 γάρ
2925 4907 3086 4977 πάλιν
3129 4903 3418 4973 ίσχύσητε,
3463 4901 3626 4955 πάλιν
3675 4903 3930 4973 ἡττηθή-

2340 4999 2530 5052 σεσθε·
2587 5000 2682 5052 καὶ
2749 4999 2844 5051 ἐὰν
2882 4995 3270 5067 βουλεύσησθε,
3333 4993 3526 5064 βουλὴν
3569 4993 3934 5046 διασκεδάσει

2335 5091 2540 5160 Κύριος
2560 5107 2572 5118 ⁸
2601 5092 2695 5144 καὶ
2729 5092 2884 5159 λόγον
2919 5091 2977 5143 ὃν
3005 5091 3098 5143 ἐὰν
3131 5089 3426 5158 λαλήσητε,
3456 5087 3528 5154 ζού
3573 5087 3647 5156 μὴ
3680 5087 3937 5159 ἐμμείνῃ

2337 5183 2395 5234 ἐν
2432 5185 2558 5252 ὑμῖν
2582 5199 2594 5212 ⁸
2623 5185 2706 5235 ὅτι
2741 5184 2856 5253 μεθ’
2894 5182 3052 5252 ἡμῶν
3081 5181 3284 5252 Κύριος
3311 5182 3338 5232 6
3367 5179 3520 5242 Θεός.
3563 5197 3580 5228 ι

2414 5274 2497 5343 ιβ’.
2549 5275 2686 5327 Ἀλλ’
2714 5276 2843 5339 ἰδοὺ,
2881 5273 3067 5342 φασὶν,
3102 5277 3128 5326 6
3169 5272 3488 5334 Ἀπόστολος
3535 5268 3791 5339 φανερῶς
3824 5271 3929 5322 αύ-

2338 5365 2427 5418 τὸν
2455 5366 2739 5435 ἄνθρωπον
2771 5365 3147 5435 ὡμολόγησεν.
3177 5363 3425 5433 Τιμοθέῳ
3455 5361 3562 5432 γάρ
3585 5361 3934 5413 ἐπιστέλλων

2337 5456 2478 5509 οὕτω
2505 5458 2686 5528 φησίν⁸
2733 5477 2750 5509 ‹
2779 5457 3101 5527 Ἀνθρωπος
3143 5455 3378 5525 Χριστὸς
3423 5450 3652 5523 Ἰησοῦς.
3695 5470 3710 5502 ι
3747 5452 3936 5506 Τοῦτο

2788 5641 2832 5673 ⁶³
2857 5641 3005 5696 Psal.
3033 5655 3224 5704 vam,
3260 5637 3353 5692 θ’).
3463 5635 3506 5667 ⁸⁵
3538 5635 3642 5692 lsa.
3675 5650 3790 5698 xiv,
3832 5635 3930 5692 19.
