4042 6448
106 345 193 399 269
1221 339 1409 409 QUOD
1452 344 1511 401 Β.
1551 342 1771 399 MARIA
1812 343 1921 400 SIT
1959 344 2273 399 ῡΕιΡΑιιΑ.

3262 348 3368 403 9.70

106 462 144 511 Ξὲ
189 458 477 524 λέγοντες,
511 457 622 508 τῶν
671 457 1079 527 ἀκεραιοτέρων
1110 456 1359 511 δοκοῦσιν
1404 459 1693 528 ταράττειν

1803 458 1966 523 aiunt,
2003 458 2399 528 simpliciorum
2433 458 2686 512 videntur
2711 465 2949 513 mentem
2987 461 3231 517 turbare.
3261 460 3366 517 Sed

103 550 177 600 τὸν
215 550 385 600 νοῦν·
423 550 478 599 εἰ
528 548 638 618 γάρ
669 565 753 612 τις
788 549 1027 611 συνετῶς
1068 548 1146 618 τῷ
1195 549 1541 620 ἀποστολικῷ
1576 552 1699 602 ἐπι-

103 640 275 691 ϐάλλει
328 639 512 709 ῥητῷ,
590 642 657 691 ἐκ
706 640 899 692 τούτου
954 640 1187 709 μάλιστα
1242 639 1335 692 τοῦ
1386 639 1551 710 ῥητοῦ
1601 641 1699 711 τῆς

102 730 355 791 ἀσεϐείας
423 730 611 783 αύτῶν
660 730 1124 800 καταψηφίσεται.
1188 729 1352 782 Ἀλλά
1406 730 1480 798 μὴ
1527 728 1699 791 ούτως

102 821 629 889 ἁκρωτηριάζωμεν
679 820 781 890 τὴν
832 821 1006 884 λέξιν,
1042 820 1158 873 ἀλλ’
1202 820 1382 887 ὀλίγον
1434 818 1546 871 τῶν
1597 818 1697 888 έμ-

103 911 336 979 προσθεν
359 910 825 979 ἐπιμνησθέντες,
854 910 1017 981 ὀρθὴν
1046 908 1145 979 τῆς
1174 908 1482 977 οἰκονομίας
1510 908 1696 961 ἐντεῦ-

101 1004 184 1053 θεν
215 1002 320 1069 τὴν
352 1001 657 1071 ὁμολογίαν
692 1002 884 1070 νοῆσαι
918 1000 1283 1072 δυνησόμεθα.
1316 1000 1381 1053 Τί
1411 996 1503 1053 οὖν
1534 1016 1699 1069 φησιν

96 1094 119 1141 ὀ
148 1092 429 1159 μακάριος
458 1088 707 1155 Παῦλος;
746 1108 761 1140 ι
791 1085 884 1153 Εἷς
908 1090 1058 1153 Θεὸς,
1083 1110 1101 1142 ι
1132 1091 1295 1160 φησὶν
1317 1089 1558 1160 περὶτοῦ
1588 1091 1699 1141 Πα-

97 1186 213 1252 api;
233 1203 245 1213 ·
283 1186 383 1235 καὶ
417 1185 528 1255 εἴη·
553 1186 683 1253 περὶ
709 1184 803 1236 τοῦ
830 1184 981 1236 Υίοῦ·
1008 1202 1026 1234 ‹
1055 1179 1147 1247 Εἷς
1178 1185 1273 1237 καὶ
1299 1184 1540 1252 Μεσίτης
1561 1184 1696 1236 Θεοῦ

97 1277 185 1324 καὶ
216 1272 563 1343 ἀνθρώπων.
593 1292 611 1323 ι
644 1273 706 1325 lii
736 1274 867 1343 γὰρ,
900 1274 1082 1342 φησὶν,
1116 1276 1210 1326 καὶ
1240 1274 1460 1341 γέγονεν
1490 1273 1700 1343 ἅνθρω-

97 1382 211 1427 πος,
249 1366 371 1418 ἀλλ’
405 1366 471 1416 ού
508 1364 598 1416 διὰ
646 1364 804 1416 τοῦτο
843 1364 936 1416 δύο
970 1364 1134 1416 αὑτὸν
1189 1365 1515 1417 ὑποπτεύειν
1548 1364 1698 1433 ὀφεί-

96 1457 293 1524 λομεν·
336 1456 539 1526 ὥσπερ
582 1455 690 1527 γὰρ
730 1455 864 1518 Θεὸς
918 1451 986 1525 ἦν
1031 1457 1139 1527 πρὸ
1168 1455 1270 1524 τῆς
1319 1456 1618 1524 ἐπιδημίας
1667 1457 1696 1507 ὁ

96 1545 289 1611 Λόγος,
328 1544 481 1597 οῦτω
521 1545 617 1596 καὶ
648 1545 935 1614 γενόμενος
964 1546 1266 1616 ἄνθρωπος,
1298 1546 1393 1598 καὶ
1442 1544 1695 1614 μεσιτεύ-

98 1649 190 1693 σας
216 1632 316 1682 καὶ
347 1634 414 1700 τῇ
442 1630 735 1700 ἀνθρώπου
770 1632 952 1700 φύσει,
987 1628 1064 1692 εἷς
1089 1633 1408 1685 πάλινὲστίν
1429 1648 1441 1661 ·
1474 1633 1563 1685 διὰ
1589 1633 1696 1700 γὰρ

94 1722 250 1773 τοῦτο
277 1721 538 1791 Μεσίτην
570 1722 730 1773 αύτὸν
754 1722 941 1791 εἴρηκε
975 1720 1109 1772 Θεοῦ
1146 1722 1239 1773 καὶ
1265 1719 1589 1792 ἀνθρώπων,
1619 1720 1693 1785 ὡς

1802 550 1944 603 enim
1981 550 2025 603 si
2056 550 2177 619 quis
2212 548 2435 605 cordate
2478 549 2833 617 apostolicum
2885 551 3085 605 dictum
3122 554 3369 608 conside-

1804 650 1906 702 ret,
1940 641 1990 694 vi
2022 641 2181 709 hujus
2202 643 2438 696 maxime
2467 641 2618 704 dicti,
2657 643 3117 711 irreligiositatem
3153 644 3365 699 illorum

1803 734 2102 788 damnabit.
2140 732 2394 787 Profecto
2437 734 2579 786 haud
2613 733 2725 787 haec
2758 735 2913 788 nobis
2955 735 3157 791 locutio
3204 735 3369 789 veluti

1802 823 1991 876 mutila
2022 823 2336 891 accipienda
2369 823 2448 876 sic
2471 833 2576 885 est,
2612 823 2705 877 sed
2735 823 2893 891 paulo
2924 832 3071 877 retro
3100 824 3369 877 dictorum

1801 915 1868 967 ab
1897 914 2160 983 Apostolo
2196 924 2495 977 memores,
2550 921 2755 965 rectam
2800 913 2925 967 inde
2974 913 3372 967 incarnationis

1799 1002 2200 1058 confessionem
2230 1002 2528 1070 intelligere
2559 1001 2764 1055 licebit.
2804 1000 2939 1065 Quid
2969 1015 3096 1069 ergo
3140 1000 3215 1052 ait
3246 1001 3364 1052 bea-

1800 1103 1885 1145 tus
1918 1092 2158 1146 Paulus?
2198 1109 2213 1142 ι
2241 1090 2396 1146 Unus
2423 1092 2587 1155 Deus,
2628 1109 2646 1141 ι
2682 1091 2859 1159 inquit
2891 1091 2955 1143 de
2995 1089 3195 1155 Patre;
3230 1097 3369 1143 esto.

1800 1179 1874 1235 De
1894 1180 2031 1234 Filio
2064 1198 2076 1233 :
2115 1200 2132 1232 ι
2163 1180 2310 1237 Unus
2336 1190 2389 1234 et
2423 1181 2691 1234 Mediator
2720 1180 2814 1232 Dei
2839 1189 2893 1233 ct
2922 1179 3202 1232 hominum
3233 1178 3303 1230 ⁸⁷.
3350 1198 3367 1228 ι

1802 1268 1916 1323 Etsi
1962 1270 2127 1333 enim,
2179 1269 2376 1332 inquit,
2428 1269 2606 1322 factus
2651 1276 2735 1321 est
2771 1268 2972 1331 homo,
3037 1282 3143 1322 non
3194 1275 3373 1320 tamen

1802 1360 2009 1415 idcirco
2051 1362 2187 1414 duos
2235 1360 2409 1428 ipsum
2468 1358 2737 1427 suspicari
2806 1360 3085 1413 debemus.
3133 1358 3377 1425 Namque

1800 1452 1876 1505 uti
1904 1460 2021 1505 erat
2056 1460 2183 1505 ante
2214 1466 2375 1505 suum
2408 1450 2697 1504 adventum
2730 1449 2969 1504 Verbum
3007 1450 3186 1515 Deus,
3216 1449 3295 1504 sic
3323 1460 3376 1503 et

1801 1544 1964 1597 homo
1993 1542 2187 1605 factus,
2215 1554 2269 1597 et
2302 1544 2551 1595 humanae
2580 1551 2785 1595 natura:
2812 1541 3202 1609 interveniens,
3236 1557 3376 1595 unus

1798 1639 1976 1691 adhuc
2002 1647 2108 1692 est.
2141 1637 2265 1692 ldeo
2298 1636 2651 1691 Mediatorem
2689 1635 2867 1703 ipsum
2892 1636 2984 1689 Dei
3017 1643 3071 1689 et
3099 1636 3375 1691 hominum

1800 1729 1954 1793 dixit,
2009 1729 2134 1797 quia
2176 1744 2243 1783 ex
2294 1738 2524 1796 utraque
2576 1727 2878 1783 substantia
2926 1741 3062 1781 unus
3094 1736 3196 1782 est.
3235 1724 3369 1779 Nam

92 1815 150 1877 ἐξ
182 1814 530 1883 ἀμφοτέρων
560 1813 669 1865 τῶν
716 1812 914 1867 ούσιῶν
960 1813 1054 1865 ἕνα
1089 1812 1248 1865 ὄντα·
1282 1813 1342 1865 τὸ
1392 1812 1499 1883 γάρ
1541 1830 1697 1865 τινων

1806 1821 1948 1887 quod
1978 1820 2120 1873 inter
2153 1819 2334 1885 aliqua
2384 1818 2628 1872 medians
2669 1826 2796 1882 est,
2846 1824 3131 1885 utramque
3169 1823 3374 1884 partem

97 1904 390 1970 μεσιτεῦον
452 1903 787 1973 ἀμφοτέρων
833 1902 1013 1973 ἔχεται
1054 1903 1295 1965 πάντως.
1332 1904 1488 1955 Ἐστι
1515 1903 1694 1955 τοίνυν

92 1996 339 2065 Μεσίτης
366 1995 533 2057 Θεοῦ,
563 1996 651 2047 διὰ
681 1998 741 2048 τὸ
776 1996 878 2063 τῆς
907 1998 1075 2065 αὐτῆς
1106 1996 1290 2059 οὐσίας
1321 1997 1586 2067 ὑπάρχειν
1621 1996 1697 2065 τῷ

96 2086 270 2157 Πατρί
295 2102 306 2112 ·
346 2085 469 2137 ἐστι
502 2085 561 2136 δὲ
592 2086 755 2138 πάλιν
779 2086 872 2138 καὶ
897 2086 1201 2154 ἀνθρώπων
1224 2088 1487 2155 Μεσίτης,
1518 2088 1607 2138 διὰ
1638 2088 1697 2138 τὸ

92 2177 321 2247 καὶτῆς
371 2174 730 2245 ἀνθρωπείας
780 2177 1175 2245 μετεσχηκέναι
1220 2176 1435 2243 φύσεως
1477 2175 1697 2236 τελείως

90 2268 260 2337 χωρὶς
294 2265 590 2338 ἁμαρτίας
617 2266 715 2337 (1).
740 2267 1059 2339 ’Ἄνθρωπον
1078 2264 1170 2320 οῦν
1201 2267 1366 2321 αύτὸν
1395 2268 1521 2319 ὅταν
1548 2266 1698 2334 λέγει

94 2358 335 2427 Χριστὸν
380 2357 619 2425 Ἰησοῦν,
673 2358 748 2428 μὴ
788 2359 877 2411 διὰ
924 2359 1082 2412 τοῦτο
1133 2358 1694 2421 σκανδαλιζέσθωσαν,

93 2450 202 2502 ἀλλ’
257 2448 634 2502 ἐννοείτωσαν
669 2451 830 2502 αὑτὸν
877 2451 971 2503 καὶ
1014 2451 1217 2520 Κύριον
1250 2450 1343 2502 καὶ
1396 2448 1528 2501 Θεὸν
1582 2449 1691 2500 ovo-

95 2542 412 2612 μαζόμενον
442 2536 586 2609 μετά
628 2538 723 2590 τοῦ
771 2539 866 2591 καὶ
892 2540 1126 2610 Χριστὸν
1167 2539 1331 2592 πάλιν
1380 2538 1559 2605 λέγειν
1602 2537 1697 2591 καὶ

104 2631 349 2700 Ἰησοῦν·
409 2628 767 2683 ἀκονέτωσαν
829 2629 939 2699 γὰρ
1004 2629 1168 2681 αὑτοῦ
1219 2629 1312 2682 τοῦ
1372 2630 1695 2682 Ἀποστόλου

93 2724 250 2775 τοῦτο
284 2723 551 2791 φανερῶς
581 2722 726 2774 οὕτω
754 2720 1150 2791 κηρύττοντος·
1189 2738 1206 2771 ι
1244 2721 1693 2791 Προσδεχύμενοι,

95 2819 244 2884 gnat,
272 2815 384 2881 τὴν
420 2814 705 2882 μακαρίαν
740 2812 955 2875 ἐλπίδα,
991 2814 1086 2864 καὶ
1118 2812 1440 2879 ἐπιφάνειαν
1472 2812 1570 2881 τῆς
1610 2813 1692 2865 δό-

97 2905 186 2973 ξης
210 2905 313 2956 τοῦ
345 2903 593 2972 μεγάλου
616 2900 751 2954 Θεοῦ
780 2902 875 2953 καὶ
904 2902 1152 2970 Σωτῆρος
1178 2902 1333 2971 ἡμῶν
1372 2902 1543 2972 Ἰησοῦ
1571 2903 1699 2972 Χρι-

98 2996 244 3059 στοῦ,
275 2996 340 3057 ὃς
384 2994 594 3047 ἔδωκεν
631 2992 824 3048 ἑαυτὸν
856 2991 997 3061 ὑπὲρ
1035 2992 1210 3060 ἡμῶν.
1247 3010 1265 3041 ›

181 3093 250 3153 γ’.
316 3086 489 3155 Ὁρᾷς
517 3086 667 3147 ὅπως
696 3084 811 3135 ἐκεῖ
843 3082 942 3151 μὲν
980 3080 1266 3151 ἄνθρωπον
1312 3081 1545 3151 Χριστὸν
1588 3083 1695 3153 Ἰη-

98 3176 219 3229 σοῦν
252 3177 413 3242 λέγει
458 3175 549 3227 τὸν
586 3175 724 3244 ὑπὲρ
778 3173 999 3226 πάντων
1049 3172 1242 3226 ἑαυτὸν
1287 3169 1576 3237 δεδωκότα,
1614 3174 1698 3227 ἐν·

96 3268 269 3321 ταῦθα
324 3268 383 3317 δὲ
445 3267 626 3335 μέγαν
680 3264 813 3317 Θεὸν
861 3264 1095 3335 Χριστὸν
1141 3263 1368 3333 Ἰησοῦν,
1412 3264 1503 3317 τὸν
1536 3264 1697 3317 δόντα

100 3362 259 3412 πάλιν
297 3360 503 3411 ἑαυτὸν
543 3358 685 3426 ὑπὲρ
724 3356 915 3425 ημῶν;
959 3357 1130 3425 Διπλῆ
1162 3357 1269 3426 γὰρ
1303 3356 1535 3410 ἐνταῦθα
1578 3358 1695 3409 κατ’

98 3452 301 3513 αὐτῶν,
350 3450 559 3520 μᾶλλον
594 3449 735 3517 ὑπὲρ
770 3448 970 3509 αὐτῶν,
1023 3448 1071 3498 εί
1122 3446 1356 3500 ὲθέλοιεν
1392 3449 1696 3516 μεταγινώ-

102 3561 270 3605 σκειν,
306 3543 542 3609 γέγονεν
574 3542 608 3609 ἡ
640 3540 939 3605 ἀπόδειξις,
974 3538 1062 3591 διὰ
1104 3540 1165 3590 τὸ
1215 3538 1395 3606 λέγειν
1444 3541 1536 3593 καὶ
1567 3540 1698 3593 Θεὸν

98 3637 187 3686 καὶ
218 3633 441 3701 Κύριον
487 3628 717 3699 Ἰησοῦν,
751 3628 807 3680 ὃν
832 3630 1009 3679 ἐκεῖσε
1045 3628 1333 3697 ἄνθρωπον
1357 3628 1571 3699 εἴρηκε,
1602 3632 1698 3682 καὶ

97 3728 181 3780 δια
204 3726 307 3778 τοῦ
348 3727 407 3775 ὲν
462 3721 796 3792 ἀμφοτέροις
836 3720 1031 3772 ἑαυτὸν
1065 3720 1206 3789 ὑπὲρ
1241 3719 1397 3789 ἡμῶν
1429 3720 1701 3773 δεδωκότα

100 3820 420 3888 σημαίνειν.
476 3836 493 3867 ι
540 3815 863 3883 Ἀνθρωπος
907 3813 1037 3883 γὰρ,
1088 3812 1275 3880 φησὶν,
1319 3812 1555 3881 Χριστὸς
1597 3814 1701 3881 Ἰη-

102 3913 244 3977 σοῦς,
289 3913 319 3963 ὁ
350 3911 481 3971 δοὺς
512 3906 705 3959 ἑαυτὸν
740 3905 881 3975 ὑπὲρ
911 3904 1131 3957 πάντων
1161 3904 1501 3975 ἀντίλυτρον.
1543 3924 1561 3956 ι
1590 3905 1700 3958 Καὶ

101 4006 259 4057 πάλιν
284 4021 295 4031 ·
341 4022 358 4053 ι
400 3998 837 4070 Προσδεχόμενοι
875 3997 975 4066 τὴν
1026 3995 1302 4065 μακαρίαν
1340 3995 1552 4059 ἐλπίδα,
1605 3997 1702 4048 καί⁵

100 4097 191 4166 τὴν
240 4096 582 4162 ἐπιφάνειαν
614 4089 717 4157 τῆς
772 4088 929 4156 δόξης
962 4087 1055 4139 τοῦ
1131 4087 1367 4156 μεγάλου
1417 4086 1550 4139 Θεοῦ
1606 4088 1701 4141 καὶ

102 4190 361 4258 Σωτῆρος
394 4184 559 4255 ἡμῶν
620 4180 795 4251 Ἰησοῦ
849 4178 1107 4248 Χριστοῦ,
1160 4179 1217 4241 ὃς
1264 4178 1465 4232 ἔδωκεν
1511 4180 1702 4232 ἑαυτὸν

102 4282 235 4351 ὑπὲρ
272 4277 466 4349 ἡμῶν,
491 4276 581 4327 ἵνα
618 4273 971 4342 λυτρώσηται
1001 4272 1146 4340 ἡμᾶς
1176 4270 1284 4323 ἀπὸ
1319 4271 1499 4339 πάσης
1522 4272 1701 4340 ἁμαρ-

102 4372 238 4436 τίας,
275 4372 376 4423 καὶ
426 4366 708 4437 καθαρίσῃ
742 4364 919 4433 ἑαυτῷ
962 4363 1088 4415 λαὸν
1119 4362 1430 4431 περιούσιον
1471 4364 1570 4432 (2),
1604 4365 1700 4431 ζη-

1800 1909 2109 1979 participat.
2148 1908 2338 1980 1449
2369 1907 2465 1962 Est
2494 1922 2622 1977 ergo
2665 1906 2761 1961 Dei
2790 1907 3075 1970 Mediator,
3113 1913 3380 1974 quatenus

1799 2001 2043 2069 ejusdem
2074 2013 2135 2053 ac
2174 1999 2332 2052 Pater
2361 1998 2688 2052 substantiae
2725 2010 2808 2053 est
2844 2016 2856 2051 :
2908 2006 2993 2053 est
3046 1996 3174 2050 item
3207 1994 3379 2049 homi-

1802 2106 1925 2143 num
1986 2106 2200 2159 quoque
2229 2089 2540 2154 Mediator,
2581 2099 2847 2159 quatenus
2874 2090 3163 2142 humanam
3213 2086 3378 2141 etiam

1800 2192 2047 2236 naturam
2078 2183 2318 2250 perfecte
2366 2180 2661 2250 participat
2703 2181 2912 2249 absque
2942 2184 3191 2248 peccato.
3241 2175 3377 2231 Cum

1798 2285 1929 2338 ergo
1980 2271 2274 2341 Apostolus
2326 2272 2602 2325 hominem
2653 2271 2785 2325 dicit
2836 2268 3115 2324 Christum
3153 2266 3377 2328 Jesum.

1801 2374 2032 2417 caveant
2086 2378 2154 2416 ne
2212 2371 2498 2430 propterea
2554 2362 2871 2416 scandalum
2916 2359 3236 2428 patiantur,
3284 2350 3378 2411 sed

1805 2460 2058 2520 reputent
2088 2452 2378 2521 ipsummet
2411 2460 2466 2503 et
2508 2451 2673 2503 Deum
2699 2458 2753 2503 et
2782 2449 3065 2503 Dominum
3094 2447 3374 2519 appellari,

1800 2543 2073 2611 simulque
2113 2543 2278 2597 etiam
2306 2541 2585 2596 Christum
2612 2539 2910 2608 Jesumque
2962 2541 3091 2596 dici.
3143 2538 3379 2595 Audiant

1798 2635 1942 2688 enim
1968 2632 2217 2687 eumdem
2250 2630 2570 2700 Apostolum
2600 2631 2707 2685 hoc
2730 2641 2921 2700 aperte
2945 2632 3333 2699 prtedicantem
3363 2646 3376 2681 :

1805 2743 1823 2775 ‹
1862 2720 2483 2790 Exspectantes,inquit,
2518 2721 2733 2774 beatam
2759 2732 2933 2788 spem,
2981 2727 3037 2773 et
3062 2718 3383 2773 manifesta-

1800 2815 2001 2868 tionem
2030 2814 2216 2884 gloriae
2247 2814 2427 2880 magni
2475 2812 2570 2865 Dei
2607 2820 2663 2865 et
2688 2809 2997 2865 Servatoris
3037 2811 3211 2865 nostri
3254 2809 3381 2865 Jestt

1800 2905 2025 2968 Christi,
2063 2903 2157 2974 qui
2188 2902 2338 2957 dedit
2366 2902 2722 2971 semetipsum
2751 2916 2848 2971 pro
2880 2901 3037 2957 nobis
3080 2902 3145 2953 ⁸⁸.
3181 2918 3199 2952 ι

1878 3079 1964 3133 15.
2012 3078 2199 3134 Viden‘
2232 3078 2505 3148 quomodo
2539 3077 2649 3134 illic
2680 3078 2896 3150 quidem
2926 3080 3199 3135 hominem
3225 3080 3382 3136 Chri-

1802 3180 1945 3225 stum
1970 3168 2154 3226 Jesum
2186 3171 2317 3225 dicit
2349 3186 2471 3223 eum
2504 3171 2594 3239 qui
2614 3186 2711 3240 pro
2733 3172 2989 3228 omnibus
3016 3174 3251 3243 seipsum
3276 3181 3383 3227 tra-

1799 3262 1965 3326 didit,
1999 3261 2089 3315 hie
2130 3272 2312 3315 autem
2353 3273 2611 3329 magnum
2650 3260 2818 3316 Deum
2861 3263 3135 3318 Christum
3172 3263 3381 3328 Jesum,

1800 3355 1890 3422 qui
1930 3353 2167 3421 seipsum
2201 3353 2329 3407 item
2365 3366 2463 3422 pro
2514 3352 2671 3407 nobis
2716 3352 2967 3407 dedidit?
3005 3353 3209 3422 Duplex
3238 3356 3381 3409 enim

1802 3445 1929 3498 hinc
1978 3452 2167 3497 contra
2221 3443 2388 3512 ipsos,
2431 3444 2541 3498 imo
2589 3444 2767 3513 potius
2816 3460 2913 3513 pro
2956 3444 3111 3514 ipsis,
3159 3446 3204 3501 si
3252 3446 3386 3500 resi-

1802 3534 2019 3604 piscere
2043 3533 2235 3597 velint,
2266 3534 2326 3588 fit
2365 3535 2782 3602 demonstratio,
2813 3535 2939 3589 dum
2974 3536 3103 3590 dicit
3135 3545 3187 3591 et
3216 3536 3381 3592 Deum

1803 3636 1854 3680 et
1884 3626 2171 3680 Dominum
2202 3624 2409 3689 Jesum,
2456 3640 2619 3695 quem
2664 3625 2775 3680 illic
2808 3625 3083 3681 hominem
3133 3626 3382 3688 dixerat,

1803 3718 2039 3787 dumque
2070 3717 2332 3772 ambobus
2362 3719 2415 3771 in
2448 3718 2582 3773 locis
2626 3718 2803 3786 ipsum
2840 3734 2936 3787 pro
2986 3718 3144 3773 nobis
3192 3728 3386 3787 sponte

1804 3822 1863 3862 se
1898 3809 2188 3864 tradidisse
2218 3809 2509 3878 significat.
2546 3828 2563 3860 ι
2594 3808 2767 3863 Ηοιηο
2793 3810 2959 3872 enim,
2996 3807 3195 3877 inquit,
3225 3810 3386 3865 Chri-

1804 3911 1919 3955 stus
1951 3898 2129 3965 Jesus,
2163 3901 2256 3970 qui
2288 3901 2434 3955 dedit
2467 3901 2705 3969 seipsum
2741 3915 2840 3970 pro
2888 3902 3140 3956 omnibus
3174 3904 3386 3956 redem-s

1804 3992 2043 4061 ptionem
2077 3994 2142 4047 θ’.
2184 4012 2202 4043 ι
2240 3992 2559 4060 Rursusque
2605 4006 2616 4042 :
2656 4009 2673 4041 ι
2738 3991 3126 4059 Exspectantes
3169 3994 3384 4046 beatam

1805 4100 1979 4154 spem,
2003 4095 2060 4140 et
2093 4084 2585 4139 manifestationem
2614 4081 2800 4151 gloria
2833 4082 3011 4151 magni
3039 4081 3134 4136 Dei
3176 4092 3229 4137 et
3260 4081 3385 4136 Ser-

1804 4177 2013 4231 vatoris
2061 4176 2232 4230 nostri
2269 4173 2395 4229 Jesu
2440 4174 2677 4237 Christi,
2716 4174 2807 4242 qui
2838 4174 2985 4228 dedit
3030 4174 3387 4243 semetipsum

1804 4282 1901 4337 pro
1923 4267 2097 4331 nobis,
2136 4277 2195 4321 ut
2251 4267 2398 4321 omni
2434 4280 2534 4319 nos
2567 4276 2789 4333 peccato
2838 4265 3168 4331 redimeret,
3223 4281 3386 4320 mun-

1806 4361 2063 4427 daretque
2106 4358 2208 4413 sibi
2264 4357 2518 4426 populum
2576 4355 2950 4422 peculiarem,
3011 4355 3379 4411 mmulatorem

102 4464 276 4532 λωτὴν
308 4460 500 4513 καλῶν
539 4458 739 4528 ἔργων.
780 4475 797 4505 ι
831 4456 891 4507 Εἰ
916 4456 969 4507 δὲ
1000 4454 1285 4523 ἄνθρωπος
1322 4458 1439 4507 κατ’
1461 4456 1697 4519 ἐκείνους

1808 4450 2073 4504 bonorum
2111 4449 2422 4518 operum".
2458 4465 2477 4498 ι
2503 4446 2654 4511 Quod
2679 4448 2723 4500 si
2752 4448 2969 4501 nonnisi
3012 4446 3172 4502 homo
3211 4458 3292 4502 est
3331 4448 3385 4501 in

108 4555 264 4623 μόνον
298 4549 547 4620 Χριστὸς
612 4544 842 4615 Ἰησοῦς,
875 4546 901 4596 ὁ
943 4544 1064 4605 δοὺς
1098 4543 1290 4595 ἑαυτὸν
1334 4543 1472 4614 ὑπὲρ
1520 4545 1697 4611 ἡμῶν,

105 4649 196 4698 καὶ
225 4640 742 4714 περιποιησάμενος
780 4638 927 4705 ἡμᾶς
966 4633 1143 4702 ἐαυτῷ
1188 4634 1315 4685 λαὸν
1366 4634 1698 4702 περιούσιον,

110 4731 380 4801 ἀνθρώπῳ
433 4728 547 4798 ἄρα
591 4724 931 4794 λατρεύομεν
963 4722 1361 4791 παραπλησίως
1407 4725 1519 4784 τοῖς
1553 4722 1699 4774 ἔθνε-

112 4840 210 4886 σιν,
243 4824 338 4875 καὶ
360 4824 427 4891 τῇ
462 4820 641 4872 κτίσει
674 4816 858 4868 λοιπὸν
888 4814 987 4883 τὴν
1018 4817 1352 4884 Δεσποτικὴν
1387 4814 1703 4867 αύθεντείαν

114 4914 498 4979 ὰπώιδὸαμεν.
552 4907 695 4961 ’Λλλ’
751 4908 852 4959 ούκ
899 4908 1044 4959 ἐστιν
1089 4905 1292 4969 οῦτως,
1347 4906 1420 4975 μὴ
1470 4905 1700 4971 γένοιτο,

116 5004 244 5057 ἀλλὰ
304 5002 543 5074 [Κύριον
589 4998 683 5050 καὶ
740 4996 873 5048 Θεὸν
921 4993 1360 5062 ὲπιγινώσκομεν
1427 4992 1517 5044 τὸν
1570 4993 1703 5062 Χρι-

119 5095 266 5145 στάν·
312 5093 513 5160 γέγονε
569 5088 667 5141 μὲν
724 5085 833 5154 γὰρ
876 5082 1159 5153 ἄνθρωπος
1221 5080 1286 5133 δι’
1339 5082 1484 5149 ἡμᾶς
1529 5082 1556 5132 ὁ
1602 5078 1697 5130 τοῦ

709 5261 751 5290 ⁸⁸
782 5258 889 5314 Tit.
928 5276 986 5323 ll,
1023 5258 1104 5310 15.
1186 5258 1227 5288 ⁶⁹
1264 5253 1281 5306 1
1316 5254 1457 5308 Tim.
1494 5269 1553 5318 ll,
1581 5252 1632 5305 5.

191 5270 432 5325 "lTitn.
474 5281 536 5330 tl,
573 5265 626 5318 5.

196 5456 265 5521 (ι)
302 5452 435 5507 Hem
487 5446 789 5521 puichram_
819 5450 873 5495 ct
915 5440 1269 5510 theologicam
1317 5436 1561 5492 vocabuli
1593 5452 1698 5490 me-

126 5515 293 5575 diator
322 5515 790 5593 explicationem!
820 5582 851 5593 μ
1048 5583 1058 5593 ,
1108 5592 1115 5593 7
1291 5587 1301 5593 _
1430 5592 1433 5593 ν
1522 5592 1529 5593 γ
1594 5575 1627 5593 ,.

198 5596 270 5663 t2)
308 5577 630 5663 Περιούσιον
678 5582 998 5663 peculiarem
1048 5583 1379 5663 interpretor
1417 5577 1702 5663 cumgdivo

131 5645 474 5730 lliéronymo,
518 5645 687 5724 cujus'
725 5645 1257 5730 disputationei‘mde
1289 5650 1390 5727 hoc
1442 5645 1702 5730 vocabulo

128 5734 286 5788 refert
310 5716 372 5787 ex
418 5716 601 5795 ipsius
635 5716 1043 5781 commentariis
1094 5719 1428 5776 Sabaterius.
1461 5716 1703 5772 Caetero-

1809 4555 1994 4593 eorum
2022 4539 2289 4594 sententia
2322 4538 2569 4592 Christus
2594 4535 2773 4599 Jesus,
2807 4539 2900 4605 qui
2931 4538 3155 4592 tradidit
3176 4548 3379 4593 semet-

1811 4631 1983 4698 ipsum
2012 4646 2107 4699 pro
2138 4631 2410 4691 omnibus,
2450 4629 2664 4696 sibique
2694 4642 2792 4681 nos
2825 4627 2952 4681 fecit
2986 4628 3243 4697 populum
3287 4644 3383 4696 pe-

1812 4720 2091 4785 culiarem,
2146 4720 2355 4775 homini
2385 4719 2591 4787 utique,
2640 4732 2745 4771 non
2778 4733 2936 4772 secus
2962 4727 3125 4786 atque
3154 4720 3383 4780 ethnici.

1817 4810 2017 4863 cultum
2061 4811 2401 4875 exhibemus,
2440 4818 2493 4861 et
2543 4819 2807 4861 creatura:
2854 4804 3109 4875 deinceps
3137 4808 3380 4862 Domini-

1816 4915 1935 4953 cam
1969 4902 2287 4971 dignitatem
2337 4899 2709 4953 attribuimus.
2748 4896 3133 4953 Verumtamen
3174 4915 3279 4953 non
3314 4900 3387 4954 ita

1814 5008 1871 5046 se
1898 5008 1981 5047 res
2015 4994 2198 5056 habet,
2230 4992 2404 5045 absit!
2455 4991 2551 5044 sed
2588 4989 2899 5061 [Dominum
2925 5006 2987 5045 ac
3017 4992 3184 5046 Deum
3218 5007 3386 5061 agno-

1812 5082 2011 5135 scimus
2043 5080 2342 5136 Christum.
2379 5078 2627 5134 Profecto
2667 5079 2866 5134 factum
2920 5090 2999 5134 est
3029 5091 3251 5150 propter
3290 5098 3389 5136 nos

1709 5254 1754 5284 ⁷ο
1786 5254 1896 5309 Tit.
1927 5271 1987 5320 ll,
2019 5255 2108 5319 15,
2154 5256 2240 5308 14.

1812 5438 1903 5505 qui
1930 5438 2285 5489 abundantem
2328 5438 2751 5504 interpretantur
2778 5437 3114 5505 etymologia:
3160 5439 3263 5490 vim
3298 5454 3385 5492 sc-

1812 5518 2039 5575 quentes
2082 5508 2318 5569 Lucifer,
2354 5510 2702 5574 Augustinus,
2739 5516 2790 5558 et
2822 5507 3219 5561 Amht'osiasler
3268 5509 3387 5561 loco

1814 5579 2087 5645 praedicto.
2118 5576 2321 5643 Vulgati
2362 5579 2519 5629 lectio
2567 5576 2932 5645 acceptabilem
2984 5578 3069 5629 vix
3106 5578 3327 5632 dissidet
3353 5594 3383 5632 a

1814 5644 2125 5719 Symmachi
2156 5662 2338 5715 sensu,
2376 5662 2537 5715 quem
2566 5646 2708 5701 idem
2736 5644 3091 5715 Hieronymus
3127 5647 3313 5702 refert.
