4042 6464
3759 361 3872 412 27?.

607 371 705 421 i‘il
1631 364 1688 416 S.
1731 360 2002 416 CYRIIJJ
2041 358 2512 415 ALEXANDRINI
2555 357 2879 414 ARCHIEP.

609 485 769 538 homo
796 481 885 536 Del
922 478 1178 544 Verbum,
1213 479 1460 533 humana
1496 487 1702 532 naturae
1736 481 2176 542 communicaris,

2302 476 2421 530 θεοῦ
2471 475 2682 543 Λόγος,
2738 473 3022 545 μετασχὼν
3069 476 3168 544 τῆς
3222 476 3570 546 ἀνθρωπείας
3630 475 3873 542 φύσεως,

612 581 901 641 natumque
950 581 1054 633 est,
1084 570 1152 625 ob
1189 585 1342 625 suam
1389 569 1714 624 ineffabilem
1763 584 1890 640 erga
1932 570 2181 624 homines

2302 567 2384 620 ιιαὶ
2451 567 2776 636 γεγέννηται
2842 567 2931 620 διὰ
2987 568 3398 637 φιλανθρωπίαν
3460 569 3668 636 ἄφατον
3731 569 3879 634 μετά

611 665 954 725 charitatem,
985 677 1103 715 cum
1131 675 1192 714 ea
1222 670 1415 713 natura
1440 675 1504 713 ex
1545 670 1731 715 sancta
1778 671 1833 716 et
1869 661 2178 732 nuptiarum

2302 658 2492 725 ταύτης
2529 659 2592 710 ὲκ
2637 657 2737 727 τῆς
2769 658 2928 724 ἁγίας
2969 660 3064 710 καὶ
3112 660 3492 729 ἀπειρογάμου
3548 658 3829 728 Παρθένου
3857 676 3869 686 ·

609 767 829 821 experte
860 751 1073 822 Virgine
1103 768 1114 801 :
1146 750 1239 805 sed
1273 759 1450 805 tamen
1486 750 1564 806 sic
1593 751 1757 806 etiam
1799 752 1939 808 Deus
1985 763 2179 821 suapte

2302 749 2400 801 ὶλλ’
2447 744 2516 819 ἧν
2559 752 2654 802 καὶ
2696 748 2838 802 οὕτω
2880 749 3021 802 κατὰ
3068 749 3230 816 φύσιν
3273 750 3404 813 Θεὸς
3444 751 3538 802 καὶ
3589 750 3683 802 τοῦ
3733 747 3878 802 Θεοῦ

611 854 801 899 natura
832 854 969 907 erat,
1004 850 1058 896 et
1103 841 1200 895 Dei
1243 842 1429 897 Filius.
1485 843 1633 898 lianc
1665 845 1830 913 igitur
1864 846 1933 900 ob
1959 860 2180 900 causam

2302 840 2444 903 Γίόςσ
2497 840 2584 894 διὰ
2633 839 2840 909 ταύτην
2883 839 3172 910 τοιγαροῦν
3222 841 3322 910 τὴν
3380 840 3562 892 αἰτίαν
3621 841 3878 892 καλεῖται

607 947 663 992 et
692 938 853 992 homo
905 947 1151 997 vocatur,
1209 942 1264 988 et
1308 934 1470 988 simul
1532 945 1763 989 vocatur
1824 937 2005 1002 Deus,
2056 951 2178 990 cum

2302 933 2376 984 ιαὶ
2410 931 2718 1000 ἄνθρωπος,
2745 931 2990 984 καλεῖται
3017 932 3072 984 δὲ
3104 932 3196 984 καὶ
3228 932 3380 994 Θεὸς,
3414 926 3494 993 εἷς
3526 933 3618 982 καὶ
3652 934 3679 983 6
3709 932 3880 992 αὐτὸς

609 1028 679 1083 sit
711 1043 852 1081 unus
905 1027 1156 1094 idemque
1193 1024 1292 1079 sub
1344 1033 1575 1094 utraque
1618 1025 1977 1095 appellatione
2024 1027 2181 1081 Chri-

2302 1024 2543 1094 57:51pwa
2574 1025 2630 1076 ὲν
2669 1023 2902 1092 ἑκατέρᾳ
2938 1023 3281 1094 προσηγορίᾳ
3316 1022 3708 1094 Χριστός(⁴ι).]

609 1116 772 1188 etus.]

682 1208 766 1261 14.
804 1205 957 1274 Quod
991 1205 1134 1261 enim
1159 1205 1299 1261 haud
1324 1205 1695 1271 hominem,ut
1729 1206 1814 1260 isti
1847 1207 2180 1270 fabulantur,

608 1294 807 1351 Paulus
833 1298 1109 1351 Christum
1142 1297 1541 1366 pradicaverit,
1576 1298 1700 1352 audi
1742 1299 1795 1351 in
1827 1298 2063 1364 Epistola
2115 1297 2182 1353 ad

607 1384 917 1441 Corinthios
946 1386 1212 1439 dicentem
1242 1401 1256 1438 ;
1289 1403 1306 1436 ι
1330 1384 1445 1438 Νοη
1466 1385 1608 1438 enim
1647 1387 2010 1455 nosmetipsos
2047 1401 2184 1455 pra!-

609 1478 874 1538 dicamus,
904 1479 997 1532 sed
1021 1475 1206 1532 Jesum
1233 1476 1512 1531 Christum
1536 1477 1844 1539 Dominum,
1876 1493 1973 1532 nos
1999 1487 2181 1533 autem

609 1582 795 1626 servos
825 1580 1034 1624 vestros
1063 1579 1279 1637 pr0pter
1304 1567 1485 1623 Jesum
1515 1569 1582 1620 ⁷³.
1611 1586 1629 1619 ι
1658 1567 1849 1622 Viden‘
1873 1571 2185 1639 apostolicae

610 1659 895 1714 sententia:
919 1659 1194 1710 definitam
1229 1656 1542 1711 notionem?
1565 1655 1748 1712 Jesum
1768 1656 2182 1724 Christum,ait,

2361 1197 2442 1249 ιδ’.
2484 1196 2606 1248 ’Ότι
2638 1196 2745 1264 γὰρ
2775 1194 2875 1248 οὑκ
2903 1195 3210 1265 ἄνθρωπον,
3243 1194 3318 1257 ὡς
3351 1189 3500 1248 οὗτοι
3542 1195 3881 1264 μυθολογοῦ-

2288 1303 2392 1349 σιν,
2428 1288 2456 1339 6
2493 1285 2705 1348 Παῦλος
2735 1287 3002 1356 ἐκήρυττε
3050 1287 3139 1339 τὸν
3181 1286 3437 1356 Χριστὸν,
3471 1287 3634 1339 ἄκουε
3671 1289 3880 1358 Κοριν-

2286 1378 2421 1440 θίοις
2455 1377 2862 1441 ἐπιστέλλοντος
2895 1377 3061 1430 αὑτοῦ
3110 1379 3206 1431 καὶ
3254 1378 3536 1445 λέγοντος·
3578 1399 3594 1430 ι
3649 1380 3723 1432 Οὑ
3765 1379 3886 1449 γὰρ

2286 1467 2514 1528 ἑαυτοὺς
2545 1465 2918 1536 κηρύσσομεν,
2967 1459 3103 1519 ἀλλὰ
3144 1466 3352 1543 Ἰησοῦν
3379 1469 3614 1538 Χριστὸν
3645 1468 3883 1540 Κύριον,

2286 1557 2512 1619 ἑαυτοὺς
2539 1555 2596 1609 δὲ
2644 1553 2864 1619 δούλους
2905 1557 3058 1626 ὑμῶν
3102 1557 3192 1611 διὰ
3236 1557 3469 1626 Ἰησοῦν.
3510 1577 3528 1609 ι
3580 1559 3744 1629 Ὀρᾷς
3778 1560 3888 1628 τῆς

2288 1647 2656 1717 ἀποστολικῆς
2698 1647 2921 1718 γνώμης
2983 1648 3076 1701 τὸν
3128 1649 3292 1719 ὄρον;
3360 1649 3568 1718 Ἰησοῦν
3619 1651 3889 1718 Χριστὸν,

611 1748 936 1813 Dominum,
977 1758 1189 1802 nosmet
1223 1758 1403 1801 autem
1442 1763 1631 1802 servos
1671 1748 2051 1816 pradicamus.
2102 1748 2181 1802 Ad

2302 1741 2477 1808 ρησὶν,
2513 1739 2749 1809 Κύριον·
2806 1741 3032 1804 ἑαυτοὺς
3098 1740 3157 1793 δὲ
3208 1740 3428 1804 δούλους
3495 1743 3883 1814 κηρύσσομεν.

609 1839 882 1894 Romanos
919 1840 1041 1892 item
1078 1837 1318 1893 scribens
1342 1838 1416 1890 ait
1444 1854 1454 1886 :
1495 1856 1511 1888 ι
1553 1839 1628 1891 Ex
1654 1840 1852 1907 quibus
1883 1839 2176 1892 secundum

2302 1808 2611 1900 Ῥωμαίοις
2637 1830 2695 1883 δὲ
2742 1831 2906 1884 πάλιν
2934 1831 3268 1886 ἐπιστέλλων
3300 1831 3444 1886 οῦτω
3480 1808 3677 1903 φησίν·
3718 1808 3763 1885 ι’
3791 1836 3893 1899 Ἐξ

610 1943 826 1983 carnem
859 1924 1130 1991 Christus,
1157 1927 1248 1996 qui
1291 1936 1380 1980 est
1403 1942 1568 1996 super
1603 1928 1784 1980 omnia
1838 1929 1979 1982 Deus
2016 1927 2181 1981 bene-

2302 1914 2359 1974 ὒν
2390 1923 2418 1974 6
2449 1919 2680 1992 Χριστὸς
2708 1921 2768 1974 τὸ
2815 1922 2958 1976 κατὰ
2993 1923 3193 1993 σάρκα,
3226 1925 3255 1976 6
3284 1923 3358 1976 ὢν
3387 1924 3481 1977 ἐπὶ
3512 1927 3728 1978 πάντων
3749 1926 3893 1988 Θεὸς

610 2017 786 2071 dictus
817 2017 868 2070 in
899 2017 1116 2072 saecula.
1155 2017 1324 2068 Amen
1350 2017 1417 2067 ".
1461 2032 1479 2066 ι
1525 2015 1678 2082 Quod
1715 2016 1760 2069 si
1789 2015 1866 2068 uti
1907 2015 2180 2068 hominem

2302 2009 2584 2078 εὐλογητὸς
2622 2012 2705 2072 είς
2744 2013 2872 2073 τοὺς
2918 2011 3122 2075 αἰῶνας
3146 2030 3160 2044 ο
3197 2014 3364 2084 ἀμήν.
3409 2033 3426 2064 ι
3469 2015 3529 2066 El
3565 2016 3620 2068 δὲ
3671 2016 3895 2086 ἄνθρω-

609 2107 885 2163 Christum
911 2108 1290 2176 reputavisset,
1321 2107 1611 2161 dicendum
1648 2109 1716 2160 ab
1740 2122 1806 2161 eo
1835 2107 2017 2160 fuerat
2060 2125 2072 2159 :
2104 2105 2180 2159 Ex

2302 2115 2386 2150 πον
2419 2097 2685 2167 ἠπίστατο
2713 2100 2804 2153 τὸν
2831 2103 3085 2173 Χριστὸν,
3114 2102 3219 2154 ἔδει
3250 2104 3456 2171 λέγειν,
3487 2102 3660 2172 Ἐξῶν
3690 2109 3718 2159 6
3748 2109 3896 2178 Χρι-

612 2203 806 2270 quibus
859 2199 1154 2254 secundum
1185 2213 1406 2252 carnem
1449 2196 1725 2262 Christus,
1774 2198 1826 2252 in
1870 2213 1977 2268 quo
2024 2213 2187 2268 super

2302 2189 2411 2250 ςτὸς
2442 2188 2502 2240 τὸ
2539 2190 2679 2242 κατὰ
2713 2191 2911 2260 σάρκα,
2951 2192 3009 2243 ὲν
3048 2184 3093 2258 ᾧ
3120 2193 3150 2244 6
3180 2193 3275 2246 ἐπὶ
3306 2196 3522 2247 πάντων
3562 2195 3696 2259 Θεός
3719 2211 3733 2224 ·
3785 2196 3895 2249 νῦν

609 2293 793 2348 omnia
843 2293 1004 2346 Deus.
1041 2289 1192 2345 Nunc
1230 2305 1358 2344 vero
1388 2304 1494 2343 non
1544 2291 1617 2344 ita
1664 2291 1825 2353 dixit,
1884 2293 1977 2345 sed
2020 2292 2184 2345 Demn

2302 2280 2346 2332 Ξὲ
2379 2277 2538 2332 τοῦτο
2589 2281 2688 2349 μὲν
2717 2283 2819 2334 οὐκ
2867 2284 3076 2353 εἴρηκε,
3133 2283 3264 2336 Θεὸν
3298 2283 3353 2337 δὲ
3399 2286 3489 2336 τὸν
3521 2285 3760 2356 Χριστὸν
3790 2289 3896 2340 ἐπὶ

611 2395 773 2448 super
793 2379 974 2433 omnia
993 2377 1266 2433 Christum
1297 2393 1488 2447 magna
1523 2392 1656 2433 voce
1681 2378 2000 2433 declaravit.
2028 2379 2188 2450 [Illud

2302 2371 2513 2424 πάντων
2557 2371 2961 2441 μεγαλοφώνως
2995 2374 3296 2443 ἀπέφηνεν.
3359 2375 3456 2446 [οὑ
3494 2377 3600 2448 μὴν
3632 2378 3712 2442 δὲ,
3747 2378 3896 2431 ἀλλά

612 2471 836 2540 insuper
875 2470 1305 2531 consideremus,
1342 2468 1486 2535 quod
1528 2467 1632 2522 nisi
1668 2469 1835 2523 Deum
1865 2485 1973 2523 una
2001 2479 2057 2523 et
2083 2471 2182 2523 ho-

612 2563 811 2616 minem
853 2568 1159 2629 reputasset
1210 2559 1490 2613 Christum
1547 2560 1702 2614 divus
1751 2560 2047 2628 Apostolus
2083 2577 2187 2615 non

612 2656 840 2711 dixisset
865 2671 882 2704 ι
919 2653 1215 2708 secundum
1245 2666 1487 2706 carnem.
1527 2668 1544 2701 ι
1575 2650 1689 2704 Hoc
1715 2653 1860 2706 enim
1899 2653 2191 2707 manifeste

613 2748 679 2802 de
701 2761 766 2801 eo
798 2746 887 2814 qui
919 2759 1024 2798 non
1049 2742 1222 2796 solum
1251 2751 1335 2794 est
1360 2741 1548 2804 homo,
1581 2744 1677 2796 sed
1703 2742 1768 2795 de
1794 2756 1859 2795 eo
1885 2744 1974 2809 qui
2007 2751 2063 2796 et
2087 2745 2191 2796 alia

617 2836 846 2904 quadam
870 2831 1190 2886 substantia:
1227 2830 1438 2883 ratione
1465 2831 1738 2894 subsistit,
1768 2833 1967 2885 dicitur
1987 2876 2001 2898 ,
2034 2834 2192 2888 sicuti

613 2939 804 2994 reapse
834 2923 1082 2977 addidit:
1108 2937 1126 2972 ι
1164 2918 1254 2990 qui
1287 2929 1370 2973 est
1396 2935 1558 2987 super
1580 2922 1758 2974 omnia
1780 2919 1975 2976 Deus.»
2010 2923 2195 2990 Dupli-

614 3029 731 3070 cem
758 3012 967 3067 scilicet
1003 3011 1106 3064 hoc
1135 3011 1254 3064 loco
1301 3009 1367 3060 de
1415 3008 1710 3063 Servatore
1751 3021 1940 3064 nostro
1971 3015 2195 3080 protulit

613 3103 1031 3165 confesslonem,
1063 3110 1112 3154 et
1142 3099 1270 3168 quid
1294 3100 1363 3153 sit
1392 3101 1692 3153 secundum
1722 3117 1943 3156 carnem
1965 3104 2192 3156 detnon-
2220 3142 2261 3196 Ο

612 3206 817 3259 strans,
849 3202 903 3250 et
927 3192 1088 3248 simul
1121 3190 1288 3245 Deum
1326 3189 1674 3260 praedicans]
1704 3189 1838 3244 Nam
1876 3208 1967 3246 rex
2011 3203 2186 3246 terre-

614 3304 738 3352 nus,
772 3288 815 3341 si
852 3284 994 3338 forte
1040 3281 1336 3352 aliquando
1397 3280 1447 3334 in
1483 3283 1724 3335 consulis
1768 3281 1936 3350 ﬁgura
1973 3285 2191 3349 prodire

615 3377 764 3441 velit,
793 3392 900 3432 non
937 3376 1140 3430 idcirco
1171 3387 1262 3427 rex
1289 3386 1410 3426 esse
1441 3371 1638 3424 desinit
1661 3409 1674 3433 ,
1725 3388 1900 3439 neque
1949 3374 2188 3440 priorem

615 3469 933 3539 dignitatem
967 3465 1188 3527 amittit,
1227 3462 1321 3516 sed
1367 3477 1507 3516 unus
1538 3463 1787 3531 idemque
1841 3473 1946 3526 est,
1995 3473 2193 3534 prteter

615 3557 824 3627 regiam
874 3555 1215 3609 consularem
1248 3567 1466 3620 quoque
1498 3551 1816 3621 dignitatem
1850 3554 2058 3609 habens
2088 3573 2103 3609 :
2138 3564 2193 3610 et

613 3650 660 3703 sl
690 3645 957 3716 quispiam
997 3644 1141 3699 hunc
1170 3639 1364 3716 ιω
1398 3657 1580 3712 regem
1623 3643 1886 3706 nominet,
1929 3646 2078 3698 novit
2119 3648 2191 3700 si-

613 3737 728 3794 mul
762 3736 1009 3790 eumdem
1066 3748 1189 3790 esse
1235 3735 1325 3802 qui
1375 3733 1617 3788 consulis
1678 3734 1864 3787 habitu
1908 3748 2136 3792 ornatur
2173 3754 2188 3790 :

614 3828 966 3896 vicissimque
998 3825 1044 3879 si
1092 3825 1369 3879 consulem
1421 3824 1594 3891 ipsum
1637 3824 2028 3892 appellaverit,
2082 3843 2190 3881 non

617 3919 834 3988 ignorat
889 3917 1036 3970 hunc
1090 3911 1340 3968 eumdem
1379 3926 1498 3965 esse
1553 3927 1754 3982 regem.
1794 3913 1885 3968 Sic
1933 3914 2193 3972 Dominus

618 4016 803 4064 noster
831 4005 994 4061 Jesus
1025 4003 1281 4059 Christus
1305 4013 1424 4055 erat
1455 4002 1672 4071 quidem
1705 4002 1799 4057 Dei
1829 4006 2192 4070 sempiternus

615 4099 806 4164 Filius,
859 4097 1002 4153 Deus
1073 4110 1234 4150 verus
1283 4094 1594 4158 exsistens;
1669 4104 1942 4162 assumpta
2009 4106 2192 4152 autem

615 4191 904 4262 posuemis
925 4187 1257 4257 temporibus
1273 4187 1436 4240 etiam
1462 4187 1823 4250 humanitate,
1843 4203 1977 4241 unus
2018 4188 2190 4242 idem-

618 4296 723 4351 que
757 4291 859 4350 est,
886 4281 999 4336 sive
1033 4280 1196 4346 Deus,
1247 4279 1361 4332 sive
1403 4280 1588 4342 homo,
1631 4279 1746 4333 sive
1798 4277 1958 4334 Jesus
2003 4281 2190 4350 appet-

618 4371 780 4428 ietur.

2291 2479 2355 2530 γε
2395 2464 2614 2516 κάκεῖνο
2658 2463 3099 2535 διασκεψώμεθα,
3146 2467 3222 2530 ὡς
3267 2469 3316 2519 εί
3363 2470 3438 2538 μὴ
3472 2470 3604 2521 Θεὸν
3641 2471 3758 2537 ἅμα
3793 2476 3898 2524 καὶ⁸

2295 2552 2580 2622 ἄνθρωπον
2639 2554 2910 2622 ἠπίστατο
2975 2555 3064 2606 τὸν
3123 2556 3358 2623 Χριστὸν
3421 2562 3449 2610 6
3522 2559 3665 2621 θεῖος
3725 2561 3898 2615 Ἀπό-

2296 2642 2502 2708 στολος,
2531 2643 2631 2695 οὑκ
2680 2643 2745 2696 ἂν
2778 2643 2963 2712 ἔλεγεν
2990 2644 3056 2696 τὸ
3089 2646 3239 2698 κατὰ
3289 2646 3519 2714 σάρκα·
3571 2650 3732 2704 τοῦτο
3775 2654 3896 2725 γὰρ

2295 2732 2543 2802 φανερῶς
2591 2734 2685 2785 ἐπὶ
2738 2733 2831 2786 τοῦ
2885 2733 2961 2804 μὴ
3013 2736 3174 2804 μόνον
3221 2737 3547 2808 ἀνθρώπου,
3603 2742 3740 2794 ἀλλᾶ
3792 2748 3896 2797 καὶ

2297 2823 2418 2877 καθ’
2461 2824 2647 2896 ἔτερόν
2696 2841 2750 2877 τι
2786 2825 2883 2895 τὴν
2929 2825 3114 2878 οὐσίαν
3169 2828 3323 2892 ὄντος
3377 2830 3629 2897 λέγεταιο
3691 2833 3899 2905 ὥσπερ

2296 2912 2388 2969 οὖν
2442 2917 2537 2968 καὶ
2582 2917 2882 2985 ἐπήγαγεν,
2917 2921 2948 2970 ό
2981 2917 3066 2970 ὢν
3095 2919 3197 2972 ἐπὶ
3225 2921 3467 2975 πάντων
3498 2923 3659 2989 Θεός·
3688 2925 3898 2994 διπλῆν

2298 3008 2406 3078 γὰρ
2455 3005 2688 3059 ἐνταῦθα
2745 3007 2843 3073 τὴν
2900 3010 3029 3079 περὶ
3058 3011 3151 3063 τοῦ
3197 3013 3449 3084 Σωτῆρος
3491 3016 3646 3085 ἡμῶν
3693 3018 3899 3087 ὁμολο-

2297 3099 2422 3164 γίαν
2465 3097 2836 3165 παραδέδωκε,
2893 3101 2989 3152 καὶ
3035 3101 3098 3151 τὸ
3154 3102 3295 3154 κατὰ
3341 3105 3520 3174 σάρκα
3573 3107 3894 3173 ἐπιδείξας,

2297 3185 2391 3238 καὶ
2421 3184 2552 3238 Θεὸν
2585 3187 2932 3257 ἀνακηρύξας
2971 3188 3096 3261 (2).]
3133 3191 3341 3262 Ὀνπερ
3371 3195 3479 3263 γὰρ
3503 3196 3703 3266 τρόπον
3735 3201 3764 3252 6
3796 3202 3898 3254 ἐπὶ

2298 3277 2401 3346 γῆς
2436 3277 2707 3346 βασιλεὺς,
2748 3280 2802 3331 εἴ
2847 3295 2974 3332 ποτε
3021 3283 3079 3333 ιν
3134 3283 3343 3336 ὑπάτου
3398 3289 3636 3357 σχήματι
3685 3291 3896 3360 προελ-

2299 3371 2410 3424 θεῖν
2440 3370 2750 3443 βουληθείη,
2796 3373 2859 3426 οὑ
2888 3374 2974 3427 διὰ
3001 3375 3159 3429 τοῦτο
3186 3377 3280 3430 τοῦ
3331 3374 3469 3432 εἶναι
3496 3380 3752 3447 βασιλεὺς
3790 3384 3897 3436 πέ-

2301 3479 2526 3525 παυται,
2555 3462 2679 3515 οὕτε
2722 3464 2828 3534 μὴν
2865 3466 2963 3534 τὴν
2989 3468 3262 3538 προτέραν
3295 3469 3613 3523 αὑθεντείαν
3661 3472 3897 3525 ἀπώλεο

2303 3569 2414 3616 σεν,
2447 3553 2560 3605 ἀλλ’
2592 3551 2673 3615 εἷς
2701 3556 2794 3607 καὶ
2820 3556 2848 3607 ό
2877 3553 3038 3619 αὐτὸς
3068 3559 3304 3628 ὑπάρχει
3346 3561 3483 3629 πρὸς
3519 3564 3585 3630 τῇ
3637 3561 3899 3634 βασιλείᾳ

2301 3643 2480 3696 καὶτὸ
2521 3642 2621 3712 τῆς
2655 3644 2920 3708 ὑπατείας
2949 3646 3088 3716 ἔχων
3107 3663 3122 3680 ο
3156 3649 3260 3701 κᾶν
3290 3650 3343 3700 εῐ
3371 3667 3454 3712 τις
3497 3651 3757 3720 ὀνομάσοι
3788 3655 3898 3721 βα-

2302 3734 2474 3799 σιλέα,
2527 3731 2667 3788 οἶδεν
2709 3736 2784 3800 ὡς
2832 3737 2992 3800 αὑτός
3036 3741 3184 3791 ἐστιν
3227 3742 3255 3792 6
3306 3741 3399 3793 καὶ
3429 3741 3488 3794 τὸ
3528 3740 3627 3794 τοῦ
3673 3743 3898 3798 ὑπάτου

2303 3829 2488 3899 σχῆμα
2521 3828 2974 3899 περιϐαλλόμενος
2994 3844 3009 3860 ο
3052 3829 3146 3880 καὶ
3178 3829 3337 3882 πάλιν
3366 3846 3422 3882 τε
3465 3834 3512 3883 εί
3557 3829 3766 3885 ὖπατον
3797 3831 3900 3886 τὸν

2302 3919 2462 3972 αὑτὸν
2492 3917 2766 3987 όνομάσοι,
2797 3917 2889 3970 τὸν
2927 3917 3087 3970 αὑτὸν
3116 3915 3256 3972 οἶδεν
3303 3921 3397 3972 καὶ
3445 3920 3670 3989 βασιλέα
3709 3922 3900 3976 ὑπάο-

2301 4026 2466 4078 χοντα
2523 4009 2600 4078 (5)
2627 4027 2638 4038 ·
2658 4009 2833 4072 οῦτως
2865 4011 2892 4062 6
2918 4010 3122 4079 Κύριος
3156 4012 3312 4081 ἡμῶν
3353 4011 3560 4082 Ἰησοῦς
3591 4014 3620 4066 6
3649 4013 3899 4083 Χριστὶς

2300 4091 2368 4166 ἦν
2410 4097 2510 4165 μὲν
2539 4096 2626 4150 ἀεὶ
2652 4097 2745 4150 τοῦ
2773 4095 2910 4149 Θεοῦ
2951 4098 3098 4162 Υἱὸς,
3130 4098 3262 4161 Θεὸς
3303 4099 3566 4170 ὑπάρχων
3607 4101 3893 4168 ἀληθινὸς,

2303 4189 2625 4261 προσλαὸὼν
2654 4190 2710 4242 δὲ
2751 4193 2808 4242 ἐν
2853 4191 3098 4260 ὑστέροις
3125 4192 3336 4262 χρόνοις
3377 4194 3471 4245 καὶ
3515 4193 3573 4245 τὸ
3605 4193 3896 4263 ἀνθρώπι-

2302 4299 2414 4346 νον,
2459 4275 2539 4343 εἷς
2588 4283 2682 4334 καὶ⁵
2723 4282 2750 4332 6
2799 4281 2962 4342 αὑτὸς
3009 4281 3263 4350 ὑπάρχει,
3309 4283 3411 4335 κᾶν
3451 4283 3584 4346 Θεὸς
3633 4285 3895 4355 λέγηται,

2302 4374 2405 4428 κᾶν
2433 4373 2738 4442 ἄνθρωπος,
2773 4372 2874 4425 κᾶν
2915 4371 3139 4442 Ίὴσοῦς.

691 4465 778 4522 15.
812 4465 940 4532 Quae
976 4479 1095 4519 cum
1133 4464 1203 4516 ita
1240 4479 1297 4517 se
1324 4463 1578 4528 habeant,
1637 4464 1816 4532 agesis
1855 4464 2188 4521 Dominicum

2375 4470 2454 4516 ιε’.
2499 4462 2716 4516 Τούτων
2744 4463 2801 4516 δὲ
2834 4464 3007 4527 οὕτως
3037 4465 3289 4533 ἑχόντων,
3321 4466 3452 4535 φέρε
3504 4465 3598 4518 καὶ
3641 4467 3744 4536 τὴν
3776 4470 3896 4521 Κυ-

620 4571 834 4627 quoque
857 4554 1072 4609 elTatum
1107 4555 1158 4607 in
1201 4555 1437 4607 medium
1463 4557 1846 4620 producamus,
1883 4557 2038 4626 cujus
2059 4573 2194 4625 pra:-

619 4648 778 4716 cipue
833 4662 999 4700 causa
1053 4645 1312 4700 audacius
1368 4643 1523 4699 nobis
1592 4646 1798 4699 instant
1859 4649 2193 4714 adversarii;

622 4752 816 4809 nempe
839 4737 979 4806 quod
1011 4737 1199 4805 ipsein
1229 4737 1554 4805 evangelicis
1589 4738 2065 4806 prmdicationibus
2099 4741 2196 4795 ho-

622 4829 822 4884 minem
847 4844 903 4884 se
925 4828 1207 4884 confessus
1235 4830 1306 4884 sit
1345 4829 1534 4883 dicens
1564 4844 1576 4878 :
1623 4849 1640 4880 ι
1670 4830 1777 4885 Cur
1815 4846 1900 4885 me
1952 4833 2198 4900 quaeritis

621 4920 889 4984 occidere,
954 4918 1224 4975 hominem
1298 4919 1390 4986 qui
1451 4921 1730 4975 veritatem
1785 4922 1936 4976 vobis
1981 4924 2194 4978 locutus

623 5027 740 5067 sum
768 5010 848 5065 υτ
878 5030 896 5062 ι
922 5008 1029 5067 Sed
1052 5011 1196 5066 enim
1225 5009 1408 5080 siquis
1439 5011 1683 5065 veritatis
1714 5013 1991 5068 studiosus
2023 5029 2193 5068 evan-

691 5185 735 5217 "
771 5185 813 5237 ll
852 5185 978 5240 Cor.
1022 5201 1094 5250 tv,
1128 5186 1181 5239 5.
1257 5183 1301 5215 "
1345 5181 1501 5238 Rom.
1533 5199 1608 5250 tx,
1644 5185 1692 5238 5.

692 5363 769 5430 (l)
796 5362 1100 5431 RecitaturA
1122 5361 1210 5431 hic
1238 5368 1442 5431 tractus
1489 5359 1805 5431 nominatim
1841 5376 1902 5416 ex
1934 5364 2034 5417 hoc
2080 5362 2186 5431 Cy-

622 5427 728 5486 rilli
754 5427 1003 5485 Sermone
1027 5447 1052 5482 a
1077 5429 1382 5483 JuStiniano
1414 5430 1540 5495 imp.
1563 5429 1614 5480 in
1637 5427 1889 5483 Tractatu
1907 5433 1970 5483 ad
2001 5427 2188 5484 mona-

623 5503 753 5555 chos
781 5501 1171 5556 Alexandrinos
1215 5498 1637 5566 Monophysitas,
1666 5515 1821 5566 quem
1868 5516 1964 5552 nos
2015 5503 2185 5554 edidi-

621 5587 740 5624 mus
775 5572 970 5636 Script.
1001 5581 1093 5624 vet.
1131 5580 1169 5622 t.
1209 5567 1319 5629 Vll,
1356 5567 1508 5633 cujus
1529 5569 1657 5636 ivide
1693 5585 1743 5636 p.
1773 5570 1896 5623 506.
1934 5569 2184 5624 Felieitcr

1775 5187 1818 5216 "
1853 5185 2006 5241 Joan.
2045 5202 2160 5251 vm,
2196 5187 2284 5242 40.

2307 4554 2501 4627 ριακὴν
2532 4556 2610 4617 είς
2659 4555 2821 4623 μέσον
2857 4558 3040 4625 φωνὴν
3074 4557 3398 4626 ἀγάγωμεν,
3430 4559 3515 4624 ἐφ’
3549 4560 3615 4627 ἣν
3647 4559 3894 4626 μάλιστα

2301 4647 2394 4699 καὶ
2428 4646 2761 4716 θρασύτερον
2794 4649 2928 4716 ἡμῖν
2956 4647 3268 4713 ἐφίστανται
3300 4648 3569 4714 λέγοντες,
3601 4648 3675 4710 ὡς
3719 4651 3893 4714 αὑτὸς

2299 4742 2356 4792 ἐν
2399 4744 2510 4802 τοῖς
2553 4740 2925 4806 εὑαγγελικοῖς
2974 4740 3320 4809 κηρύγμασιν
3367 4740 3654 4810 ἄνθρωπον
3687 4743 3893 4797 ἑαυτὸν

2299 4831 2648 4901 ὡμολόγησεν
2669 4829 2849 4897 λέγων
2870 4846 2882 4857 ο
2927 4849 2944 4878 ι
2985 4831 3048 4881 Τί
3082 4847 3147 4899 με
3181 4831 3394 4899 ζητεῖτε
3423 4834 3767 4898 ἀποκτεῖναι,
3801 4837 3891 4890 ἄν·

2301 4924 2516 4993 θρωπον
2543 4923 2601 4985 ὃς
2630 4923 2727 4992 τὴν
2751 4923 3007 4990 ἀλήθειαν
3053 4925 3181 4993 ὑμῖν
3225 4925 3528 4995 λελάληκα;
3567 4945 3586 4977 ι
3617 4928 3678 4978 Εἰ
3706 4927 3769 4980 δέ
3802 4946 3890 4991 τις

2303 5013 2613 5083 φιλαλήθως
2644 5016 2753 5076 τοῖς
2781 5013 3155 5082 εὑαγγελικοῖς
3183 5015 3462 5070 ἐπιϐάλλει
3481 5017 3720 5087 χωρίοις,
3751 5019 3888 5072 ἔνθα

2293 5363 2681 5419 inveniremus.

2362 5432 2436 5502 (2)
2467 5433 2644 5503 Hunc,
2675 5448 2889 5503 quoque
2933 5432 3118 5503 Cyrilli
3165 5444 3397 5488 tractum
3450 5433 3660 5494 recitat,
3702 5443 3757 5486 et
3783 5449 3886 5489 suo

2288 5503 2602 5557 te5timonio
2625 5502 2754 5557 facit
2779 5502 3149 5558 authenticum
3172 5504 3514 5558 lustinianus
3539 5504 3653 5556 loco
3681 5506 3882 5557 citato.

2363 5571 2603 5642 (5)Apte
2651 5575 2823 5626 utitur
2871 5575 2971 5628 hac
3019 5575 3371 5627 similitudine
3412 5573 3669 5640 Cyrillus,
3721 5574 3883 5640 cujus

621 5655 749 5694 vero
779 5640 934 5711 nobis
983 5641 1228 5711 contigit,
1264 5650 1328 5711 ut
1373 5635 1559 5711 Cyrilli
1597 5635 1772 5711 simul
1819 5655 1970 5708 Optls,
2008 5643 2179 5708 deque
2285 5635 2443 5696 aetate
2474 5635 2650 5695 adhuc
2683 5642 3040 5711 imperatores
3065 5645 3431 5708 consulatum,
3455 5635 3586 5697 'cum
3629 5643 3708 5697 eis
3743 5635 3878 5697 libe-

621 5723 686 5765 eo
731 5709 903 5780 regale
955 5723 1021 5767 ac
1067 5705 1424 5765 certissimum
1476 5705 1766 5763 Justiniani
1815 5705 2177 5765 testimonium
2284 5713 2396 5777 bat,
2447 5711 2693 5766 adibant.
