  <div class='ocr_page' id='page_1' title='image "/cluster/home/n/w/nwhite01/storage/ocr_20150623/76/ien.35556001661040/148.png"; bbox 0 0 4042 6476; ppageno 0'>
   <div class='ocr_carea' id='block_1_1' title="bbox 119 370 2280 449">
    <p class='ocr_par' dir='ltr' id='par_1_1' title="bbox 119 370 2280 449">
     <span class='ocr_line' id='line_1_1' title="bbox 119 370 2280 449; baseline 0.012 -27"><span class='ocrx_word' id='word_1_1' title='bbox 119 370 205 423; x_wconf 76' lang='lat'><strong>273</strong></span> <span class='ocrx_word' id='word_1_2' title='bbox 1223 378 1410 445; x_wconf 82' lang='lat' dir='ltr'><strong>QUOD</strong></span> <span class='ocrx_word' id='word_1_3' title='bbox 1450 382 1510 438; x_wconf 86' lang='grc' dir='ltr'><strong>Β.</strong></span> <span class='ocrx_word' id='word_1_4' title='bbox 1558 384 1771 441; x_wconf 75' lang='lat' dir='ltr'><strong>MARIA</strong></span> <span class='ocrx_word' id='word_1_5' title='bbox 1815 389 1922 443; x_wconf 84' lang='lat' dir='ltr'><strong>SIT</strong></span> <span class='ocrx_word' id='word_1_6' title='bbox 1963 389 2280 449; x_wconf 76' lang='lat' dir='ltr'><strong>DEIPARA.</strong></span> 
     </span>
    </p>
   </div>
   <div class='ocr_carea' id='block_1_2' title="bbox 3266 403 3371 459">
    <p class='ocr_par' dir='ltr' id='par_1_2' title="bbox 3266 403 3371 459">
     <span class='ocr_line' id='line_1_2' title="bbox 3266 403 3371 459; baseline 0.038 -5"><span class='ocrx_word' id='word_1_7' title='bbox 3266 403 3371 459; x_wconf 59' lang='grc' dir='ltr'>οη</span> 
     </span>
    </p>
   </div>
   <div class='ocr_carea' id='block_1_3' title="bbox 119 485 1704 581">
    <p class='ocr_par' dir='ltr' id='par_1_3' title="bbox 119 485 1698 571">
     <span class='ocr_line' id='line_1_3' title="bbox 119 485 1698 571; baseline 0.013 -35"><span class='ocrx_word' id='word_1_8' title='bbox 119 485 256 538; x_wconf 70' lang='grc' dir='ltr'>τοῐτο</span> <span class='ocrx_word' id='word_1_9' title='bbox 279 486 590 557; x_wconf 75' lang='grc' dir='ltr'><strong>λελάληκεν</strong></span> <span class='ocrx_word' id='word_1_10' title='bbox 616 492 644 542; x_wconf 99' lang='lat'><strong>6</strong></span> <span class='ocrx_word' id='word_1_11' title='bbox 668 490 880 562; x_wconf 81' lang='grc' dir='ltr'>Σωτὴρ,</span> <span class='ocrx_word' id='word_1_12' title='bbox 917 496 1119 566; x_wconf 65' lang='grc' dir='ltr'>σφόδρα</span> <span class='ocrx_word' id='word_1_13' title='bbox 1164 500 1573 565; x_wconf 82' lang='grc' dir='ltr'><strong>καταγνώσεται</strong></span> <span class='ocrx_word' id='word_1_14' title='bbox 1600 505 1698 571; x_wconf 81' lang='grc' dir='ltr'><strong>τῆς</strong></span> 
     </span>
    </p>
   </div>
   <div class='ocr_carea' id='block_1_4' title="bbox 1807 485 3373 581">
    <p class='ocr_par' dir='ltr' id='par_1_4' title="bbox 1807 508 3373 581">
     <span class='ocr_line' id='line_1_4' title="bbox 1807 508 3373 581; baseline 0.007 -20"><span class='ocrx_word' id='word_1_15' title='bbox 1807 508 2003 577; x_wconf 76' lang='lat' dir='ltr'><strong>gelicos</strong></span> <span class='ocrx_word' id='word_1_16' title='bbox 2033 511 2198 564; x_wconf 83' lang='lat' dir='ltr'><strong>adibit</strong></span> <span class='ocrx_word' id='word_1_17' title='bbox 2250 512 2416 581; x_wconf 86' lang='lat' dir='ltr'><strong>locos,</strong></span> <span class='ocrx_word' id='word_1_18' title='bbox 2472 513 2558 570; x_wconf 88' lang='lat' dir='ltr'><strong>hic</strong></span> <span class='ocrx_word' id='word_1_19' title='bbox 2612 513 2701 569; x_wconf 87' lang='lat' dir='ltr'><strong>ubi</strong></span> <span class='ocrx_word' id='word_1_20' title='bbox 2751 513 3006 570; x_wconf 82' lang='lat' dir='ltr'><strong>Servator</strong></span> <span class='ocrx_word' id='word_1_21' title='bbox 3041 513 3113 570; x_wconf 88' lang='lat' dir='ltr'><strong>ita</strong></span> <span class='ocrx_word' id='word_1_22' title='bbox 3162 514 3373 574; x_wconf 85' lang='lat' dir='ltr'><strong>locutus</strong></span> 
     </span>
    </p>
   </div>
   <div class='ocr_carea' id='block_1_5' title="bbox 117 576 1695 657">
    <p class='ocr_par' dir='ltr' id='par_1_5' title="bbox 117 576 1695 657">
     <span class='ocr_line' id='line_1_5' title="bbox 117 576 1695 657; baseline 0.01 -31"><span class='ocrx_word' id='word_1_23' title='bbox 117 576 443 644; x_wconf 74' lang='grc' dir='ltr'>κακοτέχνου</span> <span class='ocrx_word' id='word_1_24' title='bbox 487 576 717 647; x_wconf 82' lang='grc' dir='ltr'><strong>γνώμης</strong></span> <span class='ocrx_word' id='word_1_25' title='bbox 762 582 961 647; x_wconf 79' lang='grc' dir='ltr'>αὐτῶν,</span> <span class='ocrx_word' id='word_1_26' title='bbox 994 586 1085 635; x_wconf 68' lang='grc' dir='ltr'>καὶ</span> <span class='ocrx_word' id='word_1_27' title='bbox 1135 586 1577 657; x_wconf 80' lang='grc' dir='ltr'>φιλεγκλήμονας</span> <span class='ocrx_word' id='word_1_28' title='bbox 1619 590 1695 641; x_wconf 85' lang='grc' dir='ltr'>δι-</span> 
     </span>
    </p>
   </div>
   <div class='ocr_carea' id='block_1_6' title="bbox 116 666 1695 747">
    <p class='ocr_par' dir='ltr' id='par_1_6' title="bbox 116 666 1695 747">
     <span class='ocr_line' id='line_1_6' title="bbox 116 666 1695 747; baseline 0.011 -32"><span class='ocrx_word' id='word_1_29' title='bbox 116 666 269 727; x_wconf 75' lang='grc' dir='ltr'>καίως</span> <span class='ocrx_word' id='word_1_30' title='bbox 320 666 668 719; x_wconf 79' lang='grc' dir='ltr'>ἁπωιαλέσει</span> <span class='ocrx_word' id='word_1_31' title='bbox 718 670 814 722; x_wconf 73' lang='grc' dir='ltr'>καὶ</span> <span class='ocrx_word' id='word_1_32' title='bbox 878 674 1251 740; x_wconf 78' lang='grc' dir='ltr'><strong>συκοφάντας·</strong></span> <span class='ocrx_word' id='word_1_33' title='bbox 1303 677 1542 730; x_wconf 78' lang='grc' dir='ltr'>τοσαῦτα</span> <span class='ocrx_word' id='word_1_34' title='bbox 1587 679 1695 747; x_wconf 85' lang='grc' dir='ltr'>γὰρ</span> 
     </span>
    </p>
   </div>
   <div class='ocr_carea' id='block_1_7' title="bbox 113 756 1695 831">
    <p class='ocr_par' dir='ltr' id='par_1_7' title="bbox 113 756 1695 831">
     <span class='ocr_line' id='line_1_7' title="bbox 113 756 1695 831; baseline 0.01 -25"><span class='ocrx_word' id='word_1_35' title='bbox 113 756 399 823; x_wconf 66' lang='grc' dir='ltr'>λελάληκεν</span> <span class='ocrx_word' id='word_1_36' title='bbox 431 759 543 828; x_wconf 78' lang='grc' dir='ltr'><strong>πρὸ</strong></span> <span class='ocrx_word' id='word_1_37' title='bbox 569 758 775 828; x_wconf 80' lang='grc' dir='ltr'><strong>ταύτης</strong></span> <span class='ocrx_word' id='word_1_38' title='bbox 802 760 905 831; x_wconf 87' lang='grc' dir='ltr'><strong>τῆς</strong></span> <span class='ocrx_word' id='word_1_39' title='bbox 928 762 1142 829; x_wconf 80' lang='grc' dir='ltr'>λέξεως,</span> <span class='ocrx_word' id='word_1_40' title='bbox 1169 764 1300 818; x_wconf 82' lang='grc' dir='ltr'>Θεὸν</span> <span class='ocrx_word' id='word_1_41' title='bbox 1337 766 1529 820; x_wconf 80' lang='grc' dir='ltr'>ἐαυτὸν</span> <span class='ocrx_word' id='word_1_42' title='bbox 1556 768 1695 821; x_wconf 87' lang='grc' dir='ltr'>ἀπο-</span> 
     </span>
    </p>
   </div>
   <div class='ocr_carea' id='block_1_8' title="bbox 113 848 1697 923">
    <p class='ocr_par' dir='ltr' id='par_1_8' title="bbox 113 848 1697 923">
     <span class='ocr_line' id='line_1_8' title="bbox 113 848 1697 923; baseline 0.011 -27"><span class='ocrx_word' id='word_1_43' title='bbox 113 848 310 912; x_wconf 68' lang='grc' dir='ltr'>φαίνων</span> <span class='ocrx_word' id='word_1_44' title='bbox 370 851 473 902; x_wconf 76' lang='grc' dir='ltr'>καὶ</span> <span class='ocrx_word' id='word_1_45' title='bbox 521 850 658 903; x_wconf 78' lang='grc' dir='ltr'>Θεοῦ</span> <span class='ocrx_word' id='word_1_46' title='bbox 711 851 858 918; x_wconf 84' lang='grc' dir='ltr'>Υίὸν,</span> <span class='ocrx_word' id='word_1_47' title='bbox 902 854 978 917; x_wconf 84' lang='grc' dir='ltr'>ὡς</span> <span class='ocrx_word' id='word_1_48' title='bbox 1022 857 1112 908; x_wconf 85' lang='grc' dir='ltr'><strong>καὶ</strong></span> <span class='ocrx_word' id='word_1_49' title='bbox 1157 858 1353 921; x_wconf 78' lang='grc' dir='ltr'>αὐτοὺς</span> <span class='ocrx_word' id='word_1_50' title='bbox 1403 858 1523 912; x_wconf 85' lang='grc' dir='ltr'>τότε</span> <span class='ocrx_word' id='word_1_51' title='bbox 1572 862 1697 923; x_wconf 79' lang='grc' dir='ltr'>τοὺς</span> 
     </span>
    </p>
   </div>
   <div class='ocr_carea' id='block_1_9' title="bbox 120 940 1698 1019">
    <p class='ocr_par' dir='ltr' id='par_1_9' title="bbox 120 940 1698 1019">
     <span class='ocr_line' id='line_1_9' title="bbox 120 940 1698 1019; baseline 0.009 -30"><span class='ocrx_word' id='word_1_52' title='bbox 120 940 441 1005; x_wconf 74' lang='grc' dir='ltr'><strong>Ἰουδαίους,</strong></span> <span class='ocrx_word' id='word_1_53' title='bbox 497 941 733 1011; x_wconf 84' lang='grc' dir='ltr'>ἐπείπερ</span> <span class='ocrx_word' id='word_1_54' title='bbox 791 943 1127 1012; x_wconf 84' lang='grc' dir='ltr'>ἐτύφλωττον</span> <span class='ocrx_word' id='word_1_55' title='bbox 1190 951 1290 1019; x_wconf 84' lang='grc' dir='ltr'><strong>τῆς</strong></span> <span class='ocrx_word' id='word_1_56' title='bbox 1348 948 1587 1013; x_wconf 82' lang='grc' dir='ltr'>διανοίας</span> <span class='ocrx_word' id='word_1_57' title='bbox 1634 951 1698 1004; x_wconf 82' lang='grc' dir='ltr'>τὸ</span> 
     </span>
    </p>
   </div>
   <div class='ocr_carea' id='block_1_10' title="bbox 106 1032 1692 1109">
    <p class='ocr_par' dir='ltr' id='par_1_10' title="bbox 106 1032 1692 1109">
     <span class='ocr_line' id='line_1_10' title="bbox 106 1032 1692 1109; baseline 0.009 -28"><span class='ocrx_word' id='word_1_58' title='bbox 106 1033 273 1101; x_wconf 73' lang='grc' dir='ltr'>ὄμμα,</span> <span class='ocrx_word' id='word_1_59' title='bbox 304 1032 399 1084; x_wconf 85' lang='grc' dir='ltr'>διὰ</span> <span class='ocrx_word' id='word_1_60' title='bbox 431 1032 596 1086; x_wconf 78' lang='grc' dir='ltr'>τοῦτο</span> <span class='ocrx_word' id='word_1_61' title='bbox 628 1034 865 1104; x_wconf 83' lang='grc' dir='ltr'>μάλιστα</span> <span class='ocrx_word' id='word_1_62' title='bbox 902 1035 1186 1105; x_wconf 84' lang='grc' dir='ltr'>βούλεσθαι</span> <span class='ocrx_word' id='word_1_63' title='bbox 1220 1040 1382 1093; x_wconf 80' lang='grc' dir='ltr'>αὑτὸν</span> <span class='ocrx_word' id='word_1_64' title='bbox 1412 1043 1654 1109; x_wconf 81' lang='grc' dir='ltr'>ἀναιρεῖν</span> <span class='ocrx_word' id='word_1_65' title='bbox 1678 1080 1692 1095; x_wconf 94' lang='grc'><strong>.</strong></span> 
     </span>
    </p>
   </div>
   <div class='ocr_carea' id='block_1_11' title="bbox 111 1122 1697 1203">
    <p class='ocr_par' dir='ltr' id='par_1_11' title="bbox 111 1122 1697 1203">
     <span class='ocr_line' id='line_1_11' title="bbox 111 1122 1697 1203; baseline 0.008 -30"><span class='ocrx_word' id='word_1_66' title='bbox 111 1122 214 1173; x_wconf 82' lang='lat' dir='ltr'><strong>Kal.</strong></span> <span class='ocrx_word' id='word_1_67' title='bbox 242 1124 433 1176; x_wconf 79' lang='grc' dir='ltr'>πάντα</span> <span class='ocrx_word' id='word_1_68' title='bbox 477 1125 666 1176; x_wconf 83' lang='grc' dir='ltr'>ἐκεῖνα</span> <span class='ocrx_word' id='word_1_69' title='bbox 713 1128 892 1196; x_wconf 80' lang='grc' dir='ltr'>σιωπῇ</span> <span class='ocrx_word' id='word_1_70' title='bbox 918 1127 1320 1198; x_wconf 79' lang='grc' dir='ltr'>παραδιδόντες,</span> <span class='ocrx_word' id='word_1_71' title='bbox 1368 1132 1570 1203; x_wconf 88' lang='grc' dir='ltr'>ταύτην</span> <span class='ocrx_word' id='word_1_72' title='bbox 1599 1134 1697 1202; x_wconf 85' lang='grc' dir='ltr'>ἀρ·-</span> 
     </span>
    </p>
   </div>
   <div class='ocr_carea' id='block_1_12' title="bbox 104 1214 1698 1288">
    <p class='ocr_par' dir='ltr' id='par_1_12' title="bbox 104 1214 1698 1288">
     <span class='ocr_line' id='line_1_12' title="bbox 104 1214 1698 1288; baseline 0.008 -23"><span class='ocrx_word' id='word_1_73' title='bbox 104 1214 335 1277; x_wconf 74' lang='grc' dir='ltr'>πάζουσι</span> <span class='ocrx_word' id='word_1_74' title='bbox 365 1216 472 1283; x_wconf 77' lang='grc' dir='ltr'>τὴν</span> <span class='ocrx_word' id='word_1_75' title='bbox 500 1216 669 1281; x_wconf 79' lang='grc' dir='ltr'>λέξιν,</span> <span class='ocrx_word' id='word_1_76' title='bbox 698 1218 882 1288; x_wconf 81' lang='grc' dir='ltr'>ὅμοιόν</span> <span class='ocrx_word' id='word_1_77' title='bbox 915 1236 962 1273; x_wconf 82' lang='grc' dir='ltr'><strong>τι</strong></span> <span class='ocrx_word' id='word_1_78' title='bbox 989 1220 1267 1285; x_wconf 84' lang='grc' dir='ltr'>ποιοῦντες</span> <span class='ocrx_word' id='word_1_79' title='bbox 1294 1225 1408 1285; x_wconf 82' lang='grc' dir='ltr'>τοῖς</span> <span class='ocrx_word' id='word_1_80' title='bbox 1435 1225 1556 1277; x_wconf 86' lang='grc' dir='ltr'>τότε</span> <span class='ocrx_word' id='word_1_81' title='bbox 1599 1226 1698 1278; x_wconf 77' lang='grc' dir='ltr'><strong>Φα-</strong></span> 
     </span>
    </p>
   </div>
   <div class='ocr_carea' id='block_1_13' title="bbox 107 1306 1697 1384">
    <p class='ocr_par' dir='ltr' id='par_1_13' title="bbox 107 1306 1697 1384">
     <span class='ocr_line' id='line_1_13' title="bbox 107 1306 1697 1384; baseline 0.006 -28"><span class='ocrx_word' id='word_1_82' title='bbox 107 1306 338 1373; x_wconf 82' lang='grc' dir='ltr'>ρισαίοις</span> <span class='ocrx_word' id='word_1_83' title='bbox 358 1321 372 1334; x_wconf 68' lang='grc'><strong>⁸</strong></span> <span class='ocrx_word' id='word_1_84' title='bbox 406 1307 656 1360; x_wconf 77' lang='grc' dir='ltr'>κάκεῖνοι</span> <span class='ocrx_word' id='word_1_85' title='bbox 689 1309 799 1379; x_wconf 78' lang='grc' dir='ltr'>γὰρ</span> <span class='ocrx_word' id='word_1_86' title='bbox 827 1308 1128 1363; x_wconf 83' lang='grc' dir='ltr'>διδάσκοντι</span> <span class='ocrx_word' id='word_1_87' title='bbox 1153 1311 1231 1381; x_wconf 81' lang='grc' dir='ltr'>τῷ</span> <span class='ocrx_word' id='word_1_88' title='bbox 1262 1312 1473 1383; x_wconf 83' lang='grc' dir='ltr'><strong>Σωτῆρι</strong></span> <span class='ocrx_word' id='word_1_89' title='bbox 1525 1329 1697 1384; x_wconf 81' lang='grc' dir='ltr'>προσ·-</span> 
     </span>
    </p>
   </div>
   <div class='ocr_carea' id='block_1_14' title="bbox 102 1398 1697 1470">
    <p class='ocr_par' dir='ltr' id='par_1_14' title="bbox 102 1398 1697 1470">
     <span class='ocr_line' id='line_1_14' title="bbox 102 1398 1697 1470; baseline 0.006 -21"><span class='ocrx_word' id='word_1_90' title='bbox 102 1398 316 1465; x_wconf 73' lang='grc' dir='ltr'>έμενον,</span> <span class='ocrx_word' id='word_1_91' title='bbox 350 1400 416 1451; x_wconf 82' lang='grc' dir='ltr'><strong>οὐ</strong></span> <span class='ocrx_word' id='word_1_92' title='bbox 453 1399 735 1453; x_wconf 84' lang='grc' dir='ltr'>πιστεύειν</span> <span class='ocrx_word' id='word_1_93' title='bbox 764 1400 1037 1464; x_wconf 83' lang='grc' dir='ltr'>ἐθέλοντες</span> <span class='ocrx_word' id='word_1_94' title='bbox 1062 1404 1155 1457; x_wconf 79' lang='grc' dir='ltr'>καὶ</span> <span class='ocrx_word' id='word_1_95' title='bbox 1175 1403 1537 1470; x_wconf 82' lang='grc' dir='ltr'>διδάσκεσθαι,</span> <span class='ocrx_word' id='word_1_96' title='bbox 1564 1406 1697 1459; x_wconf 82' lang='grc' dir='ltr'><strong>ἀλλά</strong></span> 
     </span>
    </p>
   </div>
   <div class='ocr_carea' id='block_1_15' title="bbox 103 1487 1699 1562">
    <p class='ocr_par' dir='ltr' id='par_1_15' title="bbox 103 1487 1699 1562">
     <span class='ocr_line' id='line_1_15' title="bbox 103 1487 1699 1562; baseline 0.005 -23"><span class='ocrx_word' id='word_1_97' title='bbox 103 1487 374 1555; x_wconf 73' lang='grc' dir='ltr'>θηρεῦσαί</span> <span class='ocrx_word' id='word_1_98' title='bbox 408 1506 467 1541; x_wconf 89' lang='grc' dir='ltr'><strong>τι</strong></span> <span class='ocrx_word' id='word_1_99' title='bbox 497 1491 565 1542; x_wconf 85' lang='grc' dir='ltr'><strong>ἐκ</strong></span> <span class='ocrx_word' id='word_1_100' title='bbox 609 1489 701 1543; x_wconf 77' lang='grc' dir='ltr'>τοῦ</span> <span class='ocrx_word' id='word_1_101' title='bbox 749 1490 1017 1560; x_wconf 89' lang='grc' dir='ltr'>στόματος</span> <span class='ocrx_word' id='word_1_102' title='bbox 1046 1492 1211 1545; x_wconf 79' lang='grc' dir='ltr'>αὑτοῦ</span> <span class='ocrx_word' id='word_1_103' title='bbox 1257 1492 1590 1562; x_wconf 86' lang='grc' dir='ltr'>βουλόμενοι,</span> <span class='ocrx_word' id='word_1_104' title='bbox 1622 1494 1699 1562; x_wconf 84' lang='grc' dir='ltr'>ὼς</span> 
     </span>
    </p>
   </div>
   <div class='ocr_carea' id='block_1_16' title="bbox 98 1578 1699 1654">
    <p class='ocr_par' dir='ltr' id='par_1_16' title="bbox 98 1578 1699 1654">
     <span class='ocr_line' id='line_1_16' title="bbox 98 1578 1699 1654; baseline 0.005 -23"><span class='ocrx_word' id='word_1_105' title='bbox 98 1582 122 1631; x_wconf 77' lang='lat'><strong>6</strong></span> <span class='ocrx_word' id='word_1_106' title='bbox 151 1578 569 1651; x_wconf 75' lang='grc' dir='ltr'>εύαγγελιστὴς</span> <span class='ocrx_word' id='word_1_107' title='bbox 616 1582 854 1650; x_wconf 73' lang='grc' dir='ltr'>ἱστορεῖ·</span> <span class='ocrx_word' id='word_1_108' title='bbox 906 1581 1096 1654; x_wconf 83' lang='grc' dir='ltr'>ὥσπερ</span> <span class='ocrx_word' id='word_1_109' title='bbox 1141 1582 1238 1636; x_wconf 76' lang='grc' dir='ltr'><strong>οὖν</strong></span> <span class='ocrx_word' id='word_1_110' title='bbox 1276 1586 1369 1637; x_wconf 77' lang='grc' dir='ltr'><strong>καὶ</strong></span> <span class='ocrx_word' id='word_1_111' title='bbox 1415 1579 1560 1639; x_wconf 75' lang='grc' dir='ltr'>οὗτοι</span> <span class='ocrx_word' id='word_1_112' title='bbox 1603 1584 1699 1639; x_wconf 82' lang='grc' dir='ltr'><strong>νύν</strong></span> 
     </span>
    </p>
   </div>
   <div class='ocr_carea' id='block_1_17' title="bbox 100 1668 1702 1741">
    <p class='ocr_par' dir='ltr' id='par_1_17' title="bbox 100 1668 1702 1741">
     <span class='ocr_line' id='line_1_17' title="bbox 100 1668 1702 1741; baseline 0.002 -20"><span class='ocrx_word' id='word_1_113' title='bbox 100 1668 606 1737; x_wconf 77' lang='grc' dir='ltr'>ἀναγινώσκουσιν,</span> <span class='ocrx_word' id='word_1_114' title='bbox 639 1668 838 1739; x_wconf 78' lang='grc' dir='ltr'>μᾶλλον</span> <span class='ocrx_word' id='word_1_115' title='bbox 858 1669 913 1722; x_wconf 74' lang='grc' dir='ltr'>δὲ</span> <span class='ocrx_word' id='word_1_116' title='bbox 952 1668 1403 1741; x_wconf 77' lang='grc' dir='ltr'>περιεργάζονται</span> <span class='ocrx_word' id='word_1_117' title='bbox 1427 1672 1523 1736; x_wconf 81' lang='grc' dir='ltr'>τὰς</span> <span class='ocrx_word' id='word_1_118' title='bbox 1551 1671 1702 1735; x_wconf 84' lang='grc' dir='ltr'>θείας</span> 
     </span>
    </p>
   </div>
   <div class='ocr_carea' id='block_1_18' title="bbox 98 1760 1700 1835">
    <p class='ocr_par' dir='ltr' id='par_1_18' title="bbox 98 1760 1700 1835">
     <span class='ocr_line' id='line_1_18' title="bbox 98 1760 1700 1835; baseline 0.002 -22"><span class='ocrx_word' id='word_1_119' title='bbox 98 1761 348 1831; x_wconf 53' lang='lat' dir='ltr'><strong>rgat-1:31;,</strong></span> <span class='ocrx_word' id='word_1_120' title='bbox 383 1761 478 1814; x_wconf 70' lang='grc' dir='ltr'>ἵνα</span> <span class='ocrx_word' id='word_1_121' title='bbox 516 1778 572 1813; x_wconf 89' lang='grc' dir='ltr'><strong>τι</strong></span> <span class='ocrx_word' id='word_1_122' title='bbox 607 1763 937 1830; x_wconf 82' lang='grc' dir='ltr'>κατηγορεῖν</span> <span class='ocrx_word' id='word_1_123' title='bbox 981 1760 1215 1832; x_wconf 80' lang='grc' dir='ltr'>εὕρωσιν</span> <span class='ocrx_word' id='word_1_124' title='bbox 1240 1761 1334 1815; x_wconf 79' lang='grc' dir='ltr'>τοῦ</span> <span class='ocrx_word' id='word_1_125' title='bbox 1378 1762 1477 1817; x_wconf 65' lang='grc' dir='ltr'>τὴν</span> <span class='ocrx_word' id='word_1_126' title='bbox 1521 1763 1700 1835; x_wconf 79' lang='grc' dir='ltr'>ψυχὴν</span> 
     </span>
    </p>
   </div>
   <div class='ocr_carea' id='block_1_19' title="bbox 97 1851 858 1925">
    <p class='ocr_par' dir='ltr' id='par_1_19' title="bbox 97 1851 858 1925">
     <span class='ocr_line' id='line_1_19' title="bbox 97 1851 858 1925; baseline 0.004 -21"><span class='ocrx_word' id='word_1_127' title='bbox 97 1854 238 1925; x_wconf 70' lang='grc' dir='ltr'>ὑπὲρ</span> <span class='ocrx_word' id='word_1_128' title='bbox 288 1852 484 1907; x_wconf 74' lang='grc' dir='ltr'>αὐτῶν</span> <span class='ocrx_word' id='word_1_129' title='bbox 529 1851 858 1915; x_wconf 84' lang='grc' dir='ltr'>τεθεικότος.</span> 
     </span>
    </p>
   </div>
   <div class='ocr_carea' id='block_1_20' title="bbox 168 2028 1703 2100">
    <p class='ocr_par' dir='ltr' id='par_1_20' title="bbox 168 2028 1703 2100">
     <span class='ocr_line' id='line_1_20' title="bbox 168 2028 1703 2100; baseline 0.005 -19"><span class='ocrx_word' id='word_1_130' title='bbox 168 2036 266 2093; x_wconf 78' lang='grc' dir='ltr'>ις’.</span> <span class='ocrx_word' id='word_1_131' title='bbox 285 2028 427 2080; x_wconf 80' lang='grc' dir='ltr'>Τίδέ</span> <span class='ocrx_word' id='word_1_132' title='bbox 450 2029 508 2079; x_wconf 82' lang='grc' dir='ltr'><strong>ἐν</strong></span> <span class='ocrx_word' id='word_1_133' title='bbox 526 2031 637 2092; x_wconf 77' lang='grc' dir='ltr'>τοῖς</span> <span class='ocrx_word' id='word_1_134' title='bbox 654 2029 758 2098; x_wconf 78' lang='grc' dir='ltr'><strong>πρὸ</strong></span> <span class='ocrx_word' id='word_1_135' title='bbox 771 2028 973 2098; x_wconf 78' lang='grc' dir='ltr'><strong>ταύτης</strong></span> <span class='ocrx_word' id='word_1_136' title='bbox 988 2031 1085 2097; x_wconf 88' lang='grc' dir='ltr'><strong>τῆς</strong></span> <span class='ocrx_word' id='word_1_137' title='bbox 1106 2031 1288 2100; x_wconf 85' lang='grc' dir='ltr'>φωνῆς</span> <span class='ocrx_word' id='word_1_138' title='bbox 1307 2032 1510 2100; x_wconf 71' lang='grc' dir='ltr'>ἔλεγεν,</span> <span class='ocrx_word' id='word_1_139' title='bbox 1532 2052 1703 2089; x_wconf 86' lang='grc' dir='ltr'>κατα-</span> 
     </span>
    </p>
   </div>
   <div class='ocr_carea' id='block_1_21' title="bbox 95 2118 1701 2194">
    <p class='ocr_par' dir='ltr' id='par_1_21' title="bbox 95 2118 1701 2194">
     <span class='ocr_line' id='line_1_21' title="bbox 95 2118 1701 2194; baseline 0.002 -22"><span class='ocrx_word' id='word_1_140' title='bbox 95 2122 392 2192; x_wconf 77' lang='grc' dir='ltr'>νοήσωμεν</span> <span class='ocrx_word' id='word_1_141' title='bbox 414 2137 427 2149; x_wconf 93' lang='grc'><strong>·</strong></span> <span class='ocrx_word' id='word_1_142' title='bbox 444 2137 464 2170; x_wconf 76' lang='grc' dir='ltr'><strong>ι</strong></span> <span class='ocrx_word' id='word_1_143' title='bbox 487 2118 545 2171; x_wconf 87' lang='grc' dir='ltr'>Ὀ</span> <span class='ocrx_word' id='word_1_144' title='bbox 566 2121 755 2190; x_wconf 84' lang='grc' dir='ltr'>Πατήρ</span> <span class='ocrx_word' id='word_1_145' title='bbox 779 2138 901 2189; x_wconf 89' lang='grc' dir='ltr'>μου,</span> <span class='ocrx_word' id='word_1_146' title='bbox 926 2123 1111 2191; x_wconf 67' lang='grc' dir='ltr'>φησιν,</span> <span class='ocrx_word' id='word_1_147' title='bbox 1130 2121 1233 2183; x_wconf 75' lang='grc' dir='ltr'><strong>ἕως</strong></span> <span class='ocrx_word' id='word_1_148' title='bbox 1248 2122 1371 2191; x_wconf 82' lang='grc' dir='ltr'>ἄρτι</span> <span class='ocrx_word' id='word_1_149' title='bbox 1390 2125 1701 2194; x_wconf 76' lang='grc' dir='ltr'>ἐργάζεται,</span> 
     </span>
    </p>
   </div>
   <div class='ocr_carea' id='block_1_22' title="bbox 97 2209 1699 2283">
    <p class='ocr_par' dir='ltr' id='par_1_22' title="bbox 97 2209 1699 2283">
     <span class='ocr_line' id='line_1_22' title="bbox 97 2209 1699 2283; baseline 0.004 -20"><span class='ocrx_word' id='word_1_150' title='bbox 97 2212 253 2279; x_wconf 76' lang='grc' dir='ltr'><strong>κάγὼ</strong></span> <span class='ocrx_word' id='word_1_151' title='bbox 270 2209 619 2283; x_wconf 75' lang='grc' dir='ltr'>ἐργάζομαι.</span> <span class='ocrx_word' id='word_1_152' title='bbox 650 2229 668 2262; x_wconf 72' lang='grc' dir='ltr'><strong>ι</strong></span> <span class='ocrx_word' id='word_1_153' title='bbox 697 2211 808 2263; x_wconf 75' lang='grc' dir='ltr'><strong>Καὶ</strong></span> <span class='ocrx_word' id='word_1_154' title='bbox 833 2211 1052 2281; x_wconf 83' lang='grc' dir='ltr'>Πατέρα</span> <span class='ocrx_word' id='word_1_155' title='bbox 1080 2211 1209 2265; x_wconf 74' lang='grc' dir='ltr'>ἴδιον</span> <span class='ocrx_word' id='word_1_156' title='bbox 1238 2212 1422 2280; x_wconf 73' lang='grc' dir='ltr'>ἔλεγεν</span> <span class='ocrx_word' id='word_1_157' title='bbox 1440 2215 1531 2268; x_wconf 82' lang='grc' dir='ltr'><strong>τὸν</strong></span> <span class='ocrx_word' id='word_1_158' title='bbox 1548 2216 1699 2283; x_wconf 82' lang='grc' dir='ltr'>Θεὸν,</span> 
     </span>
    </p>
   </div>
   <div class='ocr_carea' id='block_1_23' title="bbox 96 2301 1705 2377">
    <p class='ocr_par' dir='ltr' id='par_1_23' title="bbox 96 2301 1705 2377">
     <span class='ocr_line' id='line_1_23' title="bbox 96 2301 1705 2377; baseline 0.002 -22"><span class='ocrx_word' id='word_1_159' title='bbox 96 2308 206 2355; x_wconf 81' lang='grc' dir='ltr'>ίσον</span> <span class='ocrx_word' id='word_1_160' title='bbox 232 2304 442 2357; x_wconf 81' lang='grc' dir='ltr'>ἐαυτὸν</span> <span class='ocrx_word' id='word_1_161' title='bbox 473 2302 642 2357; x_wconf 83' lang='grc' dir='ltr'>ποιῶν</span> <span class='ocrx_word' id='word_1_162' title='bbox 663 2301 741 2373; x_wconf 80' lang='grc' dir='ltr'>τῷ</span> <span class='ocrx_word' id='word_1_163' title='bbox 764 2301 902 2373; x_wconf 81' lang='grc' dir='ltr'>Θεῷ,</span> <span class='ocrx_word' id='word_1_164' title='bbox 926 2303 993 2356; x_wconf 86' lang='grc' dir='ltr'><strong>τά</strong></span> <span class='ocrx_word' id='word_1_165' title='bbox 1018 2304 1158 2356; x_wconf 86' lang='grc' dir='ltr'><strong>αύτά</strong></span> <span class='ocrx_word' id='word_1_166' title='bbox 1189 2304 1268 2375; x_wconf 84' lang='grc' dir='ltr'>τῷ</span> <span class='ocrx_word' id='word_1_167' title='bbox 1311 2304 1485 2374; x_wconf 80' lang='grc' dir='ltr'>Πατρὶ</span> <span class='ocrx_word' id='word_1_168' title='bbox 1534 2323 1705 2377; x_wconf 85' lang='grc' dir='ltr'>παρα-</span> 
     </span>
    </p>
   </div>
   <div class='ocr_carea' id='block_1_24' title="bbox 96 2394 1700 2467">
    <p class='ocr_par' dir='ltr' id='par_1_24' title="bbox 96 2394 1700 2467">
     <span class='ocr_line' id='line_1_24' title="bbox 96 2394 1700 2467; baseline 0.003 -21"><span class='ocrx_word' id='word_1_169' title='bbox 96 2396 349 2465; x_wconf 73' lang='grc' dir='ltr'>πλησίως</span> <span class='ocrx_word' id='word_1_170' title='bbox 382 2396 449 2463; x_wconf 90' lang='grc' dir='ltr'><strong>δη</strong></span> <span class='ocrx_word' id='word_1_171' title='bbox 461 2394 827 2463; x_wconf 82' lang='grc' dir='ltr'>μιουργοῦντα</span> <span class='ocrx_word' id='word_1_172' title='bbox 846 2431 863 2449; x_wconf 93' lang='grc'><strong>.</strong></span> <span class='ocrx_word' id='word_1_173' title='bbox 900 2414 919 2448; x_wconf 76' lang='grc' dir='ltr'><strong>ι</strong></span> <span class='ocrx_word' id='word_1_174' title='bbox 967 2397 1031 2449; x_wconf 77' lang='grc' dir='ltr'><strong>Ἀ</strong></span> <span class='ocrx_word' id='word_1_175' title='bbox 1058 2397 1167 2467; x_wconf 87' lang='grc' dir='ltr'>γὰρ</span> <span class='ocrx_word' id='word_1_176' title='bbox 1195 2396 1261 2450; x_wconf 81' lang='grc' dir='ltr'><strong>ἂν</strong></span> <span class='ocrx_word' id='word_1_177' title='bbox 1305 2398 1513 2461; x_wconf 82' lang='grc' dir='ltr'>ἐκεῖνος</span> <span class='ocrx_word' id='word_1_178' title='bbox 1536 2402 1700 2463; x_wconf 78' lang='grc' dir='ltr'>ποιεῖ,</span> 
     </span>
    </p>
   </div>
   <div class='ocr_carea' id='block_1_25' title="bbox 94 2487 1703 2559">
    <p class='ocr_par' dir='ltr' id='par_1_25' title="bbox 94 2487 1703 2559">
     <span class='ocr_line' id='line_1_25' title="bbox 94 2487 1703 2559; baseline -0.001 -17"><span class='ocrx_word' id='word_1_179' title='bbox 94 2488 265 2542; x_wconf 70' lang='grc' dir='ltr'>ταῦτα</span> <span class='ocrx_word' id='word_1_180' title='bbox 302 2489 406 2539; x_wconf 73' lang='grc' dir='ltr'>καὶ</span> <span class='ocrx_word' id='word_1_181' title='bbox 459 2488 489 2539; x_wconf 90' lang='lat'><strong>6</strong></span> <span class='ocrx_word' id='word_1_182' title='bbox 516 2487 644 2549; x_wconf 82' lang='grc' dir='ltr'>Υἱὸς</span> <span class='ocrx_word' id='word_1_183' title='bbox 691 2487 897 2556; x_wconf 72' lang='grc' dir='ltr'>ὁμοίως</span> <span class='ocrx_word' id='word_1_184' title='bbox 936 2492 1099 2541; x_wconf 78' lang='grc' dir='ltr'>ποιεῖ.</span> <span class='ocrx_word' id='word_1_185' title='bbox 1141 2507 1159 2537; x_wconf 77' lang='grc' dir='ltr'><strong>ι</strong></span> <span class='ocrx_word' id='word_1_186' title='bbox 1219 2489 1348 2551; x_wconf 73' lang='grc' dir='ltr'>Καὶ,</span> <span class='ocrx_word' id='word_1_187' title='bbox 1391 2508 1409 2540; x_wconf 76' lang='grc' dir='ltr'><strong>ι</strong></span> <span class='ocrx_word' id='word_1_188' title='bbox 1445 2490 1564 2542; x_wconf 88' lang='grc' dir='ltr'>Ὅτι</span> <span class='ocrx_word' id='word_1_189' title='bbox 1605 2489 1703 2559; x_wconf 77' lang='grc' dir='ltr'>τὴν</span> 
     </span>
    </p>
   </div>
   <div class='ocr_carea' id='block_1_26' title="bbox 94 2576 1704 2649">
    <p class='ocr_par' dir='ltr' id='par_1_26' title="bbox 94 2576 1704 2649">
     <span class='ocr_line' id='line_1_26' title="bbox 94 2576 1704 2649; baseline 0.002 -19"><span class='ocrx_word' id='word_1_190' title='bbox 94 2580 280 2647; x_wconf 80' lang='grc' dir='ltr'>κρίσιν</span> <span class='ocrx_word' id='word_1_191' title='bbox 329 2576 493 2649; x_wconf 82' lang='grc' dir='ltr'>αὐτῷ</span> <span class='ocrx_word' id='word_1_192' title='bbox 538 2578 723 2630; x_wconf 80' lang='grc' dir='ltr'>πᾶσαν</span> <span class='ocrx_word' id='word_1_193' title='bbox 771 2578 1007 2630; x_wconf 84' lang='grc' dir='ltr'>δέδωκεν</span> <span class='ocrx_word' id='word_1_194' title='bbox 1049 2579 1078 2629; x_wconf 89' lang='lat'><strong>6</strong></span> <span class='ocrx_word' id='word_1_195' title='bbox 1120 2579 1329 2648; x_wconf 85' lang='grc' dir='ltr'>Πατὴρ,</span> <span class='ocrx_word' id='word_1_196' title='bbox 1367 2580 1452 2633; x_wconf 73' lang='grc' dir='ltr'>ἴνα</span> <span class='ocrx_word' id='word_1_197' title='bbox 1503 2580 1704 2645; x_wconf 81' lang='grc' dir='ltr'>πάντες</span> 
     </span>
    </p>
   </div>
   <div class='ocr_carea' id='block_1_27' title="bbox 94 2668 1699 2739">
    <p class='ocr_par' dir='ltr' id='par_1_27' title="bbox 94 2668 1699 2739">
     <span class='ocr_line' id='line_1_27' title="bbox 94 2668 1699 2739; baseline 0.001 -18"><span class='ocrx_word' id='word_1_198' title='bbox 94 2671 296 2739; x_wconf 78' lang='grc' dir='ltr'>τιμῶσι</span> <span class='ocrx_word' id='word_1_199' title='bbox 328 2671 427 2722; x_wconf 77' lang='grc' dir='ltr'><strong>τὸν</strong></span> <span class='ocrx_word' id='word_1_200' title='bbox 468 2668 620 2735; x_wconf 81' lang='grc' dir='ltr'>Υἱὸν,</span> <span class='ocrx_word' id='word_1_201' title='bbox 657 2668 839 2728; x_wconf 83' lang='grc' dir='ltr'>καθὼς</span> <span class='ocrx_word' id='word_1_202' title='bbox 880 2668 1081 2738; x_wconf 84' lang='grc' dir='ltr'>τιμῶσι</span> <span class='ocrx_word' id='word_1_203' title='bbox 1118 2669 1209 2722; x_wconf 83' lang='grc' dir='ltr'><strong>τὸν</strong></span> <span class='ocrx_word' id='word_1_204' title='bbox 1242 2671 1478 2739; x_wconf 82' lang='grc' dir='ltr'>Πατέρα.</span> <span class='ocrx_word' id='word_1_205' title='bbox 1518 2691 1536 2722; x_wconf 73' lang='grc' dir='ltr'><strong>ι</strong></span> <span class='ocrx_word' id='word_1_206' title='bbox 1570 2673 1699 2737; x_wconf 78' lang='grc' dir='ltr'>Καὶ,</span> 
     </span>
    </p>
   </div>
   <div class='ocr_carea' id='block_1_28' title="bbox 100 2758 1702 2831">
    <p class='ocr_par' dir='ltr' id='par_1_28' title="bbox 100 2758 1702 2831">
     <span class='ocr_line' id='line_1_28' title="bbox 100 2758 1702 2831; baseline 0.001 -20"><span class='ocrx_word' id='word_1_207' title='bbox 100 2782 114 2811; x_wconf 79' lang='grc' dir='ltr'><strong>ι</strong></span> <span class='ocrx_word' id='word_1_208' title='bbox 152 2763 432 2831; x_wconf 82' lang='grc' dir='ltr'>Ἔρχεται</span> <span class='ocrx_word' id='word_1_209' title='bbox 468 2758 610 2829; x_wconf 81' lang='grc' dir='ltr'>ὥρα.</span> <span class='ocrx_word' id='word_1_210' title='bbox 645 2761 739 2812; x_wconf 73' lang='grc' dir='ltr'><strong>καὶ</strong></span> <span class='ocrx_word' id='word_1_211' title='bbox 778 2758 873 2811; x_wconf 77' lang='grc' dir='ltr'>νῦν</span> <span class='ocrx_word' id='word_1_212' title='bbox 905 2761 1075 2821; x_wconf 87' lang='grc' dir='ltr'>ἐστιν,</span> <span class='ocrx_word' id='word_1_213' title='bbox 1104 2761 1193 2813; x_wconf 80' lang='grc' dir='ltr'>ὅτε</span> <span class='ocrx_word' id='word_1_214' title='bbox 1224 2761 1275 2812; x_wconf 72' lang='grc' dir='ltr'>οἱ</span> <span class='ocrx_word' id='word_1_215' title='bbox 1315 2762 1499 2831; x_wconf 80' lang='grc' dir='ltr'>νεκροὶ</span> <span class='ocrx_word' id='word_1_216' title='bbox 1537 2761 1702 2814; x_wconf 86' lang='grc' dir='ltr'>ἀκού-</span> 
     </span>
    </p>
   </div>
   <div class='ocr_carea' id='block_1_29' title="bbox 98 2850 1702 2922">
    <p class='ocr_par' dir='ltr' id='par_1_29' title="bbox 98 2850 1702 2922">
     <span class='ocr_line' id='line_1_29' title="bbox 98 2850 1702 2922; baseline 0.002 -18"><span class='ocrx_word' id='word_1_217' title='bbox 98 2870 261 2904; x_wconf 72' lang='grc' dir='ltr'>σωσιν</span> <span class='ocrx_word' id='word_1_218' title='bbox 311 2854 420 2918; x_wconf 73' lang='grc' dir='ltr'><strong>τῆς</strong></span> <span class='ocrx_word' id='word_1_219' title='bbox 452 2852 643 2920; x_wconf 73' lang='grc' dir='ltr'>φωνῆς</span> <span class='ocrx_word' id='word_1_220' title='bbox 685 2850 780 2903; x_wconf 78' lang='grc' dir='ltr'><strong>τοῦ</strong></span> <span class='ocrx_word' id='word_1_221' title='bbox 825 2851 955 2904; x_wconf 86' lang='grc' dir='ltr'><strong>Υἱοῦ</strong></span> <span class='ocrx_word' id='word_1_222' title='bbox 1004 2851 1103 2905; x_wconf 80' lang='grc' dir='ltr'>τοῦ</span> <span class='ocrx_word' id='word_1_223' title='bbox 1148 2851 1472 2922; x_wconf 84' lang='grc' dir='ltr'>ἀνθρώπου·</span> <span class='ocrx_word' id='word_1_224' title='bbox 1510 2854 1605 2905; x_wconf 77' lang='grc' dir='ltr'><strong>καὶ</strong></span> <span class='ocrx_word' id='word_1_225' title='bbox 1652 2854 1702 2907; x_wconf 73' lang='grc' dir='ltr'>οἱ</span> 
     </span>
    </p>
   </div>
   <div class='ocr_carea' id='block_1_30' title="bbox 93 2938 1700 3013">
    <p class='ocr_par' dir='ltr' id='par_1_30' title="bbox 93 2938 1700 3013">
     <span class='ocr_line' id='line_1_30' title="bbox 93 2938 1700 3013; baseline 0 -18"><span class='ocrx_word' id='word_1_226' title='bbox 93 2942 445 3004; x_wconf 74' lang='grc' dir='ltr'>ἀκούσαντες</span> <span class='ocrx_word' id='word_1_227' title='bbox 490 2942 770 3010; x_wconf 78' lang='grc' dir='ltr'>ζήσουσιν.</span> <span class='ocrx_word' id='word_1_228' title='bbox 812 2958 829 2990; x_wconf 74' lang='grc' dir='ltr'><strong>ι</strong></span> <span class='ocrx_word' id='word_1_229' title='bbox 868 2938 998 2994; x_wconf 68' lang='grc' dir='ltr'>Εἶτα</span> <span class='ocrx_word' id='word_1_230' title='bbox 1047 2944 1132 2994; x_wconf 85' lang='grc' dir='ltr'><strong>ἵνα</strong></span> <span class='ocrx_word' id='word_1_231' title='bbox 1182 2943 1257 3011; x_wconf 81' lang='grc' dir='ltr'>μὴ</span> <span class='ocrx_word' id='word_1_232' title='bbox 1309 2942 1377 2995; x_wconf 77' lang='grc' dir='ltr'>τὰ</span> <span class='ocrx_word' id='word_1_233' title='bbox 1422 2942 1700 3013; x_wconf 80' lang='grc' dir='ltr'>θεοπρεπῆ</span> 
     </span>
    </p>
   </div>
   <div class='ocr_carea' id='block_1_31' title="bbox 95 3031 1703 3103">
    <p class='ocr_par' dir='ltr' id='par_1_31' title="bbox 95 3031 1703 3103">
     <span class='ocr_line' id='line_1_31' title="bbox 95 3031 1703 3103; baseline -0.001 -17"><span class='ocrx_word' id='word_1_234' title='bbox 95 3036 265 3091; x_wconf 65' lang='grc' dir='ltr'>ταῦτα</span> <span class='ocrx_word' id='word_1_235' title='bbox 295 3033 605 3095; x_wconf 79' lang='grc' dir='ltr'>ἀκούοντες</span> <span class='ocrx_word' id='word_1_236' title='bbox 635 3031 1094 3094; x_wconf 77' lang='grc' dir='ltr'>σκανδαλίζωνται</span> <span class='ocrx_word' id='word_1_237' title='bbox 1139 3033 1229 3085; x_wconf 85' lang='grc' dir='ltr'>διὰ</span> <span class='ocrx_word' id='word_1_238' title='bbox 1252 3033 1350 3102; x_wconf 78' lang='grc' dir='ltr'>τὴν</span> <span class='ocrx_word' id='word_1_239' title='bbox 1393 3034 1594 3103; x_wconf 85' lang='grc' dir='ltr'>σάρκα,</span> <span class='ocrx_word' id='word_1_240' title='bbox 1621 3034 1703 3085; x_wconf 83' lang='grc' dir='ltr'>ὅτι</span> 
     </span>
    </p>
   </div>
   <div class='ocr_carea' id='block_1_32' title="bbox 94 3121 1702 3198">
    <p class='ocr_par' dir='ltr' id='par_1_32' title="bbox 94 3121 1702 3198">
     <span class='ocr_line' id='line_1_32' title="bbox 94 3121 1702 3198; baseline -0.002 -19"><span class='ocrx_word' id='word_1_241' title='bbox 94 3127 393 3198; x_wconf 65' lang='grc' dir='ltr'>ἄνθρωπος</span> <span class='ocrx_word' id='word_1_242' title='bbox 426 3124 711 3195; x_wconf 79' lang='grc' dir='ltr'>ὁρώμενος</span> <span class='ocrx_word' id='word_1_243' title='bbox 750 3122 978 3175; x_wconf 82' lang='grc' dir='ltr'>τοιαῦτα</span> <span class='ocrx_word' id='word_1_244' title='bbox 1003 3122 1321 3191; x_wconf 74' lang='grc' dir='ltr'>ἐφθέγγετο,</span> <span class='ocrx_word' id='word_1_245' title='bbox 1352 3121 1479 3192; x_wconf 80' lang='grc' dir='ltr'>ἑξῆς</span> <span class='ocrx_word' id='word_1_246' title='bbox 1504 3122 1702 3187; x_wconf 76' lang='grc' dir='ltr'>ἐπάγει</span> 
     </span>
    </p>
   </div>
   <div class='ocr_carea' id='block_1_33' title="bbox 98 3203 1773 3287">
    <p class='ocr_par' dir='ltr' id='par_1_33' title="bbox 98 3203 1773 3287">
     <span class='ocr_line' id='line_1_33' title="bbox 98 3203 1773 3287; baseline -0.003 -16"><span class='ocrx_word' id='word_1_247' title='bbox 98 3222 213 3286; x_wconf 79' lang='grc' dir='ltr'>μετ’</span> <span class='ocrx_word' id='word_1_248' title='bbox 235 3219 426 3284; x_wconf 82' lang='grc' dir='ltr'>ὀλίγα,</span> <span class='ocrx_word' id='word_1_249' title='bbox 464 3216 558 3269; x_wconf 86' lang='grc' dir='ltr'><strong>καί</strong></span> <span class='ocrx_word' id='word_1_250' title='bbox 592 3232 775 3285; x_wconf 79' lang='grc' dir='ltr'>φησιν,</span> <span class='ocrx_word' id='word_1_251' title='bbox 804 3217 886 3269; x_wconf 81' lang='grc' dir='ltr'><strong>ὅτι</strong></span> <span class='ocrx_word' id='word_1_252' title='bbox 916 3216 1045 3278; x_wconf 80' lang='grc' dir='ltr'>Υἱὸς</span> <span class='ocrx_word' id='word_1_253' title='bbox 1072 3214 1364 3287; x_wconf 86' lang='grc' dir='ltr'>ἀνθρώπου</span> <span class='ocrx_word' id='word_1_254' title='bbox 1390 3214 1538 3268; x_wconf 86' lang='grc' dir='ltr'>ἐστίν</span> <span class='ocrx_word' id='word_1_255' title='bbox 1558 3251 1575 3268; x_wconf 91' lang='grc'><strong>.</strong></span> <span class='ocrx_word' id='word_1_256' title='bbox 1610 3214 1703 3284; x_wconf 77' lang='grc' dir='ltr'><strong>Μὴ</strong></span> <span class='ocrx_word' id='word_1_257' title='bbox 1731 3203 1773 3259; x_wconf 81' lang='lat' dir='ltr'>C</span> 
     </span>
    </p>
   </div>
   <div class='ocr_carea' id='block_1_34' title="bbox 96 3306 1706 3379">
    <p class='ocr_par' dir='ltr' id='par_1_34' title="bbox 96 3306 1706 3379">
     <span class='ocr_line' id='line_1_34' title="bbox 96 3306 1706 3379; baseline -0.001 -19"><span class='ocrx_word' id='word_1_258' title='bbox 96 3311 422 3379; x_wconf 74' lang='grc' dir='ltr'>Θαυμάζετε</span> <span class='ocrx_word' id='word_1_259' title='bbox 453 3310 638 3370; x_wconf 76' lang='grc' dir='ltr'>τοῦτο,</span> <span class='ocrx_word' id='word_1_260' title='bbox 669 3310 763 3361; x_wconf 71' lang='grc' dir='ltr'><strong>καὶ</strong></span> <span class='ocrx_word' id='word_1_261' title='bbox 789 3308 899 3379; x_wconf 87' lang='grc' dir='ltr'><strong>γὰρ</strong></span> <span class='ocrx_word' id='word_1_262' title='bbox 934 3308 1028 3361; x_wconf 75' lang='grc' dir='ltr'><strong>καὶ</strong></span> <span class='ocrx_word' id='word_1_263' title='bbox 1054 3306 1258 3378; x_wconf 81' lang='grc' dir='ltr'>ταύτης</span> <span class='ocrx_word' id='word_1_264' title='bbox 1281 3309 1378 3377; x_wconf 86' lang='grc' dir='ltr'><strong>τῆς</strong></span> <span class='ocrx_word' id='word_1_265' title='bbox 1406 3308 1706 3378; x_wconf 73' lang='grc' dir='ltr'>εἰρημένης</span> 
     </span>
    </p>
   </div>
   <div class='ocr_carea' id='block_1_35' title="bbox 98 3397 1702 3468">
    <p class='ocr_par' dir='ltr' id='par_1_35' title="bbox 98 3397 1702 3468">
     <span class='ocr_line' id='line_1_35' title="bbox 98 3397 1702 3468; baseline -0.001 -18"><span class='ocrx_word' id='word_1_266' title='bbox 98 3403 307 3468; x_wconf 69' lang='grc' dir='ltr'>φωνῆς,</span> <span class='ocrx_word' id='word_1_267' title='bbox 358 3400 446 3450; x_wconf 84' lang='grc' dir='ltr'>ὅτι</span> <span class='ocrx_word' id='word_1_268' title='bbox 478 3398 527 3449; x_wconf 84' lang='grc' dir='ltr'><strong>οί</strong></span> <span class='ocrx_word' id='word_1_269' title='bbox 558 3398 895 3459; x_wconf 82' lang='grc' dir='ltr'>ἀκούσαντες</span> <span class='ocrx_word' id='word_1_270' title='bbox 918 3397 1154 3467; x_wconf 77' lang='grc' dir='ltr'>ζήσωσιν</span> <span class='ocrx_word' id='word_1_271' title='bbox 1176 3414 1190 3427; x_wconf 87' lang='grc'><strong>·</strong></span> <span class='ocrx_word' id='word_1_272' title='bbox 1223 3416 1241 3449; x_wconf 78' lang='grc' dir='ltr'><strong>ι</strong></span> <span class='ocrx_word' id='word_1_273' title='bbox 1279 3399 1539 3466; x_wconf 86' lang='grc' dir='ltr'>Ἔρχεται</span> <span class='ocrx_word' id='word_1_274' title='bbox 1562 3397 1702 3466; x_wconf 81' lang='grc' dir='ltr'>ὥρα,</span> 
     </span>
    </p>
   </div>
   <div class='ocr_carea' id='block_1_36' title="bbox 96 3487 1707 3557">
    <p class='ocr_par' dir='ltr' id='par_1_36' title="bbox 96 3487 1707 3557">
     <span class='ocr_line' id='line_1_36' title="bbox 96 3487 1707 3557; baseline 0 -17"><span class='ocrx_word' id='word_1_275' title='bbox 96 3491 179 3541; x_wconf 69' lang='lat' dir='ltr'><strong>Et:</strong></span> <span class='ocrx_word' id='word_1_276' title='bbox 211 3491 313 3543; x_wconf 73' lang='grc' dir='ltr'>καὶ</span> <span class='ocrx_word' id='word_1_277' title='bbox 348 3491 560 3548; x_wconf 82' lang='grc' dir='ltr'>πάντες</span> <span class='ocrx_word' id='word_1_278' title='bbox 591 3488 640 3538; x_wconf 81' lang='lat' dir='ltr'><strong>oi</strong></span> <span class='ocrx_word' id='word_1_279' title='bbox 684 3490 741 3539; x_wconf 83' lang='grc' dir='ltr'><strong>ἐν</strong></span> <span class='ocrx_word' id='word_1_280' title='bbox 775 3488 886 3549; x_wconf 73' lang='grc' dir='ltr'>τοῖς</span> <span class='ocrx_word' id='word_1_281' title='bbox 922 3488 1206 3557; x_wconf 82' lang='grc' dir='ltr'>μνημείοις</span> <span class='ocrx_word' id='word_1_282' title='bbox 1234 3487 1577 3550; x_wconf 87' lang='grc' dir='ltr'>ἀκούσονται,</span> <span class='ocrx_word' id='word_1_283' title='bbox 1612 3487 1707 3541; x_wconf 76' lang='grc' dir='ltr'><strong>καὶ</strong></span> 
     </span>
    </p>
   </div>
   <div class='ocr_carea' id='block_1_37' title="bbox 97 3578 1706 3651">
    <p class='ocr_par' dir='ltr' id='par_1_37' title="bbox 97 3578 1706 3651">
     <span class='ocr_line' id='line_1_37' title="bbox 97 3578 1706 3651; baseline 0 -20"><span class='ocrx_word' id='word_1_284' title='bbox 97 3580 483 3651; x_wconf 71' lang='grc' dir='ltr'>πορεύσονται</span> <span class='ocrx_word' id='word_1_285' title='bbox 510 3580 559 3630; x_wconf 78' lang='grc' dir='ltr'>οἱ</span> <span class='ocrx_word' id='word_1_286' title='bbox 609 3579 678 3631; x_wconf 75' lang='grc' dir='ltr'><strong>τά</strong></span> <span class='ocrx_word' id='word_1_287' title='bbox 723 3578 902 3646; x_wconf 89' lang='grc' dir='ltr'>ἀγαθά</span> <span class='ocrx_word' id='word_1_288' title='bbox 933 3580 1257 3649; x_wconf 82' lang='grc' dir='ltr'>ποιήσαντες</span> <span class='ocrx_word' id='word_1_289' title='bbox 1302 3579 1384 3643; x_wconf 83' lang='grc' dir='ltr'><strong>είς</strong></span> <span class='ocrx_word' id='word_1_290' title='bbox 1411 3579 1706 3633; x_wconf 86' lang='grc' dir='ltr'>ἀνάστασιν</span> 
     </span>
    </p>
   </div>
   <div class='ocr_carea' id='block_1_38' title="bbox 98 3670 1708 3744">
    <p class='ocr_par' dir='ltr' id='par_1_38' title="bbox 98 3670 1708 3744">
     <span class='ocr_line' id='line_1_38' title="bbox 98 3670 1708 3744; baseline -0.004 -15"><span class='ocrx_word' id='word_1_291' title='bbox 98 3674 267 3744; x_wconf 74' lang='grc' dir='ltr'>ζωῆς,</span> <span class='ocrx_word' id='word_1_292' title='bbox 302 3676 359 3728; x_wconf 76' lang='grc' dir='ltr'>οἱ</span> <span class='ocrx_word' id='word_1_293' title='bbox 390 3673 453 3726; x_wconf 71' lang='grc' dir='ltr'>δὲ</span> <span class='ocrx_word' id='word_1_294' title='bbox 498 3672 569 3725; x_wconf 75' lang='grc' dir='ltr'>τὰ</span> <span class='ocrx_word' id='word_1_295' title='bbox 596 3670 776 3742; x_wconf 76' lang='grc' dir='ltr'>φαῦλα</span> <span class='ocrx_word' id='word_1_296' title='bbox 815 3672 1120 3743; x_wconf 76' lang='grc' dir='ltr'>πράξαντες</span> <span class='ocrx_word' id='word_1_297' title='bbox 1145 3675 1225 3735; x_wconf 80' lang='grc' dir='ltr'><strong>είς</strong></span> <span class='ocrx_word' id='word_1_298' title='bbox 1251 3672 1547 3726; x_wconf 84' lang='grc' dir='ltr'>ἀνάστασιν</span> <span class='ocrx_word' id='word_1_299' title='bbox 1587 3674 1708 3743; x_wconf 89' lang='grc' dir='ltr'>κρί-</span> 
     </span>
    </p>
   </div>
   <div class='ocr_carea' id='block_1_39' title="bbox 98 3764 1698 3836">
    <p class='ocr_par' dir='ltr' id='par_1_39' title="bbox 98 3764 1698 3836">
     <span class='ocr_line' id='line_1_39' title="bbox 98 3764 1698 3836; baseline 0 -19"><span class='ocrx_word' id='word_1_300' title='bbox 98 3780 260 3828; x_wconf 83' lang='grc' dir='ltr'>σεως·</span> <span class='ocrx_word' id='word_1_301' title='bbox 298 3785 319 3817; x_wconf 75' lang='grc' dir='ltr'><strong>ι</strong></span> <span class='ocrx_word' id='word_1_302' title='bbox 351 3764 417 3817; x_wconf 83' lang='grc' dir='ltr'>τὺ</span> <span class='ocrx_word' id='word_1_303' title='bbox 443 3764 548 3834; x_wconf 81' lang='grc' dir='ltr'>μὲν</span> <span class='ocrx_word' id='word_1_304' title='bbox 577 3764 689 3835; x_wconf 89' lang='grc' dir='ltr'>γὰρ</span> <span class='ocrx_word' id='word_1_305' title='bbox 725 3764 990 3836; x_wconf 80' lang='grc' dir='ltr'>πρότερον</span> <span class='ocrx_word' id='word_1_306' title='bbox 1041 3764 1351 3836; x_wconf 76' lang='grc' dir='ltr'>εἰρημένον,</span> <span class='ocrx_word' id='word_1_307' title='bbox 1385 3766 1466 3819; x_wconf 82' lang='grc' dir='ltr'><strong>ὅτι</strong></span> <span class='ocrx_word' id='word_1_308' title='bbox 1498 3784 1515 3815; x_wconf 76' lang='grc' dir='ltr'><strong>ι</strong></span> <span class='ocrx_word' id='word_1_309' title='bbox 1548 3764 1698 3836; x_wconf 81' lang='grc' dir='ltr'>ἔρχε-</span> 
     </span>
    </p>
   </div>
   <div class='ocr_carea' id='block_1_40' title="bbox 94 3856 1707 3930">
    <p class='ocr_par' dir='ltr' id='par_1_40' title="bbox 94 3856 1707 3930">
     <span class='ocr_line' id='line_1_40' title="bbox 94 3856 1707 3930; baseline -0.001 -20"><span class='ocrx_word' id='word_1_310' title='bbox 94 3876 188 3911; x_wconf 75' lang='grc' dir='ltr'><strong>ται</strong></span> <span class='ocrx_word' id='word_1_311' title='bbox 216 3858 369 3930; x_wconf 77' lang='grc' dir='ltr'>ὥρα,</span> <span class='ocrx_word' id='word_1_312' title='bbox 400 3857 501 3909; x_wconf 77' lang='grc' dir='ltr'>καὶ</span> <span class='ocrx_word' id='word_1_313' title='bbox 542 3856 639 3910; x_wconf 82' lang='grc' dir='ltr'>νῦν</span> <span class='ocrx_word' id='word_1_314' title='bbox 685 3859 868 3910; x_wconf 84' lang='grc' dir='ltr'>ἐστιν·</span> <span class='ocrx_word' id='word_1_315' title='bbox 910 3875 928 3909; x_wconf 70' lang='grc' dir='ltr'><strong>ι</strong></span> <span class='ocrx_word' id='word_1_316' title='bbox 967 3858 1060 3909; x_wconf 78' lang='grc' dir='ltr'><strong>καὶ</strong></span> <span class='ocrx_word' id='word_1_317' title='bbox 1100 3857 1194 3918; x_wconf 87' lang='grc' dir='ltr'><strong>τὸ,</strong></span> <span class='ocrx_word' id='word_1_318' title='bbox 1232 3875 1250 3907; x_wconf 79' lang='grc' dir='ltr'><strong>ι</strong></span> <span class='ocrx_word' id='word_1_319' title='bbox 1291 3858 1340 3909; x_wconf 77' lang='grc' dir='ltr'>οἱ</span> <span class='ocrx_word' id='word_1_320' title='bbox 1378 3856 1707 3919; x_wconf 83' lang='grc' dir='ltr'>ἀκούσαντες</span> 
     </span>
    </p>
   </div>
   <div class='ocr_carea' id='block_1_41' title="bbox 98 3947 1708 4019">
    <p class='ocr_par' dir='ltr' id='par_1_41' title="bbox 98 3947 1708 4019">
     <span class='ocr_line' id='line_1_41' title="bbox 98 3947 1708 4019; baseline -0.002 -14"><span class='ocrx_word' id='word_1_321' title='bbox 98 3951 394 4019; x_wconf 73' lang='grc' dir='ltr'>ζὴσονται,</span> <span class='ocrx_word' id='word_1_322' title='bbox 434 3968 452 4000; x_wconf 72' lang='grc' dir='ltr'><strong>ι</strong></span> <span class='ocrx_word' id='word_1_323' title='bbox 492 3948 622 4018; x_wconf 75' lang='grc' dir='ltr'>περὶ</span> <span class='ocrx_word' id='word_1_324' title='bbox 666 3947 775 4001; x_wconf 87' lang='grc' dir='ltr'><strong>τῶν</strong></span> <span class='ocrx_word' id='word_1_325' title='bbox 820 3948 964 4001; x_wconf 85' lang='grc' dir='ltr'><strong>κατά</strong></span> <span class='ocrx_word' id='word_1_326' title='bbox 1006 3948 1096 4001; x_wconf 84' lang='grc' dir='ltr'><strong>τὸν</strong></span> <span class='ocrx_word' id='word_1_327' title='bbox 1125 3947 1317 4018; x_wconf 79' lang='grc' dir='ltr'>καιρὸν</span> <span class='ocrx_word' id='word_1_328' title='bbox 1346 3950 1552 4001; x_wconf 82' lang='grc' dir='ltr'>ἐκεῖνον</span> <span class='ocrx_word' id='word_1_329' title='bbox 1579 3950 1708 4002; x_wconf 76' lang='grc' dir='ltr'>ἀνα‹</span> 
     </span>
    </p>
   </div>
   <div class='ocr_carea' id='block_1_42' title="bbox 101 4039 1704 4111">
    <p class='ocr_par' dir='ltr' id='par_1_42' title="bbox 101 4039 1704 4111">
     <span class='ocr_line' id='line_1_42' title="bbox 101 4039 1704 4111; baseline -0.005 -18"><span class='ocrx_word' id='word_1_330' title='bbox 101 4061 167 4093; x_wconf 80' lang='lat' dir='ltr'><strong>cr:</strong></span> <span class='ocrx_word' id='word_1_331' title='bbox 180 4046 366 4096; x_wconf 69' lang='grc' dir='ltr'>άντων</span> <span class='ocrx_word' id='word_1_332' title='bbox 405 4041 625 4111; x_wconf 84' lang='grc' dir='ltr'>νεκρῶν</span> <span class='ocrx_word' id='word_1_333' title='bbox 647 4039 937 4110; x_wconf 73' lang='grc' dir='ltr'>εἰρῆσθαι·</span> <span class='ocrx_word' id='word_1_334' title='bbox 977 4039 1124 4101; x_wconf 78' lang='grc' dir='ltr'>τὸδὲ,</span> <span class='ocrx_word' id='word_1_335' title='bbox 1158 4056 1175 4089; x_wconf 84' lang='grc' dir='ltr'><strong>ι</strong></span> <span class='ocrx_word' id='word_1_336' title='bbox 1208 4040 1407 4100; x_wconf 86' lang='grc' dir='ltr'>πάντες</span> <span class='ocrx_word' id='word_1_337' title='bbox 1430 4039 1481 4091; x_wconf 72' lang='lat' dir='ltr'><strong>oi</strong></span> <span class='ocrx_word' id='word_1_338' title='bbox 1513 4041 1570 4091; x_wconf 86' lang='grc' dir='ltr'><strong>ἐν</strong></span> <span class='ocrx_word' id='word_1_339' title='bbox 1598 4040 1704 4096; x_wconf 83' lang='grc' dir='ltr'>τοῖς</span> 
     </span>
    </p>
   </div>
   <div class='ocr_carea' id='block_1_43' title="bbox 100 4131 1706 4205">
    <p class='ocr_par' dir='ltr' id='par_1_43' title="bbox 100 4131 1706 4205">
     <span class='ocr_line' id='line_1_43' title="bbox 100 4131 1706 4205; baseline -0.002 -21"><span class='ocrx_word' id='word_1_340' title='bbox 100 4135 429 4205; x_wconf 71' lang='grc' dir='ltr'>μνημείοις,</span> <span class='ocrx_word' id='word_1_341' title='bbox 471 4153 491 4185; x_wconf 72' lang='grc' dir='ltr'><strong>ι</strong></span> <span class='ocrx_word' id='word_1_342' title='bbox 526 4133 627 4203; x_wconf 84' lang='grc' dir='ltr'>τὴν</span> <span class='ocrx_word' id='word_1_343' title='bbox 646 4132 1018 4201; x_wconf 81' lang='grc' dir='ltr'>ἀναστάσιμον</span> <span class='ocrx_word' id='word_1_344' title='bbox 1042 4133 1135 4200; x_wconf 79' lang='grc' dir='ltr'><strong>τῆς</strong></span> <span class='ocrx_word' id='word_1_345' title='bbox 1160 4131 1371 4194; x_wconf 80' lang='grc' dir='ltr'>ἐνδόξου</span> <span class='ocrx_word' id='word_1_346' title='bbox 1408 4131 1706 4200; x_wconf 83' lang='grc' dir='ltr'>παρουσίας</span> 
     </span>
    </p>
   </div>
   <div class='ocr_carea' id='block_1_44' title="bbox 1798 604 3370 671">
    <p class='ocr_par' dir='ltr' id='par_1_44' title="bbox 1798 604 3370 671">
     <span class='ocr_line' id='line_1_44' title="bbox 1798 604 3370 671; baseline 0.006 -18"><span class='ocrx_word' id='word_1_347' title='bbox 1798 610 1899 663; x_wconf 90' lang='lat' dir='ltr'><strong>est,</strong></span> <span class='ocrx_word' id='word_1_348' title='bbox 1930 617 2254 671; x_wconf 79' lang='lat' dir='ltr'><strong>magnopere</strong></span> <span class='ocrx_word' id='word_1_349' title='bbox 2280 604 2559 661; x_wconf 83' lang='lat' dir='ltr'><strong>damnabit</strong></span> <span class='ocrx_word' id='word_1_350' title='bbox 2582 607 2908 661; x_wconf 89' lang='lat' dir='ltr'><strong>malitiosam</strong></span> <span class='ocrx_word' id='word_1_351' title='bbox 2937 608 3370 663; x_wconf 81' lang='lat' dir='ltr'><strong>adversariorum</strong></span> 
     </span>
    </p>
   </div>
   <div class='ocr_carea' id='block_1_45' title="bbox 1798 693 3372 769">
    <p class='ocr_par' dir='ltr' id='par_1_45' title="bbox 1798 693 3372 769">
     <span class='ocr_line' id='line_1_45' title="bbox 1798 693 3372 769; baseline 0.005 -23"><span class='ocrx_word' id='word_1_352' title='bbox 1798 693 2122 747; x_wconf 87' lang='lat' dir='ltr'><strong>sententiam</strong></span> <span class='ocrx_word' id='word_1_353' title='bbox 2157 710 2359 766; x_wconf 89' lang='lat' dir='ltr'><strong>eosque</strong></span> <span class='ocrx_word' id='word_1_354' title='bbox 2385 697 2725 754; x_wconf 86' lang='lat' dir='ltr'><strong>cavillatores</strong></span> <span class='ocrx_word' id='word_1_355' title='bbox 2756 714 2818 753; x_wconf 88' lang='lat' dir='ltr'><strong>ac</strong></span> <span class='ocrx_word' id='word_1_356' title='bbox 2851 700 3215 768; x_wconf 86' lang='lat' dir='ltr'><strong>sycophantas</strong></span> <span class='ocrx_word' id='word_1_357' title='bbox 3249 701 3372 769; x_wconf 83' lang='lat' dir='ltr'><strong>jure</strong></span> 
     </span>
    </p>
   </div>
   <div class='ocr_carea' id='block_1_46' title="bbox 1801 785 3363 855">
    <p class='ocr_par' dir='ltr' id='par_1_46' title="bbox 1801 785 3363 855">
     <span class='ocr_line' id='line_1_46' title="bbox 1801 785 3363 855; baseline 0.006 -21"><span class='ocrx_word' id='word_1_358' title='bbox 1801 785 2098 852; x_wconf 88' lang='lat' dir='ltr'><strong>meritoque</strong></span> <span class='ocrx_word' id='word_1_359' title='bbox 2128 786 2452 855; x_wconf 75' lang='lat' dir='ltr'><strong>appellabit:</strong></span> <span class='ocrx_word' id='word_1_360' title='bbox 2488 788 2611 842; x_wconf 87' lang='lat' dir='ltr'><strong>talia</strong></span> <span class='ocrx_word' id='word_1_361' title='bbox 2637 790 2780 843; x_wconf 90' lang='lat' dir='ltr'><strong>enim</strong></span> <span class='ocrx_word' id='word_1_362' title='bbox 2804 803 2865 843; x_wconf 86' lang='lat' dir='ltr'><strong>ac</strong></span> <span class='ocrx_word' id='word_1_363' title='bbox 2904 797 3047 842; x_wconf 86' lang='lat' dir='ltr'><strong>tanta</strong></span> <span class='ocrx_word' id='word_1_364' title='bbox 3076 800 3203 843; x_wconf 90' lang='lat' dir='ltr'><strong>ante</strong></span> <span class='ocrx_word' id='word_1_365' title='bbox 3224 792 3363 844; x_wconf 87' lang='lat' dir='ltr'><strong>hanc</strong></span> 
     </span>
    </p>
   </div>
   <div class='ocr_carea' id='block_1_47' title="bbox 1798 875 3373 942">
    <p class='ocr_par' dir='ltr' id='par_1_47' title="bbox 1798 875 3373 942">
     <span class='ocr_line' id='line_1_47' title="bbox 1798 875 3373 942; baseline 0.004 -13"><span class='ocrx_word' id='word_1_366' title='bbox 1798 875 2085 931; x_wconf 75' lang='lat' dir='ltr'><strong>dictionem</strong></span> <span class='ocrx_word' id='word_1_367' title='bbox 2113 876 2358 932; x_wconf 78' lang='lat' dir='ltr'><strong>elocmus</strong></span> <span class='ocrx_word' id='word_1_368' title='bbox 2391 877 2593 942; x_wconf 79' lang='lat' dir='ltr'><strong>fuerat,</strong></span> <span class='ocrx_word' id='word_1_369' title='bbox 2620 879 2785 934; x_wconf 85' lang='lat' dir='ltr'><strong>Deum</strong></span> <span class='ocrx_word' id='word_1_370' title='bbox 2822 893 2879 933; x_wconf 91' lang='lat' dir='ltr'><strong>se</strong></span> <span class='ocrx_word' id='word_1_371' title='bbox 2900 878 3277 934; x_wconf 70' lang='lat' dir='ltr'><strong>demonstrans</strong></span> <span class='ocrx_word' id='word_1_372' title='bbox 3320 891 3373 935; x_wconf 90' lang='lat' dir='ltr'><strong>et</strong></span> 
     </span>
    </p>
   </div>
   <div class='ocr_carea' id='block_1_48' title="bbox 1799 965 3369 1039">
    <p class='ocr_par' dir='ltr' id='par_1_48' title="bbox 1799 965 3369 1039">
     <span class='ocr_line' id='line_1_48' title="bbox 1799 965 3369 1039; baseline 0.003 -19"><span class='ocrx_word' id='word_1_373' title='bbox 1799 965 1890 1021; x_wconf 91' lang='lat' dir='ltr'><strong>Dei</strong></span> <span class='ocrx_word' id='word_1_374' title='bbox 1923 967 2138 1031; x_wconf 87' lang='lat' dir='ltr'><strong>Filium,</strong></span> <span class='ocrx_word' id='word_1_375' title='bbox 2175 977 2233 1022; x_wconf 93' lang='lat' dir='ltr'><strong>ut</strong></span> <span class='ocrx_word' id='word_1_376' title='bbox 2266 970 2366 1039; x_wconf 87' lang='lat' dir='ltr'><strong>ipsi</strong></span> <span class='ocrx_word' id='word_1_377' title='bbox 2400 969 2540 1024; x_wconf 89' lang='lat' dir='ltr'><strong>illius</strong></span> <span class='ocrx_word' id='word_1_378' title='bbox 2571 971 2828 1039; x_wconf 87' lang='lat' dir='ltr'><strong>temporis</strong></span> <span class='ocrx_word' id='word_1_379' title='bbox 2876 968 3066 1032; x_wconf 75' lang='lat' dir='ltr'><strong>Judzei,</strong></span> <span class='ocrx_word' id='word_1_380' title='bbox 3116 970 3369 1039; x_wconf 89' lang='lat' dir='ltr'><strong>quoniam</strong></span> 
     </span>
    </p>
   </div>
   <div class='ocr_carea' id='block_1_49' title="bbox 1799 1059 3367 1130">
    <p class='ocr_par' dir='ltr' id='par_1_49' title="bbox 1799 1059 3367 1130">
     <span class='ocr_line' id='line_1_49' title="bbox 1799 1059 3367 1130; baseline 0.001 -18"><span class='ocrx_word' id='word_1_381' title='bbox 1799 1059 1993 1112; x_wconf 88' lang='lat' dir='ltr'><strong>mentis</strong></span> <span class='ocrx_word' id='word_1_382' title='bbox 2025 1060 2242 1113; x_wconf 92' lang='lat' dir='ltr'><strong>oculum</strong></span> <span class='ocrx_word' id='word_1_383' title='bbox 2266 1071 2598 1115; x_wconf 70' lang='lat' dir='ltr'><strong>excaecatum</strong></span> <span class='ocrx_word' id='word_1_384' title='bbox 2616 1061 2897 1128; x_wconf 81' lang='lat' dir='ltr'><strong>gerebant,</strong></span> <span class='ocrx_word' id='word_1_385' title='bbox 2955 1062 3024 1115; x_wconf 91' lang='lat' dir='ltr'><strong>ob</strong></span> <span class='ocrx_word' id='word_1_386' title='bbox 3062 1077 3123 1116; x_wconf 89' lang='lat' dir='ltr'><strong>ea</strong></span> <span class='ocrx_word' id='word_1_387' title='bbox 3155 1062 3367 1130; x_wconf 87' lang='lat' dir='ltr'><strong>eloquia</strong></span> 
     </span>
    </p>
   </div>
   <div class='ocr_carea' id='block_1_50' title="bbox 1798 1147 3369 1218">
    <p class='ocr_par' dir='ltr' id='par_1_50' title="bbox 1798 1147 3369 1218">
     <span class='ocr_line' id='line_1_50' title="bbox 1798 1147 3369 1218; baseline 0.001 -17"><span class='ocrx_word' id='word_1_388' title='bbox 1798 1147 2035 1201; x_wconf 83' lang='lat' dir='ltr'><strong>maxime</strong></span> <span class='ocrx_word' id='word_1_389' title='bbox 2060 1147 2259 1201; x_wconf 88' lang='lat' dir='ltr'><strong>vellent</strong></span> <span class='ocrx_word' id='word_1_390' title='bbox 2289 1148 2439 1202; x_wconf 89' lang='lat' dir='ltr'><strong>illum</strong></span> <span class='ocrx_word' id='word_1_391' title='bbox 2494 1150 2759 1203; x_wconf 87' lang='lat' dir='ltr'><strong>occidere.</strong></span> <span class='ocrx_word' id='word_1_392' title='bbox 2819 1147 2905 1201; x_wconf 88' lang='lat' dir='ltr'><strong>lsti</strong></span> <span class='ocrx_word' id='word_1_393' title='bbox 2951 1163 3113 1217; x_wconf 84' lang='lat' dir='ltr'><strong>porro</strong></span> <span class='ocrx_word' id='word_1_394' title='bbox 3166 1150 3369 1218; x_wconf 77' lang='lat' dir='ltr'><strong>egregii</strong></span> 
     </span>
    </p>
   </div>
   <div class='ocr_carea' id='block_1_51' title="bbox 1797 1236 3363 1307">
    <p class='ocr_par' dir='ltr' id='par_1_51' title="bbox 1797 1236 3363 1307">
     <span class='ocr_line' id='line_1_51' title="bbox 1797 1236 3363 1307; baseline -0.001 -15"><span class='ocrx_word' id='word_1_395' title='bbox 1797 1236 2091 1292; x_wconf 80' lang='lat' dir='ltr'><strong>adversarii</strong></span> <span class='ocrx_word' id='word_1_396' title='bbox 2116 1246 2309 1292; x_wconf 88' lang='lat' dir='ltr'><strong>cuncta</strong></span> <span class='ocrx_word' id='word_1_397' title='bbox 2344 1237 2431 1291; x_wconf 90' lang='lat' dir='ltr'><strong>illa</strong></span> <span class='ocrx_word' id='word_1_398' title='bbox 2459 1238 2674 1293; x_wconf 86' lang='lat' dir='ltr'><strong>silentio</strong></span> <span class='ocrx_word' id='word_1_399' title='bbox 2695 1246 3019 1307; x_wconf 84' lang='lat' dir='ltr'><strong>prementes,</strong></span> <span class='ocrx_word' id='word_1_400' title='bbox 3044 1240 3182 1291; x_wconf 85' lang='lat' dir='ltr'><strong>hanc</strong></span> <span class='ocrx_word' id='word_1_401' title='bbox 3204 1252 3363 1291; x_wconf 88' lang='lat' dir='ltr'><strong>unam</strong></span> 
     </span>
    </p>
   </div>
   <div class='ocr_carea' id='block_1_52' title="bbox 1799 1325 3369 1397">
    <p class='ocr_par' dir='ltr' id='par_1_52' title="bbox 1799 1325 3369 1397">
     <span class='ocr_line' id='line_1_52' title="bbox 1799 1325 3369 1397; baseline 0.003 -17"><span class='ocrx_word' id='word_1_402' title='bbox 1799 1325 1900 1380; x_wconf 85' lang='lat' dir='ltr'><strong>sibi</strong></span> <span class='ocrx_word' id='word_1_403' title='bbox 1938 1328 2153 1395; x_wconf 90' lang='lat' dir='ltr'><strong>rapiunt</strong></span> <span class='ocrx_word' id='word_1_404' title='bbox 2181 1327 2494 1393; x_wconf 87' lang='lat' dir='ltr'><strong>dictionem,</strong></span> <span class='ocrx_word' id='word_1_405' title='bbox 2532 1329 2675 1383; x_wconf 88' lang='lat' dir='ltr'><strong>haud</strong></span> <span class='ocrx_word' id='word_1_406' title='bbox 2728 1329 2881 1383; x_wconf 84' lang='lat' dir='ltr'><strong>aliter</strong></span> <span class='ocrx_word' id='word_1_407' title='bbox 2935 1344 2992 1383; x_wconf 86' lang='lat' dir='ltr'><strong>se</strong></span> <span class='ocrx_word' id='word_1_408' title='bbox 3052 1344 3211 1397; x_wconf 87' lang='lat' dir='ltr'><strong>quam</strong></span> <span class='ocrx_word' id='word_1_409' title='bbox 3237 1331 3369 1386; x_wconf 86' lang='lat' dir='ltr'><strong>olitn</strong></span> 
     </span>
    </p>
   </div>
   <div class='ocr_carea' id='block_1_53' title="bbox 1798 1416 3370 1490">
    <p class='ocr_par' dir='ltr' id='par_1_53' title="bbox 1798 1416 3370 1490">
     <span class='ocr_line' id='line_1_53' title="bbox 1798 1416 3370 1490; baseline 0.005 -19"><span class='ocrx_word' id='word_1_410' title='bbox 1798 1416 2056 1471; x_wconf 66' lang='lat' dir='ltr'><strong>Pharisaei</strong></span> <span class='ocrx_word' id='word_1_411' title='bbox 2094 1428 2376 1490; x_wconf 73' lang='lat' dir='ltr'><strong>gerentes:</strong></span> <span class='ocrx_word' id='word_1_412' title='bbox 2410 1434 2643 1489; x_wconf 87' lang='lat' dir='ltr'><strong>namque</strong></span> <span class='ocrx_word' id='word_1_413' title='bbox 2680 1432 2735 1473; x_wconf 89' lang='lat' dir='ltr'><strong>et</strong></span> <span class='ocrx_word' id='word_1_414' title='bbox 2768 1421 2821 1474; x_wconf 79' lang='lat' dir='ltr'><strong>lii</strong></span> <span class='ocrx_word' id='word_1_415' title='bbox 2850 1420 3063 1475; x_wconf 76' lang='lat' dir='ltr'><strong>docenti</strong></span> <span class='ocrx_word' id='word_1_416' title='bbox 3097 1420 3370 1480; x_wconf 76' lang='lat' dir='ltr'><strong>Servatori</strong></span> 
     </span>
    </p>
   </div>
   <div class='ocr_carea' id='block_1_54' title="bbox 1803 1508 3368 1579">
    <p class='ocr_par' dir='ltr' id='par_1_54' title="bbox 1803 1508 3368 1579">
     <span class='ocr_line' id='line_1_54' title="bbox 1803 1508 3368 1579; baseline 0.002 -18"><span class='ocrx_word' id='word_1_417' title='bbox 1803 1508 2182 1573; x_wconf 89' lang='lat' dir='ltr'><strong>attendebant,</strong></span> <span class='ocrx_word' id='word_1_418' title='bbox 2215 1524 2321 1564; x_wconf 92' lang='lat' dir='ltr'><strong>non</strong></span> <span class='ocrx_word' id='word_1_419' title='bbox 2349 1510 2473 1579; x_wconf 86' lang='lat' dir='ltr'><strong>quia</strong></span> <span class='ocrx_word' id='word_1_420' title='bbox 2507 1510 2726 1563; x_wconf 80' lang='lat' dir='ltr'><strong>credere</strong></span> <span class='ocrx_word' id='word_1_421' title='bbox 2779 1519 2872 1563; x_wconf 88' lang='lat' dir='ltr'><strong>aut</strong></span> <span class='ocrx_word' id='word_1_422' title='bbox 2899 1512 3114 1566; x_wconf 78' lang='lat' dir='ltr'><strong>edoceri</strong></span> <span class='ocrx_word' id='word_1_423' title='bbox 3154 1511 3368 1576; x_wconf 88' lang='lat' dir='ltr'><strong>vellent,</strong></span> 
     </span>
    </p>
   </div>
   <div class='ocr_carea' id='block_1_55' title="bbox 1801 1600 3372 1671">
    <p class='ocr_par' dir='ltr' id='par_1_55' title="bbox 1801 1600 3372 1671">
     <span class='ocr_line' id='line_1_55' title="bbox 1801 1600 3372 1671; baseline -0.001 -15"><span class='ocrx_word' id='word_1_424' title='bbox 1801 1601 1897 1657; x_wconf 91' lang='lat' dir='ltr'><strong>sed</strong></span> <span class='ocrx_word' id='word_1_425' title='bbox 1925 1601 2051 1671; x_wconf 87' lang='lat' dir='ltr'><strong>quia</strong></span> <span class='ocrx_word' id='word_1_426' title='bbox 2084 1610 2299 1669; x_wconf 86' lang='lat' dir='ltr'><strong>captare</strong></span> <span class='ocrx_word' id='word_1_427' title='bbox 2324 1600 2526 1670; x_wconf 87' lang='lat' dir='ltr'><strong>aliquid</strong></span> <span class='ocrx_word' id='word_1_428' title='bbox 2544 1616 2609 1657; x_wconf 75' lang='lat' dir='ltr'><strong>ex</strong></span> <span class='ocrx_word' id='word_1_429' title='bbox 2635 1601 2749 1669; x_wconf 83' lang='lat' dir='ltr'><strong>ejus</strong></span> <span class='ocrx_word' id='word_1_430' title='bbox 2769 1615 2863 1655; x_wconf 89' lang='lat' dir='ltr'><strong>ore</strong></span> <span class='ocrx_word' id='word_1_431' title='bbox 2887 1603 3138 1666; x_wconf 85' lang='lat' dir='ltr'><strong>avebant,</strong></span> <span class='ocrx_word' id='word_1_432' title='bbox 3173 1610 3228 1654; x_wconf 90' lang='lat' dir='ltr'><strong>ut</strong></span> <span class='ocrx_word' id='word_1_433' title='bbox 3247 1617 3372 1655; x_wconf 86' lang='lat' dir='ltr'><strong>nar—</strong></span> 
     </span>
    </p>
   </div>
   <div class='ocr_carea' id='block_1_56' title="bbox 1803 1690 3375 1762">
    <p class='ocr_par' dir='ltr' id='par_1_56' title="bbox 1803 1690 3375 1762">
     <span class='ocr_line' id='line_1_56' title="bbox 1803 1690 3375 1762; baseline 0 -16"><span class='ocrx_word' id='word_1_434' title='bbox 1803 1690 2231 1761; x_wconf 75' lang='lat' dir='ltr'><strong>ratcvangelista</strong></span> <span class='ocrx_word' id='word_1_435' title='bbox 2260 1691 2329 1745; x_wconf 74' lang='lat'><strong>“.</strong></span> <span class='ocrx_word' id='word_1_436' title='bbox 2356 1690 2443 1746; x_wconf 90' lang='lat' dir='ltr'><strong>Sic</strong></span> <span class='ocrx_word' id='word_1_437' title='bbox 2471 1691 2738 1761; x_wconf 77' lang='lat' dir='ltr'><strong>igituristi</strong></span> <span class='ocrx_word' id='word_1_438' title='bbox 2770 1706 2985 1761; x_wconf 91' lang='lat' dir='ltr'><strong>quoque</strong></span> <span class='ocrx_word' id='word_1_439' title='bbox 3015 1706 3155 1745; x_wconf 89' lang='lat' dir='ltr'><strong>nunc</strong></span> <span class='ocrx_word' id='word_1_440' title='bbox 3189 1690 3375 1762; x_wconf 77' lang='lat' dir='ltr'><strong>legunt</strong></span> 
     </span>
    </p>
   </div>
   <div class='ocr_carea' id='block_1_57' title="bbox 1802 1781 3376 1854">
    <p class='ocr_par' dir='ltr' id='par_1_57' title="bbox 1802 1781 3376 1854">
     <span class='ocr_line' id='line_1_57' title="bbox 1802 1781 3376 1854; baseline -0.001 -18"><span class='ocrx_word' id='word_1_441' title='bbox 1802 1783 1885 1837; x_wconf 84' lang='lat' dir='ltr'><strong>vel</strong></span> <span class='ocrx_word' id='word_1_442' title='bbox 1913 1783 2092 1854; x_wconf 84' lang='lat' dir='ltr'><strong>potius</strong></span> <span class='ocrx_word' id='word_1_443' title='bbox 2116 1784 2330 1840; x_wconf 87' lang='lat' dir='ltr'><strong>curiose</strong></span> <span class='ocrx_word' id='word_1_444' title='bbox 2366 1783 2627 1852; x_wconf 79' lang='lat' dir='ltr'><strong>indagant</strong></span> <span class='ocrx_word' id='word_1_445' title='bbox 2678 1783 2889 1837; x_wconf 88' lang='lat' dir='ltr'><strong>divinas</strong></span> <span class='ocrx_word' id='word_1_446' title='bbox 2921 1781 3248 1848; x_wconf 84' lang='lat' dir='ltr'><strong>Scripturas,</strong></span> <span class='ocrx_word' id='word_1_447' title='bbox 3318 1791 3376 1835; x_wconf 91' lang='lat' dir='ltr'><strong>ut</strong></span> 
     </span>
    </p>
   </div>
   <div class='ocr_carea' id='block_1_58' title="bbox 1805 1873 3370 1943">
    <p class='ocr_par' dir='ltr' id='par_1_58' title="bbox 1805 1873 3370 1943">
     <span class='ocr_line' id='line_1_58' title="bbox 1805 1873 3370 1943; baseline -0.003 -15"><span class='ocrx_word' id='word_1_448' title='bbox 1805 1890 1993 1930; x_wconf 89' lang='lat' dir='ltr'><strong>ansam</strong></span> <span class='ocrx_word' id='word_1_449' title='bbox 2029 1875 2261 1943; x_wconf 87' lang='lat' dir='ltr'><strong>aliquam</strong></span> <span class='ocrx_word' id='word_1_450' title='bbox 2286 1876 2573 1929; x_wconf 86' lang='lat' dir='ltr'><strong>accusandi</strong></span> <span class='ocrx_word' id='word_1_451' title='bbox 2601 1873 2753 1929; x_wconf 77' lang='lat' dir='ltr'><strong>illum</strong></span> <span class='ocrx_word' id='word_1_452' title='bbox 2794 1874 3074 1929; x_wconf 90' lang='lat' dir='ltr'><strong>inveniant</strong></span> <span class='ocrx_word' id='word_1_453' title='bbox 3105 1874 3193 1942; x_wconf 86' lang='lat' dir='ltr'><strong>qui</strong></span> <span class='ocrx_word' id='word_1_454' title='bbox 3217 1886 3370 1926; x_wconf 81' lang='lat' dir='ltr'><strong>suam</strong></span> 
     </span>
    </p>
   </div>
   <div class='ocr_carea' id='block_1_59' title="bbox 1805 1966 2565 2039">
    <p class='ocr_par' dir='ltr' id='par_1_59' title="bbox 1805 1966 2565 2039">
     <span class='ocr_line' id='line_1_59' title="bbox 1805 1966 2565 2039; baseline -0.004 -17"><span class='ocrx_word' id='word_1_455' title='bbox 1805 1983 1902 2039; x_wconf 88' lang='lat' dir='ltr'><strong>pro</strong></span> <span class='ocrx_word' id='word_1_456' title='bbox 1932 1967 2066 2037; x_wconf 92' lang='lat' dir='ltr'><strong>ipsis</strong></span> <span class='ocrx_word' id='word_1_457' title='bbox 2101 1966 2336 2021; x_wconf 88' lang='lat' dir='ltr'><strong>animam</strong></span> <span class='ocrx_word' id='word_1_458' title='bbox 2369 1966 2565 2033; x_wconf 89' lang='lat' dir='ltr'><strong>posuit.</strong></span> 
     </span>
    </p>
   </div>
   <div class='ocr_carea' id='block_1_60' title="bbox 1876 2053 3374 2127">
    <p class='ocr_par' dir='ltr' id='par_1_60' title="bbox 1876 2053 3374 2127">
     <span class='ocr_line' id='line_1_60' title="bbox 1876 2053 3374 2127; baseline -0.006 -13"><span class='ocrx_word' id='word_1_459' title='bbox 1876 2060 1963 2117; x_wconf 78' lang='grc'><strong>16.</strong></span> <span class='ocrx_word' id='word_1_460' title='bbox 2007 2059 2274 2126; x_wconf 84' lang='lat' dir='ltr'><strong>Quidnam</strong></span> <span class='ocrx_word' id='word_1_461' title='bbox 2323 2071 2452 2113; x_wconf 84' lang='lat' dir='ltr'><strong>vero</strong></span> <span class='ocrx_word' id='word_1_462' title='bbox 2509 2066 2631 2111; x_wconf 83' lang='lat' dir='ltr'><strong>ante</strong></span> <span class='ocrx_word' id='word_1_463' title='bbox 2676 2059 2988 2127; x_wconf 73' lang='lat' dir='ltr'><strong>prmdictam</strong></span> <span class='ocrx_word' id='word_1_464' title='bbox 3048 2053 3374 2110; x_wconf 82' lang='lat' dir='ltr'><strong>locutionem</strong></span> 
     </span>
    </p>
   </div>
   <div class='ocr_carea' id='block_1_61' title="bbox 1806 2147 3379 2217">
    <p class='ocr_par' dir='ltr' id='par_1_61' title="bbox 1806 2147 3379 2217">
     <span class='ocr_line' id='line_1_61' title="bbox 1806 2147 3379 2217; baseline -0.005 -11"><span class='ocrx_word' id='word_1_465' title='bbox 1806 2152 2024 2213; x_wconf 79' lang='lat' dir='ltr'><strong>dixerit,</strong></span> <span class='ocrx_word' id='word_1_466' title='bbox 2056 2152 2432 2205; x_wconf 86' lang='lat' dir='ltr'><strong>observemus.</strong></span> <span class='ocrx_word' id='word_1_467' title='bbox 2474 2167 2491 2200; x_wconf 76' lang='grc' dir='ltr'><strong>ι</strong></span> <span class='ocrx_word' id='word_1_468' title='bbox 2524 2147 2686 2203; x_wconf 85' lang='lat' dir='ltr'><strong>Pater</strong></span> <span class='ocrx_word' id='word_1_469' title='bbox 2750 2163 2922 2214; x_wconf 91' lang='lat' dir='ltr'><strong>meus,</strong></span> <span class='ocrx_word' id='word_1_470' title='bbox 2964 2147 3160 2213; x_wconf 86' lang='lat' dir='ltr'><strong>inquit,</strong></span> <span class='ocrx_word' id='word_1_471' title='bbox 3209 2157 3379 2217; x_wconf 84' lang='lat' dir='ltr'><strong>usque</strong></span> 
     </span>
    </p>
   </div>
   <div class='ocr_carea' id='block_1_62' title="bbox 1804 2236 3375 2312">
    <p class='ocr_par' dir='ltr' id='par_1_62' title="bbox 1804 2236 3375 2312">
     <span class='ocr_line' id='line_1_62' title="bbox 1804 2236 3375 2312; baseline -0.006 -15"><span class='ocrx_word' id='word_1_472' title='bbox 1804 2244 1982 2298; x_wconf 90' lang='lat' dir='ltr'><strong>adhuc</strong></span> <span class='ocrx_word' id='word_1_473' title='bbox 2009 2250 2284 2312; x_wconf 90' lang='lat' dir='ltr'><strong>operatur.</strong></span> <span class='ocrx_word' id='word_1_474' title='bbox 2310 2251 2480 2310; x_wconf 77' lang='lat' dir='ltr'><strong>etego</strong></span> <span class='ocrx_word' id='word_1_475' title='bbox 2501 2256 2718 2310; x_wconf 89' lang='lat' dir='ltr'><strong>operor.</strong></span> <span class='ocrx_word' id='word_1_476' title='bbox 2747 2259 2765 2292; x_wconf 72' lang='grc' dir='ltr'><strong>ι</strong></span> <span class='ocrx_word' id='word_1_477' title='bbox 2798 2240 3008 2294; x_wconf 82' lang='lat' dir='ltr'><strong>Patrem</strong></span> <span class='ocrx_word' id='word_1_478' title='bbox 3031 2252 3186 2293; x_wconf 91' lang='lat' dir='ltr'><strong>suum</strong></span> <span class='ocrx_word' id='word_1_479' title='bbox 3209 2236 3375 2289; x_wconf 85' lang='lat' dir='ltr'><strong>Deum</strong></span> 
     </span>
    </p>
   </div>
   <div class='ocr_carea' id='block_1_63' title="bbox 1808 2324 3378 2400">
    <p class='ocr_par' dir='ltr' id='par_1_63' title="bbox 1808 2324 3378 2400">
     <span class='ocr_line' id='line_1_63' title="bbox 1808 2324 3378 2400; baseline -0.006 -13"><span class='ocrx_word' id='word_1_480' title='bbox 1808 2333 1957 2399; x_wconf 89' lang='lat' dir='ltr'><strong>dicit,</strong></span> <span class='ocrx_word' id='word_1_481' title='bbox 1990 2346 2174 2400; x_wconf 88' lang='lat' dir='ltr'><strong>parem</strong></span> <span class='ocrx_word' id='word_1_482' title='bbox 2205 2346 2263 2385; x_wconf 92' lang='lat' dir='ltr'><strong>se</strong></span> <span class='ocrx_word' id='word_1_483' title='bbox 2288 2329 2494 2386; x_wconf 81' lang='lat' dir='ltr'><strong>faciens</strong></span> <span class='ocrx_word' id='word_1_484' title='bbox 2520 2330 2649 2395; x_wconf 86' lang='lat' dir='ltr'><strong>Deo,</strong></span> <span class='ocrx_word' id='word_1_485' title='bbox 2677 2330 2865 2383; x_wconf 88' lang='lat' dir='ltr'><strong>eadem</strong></span> <span class='ocrx_word' id='word_1_486' title='bbox 2903 2342 3020 2396; x_wconf 78' lang='lat' dir='ltr'><strong>qua:</strong></span> <span class='ocrx_word' id='word_1_487' title='bbox 3071 2326 3232 2380; x_wconf 83' lang='lat' dir='ltr'><strong>Pater</strong></span> <span class='ocrx_word' id='word_1_488' title='bbox 3262 2324 3378 2393; x_wconf 87' lang='lat' dir='ltr'><strong>pari</strong></span> 
     </span>
    </p>
   </div>
   <div class='ocr_carea' id='block_1_64' title="bbox 1805 2416 3379 2487">
    <p class='ocr_par' dir='ltr' id='par_1_64' title="bbox 1805 2416 3379 2487">
     <span class='ocr_line' id='line_1_64' title="bbox 1805 2416 3379 2487; baseline -0.006 -8"><span class='ocrx_word' id='word_1_489' title='bbox 1805 2425 1962 2479; x_wconf 87' lang='lat' dir='ltr'><strong>modo</strong></span> <span class='ocrx_word' id='word_1_490' title='bbox 1992 2432 2290 2477; x_wconf 90' lang='lat' dir='ltr'><strong>creantem.</strong></span> <span class='ocrx_word' id='word_1_491' title='bbox 2318 2421 2451 2475; x_wconf 83' lang='lat' dir='ltr'><strong>Nam</strong></span> <span class='ocrx_word' id='word_1_492' title='bbox 2476 2440 2491 2473; x_wconf 84' lang='lat' dir='ltr'><strong>I</strong></span> <span class='ocrx_word' id='word_1_493' title='bbox 2520 2421 2649 2487; x_wconf 60' lang='grc' dir='ltr'>ρυλε</span> <span class='ocrx_word' id='word_1_494' title='bbox 2667 2420 2755 2474; x_wconf 93' lang='lat' dir='ltr'><strong>ille</strong></span> <span class='ocrx_word' id='word_1_495' title='bbox 2779 2419 2925 2481; x_wconf 78' lang='lat' dir='ltr'><strong>facit,</strong></span> <span class='ocrx_word' id='word_1_496' title='bbox 2943 2419 3127 2472; x_wconf 85' lang='lat' dir='ltr'><strong>eadem</strong></span> <span class='ocrx_word' id='word_1_497' title='bbox 3142 2416 3379 2469; x_wconf 81' lang='lat' dir='ltr'><strong>etFilius</strong></span> 
     </span>
    </p>
   </div>
   <div class='ocr_carea' id='block_1_65' title="bbox 1806 2507 3381 2579">
    <p class='ocr_par' dir='ltr' id='par_1_65' title="bbox 1806 2507 3381 2579">
     <span class='ocr_line' id='line_1_65' title="bbox 1806 2507 3381 2579; baseline -0.006 -10"><span class='ocrx_word' id='word_1_498' title='bbox 1806 2514 2062 2569; x_wconf 86' lang='lat' dir='ltr'><strong>similiter</strong></span> <span class='ocrx_word' id='word_1_499' title='bbox 2090 2511 2220 2567; x_wconf 80' lang='lat' dir='ltr'><strong>facit</strong></span> <span class='ocrx_word' id='word_1_500' title='bbox 2242 2512 2308 2564; x_wconf 81' lang='grc'><strong>⁷⁸.</strong></span> <span class='ocrx_word' id='word_1_501' title='bbox 2339 2533 2356 2563; x_wconf 72' lang='grc' dir='ltr'><strong>ι</strong></span> <span class='ocrx_word' id='word_1_502' title='bbox 2392 2510 2615 2579; x_wconf 88' lang='lat' dir='ltr'><strong>Insuper</strong></span> <span class='ocrx_word' id='word_1_503' title='bbox 2643 2528 2655 2563; x_wconf 93' lang='lat'><strong>:</strong></span> <span class='ocrx_word' id='word_1_504' title='bbox 2684 2528 2703 2561; x_wconf 76' lang='grc' dir='ltr'><strong>ι</strong></span> <span class='ocrx_word' id='word_1_505' title='bbox 2747 2508 2899 2577; x_wconf 85' lang='lat' dir='ltr'><strong>Quod</strong></span> <span class='ocrx_word' id='word_1_506' title='bbox 2933 2523 3093 2563; x_wconf 88' lang='lat' dir='ltr'><strong>omne</strong></span> <span class='ocrx_word' id='word_1_507' title='bbox 3115 2507 3381 2576; x_wconf 84' lang='lat' dir='ltr'><strong>judicium</strong></span> 
     </span>
    </p>
   </div>
   <div class='ocr_carea' id='block_1_66' title="bbox 1807 2595 3379 2673">
    <p class='ocr_par' dir='ltr' id='par_1_66' title="bbox 1807 2595 3379 2673">
     <span class='ocr_line' id='line_1_66' title="bbox 1807 2595 3379 2673; baseline -0.008 -13"><span class='ocrx_word' id='word_1_508' title='bbox 1807 2606 1906 2673; x_wconf 91' lang='lat' dir='ltr'><strong>ipsi</strong></span> <span class='ocrx_word' id='word_1_509' title='bbox 1936 2604 2099 2660; x_wconf 86' lang='lat' dir='ltr'><strong>Pater</strong></span> <span class='ocrx_word' id='word_1_510' title='bbox 2134 2602 2489 2667; x_wconf 89' lang='lat' dir='ltr'><strong>commiserit,</strong></span> <span class='ocrx_word' id='word_1_511' title='bbox 2516 2610 2574 2654; x_wconf 92' lang='lat' dir='ltr'><strong>ut</strong></span> <span class='ocrx_word' id='word_1_512' title='bbox 2627 2616 2818 2655; x_wconf 80' lang='lat' dir='ltr'><strong>ontnes</strong></span> <span class='ocrx_word' id='word_1_513' title='bbox 2871 2600 3233 2655; x_wconf 80' lang='lat' dir='ltr'><strong>honoriﬁcent</strong></span> <span class='ocrx_word' id='word_1_514' title='bbox 3284 2595 3379 2649; x_wconf 85' lang='lat' dir='ltr'><strong>Fi-</strong></span> 
     </span>
    </p>
   </div>
   <div class='ocr_carea' id='block_1_67' title="bbox 1808 2687 3375 2759">
    <p class='ocr_par' dir='ltr' id='par_1_67' title="bbox 1808 2687 3375 2759">
     <span class='ocr_line' id='line_1_67' title="bbox 1808 2687 3375 2759; baseline -0.007 -9"><span class='ocrx_word' id='word_1_515' title='bbox 1808 2699 1958 2759; x_wconf 90' lang='lat' dir='ltr'><strong>lium,</strong></span> <span class='ocrx_word' id='word_1_516' title='bbox 1993 2696 2147 2749; x_wconf 88' lang='lat' dir='ltr'><strong>sicuti</strong></span> <span class='ocrx_word' id='word_1_517' title='bbox 2180 2693 2393 2748; x_wconf 83' lang='lat' dir='ltr'><strong>Patrem</strong></span> <span class='ocrx_word' id='word_1_518' title='bbox 2430 2690 2789 2745; x_wconf 78' lang='lat' dir='ltr'><strong>honorificam</strong></span> <span class='ocrx_word' id='word_1_519' title='bbox 2815 2690 2881 2743; x_wconf 80' lang='grc'><strong>⁷⁸.</strong></span> <span class='ocrx_word' id='word_1_520' title='bbox 2917 2708 2933 2745; x_wconf 81' lang='lat' dir='ltr'><strong>t</strong></span> <span class='ocrx_word' id='word_1_521' title='bbox 2962 2687 3091 2742; x_wconf 87' lang='lat' dir='ltr'><strong>ltem</strong></span> <span class='ocrx_word' id='word_1_522' title='bbox 3131 2704 3142 2740; x_wconf 91' lang='lat'><strong>:</strong></span> <span class='ocrx_word' id='word_1_523' title='bbox 3176 2706 3193 2739; x_wconf 80' lang='grc' dir='ltr'><strong>ι</strong></span> <span class='ocrx_word' id='word_1_524' title='bbox 3225 2687 3375 2754; x_wconf 86' lang='lat' dir='ltr'><strong>Quod</strong></span> 
     </span>
    </p>
   </div>
   <div class='ocr_carea' id='block_1_68' title="bbox 1805 2781 3377 2851">
    <p class='ocr_par' dir='ltr' id='par_1_68' title="bbox 1805 2781 3377 2851">
     <span class='ocr_line' id='line_1_68' title="bbox 1805 2781 3377 2851; baseline -0.006 -13"><span class='ocrx_word' id='word_1_525' title='bbox 1805 2789 1952 2841; x_wconf 88' lang='lat' dir='ltr'><strong>venit</strong></span> <span class='ocrx_word' id='word_1_526' title='bbox 1973 2787 2125 2851; x_wconf 88' lang='lat' dir='ltr'><strong>bora,</strong></span> <span class='ocrx_word' id='word_1_527' title='bbox 2148 2794 2199 2838; x_wconf 92' lang='lat' dir='ltr'><strong>et</strong></span> <span class='ocrx_word' id='word_1_528' title='bbox 2228 2799 2366 2837; x_wconf 88' lang='lat' dir='ltr'><strong>nunc</strong></span> <span class='ocrx_word' id='word_1_529' title='bbox 2391 2791 2494 2845; x_wconf 88' lang='lat' dir='ltr'><strong>est,</strong></span> <span class='ocrx_word' id='word_1_530' title='bbox 2517 2796 2638 2837; x_wconf 92' lang='lat' dir='ltr'><strong>cum</strong></span> <span class='ocrx_word' id='word_1_531' title='bbox 2695 2781 2891 2835; x_wconf 87' lang='lat' dir='ltr'><strong>mortui</strong></span> <span class='ocrx_word' id='word_1_532' title='bbox 2941 2781 3163 2833; x_wconf 89' lang='lat' dir='ltr'><strong>audient</strong></span> <span class='ocrx_word' id='word_1_533' title='bbox 3192 2792 3377 2831; x_wconf 86' lang='lat' dir='ltr'><strong>vocem</strong></span> 
     </span>
    </p>
   </div>
   <div class='ocr_carea' id='block_1_69' title="bbox 1806 2858 3378 2941">
    <p class='ocr_par' dir='ltr' id='par_1_69' title="bbox 1806 2858 3378 2941">
     <span class='ocr_line' id='line_1_69' title="bbox 1806 2858 3378 2941; baseline -0.004 -11"><span class='ocrx_word' id='word_1_534' title='bbox 1806 2876 1925 2930; x_wconf 83' lang='lat' dir='ltr'><strong>Filii</strong></span> <span class='ocrx_word' id='word_1_535' title='bbox 1960 2874 2226 2939; x_wconf 83' lang='lat' dir='ltr'><strong>hominis;</strong></span> <span class='ocrx_word' id='word_1_536' title='bbox 2263 2882 2316 2926; x_wconf 91' lang='lat' dir='ltr'><strong>et</strong></span> <span class='ocrx_word' id='word_1_537' title='bbox 2339 2871 2428 2941; x_wconf 92' lang='lat' dir='ltr'><strong>qui</strong></span> <span class='ocrx_word' id='word_1_538' title='bbox 2464 2870 2753 2934; x_wconf 87' lang='lat' dir='ltr'><strong>audierint,</strong></span> <span class='ocrx_word' id='word_1_539' title='bbox 2787 2872 2969 2924; x_wconf 90' lang='lat' dir='ltr'><strong>vivent</strong></span> <span class='ocrx_word' id='word_1_540' title='bbox 3006 2871 3073 2924; x_wconf 84' lang='grc'><strong>⁷⁷.</strong></span> <span class='ocrx_word' id='word_1_541' title='bbox 3109 2889 3125 2920; x_wconf 73' lang='grc' dir='ltr'><strong>ι</strong></span> <span class='ocrx_word' id='word_1_542' title='bbox 3154 2858 3378 2923; x_wconf 85' lang='lat' dir='ltr'><strong>Deinde.</strong></span> 
     </span>
    </p>
   </div>
   <div class='ocr_carea' id='block_1_70' title="bbox 1806 2961 3380 3032">
    <p class='ocr_par' dir='ltr' id='par_1_70' title="bbox 1806 2961 3380 3032">
     <span class='ocr_line' id='line_1_70' title="bbox 1806 2961 3380 3032; baseline -0.006 -9"><span class='ocrx_word' id='word_1_543' title='bbox 1806 2984 1876 3023; x_wconf 91' lang='lat' dir='ltr'><strong>ne</strong></span> <span class='ocrx_word' id='word_1_544' title='bbox 1908 2969 2021 3023; x_wconf 77' lang='lat' dir='ltr'><strong>haec</strong></span> <span class='ocrx_word' id='word_1_545' title='bbox 2074 2966 2182 3020; x_wconf 89' lang='lat' dir='ltr'><strong>Deo</strong></span> <span class='ocrx_word' id='word_1_546' title='bbox 2241 2972 2447 3017; x_wconf 90' lang='lat' dir='ltr'><strong>tantum</strong></span> <span class='ocrx_word' id='word_1_547' title='bbox 2506 2961 2667 3032; x_wconf 80' lang='lat' dir='ltr'><strong>digna</strong></span> <span class='ocrx_word' id='word_1_548' title='bbox 2721 2962 3023 3027; x_wconf 83' lang='lat' dir='ltr'><strong>audientes,</strong></span> <span class='ocrx_word' id='word_1_549' title='bbox 3067 2969 3380 3029; x_wconf 90' lang='lat' dir='ltr'><strong>paterentur</strong></span> 
     </span>
    </p>
   </div>
   <div class='ocr_carea' id='block_1_71' title="bbox 1806 3052 3379 3127">
    <p class='ocr_par' dir='ltr' id='par_1_71' title="bbox 1806 3052 3379 3127">
     <span class='ocr_line' id='line_1_71' title="bbox 1806 3052 3379 3127; baseline -0.009 -13"><span class='ocrx_word' id='word_1_550' title='bbox 1806 3058 2117 3114; x_wconf 87' lang='lat' dir='ltr'><strong>scandalum</strong></span> <span class='ocrx_word' id='word_1_551' title='bbox 2147 3066 2365 3127; x_wconf 88' lang='lat' dir='ltr'><strong>propter</strong></span> <span class='ocrx_word' id='word_1_552' title='bbox 2392 3055 2511 3123; x_wconf 84' lang='lat' dir='ltr'><strong>ejus</strong></span> <span class='ocrx_word' id='word_1_553' title='bbox 2565 3069 2807 3117; x_wconf 86' lang='lat' dir='ltr'><strong>carnem,</strong></span> <span class='ocrx_word' id='word_1_554' title='bbox 2853 3052 2978 3121; x_wconf 84' lang='lat' dir='ltr'><strong>quia</strong></span> <span class='ocrx_word' id='word_1_555' title='bbox 3038 3052 3091 3103; x_wconf 85' lang='lat' dir='ltr'><strong>in</strong></span> <span class='ocrx_word' id='word_1_556' title='bbox 3145 3052 3379 3104; x_wconf 83' lang='lat' dir='ltr'><strong>humana</strong></span> 
     </span>
    </p>
   </div>
   <div class='ocr_carea' id='block_1_72' title="bbox 1809 3140 3382 3219">
    <p class='ocr_par' dir='ltr' id='par_1_72' title="bbox 1809 3140 3382 3219">
     <span class='ocr_line' id='line_1_72' title="bbox 1809 3140 3382 3219; baseline -0.008 -16"><span class='ocrx_word' id='word_1_557' title='bbox 1809 3150 1979 3204; x_wconf 86' lang='lat' dir='ltr'><strong>forma</strong></span> <span class='ocrx_word' id='word_1_558' title='bbox 2012 3148 2134 3201; x_wconf 88' lang='lat' dir='ltr'><strong>talia</strong></span> <span class='ocrx_word' id='word_1_559' title='bbox 2166 3148 2395 3208; x_wconf 88' lang='lat' dir='ltr'><strong>diceret,</strong></span> <span class='ocrx_word' id='word_1_560' title='bbox 2422 3146 2581 3219; x_wconf 87' lang='lat' dir='ltr'><strong>paulo</strong></span> <span class='ocrx_word' id='word_1_561' title='bbox 2612 3153 2732 3213; x_wconf 89' lang='lat' dir='ltr'><strong>post</strong></span> <span class='ocrx_word' id='word_1_562' title='bbox 2784 3141 3011 3205; x_wconf 85' lang='lat' dir='ltr'><strong>addidit,</strong></span> <span class='ocrx_word' id='word_1_563' title='bbox 3057 3140 3267 3200; x_wconf 87' lang='lat' dir='ltr'><strong>dicens,</strong></span> <span class='ocrx_word' id='word_1_564' title='bbox 3321 3153 3382 3191; x_wconf 87' lang='lat' dir='ltr'><strong>se</strong></span> 
     </span>
    </p>
   </div>
   <div class='ocr_carea' id='block_1_73' title="bbox 1807 3227 3377 3303">
    <p class='ocr_par' dir='ltr' id='par_1_73' title="bbox 1807 3227 3377 3303">
     <span class='ocr_line' id='line_1_73' title="bbox 1807 3227 3377 3303; baseline -0.009 -8"><span class='ocrx_word' id='word_1_565' title='bbox 1807 3240 2001 3296; x_wconf 89' lang='lat' dir='ltr'><strong>Filium</strong></span> <span class='ocrx_word' id='word_1_566' title='bbox 2036 3239 2270 3294; x_wconf 86' lang='lat' dir='ltr'><strong>hominis</strong></span> <span class='ocrx_word' id='word_1_567' title='bbox 2300 3253 2419 3293; x_wconf 86' lang='lat' dir='ltr'><strong>esse</strong></span> <span class='ocrx_word' id='word_1_568' title='bbox 2446 3237 2510 3291; x_wconf 83' lang='lat'><strong>&quot;.</strong></span> <span class='ocrx_word' id='word_1_569' title='bbox 2541 3234 2728 3303; x_wconf 65' lang='lat' dir='ltr'><strong>Neque</strong></span> <span class='ocrx_word' id='word_1_570' title='bbox 2760 3230 3065 3292; x_wconf 87' lang='lat' dir='ltr'><strong>miremini,</strong></span> <span class='ocrx_word' id='word_1_571' title='bbox 3100 3230 3241 3296; x_wconf 90' lang='lat' dir='ltr'><strong>quod</strong></span> <span class='ocrx_word' id='word_1_572' title='bbox 3288 3227 3377 3296; x_wconf 89' lang='lat' dir='ltr'><strong>qui</strong></span> 
     </span>
    </p>
   </div>
   <div class='ocr_carea' id='block_1_74' title="bbox 1807 3318 3378 3393">
    <p class='ocr_par' dir='ltr' id='par_1_74' title="bbox 1807 3318 3378 3393">
     <span class='ocr_line' id='line_1_74' title="bbox 1807 3318 3378 3393; baseline -0.008 -7"><span class='ocrx_word' id='word_1_573' title='bbox 1807 3332 1947 3386; x_wconf 87' lang='lat' dir='ltr'><strong>hanc</strong></span> <span class='ocrx_word' id='word_1_574' title='bbox 1984 3343 2169 3384; x_wconf 91' lang='lat' dir='ltr'><strong>vocem</strong></span> <span class='ocrx_word' id='word_1_575' title='bbox 2195 3327 2490 3393; x_wconf 90' lang='lat' dir='ltr'><strong>audierint,</strong></span> <span class='ocrx_word' id='word_1_576' title='bbox 2527 3326 2719 3381; x_wconf 85' lang='lat' dir='ltr'><strong>victuri</strong></span> <span class='ocrx_word' id='word_1_577' title='bbox 2765 3323 2912 3380; x_wconf 87' lang='lat' dir='ltr'><strong>sint:</strong></span> <span class='ocrx_word' id='word_1_578' title='bbox 2947 3338 2964 3371; x_wconf 85' lang='grc'><strong><em>‹</em></strong></span> <span class='ocrx_word' id='word_1_579' title='bbox 3026 3318 3188 3373; x_wconf 80' lang='lat' dir='ltr'><strong>Venit</strong></span> <span class='ocrx_word' id='word_1_580' title='bbox 3247 3320 3378 3373; x_wconf 87' lang='lat' dir='ltr'><strong>hora</strong></span> 
     </span>
    </p>
   </div>
   <div class='ocr_carea' id='block_1_75' title="bbox 1807 3410 3384 3489">
    <p class='ocr_par' dir='ltr' id='par_1_75' title="bbox 1807 3410 3384 3489">
     <span class='ocr_line' id='line_1_75' title="bbox 1807 3410 3384 3489; baseline -0.009 -14"><span class='ocrx_word' id='word_1_581' title='bbox 1807 3436 1927 3475; x_wconf 92' lang='lat' dir='ltr'><strong>cum</strong></span> <span class='ocrx_word' id='word_1_582' title='bbox 1958 3434 2145 3475; x_wconf 90' lang='lat' dir='ltr'><strong>omnes</strong></span> <span class='ocrx_word' id='word_1_583' title='bbox 2174 3419 2266 3489; x_wconf 89' lang='lat' dir='ltr'><strong>qui</strong></span> <span class='ocrx_word' id='word_1_584' title='bbox 2298 3418 2351 3473; x_wconf 87' lang='lat' dir='ltr'><strong>in</strong></span> <span class='ocrx_word' id='word_1_585' title='bbox 2374 3417 2737 3473; x_wconf 89' lang='lat' dir='ltr'><strong>monumentis</strong></span> <span class='ocrx_word' id='word_1_586' title='bbox 2768 3413 2975 3483; x_wconf 86' lang='lat' dir='ltr'><strong>jacent,</strong></span> <span class='ocrx_word' id='word_1_587' title='bbox 3031 3410 3253 3465; x_wconf 88' lang='lat' dir='ltr'><strong>audient</strong></span> <span class='ocrx_word' id='word_1_588' title='bbox 3281 3428 3293 3461; x_wconf 88' lang='lat'><strong>:</strong></span> <span class='ocrx_word' id='word_1_589' title='bbox 3328 3417 3384 3461; x_wconf 89' lang='lat' dir='ltr'><strong>et</strong></span> 
     </span>
    </p>
   </div>
   <div class='ocr_carea' id='block_1_76' title="bbox 1808 3497 3381 3579">
    <p class='ocr_par' dir='ltr' id='par_1_76' title="bbox 1808 3497 3381 3579">
     <span class='ocr_line' id='line_1_76' title="bbox 1808 3497 3381 3579; baseline -0.006 -18"><span class='ocrx_word' id='word_1_590' title='bbox 1808 3507 2103 3579; x_wconf 90' lang='lat' dir='ltr'><strong>procedent</strong></span> <span class='ocrx_word' id='word_1_591' title='bbox 2160 3507 2252 3577; x_wconf 89' lang='lat' dir='ltr'><strong>qui</strong></span> <span class='ocrx_word' id='word_1_592' title='bbox 2288 3505 2425 3560; x_wconf 88' lang='lat' dir='ltr'><strong>bona</strong></span> <span class='ocrx_word' id='word_1_593' title='bbox 2459 3507 2707 3559; x_wconf 80' lang='lat' dir='ltr'><strong>fecerunt.</strong></span> <span class='ocrx_word' id='word_1_594' title='bbox 2735 3505 2788 3557; x_wconf 85' lang='lat' dir='ltr'><strong>in</strong></span> <span class='ocrx_word' id='word_1_595' title='bbox 2817 3500 3268 3555; x_wconf 88' lang='lat' dir='ltr'><strong>resurrectionem</strong></span> <span class='ocrx_word' id='word_1_596' title='bbox 3308 3497 3381 3552; x_wconf 87' lang='lat' dir='ltr'><strong>vi-</strong></span> 
     </span>
    </p>
   </div>
   <div class='ocr_carea' id='block_1_77' title="bbox 1810 3589 3375 3668">
    <p class='ocr_par' dir='ltr' id='par_1_77' title="bbox 1810 3589 3375 3668">
     <span class='ocr_line' id='line_1_77' title="bbox 1810 3589 3375 3668; baseline -0.01 -12"><span class='ocrx_word' id='word_1_597' title='bbox 1810 3610 1954 3666; x_wconf 70' lang='lat' dir='ltr'><strong>tae,et</strong></span> <span class='ocrx_word' id='word_1_598' title='bbox 1976 3600 2065 3668; x_wconf 88' lang='lat' dir='ltr'><strong>qui</strong></span> <span class='ocrx_word' id='word_1_599' title='bbox 2099 3597 2237 3654; x_wconf 88' lang='lat' dir='ltr'><strong>mala</strong></span> <span class='ocrx_word' id='word_1_600' title='bbox 2257 3604 2483 3666; x_wconf 75' lang='lat' dir='ltr'><strong>egerunt</strong></span> <span class='ocrx_word' id='word_1_601' title='bbox 2504 3598 2557 3652; x_wconf 93' lang='lat' dir='ltr'><strong>in</strong></span> <span class='ocrx_word' id='word_1_602' title='bbox 2584 3595 3040 3651; x_wconf 85' lang='lat' dir='ltr'><strong>resurrectionem</strong></span> <span class='ocrx_word' id='word_1_603' title='bbox 3061 3589 3251 3661; x_wconf 74' lang='lat' dir='ltr'><strong>iudicii</strong></span> <span class='ocrx_word' id='word_1_604' title='bbox 3270 3590 3375 3642; x_wconf 72' lang='lat' dir='ltr'><strong>&quot;.r</strong></span> 
     </span>
    </p>
   </div>
   <div class='ocr_carea' id='block_1_78' title="bbox 1808 3685 3376 3760">
    <p class='ocr_par' dir='ltr' id='par_1_78' title="bbox 1808 3685 3376 3760">
     <span class='ocr_line' id='line_1_78' title="bbox 1808 3685 3376 3760; baseline -0.007 -17"><span class='ocrx_word' id='word_1_605' title='bbox 1808 3690 1941 3743; x_wconf 83' lang='lat' dir='ltr'><strong>Nam</strong></span> <span class='ocrx_word' id='word_1_606' title='bbox 1974 3690 2122 3760; x_wconf 89' lang='lat' dir='ltr'><strong>prius</strong></span> <span class='ocrx_word' id='word_1_607' title='bbox 2157 3689 2383 3752; x_wconf 89' lang='lat' dir='ltr'><strong>dictum,</strong></span> <span class='ocrx_word' id='word_1_608' title='bbox 2402 3705 2421 3737; x_wconf 79' lang='grc' dir='ltr'><strong>ι</strong></span> <span class='ocrx_word' id='word_1_609' title='bbox 2446 3686 2590 3755; x_wconf 88' lang='lat' dir='ltr'><strong>quod</strong></span> <span class='ocrx_word' id='word_1_610' title='bbox 2616 3686 2763 3740; x_wconf 91' lang='lat' dir='ltr'><strong>venit</strong></span> <span class='ocrx_word' id='word_1_611' title='bbox 2794 3685 2947 3748; x_wconf 89' lang='lat' dir='ltr'><strong>hora,</strong></span> <span class='ocrx_word' id='word_1_612' title='bbox 2968 3692 3021 3737; x_wconf 89' lang='lat' dir='ltr'><strong>et</strong></span> <span class='ocrx_word' id='word_1_613' title='bbox 3048 3695 3189 3735; x_wconf 90' lang='lat' dir='ltr'><strong>nunc</strong></span> <span class='ocrx_word' id='word_1_614' title='bbox 3207 3688 3289 3734; x_wconf 88' lang='lat' dir='ltr'><strong>est</strong></span> <span class='ocrx_word' id='word_1_615' title='bbox 3316 3696 3328 3744; x_wconf 89' lang='lat'><strong>;</strong></span> <span class='ocrx_word' id='word_1_616' title='bbox 3358 3698 3376 3733; x_wconf 68' lang='grc' dir='ltr'>δ</span> 
     </span>
    </p>
   </div>
   <div class='ocr_carea' id='block_1_79' title="bbox 1807 3770 3385 3851">
    <p class='ocr_par' dir='ltr' id='par_1_79' title="bbox 1807 3770 3385 3851">
     <span class='ocr_line' id='line_1_79' title="bbox 1807 3770 3385 3851; baseline -0.008 -13"><span class='ocrx_word' id='word_1_617' title='bbox 1807 3791 1861 3838; x_wconf 87' lang='lat' dir='ltr'><strong>et</strong></span> <span class='ocrx_word' id='word_1_618' title='bbox 1885 3783 2053 3837; x_wconf 89' lang='lat' dir='ltr'><strong>illud:</strong></span> <span class='ocrx_word' id='word_1_619' title='bbox 2115 3798 2134 3832; x_wconf 79' lang='grc' dir='ltr'><strong>ι</strong></span> <span class='ocrx_word' id='word_1_620' title='bbox 2176 3781 2267 3851; x_wconf 90' lang='lat' dir='ltr'><strong>qui</strong></span> <span class='ocrx_word' id='word_1_621' title='bbox 2299 3779 2570 3833; x_wconf 88' lang='lat' dir='ltr'><strong>audierint</strong></span> <span class='ocrx_word' id='word_1_622' title='bbox 2602 3779 2803 3840; x_wconf 87' lang='lat' dir='ltr'><strong>vivent,</strong></span> <span class='ocrx_word' id='word_1_623' title='bbox 2843 3795 2861 3827; x_wconf 71' lang='grc' dir='ltr'>δ</span> <span class='ocrx_word' id='word_1_624' title='bbox 2901 3776 2965 3830; x_wconf 90' lang='lat' dir='ltr'><strong>de</strong></span> <span class='ocrx_word' id='word_1_625' title='bbox 3018 3773 3124 3827; x_wconf 92' lang='lat' dir='ltr'><strong>illis</strong></span> <span class='ocrx_word' id='word_1_626' title='bbox 3154 3772 3243 3841; x_wconf 86' lang='lat' dir='ltr'><strong>qui</strong></span> <span class='ocrx_word' id='word_1_627' title='bbox 3295 3770 3385 3831; x_wconf 86' lang='lat' dir='ltr'><strong>illo</strong></span> 
     </span>
    </p>
   </div>
   <div class='ocr_carea' id='block_1_80' title="bbox 1810 3858 3383 3942">
    <p class='ocr_par' dir='ltr' id='par_1_80' title="bbox 1810 3858 3383 3942">
     <span class='ocr_line' id='line_1_80' title="bbox 1810 3858 3383 3942; baseline -0.006 -15"><span class='ocrx_word' id='word_1_628' title='bbox 1810 3882 2052 3942; x_wconf 91' lang='lat' dir='ltr'><strong>tempore</strong></span> <span class='ocrx_word' id='word_1_629' title='bbox 2092 3876 2512 3925; x_wconf 78' lang='lat' dir='ltr'><strong>resurrexerunt</strong></span> <span class='ocrx_word' id='word_1_630' title='bbox 2536 3867 2765 3922; x_wconf 89' lang='lat' dir='ltr'><strong>mortuis</strong></span> <span class='ocrx_word' id='word_1_631' title='bbox 2790 3865 2992 3920; x_wconf 88' lang='lat' dir='ltr'><strong>dictum</strong></span> <span class='ocrx_word' id='word_1_632' title='bbox 3025 3862 3145 3919; x_wconf 80' lang='lat' dir='ltr'><strong>fuit.</strong></span> <span class='ocrx_word' id='word_1_633' title='bbox 3205 3858 3383 3917; x_wconf 77' lang='lat' dir='ltr'><strong>Verba</strong></span> 
     </span>
    </p>
   </div>
   <div class='ocr_carea' id='block_1_81' title="bbox 1807 3952 3384 4028">
    <p class='ocr_par' dir='ltr' id='par_1_81' title="bbox 1807 3952 3384 4028">
     <span class='ocr_line' id='line_1_81' title="bbox 1807 3952 3384 4028; baseline -0.005 -13"><span class='ocrx_word' id='word_1_634' title='bbox 1807 3971 1987 4015; x_wconf 86' lang='lat' dir='ltr'><strong>autem</strong></span> <span class='ocrx_word' id='word_1_635' title='bbox 2025 3977 2039 4011; x_wconf 91' lang='lat'><strong>:</strong></span> <span class='ocrx_word' id='word_1_636' title='bbox 2082 3980 2100 4011; x_wconf 78' lang='grc' dir='ltr'><strong>ι</strong></span> <span class='ocrx_word' id='word_1_637' title='bbox 2137 3974 2327 4015; x_wconf 89' lang='lat' dir='ltr'><strong>omnes</strong></span> <span class='ocrx_word' id='word_1_638' title='bbox 2350 3960 2442 4028; x_wconf 90' lang='lat' dir='ltr'><strong>qui</strong></span> <span class='ocrx_word' id='word_1_639' title='bbox 2468 3959 2522 4011; x_wconf 91' lang='lat' dir='ltr'><strong>in</strong></span> <span class='ocrx_word' id='word_1_640' title='bbox 2543 3955 2905 4011; x_wconf 90' lang='lat' dir='ltr'><strong>monumentis</strong></span> <span class='ocrx_word' id='word_1_641' title='bbox 2933 3954 3137 4024; x_wconf 85' lang='lat' dir='ltr'><strong>jacent,</strong></span> <span class='ocrx_word' id='word_1_642' title='bbox 3181 3972 3198 4006; x_wconf 74' lang='grc' dir='ltr'><strong>ι</strong></span> <span class='ocrx_word' id='word_1_643' title='bbox 3239 3952 3384 4007; x_wconf 89' lang='lat' dir='ltr'><strong>diem</strong></span> 
     </span>
    </p>
   </div>
   <div class='ocr_carea' id='block_1_82' title="bbox 1807 4044 3383 4121">
    <p class='ocr_par' dir='ltr' id='par_1_82' title="bbox 1807 4044 3383 4121">
     <span class='ocr_line' id='line_1_82' title="bbox 1807 4044 3383 4121; baseline -0.006 -16"><span class='ocrx_word' id='word_1_644' title='bbox 1807 4052 2078 4121; x_wconf 79' lang='lat' dir='ltr'><strong>generalis</strong></span> <span class='ocrx_word' id='word_1_645' title='bbox 2105 4048 2525 4105; x_wconf 88' lang='lat' dir='ltr'><strong>resurrectionis</strong></span> <span class='ocrx_word' id='word_1_646' title='bbox 2583 4056 2637 4101; x_wconf 89' lang='lat' dir='ltr'><strong>et</strong></span> <span class='ocrx_word' id='word_1_647' title='bbox 2660 4045 2911 4117; x_wconf 77' lang='lat' dir='ltr'><strong>gloriosae</strong></span> <span class='ocrx_word' id='word_1_648' title='bbox 2931 4044 3131 4100; x_wconf 85' lang='lat' dir='ltr'><strong>Christi</strong></span> <span class='ocrx_word' id='word_1_649' title='bbox 3170 4044 3383 4113; x_wconf 83' lang='lat' dir='ltr'><strong>appari—</strong></span> 
     </span>
    </p>
   </div>
   <div class='ocr_carea' id='block_1_83' title="bbox 1812 4131 3380 4209">
    <p class='ocr_par' dir='ltr' id='par_1_83' title="bbox 1812 4131 3380 4209">
     <span class='ocr_line' id='line_1_83' title="bbox 1812 4131 3380 4209; baseline -0.006 -12"><span class='ocrx_word' id='word_1_650' title='bbox 1812 4143 1972 4197; x_wconf 90' lang='lat' dir='ltr'><strong>tionis</strong></span> <span class='ocrx_word' id='word_1_651' title='bbox 1993 4140 2322 4209; x_wconf 75' lang='lat' dir='ltr'><strong>significant.</strong></span> <span class='ocrx_word' id='word_1_652' title='bbox 2353 4140 2419 4193; x_wconf 88' lang='lat' dir='ltr'><strong>Et</strong></span> <span class='ocrx_word' id='word_1_653' title='bbox 2445 4138 2603 4206; x_wconf 88' lang='lat' dir='ltr'><strong>paulo</strong></span> <span class='ocrx_word' id='word_1_654' title='bbox 2637 4144 2757 4205; x_wconf 89' lang='lat' dir='ltr'><strong>post</strong></span> <span class='ocrx_word' id='word_1_655' title='bbox 2786 4149 2977 4189; x_wconf 90' lang='lat' dir='ltr'><strong>rursus</strong></span> <span class='ocrx_word' id='word_1_656' title='bbox 3011 4133 3181 4189; x_wconf 88' lang='lat' dir='ltr'><strong>dicit:</strong></span> <span class='ocrx_word' id='word_1_657' title='bbox 3227 4151 3244 4184; x_wconf 75' lang='grc' dir='ltr'><strong>ι</strong></span> <span class='ocrx_word' id='word_1_658' title='bbox 3270 4131 3380 4200; x_wconf 78' lang='lat' dir='ltr'><strong>Ego</strong></span> 
     </span>
    </p>
   </div>
   <div class='ocr_carea' id='block_1_84' title="bbox 96 4221 1704 4298">
    <p class='ocr_par' dir='ltr' id='par_1_84' title="bbox 96 4221 1704 4295">
     <span class='ocr_line' id='line_1_84' title="bbox 96 4221 1704 4295; baseline -0.002 -17"><span class='ocrx_word' id='word_1_659' title='bbox 96 4227 269 4279; x_wconf 63' lang='grc' dir='ltr'>αὑτοῦ</span> <span class='ocrx_word' id='word_1_660' title='bbox 323 4224 626 4295; x_wconf 78' lang='grc' dir='ltr'>σημαίνειν</span> <span class='ocrx_word' id='word_1_661' title='bbox 670 4223 907 4294; x_wconf 82' lang='grc' dir='ltr'>ἡμέραν.</span> <span class='ocrx_word' id='word_1_662' title='bbox 951 4223 1059 4275; x_wconf 74' lang='grc' dir='ltr'>Καὶ</span> <span class='ocrx_word' id='word_1_663' title='bbox 1110 4222 1227 4293; x_wconf 86' lang='grc' dir='ltr'>μετ’</span> <span class='ocrx_word' id='word_1_664' title='bbox 1274 4221 1429 4289; x_wconf 84' lang='grc' dir='ltr'>ὀλίγα</span> <span class='ocrx_word' id='word_1_665' title='bbox 1457 4222 1514 4274; x_wconf 81' lang='grc' dir='ltr'>δὲ</span> <span class='ocrx_word' id='word_1_666' title='bbox 1548 4222 1704 4274; x_wconf 85' lang='grc' dir='ltr'>πάλιν</span> 
     </span>
    </p>
   </div>
   <div class='ocr_carea' id='block_1_85' title="bbox 1807 4221 3385 4298">
    <p class='ocr_par' dir='ltr' id='par_1_85' title="bbox 1810 4222 3385 4298">
     <span class='ocr_line' id='line_1_85' title="bbox 1810 4222 3385 4298; baseline -0.006 -15"><span class='ocrx_word' id='word_1_667' title='bbox 1810 4244 1929 4284; x_wconf 90' lang='lat' dir='ltr'><strong>sum</strong></span> <span class='ocrx_word' id='word_1_668' title='bbox 1956 4230 2107 4298; x_wconf 88' lang='lat' dir='ltr'><strong>panis</strong></span> <span class='ocrx_word' id='word_1_669' title='bbox 2132 4230 2253 4282; x_wconf 73' lang='lat' dir='ltr'><strong>vita:</strong></span> <span class='ocrx_word' id='word_1_670' title='bbox 2277 4226 2348 4280; x_wconf 84' lang='lat'><strong>&#39;°.</strong></span> <span class='ocrx_word' id='word_1_671' title='bbox 2391 4246 2408 4277; x_wconf 71' lang='grc' dir='ltr'><strong>ι</strong></span> <span class='ocrx_word' id='word_1_672' title='bbox 2438 4225 2827 4280; x_wconf 79' lang='lat' dir='ltr'><strong>Verumtamen</strong></span> <span class='ocrx_word' id='word_1_673' title='bbox 2875 4223 2991 4283; x_wconf 66' lang='lat' dir='ltr'><strong>haec</strong></span> <span class='ocrx_word' id='word_1_674' title='bbox 3023 4222 3227 4286; x_wconf 87' lang='lat' dir='ltr'><strong>omnia,</strong></span> <span class='ocrx_word' id='word_1_675' title='bbox 3288 4234 3385 4275; x_wconf 90' lang='lat' dir='ltr'><strong>ceu</strong></span> 
     </span>
    </p>
   </div>
   <div class='ocr_carea' id='block_1_86' title="bbox 95 4313 1704 4388">
    <p class='ocr_par' dir='ltr' id='par_1_86' title="bbox 95 4315 1704 4387">
     <span class='ocr_line' id='line_1_86' title="bbox 95 4315 1704 4387; baseline -0.01 -12"><span class='ocrx_word' id='word_1_676' title='bbox 95 4320 311 4387; x_wconf 66' lang='grc' dir='ltr'>φησίν·</span> <span class='ocrx_word' id='word_1_677' title='bbox 376 4337 394 4368; x_wconf 79' lang='grc' dir='ltr'><strong>ι</strong></span> <span class='ocrx_word' id='word_1_678' title='bbox 466 4316 609 4383; x_wconf 86' lang='grc' dir='ltr'><strong>Ἐγώ</strong></span> <span class='ocrx_word' id='word_1_679' title='bbox 654 4319 771 4385; x_wconf 86' lang='grc' dir='ltr'>είμι</span> <span class='ocrx_word' id='word_1_680' title='bbox 814 4318 843 4367; x_wconf 91' lang='lat'><strong>6</strong></span> <span class='ocrx_word' id='word_1_681' title='bbox 890 4316 1052 4385; x_wconf 81' lang='grc' dir='ltr'>ἄρτος</span> <span class='ocrx_word' id='word_1_682' title='bbox 1096 4316 1193 4384; x_wconf 85' lang='grc' dir='ltr'><strong>τῆς</strong></span> <span class='ocrx_word' id='word_1_683' title='bbox 1247 4315 1412 4385; x_wconf 79' lang='grc' dir='ltr'>ζωῆς,</span> <span class='ocrx_word' id='word_1_684' title='bbox 1466 4333 1485 4367; x_wconf 72' lang='grc' dir='ltr'><strong>ι</strong></span> <span class='ocrx_word' id='word_1_685' title='bbox 1550 4315 1704 4370; x_wconf 82' lang='grc' dir='ltr'><strong>Ἀλλά</strong></span> 
     </span>
    </p>
   </div>
   <div class='ocr_carea' id='block_1_87' title="bbox 1807 4313 3383 4388">
    <p class='ocr_par' dir='ltr' id='par_1_87' title="bbox 1812 4313 3383 4388">
     <span class='ocr_line' id='line_1_87' title="bbox 1812 4313 3383 4388; baseline -0.006 -11"><span class='ocrx_word' id='word_1_686' title='bbox 1812 4337 1916 4377; x_wconf 91' lang='lat' dir='ltr'><strong>non</strong></span> <span class='ocrx_word' id='word_1_687' title='bbox 1946 4321 2246 4386; x_wconf 87' lang='lat' dir='ltr'><strong>audientes,</strong></span> <span class='ocrx_word' id='word_1_688' title='bbox 2279 4317 2365 4373; x_wconf 89' lang='lat' dir='ltr'><strong>vel</strong></span> <span class='ocrx_word' id='word_1_689' title='bbox 2407 4318 2586 4388; x_wconf 88' lang='lat' dir='ltr'><strong>potius</strong></span> <span class='ocrx_word' id='word_1_690' title='bbox 2617 4316 2977 4373; x_wconf 88' lang='lat' dir='ltr'><strong>voluntariam</strong></span> <span class='ocrx_word' id='word_1_691' title='bbox 3046 4313 3383 4370; x_wconf 82' lang='lat' dir='ltr'><strong>surdidatem</strong></span> 
     </span>
    </p>
   </div>
   <div class='ocr_carea' id='block_1_88' title="bbox 94 4403 1704 4482">
    <p class='ocr_par' dir='ltr' id='par_1_88' title="bbox 94 4406 1704 4480">
     <span class='ocr_line' id='line_1_88' title="bbox 94 4406 1704 4480; baseline -0.001 -18"><span class='ocrx_word' id='word_1_692' title='bbox 94 4411 281 4464; x_wconf 68' lang='grc' dir='ltr'>ταῦτα</span> <span class='ocrx_word' id='word_1_693' title='bbox 349 4411 565 4480; x_wconf 58' lang='grc' dir='ltr'>πάντα,</span> <span class='ocrx_word' id='word_1_694' title='bbox 623 4406 815 4475; x_wconf 82' lang='grc' dir='ltr'>ὥσπερ</span> <span class='ocrx_word' id='word_1_695' title='bbox 863 4408 965 4459; x_wconf 76' lang='grc' dir='ltr'><strong>οὐκ</strong></span> <span class='ocrx_word' id='word_1_696' title='bbox 1018 4406 1341 4471; x_wconf 87' lang='grc' dir='ltr'>ἀκούοντες,</span> <span class='ocrx_word' id='word_1_697' title='bbox 1401 4406 1600 4476; x_wconf 81' lang='grc' dir='ltr'>μᾶλλον</span> <span class='ocrx_word' id='word_1_698' title='bbox 1652 4407 1704 4460; x_wconf 84' lang='grc' dir='ltr'><strong>δὲ</strong></span> 
     </span>
    </p>
   </div>
   <div class='ocr_carea' id='block_1_89' title="bbox 1807 4403 3383 4482">
    <p class='ocr_par' dir='ltr' id='par_1_89' title="bbox 1813 4403 3383 4482">
     <span class='ocr_line' id='line_1_89' title="bbox 1813 4403 3383 4482; baseline -0.004 -18"><span class='ocrx_word' id='word_1_699' title='bbox 1813 4412 2152 4482; x_wconf 72' lang='lat' dir='ltr'><strong>profitentes,</strong></span> <span class='ocrx_word' id='word_1_700' title='bbox 2189 4409 2562 4463; x_wconf 81' lang='lat' dir='ltr'><strong>transmittunt</strong></span> <span class='ocrx_word' id='word_1_701' title='bbox 2587 4424 2600 4473; x_wconf 85' lang='lat'><strong>;</strong></span> <span class='ocrx_word' id='word_1_702' title='bbox 2633 4404 2774 4460; x_wconf 88' lang='lat' dir='ltr'><strong>hanc</strong></span> <span class='ocrx_word' id='word_1_703' title='bbox 2801 4420 2961 4458; x_wconf 85' lang='lat' dir='ltr'><strong>unam</strong></span> <span class='ocrx_word' id='word_1_704' title='bbox 2988 4417 3117 4458; x_wconf 86' lang='lat' dir='ltr'><strong>vero</strong></span> <span class='ocrx_word' id='word_1_705' title='bbox 3142 4403 3383 4458; x_wconf 81' lang='lat' dir='ltr'><strong>voculant</strong></span> 
     </span>
    </p>
   </div>
   <div class='ocr_carea' id='block_1_90' title="bbox 95 4495 1704 4584">
    <p class='ocr_par' dir='ltr' id='par_1_90' title="bbox 95 4497 1704 4569">
     <span class='ocr_line' id='line_1_90' title="bbox 95 4497 1704 4569; baseline -0.002 -16"><span class='ocrx_word' id='word_1_706' title='bbox 95 4498 1094 4569; x_wconf 73' lang='grc' dir='ltr'>ἐθελοκωφοῦντες,παραπέμπονται</span> <span class='ocrx_word' id='word_1_707' title='bbox 1114 4515 1125 4527; x_wconf 82' lang='lat'>&#39;</span> <span class='ocrx_word' id='word_1_708' title='bbox 1152 4497 1357 4567; x_wconf 87' lang='grc' dir='ltr'>ταύτην</span> <span class='ocrx_word' id='word_1_709' title='bbox 1382 4497 1439 4549; x_wconf 84' lang='grc' dir='ltr'><strong>δέ</strong></span> <span class='ocrx_word' id='word_1_710' title='bbox 1482 4498 1579 4568; x_wconf 77' lang='grc' dir='ltr'>τὴν</span> <span class='ocrx_word' id='word_1_711' title='bbox 1606 4515 1704 4566; x_wconf 83' lang='grc' dir='ltr'><strong>φω-</strong></span> 
     </span>
    </p>
   </div>
   <div class='ocr_carea' id='block_1_91' title="bbox 1807 4495 3386 4584">
    <p class='ocr_par' dir='ltr' id='par_1_91' title="bbox 1814 4495 3386 4573">
     <span class='ocr_line' id='line_1_91' title="bbox 1814 4495 3386 4573; baseline -0.006 -15"><span class='ocrx_word' id='word_1_712' title='bbox 1814 4520 1933 4573; x_wconf 75' lang='lat' dir='ltr'><strong>qua:</strong></span> <span class='ocrx_word' id='word_1_713' title='bbox 1951 4504 2025 4558; x_wconf 86' lang='lat' dir='ltr'><strong>ait</strong></span> <span class='ocrx_word' id='word_1_714' title='bbox 2052 4520 2065 4557; x_wconf 88' lang='lat'><strong>:</strong></span> <span class='ocrx_word' id='word_1_715' title='bbox 2106 4521 2122 4554; x_wconf 82' lang='grc' dir='ltr'><strong>ι</strong></span> <span class='ocrx_word' id='word_1_716' title='bbox 2151 4500 2304 4555; x_wconf 88' lang='lat' dir='ltr'><strong>Nunc</strong></span> <span class='ocrx_word' id='word_1_717' title='bbox 2337 4508 2517 4553; x_wconf 83' lang='lat' dir='ltr'><strong>autem</strong></span> <span class='ocrx_word' id='word_1_718' title='bbox 2543 4498 2783 4569; x_wconf 74' lang='lat' dir='ltr'><strong>quazritis</strong></span> <span class='ocrx_word' id='word_1_719' title='bbox 2812 4512 2896 4551; x_wconf 90' lang='lat' dir='ltr'><strong>me</strong></span> <span class='ocrx_word' id='word_1_720' title='bbox 2927 4495 3254 4559; x_wconf 77' lang='lat' dir='ltr'><strong>interficere,</strong></span> <span class='ocrx_word' id='word_1_721' title='bbox 3288 4495 3386 4550; x_wconf 87' lang='lat' dir='ltr'><strong>ho-</strong></span> 
     </span>
    </p>
   </div>
   <div class='ocr_carea' id='block_1_92' title="bbox 94 4589 1705 4667">
    <p class='ocr_par' dir='ltr' id='par_1_92' title="bbox 94 4589 1705 4667">
     <span class='ocr_line' id='line_1_92' title="bbox 94 4589 1705 4667; baseline -0.004 -20"><span class='ocrx_word' id='word_1_722' title='bbox 94 4602 206 4667; x_wconf 62' lang='grc' dir='ltr'>γῆν</span> <span class='ocrx_word' id='word_1_723' title='bbox 234 4597 339 4667; x_wconf 78' lang='grc' dir='ltr'><strong>τὴν</strong></span> <span class='ocrx_word' id='word_1_724' title='bbox 364 4594 659 4661; x_wconf 80' lang='grc' dir='ltr'>λέγουσαν,</span> <span class='ocrx_word' id='word_1_725' title='bbox 709 4609 727 4641; x_wconf 79' lang='grc' dir='ltr'><strong>ι</strong></span> <span class='ocrx_word' id='word_1_726' title='bbox 767 4590 898 4649; x_wconf 26' lang='grc' dir='ltr'>,Νῦν</span> <span class='ocrx_word' id='word_1_727' title='bbox 938 4590 993 4643; x_wconf 83' lang='grc' dir='ltr'>δὲ</span> <span class='ocrx_word' id='word_1_728' title='bbox 1033 4589 1250 4659; x_wconf 82' lang='grc' dir='ltr'>ζητεῖτέ</span> <span class='ocrx_word' id='word_1_729' title='bbox 1278 4606 1345 4659; x_wconf 90' lang='grc' dir='ltr'><strong>με</strong></span> <span class='ocrx_word' id='word_1_730' title='bbox 1366 4589 1705 4655; x_wconf 83' lang='grc' dir='ltr'>ἀποκτεῖναι,</span> 
     </span>
    </p>
   </div>
   <div class='ocr_carea' id='block_1_93' title="bbox 94 4680 1708 4758">
    <p class='ocr_par' dir='ltr' id='par_1_93' title="bbox 94 4680 1708 4758">
     <span class='ocr_line' id='line_1_93' title="bbox 94 4680 1708 4758; baseline -0.004 -17"><span class='ocrx_word' id='word_1_731' title='bbox 94 4688 405 4758; x_wconf 70' lang='grc' dir='ltr'>ἄνθρωπον</span> <span class='ocrx_word' id='word_1_732' title='bbox 444 4686 508 4748; x_wconf 84' lang='grc' dir='ltr'>ὃς</span> <span class='ocrx_word' id='word_1_733' title='bbox 546 4684 645 4755; x_wconf 85' lang='grc' dir='ltr'><strong>τὴν</strong></span> <span class='ocrx_word' id='word_1_734' title='bbox 693 4683 951 4753; x_wconf 84' lang='grc' dir='ltr'>ἀλήθειαν</span> <span class='ocrx_word' id='word_1_735' title='bbox 998 4683 1127 4751; x_wconf 80' lang='grc' dir='ltr'>ύμῖν</span> <span class='ocrx_word' id='word_1_736' title='bbox 1170 4680 1465 4750; x_wconf 82' lang='grc' dir='ltr'>λελάληκα,</span> <span class='ocrx_word' id='word_1_737' title='bbox 1498 4700 1516 4733; x_wconf 79' lang='grc' dir='ltr'><strong>ι</strong></span> <span class='ocrx_word' id='word_1_738' title='bbox 1562 4697 1708 4750; x_wconf 88' lang='grc' dir='ltr'>περι-</span> 
     </span>
    </p>
   </div>
   <div class='ocr_carea' id='block_1_94' title="bbox 96 4771 1708 4848">
    <p class='ocr_par' dir='ltr' id='par_1_94' title="bbox 96 4771 1708 4848">
     <span class='ocr_line' id='line_1_94' title="bbox 96 4771 1708 4848; baseline -0.004 -19"><span class='ocrx_word' id='word_1_739' title='bbox 96 4779 372 4848; x_wconf 61' lang='grc' dir='ltr'>φέρουσιν</span> <span class='ocrx_word' id='word_1_740' title='bbox 420 4776 561 4846; x_wconf 74' lang='grc' dir='ltr'>πρὸς</span> <span class='ocrx_word' id='word_1_741' title='bbox 608 4775 669 4826; x_wconf 83' lang='grc' dir='ltr'><strong>τὸ</strong></span> <span class='ocrx_word' id='word_1_742' title='bbox 715 4773 835 4825; x_wconf 82' lang='grc' dir='ltr'><strong>τῶν</strong></span> <span class='ocrx_word' id='word_1_743' title='bbox 867 4771 1271 4841; x_wconf 81' lang='grc' dir='ltr'>ἀκεραιοτέρων</span> <span class='ocrx_word' id='word_1_744' title='bbox 1327 4771 1708 4841; x_wconf 85' lang='grc' dir='ltr'>διαταράττειν</span> 
     </span>
    </p>
   </div>
   <div class='ocr_carea' id='block_1_95' title="bbox 96 4860 1710 4938">
    <p class='ocr_par' dir='ltr' id='par_1_95' title="bbox 96 4860 1710 4938">
     <span class='ocr_line' id='line_1_95' title="bbox 96 4860 1710 4938; baseline -0.005 -16"><span class='ocrx_word' id='word_1_745' title='bbox 96 4872 201 4922; x_wconf 67' lang='grc' dir='ltr'><strong>τὸν</strong></span> <span class='ocrx_word' id='word_1_746' title='bbox 232 4869 384 4925; x_wconf 77' lang='grc' dir='ltr'>νοῦν.</span> <span class='ocrx_word' id='word_1_747' title='bbox 434 4868 641 4938; x_wconf 81' lang='grc' dir='ltr'>Ἐχρῆν</span> <span class='ocrx_word' id='word_1_748' title='bbox 670 4866 729 4919; x_wconf 77' lang='grc' dir='ltr'>δὲ</span> <span class='ocrx_word' id='word_1_749' title='bbox 756 4866 973 4928; x_wconf 78' lang='grc' dir='ltr'>αὐτοὺς,</span> <span class='ocrx_word' id='word_1_750' title='bbox 1006 4864 1163 4935; x_wconf 81' lang='grc' dir='ltr'>εἴπερ</span> <span class='ocrx_word' id='word_1_751' title='bbox 1187 4860 1327 4935; x_wconf 78' lang='grc' dir='ltr'>ἦσαν</span> <span class='ocrx_word' id='word_1_752' title='bbox 1352 4865 1523 4934; x_wconf 73' lang='grc' dir='ltr'>ὀρθοὶ,</span> <span class='ocrx_word' id='word_1_753' title='bbox 1552 4862 1710 4915; x_wconf 74' lang='grc' dir='ltr'>τοῦτο</span> 
     </span>
    </p>
   </div>
   <div class='ocr_carea' id='block_1_96' title="bbox 96 4956 1709 5027">
    <p class='ocr_par' dir='ltr' id='par_1_96' title="bbox 96 4956 1709 5027">
     <span class='ocr_line' id='line_1_96' title="bbox 96 4956 1709 5027; baseline -0.002 -16"><span class='ocrx_word' id='word_1_754' title='bbox 96 4959 451 5027; x_wconf 60' lang='grc' dir='ltr'>λογίζεσθαι.</span> <span class='ocrx_word' id='word_1_755' title='bbox 488 4959 573 5011; x_wconf 86' lang='grc' dir='ltr'>ὃτι</span> <span class='ocrx_word' id='word_1_756' title='bbox 616 4973 722 5026; x_wconf 86' lang='grc' dir='ltr'><strong>περ</strong></span> <span class='ocrx_word' id='word_1_757' title='bbox 750 4958 779 5009; x_wconf 91' lang='lat'><strong>6</strong></span> <span class='ocrx_word' id='word_1_758' title='bbox 807 4956 874 5008; x_wconf 80' lang='grc' dir='ltr'><strong>τά</strong></span> <span class='ocrx_word' id='word_1_759' title='bbox 911 4956 1283 5027; x_wconf 79' lang='grc' dir='ltr'>προειρημένα</span> <span class='ocrx_word' id='word_1_760' title='bbox 1316 4956 1577 5026; x_wconf 80' lang='grc' dir='ltr'>λαλήσας,</span> <span class='ocrx_word' id='word_1_761' title='bbox 1620 4956 1709 5007; x_wconf 83' lang='grc' dir='ltr'>αὑ-</span> 
     </span>
    </p>
   </div>
   <div class='ocr_carea' id='block_1_97' title="bbox 97 5046 1711 5120">
    <p class='ocr_par' dir='ltr' id='par_1_97' title="bbox 97 5046 1711 5120">
     <span class='ocr_line' id='line_1_97' title="bbox 97 5046 1711 5120; baseline -0.004 -14"><span class='ocrx_word' id='word_1_762' title='bbox 97 5056 200 5115; x_wconf 63' lang='grc' dir='ltr'>τὸς</span> <span class='ocrx_word' id='word_1_763' title='bbox 238 5053 333 5105; x_wconf 71' lang='grc' dir='ltr'><strong>καὶ</strong></span> <span class='ocrx_word' id='word_1_764' title='bbox 355 5049 570 5120; x_wconf 83' lang='grc' dir='ltr'>ταύτην</span> <span class='ocrx_word' id='word_1_765' title='bbox 598 5049 790 5119; x_wconf 76' lang='grc' dir='ltr'>εἴρηκε</span> <span class='ocrx_word' id='word_1_766' title='bbox 814 5048 911 5118; x_wconf 77' lang='grc' dir='ltr'><strong>τὴν</strong></span> <span class='ocrx_word' id='word_1_767' title='bbox 940 5048 1143 5119; x_wconf 76' lang='grc' dir='ltr'>φωνὴν,</span> <span class='ocrx_word' id='word_1_768' title='bbox 1172 5048 1267 5101; x_wconf 79' lang='grc' dir='ltr'><strong>καὶ</strong></span> <span class='ocrx_word' id='word_1_769' title='bbox 1298 5048 1373 5118; x_wconf 81' lang='grc' dir='ltr'>μὴ</span> <span class='ocrx_word' id='word_1_770' title='bbox 1397 5046 1483 5099; x_wconf 83' lang='grc' dir='ltr'><strong>διὰ</strong></span> <span class='ocrx_word' id='word_1_771' title='bbox 1508 5046 1711 5116; x_wconf 79' lang='grc' dir='ltr'>ταύτην</span> 
     </span>
    </p>
   </div>
   <div class='ocr_carea' id='block_1_98' title="bbox 98 5138 1709 5210">
    <p class='ocr_par' dir='ltr' id='par_1_98' title="bbox 98 5138 1709 5210">
     <span class='ocr_line' id='line_1_98' title="bbox 98 5138 1709 5210; baseline -0.003 -14"><span class='ocrx_word' id='word_1_772' title='bbox 98 5144 223 5196; x_wconf 66' lang='grc' dir='ltr'><strong>τῶ)</strong></span> <span class='ocrx_word' id='word_1_773' title='bbox 250 5141 531 5195; x_wconf 77' lang='grc' dir='ltr'>τοσούτων</span> <span class='ocrx_word' id='word_1_774' title='bbox 567 5139 760 5210; x_wconf 80' lang='grc' dir='ltr'>ὥσπερ</span> <span class='ocrx_word' id='word_1_775' title='bbox 790 5139 1313 5208; x_wconf 81' lang='grc' dir='ltr'>ἐπιλανθανομένους</span> <span class='ocrx_word' id='word_1_776' title='bbox 1360 5138 1709 5200; x_wconf 77' lang='grc' dir='ltr'>σκανδαλίζεο</span> 
     </span>
    </p>
   </div>
   <div class='ocr_carea' id='block_1_99' title="bbox 100 5230 1712 5302">
    <p class='ocr_par' dir='ltr' id='par_1_99' title="bbox 100 5230 1712 5302">
     <span class='ocr_line' id='line_1_99' title="bbox 100 5230 1712 5302; baseline -0.002 -15"><span class='ocrx_word' id='word_1_777' title='bbox 100 5237 275 5288; x_wconf 62' lang='grc' dir='ltr'>σθαι·</span> <span class='ocrx_word' id='word_1_778' title='bbox 307 5236 560 5287; x_wconf 80' lang='grc' dir='ltr'>κάκεῖνοι</span> <span class='ocrx_word' id='word_1_779' title='bbox 588 5232 698 5302; x_wconf 78' lang='grc' dir='ltr'>γὰρ</span> <span class='ocrx_word' id='word_1_780' title='bbox 742 5230 1026 5301; x_wconf 81' lang='grc' dir='ltr'>ἄνθρωπον</span> <span class='ocrx_word' id='word_1_781' title='bbox 1046 5230 1299 5302; x_wconf 83' lang='grc' dir='ltr'>ὁρῶντες,</span> <span class='ocrx_word' id='word_1_782' title='bbox 1336 5232 1431 5283; x_wconf 81' lang='grc' dir='ltr'><strong>καὶ</strong></span> <span class='ocrx_word' id='word_1_783' title='bbox 1462 5231 1561 5294; x_wconf 84' lang='grc' dir='ltr'><strong>τὰς</strong></span> <span class='ocrx_word' id='word_1_784' title='bbox 1598 5230 1712 5284; x_wconf 88' lang='grc' dir='ltr'>θεο-</span> 
     </span>
    </p>
   </div>
   <div class='ocr_carea' id='block_1_100' title="bbox 100 5322 1712 5395">
    <p class='ocr_par' dir='ltr' id='par_1_100' title="bbox 100 5322 1712 5395">
     <span class='ocr_line' id='line_1_100' title="bbox 100 5322 1712 5395; baseline -0.002 -18"><span class='ocrx_word' id='word_1_785' title='bbox 100 5344 218 5395; x_wconf 67' lang='grc' dir='ltr'><strong>πρε</strong></span> <span class='ocrx_word' id='word_1_786' title='bbox 230 5329 350 5388; x_wconf 83' lang='grc' dir='ltr'>πεῖς</span> <span class='ocrx_word' id='word_1_787' title='bbox 374 5324 561 5394; x_wconf 71' lang='grc' dir='ltr'>φωνάς</span> <span class='ocrx_word' id='word_1_788' title='bbox 596 5322 816 5377; x_wconf 76' lang='grc' dir='ltr'>ἀκούειν</span> <span class='ocrx_word' id='word_1_789' title='bbox 838 5322 936 5377; x_wconf 79' lang='grc' dir='ltr'><strong>οὐκ</strong></span> <span class='ocrx_word' id='word_1_790' title='bbox 956 5323 1291 5394; x_wconf 89' lang='grc' dir='ltr'>ἀνεχόμενοι,</span> <span class='ocrx_word' id='word_1_791' title='bbox 1322 5323 1524 5392; x_wconf 79' lang='grc' dir='ltr'>ἔλεγον·</span> <span class='ocrx_word' id='word_1_792' title='bbox 1563 5342 1581 5374; x_wconf 77' lang='grc' dir='ltr'><strong>ι</strong></span> <span class='ocrx_word' id='word_1_793' title='bbox 1602 5324 1712 5392; x_wconf 79' lang='grc' dir='ltr'>Οὐχ</span> 
     </span>
    </p>
   </div>
   <div class='ocr_carea' id='block_1_101' title="bbox 99 5407 1711 5485">
    <p class='ocr_par' dir='ltr' id='par_1_101' title="bbox 99 5407 1711 5485">
     <span class='ocr_line' id='line_1_101' title="bbox 99 5407 1711 5485; baseline -0.001 -18"><span class='ocrx_word' id='word_1_794' title='bbox 99 5412 278 5476; x_wconf 60' lang='grc' dir='ltr'>οὗτός</span> <span class='ocrx_word' id='word_1_795' title='bbox 302 5418 454 5467; x_wconf 87' lang='grc' dir='ltr'>ἐστιν</span> <span class='ocrx_word' id='word_1_796' title='bbox 480 5416 511 5467; x_wconf 87' lang='lat'><strong>6</strong></span> <span class='ocrx_word' id='word_1_797' title='bbox 552 5414 672 5476; x_wconf 75' lang='grc' dir='ltr'>υίὸς</span> <span class='ocrx_word' id='word_1_798' title='bbox 709 5412 930 5482; x_wconf 82' lang='grc' dir='ltr'>Ἰωσὴφ,</span> <span class='ocrx_word' id='word_1_799' title='bbox 966 5407 1027 5466; x_wconf 73' lang='grc' dir='ltr'><strong>οὗ</strong></span> <span class='ocrx_word' id='word_1_800' title='bbox 1055 5415 1214 5484; x_wconf 83' lang='grc' dir='ltr'>ἡμεῖς</span> <span class='ocrx_word' id='word_1_801' title='bbox 1239 5414 1459 5485; x_wconf 70' lang='grc' dir='ltr'>οἴδαμεν</span> <span class='ocrx_word' id='word_1_802' title='bbox 1484 5416 1575 5467; x_wconf 79' lang='grc' dir='ltr'><strong>τὸν</strong></span> <span class='ocrx_word' id='word_1_803' title='bbox 1606 5430 1711 5467; x_wconf 73' lang='grc' dir='ltr'>πα-</span> 
     </span>
    </p>
   </div>
   <div class='ocr_carea' id='block_1_102' title="bbox 95 5503 1715 5576">
    <p class='ocr_par' dir='ltr' id='par_1_102' title="bbox 95 5503 1715 5576">
     <span class='ocr_line' id='line_1_102' title="bbox 95 5503 1715 5576; baseline -0.001 -17"><span class='ocrx_word' id='word_1_804' title='bbox 95 5512 291 5576; x_wconf 73' lang='grc' dir='ltr'>τέρα;</span> <span class='ocrx_word' id='word_1_805' title='bbox 324 5527 342 5559; x_wconf 70' lang='grc' dir='ltr'><strong>ι</strong></span> <span class='ocrx_word' id='word_1_806' title='bbox 381 5508 493 5560; x_wconf 75' lang='grc' dir='ltr'>Καὶ</span> <span class='ocrx_word' id='word_1_807' title='bbox 517 5505 679 5559; x_wconf 86' lang='grc' dir='ltr'>πάλιν</span> <span class='ocrx_word' id='word_1_808' title='bbox 719 5503 870 5574; x_wconf 83' lang='grc' dir='ltr'><strong>αὺτῷ</strong></span> <span class='ocrx_word' id='word_1_809' title='bbox 902 5504 1212 5575; x_wconf 76' lang='grc' dir='ltr'>προσῄεσαν</span> <span class='ocrx_word' id='word_1_810' title='bbox 1234 5504 1479 5573; x_wconf 84' lang='grc' dir='ltr'>λέγοντες</span> <span class='ocrx_word' id='word_1_811' title='bbox 1500 5523 1512 5535; x_wconf 94' lang='grc'><strong>·</strong></span> <span class='ocrx_word' id='word_1_812' title='bbox 1539 5525 1556 5556; x_wconf 84' lang='grc' dir='ltr'><strong>ι</strong></span> <span class='ocrx_word' id='word_1_813' title='bbox 1584 5505 1715 5557; x_wconf 87' lang='grc' dir='ltr'>Τίνα</span> 
     </span>
    </p>
   </div>
   <div class='ocr_carea' id='block_1_103' title="bbox 186 5706 655 5771">
    <p class='ocr_par' dir='ltr' id='par_1_103' title="bbox 186 5706 655 5771">
     <span class='ocr_line' id='line_1_103' title="bbox 186 5706 655 5771; baseline -0.009 -10"><span class='ocrx_word' id='word_1_814' title='bbox 186 5712 243 5742; x_wconf 70' lang='grc'>’⁸</span> <span class='ocrx_word' id='word_1_815' title='bbox 276 5708 405 5761; x_wconf 82' lang='lat' dir='ltr'><strong>Luc.</strong></span> <span class='ocrx_word' id='word_1_816' title='bbox 448 5722 527 5771; x_wconf 71' lang='lat' dir='ltr'><strong>XI,</strong></span> <span class='ocrx_word' id='word_1_817' title='bbox 565 5706 655 5761; x_wconf 70' lang='grc'><strong>54.</strong></span> 
     </span>
    </p>
   </div>
   <div class='ocr_carea' id='block_1_104' title="bbox 104 5775 1199 5841">
    <p class='ocr_par' dir='ltr' id='par_1_104' title="bbox 104 5775 1199 5841">
     <span class='ocr_line' id='line_1_104' title="bbox 104 5775 1199 5841; baseline -0.007 -2"><span class='ocrx_word' id='word_1_818' title='bbox 104 5788 209 5839; x_wconf 73' lang='grc'><strong>55.</strong></span> <span class='ocrx_word' id='word_1_819' title='bbox 302 5779 342 5810; x_wconf 83' lang='grc'><strong>⁸¹</strong></span> <span class='ocrx_word' id='word_1_820' title='bbox 376 5776 510 5835; x_wconf 87' lang='lat' dir='ltr'><strong>ibid.</strong></span> <span class='ocrx_word' id='word_1_821' title='bbox 544 5778 631 5833; x_wconf 64' lang='grc' dir='ltr'><strong>Η.</strong></span> <span class='ocrx_word' id='word_1_822' title='bbox 711 5776 758 5807; x_wconf 84' lang='lat'>&quot;</span> <span class='ocrx_word' id='word_1_823' title='bbox 780 5775 934 5832; x_wconf 79' lang='lat' dir='ltr'><strong>Joan.</strong></span> <span class='ocrx_word' id='word_1_824' title='bbox 963 5792 1078 5841; x_wconf 87' lang='lat' dir='ltr'><strong>vttt,</strong></span> <span class='ocrx_word' id='word_1_825' title='bbox 1110 5779 1199 5832; x_wconf 78' lang='grc'><strong>53.</strong></span> 
     </span>
    </p>
   </div>
   <div class='ocr_carea' id='block_1_105' title="bbox 735 5704 2198 5775">
    <p class='ocr_par' dir='ltr' id='par_1_105' title="bbox 735 5704 2198 5775">
     <span class='ocr_line' id='line_1_105' title="bbox 735 5704 2198 5775; baseline 0.002 -16"><span class='ocrx_word' id='word_1_826' title='bbox 735 5704 1273 5771; x_wconf 77' lang='lat' dir='ltr'><strong>&quot;Joan.v,l7-l9.</strong></span> <span class='ocrx_word' id='word_1_827' title='bbox 1352 5705 1795 5775; x_wconf 73' lang='lat' dir='ltr'><strong>&quot;Joan.v,a~2.</strong></span> <span class='ocrx_word' id='word_1_828' title='bbox 1875 5710 1913 5739; x_wconf 62' lang='grc' dir='ltr'><strong>’δ</strong></span> <span class='ocrx_word' id='word_1_829' title='bbox 1944 5708 2072 5763; x_wconf 83' lang='lat' dir='ltr'><strong>ibid.</strong></span> <span class='ocrx_word' id='word_1_830' title='bbox 2109 5706 2198 5762; x_wconf 75' lang='lat' dir='ltr'><strong>es.</strong></span> 
     </span>
    </p>
   </div>
   <div class='ocr_carea' id='block_1_106' title="bbox 1816 4585 3387 4663">
    <p class='ocr_par' dir='ltr' id='par_1_106' title="bbox 1816 4585 3387 4663">
     <span class='ocr_line' id='line_1_106' title="bbox 1816 4585 3387 4663; baseline -0.006 -13"><span class='ocrx_word' id='word_1_831' title='bbox 1816 4597 2015 4650; x_wconf 89' lang='lat' dir='ltr'><strong>minem</strong></span> <span class='ocrx_word' id='word_1_832' title='bbox 2048 4595 2138 4663; x_wconf 91' lang='lat' dir='ltr'><strong>qui</strong></span> <span class='ocrx_word' id='word_1_833' title='bbox 2171 4595 2448 4646; x_wconf 87' lang='lat' dir='ltr'><strong>veritatem</strong></span> <span class='ocrx_word' id='word_1_834' title='bbox 2483 4591 2633 4644; x_wconf 83' lang='lat' dir='ltr'><strong>vobis</strong></span> <span class='ocrx_word' id='word_1_835' title='bbox 2663 4589 2876 4644; x_wconf 88' lang='lat' dir='ltr'><strong>locutus</strong></span> <span class='ocrx_word' id='word_1_836' title='bbox 2900 4602 3071 4649; x_wconf 63' lang='lat' dir='ltr'><strong>sum,»</strong></span> <span class='ocrx_word' id='word_1_837' title='bbox 3099 4585 3387 4642; x_wconf 77' lang='lat' dir='ltr'><strong>circumfe-</strong></span> 
     </span>
    </p>
   </div>
   <div class='ocr_carea' id='block_1_107' title="bbox 1818 4677 3386 4753">
    <p class='ocr_par' dir='ltr' id='par_1_107' title="bbox 1818 4677 3386 4753">
     <span class='ocr_line' id='line_1_107' title="bbox 1818 4677 3386 4753; baseline -0.008 -14"><span class='ocrx_word' id='word_1_838' title='bbox 1818 4694 1944 4740; x_wconf 87' lang='lat' dir='ltr'><strong>runt</strong></span> <span class='ocrx_word' id='word_1_839' title='bbox 1971 4684 2033 4738; x_wconf 89' lang='lat' dir='ltr'><strong>ad</strong></span> <span class='ocrx_word' id='word_1_840' title='bbox 2066 4681 2458 4753; x_wconf 87' lang='lat' dir='ltr'><strong>perturbandas</strong></span> <span class='ocrx_word' id='word_1_841' title='bbox 2483 4678 2870 4749; x_wconf 86' lang='lat' dir='ltr'><strong>simpliciorum</strong></span> <span class='ocrx_word' id='word_1_842' title='bbox 2928 4685 3159 4731; x_wconf 88' lang='lat' dir='ltr'><strong>mentes.</strong></span> <span class='ocrx_word' id='word_1_843' title='bbox 3219 4677 3386 4743; x_wconf 85' lang='lat' dir='ltr'><strong>Opor-</strong></span> 
     </span>
    </p>
   </div>
   <div class='ocr_carea' id='block_1_108' title="bbox 1818 4767 3387 4837">
    <p class='ocr_par' dir='ltr' id='par_1_108' title="bbox 1818 4767 3387 4837">
     <span class='ocr_line' id='line_1_108' title="bbox 1818 4767 3387 4837; baseline -0.007 -6"><span class='ocrx_word' id='word_1_844' title='bbox 1818 4786 1955 4831; x_wconf 85' lang='lat' dir='ltr'><strong>teret</strong></span> <span class='ocrx_word' id='word_1_845' title='bbox 1985 4783 2162 4828; x_wconf 86' lang='lat' dir='ltr'><strong>autem</strong></span> <span class='ocrx_word' id='word_1_846' title='bbox 2197 4772 2339 4837; x_wconf 90' lang='lat' dir='ltr'><strong>illos,</strong></span> <span class='ocrx_word' id='word_1_847' title='bbox 2392 4772 2435 4825; x_wconf 90' lang='lat' dir='ltr'><strong>si</strong></span> <span class='ocrx_word' id='word_1_848' title='bbox 2495 4770 2625 4824; x_wconf 89' lang='lat' dir='ltr'><strong>recti</strong></span> <span class='ocrx_word' id='word_1_849' title='bbox 2691 4776 2898 4832; x_wconf 89' lang='lat' dir='ltr'><strong>essent,</strong></span> <span class='ocrx_word' id='word_1_850' title='bbox 2951 4767 3051 4821; x_wconf 87' lang='lat' dir='ltr'><strong>hoc</strong></span> <span class='ocrx_word' id='word_1_851' title='bbox 3110 4778 3387 4834; x_wconf 90' lang='lat' dir='ltr'><strong>reputare,</strong></span> 
     </span>
    </p>
   </div>
   <div class='ocr_carea' id='block_1_109' title="bbox 1818 4860 3388 4938">
    <p class='ocr_par' dir='ltr' id='par_1_109' title="bbox 1818 4860 3388 4938">
     <span class='ocr_line' id='line_1_109' title="bbox 1818 4860 3388 4938; baseline -0.01 -13"><span class='ocrx_word' id='word_1_852' title='bbox 1818 4884 2014 4938; x_wconf 88' lang='lat' dir='ltr'><strong>nempe</strong></span> <span class='ocrx_word' id='word_1_853' title='bbox 2043 4867 2136 4936; x_wconf 91' lang='lat' dir='ltr'><strong>qui</strong></span> <span class='ocrx_word' id='word_1_854' title='bbox 2165 4864 2443 4936; x_wconf 84' lang='lat' dir='ltr'><strong>superiora</strong></span> <span class='ocrx_word' id='word_1_855' title='bbox 2468 4865 2701 4927; x_wconf 70' lang='lat' dir='ltr'><strong>dixerat,</strong></span> <span class='ocrx_word' id='word_1_856' title='bbox 2732 4860 2980 4916; x_wconf 87' lang='lat' dir='ltr'><strong>eumdem</strong></span> <span class='ocrx_word' id='word_1_857' title='bbox 3043 4860 3184 4912; x_wconf 89' lang='lat' dir='ltr'><strong>hanc</strong></span> <span class='ocrx_word' id='word_1_858' title='bbox 3226 4860 3388 4914; x_wconf 85' lang='lat' dir='ltr'><strong>etiam</strong></span> 
     </span>
    </p>
   </div>
   <div class='ocr_carea' id='block_1_110' title="bbox 1817 4947 3389 5029">
    <p class='ocr_par' dir='ltr' id='par_1_110' title="bbox 1817 4947 3389 5029">
     <span class='ocr_line' id='line_1_110' title="bbox 1817 4947 3389 5029; baseline -0.009 -15"><span class='ocrx_word' id='word_1_859' title='bbox 1817 4959 2108 5029; x_wconf 86' lang='lat' dir='ltr'><strong>protulisse</strong></span> <span class='ocrx_word' id='word_1_860' title='bbox 2138 4956 2419 5018; x_wconf 86' lang='lat' dir='ltr'><strong>voculam;</strong></span> <span class='ocrx_word' id='word_1_861' title='bbox 2452 4966 2623 5025; x_wconf 87' lang='lat' dir='ltr'><strong>neque</strong></span> <span class='ocrx_word' id='word_1_862' title='bbox 2653 4951 2809 5021; x_wconf 88' lang='lat' dir='ltr'><strong>lmjus</strong></span> <span class='ocrx_word' id='word_1_863' title='bbox 2836 4962 3018 5014; x_wconf 87' lang='lat' dir='ltr'><strong>causa,</strong></span> <span class='ocrx_word' id='word_1_864' title='bbox 3042 4956 3118 5004; x_wconf 89' lang='lat' dir='ltr'><strong>tot</strong></span> <span class='ocrx_word' id='word_1_865' title='bbox 3144 4947 3232 5004; x_wconf 87' lang='lat' dir='ltr'><strong>illa</strong></span> <span class='ocrx_word' id='word_1_866' title='bbox 3274 4958 3389 5001; x_wconf 87' lang='lat' dir='ltr'><strong>tan-</strong></span> 
     </span>
    </p>
   </div>
   <div class='ocr_carea' id='block_1_111' title="bbox 1818 5035 3387 5119">
    <p class='ocr_par' dir='ltr' id='par_1_111' title="bbox 1818 5035 3387 5119">
     <span class='ocr_line' id='line_1_111' title="bbox 1818 5035 3387 5119; baseline -0.011 -15"><span class='ocrx_word' id='word_1_867' title='bbox 1818 5060 1976 5119; x_wconf 87' lang='lat' dir='ltr'><strong>taque</strong></span> <span class='ocrx_word' id='word_1_868' title='bbox 2008 5049 2226 5107; x_wconf 87' lang='lat' dir='ltr'><strong>oblitos,</strong></span> <span class='ocrx_word' id='word_1_869' title='bbox 2261 5041 2639 5100; x_wconf 86' lang='lat' dir='ltr'><strong>scandalizari.</strong></span> <span class='ocrx_word' id='word_1_870' title='bbox 2668 5038 2800 5096; x_wconf 83' lang='lat' dir='ltr'><strong>Nam</strong></span> <span class='ocrx_word' id='word_1_871' title='bbox 2826 5047 2878 5095; x_wconf 86' lang='lat' dir='ltr'><strong>et</strong></span> <span class='ocrx_word' id='word_1_872' title='bbox 2907 5035 3076 5092; x_wconf 69' lang='lat' dir='ltr'><strong>Judaei</strong></span> <span class='ocrx_word' id='word_1_873' title='bbox 3114 5036 3387 5091; x_wconf 88' lang='lat' dir='ltr'><strong>hominem</strong></span> 
     </span>
    </p>
   </div>
   <div class='ocr_carea' id='block_1_112' title="bbox 1818 5126 3390 5205">
    <p class='ocr_par' dir='ltr' id='par_1_112' title="bbox 1818 5126 3390 5205">
     <span class='ocr_line' id='line_1_112' title="bbox 1818 5126 3390 5205; baseline -0.013 -10"><span class='ocrx_word' id='word_1_874' title='bbox 1818 5142 2083 5202; x_wconf 89' lang='lat' dir='ltr'><strong>videntes,</strong></span> <span class='ocrx_word' id='word_1_875' title='bbox 2114 5148 2169 5194; x_wconf 88' lang='lat' dir='ltr'><strong>et</strong></span> <span class='ocrx_word' id='word_1_876' title='bbox 2200 5137 2308 5193; x_wconf 87' lang='lat' dir='ltr'><strong>Deo</strong></span> <span class='ocrx_word' id='word_1_877' title='bbox 2332 5134 2521 5205; x_wconf 78' lang='lat' dir='ltr'><strong>dignas</strong></span> <span class='ocrx_word' id='word_1_878' title='bbox 2542 5129 2843 5186; x_wconf 89' lang='lat' dir='ltr'><strong>locutiones</strong></span> <span class='ocrx_word' id='word_1_879' title='bbox 2866 5129 3053 5182; x_wconf 84' lang='lat' dir='ltr'><strong>audire</strong></span> <span class='ocrx_word' id='word_1_880' title='bbox 3079 5141 3183 5179; x_wconf 87' lang='lat' dir='ltr'><strong>non</strong></span> <span class='ocrx_word' id='word_1_881' title='bbox 3208 5126 3390 5181; x_wconf 74' lang='lat' dir='ltr'><strong>feren-</strong></span> 
     </span>
    </p>
   </div>
   <div class='ocr_carea' id='block_1_113' title="bbox 1821 5217 3394 5297">
    <p class='ocr_par' dir='ltr' id='par_1_113' title="bbox 1821 5217 3394 5297">
     <span class='ocr_line' id='line_1_113' title="bbox 1821 5217 3394 5297; baseline -0.012 -10"><span class='ocrx_word' id='word_1_882' title='bbox 1821 5243 1919 5297; x_wconf 88' lang='lat' dir='ltr'><strong>tes,</strong></span> <span class='ocrx_word' id='word_1_883' title='bbox 1949 5232 2200 5286; x_wconf 88' lang='lat' dir='ltr'><strong>dicebant</strong></span> <span class='ocrx_word' id='word_1_884' title='bbox 2228 5246 2241 5283; x_wconf 75' lang='grc' dir='ltr'><strong>ι</strong></span> <span class='ocrx_word' id='word_1_885' title='bbox 2276 5247 2292 5278; x_wconf 85' lang='grc'><strong><em>‹</em></strong></span> <span class='ocrx_word' id='word_1_886' title='bbox 2325 5226 2512 5280; x_wconf 77' lang='lat' dir='ltr'><strong>Nonne</strong></span> <span class='ocrx_word' id='word_1_887' title='bbox 2537 5225 2624 5278; x_wconf 88' lang='lat' dir='ltr'><strong>hic</strong></span> <span class='ocrx_word' id='word_1_888' title='bbox 2651 5230 2733 5276; x_wconf 87' lang='lat' dir='ltr'><strong>est</strong></span> <span class='ocrx_word' id='word_1_889' title='bbox 2765 5219 2985 5288; x_wconf 78' lang='lat' dir='ltr'><strong>Joseplti</strong></span> <span class='ocrx_word' id='word_1_890' title='bbox 3035 5217 3197 5282; x_wconf 83' lang='lat' dir='ltr'><strong>(ilius,</strong></span> <span class='ocrx_word' id='word_1_891' title='bbox 3239 5217 3394 5287; x_wconf 79' lang='lat' dir='ltr'><strong>cujus</strong></span> 
     </span>
    </p>
   </div>
   <div class='ocr_carea' id='block_1_114' title="bbox 1821 5308 3391 5394">
    <p class='ocr_par' dir='ltr' id='par_1_114' title="bbox 1821 5308 3391 5394">
     <span class='ocr_line' id='line_1_114' title="bbox 1821 5308 3391 5394; baseline -0.012 -14"><span class='ocrx_word' id='word_1_892' title='bbox 1821 5339 1921 5380; x_wconf 90' lang='lat' dir='ltr'><strong>nos</strong></span> <span class='ocrx_word' id='word_1_893' title='bbox 1948 5334 2157 5394; x_wconf 87' lang='lat' dir='ltr'><strong>patrem</strong></span> <span class='ocrx_word' id='word_1_894' title='bbox 2195 5329 2528 5386; x_wconf 86' lang='lat' dir='ltr'><strong>matremque</strong></span> <span class='ocrx_word' id='word_1_895' title='bbox 2556 5314 2802 5369; x_wconf 84' lang='lat' dir='ltr'><strong>novimus</strong></span> <span class='ocrx_word' id='word_1_896' title='bbox 2836 5310 2919 5362; x_wconf 71' lang='grc' dir='ltr'><strong>⁸ίῖ</strong></span> <span class='ocrx_word' id='word_1_897' title='bbox 2954 5328 2972 5364; x_wconf 77' lang='grc' dir='ltr'><strong>ι</strong></span> <span class='ocrx_word' id='word_1_898' title='bbox 3005 5308 3295 5375; x_wconf 85' lang='lat' dir='ltr'><strong>Denuoque</strong></span> <span class='ocrx_word' id='word_1_899' title='bbox 3326 5308 3391 5361; x_wconf 91' lang='lat' dir='ltr'><strong>ad</strong></span> 
     </span>
    </p>
   </div>
   <div class='ocr_carea' id='block_1_115' title="bbox 1820 5398 3390 5470">
    <p class='ocr_par' dir='ltr' id='par_1_115' title="bbox 1820 5398 3390 5470">
     <span class='ocr_line' id='line_1_115' title="bbox 1820 5398 3390 5470; baseline -0.012 -1"><span class='ocrx_word' id='word_1_900' title='bbox 1820 5430 1941 5470; x_wconf 90' lang='lat' dir='ltr'><strong>eum</strong></span> <span class='ocrx_word' id='word_1_901' title='bbox 2004 5417 2348 5467; x_wconf 87' lang='lat' dir='ltr'><strong>accesserunt</strong></span> <span class='ocrx_word' id='word_1_902' title='bbox 2401 5408 2692 5462; x_wconf 88' lang='lat' dir='ltr'><strong>dicentes:</strong></span> <span class='ocrx_word' id='word_1_903' title='bbox 2752 5421 2770 5455; x_wconf 82' lang='grc' dir='ltr'><strong>ι</strong></span> <span class='ocrx_word' id='word_1_904' title='bbox 2804 5402 2972 5466; x_wconf 88' lang='lat' dir='ltr'><strong>Quem</strong></span> <span class='ocrx_word' id='word_1_905' title='bbox 3020 5401 3251 5468; x_wconf 85' lang='lat' dir='ltr'><strong>teipsum</strong></span> <span class='ocrx_word' id='word_1_906' title='bbox 3308 5398 3390 5451; x_wconf 79' lang='lat' dir='ltr'><strong>fa-</strong></span> 
     </span>
    </p>
   </div>
   <div class='ocr_carea' id='block_1_116' title="bbox 1822 5495 3390 5568">
    <p class='ocr_par' dir='ltr' id='par_1_116' title="bbox 1822 5495 3390 5568">
     <span class='ocr_line' id='line_1_116' title="bbox 1822 5495 3390 5568; baseline -0.011 -7"><span class='ocrx_word' id='word_1_907' title='bbox 1822 5506 2000 5561; x_wconf 76' lang='lat' dir='ltr'><strong>cis“?</strong></span> <span class='ocrx_word' id='word_1_908' title='bbox 2026 5526 2042 5556; x_wconf 82' lang='lat'><strong>)</strong></span> <span class='ocrx_word' id='word_1_909' title='bbox 2078 5508 2142 5559; x_wconf 90' lang='lat' dir='ltr'><strong>Et</strong></span> <span class='ocrx_word' id='word_1_910' title='bbox 2170 5516 2356 5558; x_wconf 84' lang='lat' dir='ltr'><strong>rursus</strong></span> <span class='ocrx_word' id='word_1_911' title='bbox 2386 5518 2398 5554; x_wconf 92' lang='lat'><strong>:</strong></span> <span class='ocrx_word' id='word_1_912' title='bbox 2436 5519 2454 5551; x_wconf 73' lang='grc' dir='ltr'><strong>ι</strong></span> <span class='ocrx_word' id='word_1_913' title='bbox 2510 5495 2908 5568; x_wconf 77' lang='lat' dir='ltr'><strong>Quinquaginta</strong></span> <span class='ocrx_word' id='word_1_914' title='bbox 2936 5508 3108 5548; x_wconf 91' lang='lat' dir='ltr'><strong>annos</strong></span> <span class='ocrx_word' id='word_1_915' title='bbox 3157 5495 3390 5547; x_wconf 88' lang='lat' dir='ltr'><strong>nondum</strong></span> 
     </span>
    </p>
   </div>
   <div class='ocr_carea' id='block_1_117' title="bbox 2281 5696 3391 5764">
    <p class='ocr_par' dir='ltr' id='par_1_117' title="bbox 2281 5696 3391 5764">
     <span class='ocr_line' id='line_1_117' title="bbox 2281 5696 3391 5764; baseline -0.006 -6"><span class='ocrx_word' id='word_1_916' title='bbox 2281 5705 2325 5739; x_wconf 78' lang='lat'><strong>&quot;</strong></span> <span class='ocrx_word' id='word_1_917' title='bbox 2353 5706 2478 5761; x_wconf 88' lang='lat' dir='ltr'><strong>ibid.</strong></span> <span class='ocrx_word' id='word_1_918' title='bbox 2512 5704 2578 5757; x_wconf 72' lang='lat'><strong>‘27</strong></span> <span class='ocrx_word' id='word_1_919' title='bbox 2656 5706 2699 5736; x_wconf 70' lang='grc' dir='ltr'><strong>τ’</strong></span> <span class='ocrx_word' id='word_1_920' title='bbox 2731 5702 2860 5759; x_wconf 84' lang='lat' dir='ltr'><strong>ibid.</strong></span> <span class='ocrx_word' id='word_1_921' title='bbox 2896 5702 2983 5758; x_wconf 69' lang='lat'><strong>29.</strong></span> <span class='ocrx_word' id='word_1_922' title='bbox 3063 5700 3107 5734; x_wconf 80' lang='lat'><strong>&#39;°</strong></span> <span class='ocrx_word' id='word_1_923' title='bbox 3138 5696 3292 5755; x_wconf 75' lang='lat' dir='ltr'><strong>Joatt.</strong></span> <span class='ocrx_word' id='word_1_924' title='bbox 3322 5713 3391 5764; x_wconf 69' lang='lat' dir='ltr'><strong>vn,</strong></span> 
     </span>
    </p>
   </div>
  </div>
