4042 6496
633 427 737 489 97.5

633 555 692 596 es
723 547 897 606 natus,
917 549 970 594 et
1000 539 1362 596 Abrahamum
1393 542 1694 610 cognovisti
1720 542 1811 596 ⁸³2
1847 562 1865 594 ι
1902 541 2045 596 Sane
2070 555 2204 608 opus
2235 545 2277 601 A

630 637 774 682 esset
806 629 1076 697 praedictis
1139 630 1507 699 acquiescere,
1564 646 1738 701 neque
1787 631 2019 686 ulterius
2055 630 2207 699 quid-

636 735 798 788 quam
825 721 1125 788 requirere.
1187 721 1320 775 Nam
1347 723 1438 791 qui
1474 732 1622 778 recto
1656 723 1937 778 ratiocinio
1980 723 2054 776 uti
2091 731 2206 776 stu-

639 811 768 862 dent
793 809 844 861 in
874 809 1180 862 divinarum
1221 809 1622 879 Scripturarum
1657 811 1888 873 acroasi,
1934 810 2075 864 bona
2106 810 2208 864 fide

630 900 830 963 dicent,
863 899 1337 970 nihilrepugnare,
1376 903 1539 956 Deum
1595 900 1777 972 14ήὶ
1824 899 1982 955 simul
2019 909 2073 953 et
2114 900 2210 953 ho-

633 990 854 1055 minem,
886 1005 1006 1044 cum
1033 991 1372 1060 loquebatur,
1403 994 1562 1047 modo
1591 1007 1650 1046 se
1679 992 1866 1055 Deum,
1901 992 2060 1044 modo
2112 992 2205 1044 hov

636 1080 831 1135 minem
856 1095 914 1134 se
949 1081 1279 1146 nominasse,
1311 1084 1439 1151 quin
1482 1092 1601 1136 utra
1641 1097 1704 1135 ex
1757 1083 1839 1136 his
1882 1081 2206 1152 appellatio-

636 1170 791 1226 nibus
819 1172 1045 1226 alteram
1075 1173 1334 1228 destruat.

705 1351 794 1404 Π.
827 1350 968 1405 Sane
984 1361 1037 1406 et
1069 1351 1288 1407 aliunde
1317 1367 1541 1408 cernere
1566 1351 1712 1418 licet,
1748 1351 2024 1407 Christum
2061 1351 2208 1406 haud

634 1440 705 1494 ita
733 1441 1137 1513 intelligendum
1187 1459 1313 1500 esse
1350 1445 1648 1509 hominem,
1673 1453 1732 1498 ut
1777 1446 2004 1499 istorum
2028 1444 2210 1512 opinio

635 1533 754 1586 fert.
781 1530 1072 1602 Postquam
1094 1532 1265 1589 Judaei
1299 1534 1509 1588 facinus
1539 1533 1666 1587 illud
1689 1532 2074 1602 patrarunt,de
2103 1547 2211 1601 quo

631 1625 881 1680 cumillis
917 1641 1057 1680 nunc
1079 1625 1342 1682 Dominus
1398 1627 1726 1695 expostulat,
1784 1625 2211 1690 salutarem,in-

630 1728 814 1782 quam,
834 1715 1160 1784 passionem,
1178 1717 1221 1771 si
1241 1726 1494 1786 tanquam
1524 1715 1757 1770 hominis
1774 1715 2043 1770 occisores
2061 1716 2211 1768 dam-

632 1804 746 1858 nati
777 1804 1026 1872 fuissent,
1059 1815 1188 1861 tunc
1225 1806 1365 1861 haud
1393 1821 1556 1862 sensu
1603 1821 1821 1862 cassum
1874 1805 2013 1860 foret
2066 1804 2206 1873 quod

632 1897 699 1953 ab
731 1896 838 1952 illis
869 1897 1167 1953 dicebatur.
1191 1897 1294 1952 Sed
1321 1912 1446 1951 cum
1483 1897 1902 1966 tanquamliege
1930 1909 1994 1950 ac
2025 1894 2210 1949 Domi-
2243 1879 2284 1935 Β

636 2003 706 2042 no
726 1989 906 2045 occiso
939 1989 1177 2044 damnati
1213 1989 1435 2053 fuerint,
1464 1989 1805 2058 exploratum
1856 1988 1916 2043 fit
1944 1987 2207 2042 adversa-

631 2076 742 2130 rios
768 2086 983 2132 nostros
1006 2077 1226 2132 stultam
1254 2078 1355 2132 sibi
1384 2079 1696 2146 opinionem
1729 2093 1966 2144 creasse,
1996 2093 2116 2131 cum
2145 2077 2207 2129 il-

630 2166 740 2220 lum
770 2167 1084 2222 existimant
1109 2183 1315 2223 merum
1350 2183 1470 2223 esse
1496 2170 1790 2234 hominem,
1841 2169 2051 2223 etiamsi
2079 2169 2209 2223 Ver-

629 2259 756 2311 bum
788 2257 840 2311 itt
873 2258 989 2326 ipso
1017 2258 1261 2313 habitare
1283 2258 1484 2313 dicant.
1504 2257 1664 2314 Certe
1695 2258 1889 2314 beatus
1915 2257 2114 2312 Paulus
2140 2257 2206 2312 de

630 2346 1074 2416 crucifigentibus
1098 2349 1344 2419 loquens,
1373 2348 1588 2404 Domini
1641 2351 1913 2405 occisores
1962 2349 2080 2404 illos
2129 2363 2208 2403 re-

629 2446 948 2506 praesentat,
978 2439 1063 2496 his
1085 2432 1264 2514 verbis
1301 2448 1490 2495 utens:
1515 2459 1535 2492 ς
1559 2439 1692 2493 Nam
1725 2441 1770 2495 si
1800 2441 2205 2510 cognovissent,

631 2543 909 2598 nunquam
948 2531 1235 2586 Dominum
1290 2531 1476 2601 gloriae
1535 2532 2025 2586 crucifixissent“.
2085 2551 2103 2583 ι
2144 2532 2208 2586 Ει

631 2622 745 2687 ipse
771 2636 987 2692 quoque
1025 2622 1284 2678 Dominus
1311 2624 1362 2677 itt
1390 2623 1560 2678 vineae
1585 2623 1837 2692 parabola
1866 2623 1938 2675 ait
1971 2632 2210 2692 patrem-

631 2711 864 2779 familias
908 2713 1126 2769 misisse
1183 2727 1373 2769 servos
1422 2729 1550 2769 suos
1598 2715 1664 2768 ad
1711 2713 1996 2783 agricolas.
2050 2715 2117 2767 At
2153 2714 2204 2767 hi

639 2819 659 2854 τ
689 2802 853 2856 alium
887 2805 1103 2873 quidem
1136 2805 1736 2875 verberarunt,inquit,
1787 2806 1950 2858 alium
1996 2806 2209 2860 occide-

635 2903 780 2957 runt,
814 2895 977 2950 alium
1003 2897 1267 2968 lapidibus
1293 2898 1612 2963 obruerunt,
1654 2916 1671 2949 I
1698 2896 1947 2966 agricolae
1975 2896 2205 2951 scilicet.

631 2984 913 3042 Postremo
946 2988 1160 3044 misisse
1185 2988 1317 3043 dicit
1339 2987 1530 3053 lilium,
1563 3003 1670 3057 quo
1703 2989 1819 3041 viso
1847 2986 2096 3056 agricolae
2122 2987 2206 3038 in-

633 3084 716 3130 tra
742 3093 802 3132 se
830 3077 1118 3133 dixerunt:
1155 3098 1174 3132 ι
1213 3079 1310 3134 Hic
1339 3089 1423 3134 est
1451 3081 1646 3143 haeres,
1673 3079 1870 3140 venite,
1895 3078 2207 3145 occidamus

631 3181 779 3232 eum,
823 3169 1047 3237 ejusque
1080 3170 1447 3225 haereditatem
1481 3184 1810 3239 occupemus
1847 3188 1859 3222 :
1913 3180 2074 3237 atque
2133 3169 2203 3222 ita

633 3272 758 3312 eum
821 3261 1272 3328 comprehensum
1332 3270 1386 3315 et
1455 3262 1609 3316 vinea
1659 3260 1890 3330 ejectum
1921 3263 2210 3316 intereme-

632 3349 845 3404 runt".
877 3369 895 3402 ι
932 3350 1137 3421 Siergo
1156 3353 1444 3424 Apostolus
1467 3355 1684 3423 quidem
1715 3355 1897 3424 gloriae
1923 3355 2208 3408 Dominum

631 3439 922 3496 conﬁtetur
950 3457 1072 3498 eum
1093 3445 1185 3514 qui
1215 3447 1506 3501 cruciﬁxus
1534 3447 1676 3510 fuit;
1712 3447 1826 3516 ipse
1857 3457 2033 3500 autem
2081 3446 2212 3500 Ser-

633 3543 792 3590 valor
824 3538 1117 3606 prophetas
1147 3540 1364 3609 quidem
1399 3553 1684 3594 servorum
1719 3540 2004 3594 missorum
2037 3539 2211 3591 nomi-

636 3638 706 3678 ne
728 3625 974 3681 tlenotari
1006 3628 1194 3692 docet,
1228 3632 1579 3698 semetipsum
1612 3644 1742 3685 vero
1776 3630 1971 3684 Filium
2001 3628 2210 3683 Domini

640 3730 917 3772 servorum
943 3720 1177 3787 illorum;
1216 3723 1335 3789 quis
1361 3723 1464 3784 iam
1485 3724 1714 3780 ulterius
1740 3723 1884 3777 ausit
1911 3723 2091 3776 dicere
2115 3723 2213 3775 ho-

641 3808 838 3862 minem
873 3810 1020 3865 illum
1051 3813 1218 3869 fuisse
1243 3814 1333 3883 qui
1369 3815 1565 3882 aiebat,
1602 3836 1620 3868 ι
1648 3815 1801 3869 Nunc
1838 3829 1924 3870 me
1973 3815 2214 3884 quaeritis

639 3901 908 3969 occidere,
946 3922 964 3955 ι
999 3913 1052 3958 et
1076 3919 1181 3959 non
1213 3908 1392 3974 potius
1421 3908 1776 3963 humanatum
1804 3906 2014 3960 Deum?
2067 3904 2215 3958 Prae-

639 3995 830 4048 sertim
878 3996 1002 4064 quia
1041 3997 1147 4052 Deo
1187 3999 1345 4068 digna
1375 4014 1561 4067 opera,
1619 4000 1719 4053 sub
1771 3997 2004 4052 hominis
2061 3997 2215 4051 titulo

637 4088 952 4160 praedicata,
1009 4089 1192 4143 audiet
1214 4075 1492 4144 eventura.
1534 4109 1551 4141 ι
1587 4089 1747 4144 Venit
1772 4089 1915 4143 enim
1962 4090 2115 4153 hora,
2161 4095 2216 4142 et

643 4188 784 4228 nunc
821 4184 922 4242 est,
947 4192 1066 4230 cum
1099 4179 1540 4234 mortuiaudient
1565 4194 1751 4234 vocem
1787 4179 1908 4233 Filii
1940 4180 2211 4244 hominis;

638 4269 695 4314 et
720 4263 809 4330 qui
843 4263 1335 4329 audierint,vivent
1356 4266 1434 4328 ⁸⁶;
1475 4284 1493 4317 ι
1535 4276 1590 4321 et
1618 4283 1631 4319 :
1671 4284 1688 4318 t
1713 4268 1846 4322 Cum
1872 4268 2100 4332 venerit,
2130 4269 2213 4320 iu-

639 4353 776 4420 quit,
810 4352 981 4407 Filius
1027 4355 1331 4409 hominisin
1365 4371 1590 4425 regnum
1617 4373 1790 4422 suum,
1816 4367 1870 4412 et
1900 4373 2087 4413 omnes
2119 4373 2216 4411 an-

637 4444 737 4514 geli
766 4444 882 4513 ejus
908 4461 1028 4500 cum
1054 4458 1154 4514 eo,‘
1172 4457 1300 4503 tunc
1327 4449 1540 4504 sedebit
1568 4451 1618 4502 in
1646 4450 1839 4505 throno
1865 4451 2051 4518 gloria:
2083 4465 2211 4516 suae,

635 4536 833 4603 justam
859 4539 924 4592 dc
947 4540 1197 4595 omnibus
1217 4543 1534 4595 sententiam
1562 4540 1797 4596 ferens"
1821 4558 1835 4606 ;
1858 4561 1875 4594 ι
1905 4553 1977 4607 et,
2007 4562 2025 4593 ι
2047 4541 2215 4598 Nemo

639 4628 883 4682 ascendit
908 4629 959 4682 in
985 4630 1205 4694 cmlum,
1238 4631 1338 4686 nisi
1373 4631 1464 4700 qui
1493 4633 1558 4687 de
1610 4632 1746 4687 caelo
1803 4633 2082 4688 descendit
2123 4635 2213 4688 Fi-

639 4717 742 4772 lius
773 4719 1006 4775 hominis
1035 4720 1100 4773 ⁸⁸.
1139 4739 1158 4771 ι

2248 4584 2289 4639 D

710 4984 997 5071 i8.Audin‘
1021 4983 1303 5039 manifeste
1322 4984 1488 5041 Deum
1523 4986 1756 5042 Verbum
1773 4989 2006 5045 hominis
2029 4994 2212 5061 appel-

638 5075 860 5142 latione,
919 5088 1139 5148 propter
1186 5096 1336 5135 suatn
1393 5097 1513 5136 eum
1594 5098 1756 5138 carne
1806 5087 2209 5155 adunationcm,

637 5166 1164 5222 nominatum?Nam
1198 5169 1319 5238 quis
1374 5169 1514 5225 alius
1564 5172 1628 5226 de
1672 5173 1816 5228 coelo
1869 5175 2213 5233 descendisse

639 5258 904 5326 putandus
937 5260 1055 5315 est?
1083 5258 1198 5314 Noli
1234 5261 1416 5334 itaque
1454 5262 1655 5319 diutius
1723 5266 2036 5320 scandalum
2079 5269 2211 5337 pati,

637 5366 758 5409 cum
785 5350 830 5404 is
877 5352 992 5405 ait:
1030 5370 1048 5403 ι
1083 5350 1236 5407 Nunc
1269 5368 1357 5415 me
1381 5356 1622 5423 quaeritis
1652 5359 1918 5424 occidere,
1944 5361 2213 5415 hominem

637 5441 726 5508 qtti
756 5443 1036 5497 veritatem
1068 5444 1220 5499 vobis
1254 5446 1361 5500 dixi
1388 5448 1454 5500 8°:
1493 5466 1513 5500 ›
1556 5449 1647 5503 sed
1682 5451 2068 5507 incarnationis
2097 5470 2213 5525 my-

637 5535 862 5589 sterium
893 5545 1172 5605 reputans,
1203 5538 1290 5607 pic
1328 5541 1531 5595 dictum
1555 5542 1799 5598 admitte.
1833 5542 2079 5613 Namque
2126 5547 2209 5600 his

708 5740 753 5769 ⁸³
781 5738 934 5792 Juan.
974 5756 1090 5804 \‘lll,
1125 5741 1213 5804 57,

807 5811 848 5842 ’θ
882 5810 1036 5864 luant.
1067 5829 1176 5878 tm,
1207 5812 1295 5865 40.

648 5811 727 5865 15.

1656 429 1714 483 S.
1756 426 2030 484 CYRlLLl
2067 423 2534 480 ALEXANDRINI
2578 421 2898 479 ARCHIEP.

1290 5744 1331 5774 ⁸³
1364 5744 1526 5799 lCor.
1562 5762 1621 5813 tt,
1657 5748 1708 5802 8.
1785 5749 1828 5780 ⁸⁵
1869 5748 2055 5802 Matth.
2109 5767 2218 5814 xxI,
2252 5750 2339 5804 Si.

3823 416 3884 469 76

2310 540 2534 592 σεαυτὸν
2587 541 2798 602 ποιεῖς;
2849 554 2866 587 ι
2924 531 3033 586 Καὶ
3072 528 3264 583 πάλινο
3323 546 3340 578 ι
3396 527 3738 598 Πεντήκοντα
3795 526 3886 596 ἔτη

2320 628 2473 684 ούπω
2499 630 2666 699 ἔχεις,
2702 628 2797 681 καὶ
2859 621 3107 693 Ἀϐραὰμ
3136 619 3458 688 γινώσκειςς
3514 637 3532 670 s
3577 619 3687 670 Καὶ
3724 617 3887 686 ἐχρῆν

2315 721 2415 792 μὲν
2464 723 2576 782 τοῖς
2624 720 2722 788 ἤδη
2759 712 3177 786 προειρημένοις
3212 710 3522 779 ἀρκεῖσθαι,
3576 707 3670 760 καὶ
3727 706 3887 776 μηδὲν
3983 733 3986 736 -

2311 811 2472 865 πλέον
2511 808 2821 879 ἐπιζητεῖν·
2853 807 2902 858 οἱ
2932 804 3039 873 γὰρ
3070 800 3327 869 λογισμὸν
3353 799 3509 867 ὀρθὸν
3545 797 3691 867 ἔχειν
3728 815 3886 850 σπου-

2311 899 2562 964 δάζοντες
2593 902 2721 968 περὶ
2754 897 2852 964 τὴν
2880 894 2987 948 τῶν
3026 892 3186 946 θείων
3215 890 3446 960 Γραφῶν
3486 889 3768 958 ἀκρόασιν,
3803 888 3889 939 eu-

2311 989 2606 1058 γνωμόνως
2632 987 2897 1050 λέξουσιν,
2940 984 3012 1045 ὡς
3046 982 3200 1035 οὐδὲν
3237 981 3435 1033 ἄτοπον
3470 980 3556 1047 εἴη
3597 976 3730 1029 Θεὸν
3754 976 3889 1046 όμοῦ

2311 1081 2405 1134 acati.
2437 1078 2720 1149 ἄνθρωπον
2755 1077 2902 1140 ὄντα,
2950 1076 3037 1126 ὅτε
3076 1072 3390 1141 λελάληκεν,
3427 1069 3557 1121 ποτὲ
3606 1071 3704 1139 μὲν
3736 1068 3890 1133 Θεὸν,
3985 1119 3989 1127 ,

2313 1171 2444 1224 ποτὲ
2482 1171 2538 1224 δὲ
2587 1170 2871 1240 ἄνθρωπον
2904 1163 3287 1237 ὀνομάζεσθαι,
3328 1161 3581 1231 οὐδαμῶς
3625 1159 3894 1231 ἑκατέρας
3987 1193 3989 1219 ;

2311 1263 2683 1335 προσηγορίας
2708 1262 2807 1331 τὴν
2840 1261 3032 1331 ἑτέραν
3064 1257 3382 1326 ἀθετούσης.

2385 1355 2474 1418 ιζ’.
2523 1351 2741 1421 Ἐπειδὴ
2773 1351 2830 1404 δὲ
2862 1350 3037 1402 ἔνεστι
3069 1349 3163 1401 καὶ
3197 1346 3460 1417 ἑτέρωθεν
3489 1343 3646 1397 τοῦτο
3670 1343 3897 1414 θεωρεῖ·
3988 1375 3989 1382 η

2313 1447 2468 1509 σθαι,
2504 1446 2579 1508 ὡς
2611 1446 2710 1498 οὐκ
2741 1444 3030 1515 ἄνθρωπος
3079 1441 3319 1495 νοεῖσθαι
3363 1440 3450 1493 διά
3485 1438 3644 1491 τοῦτο
3686 1437 3894 1507 ὀφείλει
3987 1469 3989 1472 -

2311 1537 2451 1590 κατά
2479 1535 2576 1606 τὴν
2610 1534 2814 1588 τούτων
2865 1533 3158 1586 ὑπόνοιαν·
3218 1530 3355 1601 μετά
3400 1529 3462 1581 τὸ
3510 1527 3714 1598 πρᾶξαι
3767 1529 3900 1589 τοὺς
3987 1561 3989 1584 ρ

2323 1626 2607 1688 Ἰουδαίους
2639 1624 2819 1689 τοῦτο,
2852 1624 2988 1694 ὅπερ
3031 1621 3262 1677 ἐνταῦθα
3304 1621 3501 1682 αὐτοὺς
3551 1618 3835 1689 ἐμέμφετο
3872 1620 3900 1670 ό

2312 1720 2538 1793 Κύριος,
2574 1718 2717 1787 λέγω
2754 1717 2819 1788 δὴ
2850 1716 2911 1770 τὸ
2948 1717 3214 1788 σωτήριον
3248 1714 3436 1780 πάθος,
3479 1715 3526 1766 εί
3559 1713 3668 1784 ἄρα
3698 1712 3772 1774 ὡς
3810 1711 3903 1765 ἄν·

2313 1811 2528 1882 θρωπον
2572 1810 2992 1870 ἀποκτείναντες
3028 1805 3455 1875 κατεκρίθησαν,
3503 1804 3625 1856 τότε
3673 1801 3786 1873 γὰρ
3835 1802 3905 1855 ἂν

2310 1900 2562 1971 δυνηθείη
2598 1899 2756 1966 λόγον
2782 1898 2926 1968 ἔχειν
2963 1898 3024 1951 τὸ
3068 1897 3157 1949 ὑπ’
3189 1895 3367 1949 αὐτῶν
3396 1895 3685 1965 λεγόμενον
3706 1910 3718 1922 ·
3753 1895 3806 1945 εί
3847 1894 3904 1945 δὲ

2310 1993 2386 2056 ὡς
2415 1992 2557 2045 κατά
2582 1990 2849 2042 Δεσπότου
2867 1989 2961 2043 καὶ
2976 1989 3181 2059 Κυρίου
3203 1985 3574 2056 τολμήσαντες
3604 1983 3904 2037 κατεδικά-

2311 2085 2538 2153 σθησαν,
2572 2082 2735 2153 δῆλον
2778 2082 2854 2145 ὡς
2891 2081 3126 2151 ματαίαν
3176 2079 3428 2132 ὑπόνοιαν
3465 2079 3677 2140 ἑαυτοῖς
3722 2077 3903 2129 ἐπλά-

2311 2194 2493 2241 σαντο,
2527 2177 2813 2246 ἄνθρωπον
2850 2173 3171 2243 νομίσαντες
3221 2167 3384 2235 εἶναι,
3416 2171 3518 2224 κᾶν
3549 2173 3780 2224 ὲνοικεῖν
3823 2170 3907 2231 είς

2309 2268 2472 2321 αὐτὸν
2495 2268 2584 2320 τὸν
2612 2267 2785 2334 Λόγον
2815 2265 3067 2333 λέγωσιν.
3114 2264 3172 2317 '0
3202 2264 3298 2334 μὲν
3327 2259 3418 2316 οὖν
3451 2262 3719 2331 μακάριος
3748 2258 3908 2313 Παῦ-

2307 2360 2398 2423 λος
2423 2359 2551 2428 περὶ
2582 2357 2692 2411 τῶν
2718 2357 3148 2428 σταυρωσάντων
3177 2353 3578 2424 διαλεγόμενος,
3613 2351 3912 2422 κυριοκτό-

2309 2465 2431 2512 νους
2492 2448 2690 2510 αὐτοὺς
2751 2446 3000 2515 ἐναργῶς
3062 2444 3410 2514 παρίστησιν,
3442 2443 3632 2504 αὑταῖς
3686 2440 3911 2506 λέξεσιν

2308 2538 2538 2610 γράφων
2575 2538 2783 2602 οὕτως·
2827 2555 2847 2588 ‹
2893 2537 2955 2588 El
2993 2534 3102 2605 γὰρ
3136 2536 3399 2604 ἔγνωσαν,
3431 2533 3529 2586 οὐκ
3566 2532 3630 2585 ἂν
3655 2532 3747 2583 τὸν
3780 2533 3913 2584 Κύ-

2313 2648 2425 2702 ριον
2458 2631 2558 2699 τῆς
2593 2630 2750 2697 δόξης
2795 2626 3164 2696 ἐσταύρωσαν.
3214 2644 3232 2676 ι
3269 2626 3377 2676 Καὶ
3414 2625 3575 2685 αὐτὸς
3603 2623 3660 2675 δὲ
3689 2621 3911 2691 Κύριος

2309 2724 2364 2775 ὲν
2397 2725 2462 2793 τῇ
2508 2720 2600 2773 τοῦ
2637 2719 2956 2788 ἀμπελῶνος
2995 2717 3276 2788 παραϐολῇ
3314 2714 3716 2768 ἀπεσταλκέναι
3767 2714 3915 2782 φησὶ

2307 2815 2399 2867 τὸν
2425 2812 2811 2880 οἰκοδεσπότην
2835 2811 2959 2873 τοὺς
2988 2809 3209 2870 δούλους
3231 2806 3394 2859 αὑτοῦ
3417 2806 3551 2876 πρὸς
3572 2806 3698 2867 τοὺς
3725 2822 3916 2874 γεωρ-

2309 2906 2438 2976 γούς
2462 2925 2474 2938 ·
2511 2926 2528 2958 ι
2555 2907 2647 2960 καὶ
2666 2906 2725 2958 ὃν
2755 2906 2853 2974 μὲν
2884 2905 3115 2973 ἔδειραν,
3147 2902 3329 2972 φησὶν,
3365 2900 3424 2953 ὃν
3457 2901 3513 2953 δὲ
3545 2900 3914 2961 ἀπέκτειναν,

2308 2999 2366 3051 ὃν
2414 2996 2816 3065 ἐλιθοϐόλησαν,
2851 3015 2869 3046 ι
2895 2996 2944 3048 οἱ
2966 2993 3203 3064 γεωργοὶ
3255 2992 3532 3062 δηλονότι·
3583 2989 3818 3060 ὕστερον
3854 2989 3917 3041 δὲ

2309 3088 2712 3142 ἀπεσταλκέναι
2763 3087 2927 3155 φησὶν
2969 3085 3130 3138 αὐτὸν
3170 3083 3260 3135 τὸν
3305 3081 3441 3146 υἱὸν,
3488 3081 3546 3132 ὃν
3578 3081 3626 3132 οί
3661 3079 3922 3149 γεωργοὶ

2312 3179 2636 3250 θεασάμενοι
2671 3173 2825 3230 εἶπον
2875 3175 3011 3244 πρὸς
3059 3173 3325 3236 ἑαυτούς’
3381 3191 3400 3222 ι
3457 3163 3625 3233 Οὗτός
3674 3172 3830 3222 ἐστιν
3889 3171 3922 3221 ὁ

2313 3270 2667 3340 κληρονόμος,
2689 3266 2861 3329 δεῦτε,
2901 3264 3312 3334 ἀποκτείνωμεν
3341 3261 3523 3327 αὐτὸν,
3555 3261 3649 3314 καὶ
3680 3261 3924 3330 σχῶμεν

2314 3359 2478 3414 αὐτοῦ
2505 3359 2603 3428 τὴν
2630 3355 2996 3427 κληρονομίαν
3013 3369 3027 3383 ·
3055 3355 3150 3408 καὶ
3177 3353 3432 3416 λαϐόντες
3458 3352 3622 3405 αὑτὸν
3644 3351 3925 3417 ἐξέϐαλον

2314 3451 2418 3521 ἔξω
2460 3450 2555 3503 τοῦ
2601 3448 2945 3519 ἀμπελῶνος,
2980 3449 3074 3500 καὶ
3117 3447 3464 3500 ἀπέκτειναν.
3510 3463 3528 3495 ι
3567 3445 3630 3497 Et
3662 3444 3855 3496 τοίνυν
3893 3443 3926 3493 ὁ

2320 3544 2421 3614 μὲν
2453 3541 2774 3603 Ἀπόστολος
2791 3539 2997 3610 Κύριον
3035 3538 3132 3607 τῆς
3163 3537 3322 3606 δόξης
3365 3536 3456 3589 τὸν
3485 3533 3929 3603 ἐσταυρωμένον

2315 3633 2585 3703 ὁμολογεῖ,
2619 3632 2779 3694 αὐτὸς
2808 3631 2864 3682 δὲ
2894 3631 2920 3681 ὁ
2954 3628 3142 3699 Σωτὴρ
3176 3628 3302 3688 τοὺς
3342 3627 3442 3694 μὲν
3461 3625 3763 3694 προφήτας
3787 3624 3929 3676 δού-

2314 3724 2440 3787 λους
2473 3722 2918 3791 ἀπεσταλμένους
2951 3721 3212 3782 διδάσκει,
3249 3718 3438 3771 ἑαυτὸν
3482 3717 3538 3769 δὲ
3566 3715 3660 3768 τοῦ
3696 3717 3930 3768 Δεστιτό⁴

2315 3831 2409 3866 του
2430 3813 2538 3865 τῶν
2566 3811 2766 3864 δούλων
2798 3809 2948 3876 Υίὸν,
2980 3809 3061 3871 τίς
3092 3811 3170 3861 ἔτι
3198 3808 3458 3878 τολμήσει
3483 3807 3666 3874 λέγειν
3701 3806 3780 3868 ὡς
3816 3808 3929 3860 ἆν-

2319 3904 2536 3974 θρωπυς
2565 3899 2632 3972 ἦν
2674 3904 2701 3954 ὁ
2750 3902 2945 3970 λέγων,
2983 3920 3001 3950 ι
3039 3900 3152 3953 Νῦν
3190 3899 3245 3952 δὲ
3276 3897 3488 3969 ζητεῖτέ
3528 3915 3593 3965 με
3637 3897 3930 3949 ἀποκτεῖ-

2317 4012 2425 4059 ναι,
2466 3987 2488 4046 ἱ
2523 3994 2616 4047 καὶ
2652 3994 2771 4063 οὐχὶ
2826 3993 3026 4062 μᾶλλον
3076 3991 3208 4054 Θεὸς
3257 3987 3733 4060 ὲνηνθρωπηκώς;
3795 3990 3932 4040 Καὶ

2322 4087 2537 4158 μάλισθ’
2569 4087 2697 4139 ὅταν
2745 4087 2840 4138 καὶ
2873 4086 2941 4138 τὰ
2981 4083 3261 4153 θεοπρεπῆ
3317 4081 3451 4152 ἔργα
3496 4083 3561 4150 τῇ
3610 4078 3933 4149 ἀνθρώπου

2319 4180 2660 4251 προσηγορίᾳ
2716 4178 2985 4248 λεγόμενα
3041 4174 3215 4247 ἀκούῃ
3280 4173 3540 4240 μέλλοντα
3605 4169 3880 4237 γίνεσθαι
3915 4187 3932 4200 ο

2325 4291 2343 4322 ι
2393 4268 2652 4341 Ἔρχεται
2685 4269 2793 4339 γὰρ
2824 4269 2962 4338 ὥρα,
2997 4266 3090 4318 καὶ
3140 4266 3233 4316 νῦν
3281 4265 3450 4327 ἐστιν,
3497 4263 3584 4315 ὅτε
3627 4262 3677 4313 οἰ
3719 4262 3938 4331 νεκροὶ

2317 4363 2622 4429 ἀκούσωσιν
2665 4362 2762 4431 τῆς
2799 4359 2983 4428 φωνῆς
3016 4357 3107 4410 τοῦ
3140 4356 3270 4409 Υἱοῦ
3305 4355 3397 4408 τοῦ
3434 4351 3762 4424 ἀνθρώπου·
3821 4354 3941 4404 καὶ

2317 4455 2364 4506 οἱ
2397 4452 2728 4513 ἀκούσαντες
2767 4452 3010 4520 ζήσουσι.
3057 4468 3072 4500 ι
3103 4449 3228 4513 Καὶ,
3266 4465 3283 4498 ι
3324 4447 3493 4500 Ὅταν
3529 4443 3680 4514 ἔλθῃ,
3715 4444 3936 4513 φησὶν,

2318 4550 2345 4601 ὁ
2392 4547 2520 4610 Υἱὸς
2561 4545 2656 4598 τοῦ
2703 4543 2992 4614 ἀνθρώπου
3038 4541 3096 4592 ἐν
3145 4542 3211 4609 τῇ
3270 4537 3515 4607 βασιλεία
3567 4535 3767 4599 αὐτοῦ,
3827 4537 3942 4587 καὶ

2321 4639 2520 4700 πάντες
2539 4639 2585 4689 οἱ
2608 4634 2830 4703 ἄγγελοι
2862 4635 2978 4702 μετ’
3001 4630 3188 4692 αὑτοῦ,
3211 4629 3330 4680 τότε
3354 4628 3565 4680 καθίσει
3589 4625 3680 4677 ἐπὶ
3712 4625 3941 4697 θρόνου

2323 4729 2478 4798 δόξης
2512 4727 2698 4790 αὑτοῦ,
2727 4725 2826 4793 τὴν
2851 4723 3065 4776 δικαίαν
3100 4721 3302 4773 ἅπασιν
3329 4718 3603 4787 ἐπιφέρων
3631 4716 3857 4785 κρίσιν.
3915 4738 3935 4770 ι

2325 4820 2456 4883 Καὶ,
2500 4837 2516 4868 ι
2560 4817 2747 4880 Οὐδεὶς
2787 4813 3125 4882 ἀναϐέϐηκεν
3157 4813 3234 4873 είς
3273 4810 3364 4861 τὸν
3398 4808 3643 4879 οὐρανὸν,
3673 4809 3724 4858 εἰ
3761 4809 3854 4881 μὴ
3911 4813 3952 4864 ὁ

2325 4913 2388 4964 ἐκ
2429 4910 2522 4964 τοῦ
2554 4907 2781 4980 οὐρανοῦ
2813 4905 3077 4968 καταϐὰς,
3111 4906 3137 4955 ὁ
3168 4903 3292 4964 Υἱὸς
3323 4900 3414 4953 τοῦ
3444 4897 3760 4968 ἀνθρώπου.
3826 4921 3849 4951 ι

2395 5008 2482 5070 ιη’.
2539 4997 2777 5058 Ἀκούεις
2808 4994 3058 5062 φανερῶς
3102 4993 3193 5044 τὸν
3220 4990 3351 5051 Θεὸν
3380 4990 3549 5057 Λόγον
3579 4991 3645 5058 τῇ
3693 4990 3800 5041 ἀνθ
3814 4992 3948 5060 pth-

2322 5111 2422 5145 που
2452 5089 2789 5162 προσηγορίᾳ
2818 5085 2906 5138 διὰ
2929 5085 3026 5154 τὴν
3055 5083 3189 5153 πρὸς
3215 5081 3310 5151 τὴν
3341 5082 3517 5149 σάρκα
3547 5081 3744 5131 ἕνωσιν
3789 5083 3946 5136 ὀνο-

2325 5184 2655 5254 μαζόμενον;
2702 5181 2796 5242 Τίς
2833 5179 2941 5248 γὰρ
2988 5178 3053 5229 ἂν
3085 5176 3168 5242 εἱή
3202 5175 3388 5242 ἕτερος
3418 5173 3480 5223 ἐκ
3525 5170 3614 5222 τοῦ
3665 5172 3947 5241 οὐρανοῦ

2325 5273 2565 5336 καταϐάς
2587 5291 2600 5338 ;
2622 5270 2834 5341 Μηκέτι
2865 5264 2956 5320 οὖν
2988 5263 3500 5327 σκανδαλίζου,ὅταν
3532 5260 3710 5328 λέγει·
3745 5282 3762 5312 ι
3800 5265 3952 5318 Νῦν

2322 5367 2379 5418 δὲ
2411 5365 2621 5435 ζητεῖτὲ
2658 5380 2722 5433 με
2760 5363 3098 5420 ἀποκτεῖναι,
3125 5356 3409 5424 ἄνθρωπον
3435 5353 3492 5415 ὃς
3524 5353 3618 5423 τὴν
3646 5351 3947 5424 ἀλήθεια-ι

2325 5458 2453 5526 ὑμῖν
2510 5456 2813 5524 λελάληκαο
2851 5471 2868 5502 ›
2919 5450 3031 5502 ἀλλ’
3073 5445 3267 5500 ἐννοῶν
3303 5444 3398 5515 τὴν
3441 5443 3782 5513 οἰκονομίαν,
3840 5451 3957 5500 εί)-

2324 5547 2494 5610 σεεῶς
2559 5546 2713 5615 δέχου
2773 5544 2832 5596 τὸ
2881 5541 3202 5608 λεγόμενον·
3267 5539 3330 5587 ὲκ
3385 5531 3590 5586 τούτων
3635 5534 3748 5604 γὰρ
3819 5539 3954 5608 τῆς

2942 5743 2982 5773 ³⁷
3013 5736 3347 5799 Νομίμων,
3380 5731 3466 5786 31.
3547 5731 3590 5762 ⁸⁸
3618 5728 3777 5785 Joan.
3841 5749 3954 5801 tu,

2417 5751 2460 5781 "°
2492 5749 2642 5803 Joan.
2684 5763 2736 5813 ν,
2776 5745 2862 5798 25.
