4042 6430
117 337 203 391 277

1231 346 1419 413 QUOD
1458 348 1518 403 Β.
1559 350 1773 404 MARIA
1815 352 1922 408 SIT
1964 353 2282 410 DEIPARA.

3274 364 3381 422 278

117 454 354 522 ἑνώσεως
385 462 639 530 μάλιστα
673 464 706 534 ἡ
736 464 1013 535 οἰκονομία
1039 467 1311 523 δείκνυται
1330 488 1346 503 ο
1381 473 1474 525 καὶ
1503 473 1584 527 ὃτι
1608 474 1695 526 κᾶι

1813 476 1993 531 verbis
2043 477 2257 532 unionis
2277 478 2625 547 potissimum
2656 480 2990 549 dispensatio
3020 496 3377 542 monstratur:

114 546 392 614 ἄνθρωπος
426 551 788 624 ὀνομάζηται,
824 556 884 608 οὐ
924 558 1047 628 δίχα
1090 561 1188 628 τῆς
1223 560 1472 632 θεότητος
1501 566 1705 630 ὀφείλει

112 645 437 701 καθ’ἑαυτὸν
457 653 846 721 ὀνομάζεσθαι.
871 657 969 720 Τίς
996 656 1104 726 γὰρ
1125 655 1384 726 τολμήσει
1407 655 1588 723 λέγειν
1613 656 1707 709 άν-

111 738 341 806 ῦρωπον,
375 742 479 794 καὶ
505 743 1013 816 ταῦταένεργήσειν
1031 747 1098 801 τὰ
1113 748 1515 818 προειρημένα;
1561 747 1706 814 λέγω

107 826 160 894 δὴ
186 827 285 897 τὴν
299 828 360 893 ἐξ
375 831 619 902 ούρανοῦ
641 835 941 905 μέλλουσαν
953 837 1171 889 ἔσεσθαι
1191 838 1495 907 παρουσίαν
1515 837 1702 904 αὐτοῦ,

109 919 192 968 καὶ
227 919 334 989 τὴν
376 924 514 991 περὶ
546 924 766 978 πάντων
797 927 1012 980 δικαίαν
1035 927 1245 997 κρίσιν·
1267 927 1359 980 τοῦ
1385 927 1703 999 ἱεροιῖκάλτου

108 1008 343 1075 μάλιστα
358 1012 534 1065 Δαϐὶδ
556 1013 773 1085 ᾅδοντος
791 1032 804 1045 ·
841 1035 860 1068 ι
883 1018 974 1070 Σοὶ
989 1017 1188 1086 πρέπει
1223 1015 1410 1086 ὕμνος,
1426 1019 1453 1070 6
1475 1017 1628 1082 Θεὸς,
1643 1020 1702 1071 ἐν

105 1099 259 1167 Σιὼν,
296 1103 396 1155 καὶ
427 1104 515 1157 σοὶ
561 1106 961 1176 ἀποδοθήσεται
989 1107 1124 1178 εὐχὴ
1152 1109 1210 1160 ἐν
1260 1108 1632 1179 Ἰερουσαλήμ.
1676 1127 1695 1159 ι

106 1192 456 1247 Εἰσάκουσον
497 1198 811 1267 προσευχῆς
832 1215 847 1229 ο
870 1218 887 1249 ι
908 1199 1050 1269 Πρὸς
1083 1200 1142 1251 σέ
1186 1201 1337 1252 πᾶσα
1374 1199 1510 1269 σὰρξ
1525 1200 1696 1267 ἥξει.)

104 1283 164 1334 Τί
192 1285 306 1354 γὰρ
334 1285 532 1357 ἕτερόν
566 1289 714 1340 ἐστιν
745 1288 927 1354 τοῦτο,
959 1290 1072 1342 ἀλλ’
1106 1289 1137 1360 ἦ
1169 1291 1306 1360 ὅπερ
1332 1291 1422 1344 τὸν
1453 1290 1578 1344 Υίὸν
1608 1291 1701 1344 τοῦ

103 1374 401 1443 ἀνθρώπου
439 1379 692 1448 ποιήσειν
725 1381 1158 1451 μεμαθήκαμεν;
1197 1400 1214 1432 ι
1256 1381 1388 1433 Τότε
1429 1380 1558 1452 γάρ,
1601 1399 1704 1453 φη-

105 1465 207 1526 σὶν,
255 1466 488 1519 καθίσει
523 1468 618 1520 ἐπὶ
655 1468 845 1540 θρόνου
873 1469 1031 1540 δόξης
1072 1470 1258 1535 αὑτοῦ,
1298 1471 1394 1524 καὶ
1430 1471 1704 1542 συναχθή-

105 1572 286 1607 σονται
331 1556 657 1626 ἔμπροσθεν
710 1560 874 1613 αὑτοῦ
916 1563 1092 1614 πάντα
1138 1561 1208 1614 τὰ
1248 1560 1401 1632 ἔθνη.
1459 1581 1478 1614 ι
1540 1562 1704 1634 Ὁρᾷς

100 1646 250 1708 ὅπως
278 1646 379 1700 τοῦ
413 1649 586 1702 Δαϐὶδ
617 1650 692 1714 ὡς
739 1651 880 1722 πρὸς
924 1652 1054 1704 Θεὸν
1081 1653 1350 1720 λέγοντος,
1391 1671 1409 1703 ι
1451 1653 1594 1722 Πρὸς
1642 1657 1702 1708 σέ

102 1738 253 1790 πᾶσα
281 1739 434 1807 σὰρξ
463 1741 607 1809 ἥξει,
650 1761 668 1792 ι
704 1745 784 1805 είς
823 1744 913 1796 τὸν
951 1743 1078 1795 Υίὸν
1110 1743 1203 1796 τοῦ
1230 1743 1516 1813 ἀνθρώπου
1541 1745 1700 1797 τοῦτο

1805 576 1859 620 et
1894 567 2056 634 quod,
2079 569 2290 625 etiamsi
2331 570 2493 624 homo
2533 571 2851 640 appelletur,
2878 588 2984 627 non
3042 584 3222 630 tamen
3250 577 3378 632 abs-

1804 667 1908 719 que
1931 654 2214 709 divinitate
2259 671 2501 711 seorsum
2561 674 2658 726 per
2694 673 2754 714 se
2790 659 2951 716 homo
3013 675 3377 734 nuncupatur.

1805 744 1934 810 Quis
1973 746 2117 799 enim
2155 747 2301 802 ausit
2326 749 2505 803 dicere
2535 749 2829 810 hominem.
2867 758 2959 822 qui
2983 753 3161 821 qualia
3215 771 3379 823 supra

1805 835 1943 889 dicta
1974 847 2099 890 sunt
2129 837 2422 894 eli‘ecturus
2452 839 2567 893 sit?
2608 837 2849 895 futurum
2873 842 3124 898 videlicet
3147 844 3213 898 de
3242 846 3381 898 caelo

1802 927 2089 981 adventum
2119 928 2255 995 ejus,
2282 929 2603 1001 iustumque
2654 933 2720 987 de
2754 935 3007 990 omnibus
3066 935 3376 991 faciendum

1796 1015 2081 1084 judicium.
2116 1018 2253 1073 Cum
2303 1022 2603 1090 praesertim
2664 1038 2821 1079 sacer
2881 1026 3163 1094 psalmista
3210 1027 3378 1081 David

1803 1120 2008 1162 canat:
2077 1125 2097 1160 ι
2154 1109 2231 1164 Te
2255 1112 2412 1167 decet
2448 1113 2702 1183 hymnus,
2768 1116 2927 1184 Deus,
2956 1118 3008 1171 in
3071 1118 3277 1184 Sione;
3325 1127 3380 1172 et

1805 1199 1899 1253 tibi
1928 1198 2185 1254 olferetur
2215 1203 2390 1256 oratio
2414 1203 2468 1257 in
2495 1202 2792 1260 Jerusalem
2820 1207 2887 1260 ’°.
2927 1226 2945 1260 ι
3003 1208 3143 1264 Audi
3176 1211 3380 1264 oratio-

1803 1307 1924 1346 nem
1957 1310 1971 1346 :
2012 1311 2031 1344 r
2071 1293 2150 1347 Ad
2199 1301 2250 1348 te
2308 1296 2485 1349 omnis
2537 1311 2668 1352 caro
2719 1299 2984 1354 veniet“.
3019 1319 3038 1353 ι
3075 1301 3210 1366 Quid
3235 1302 3379 1356 enim

1803 1381 1906 1436 hoc
1938 1382 2081 1438 aliud
2097 1393 2202 1447 est,
2239 1400 2397 1454 quam
2433 1384 2575 1454 quod
2608 1385 2810 1441 Filium
2844 1389 3080 1444 hominis
3115 1389 3378 1444 facturum

1803 1486 1924 1526 esse
1947 1472 2269 1528 didicimus?
2303 1493 2320 1526 ι
2377 1476 2527 1532 Τυιιο
2591 1477 2756 1544 enim,
2815 1479 3008 1546 inquit,
3063 1479 3271 1535 sedebit
3325 1479 3379 1533 in

1805 1563 1998 1617 throno
2029 1562 2212 1632 gloria:
2242 1579 2377 1631 sua,
2410 1574 2465 1619 et
2494 1568 2979 1636 congregabuntur
3029 1583 3212 1624 coram
3265 1568 3382 1636 ipso

1802 1666 1992 1707 Omnes
2022 1663 2209 1723 gentes
2238 1655 2304 1710 ".
2344 1675 2361 1708 ι
2389 1655 2600 1721 Viden’,
2626 1657 2896 1727 quomodo
2923 1673 3043 1712 cum
3077 1659 3243 1713 David
3270 1658 3381 1712 Deo

1802 1740 2046 1794 dixerit:
2099 1761 2116 1792 ι
2149 1743 2229 1796 Ad
2259 1754 2310 1798 te
2341 1747 2519 1800 omnis
2571 1761 2699 1800 caro
2757 1748 2955 1813 veniet,
3014 1766 3033 1799 ι
3097 1762 3210 1801 rem
3242 1738 3382 1800 hanc

102 1828 460 1898 πληροῦσθαι
487 1832 683 1900 μέλλον
711 1833 1115 1900 ἀποδέδεικται;
1143 1833 1274 1897 Θεὸς
1297 1830 1388 1887 οῦν
1419 1835 1566 1889 ἐστιν
1593 1837 1695 1905 ἄρα

1807 1828 1858 1882 in
1889 1827 2023 1884 Filio
2046 1831 2278 1885 hominis
2324 1834 2531 1888 exitum
2573 1835 2885 1890 habituram
2948 1837 3379 1889 demonstratum

97 1919 549 1990 ἐνανθρωπήσας
580 1924 608 1973 6
634 1922 700 1974 ἐκ
739 1923 960 1991 Μαρίας
983 1922 1215 1993 τεχθεὶς,
1244 1924 1354 1977 τῶν
1382 1923 1542 1978 θείων
1570 1926 1703 1995 ἡμῖν

98 2009 136 2060 Γ
141 2009 340 2078 ραφῶν
371 2009 539 2063 τοῦτο
576 2011 666 2064 διὰ
697 2012 908 2065 πολλῶν
950 2015 1277 2078 ἀποδείξεων
1315 2015 1560 2087 ἐναργῶς
1604 2018 1703 2086 ὲμ-

96 2101 443 2166 φαινουσῶν.
486 2103 751 2167 Θεοτόκος
789 2104 844 2158 δέ
887 2106 1103 2169 πάντως
1141 2107 1233 2159 καὶ
1277 2106 1414 2176 αῦτη
1452 2109 1483 2177 ἡ
1515 2107 1704 2160 καλλι-

98 2192 400 2261 πάρθενος,
441 2193 548 2246 κᾶν
587 2186 734 2246 οὗτοι
774 2195 848 2266 μὴ
898 2196 1224 2264 βούλωνται·
1256 2198 1304 2249 εξ
1339 2198 1448 2266 γὰρ
1492 2196 1705 2266 ἄνθρω-

95 2299 195 2343 πος
224 2278 300 2352 ἦν
332 2285 362 2335 6
392 2283 458 2347 ἐξ
503 2284 679 2355 αὐτῆς
720 2285 1003 2355 προελθὼν
1041 2284 1246 2351 Ἰησοῦς
1294 2285 1549 2356 Χριστὸς,
1587 2286 1703 2349 πῶς

95 2378 121 2428 6
164 2374 390 2438 Παῦλος
439 2376 710 2440 Γαλάταις
760 2377 1090 2431 ἐπιστέλλων
1125 2377 1361 2446 ἐγραφε’
1403 2396 1420 2428 ι
1482 2377 1699 2440 Παῦλος

96 2466 430 2532 ἀπόστολος,
482 2468 586 2519 οὐκ
634 2469 728 2521 ἀπ’
764 2467 1090 2538 ἀνθρώπων,
1124 2467 1243 2520 οὐδὲ
1276 2467 1342 2522 δι’
1386 2467 1698 2539 ἀνθρώπου,

96 2556 233 2609 ἀλλά
262 2556 360 2608 διὰ
400 2556 583 2626 Ἰησοῦ
615 2556 888 2626 Χριστοῦ;
929 2576 946 2608 ι
979 2558 1148 2628 Δῆλον
1177 2558 1252 2620 ὡς
1283 2558 1383 2612 οὐκ
1416 2558 1702 2630 ἄνθρωπος

101 2648 284 2715 μόνον,
333 2647 480 2700 ἀλλὰ
519 2647 652 2710 Θεὸς
695 2647 1135 2720 ἐνηνθρωπηκώς
1175 2649 1343 2705 ἐστιν.
1390 2651 1482 2721 Μὴ
1523 2651 1702 2704 τοίνυν

101 2735 660 2799 σκανδαλιζέσθωσαν
730 2736 824 2788 ἐπὶ
886 2740 1008 2800 ταῖς
1066 2737 1344 2802 τοιαύταις
1401 2743 1608 2808 φωναῖς
1651 2743 1700 2793 oi

97 2826 451 2891 ἀπαίδευτοι,
499 2825 637 2880 ἀλλά
675 2827 1114 2881 διδασκέσθωσαν
1161 2830 1256 2880 τοῦ
1306 2829 1450 2882 θείου
1494 2848 1700 2901 μυστη-

101 2917 209 2985 ρίου
237 2917 349 2986 τὴν
381 2917 728 2987 οἰκονομίαν,
761 2919 856 2971 καὶ
895 2917 1371 2987 προσκυνείτωσαν
1400 2919 1583 2973 λοιπὸν
1608 2921 1699 2973 τὸν

97 3008 340 3078 Χριστὸν
401 3007 547 3078 μετὰ
602 3006 710 3058 τῶν
758 3007 1009 3074 ἀγγέλων
1058 3011 1154 3061 καὶ
1211 3009 1384 3062 αὐτοί.
1451 3026 1471 3060 ι
1532 3010 1698 3064 Ὅταν

97 3103 220 3170 γὰρ,
254 3099 462 3170 φησιν,
494 3097 771 3169 εἰσαγάγῃ
799 3098 891 3150 τὸν
911 3099 1264 3168 Πρωτότοκον
1298 3102 1379 3161 είς
1398 3100 1496 3171 τὴν
1525 3101 1696 3152 οἰκου-

1806 1919 1914 1972 sit?
1937 1919 2072 1975 Deus
2098 1930 2181 1975 est
2210 1921 2370 1992 igitur
2395 1923 2724 1980 humanatus
2752 1939 2910 1992 quem
2946 1924 3113 1978 Maria
3148 1925 3378 1994 peperit,

1804 2010 2001 2065 divinis
2031 2013 2184 2066 nobis
2229 2014 2529 2082 Scripturis
2581 2031 2694 2071 rem
2756 2018 2896 2071 hanc
2937 2026 3378 2086 argumentorum

1805 2101 2152 2157 multitudine
2172 2103 2452 2159 evidenter
2475 2108 2908 2162 ostendentibus.
2938 2107 3168 2176 Deipara
3199 2117 3379 2160 autem

1804 2193 2023 2246 omnino
2041 2202 2124 2248 est
2154 2193 2266 2261 ipsa
2297 2209 2511 2264 qttoque
2541 2198 2757 2267 egregia
2798 2197 2984 2267 Virgo,
3021 2198 3374 2266 quantumvis

1804 2280 1892 2334 isti
1924 2282 2114 2335 nolint.
2146 2283 2279 2336 Nam
2298 2285 2343 2338 si
2385 2286 2546 2340 homo
2574 2287 2762 2341 fuisset
2791 2288 2880 2355 qui
2913 2302 2978 2341 ex
3032 2288 3144 2356 ipsa
3184 2288 3382 2355 prodiit

1802 2369 1955 2425 Jcsus
1989 2371 2260 2438 Christus,
2289 2375 2559 2441 quomodo
2593 2374 2791 2430 Paulus
2818 2377 2869 2429 in
2904 2376 3144 2448 Epistola
3177 2377 3244 2431 ad
3272 2375 3379 2431 Gai-

1804 2461 1939 2519 latas
1971 2466 2279 2534 scripsisset
2306 2482 2324 2521 :
2361 2484 2378 2518 ι
2410 2467 2610 2523 Paulus
2647 2469 2940 2537 apostolus,
2966 2485 3074 2524 non
3107 2469 3174 2526 ab
3199 2470 3380 2523 homi-
3458 2486 3466 2493 ·

1804 2557 1984 2621 nibus,
2011 2574 2182 2628 neque
2203 2575 2303 2628 per
2353 2560 2650 2627 hominem,
2705 2562 2799 2616 sed
2865 2576 2960 2630 per
3006 2560 3189 2616 Jesum
3222 2561 3381 2618 Chri-

1804 2659 1944 2704 stum
1966 2650 2047 2703 “‘2
2082 2668 2102 2702 ι
2135 2650 2298 2705 Plane
2320 2660 2462 2718 patet
2494 2667 2601 2705 non
2628 2667 2752 2710 esse
2808 2653 3088 2708 hominem
3145 2662 3378 2707 tantum-

1804 2745 1980 2809 modo,
2004 2743 2095 2798 sed
2124 2745 2286 2798 Deum
2315 2746 2692 2798 humanatum.
2755 2745 2832 2798 Ne
2878 2759 3007 2813 ergo
3053 2743 3136 2797 his
3153 2742 3376 2796 vocibus

1802 2835 2229 2889 scandalizentur
2265 2835 2599 2901 indocti,sed
2630 2833 2793 2889 divini
2833 2833 3074 2904 mysterii
3097 2833 3381 2901 dispensa-

1805 2925 2003 2979 tionem
2034 2926 2266 2992 discant,
2299 2927 2632 2993 adorentque
2702 2926 2956 2994 deinceps
2994 2923 3268 2979 Christum
3323 2931 3386 2977 et

1801 3014 1902 3082 ipsi
1933 3029 2052 3068 cum
2097 3015 2318 3084 angelis.
2359 3014 2561 3086 144]
2597 3034 2614 3067 ι
2661 3015 2793 3070 Cum
2839 3014 3006 3077 enim,
3049 3014 3244 3083 inquit,
3301 3011 3379 3066 in.

1802 3104 2033 3158 troducit
2075 3102 2497 3173 Primogenitum
2531 3106 2582 3157 in
2619 3106 2900 3168 mundum,
2963 3104 3136 3159 dicit:
3175 3103 3240 3157 Et
3290 3102 3380 3156 ad-

99 3193 305 3262 μένην,
356 3189 549 3256 λέγει·
592 3190 703 3241 Καὶ
732 3190 1269 3260 προσκυνησάτωσαν
1302 3191 1450 3260 αὐτῷ
1497 3192 1695 3255 πάντες

1799 3204 1956 3251 orent
1983 3211 2105 3250 eum
2129 3197 2304 3267 angeli
2335 3196 2512 3260 Dei“;
2548 3215 2566 3248 ι
2593 3205 2647 3251 et
2677 3210 2722 3249 ιι
2745 3195 2799 3250 ln
2835 3195 3055 3250 nomine
3071 3195 3196 3249 Jesu
3216 3211 3378 3251 omne

96 3284 322 3352 ἄγγελοι
339 3281 485 3334 Θεοῦ
504 3297 517 3311 ·
547 3299 567 3333 ι
593 3283 706 3347 καὶ,
727 3301 745 3333 ‹
771 3283 858 3334 Ἐν
870 3281 946 3352 τῷ
958 3282 1246 3353 ὀνόματιδέ
1263 3282 1438 3353 Ἰησοῦ
1460 3284 1696 3354 Χριστοῦ

97 3378 195 3429 πᾶν
231 3378 372 3442 γόνυ
406 3373 624 3444 κάμψει
656 3375 997 3444 ἐπουρανίων
1043 3374 1138 3427 καὶ
1182 3374 1438 3443 ἐπιγείων
1467 3375 1561 3430 καὶ
1601 3393 1700 3430 κα-

96 3463 432 3533 ταχθονίων⁹
483 3466 578 3516 καὶ
628 3465 780 3516 πᾶσα
813 3463 1034 3531 γλῶσσα
1082 3465 1560 3537 ἐξομολογήσεται,
1615 3469 1696 3522 ὅτι

95 3555 304 3626 Κύριος
355 3555 575 3625 Ἰησοῦς
620 3555 858 3623 Χριστὸς
900 3557 979 3617 εἰς
1013 3555 1171 3622 δόξαν
1217 3556 1352 3610 Θεοῦ
1398 3559 1630 3630 Πατρός.
1672 3579 1691 3611 ι

95 3646 623 3716 Μνημονεύετωσαν
659 3645 896 3716 Χριστὸν
943 3647 1145 3716 Ἰησοῦν
1174 3647 1377 3718 Κύριον
1407 3649 1697 3719 ὁμολογού-

99 3754 282 3804 μενον,
339 3739 443 3790 καὶ
491 3735 569 3806 μὴ
598 3736 1056 3807 ταραττέσθωσαν
1099 3739 1228 3792 ὅταν
1274 3738 1563 3810 ἄνθρωπον
1608 3739 1697 3794 διὰ

94 3829 186 3898 τὴν
229 3828 562 3897 οἰκονομίαν
605 3827 897 3881 ἀκούωσιν.

162 3921 249 3973 ιθ¹.
299 3919 470 3972 Οὕτω
503 3919 801 3973 νοείτωσαν
829 3920 924 3973 καὶ
964 3919 1032 3973 τά
1061 3921 1149 3975 διά
1175 3939 1296 3974 τινα
1341 3921 1531 3992 χρείαν
1557 3922 1590 3993 ἢ
1619 3925 1694 3976 οξ-

93 4012 360 4082 κονομίαν
386 4029 460 4064 πε
470 4012 524 4082 pi.
546 4012 712 4064 αὑτοῦ
740 4010 1007 4082 εἰρημένα
1026 4029 1040 4044 ·
1066 4010 1177 4066 οἷόν
1202 4015 1350 4066 ἐστιν
1378 4014 1472 4066 καὶ
1497 4013 1556 4066 τὸ
1588 4014 1693 4067 ὑπὸ

95 4107 303 4173 Πέτρου
362 4105 464 4159 τοῦ
517 4103 819 4158 ἀποστόλου
871 4103 1196 4174 λεγόμενον·
1233 4123 1252 4156 ι
1300 4104 1507 4175 Ἰησοῦν
1557 4104 1686 4176 γὰρ,

93 4198 282 4266 φησὶν,
311 4197 409 4251 τὸν
435 4194 765 4266 Ναζωραῖον
789 4194 958 4264 ἄνδρα
979 4195 1432 4265 ἀποδεδειγμένον
1463 4195 1570 4248 ἀπὸ
1594 4195 1689 4248 τοῦ

94 4288 220 4340 Θεοῦ
255 4292 341 4354 εἰς
373 4289 549 4358 ὑμᾶς,
588 4306 607 4338 ι
643 4287 780 4358 πρὸς
821 4286 1110 4350 Ἰουδαίους
1134 4287 1516 4357 διαλεγόμενος
1539 4291 1566 4341 6
1589 4287 1691 4340 Πέ-

92 4397 249 4449 τροςυ
286 4381 400 4451 χρὴ
432 4379 544 4448 γὰρ
570 4378 662 4430 τὸν
687 4381 803 4440 τοῖς
837 4376 1002 4441 θείοις
1033 4377 1228 4445 Λόγοις
1267 4378 1683 4448 ἐντυγχάνοντα,

92 4476 182 4526 καὶ
227 4475 301 4529 τὰ
332 4471 613 4543 πρόσωπα
644 4470 898 4539 θεωρεῖν,
943 4470 1039 4522 καὶ
1081 4469 1173 4523 τὸν
1217 4470 1430 4540 χρόνον,
1463 4471 1555 4522 καὶ
1598 4469 1685 4521 διὰ

1801 3298 1936 3354 genu
1968 3282 2214 3339 ﬂectatur
2264 3285 2592 3349 caelestium,
2646 3286 2987 3340 terrestrium
3023 3294 3077 3338 et
3133 3284 3378 3340 inferno-

1799 3390 1960 3429 rum:
1993 3374 2440 3444 etomnisliugua
2471 3378 2791 3430 conﬁteatur
2849 3377 3133 3430 Dominum
3190 3374 3374 3432 Jesunt

1797 3465 2073 3522 Christum
2109 3466 2162 3522 in
2184 3466 2351 3535 gloria
2382 3481 2502 3521 esse
2546 3464 2642 3522 Dei
2673 3465 2848 3520 Patris
2875 3466 2944 3522 ’⁵.
2981 3484 2998 3518 ι
3029 3465 3376 3520 Meminerint

1798 3557 2070 3611 Christum
2109 3555 2287 3611 Jesum
2319 3556 2589 3611 communi
2635 3571 2897 3612 consensu
2957 3555 3242 3610 Dominum
3293 3556 3376 3610 di-

1797 3655 1965 3712 ctum,
2005 3662 2181 3717 neque
2220 3648 2634 3712 conturbentur,
2675 3663 2797 3702 cum
2835 3661 2956 3701 eum
2990 3648 3262 3702 hominem
3291 3661 3374 3708 se.-

1798 3739 2030 3792 cundum
2061 3737 2519 3797 dispensationem
2557 3746 2806 3793 vocatum
2839 3737 3086 3792 audiunt.

1870 3913 1955 3968 l9.
1987 3913 2078 3968 Sic
2130 3923 2184 3970 et
2239 3915 2355 3969 alia:
2387 3912 2685 3970 locutiones
2717 3913 3078 3984 intelligenda:
3104 3921 3229 3968 sunt
3271 3927 3374 3981 pro

1799 4007 1874 4060 rei
1912 4017 2051 4061 natae
2085 4022 2181 4062 usu
2213 4016 2267 4060 et
2306 4005 2711 4075 dispensatione
2767 4006 2946 4070 dictae,
2991 4005 3152 4059 veluti
3207 4005 3372 4059 etiam

1797 4097 1942 4153 Petri
1971 4097 2096 4151 illttd
2126 4096 2355 4167 apostoli
2386 4095 2604 4151 elfatum
2627 4104 2746 4151 est:
2776 4113 2792 4146 ι
2817 4092 3001 4150 Jesum
3032 4095 3177 4148 enim
3199 4092 3373 4148 Naza-

1796 4204 1984 4243 renum
2045 4189 2219 4241 virum
2264 4188 2616 4256 approbatum
2662 4203 2690 4240 a
2755 4186 2865 4240 Deo
2910 4186 3049 4240 inter
3083 4199 3198 4250 vos,
3241 4202 3261 4235 ι
3296 4184 3372 4238 ait

1794 4278 2006 4332 Judaeos
2038 4278 2315 4346 alloquens
2339 4276 2532 4332 Petrus
2572 4277 2638 4330 ⁰⁶.
2666 4276 2890 4345 Oportet
2912 4275 3056 4329 enim
3080 4275 3148 4329 ab
3171 4291 3254 4339 eo.
3277 4275 3368 4344 qui

1795 4369 1992 4426 divinis
2024 4370 2244 4424 Litteris
2275 4371 2465 4437 utitur,
2491 4379 2546 4424 et
2564 4384 2822 4439 personas
2852 4368 3107 4437 spectari,
3131 4377 3186 4422 et
3239 4378 3368 4422 tem-

1795 4477 1915 4530 pus,
1945 4470 1998 4515 et
2024 4476 2184 4530 quam
2215 4462 2284 4516 ob
2314 4476 2531 4516 causam
2566 4461 2794 4529 quodvis
2824 4460 3061 4525 dicatur,
3099 4459 3354 4528 reputari.

93 4568 251 4618 ποίαν
283 4536 482 4619 αἰτίαν
507 4562 744 4615 ἕκαστον
763 4536 1015 4631 εἴρηται,
1037 4536 1384 4628 λογίζεσθαι·
1411 4559 1552 4612 οὕτω
1579 4559 1690 4630 γὰρ

1799 4555 1886 4608 Sic
1911 4555 2054 4608 enim
2079 4553 2308 4622 singulis
2338 4552 2495 4606 dictis
2513 4553 2922 4607 convenientem
2952 4551 3366 4606 accommodare

93 4656 309 4725 ἑκάστῳ
346 4651 505 4724 ρητῷ
533 4651 636 4720 τὴν
660 4649 978 4719 πρέπουσαν
1012 4649 1324 4719 ἐφαρμόσαι
1349 4649 1580 4719 θεωρίαν
1607 4665 1692 4712 τις

93 4750 153 4818 τῇ
188 4746 284 4800 τοῦ
337 4744 664 4813 Πνεύματος
696 4740 988 4811 δυνήσεται
1040 4741 1243 4810 χάριτι.
1295 4741 1445 4792 Ἐπεὶ
1468 4735 1561 4792 οὖν
1594 4740 1690 4792 καὶ

91 4838 245 4892 τοῦτο
288 4839 352 4891 τὸ
408 4835 581 4908 ῥητὸν
631 4833 831 4885 ἐκεῖνοι
881 4830 1020 4901 πρὸς
1063 4830 1319 4883 σύστασιν
1368 4833 1467 4900 τῆς
1511 4830 1690 4883 αὐτῶν

92 4930 414 4993 δυσσεϐείας
432 4925 859 4997 προϐάλλονται,
887 4923 1120 4993 εἴδωμεν
1135 4922 1190 4974 τί
1219 4923 1414 4992 δήποτε
1433 4923 1461 4974 6
1485 4923 1688 4993 Πέτρος

92 5023 456 5092 οἰκονομῆσαι
493 5015 843 5088 βουλόμενος,
868 5014 1009 5067 οὓτω
1036 5013 1331 5083 λελάληκεν
1352 5031 1364 5041 ·
1402 5013 1602 5084 μᾶλλον
1627 5013 1682 5066 δὲ

91 5115 251 5166 αὐτὸν
294 5109 756 5182 ἐπερωτήσωμεν
787 5105 887 5176 τὴν
917 5105 1096 5158 αἰτίαν
1130 5105 1380 5173 ἀγγεῖλαι
1414 5107 1565 5176 ἡμῖν,
1613 5106 1680 5157 δι’

96 5208 152 5274 ἣν
191 5205 338 5256 οὕτω
383 5203 573 5270 λέγειν
606 5199 858 5270 προήχθη
879 5215 893 5229 ·
923 5198 974 5250 τί
1008 5197 1136 5267 φὴς,
1165 5190 1209 5249 ὦ
1243 5196 1516 5266 μακάριες
1556 5198 1682 5250 Ἀν-

94 5295 312 5361 θρωπον
346 5292 649 5363 κηρύττεις
676 5291 767 5342 τὸν
794 5287 1050 5359 Χριστὸν,
1079 5287 1173 5339 καὶ
1199 5285 1372 5357 τούτῳ
1400 5286 1681 5340 πιστεύειν

95 5387 236 5453 ἡμᾶς
284 5381 642 5444 ἀναπείθεις,
693 5380 782 5432 ἵνα
817 5377 1076 5448 κτίσματι
1104 5377 1389 5448 λατρεύειν
1428 5376 1676 5447 διδάξῃς;

97 5477 199 5528 Καὶ
235 5476 343 5544 μὴν
372 5474 568 5542 ἔτερος
599 5469 897 5532 ἀπόστολος
938 5468 1212 5540 μέμφεται
1243 5468 1368 5531 τοὺς
1399 5470 1464 5537 τῇ
1506 5469 1678 5520 κτίσει

160 5686 206 5716 ’⁸
236 5682 382 5737 Psal.
411 5693 559 5744 utv,
583 5677 639 5732 2.
717 5677 760 5708 "
794 5675 922 5730 ibid.
956 5675 1009 5728 5.
1052 5676 1096 5706 ”
1129 5673 1317 5730 Matth.
1349 5687 1473 5744 xxv,
1509 5674 1593 5744 51,
1622 5674 1710 5729 52.

98 5758 142 5788 ’⁸
166 5758 276 5810 Ac.
345 5769 401 5819 ll,
439 5743 551 5805 2‘2.
615 5748 660 5780 ⁸⁷
687 5747 846 5802 ῐὶοιιι.
887 5761 924 5814 ι,
952 5746 1022 5799 9.5
1052 5764 1065 5814 ;
1103 5746 1224 5802 Act.
1251 5759 1364 5813 λιν,
1391 5743 1472 5796 14.

1795 4659 2012 4699 sensum
2046 4643 2310 4712 quispiam
2345 4656 2466 4696 cum
2498 4640 2733 4709 Spiritus
2773 4642 2946 4709 gratia
2982 4641 3200 4707 poterit.
3227 4639 3362 4705 Quia

1796 4736 1958 4804 igitur
1991 4737 2128 4789 hanc
2157 4747 2373 4803 quoque
2403 4733 2729 4787 locutionem
2762 4732 2837 4786 illi
2871 4731 2938 4784 ad
2969 4730 3363 4800 suatirreligio‘

1793 4828 1967 4882 sitatis
1991 4825 2455 4882 conﬁrmationem
2485 4823 2770 4891 objiciunt,
2797 4823 3076 4877 videamus
3105 4821 3362 4890 quidnam

1793 4920 1987 4974 Petrus
2011 4919 2165 4986 juxta
2195 4915 2615 4986 dispensationis
2658 4914 2872 4984 regulas
2907 4913 3211 4984 signiﬁcare
3267 4928 3362 4965 vo-

1793 5011 1928 5073 lens,
1962 5011 2032 5062 ita
2065 5009 2278 5064 locutus
2305 5008 2396 5061 sit.
2444 5006 2554 5060 lmo
2595 5019 2720 5058 vero
2753 5005 2820 5058 ah
2845 5017 2909 5058 eo
2953 5016 3259 5069 quaeramus
3303 5008 3362 5053 ut

1790 5116 1890 5155 nos
1915 5101 2121 5165 doceat,
2144 5113 2388 5168 quamam
2421 5111 2542 5150 eum
2564 5109 2723 5150 causa
2767 5095 2832 5148 ad
2861 5094 2912 5149 id
2965 5091 3164 5147 dictum
3192 5093 3360 5160 impu-

1788 5190 1929 5245 lerit.
1958 5191 2096 5256 Quid
2125 5189 2226 5256 ais,
2261 5203 2293 5243 ο
2323 5187 2514 5242 beate?
2554 5184 2837 5239 Hominem
2900 5183 3157 5252 praedicas
3201 5182 3358 5271 Clbri-

1786 5293 1951 5347 stum,
1985 5292 2145 5352 atque
2173 5291 2230 5334 ut
2260 5281 2383 5334 huic
2412 5282 2694 5335 credamus
2719 5278 2936 5341 suades,
2967 5285 3024 5329 ut
3051 5284 3354 5328 creaturam

1785 5376 2012 5429 adorare
2041 5389 2137 5428 nos
2167 5371 2396 5427 doceas?
2422 5371 2581 5440 Atqui
2612 5369 2748 5422 alius
2790 5365 3078 5436 Apostolus
3107 5365 3354 5432 increpat

1784 5483 1896 5530 cos,
1928 5466 2016 5535 qui
2041 5473 2302 5520 creatura)
2335 5461 2536 5517 cultum
2559 5460 2741 5516 volunt
2764 5459 3018 5515 exhibere
3036 5457 3103 5513 ³⁷.
3128 5454 3356 5510 Praeter-

1789 5676 1831 5706 ’³
1869 5671 2041 5728 Galat.
2073 5688 2108 5735 ι,
2142 5673 2187 5726 l.
2267 5669 2309 5700 ⁹¹⁵
2333 5667 2492 5725 Hebr.
2526 5683 2562 5732 ι,
2590 5667 2641 5722 6.
2719 5664 2762 5697 ⁸⁵
2788 5661 3015 5732 Philipp.
3041 5675 3100 5726 tt,
3137 5659 3219 5724 l0,
3268 5657 3352 5712 11.
