4042 6444
634 347 738 402 9.79

1628 345 1685 401 S.
1731 345 2002 401 CYRILLI
2041 348 2510 409 ALEXANDRINI
2551 355 2871 413 AﬂCHlEP.

3783 358 3894 414 280

634 480 696 518 ea
754 462 1024 533 quomodo
1052 465 1170 537 ipse
1194 479 1224 518 a
1242 463 1461 522 Christo
1496 463 1883 536 interrogatus,
1907 481 2199 535 quemnam

2311 471 2594 544 λατρεύειν
2624 476 2903 540 ἐθέλοντας
2927 518 2940 529 .
2966 472 3099 532 Εττα
3125 481 3239 543 πῶς
3265 481 3738 553 αὐτὸςέρωτηθεὶς
3761 481 3895 550 παρ’

633 555 977 610 existimares
1005 569 1125 611 esse
1154 553 1346 610 Filium
1375 556 1628 621 hominis,
1666 559 1989 626 respondisti
2024 577 2039 615 :
2082 579 2099 611 ι
2126 561 2206 614 Tu

635 663 690 700 es
721 645 888 700 Filius
902 645 994 702 Dei
1023 645 1277 701 viventis?
1304 666 1323 698 ι
1368 647 1631 716 siquidem
1655 663 1717 704 ea
1755 659 1882 704 tunc
1914 649 2208 721 interroga-

632 737 710 789 tio
737 735 804 788 iis
837 735 928 802 qui
962 751 1069 791 non
1093 736 1227 792 satis
1255 737 1676 806 dispensationis
1699 741 2015 814 mysterium
2049 759 2210 798 nove-

633 832 776 888 rant,
824 822 1056 879 fortasse
1125 823 1359 894 aliquam
1427 825 1739 896 bujusmodi
1817 830 2205 898 cogitationem

631 914 856 981 injicere
882 923 1118 984 poterat,
1147 929 1340 984 nempe
1375 925 1435 970 ut
1472 931 1596 971 eum
1630 917 1904 978 hominem
1937 935 2060 978 esse
2107 937 2208 977 ex-

630 1008 937 1064 istimarent
967 1027 979 1064 :
1011 1027 1031 1061 ι
1068 1009 1369 1076 Quemnam
1399 1011 1565 1076 enim,
1602 1012 1696 1078 ait,
1728 1013 1973 1072 homines
2021 1015 2208 1074 dicunt

628 1115 748 1155 esse
769 1101 962 1156 Filium
991 1101 1228 1157 hominis
1250 1103 1339 1156 ’5?
1365 1120 1384 1154 ι
1423 1102 1573 1159 Tunc
1603 1103 1767 1173 igitur
1821 1121 1946 1160 cum
1992 1107 2206 1165 audires

629 1191 803 1258 ipsum
833 1205 953 1248 esse
986 1191 1180 1247 Filium
1205 1193 1465 1258 hominis,
1493 1193 1589 1248 Dei
1613 1193 1810 1248 Filium
1840 1209 1962 1251 esse
1987 1210 2206 1265 respon-

628 1280 790 1348 disti;
835 1296 978 1336 nunc
1014 1297 1168 1348 vero,
1203 1292 1325 1352 post
1378 1292 1456 1338 tot
1490 1283 1721 1338 aliorum
1769 1286 1941 1340 visam
1965 1287 2201 1341 miracu-

627 1372 798 1425 lorum
832 1372 1148 1441 potentiam,
1180 1381 1462 1443 postquam
1522 1375 1696 1430 beata:
1736 1373 1974 1442 ejusdem
2023 1391 2201 1432 resur-

629 1463 885 1532 rectionis
901 1473 957 1519 et
983 1464 1037 1518 in
1069 1464 1265 1520 malum
1298 1467 1503 1522 reditus
1533 1466 1686 1522 testis
1723 1467 1895 1536 fuisti,
1924 1469 2198 1524 hominem

627 1553 802 1623 ipsum
843 1555 1017 1610 dicis?

695 1644 786 1700 20.
823 1642 936 1701 Nec
970 1648 1256 1718 quisquam
1288 1650 1586 1716 existimet,
1612 1653 1916 1707 tuncetiam
1946 1660 2197 1723 tanquam

627 1737 691 1790 de
719 1738 935 1792 homine
952 1740 1192 1808 potuisse
1221 1740 1287 1795 de
1311 1742 1404 1797 illo
1431 1740 1636 1809 dicere,
1687 1762 1707 1796 ι
1743 1744 1820 1800 Tu
1849 1760 1908 1800 es
1949 1744 2198 1801 Christus

2314 563 2504 629 αὑτοῦ,
2541 566 2662 619 τίνα
2704 567 2954 637 ἐνόμιζες
2988 565 3128 623 εἶναι
3163 571 3253 624 τὸν
3287 572 3416 628 Υἰὸν
3449 572 3544 624 τοῦ
3577 571 3893 642 ἀνθρώπου,

2309 656 2636 728 ἀπεκρίθης,
2669 677 2687 708 ι
2723 659 2793 711 Σὺ
2826 657 2877 713 εἴ
2899 662 3314 724 ὁΥίὸςτοῦΘεοῦ
3336 663 3432 716 τοῦ
3451 663 3683 727 ζῶντοςς
3719 684 3738 716 ι
3765 661 3893 716 καί-

2309 761 2388 797 τοι
2419 747 2542 801 τότε
2575 751 2607 818 ή
2643 747 2832 813 πεῦσις
2857 753 2970 812 τοῖς
3001 751 3074 821 μὴ
3127 752 3331 822 σφόδρα
3363 753 3528 805 εἰδόσι
3557 753 3656 821 τῆς
3685 753 3895 804 οίκονο-

2312 835 2442 906 μίας
2467 839 2528 890 τὸ
2571 841 2890 910 μυστήριον,
2947 841 3086 910 τάχα
3115 842 3208 895 καί
3237 859 3356 894 τινα
3389 840 3646 911 τοιαύτην
3677 840 3894 892 ἔννοιαν

2308 927 2554 996 ἐμποιεῖν
2589 928 2842 997 ἠδύνατο,
2877 929 3021 996 λέγω
3049 929 3114 1001 δὴ
3139 931 3200 982 τὸ
3222 929 3510 1000 ἄνθρωπον
3539 930 3703 982 αὐτὸν
3733 929 3894 998 νομί-

2310 1033 2431 1073 σαι’
2464 1037 2482 1070 ι
2513 1017 2649 1075 Τίνα
2675 1021 2803 1090 γὰρ,
2833 1020 3039 1088 ἔλεγεν,
3069 1023 3118 1073 ot
3151 1020 3246 1074 ἄνθ
3259 1037 3430 1090 ρωποι
3462 1020 3715 1088 λέγουσιν
3743 1014 3894 1074 εῖναι

2305 1111 2396 1164 τὸν
2432 1111 2560 1162 Υἱὸν
2590 1111 2684 1164 τοῦ
2731 1111 3055 1181 ἀνθρώπου;
3092 1130 3111 1166 ο
3155 1112 3266 1166 Καὶ
3309 1112 3431 1165 τότε
3481 1112 3581 1180 μὲν
3625 1111 3754 1164 Υίὸν
3783 1112 3892 1163 ἀν-

2307 1198 2523 1269 θρώπου
2551 1201 2765 1253 ἀκούων
2791 1201 2975 1264 αὑτὸν,
3007 1202 3099 1254 τὸν
3123 1202 3250 1254 Υἱὸν
3271 1201 3365 1254 τοῦ
3395 1201 3530 1254 Θεοῦ
3559 1201 3724 1253 αὑτὸν
3745 1199 3893 1252 εἶναι

2305 1287 2520 1356 ἔλεγεςο
2559 1289 2649 1342 νῦν
2675 1291 2732 1343 δὲ
2761 1292 2898 1361 μετὰ
2926 1292 2988 1344 τὸ
3019 1291 3194 1345 ἄλλων
3237 1290 3446 1343 πολλῶν
3486 1290 3730 1360 σημείων
3757 1289 3893 1345 θεά·

2308 1379 2502 1433 σασθαι
2530 1381 2757 1453 δύναμιν
2783 1423 2797 1446 ,
2853 1384 2993 1452 μετὰ
3039 1382 3101 1435 τὸ
3141 1384 3235 1436 καὶ
3266 1383 3363 1452 τῆς
3413 1383 3686 1452 μακαρίας
3715 1382 3888 1435 αὑτοῦ

2305 1471 2689 1537 ἀναστάσεως,
2728 1473 2946 1542 καὶτῆς
2991 1473 3072 1535 είς
3108 1472 3335 1541 οὐρανὸν
3375 1472 3562 1524 ἀνόδου
3609 1473 3666 1523 έν
3715 1471 3892 1541 πείρᾳ

2304 1563 2576 1631 γενέσθαι,
2609 1564 2895 1634 ἄνθρωπον
2920 1564 3082 1617 αὑτὸν
3109 1559 3249 1617 εῖναι
3275 1563 3456 1631 λέγεις

2374 1659 2444 1706 κ’.
2485 1651 2595 1704 Καὶ
2629 1653 2702 1722 μή
2732 1669 2816 1717 τις
2844 1652 3040 1706 οἰέσθω
3072 1653 3333 1706 δύνασθαι
3365 1655 3460 1707 καὶ
3480 1653 3602 1705 τότε
3632 1651 3709 1714 ὡς
3751 1650 3892 1721 περὶ

2301 1743 2589 1814 ἀνθρώπου
2623 1743 2802 1811 λέγειν
2831 1743 2993 1796 αὑτὸν
3020 1743 3102 1807 τὸ,
3146 1761 3163 1794 ι
3195 1743 3267 1796 Σὺ
3300 1738 3351 1795 εῐ
3374 1745 3401 1797 ὁ
3429 1742 3665 1813 Χριστὸς
3690 1742 3719 1794 ό
3753 1741 3891 1804 Υίὸς

626 1830 718 1897 qui
751 1841 809 1881 es
847 1828 1018 1886 Filius
1050 1829 1145 1886 Dei
1189 1832 1445 1901 viventis,
1487 1853 1506 1886 ι
1555 1836 1991 1906 quandoquidem
2027 1839 2197 1893 sancti

2311 1833 2396 1887 τοῦ
2428 1833 2561 1886 Θεοῦ
2594 1833 2687 1886 τοῦ
2718 1832 2920 1896 ζῶντος
2945 1874 2959 1900 ,
2993 1852 3012 1884 ι
3047 1833 3122 1896 ὼς
3152 1833 3246 1886 καὶ
3279 1833 3386 1887 τῶν
3413 1833 3581 1902 ἁγίων
3611 1848 3893 1902 χρηματι-

626 1937 841 1992 quoque
864 1923 1111 1977 homines
1137 1923 1232 1977 filii
1263 1924 1353 1980 Dei
1381 1935 1526 1980 sunt.
1551 1925 1668 1982 Non
1691 1927 1836 1980 enim
1887 1927 2205 1995 simpliciter

627 2013 781 2077 dixit,
812 2012 889 2066 'l'u
910 2028 969 2068 es
993 2012 1162 2068 Filius
1193 2013 1316 2079 Dei;
1346 2017 1463 2081 sed,
1501 2035 1519 2068 ι
1562 2015 1640 2069 Τιι
1673 2031 1753 2081 es,
1777 2018 1866 2085 qui
1895 2017 2065 2074 Filius
2109 2018 2202 2075 Dei

629 2119 708 2158 es.
745 2123 763 2154 ι
809 2103 1051 2173 Namque
1087 2104 1301 2159 articuli
1331 2105 1552 2175 (Graeci)
1596 2107 1826 2176 adjectio
1877 2123 2042 2162 unum
2106 2109 2202 2163 de-

628 2205 896 2252 monstrat
921 2197 1257 2269 unicumque
1279 2210 1465 2251 verum
1506 2197 1701 2252 Filium
1738 2197 2079 2253 confessione
2110 2199 2206 2254 Pe-

626 2289 692 2342 tri
726 2288 987 2344 denotari.
1048 2287 1184 2343 Huic
1220 2289 1434 2342 demum
1496 2289 1782 2358 objectioni
1843 2289 1956 2359 ipse
2014 2289 2203 2346 beatus

625 2379 817 2433 Petrus
851 2379 933 2434 his
953 2379 1064 2433 fere
1093 2379 1272 2434 verbis
1303 2381 1434 2436 mihi
1481 2380 1694 2434 videtur
1727 2395 2015 2436 occurrere
2061 2399 2073 2432 :
2124 2380 2202 2434 Ne

628 2486 714 2526 me
749 2472 824 2525 ita
861 2472 1094 2526 locutum
1123 2471 1346 2540 putetis,
1399 2471 1556 2542 quasi
1593 2485 1735 2526 unus
1793 2471 1858 2525 de
1923 2472 2075 2526 vobis
2131 2470 2204 2526 sit

627 2565 791 2620 homo
816 2563 1084 2618 Christus.
1115 2563 1269 2617 Haud
1316 2563 1368 2617 id
1421 2563 1672 2632 equidem
1741 2563 1884 2626 dico,
1940 2563 2034 2618 sed
2087 2577 2200 2618 rem

627 2655 818 2708 miram
871 2665 925 2709 et
969 2655 1298 2724 insperatam
1359 2655 1622 2724 prudente
1697 2668 1950 2709 sermone
2000 2655 2198 2710 revelo.

625 2745 884 2810 Quasnam
919 2761 1044 2800 vero
1064 2747 1177 2801 haec
1207 2747 1324 2801 est?
1351 2745 1588 2815 Spiritus
1649 2746 2039 2802 descendentis
2093 2748 2202 2803 fra-

625 2851 754 2904 gore
775 2836 981 2900 audito,
1008 2835 1319 2892 Iudaeorum
1367 2837 1598 2907 populus
1633 2837 1700 2891 ad
1737 2854 1836 2892 nos
1864 2840 2101 2893 accurrit
2130 2841 2197 2894 ”.

627 2926 768 2996 Ergo
829 2928 1079 2985 idoneum
1136 2929 1383 2996 piscandi
1436 2928 1684 2984 homines
1738 2939 1949 2998 tempus
1986 2940 2198 2994 nactus,

628 3034 803 3088 neque
839 3027 1013 3073 tamen
1038 3019 1227 3073 valens
1280 3019 1566 3075 manifesto
1608 3021 1920 3089 directoque
1953 3037 2203 3076 sermone

625 3111 898 3164 Christum
929 3110 1091 3166 Deum
1121 3111 1441 3180 praedicare,
1497 3111 1622 3180 quia
1680 3111 1754 3166 illi
1786 3111 1994 3165 scilicet
2041 3111 2201 3179 paqu
2225 3149 2270 3208 ϐ

626 3210 751 3254 ante
780 3201 922 3255 hunc
944 3202 1351 3266 crucifixerant,
1410 3200 1809 3270 molestumque
1869 3202 1977 3258 illis
2014 3203 2200 3273 hujus-

627 3292 768 3346 modi
815 3293 1086 3360 negotium
1145 3292 1454 3357 accidisset,
1516 3292 1653 3359 celo,
1697 3294 1891 3363 inquit,
1935 3293 2203 3348 sermonis

627 3384 867 3450 hamum,
904 3383 1062 3440 sicuti
1101 3383 1158 3436 fit
1186 3381 1398 3450 objecta
1423 3382 1658 3452 piscibus
1694 3398 1843 3452 esca,
1876 3384 1978 3439 sub
2009 3387 2200 3439 horum

627 3474 914 3536 verborum
957 3472 1278 3536 humilitate,
1301 3483 1354 3527 et
1381 3471 1563 3527 Jesum
1589 3471 1934 3527 Nazarenum
1979 3475 2204 3528 nomino

626 3575 787 3634 atque
831 3563 1174 3630 crucifixum,
1211 3573 1262 3618 ct
1293 3567 1436 3636 quod
1475 3566 1617 3620 Deus
1662 3565 1837 3632 ipsum
1886 3580 1917 3619 e
1975 3567 2204 3619 mortuis

625 3654 988 3720 suscitaverit;
1012 3662 1174 3724 atque
1203 3655 1275 3708 ita
1307 3670 1412 3708 non
1444 3656 1561 3710 sine
1595 3655 1860 3709 velamine
1894 3655 2081 3724 iugero
2105 3671 2204 3711 uec

626 3749 743 3802 sine
768 3757 884 3802 arte
913 3749 1146 3818 quadam
1185 3746 1540 3816 theologicam
1580 3747 1725 3801 illius
1789 3747 2061 3801 notitiam.
2113 3747 2204 3800 Et-

625 3841 772 3895 enim
799 3837 1015 3894 Davidis
1055 3837 1219 3892 verba
1255 3838 1308 3891 in
1343 3847 1581 3892 mentem
1613 3838 1746 3906 ipsis
1797 3852 2013 3903 revoco,
2066 3854 2205 3907 quo-

627 3930 773 3984 niam
797 3929 897 3983 viri
929 3928 1073 3984 illius
1102 3929 1280 3997 p0tius
1333 3927 1554 3983 oracula
1597 3928 1714 3982 sine
1771 3928 2082 3995 suSpicione
2117 3932 2206 3982 ad-

626 4019 945 4084 mittebant;
1009 4034 1214 4089 perque
1276 4033 1338 4072 ea
1403 4033 1530 4072 mox
1613 4018 1796 4075 omnia
1863 4018 1956 4072 Dei
2018 4019 2202 4072 virtuti

628 4108 889 4176 attribuo,
921 4118 980 4183 _ut
1009 4109 1088 4166 sic
1129 4109 1387 4178 paulatim
1423 4108 1636 4165 Judaos
1685 4108 1880 4164 faciam
1910 4108 2204 4164 salutarem

628 4203 925 4258 doctrinam
965 4203 1242 4270 recipere:
1276 4218 1382 4272 quo
1409 4201 1573 4267 facto,
1604 4201 1780 4269 iisque
1829 4202 1896 4254 ad
1942 4216 2206 4270 compun-

629 4295 862 4351 ctionem
901 4293 1198 4360 conversis,
1222 4292 1558 4349 manifestius
1582 4293 1774 4347 deinde
1821 4292 1990 4346 Deum
2025 4293 2203 4361 ipsum

628 4385 944 4443 demonstro
999 4398 1097 4455 per
1150 4383 1308 4451 hujus
1357 4384 1613 4452 baptismi
1687 4381 1741 4436 in
1818 4382 1936 4453 ejus
1987 4386 2206 4439 nomine

2306 1924 2506 1987 ζόντων
2535 1922 2667 1976 υἱῶν
2688 1923 2842 1976 Θεοῦ·
2870 1923 2931 1975 ού
2953 1923 3061 1993 γὰρ
3089 1923 3275 1986 ἁπλῶς
3300 1919 3475 1986 εἶπεν,
3502 1923 3574 1975 Σὺ
3599 1923 3725 1984 Υἱὸς
3745 1922 3893 1975 Θεοῦ

2305 2011 2374 2078 εἴ,
2400 2016 2557 2080 ἀλλὰ,
2578 2035 2594 2066 ι
2615 2016 2685 2068 Σὺ
2701 2010 2750 2067 εἶ
2775 2017 2803 2068 ό
2827 2015 2955 2078 Υἱὸς
2989 2013 3081 2066 τοῦ
3113 2013 3267 2067 Θεοῦ·
3303 2033 3321 2064 ι
3348 2016 3381 2084 ἡ
3415 2014 3524 2083 γὰρ
3553 2012 3647 2066 τοῦ
3677 2013 3892 2084 ἄρθρου

2304 2107 2587 2178 προσθήκη
2626 2107 2703 2177 (1)
2738 2107 2976 2160 δείκνυσι
3008 2107 3099 2159 τὸν
3125 2105 3222 2158 ἕνα
3272 2107 3365 2159 καὶ
3407 2105 3570 2176 μόνον
3627 2104 3894 2174 ἀληθινὸν

2304 2199 2433 2254 Υίὸν
2465 2199 2796 2269 ὁμολογῆσαι
2825 2199 2916 2252 τὸν
2945 2199 3170 2269 Πέτρον.
3206 2199 3350 2269 Πρὸς
3391 2196 3564 2250 ταῦτα
3611 2195 3668 2248 δὲ
3706 2195 3893 2248 τοιού-

2303 2307 2416 2353 τοις
2462 2290 2744 2360 μονονουχὶ
2778 2289 2942 2352 αύτὸς
2967 2291 2995 2341 ὁ
3029 2289 3297 2359 μακάριος
3331 2289 3537 2358 Πέτρος
3569 2287 3895 2356 ἀπήντησεν

2302 2381 2369 2434 ἂν
2409 2383 2679 2452 ῥήμασιν’
2712 2382 2802 2452 Μὴ
2847 2380 3010 2435 τοῦτο
3055 2380 3317 2451 νομίσητε
3355 2397 3421 2450 με
3453 2379 3770 2449 εἰρηκέναι,
3802 2379 3894 2431 ὅτι

2302 2489 2410 2540 περ
2457 2472 2741 2542 ἄνθρωπος
2785 2471 2907 2524 καθ’
2936 2473 3083 2542 ἡμᾶς
3116 2466 3196 2534 εἷς
3234 2473 3381 2526 ἐστιν
3435 2471 3464 2522 ὁ
3507 2470 3782 2541 Χριστόςθ
3824 2470 3893 2523 ού

2302 2561 2458 2615 τοῦτό
2494 2562 2641 2614 ἐστιν
2669 2564 2696 2616 ὅ
2729 2579 2872 2632 φημι
2891 2578 2908 2594 ο
2943 2565 3173 2633 πρᾶγμα
3201 2562 3256 2617 δέ
3283 2579 3336 2614 τι
3365 2562 3636 2632 οἰκονομῶ
3667 2561 3894 2631 θαυμαο

2305 2654 2451 2717 στὸν,
2477 2654 2572 2706 καὶ
2600 2652 2936 2724 παράδοξον·
2968 2654 3063 2706 καὶ
3094 2656 3246 2706 ποῖον
3273 2652 3433 2707 τοῦτό
3461 2655 3611 2717 test;
3640 2653 3720 2722 Τῇ
3747 2652 3896 2706 καθ-

2303 2745 2409 2816 όδῳ
2435 2744 2528 2798 τοῦ
2563 2745 2881 2816 Πνεύματος
2913 2746 3272 2816 περιηχηθεὶς
3294 2745 3405 2798 τῶν
3445 2745 3765 2799 Ἰουδαίωνό
3797 2745 3898 2814 δῆο

2307 2851 2435 2904 μος,
2497 2835 2832 2905 συνέδραμεν
2899 2835 3036 2905 πρὸς
3084 2837 3260 2907 ἡμᾶς’
3321 2834 3498 2906 εὑρὼν
3547 2832 3641 2889 οὖν
3693 2835 3898 2905 καιρὸν

2304 2927 2490 2989 ἁλείας
2536 2927 2838 2996 ἀνθρώπων
2876 2922 3014 2980 εἶναι
3059 2927 3214 2992 τότε,
3264 2923 3381 2980 εἶτα
3411 2927 3666 2997 φανερῶς
3699 2928 3897 2991 αὐτοῖς

2304 3017 2398 3069 καὶ
2423 3017 2516 3068 ἀπ’
2546 3016 2760 3079 εὐθείας
2787 3019 2847 3068 ού
2880 3017 3178 3087 δυνάμενος
3207 3017 3300 3071 τὸν
3325 3018 3562 3088 Χριστὸν
3591 3017 3725 3070 Θεὸν
3754 3019 3897 3071 ἀνα-

2303 3107 2625 3178 κηρύττειν,
2660 3107 2892 3178 ἐπείπερ
2935 3108 3096 3161 αὑτὸν
3125 3109 3232 3179 πρὸ
3264 3109 3444 3176 ὀλίγου
3471 3108 3900 3178 σταυρώσαντες

2304 3195 2466 3268 ἦσαν,
2485 3198 2579 3250 καὶ
2607 3197 2745 3269 βαρὺ
2767 3200 2950 3263 αὐτοῖς
2970 3200 3058 3253 διὰ
3084 3199 3243 3253 τοῦτο
3261 3200 3322 3253 τὸ
3350 3201 3582 3272 πρᾶγμα
3611 3201 3898 3270 ἐφαίνετο,

2307 3289 2536 3360 κρύπτω
2566 3290 2631 3341 τὸ
2660 3291 2956 3361 ἄγκιστρον
2985 3291 3078 3344 τοῦ
3113 3291 3306 3358 λόγου,
3351 3293 3606 3362 καθάπερ
3655 3293 3749 3345 ἐπὶ
3780 3290 3903 3346 τῶν

2307 3382 2507 3450 ἰχθύων
2552 3384 2618 3451 τῇ
2664 3383 2874 3451 τροφῇ,
2909 3383 3023 3445 τοῖς
3057 3382 3480 3453 ταπεινωτέροις
3520 3383 3736 3447 τούτοις
3788 3387 3898 3454 ῥή-

2310 3490 2478 3544 μασι,
2531 3473 2626 3525 καὶ
2677 3472 2769 3524 τὸν
2821 3471 3025 3542 Ἰησοῦν
3073 3472 3396 3544 Ναζωραῖον
3455 3473 3738 3544 ὑθομόιζω,
3795 3478 3902 3529 καὶ

2306 3563 2746 3634 ἐσταυρωμένον,
2783 3564 2878 3616 καὶ
2910 3563 2991 3617 ὅτι
3021 3565 3047 3617 ὁ
3076 3565 3208 3627 Θεὸς
3240 3565 3463 3634 ἤγειρεν
3501 3565 3665 3618 αὑτὸν
3696 3566 3764 3619 ὲκ
3807 3583 3903 3618 νει

2307 3656 2476 3725 κρῶν,
2535 3656 2630 3708 καὶ
2679 3654 2823 3708 οὕτω
2883 3655 3313 3725 κεκαλυμμένως
3361 3657 3601 3726 είσφέρω
3651 3657 3747 3709 καὶ
3795 3658 3904 3728 τὴν

2308 3746 2585 3814 θεολογίαν
2637 3745 2840 3808 αὑτοῦ,
2882 3747 2976 3798 καὶ
3022 3745 3228 3816 ταύτην
3277 3748 3416 3816 μετά
3462 3763 3606 3809 τινος
3658 3747 3901 3816 τέχνηςο

2307 3838 2434 3900 τοὺς
2472 3839 2578 3908 γὰρ
2606 3838 2771 3890 Δαϐὶδ
2821 3837 3020 3900 αὐτοὺς
3067 3839 3473 3908 ὑπομιμνῄσκω
3500 3838 3714 3907 λόγους,
3749 3839 3908 3891 έπεί-

2310 3947 2414 3999 περ
2454 3931 2521 3983 τὰ
2560 3929 2774 3981 ἐκείνου
2810 3928 3008 4000 μᾶλλον
3037 3930 3364 3992 ἀνυπόπτως
3396 3929 3660 3999 ἐδέχοντο,
3689 3930 3788 3983 καὶ
3829 3931 3904 3984 δι’

2310 4021 2535 4073 ἐκείνων
2581 4021 2745 4073 πάλιν
2791 4024 2859 4091 τῇ
2905 4019 3001 4073 τοῦ
3049 4019 3184 4074 Θεοῦ
3230 4020 3457 4091 δυνάμει
3502 4022 3562 4073 τὸ
3615 4023 3723 4074 πᾶν
3771 4023 3908 4077 ava-

2308 4111 2500 4182 τίθημι
2522 4152 2535 4177 ,
2571 4113 2659 4164 ἵνα
2688 4113 2830 4164 οὕτω
2867 4113 3007 4166 κατὰ
3040 4111 3235 4182 μικρὸν
3261 4113 3459 4176 αὐτοὺς
3491 4113 3907 4178 καταδέξασθαι

2311 4202 2521 4270 ποιήσω
2544 4201 2604 4254 τὸ
2635 4202 2904 4271 σωτήριον
2930 4203 3226 4272 κήρυγμα·
3253 4195 3314 4255 οὗ
3344 4202 3409 4274 δὴ
3443 4205 3765 4272 γενομένου,
3800 4204 3909 4256 καὶ

2311 4293 2387 4354 είς
2432 4292 2725 4357 κατάνυξιν
2781 4293 3045 4347 ἐλθόντων
3093 4292 3292 4358 αὐτῶν,
3349 4293 3734 4364 φανερώτερον
3775 4311 3907 4358 πως

2312 4384 2478 4436 αὑτὸν
2504 4382 2692 4434 λοιπὸν
2719 4383 2852 4435 Θεὸν
2887 4384 3139 4448 ἐπιδείξω
3165 4384 3249 4438 διὰ
3271 4388 3370 4455 τῆς
3395 4385 3490 4438 τοῦ
3521 4385 3910 4454 βαπτίσματος

629 4475 943 4535 conferendi
977 4475 1352 4540 indictiouern,
1374 4476 1573 4532 docens
1599 4474 1760 4530 simul
1786 4475 1836 4530 vi
1889 4475 2048 4546 hujus
2086 4475 2200 4531 fieri

2311 4477 2500 4530 τούτου
2522 4477 2603 4539 είς
2626 4476 2687 4529 τὸ
2705 4476 2876 4547 δνομα
2890 4477 3054 4531 αὑτοῦ
3086 4480 3462 4550 προστάξεως,
3490 4480 3684 4548 ἄφεσιν
3711 4481 3910 4552 ἁμαρ-

631 4578 972 4636 peccatorum
993 4568 1394 4623 remissionem.

701 4657 798 4728 2t.
819 4655 986 4712 Porro
1016 4656 1386 4716 animadverte
1416 4657 1765 4725 apostolicam
1837 4659 2200 4727 prudentiam.

638 4766 657 4800 ι
699 4745 882 4802 Jesum
913 4747 1044 4802 dicit
1081 4746 1636 4809 Nazarenum,virum
1665 4749 2019 4817 approbatum
2049 4767 2074 4804 a
2098 4752 2205 4805 Deo

635 4839 776 4892 inter
805 4851 899 4892 vos
928 4839 1222 4893 virtutibus
1261 4847 1311 4894 et
1346 4837 1537 4910 ιηωι
1555 4839 1815 4909 prodigiis
1849 4849 2011 4909 atque
2037 4844 2207 4913 signis

635 4943 754 4996 quae
794 4942 889 4996 per
919 4943 1039 4983 eum
1068 4928 1195 4984 fecit
1226 4927 1368 4984 Deus
1398 4929 1450 4983 in
1482 4931 1659 4984 medio
1717 4932 1882 4984 vestri
1910 4933 1948 4986 ¹.
1981 4951 2000 4984 ι
2055 4933 2120 4987 Ει
2178 4949 2206 4988 a

635 5020 744 5074 Deo
779 5021 1132 5090 approbatum
1156 5021 1308 5086 dicit,
1334 5031 1386 5075 et
1423 5021 1590 5076 Deum
1626 5023 1738 5076 haec
1763 5037 1858 5091 per
1887 5024 2034 5077 illum
2064 5027 2206 5095 egis-

634 5126 716 5176 se,
754 5122 809 5165 ut
851 5111 1009 5167 Putre
1042 5113 1321 5168 nominato
1349 5115 1703 5182 persuaderet
1737 5115 1838 5169 illis
1893 5131 2000 5184 quo
2031 5118 2207 5186 ipsum

635 5215 848 5270 quoque
895 5199 1074 5256 Jesum
1107 5211 1270 5271 atque
1325 5200 1440 5270 ejus
1483 5217 1645 5273 opera
1684 5204 2054 5270 admitterent,
2111 5222 2207 5261 ceu

637 5292 748 5358 illo,
781 5291 829 5345 id
857 5301 939 5346 est
959 5291 1135 5356 Patre,
1163 5293 1276 5347 haec
1289 5301 1478 5362 agente
1497 5308 1589 5362 per
1611 5293 1838 5347 Filium:
1866 5313 1882 5345 ι
1907 5294 2034 5360 Qua:
2055 5295 2207 5361 fecit,

637 5382 730 5446 ait,
763 5398 858 5451 per
894 5383 1066 5451 ipsum
1102 5384 1264 5439 Deus.
1295 5403 1314 5438 ι
1343 5384 1542 5440 Deinde
1579 5398 1878 5441 memorata
1915 5402 2096 5453 cruce,
2128 5404 2209 5443 re-

709 5564 753 5596 ⁹³
781 5563 969 5618 Matth.
1009 5579 1118 5628 xu,
1158 5565 1242 5618 15.

1317 5567 1361 5597 θ’
1388 5565 1504 5619 Act.
1539 5581 1594 5630 tt,
1629 5565 1661 5621 6
1689 5581 1838 5636 seqq.
1920 5569 1934 5597 ¹
1962 5568 2090 5622 ibid.
2119 5569 2207 5623 “2‘2.

2315 4570 2443 4623 τιῶν
2494 4570 2674 4632 αὐτοῖς
2719 4569 2910 4622 τούτου
2946 4571 3264 4641 χαρίζεσθαι
3311 4573 3610 4641 δυναμένου
3650 4571 3909 4639 διδάξας.

2383 4661 2490 4714 κα’.
2533 4662 2640 4715 Καὶ
2665 4663 2766 4733 δρα
2795 4663 3007 4716 σύνεσιν
3039 4665 3402 4735 ἀποστολικήν
3426 4682 3437 4694 ο
3477 4684 3494 4714 ι
3534 4663 3766 4734 Ἰησοῦν,
3801 4683 3912 4733 φη-

2317 4756 2424 4818 σιν,
2452 4753 2540 4806 τὸν
2586 4753 2926 4825 Ναζωραῖον,
2959 4755 3126 4826 ἄνδρα
3167 4757 3619 4825 ἀποδεδειγμένον
3648 4757 3758 4810 ἀπὸ
3798 4759 3907 4810 τοῦ

2315 4845 2451 4897 Θεοῦ
2477 4845 2555 4906 εἰς
2587 4846 2731 4914 ὑμᾶς
2757 4845 3017 4916 δυνάμεσι
3046 4847 3140 4899 καὶ
3163 4846 3354 4916 τέρασι
3392 4849 3482 4899 καὶ
3519 4846 3792 4916 σημείοις,
3817 4841 3909 4911 οἷς

2317 4936 2575 5005 ἐποίησεν
2602 4937 2666 4988 δι’
2695 4937 2862 4990 αὑτοῦ
2894 4941 2922 4990 ὀ
2950 4938 3080 5000 Θεὸς
3109 4940 3166 4991 ὲν
3201 4939 3350 5009 μέσῳ
3385 4938 3561 5009 ὑμῶν.
3601 4957 3618 4988 ι
3648 4937 3760 4990 Καὶ
3787 4937 3909 4991 ἀπὸ

2317 5030 2451 5082 Θεοῦ
2506 5031 2952 5102 ἀποδεδειγμένον
2987 5032 3151 5100 λέγει,
3186 5033 3277 5085 καὶ
3326 5031 3417 5085 τὸν
3457 5032 3587 5084 Θεὸν
3615 5030 3792 5085 ταῦτα
3837 5032 3908 5085 Ξι⁹

2319 5122 2482 5176 αὑτοῦ
2513 5123 2882 5192 ὲνεργήσαντα
2909 5165 2922 5184 ,
2953 5125 3040 5176 ἵνα
3066 5127 3130 5194 τῇ
3173 5125 3267 5177 τοῦ
3297 5124 3507 5194 Πατρὸς
3551 5140 3798 5192 προσηγο
3810 5126 3911 5195 ρῖᾳ

2322 5213 2486 5282 πείσῃ
2504 5215 2722 5277 αὐτοὺς,
2749 5214 2842 5266 καὶ
2860 5215 3020 5266 αὑτὸν
3034 5215 3123 5266 τὸν
3141 5214 3346 5286 Ἰησοῦν
3367 5215 3458 5266 καὶ
3481 5213 3551 5266 τὰ
3572 5215 3708 5284 ἔργα
3729 5215 3908 5268 αὑτοῦ

2320 5304 2732 5368 καταδέξασθαι,
2767 5306 2840 5368 ὡς
2871 5307 3080 5358 ἐκείνου
3107 5307 3173 5358 δι’
3204 5305 3368 5360 αὑτοῦ
3393 5305 3563 5358 ταῦτα
3592 5305 3905 5368 ποιοῦντος,

2317 5394 2459 5462 λέγω
2489 5395 2551 5466 δὴ
2582 5397 2672 5449 τοῦ
2712 5399 2952 5468 Πατρός·
2993 5418 3007 5449 ι
3040 5392 3132 5462 Ui;
3155 5397 3406 5467 ἐποίησεν
3441 5397 3566 5466 γὰρ,
3602 5396 3792 5466 φησιν,
3834 5396 3909 5449 δι’

709 5731 785 5802 υ)
823 5725 968 5782 Hanc
1017 5727 1422 5796 signiticativam
1478 5732 1582 5782 vim
1623 5729 1780 5785 habet
1835 5727 1936 5785 hoc
1991 5730 2107 5786 loco
2149 5731 2366 5786 Graecus
2403 5730 2661 5785 articulus
2691 5733 2740 5788 6.
