4042 6430
124 342 203 394 281
1232 349 1422 416 QUOD
1455 353 1515 407 Β.
1559 355 1712 411 MARI

1819 358 1924 412 SIT
1969 360 2292 419 DEIPARA.

3278 361 3384 416 282

123 452 275 507 αὑτοῦ
314 455 344 506 6
378 454 546 518 Θεός.
574 473 592 507 ι
627 454 762 510 Εἶτα
796 458 889 511 τοῦ
920 459 1152 532 σταυροῦ
1182 466 1585 535 μνημονεύσας,
1618 468 1712 522 καὶ

1819 477 2212 531 surrectionem
2244 492 2457 546 quoque
2490 479 2542 532 in
2591 478 2828 533 medium
2879 477 3118 539 adducit,
3160 485 3209 529 et
3244 481 3385 529 hanc

122 546 209 613 τὴν
242 544 567 598 ἀνάστασιν
615 546 859 618 εἰσφέρει
883 590 897 614 ,
934 550 1031 609 καὶ
1072 550 1272 636 ταύτην
1320 556 1397 619 ὡς
1432 557 1585 627 παρὰ
1622 557 1714 613 τοῦ

126 635 333 703 Πατρὸς
386 635 561 688 πάλιν
608 639 1023 710 γεγενημένην,
1066 642 1151 694 ἵνα
1186 644 1272 697 διὰ
1316 646 1506 698 τούτου
1555 648 1715 701 πάλιν

123 726 206 775 καὶ
240 723 425 793 αὐτὴν
468 724 671 787 αὐτοὺς
718 727 1117 793 καταδέξασθαι
1146 736 1374 803 ποιήσῃ·
1415 737 1509 788 καὶ
1534 736 1716 791 λοιπὸν

122 814 263 865 ὥσπε
274 831 307 883 ρ
334 814 784 885 κεκαλυμμένως
819 817 1002 882 αὐτοῖς
1030 823 1125 873 καὶ
1161 822 1261 891 τὴν
1288 823 1571 892 θεολογίαν
1599 829 1715 880 εἰσ-

122 907 298 977 φέρει·
331 907 586 977 εἰρηκὼς
617 908 748 978 γὰρ,
772 928 789 959 ι
807 910 903 961 Ὃν
922 911 949 960 6
971 910 1101 974 Θεὸς
1116 913 1412 983 ἀνέστησεν
1431 915 1595 981 λύσας
1617 918 1717 982 τάς

119 997 313 1061 ὠδῖνας
334 999 437 1050 τοῦ
462 999 751 1061 θανάτου,›
776 1000 992 1067 ὲπάγει’
1031 1019 1049 1053 ι
1074 1004 1210 1057 Καθ’
1232 1004 1314 1058 ὅτι
1334 1006 1432 1059 οὐκ
1462 1003 1530 1077 ἦν
1554 1009 1715 1062 δυνα-

118 1091 204 1141 τὸν
234 1089 576 1158 κρατεῖσθαι
610 1090 772 1143 αὑτὸν
809 1091 900 1143 ὑπ’
925 1093 1112 1147 αὑτοῦ.
1154 1114 1171 1147 ι
1200 1095 1397 1150 Οὐκέτι
1428 1098 1613 1153 λοιπὸν
1641 1101 1715 1165 ὡς

120 1197 183 1231 πε
191 1181 249 1249 pl.
272 1179 577 1250 ἀνθρώπου
595 1180 752 1233 τοῦτο
772 1199 785 1213 ⁸
800 1184 848 1235 εί
865 1184 972 1254 γὰρ
991 1184 1086 1237 ἄνθ
1097 1203 1275 1255 ρωπος
1292 1183 1381 1258 ἦν,
1399 1190 1614 1254 πάντως
1635 1192 1715 1245 ὅτι

120 1271 208 1321 καὶ
235 1270 573 1340 κρατεῖσθαι
601 1270 834 1341 ἠδύνατο
856 1274 959 1326 ὑπὸ
990 1276 1082 1328 τοῦ
1112 1276 1342 1331 θανάτου
1360 1296 1373 1310 ·
1398 1280 1535 1334 ἀλλά
1558 1281 1717 1335 τοῦτο

122 1360 364 1429 είρηκὼς
393 1400 409 1423 ,
445 1361 790 1431 καταφεύγει
835 1366 1046 1433 ταχέως
1092 1368 1184 1420 ἐπὶ
1223 1368 1322 1438 τὴν
1370 1372 1716 1442 προφητικὴν

124 1450 465 1518 μαρτυρίαν,
494 1450 583 1501 ἵνα
614 1451 814 1521 μηκέτι
840 1452 915 1514 ὡς
938 1454 1069 1523 παρ’
1100 1456 1288 1519 αὑτοῦ,
1312 1458 1446 1512 ἀλλὰ
1466 1460 1541 1526 ὡς
1566 1462 1716 1532 παρά

119 1540 209 1592 τοῦ
245 1541 549 1611 προφήτου
586 1542 787 1610 μᾶλλον
835 1543 1146 1609 ἀκούοντες,
1180 1548 1589 1621 προθυμότερον
1628 1553 1715 1605 δέ-

121 1630 323 1695 ξωνται
359 1631 425 1684 τὸ
453 1630 781 1701 λεγόμενονο
820 1633 914 1685 καί
951 1651 1116 1704 φησιν
1136 1651 1149 1664 ’
1186 1656 1201 1685 ι
1230 1635 1396 1689 Δαϐὶδ
1426 1638 1535 1709 γὰρ
1567 1640 1715 1707 λέγει

118 1722 195 1783 είς
213 1721 386 1775 αὐτόν
406 1737 419 1751 ⁸
448 1722 845 1792 Προεωρώμην
871 1723 962 1775 τὸν
996 1724 1200 1792 Κύριον
1226 1726 1455 1780 ἐνώπιόν
1488 1748 1588 1798 μου
1626 1732 1714 1785 διὰ

1817 562 1943 616 item
1977 574 2229 635 tanquam
2264 584 2291 621 a
2331 566 2493 622 Patre
2528 566 2813 634 effectam;
2854 578 2914 621 ut
2962 565 3384 622 resurrectionis

1818 668 1979 709 causa
2008 672 2224 712 crucem
2258 674 2469 727 quoque
2497 660 2565 715 ab
2589 661 2655 713 iis
2684 659 2894 713 admitti
2938 665 3175 713 curaret.
3234 656 3384 709 Dein-

1818 754 1942 807 ceps
1967 743 2247 797 veroclam
2274 745 2438 798 veluti
2490 746 2659 814 ipsius
2719 746 3078 815 theologicam
3137 745 3383 801 notitiam

1819 831 2077 889 insinuat.
2115 834 2249 889 Nam
2280 852 2403 890 cum
2429 837 2710 900 dixissem
2743 837 2910 903 Quem
2940 837 3081 891 Deus
3104 836 3387 890 suscitavit

1816 922 2005 978 solutis
2040 926 2231 980 mortis
2256 927 2557 991 doloribus,
2586 947 2605 982 ›
2642 928 2819 991 addit,
2843 946 2861 979 ι
2893 928 3030 993 Quia
3056 926 3389 995 impossibile

1816 1024 1934 1069 erat
1968 1016 2110 1070 hunc
2135 1017 2204 1071 ab
2234 1019 2321 1071 illa
2354 1020 2524 1074 teneri
2557 1022 2599 1077 ⁸.
2634 1038 2653 1071 ι
2690 1018 2826 1073 Ecce
2848 1020 2989 1072 haud
3037 1020 3151 1086 jam
3187 1018 3388 1071 diutius

1818 1114 2073 1173 tanquam
2105 1107 2172 1161 de
2194 1108 2415 1163 homine
2440 1109 2680 1178 loquitur
2713 1128 2726 1165 :
2756 1124 2877 1164 nam
2908 1110 2953 1163 si
2985 1110 3146 1163 homo
3175 1107 3386 1168 fuisset.

1816 1210 2038 1263 prorsus
2100 1212 2127 1251 a
2163 1209 2337 1254 morte
2384 1202 2605 1255 retineri
2666 1210 2875 1269 poterat
2905 1218 2916 1252 :
2950 1201 3067 1264 sed,
3098 1201 3198 1254 hoc
3221 1199 3387 1265 dicto,

1816 1285 2055 1355 confugit
2083 1288 2264 1341 statim
2292 1290 2357 1343 ad
2378 1290 2746 1359 propheticum
2784 1291 3174 1355 testimonium,
3205 1289 3388 1357 utjam

1816 1392 1921 1431 non
1984 1379 2053 1431 ab
2112 1379 2247 1447 ipso,
2277 1382 2369 1433 sed
2436 1394 2468 1436 a
2536 1382 2799 1449 propheta
2874 1383 3050 1451 potius
3086 1381 3386 1446 audientes,

1814 1470 2114 1538 promptius
2142 1470 2285 1524 dicta
2329 1472 2658 1538 exciperent,
2690 1473 2917 1541 aitque:
2955 1490 2974 1523 ι
3025 1471 3195 1525 David
3244 1471 3388 1524 enim

1815 1558 1947 1612 dicit
1991 1562 2057 1613 de
2092 1575 2187 1614 eo:
2217 1560 2572 1619 Providebam
2606 1564 2889 1617 Dominum
2920 1577 3100 1617 coram
3131 1576 3216 1615 me
3242 1574 3388 1617 sem-

1814 1665 1911 1719 per
1928 1649 1967 1714 ³,
2010 1670 2027 1701 ι
2060 1660 2112 1705 et
2137 1651 2361 1720 reliqua.
2387 1652 2774 1709 Animadverte
2795 1663 2995 1722 quanto
3018 1653 3247 1707 artificio
3272 1666 3389 1706 ser»

1817 1755 2027 1794 moneta
2054 1742 2119 1794 de
2146 1743 2371 1797 Domino
2398 1747 2535 1813 apud
2573 1760 2668 1799 eos
2709 1745 2855 1799 facit.
2893 1745 3115 1808 Deinde,
3153 1743 3392 1797 testimo-

118 1812 356 1875 παντός·
396 1828 416 1860 ι
448 1812 542 1863 καὶ
573 1812 639 1864 τά
660 1812 809 1880 ἑξῆς.
830 1812 969 1881 Ὅρα
1000 1814 1118 1881 μεθ’
1150 1815 1281 1885 ὅσης
1302 1818 1500 1887 τέχνης
1531 1822 1712 1886 αὐτοῖς

1819 1830 1906 1883 nio
1955 1830 2228 1895 absoluto,
2289 1849 2477 1889 rursus
2515 1836 2728 1890 illorum
2777 1836 3135 1903 cogitationes
3183 1845 3393 1897 compe-

116 1902 211 1968 τὴν
251 1900 632 1969 Κυριο).ογία.ν
688 1901 1016 1970 εὶσήγαγεν’
1092 1898 1211 1958 εἶτα
1258 1906 1354 1977 τὴν
1402 1912 1711 1982 μαρτυρίαν

116 1986 447 2057 πληρώσας,
480 1987 643 2041 πάλιν
683 1988 862 2041 αὐτῶν
897 1989 1085 2062 ὥσπερ
1124 1993 1216 2046 τὸν
1249 1994 1507 2066 λογισμὸν
1542 2016 1712 2054 κατα-

121 2076 383 2140 στέλλων,
428 2079 731 2149 ἐπειδήπερ
788 2081 1164 2152 φανερώτερον
1215 2085 1376 2142 αὐτὸν
1425 2087 1713 2159 ἐθεολὸγει,

117 2168 206 2219 ἐπὶ
233 2167 341 2237 τὴν
378 2167 479 2220 τοῦ
514 2170 725 2240 Πατρὸς
757 2171 920 2223 πάλιν
960 2176 1287 2243 κατατρέχει
1322 2183 1713 2250 προσηγορίαν,

117 2260 209 2312 καί
262 2276 472 2328 φησιν·
508 2278 527 2310 ι
576 2262 862 2330 Ἀσφαλῶς
913 2258 1005 2315 οὖν
1044 2267 1357 2331 γινωσκέτω
1406 2271 1513 2331 πᾶς
1564 2268 1711 2337 οἶκος

128 2350 373 2421 Ἰσραὴλ,
409 2355 493 2405 ὅτι
526 2354 621 2405 καὶ
645 2354 852 2422 Κύριον
878 2356 972 2407 καὶ
1005 2357 1238 2425 Χριστὸν
1272 2359 1299 2407 6
1325 2358 1454 2423 Θεὸς
1487 2361 1711 2433 ἐποίησε

115 2440 309 2494 τοῦτον
360 2444 460 2495 τὸν
519 2442 744 2513 Ἰησοῦν,
791 2444 850 2495 6v
897 2445 1055 2513 ὑμεῖς
1101 2447 1507 2518 ἐσταυρώσατεο
1548 2472 1567 2504 ι
1619 2456 1712 2509 καὶ

117 2533 471 2603 αἰτησάντων
506 2534 689 2586 αὐτῶν
714 2534 903 2587 λοιπὸν
928 2535 1174 2598 ἐκείνων,
1210 2538 1262 2590 τί
1296 2542 1520 2611 ποιῆσαι
1551 2543 1714 2612 die“.

116 2624 225 2686 λον,
274 2624 652 2693 βαπτισθῆναι
686 2626 872 2689 αὐτοῖς
898 2626 1231 2696 προσέταξεν
1265 2631 1355 2683 ἐπὶ
1383 2632 1461 2702 τῷ
1490 2634 1713 2704 ὀνόματι

116 2715 309 2780 αὗτοῦ,
347 2715 449 2767 καὶ
491 2717 687 2783 ἄφεσιν
723 2718 1007 2788 ἀμαρτιῶν
1040 2719 1126 2773 διὰ
1164 2721 1355 2773 τούτου
1382 2723 1710 2793 λαμϐάνεινο

1818 1936 1996 1986 scens,
2023 1924 2148 1993 quia
2186 1926 2458 1994 apertiore
2493 1927 2759 1996 theologia
2782 1929 2847 1982 de
2873 1925 2997 1982 Jesu
3028 1925 3238 1980 locutus
3284 1924 3394 1977 fue-

1819 2020 1921 2074 rat,
1957 2010 2022 2065 ad
2048 2012 2262 2067 Patrem
2293 2016 2467 2069 denuo
2500 2017 2754 2073 transfert
2810 2029 3137 2079 sermonem,
3163 2013 3343 2081 aitque
3374 2028 3387 2063 :

1824 2122 1842 2155 ι
1880 2104 2040 2158 Certo
2072 2105 2236 2175 igitur
2266 2107 2402 2160 sciat
2427 2108 2677 2162 universa
2701 2108 2919 2162 lsraelis
2975 2107 3201 2167 domus,
3251 2104 3391 2171 quod

1819 2203 1873 2249 ct
1901 2195 2184 2249 Dominum
2211 2208 2264 2250 et
2294 2196 2570 2252 Christum
2623 2198 2763 2253 Deus
2807 2198 3001 2254 fecerit
3044 2197 3185 2250 hunc
3233 2208 3393 2261 quem

1822 2300 1921 2339 vos
1946 2287 2297 2344 crucifixistis
2332 2288 2518 2345 Jesum
2548 2293 2593 2346 δ.
2635 2310 2653 2343 ι
2683 2289 2795 2345 lllis
2814 2304 2945 2345 vero
2975 2296 3159 2357 postea
3210 2299 3397 2353 roﬁim'

1823 2376 2116 2447 tibusquid
2146 2379 2293 2435 factu
2337 2399 2475 2452 opus
2513 2392 2691 2447 esset,
2717 2381 2983 2451 baptizari
3006 2394 3100 2434 eos
3155 2378 3317 2447 jussit
3343 2375 3394 2429 in

1821 2466 2039 2521 nomine
2067 2468 2230 2535 illius,
2256 2480 2304 2523 et
2326 2481 2667 2539 peccatorqu
2694 2472 3067 2528 remissionem
3121 2482 3216 2535 per
3241 2479 3396 2523 eum-

1820 2556 1942 2609 dem
1972 2560 2253 2627 recipere;
2284 2562 2602 2616 remissione
2636 2561 2883 2615 videlicet
2922 2568 3265 2629 peccatorum
3298 2570 3396 2612 au-

1822 2649 2220 2704 ctoritatemeis
2239 2654 2754 2718 Christisuadens';
2777 2652 2956 2713 verbis
2976 2662 3179 2713 autem,
3208 2667 3226 2700 ι
3255 2646 3398 2705 Deus

1831 2735 1981 2803 fecit,
2012 2754 2039 2790 »
2077 2739 2287 2793 illorum
2316 2742 2804 2797 contradictionem
2835 2741 3149 2797 excludens.

116 2808 178 2902 τῇ
210 2804 327 2902 τῶν
351 2806 879 2902 Δἁμαρτιῶν*ϐαρέα-ει
917 2809 1015 2879 τὴν
1069 2813 1363 2902 κυριότητα
1399 2816 1597 2879 αὐτοὺς
1642 2822 1890 2893 ἐννοῆσαι
1922 2829 2121 2884 ποιῶψ
2152 2831 2240 2885 διὰ
2291 2832 2347 2886 δὲ
2381 2831 2476 2885 τοῦ
2512 2832 2713 2900 λέγειν,
2737 2855 2753 2887 ι
2797 2834 2854 2888 '0
2883 2834 3015 2896 Θεὸς
3048 2832 3327 2902 ἐποίησεν.
3372 2849 3394 2886 a

115 2894 211 2965 τὴν
239 2896 477 2949 ἐκείνων
517 2898 831 2950 ἀποκλείων
858 2899 1278 2969 ὲναντιολογίαν.

185 2988 297 3056 κβ’.
349 2988 480 3039 Ὀτι
530 2988 639 3056 γὰρ
688 2990 1005 3059 πρόσφατον
1041 2994 1174 3063 ἡμῖν
1222 2993 1429 3066 Κύριον
1467 2999 1494 3051 6
1539 2999 1724 3069 Πατὴρ

1903 3004 1992 3058 22.
2030 3005 2183 3072 Quod
2232 3017 2412 3062 autem
2466 3008 2608 3064 haud
2659 3025 2856 3065 novum
2906 3010 3193 3066 Dominum
3242 3012 3402 3070 nobis

117 3080 212 3131 οὒκ
249 3080 541 3145 ἐποίησεν,
571 3079 763 3132 οὐδένα
796 3076 950 3148 οἶμαι
995 3083 1104 3133 τῶν
1135 3085 1540 3153 εύφρονούντων
1594 3092 1712 3141 ἀντ‹

1825 3095 1986 3148 Pater
2008 3096 2268 3160 effecerit,
2301 3100 2573 3153 nemiuem
2605 3114 2735 3154 sana
2776 3108 2956 3154 mente
2986 3101 3270 3169 praeditum
3301 3118 3397 3157 ne-

118 3172 286 3238 ερεῖνο
318 3168 417 3219 καὶ
442 3166 554 3237 γὰρ
579 3168 697 3236 οὐχ,
717 3167 792 3229 ὦς
817 3185 961 3232 τινες
978 3170 1219 3241 ἀνοήτως
1242 3174 1321 3237 είς
1345 3174 1440 3242 τὴν
1461 3173 1555 3226 τοῦ
1584 3175 1713 3228 Υἰοῦ

118 3258 356 3327 θεότητα
391 3256 457 3308 τὸ
492 3256 657 3327 ῥητὸν
685 3258 1146 3328 ἐκλαμϐάνουσιν,
1178 3260 1352 3325 οὕτως
1380 3263 1621 3334 εἴρηκεν⁹
1654 3267 1713 3317 ού

117 3349 224 3418 γὰρ
280 3346 418 3416 περὶ
470 3348 569 3416 τῆς
606 3346 893 3419 ὑπάρξεως
926 3350 1090 3403 αὐτοῦ
1127 3353 1325 3415 σκοπὸς
1363 3348 1431 3423 ἦν
1464 3354 1541 3425 τῷ
1578 3356 1716 3408 ἀπο-

120 3439 292 3508 στόλῳ
324 3438 723 3507 διαλέγεσθαι,
782 3441 918 3494 ἀλλά
951 3444 1078 3513 περὶ
1120 3444 1223 3513 τῆς
1272 3446 1412 3515 μετά
1448 3446 1545 3518 τὴν
1583 3448 1716 3501 ἀνά-

121 3544 309 3579 στασιν
338 3526 527 3597 δόξης.
552 3529 624 3581 Τὸ
652 3527 767 3594 οὖν,
799 3548 815 3579 ι
846 3532 1050 3599 Κύριον
1076 3534 1237 3585 αὑτὸν
1262 3535 1566 3604 ἐποίησεν,›
1596 3538 1716 3590 ἀντί

119 3620 230 3683 τοῦ,
247 3619 576 3691 Κυριότητα
605 3621 700 3671 καὶ
718 3620 958 3689 Χριστοῦ
985 3620 1141 3686 δόξαν
1170 3623 1319 3691 αύτῷ
1344 3624 1593 3678 δέδωκεν·
1618 3627 1715 3697 οὐχ

120 3712 197 3763 ᾶτι
236 3708 409 3773 δόξαν
448 3708 747 3779 ἐπίκτητον
776 3709 969 3763 ἐλαϐεν
998 3714 1025 3764 6
1057 3712 1202 3778 Υἱὸς,
1238 3714 1351 3767 ἀλλ’
1379 3716 1606 3780 ἐκείνοις
1630 3718 1717 3773 διὰ

119 3804 212 3871 τὴν
264 3802 689 3870 προειρημένην
738 3803 1051 3872 οἰκονομίαν
1094 3804 1267 3867 οὕτως
1316 3807 1715 3878 διαλεγόμενος,

118 3890 197 3941 ὅτι
226 3889 393 3942 Οὕτω
444 3888 727 3942 πιστεύειν
772 3892 853 3952 είς
887 3890 1049 3944 αὑτὸν
1087 3892 1351 3959 ὀφείλετε,
1389 3897 1464 3959 ὠς
1494 3898 1716 3969 Χριστῷ

120 3981 210 4033 καὶ
241 3981 446 4050 Κυρίῳ
464 3982 806 4053 προσιόντες.
842 3982 965 4034 Ὅτι
998 3984 1104 4053 γὰρ
1136 3986 1236 4038 οὐκ
1272 3987 1558 4057 ἅνθρωπος
1592 3991 1714 4044 καθ’

119 4072 267 4139 ἡμᾶς
303 4072 713 4140 γεγεννημένος
761 4072 926 4142 χωρίς
978 4075 1075 4144 τῆς
1120 4076 1213 4129 τοῦ
1246 4078 1422 4146 Λόγου
1470 4080 1716 4144 ὲνώσεως

133 4163 345 4233 Ἰησοῦς
373 4167 402 4217 6
427 4164 775 4233 Ναζωραῖος,
799 4168 827 4217 6
856 4166 916 4217 τὸ
945 4166 1072 4219 ἴδιον
1103 4169 1241 4238 ὑπὲρ
1272 4172 1429 4241 ἡμῶν
1453 4167 1591 4243 αἷμα
1620 4176 1715 4227 ὲκ-

123 4256 338 4323 χείσθαι
374 4255 840 4325 καταδεξάμενος,
868 4259 1031 4312 ἄκουε
1063 4263 1253 4329 σαιξῶς
1285 4264 1379 4317 τοῦ
1414 4267 1714 4322 ἀποστόλου

126 4348 341 4403 Παύλου
397 4350 513 4411 τοῖς
571 4349 836 4417 Ἐφεσίων
869 4351 1211 4417 διδασκάλοις
1260 4355 1417 4410 τοῦτο
1464 4361 1715 4431 φανερῶς

1819 3196 2067 3253 gaturum
2098 3197 2251 3257 puto.
2283 3186 2399 3243 Non
2432 3190 2598 3253 enim,
2628 3198 2687 3242 ut
2716 3189 2934 3258 quidam
2974 3191 3292 3259 insipienter
3317 3193 3399 3246 di-

1819 3287 1962 3331 ctum
1995 3279 2096 3333 hoc
2128 3281 2193 3334 de
2220 3280 2342 3334 Filii
2381 3281 2673 3334 divinitate
2703 3280 3032 3350 intelligunt,
3076 3281 3151 3335 ita
3185 3282 3396 3338 loculus

1818 3378 1929 3425 est:
1952 3386 2126 3439 neque
2143 3370 2211 3425 de
2234 3371 2355 3426 Filii
2384 3371 2705 3425 exsistentia
2732 3371 2875 3440 loqui
2900 3371 3188 3442 Apostolus
3205 3371 3399 3443 1441

1819 3461 1922 3515 sibi
1951 3464 2258 3531 proposuit,
2286 3463 2379 3517 sed
2404 3464 2469 3516 de
2498 3462 2616 3532 ejus
2645 3470 2767 3529 post
2796 3464 3251 3518 resurrectionem
3280 3465 3396 3533 glo-

1818 3552 1919 3605 ria.
1953 3553 2092 3620 Ergo
2125 3554 2310 3618 verba,
2348 3572 2366 3603 ι
2391 3552 2676 3607 Dominum
2718 3568 2838 3608 eum
2886 3551 3032 3618 fecit,
3074 3571 3094 3605 ›
3145 3554 3398 3608 dicuntur

1819 3656 1952 3710 pro,
1989 3641 2335 3695 Dominatum
2356 3650 2411 3694 et
2436 3640 2639 3694 Christi
2689 3641 2916 3709 gloriam
2966 3641 3064 3709 ipsi
3109 3639 3393 3694 attribuit:

1820 3749 1929 3787 non
1961 3734 2101 3801 quod
2154 3733 2475 3801 acquisitam
2519 3733 2744 3801 gloriam
2772 3732 2945 3786 Filius
2975 3733 3266 3801 acceperit,
3303 3732 3397 3786 sed

1818 3823 2020 3877 .ludaeis
2050 3825 2348 3879 secundum
2385 3825 2703 3893 praedictam
2737 3823 3197 3893 dispensationem
3224 3823 3296 3875 ita
3322 3822 3399 3875 lo—

1820 3914 2027 3983 quitur,
2066 3914 2191 3983 quia
2228 3915 2309 3968 sic
2344 3917 2570 3970 credere
2603 3915 2652 3968 ei
2690 3914 2971 3978 deberent,
3009 3923 3066 3966 ut
3096 3912 3299 3966 Citriin
3335 3927 3399 3965 ac

1820 4006 2035 4061 Domini
2076 4006 2187 4074 jam
2223 4006 2354 4060 facit
2413 4008 2657 4062 asseclte.
2708 4006 2859 4071 Quod
2903 4004 3046 4060 enim
3095 4019 3200 4058 non
3238 4004 3401 4057 homo

1819 4111 1969 4150 more
2002 4105 2187 4161 nostro
2218 4097 2451 4165 genitus,
2478 4097 2621 4149 ‘sine
2648 4095 2813 4149 Verbi
2848 4096 3068 4158 unione,
3104 4094 3260 4148 Jesus
3289 4091 3399 4145 Na-

1820 4202 2053 4241 zarenus
2106 4188 2198 4250 sit,
2241 4187 2334 4255 qui
2370 4202 2468 4256 pro
2508 4187 2668 4241 nobis
2721 4187 3044 4254 sanguinem
3081 4201 3236 4239 suum
3273 4183 3395 4237 fun-

1820 4277 1951 4330 dere
1981 4291 2089 4330 non
2126 4278 2420 4341 recusavit,
2455 4276 2579 4329 audi
2612 4275 2897 4329 manifeste
2927 4274 3229 4341 apostolum
3265 4270 3398 4325 Pau~

1824 4366 1933 4419 lum
1972 4380 2156 4420 coram
2196 4366 2551 4433 Ephesiorum
2591 4364 2867 4433 magistris
2910 4365 3085 4432 palam
3118 4362 3396 4416 afﬁrman~

125 4439 540 4502 καθιστῶντος·
581 4460 598 4490 ι
635 4440 942 4509 Προσέχετε
974 4444 1102 4511 γὰρ,
1146 4446 1308 4514 φησὶ,
1364 4449 1578 4513 ἑαυτοῖς
1619 4454 1712 4505 καὶ

1825 4464 1965 4508 tem:
2004 4474 2022 4506 ι
2054 4431 2361 4519 Atteutlite,
2404 4455 2595 4524 inquit,
2642 4431 2795 4508 vobis
2853 4431 3192 4509 etiuuiverso
3224 4454 3391 4522 gregi,

126 4533 285 4583 παντὶ
315 4529 395 4599 τῷ
437 4532 697 4601 ποιμνίῳ,
727 4532 785 4583 ὲν
823 4525 867 4599 ᾧ
909 4534 1051 4602 ὑμᾶς
1082 4536 1144 4587 τὸ
1192 4538 1417 4607 Πνεῦμα
1454 4540 1514 4593 τὸ
1553 4542 1711 4611 ἅγιον

124 4620 274 4674 ἔθετο
327 4622 671 4684 ἐπισκόπους
700 4662 715 4685 ,
748 4624 1060 4693 ποιμαίνειν
1093 4624 1191 4696 τὴν
1247 4627 1576 4699 Ἐκκλησίαν
1615 4634 1709 4686 τοῦ

124 4711 280 4773 Θεοῦ,
312 4713 379 4781 ἣν
416 4715 854 4782 περιεποιήσατο
881 4714 968 4767 διὰ
1001 4715 1093 4767 τοῦ
1125 4718 1355 4785 αἵματος
1381 4721 1473 4773 τοῦ
1504 4721 1659 4777 ίδίου.
1689 4743 1707 4775 ι

138 4803 382 4868 Ἀκούεις
401 4803 538 4856 Θεὸν
557 4804 808 4875 φανερῶς
826 4806 929 4857 ὑπὸ
946 4806 1038 4859 τοῦ
1067 4809 1389 4862 Ἀποστόλου
1418 4812 1509 4865 τὸν
1530 4814 1714 4868 ἐσταυ-

129 4898 372 4966 ρωμένον
415 4897 861 4967 κηρυττόμενονς
913 4899 1227 4970 Ποιμαίνειν
1276 4903 1384 4974 γάρ
1423 4923 1587 4975 φησιν
1612 4907 1712 4977 τὴν

139 4989 470 5060 Ἐκκλησίαν
498 4989 596 5041 τοῦ
632 4988 790 5057 Θεοῦ,
828 4991 894 5061 ἢν
921 4994 1347 5063 περιεποιήσατο
1373 4996 1460 5050 διά
1488 4996 1584 5049 τοῦ
1625 4997 1686 5050 αἴ

130 5097 293 5146 ματος
344 5080 445 5133 τοῦ
471 5080 626 5132 ίδέου·
667 5081 765 5150 οὐχ
795 5082 875 5133 ὅτι
902 5085 967 5153 τῇ
987 5083 1145 5152 φύσει
1171 5088 1268 5155 τῆς
1302 5086 1551 5157 θεότητος
1572 5087 1707 5140 ἔπα-

130 5186 271 5237 σχεν,
300 5171 420 5224 ἀλλ’
451 5172 532 5223 ὅτι
571 5170 639 5222 τὰ
684 5170 784 5239 τῆς
828 5173 1028 5241 σαρκὸς
1059 5174 1222 5227 αὑτοῦ
1252 5176 1397 5245 πάθη
1432 5179 1510 5241 εἰς
1547 5178 1708 5231 αὐτὸν

129 5264 484 5333 ἀναφέρεται,
509 5263 598 5314 ὃιά
624 5262 686 5314 τὸ
718 5264 793 5332 μὴ
826 5262 1112 5333 ἀνθρώπου
1146 5268 1288 5330 τινὸς
1318 5264 1455 5321 εῖναι
1481 5270 1705 5339 ταύτην,

128 5354 237 5405 ἀλλ’
270 5357 441 5409 αὑτοῦ
478 5354 574 5407 τοῦ
619 5355 791 5422 Λόγου
831 5355 965 5407 ἰδίαν
994 5358 1193 5427 σάρκα.
1230 5360 1292 5412 Εἰ
1340 5361 1521 5413 τοίνυν
1571 5362 1706 5414 Θεοῦ

130 5441 260 5514 αἷμα
280 5449 340 5500 τὸ
372 5443 517 5517 αἷμα
550 5447 787 5515 λέγεται,
817 5446 974 5515 δῆλον
999 5450 1071 5514 ὡς
1098 5452 1229 5516 Θεὸς
1256 5448 1322 5522 ἦν
1353 5455 1529 5524 σάρκα
1552 5472 1707 5525 περι-

132 5540 395 5608 κείμενος.

204 5720 434 5783 ’.-\ct.tl,
474 5717 564 5772 24.
646 5718 665 5749 ³
696 5717 827 5773 ibid.
860 5718 949 5772 ‘25.
1029 5720 1046 5752 ⁸
1072 5720 1199 5776 ibid.
1240 5722 1328 5777 56.

1456 5722 1582 5778 ibid.
1619 5724 1707 5789 57,
1744 5723 1831 5778 58.

1821 4546 1873 4599 in
1906 4562 2013 4614 quo
2043 4561 2139 4601 vos
2162 4544 2402 4614 Spiritus
2428 4554 2657 4600 sanctus
2688 4545 2869 4615 posuit
2890 4545 3173 4613 episcopus
3207 4558 3397 4611 regere

1821 4635 2121 4691 Ecclesiam
2168 4636 2287 4701 Dei,
2321 4652 2482 4705 quam
2529 4636 2831 4704 acquisivit
2862 4637 3129 4705 sanguine
3165 4651 3261 4689 suo
3292 4636 3333 4689 ⁸.
3374 4653 3397 4686 ι

1823 4728 2018 4780 Audin'
2037 4729 2203 4782 Deum
2228 4726 2515 4782 manifeste
2534 4728 2601 4782 ab
2629 4726 2886 4795 Apostolo
2914 4726 3234 4780 cruciﬁxum
3264 4744 3400 4796 pra:-

1823 4820 2035 4873 dicari?
2070 4820 2280 4889 Regere
2314 4821 2459 4874 enim
2497 4819 2717 4873 mandat
2751 4818 3054 4873 Ecclesiatn
3090 4820 3207 4883 Dei,
3235 4835 3397 4887 quam

1822 4912 2113 4979 acquisivit
2138 4909 2402 4979 sanguine
2435 4924 2557 4973 suo,
2596 4924 2705 4963 non
2732 4910 2873 4977 quod
2908 4909 2960 4962 in
2999 4920 3189 4966 natura
3220 4910 3395 4963 deita-

1820 5004 1888 5056 tis
1920 5003 1989 5056 sit
2017 5017 2235 5071 passus,
2270 5002 2362 5055 sed
2406 5002 2533 5073 quia
2571 5001 2755 5056 carnis
2789 5000 3071 5069 passiones
3102 5000 3167 5053 ad
3215 5000 3393 5067 ipsum

1819 5095 2152 5160 referuntur,
2191 5103 2477 5163 propterea
2512 5094 2651 5161 quod
2699 5106 2803 5147 non
2837 5091 3073 5145 hominis
3113 5089 3396 5159 cujusdam

1818 5188 1931 5241 haec
1954 5189 2024 5241 sit
2054 5204 2203 5251 caro,
2241 5188 2333 5242 sed
2364 5187 2534 5255 ipsius
2562 5184 2721 5239 Verbi
2750 5184 2988 5253 propria.
3030 5181 3084 5235 Si
3114 5196 3243 5250 ergo
3266 5198 3395 5237 san-

1821 5280 1938 5347 guis
1986 5279 2076 5334 Dei
2126 5281 2321 5334 dicitur
2361 5280 2607 5347 sanguis,
2647 5278 2813 5331 Deum
2858 5276 3007 5330 illuni
3070 5276 3257 5339 fuisse,
3304 5276 3391 5344 qui

1820 5372 1919 5426 sibi
1956 5389 2173 5428 carnem
2213 5373 2403 5435 induit,
2437 5371 2778 5439 exploratum
2815 5380 2922 5424 est.

1914 5722 2067 5776 °Acl.
2102 5738 2190 5787 xx,
2226 5717 2329 5787 28.
