4042 6436
597 343 707 401 283

1627 352 1686 406 S.
1727 347 2004 404 CYRILLI
2044 348 2510 406 ALEXANURINI
2548 351 2865 408 ARCHIEP.

3755 346 3867 403 284

673 465 764 518 Ξῖ).
813 463 933 520 Jam
977 468 1023 521 si
1071 467 1252 524 dicere
1308 481 1560 540 pergant,
1597 486 1832 540 quonam
1881 470 2177 539 Scripturae

2350 480 2456 539 κγ’.
2503 474 2565 524 Εἰ
2595 473 2652 524 δὲ
2683 471 2993 540 ὲπιμένοιεν
3030 471 3306 538 λέγοντες,
3342 468 3449 522 Ποῦ
3494 468 3591 539 τῆς
3638 466 3868 538 Γραφῆς

601 553 720 609 loco
756 553 914 626 Virgo
945 559 1242 626 appelletur
1266 561 1526 629 Deipara,
1584 564 1806 615 audiant
1834 565 1933 617 hoc
1961 564 2172 630 perspi-

604 659 705 699 cue
737 648 1070 704 nuntiantem
1109 653 1424 719 pastoribus
1456 654 1727 723 angelum,
1761 655 2172 721 dicentemque:

615 755 634 786 ι
669 737 805 802 Quia
839 750 995 794 natus
1023 753 1107 794 est
1137 744 1290 796 vobis
1315 743 1470 796 hodie
1490 743 1758 808 Salvator,
1788 746 1875 813 qui
1908 755 1984 799 est
2020 745 2178 798 Chri-

604 837 723 882 stus
749 827 1015 886 Dominus
1038 834 1081 886 '.
1121 852 1141 884 »
1167 832 1282 888 Non
1317 835 1467 899 dicit,
1491 836 1589 901 Qui
1626 837 1730 888 erit
1754 835 2034 895 Dominus.
2070 837 2174 901 vel,

601 917 658 972 ln
693 935 800 988 quo
822 920 1084 976 Dominus
1116 924 1456 979 habitaturus
1472 926 1566 989 sit,
1594 926 1741 988 sed,t
1772 926 2176 992 QuiestDomi—

603 1025 724 1063 nus.
753 1029 771 1061 ι
807 1011 883 1065 Εη
921 1012 1085 1080 igitur
1115 1014 1400 1067 Dominum
1430 1017 1716 1070 manifeste
1744 1018 2178 1086 eum,quinatus

601 1111 736 1166 erat,
789 1103 1011 1172 angelus
1072 1107 1306 1159 nuntiat.
1365 1106 1569 1160 Deinde
1629 1117 1886 1176 tanquam
1961 1109 2173 1178 signum

602 1194 880 1259 spect’andi
924 1210 1046 1249 mox
1071 1196 1284 1250 Domini
1321 1197 1449 1265 ipsis
1485 1200 1770 1263 exhibens,
1808 1219 1826 1250 ‹
1868 1198 2174 1264 invenietis,

606 1283 802 1352 inquit,
841 1285 1164 1339 infantulum
1202 1287 1388 1343 fasciis
1433 1289 1733 1343 involutum
1777 1301 1834 1344 et
1870 1292 1922 1344 iit
1949 1293 2174 1362 praesepi

603 1376 838 1442 positum
860 1377 901 1431 ⁸.
931 1395 950 1427 ι
980 1377 1132 1430 Paria
1164 1378 1352 1448 angelo
1375 1380 1566 1434 Petrus
1597 1396 1812 1450 quoque
1846 1382 2171 1448 pradicans,

603 1482 727 1520 cum
761 1467 826 1520 ad
867 1467 1178 1523 Cornelium
1224 1472 1478 1536 accessit,
1509 1472 1684 1526 aiebat
1712 1494 1722 1527 :
1759 1490 1776 1523 t
1812 1473 2048 1526 Verbum
2078 1474 2176 1527 mi-

605 1558 678 1610 sit
733 1558 856 1612 liliis
900 1559 1117 1615 lsraelis
1145 1602 1159 1626 ,
1214 1577 1401 1630 pacem
1443 1563 1697 1617 nuntians
1741 1579 1836 1631 per
1898 1565 2175 1618 Christum

602 1646 809 1702 Jesum.
855 1647 952 1704 llic
981 1661 1064 1705 est
1101 1653 1343 1705 omnium
1401 1653 1664 1707 Dominus
1692 1655 1732 1706 ⁸.
1774 1672 1790 1706 t
1822 1655 2017 1708 Cernis
2047 1671 2177 1723 quo.

604 1737 764 1790 modo
827 1739 1070 1804 verbum,
1104 1741 1444 1808 prosalutari
1490 1743 1890 1810 praedicatione.
1942 1758 2037 1811 per
2083 1741 2164 1798 Je.

2281 562 2542 626 Θεοτόκος
2571 566 2602 632 ἡ
2632 562 2906 632 Παρθένος
2933 560 3243 628 ὠνόμασται
3267 577 3280 626 ;
3305 558 3656 612 ἀκουέτωσαν
3674 557 3869 624 σαφῶς

2280 652 2438 704 τοῦτο
2477 652 2572 703 τοῦ
2604 653 2834 720 ἀγγέλου
2879 655 2994 712 τοῖς
3040 651 3295 720 ποιμέσιν
3346 648 3862 718 εὐαγγελιζομένου,

2282 745 2374 795 καὶ
2403 742 2654 810 λέγοντος
2680 781 2694 805 ,
2731 761 2750 792 ι
2787 744 2908 795 ’Ὀτι
2951 741 3143 811 ἐτέχθη
3178 740 3308 810 ὑμῖν
3353 741 3593 810 σήμερον
3625 738 3820 807 Σωτὴρ
3848 777 3862 799 ,

2280 836 2334 897 ὃς
2365 837 2509 887 ἐστιν
2539 834 2772 903 Χριστὸς
2795 832 3020 903 Κύριος’
3051 854 3067 885 ι
3101 834 3162 886 οὐ
3192 833 3342 899 λέγει
3365 832 3548 894 δὲ,Ὂς
3576 830 3867 883 ἕσταιΚύ-

2281 927 2486 996 ριος,ῆ,
2525 927 2610 977 Ἐν
2632 919 2676 992 ᾧ
2702 925 2948 994 όΚύριος
2969 925 3274 995 ὲνοικήσειν
3305 922 3508 991 μέλλει,
3538 920 3674 984 ἀλλ’,
3707 938 3724 969 ι
3761 919 3865 980 ’Ὂς

2280 1021 2425 1071 ἐστιν
2446 1018 2670 1087 Κύριος.
2705 1038 2722 1068 ι
2771 1019 2922 1071 Ίίδοὺ
2954 1017 3131 1069 τοίνυν
3156 1014 3361 1084 Κύριον
3383 1009 3634 1082 φανερῶς
3662 1012 3753 1063 τὸν
3773 1027 3868 1061 τε·

2280 1110 2475 1179 χθέντα
2507 1112 2534 1161 ὁ
2563 1110 2793 1177 ἄγγελος
2840 1107 3288 1176 εὐαγγελίζεται·
3340 1101 3457 1157 εἶτα
3493 1104 3589 1157 καὶ
3634 1104 3867 1172 σημεῖον

2279 1199 2467 1269 ῶσπερ
2513 1202 2697 1263 αὐτοῖς
2747 1201 2847 1270 τῆς
2905 1201 2999 1253 τοῦ
3031 1201 3239 1271 Κυρίου
3297 1198 3425 1261 Θέας
3466 1197 3867 1268 παρεχόμενος,

2284 1309 2301 1341 t
2332 1292 2627 1362 Εὐρήσετε,
2681 1293 2872 1360 φησὶν,
2929 1292 3128 1361 βρέφος
3172 1289 3706 1360 ἐσπαργανωμένον,
3765 1286 3871 1339 καὶ

2278 1383 2527 1453 κείμενον
2558 1385 2615 1437 ὲν
2644 1385 2840 1453 φάτνῃ.
2881 1403 2898 1434 ι
2938 1382 3308 1452 Παραπλήσιά
3329 1399 3387 1434 τε
3419 1380 3495 1449 τῷ
3522 1379 3740 1447 ἀγγέλῳ
3769 1379 3874 1430 καὶ

2277 1476 2304 1525 ὁ
2327 1474 2529 1544 Πέτρος
2551 1474 2855 1544 κηρύττων,
2876 1475 2963 1527 ὅτε
2983 1475 3118 1544 πρὸς
3144 1474 3234 1527 τὸν
3258 1471 3558 1543 Κορνήλιον
3583 1469 3867 1539 εἰσῆλθεν,

2278 1564 2459 1632 ἔλεγεν
2481 1582 2492 1594 ·
2544 1584 2561 1616 ι
2598 1565 2703 1617 Τὸν
2736 1564 2894 1629 λόγον
2929 1563 3252 1616 ἀπέστειλεν
3296 1565 3409 1623 τοῖς
3439 1563 3575 1622 υἱοῖς
3622 1557 3868 1629 Ἰσραὴλ,

2278 1653 2768 1723 εὐαγγελιζόμενος
2803 1655 3028 1724 εἰρήνην
3058 1653 3145 1706 διὰ
3181 1651 3356 1720 Ἰησοῦ
3397 1649 3637 1721 Χριστοῦ
3659 1666 3672 1680 ·
3705 1640 3873 1710 οὗτός

2281 1747 2396 1798 ἐστι
2431 1745 2633 1816 Κύριος
2683 1745 2920 1799 πάντων.
2957 1765 2973 1796 ι
3026 1745 3185 1814 Ὁρᾷς
3226 1744 3342 1806 πῶς
3387 1743 3478 1794 τὸν
3527 1742 3706 1810 λόγον,
3744 1739 3874 1793 amt

601 1841 720 1880 sum
766 1827 1042 1882 Christunt
1085 1830 1310 1885 missum
1355 1831 1524 1885 fuisse
1575 1832 1746 1885 dicit?
1805 1831 2017 1903 lum
2068 1833 2173 1886 De-

2286 1834 2373 1887 τοῦ
2414 1834 2474 1886 τὸ
2511 1813 2780 1904 σωτήριον
2826 1836 3089 1908 κήρυγμα
3121 1813 3209 1885 διὰ
3248 1831 3423 1899 Ἰησοῦ
3473 1830 3712 1902 Χριστοῦ
3756 1830 3874 1887 ἀπο

603 1926 1020 1988 moustransque
1061 1921 1190 1984 illis,
1231 1921 1483 1990 quisnam
1519 1931 1660 1974 esset
1691 1920 1850 1975 Jesus
1898 1924 2174 1988 Christus,

608 2026 628 2060 ί
675 2009 773 2064 Hic
801 2018 904 2076 est,
963 2013 1058 2078 ait,
1097 2015 1337 2067 omnium
1372 2013 1656 2067 Dominus.
1703 2032 1722 2064 ι
1765 2012 1955 2068 Videu’
1991 2013 2172 2068 infan-

605 2104 775 2157 tnlum
817 2114 926 2158 tum
975 2107 1040 2159 ab
1074 2105 1266 2176 angelo
1299 2115 1408 2160 tum
1439 2123 1468 2161 a
1511 2105 1671 2162 Petro
1714 2107 2002 2162 Dominum
2032 2109 2176 2161 dici?

605 2195 748 2265 Ergo
782 2195 1009 2265 Deipara
1044 2199 1269 2251 omnino
1319 2207 1403 2252 est
1457 2214 1579 2268 qua!
1628 2199 1909 2253 Dominum
1945 2201 2174 2268 peperit.

601 2285 693 2340 Sic
745 2287 914 2355 ipsam
968 2287 1132 2342 etiam
1185 2288 1329 2342 beati
1381 2287 1636 2356 Baptistae
1695 2298 1917 2353 mater,
1968 2291 2175 2359 Spiritu

601 2389 790 2432 aancto
822 2387 1092 2447 permota,
1122 2380 1432 2448 appellavit.
1466 2399 1483 2430 ι
1517 2379 1741 2447 Bepleta
1776 2390 1859 2434 est
1890 2383 2054 2446 enim,
2091 2383 2176 2435 itt-

602 2469 722 2539 quit
755 2469 1060 2538 Scriptura,
1096 2469 1372 2524 Elisabeth
1406 2471 1610 2541 Spiritu
1664 2480 1874 2538 sancto,
1911 2481 1967 2526 et
1995 2472 2179 2526 excla-

603 2557 1133 2614 mavit:Benedicta
1181 2570 1234 2614 tu
1277 2562 1418 2616 inter
1452 2562 1733 2626 mulieres,
1773 2571 1827 2617 et
1864 2565 2178 2619 benedictus

603 2650 813 2705 fructus
856 2652 1066 2706 ventris
1110 2653 1208 2706 tui.
1276 2653 1342 2707 Et
1373 2655 1514 2708 unde
1553 2655 1655 2709 hoc
1703 2657 1853 2722 mihi,
1900 2664 1956 2710 ut
2005 2668 2180 2712 mater

602 2743 820 2797 Domini
866 2745 970 2798 mei
1004 2743 1189 2798 veniat
1219 2744 1286 2799 ad
1335 2745 1456 2797 me?
1494 2765 1512 2797 ι
1550 2746 1681 2811 Quis
1713 2747 1825 2814 jam
1864 2751 1998 2802 adeo
2029 2749 2177 2802 insa-

604 2835 738 2897 niat,
785 2844 842 2888 ut
881 2835 1014 2888 nolit
1057 2851 1181 2890 cum
1227 2836 1537 2905 Evangeliis
1572 2838 1856 2906 Deiparam
1906 2839 2179 2906 appellare

602 2938 844 2981 sanctam
875 2925 1194 2995 Virginem?
1235 2926 1313 2981 Ne
1345 2943 1474 2998 ergo
1517 2929 1908 2998 sitnpliciorum
1956 2933 2181 2987 auribus

602 3020 712 3072 sint
756 3017 988 3083 molesti,
1017 3019 1140 3072 dum
1186 3035 1412 3088 puerum
1455 3028 1508 3074 et
1547 3020 1875 3073 infantulutn
1912 3023 2176 3088 vocitant,

606 3127 674 3164 ne
710 3109 850 3164 forte
882 3111 1139 3178 paulatim
1166 3109 1477 3164 universum
1505 3126 1722 3180 quoque
1753 3113 1868 3180 ejus
1893 3116 2175 3168 adventum

605 3211 918 3270 pernegent.
964 3200 1291 3255 Nominatus
1328 3212 1414 3256 est
1453 3201 1598 3258 enim
1647 3201 1943 3258 infantulus
1979 3205 2044 3258 ab
2078 3221 2174 3258 an-

605 3294 744 3365 gelo,
778 3295 870 3348 sed
903 3293 1064 3348 simul
1098 3294 1381 3352 Dominus.

676 3612 770 3667 24.
807 3611 993 3678 Neque
1040 3610 1141 3664 hoc
1182 3609 1296 3663 loco
1348 3622 1538 3663 rursus
1585 3607 2020 3671 obmurtnurent,
2062 3622 2186 3676 pas-

606 3704 819 3759 sionem
848 3702 1171 3770 obiicientes
1197 3709 1249 3754 et
1282 3700 1760 3764 resurrectionem,
1787 3708 1842 3751 et
1865 3699 2005 3766 quod
2036 3699 2180 3753 Deus

607 3797 756 3852 illum
793 3793 1312 3858 suscitaverit;jam
1345 3791 1490 3845 enim
1538 3792 1590 3844 in
1627 3789 2060 3857 praecedentibus
2088 3791 2182 3844 de-

607 3897 907 3942 monstrata
961 3885 1066 3938 fuit
1122 3884 1551 3952 dispensationis
1611 3882 1771 3934 ratio.
1827 3883 2079 3936 Attamen
2138 3883 2182 3936 si

607 3980 749 4034 forte
790 3980 953 4032 velint
999 3976 1305 4031 evidentius
1344 3975 1521 4027 adhuc
1577 3973 1810 4035 discere,
1861 3973 1984 4040 quis
2040 3983 2187 4028 esset

608 4072 698 4125 ille
725 4069 1040 4132 crucifixus,
1069 4068 1290 4119 audiant
1323 4064 1508 4118 mundi
1558 4064 1862 4127 doctorem,
1897 4064 1947 4117 id
1983 4062 2180 4118 Corin-

608 4162 738 4215 thiis
763 4161 1095 4214 scribentem
1135 4176 1147 4210 :
1175 4176 1191 4206 ι
1232 4157 1340 4224 Ego
1365 4156 1532 4221 enim,
1566 4153 1762 4223 inquit,
1796 4155 1978 4223 accepi
2011 4171 2038 4208 a
2072 4154 2182 4209 Do-

610 4255 779 4316 mino,
817 4261 871 4305 et
899 4251 1052 4304 vobis
1089 4249 1309 4310 tradidi,
1339 4247 1599 4316 quoniam
1639 4248 1899 4300 Dominus
1927 4246 2087 4301 Jesns
2109 4246 2179 4325 'in

609 4361 713 4412 qua
748 4353 904 4396 nocte
935 4341 1268 4398 tradebatur,
1292 4340 1502 4407 accepit
1525 4352 1719 4406 panem
1748 4338 1812 4402 ¹¹,
1847 4349 1926 4390 tet
1953 4338 2177 4405 reliqua.

607 4436 802 4490 Cernis
851 4449 972 4485 eum
1023 4431 1112 4498 qui
1165 4445 1260 4496 pro
1315 4428 1472 4481 nobis
1521 4442 1714 4494 passus
1754 4437 1861 4492 est,
1896 4426 2179 4479 Dominum

610 4528 784 4596 palam
821 4521 1204 4593 praedicatum?
1242 4519 1390 4584 Quod
1417 4521 1461 4573 si
1493 4520 1681 4581 verba,
1710 4537 1728 4568 ι
1770 4518 1914 4571 Deus
1947 4517 2118 4586 ipsum
2155 4532 2184 4571 e

612 4619 840 4672 mortuis
875 4615 1165 4670 suscitavit
1192 4613 1256 4671 ",
1277 4630 1292 4661 ι
1334 4609 1663 4664 οίῐυηιίἱουιο
1700 4610 2013 4662 hominibus
2039 4617 2184 4672 sunt,

612 4720 800 4780 utpote
823 4710 889 4763 de
927 4707 1146 4760 homine
1175 4703 1340 4765 dicta,
1375 4704 1547 4771 ipsum
1582 4701 1761 4754 adhuc
1790 4701 2012 4753 audiant
2039 4702 2185 4768 Apo-

612 4804 809 4859 stoluin
846 4803 985 4856 hanc
1013 4813 1227 4869 quoque
1262 4796 1623 4865 suspicionem
1663 4794 2046 4860 peritneutem.
2086 4794 2185 4847 Se-

613 4895 847 4949 cundutn
870 4893 1013 4947 enim
1049 4888 1475 4958 dispensationis
1508 4886 1771 4938 rationem
1815 4885 1930 4937 haec
1966 4884 2017 4936 in
2052 4898 2184 4936 san-

615 4988 720 5040 ctis
750 4985 896 5038 dicta
933 4990 1060 5036 sunt
1103 4978 1426 5047 Scripturis.
1462 4975 1595 5027 Nam
1628 4974 1770 5042 quod
1798 4973 2061 5027 Dominus
2095 4989 2183 5027 es-

615 5087 697 5133 set
732 5078 777 5130 is
801 5077 888 5142 qui
921 5075 972 5127 in
1007 5087 1175 5126 carne
1208 5084 1400 5138 passus
1433 5076 1516 5120 est
1539 5078 1592 5119 et
1625 5067 1945 5128 resurrexit,
1978 5075 2181 5130 etnon,

617 5181 674 5223 ut
707 5168 789 5220 isti
815 5168 991 5227 aiunt,
1020 5164 1183 5216 homo
1211 5159 1416 5213 habens
1444 5156 1683 5210 Verbum
1721 5156 2051 5215 inhabitans,
2085 5172 2183 5207 att-

619 5265 768 5316 diant
802 5256 1028 5313 Paulum
1063 5252 1326 5308 Romanis
1355 5251 1428 5304 ita
1461 5249 1526 5302 de
1569 5249 1879 5301 Abrahatuo
1911 5248 2187 5301 conliden-

621 5363 702 5408 ter
752 5351 1079 5405 scribentem
1119 5363 1132 5399 :
1189 5363 1206 5396 t
1255 5343 1371 5397 Non
1427 5343 1548 5411 ejus
1598 5355 1761 5396 causa
1819 5342 2191 5394 tantummodo

624 5443 821 5510 scripta
869 5449 997 5495 sunt
1040 5438 1174 5501 haec,
1222 5435 1316 5489 sed
1365 5435 1532 5486 etiam
1588 5440 1809 5500 propter
1847 5446 1964 5494 nos,
1997 5431 2195 5499 quibus

627 5533 1020 5603 reputabuntur
1067 5525 1415 5583 credentibus
1452 5525 1502 5578 itt
1539 5539 1684 5590 eum,
1723 5525 1814 5592 qui
1856 5521 2040 5575 Jesum
2094 5523 2198 5575 Dn-

713 5761 885 5814 1Luc.
923 5757 1097 5824 11,11.
1177 5757 1196 5788 ⁸
1223 5755 1351 5810 ibid.
1385 5755 1465 5809 1⁵2..
1562 5757 1580 5785 ⁹
1607 5756 1722 5808 Acl.
1756 5768 1805 5818 κ,
1838 5753 1923 5807 3G.

2029 5756 2067 5785 ¹⁰
2097 5753 2223 5809 Luc.
2263 5771 2298 5817 t,
2333 5751 2521 5806 lii-£3.

2280 1923 2536 1976 εστάλθαι
2569 1923 2732 1993 φησίς
2763 1923 2855 1976 καὶ
2891 1923 3108 1985 δεικνὺς
3163 1923 3347 1985 αὐτοῖς
3391 1923 3476 1984 τίς
3523 1921 3609 1990 εἴη
3657 1919 3872 1988 Ἰησοῦς

2279 2014 2533 2086 Χριστὸς,
2557 2034 2574 2066 t
2603 2007 2771 2077 Οὗτός
2797 2017 2963 2077 ἐστιν,
2989 2012 3116 2082 ἔφη,
3147 2013 3366 2065 πάντων
3387 2012 3615 2082 Κύριος.
3639 2029 3656 2062 ι
3698 2010 3873 2080 Ὁρᾷς

2276 2106 2339 2158 τὸ
2366 2105 2584 2174 βρέφος,
2614 2105 2822 2177 Κύριον
2848 2106 2940 2158 καὶ
2973 2106 3077 2159 ὑπὸ
3105 2106 3197 2159 τοῦ
3230 2104 3485 2172 ἀγγέλου,
3516 2103 3611 2157 καὶ
3641 2102 3746 2155 ὐπὸ
3768 2102 3869 2154 τοῦ

2279 2196 2486 2267 Πέτρου
2523 2196 2621 2268 [ita
2653 2206 2879 2266 uterque
2904 2198 3071 2252 codex
3091 2198 3207 2252 sine
3237 2194 3429 2267 verbo]
3452 2214 3465 2262 ;
3493 2193 3704 2249 Οὐκοῦν
3729 2194 3873 2246 Θεο-

2275 2287 2436 2351 τόκος
2465 2288 2850 2357 ἀναμφιὸόλως
2882 2289 2913 2359 ή
2943 2290 3035 2342 τὸν
3065 2288 3269 2355 Κύριον
3295 2288 3625 2356 γεννήσασα.
3671 2283 3871 2347 Οὕτως

2279 2381 2450 2450 αὐτὴν
2495 2380 2654 2450 καὶὴ
2707 2381 2801 2433 τοῦ
2853 2384 3125 2451 μακαρίου
3171 2380 3478 2433 Βαπτιστοῦ
3534 2382 3716 2450 μήτηρ
3757 2379 3871 2431 ὐπὸ

2279 2472 2596 2541 Πνεύματος
2621 2473 2775 2540 ἁγίου
2807 2473 3099 2541 κινουμένη
3129 2474 3598 2544 προσηγόρευσεν·
3625 2491 3642 2522 ι
3669 2471 3874 2538 Ἑπλήο

2285 2563 2385 2635 σθη
2427 2563 2558 2634 γὰρ,
2596 2565 2844 2634 (ρησὶν,ἠ
2890 2564 3173 2617 Ἐλισάΰετ
3209 2563 3528 2634 Πνεύματος
3569 2562 3872 2630 ἀγίου,καὶ

2280 2655 2572 2726 ἀνεϐόησεν
2594 2670 2605 2683 ·
2639 2655 2995 2725 Εὐλογημένη
3027 2656 3092 2707 σὺ
3136 2657 3194 2707 ὲν
3243 2655 3480 2723 γυναιξὶ,
3513 2654 3604 2706 καὶ
3631 2653 3872 2722 εὐλογη-

2283 2748 2442 2816 μένος
2465 2748 2492 2798 ό
2513 2746 2722 2816 καρπὸς
2744 2746 2842 2815 τῆς
2866 2745 3075 2808 κοιλίας
3101 2763 3216 2798 σου”
3245 2746 3338 2798 καὶ
3369 2743 3534 2796 πόθεν
3566 2761 3653 2813 μοι
3679 2743 3867 2807 τοῦτο,

2280 2837 2368 2890 ἵνα
2407 2839 2439 2905 ὴ
2495 2837 2677 2907 μήτηρ
2715 2835 2810 2890 τοῦ
2838 2837 3046 2907 Κυρίου
3087 2854 3188 2906 μου
3223 2836 3354 2906 ἔλθῃ
3390 2835 3526 2903 πρός
3565 2852 3661 2905 με;
3699 2854 3718 2886 ι
3766 2836 3870 2899 Τίς

2282 2930 2374 2981 ἐπὶ
2421 2927 2673 2981 τοσοῦτον
2717 2929 2980 2998 μέμηνεν,
3038 2928 3113 2991 ὠς
3150 2927 3223 2998 μὴ
3252 2927 3540 2997 βούλεσθαι
3579 2927 3718 2997 μετά
3757 2928 3873 2980 τῶν

2281 3020 2634 3089 Εὐαγγελίων
2682 3019 2945 3074 Θεοτόκον
2975 3021 3272 3074 ἀποκαλεῖν
3305 3020 3403 3091 τὴν
3453 3021 3612 3088 ἁγίαν
3648 3019 3871 3089 Παρθέ-

2284 3130 2406 3178 νον;
2456 3111 2546 3182 Μὴ
2570 3111 2749 3165 τοίνυν
2778 3111 2887 3164 τῶν
2912 3112 3312 3181 ἁκεραιοτέρων
3347 3112 3446 3173 τὰς
3474 3112 3644 3175 ἀκοὰς
3699 3110 3873 3181 θορυ-

2286 3203 2574 3269 6είτωσαν,
2611 3202 2823 3256 παιδίον
2871 3203 2966 3255 καὶ
3010 3202 3208 3274 βρέφος
3237 3202 3593 3272 ὀνομάζοντες
3616 3244 3631 3268 ,
3664 3203 3750 3255 ἵνα
3794 3201 3875 3271 μὴ

2285 3292 2406 3344 κατ’
2439 3291 2618 3360 ὀλίγον
2651 3291 2746 3344 καὶ
2795 3293 2976 3343 πᾶσαν
3007 3290 3175 3343 αὐτοῦ
3216 3292 3315 3359 τὴν
3357 3291 3651 3360 ἐπιδημίαν
3698 3292 3874 3360 ἀρνή-

2288 3400 2516 3436 σωνται·
2554 3383 2868 3454 ὠνόμασται
2921 3384 3030 3455 γὰρ
3080 3382 3282 3454 βρέφος
3327 3382 3433 3437 ὐπὸ
3465 3381 3559 3435 τοῦ
3607 3381 3874 3450 ἀγγέλου,

2285 3475 2400 3527 ἀλλ’
2432 3474 2548 3544 ἅμα
2582 3476 2676 3528 καὶ
2705 3475 2929 3547 Κύριος.

2357 3606 2456 3658 κδ’.
2496 3605 2635 3676 Μηδ’
2668 3607 2724 3657 ὲν
2750 3603 2924 3674 τούτῳ
2951 3604 3007 3657 δὲ
3035 3603 3196 3656 πάλιν
3215 3602 3652 3672 ψιθυριζέτωσαν
3679 3618 3739 3656 το
3771 3612 3878 3656 πα-

2289 3697 2378 3760 θος
2413 3696 2864 3768 προϐαλλόμενοι,
2899 3695 2992 3747 καὶ
3025 3695 3124 3764 τὴν
3155 3695 3472 3755 ἀνάστασιν,
3506 3693 3598 3745 καὶ
3626 3695 3707 3745 ὄτι
3736 3693 3878 3757 Θεὸς

2288 3789 2452 3841 αὐτὸν
2485 3788 2705 3858 ἤγειρεν
2726 3803 2738 3816 ·
2771 3786 2870 3856 ἤδη
2909 3785 3006 3854 μὲν
3032 3784 3141 3855 γὰρ
3167 3785 3261 3837 καὶ
3284 3786 3342 3836 ὲν
3367 3786 3480 3846 τοῖς
3504 3782 3876 3853 προλαϐοῦσιν

2277 3857 2666 3933 ’ἀποδέδεικται
2702 3878 2803 3947 τῆς
2844 3878 3157 3946 οἰκονομίας
3201 3877 3229 3928 ὁ
3284 3875 3458 3944 λόγος.
3495 3874 3641 3943 Πλὴν
3692 3874 3741 3925 εἰ
3775 3857 3903 3927 καὶ.

2290 3969 2669 4041 φανερώτερον
2701 3970 2994 4039 μανθάνειν
3015 3967 3316 4036 βούλονται,
3351 3968 3432 4029 τίς
3455 3969 3482 4018 ό
3515 3966 3879 4038 ἐσταυρωμέε-

2289 4081 2378 4126 νος
2403 4063 2672 4132 ὑπῆρχεν,
2709 4061 3061 4114 ἀκουέτωσαν
3097 4051 3190 4111 τοῦ
3228 4059 3326 4128 τῆς
3348 4056 3683 4127 ὀἰκουμένης
3720 4055 3876 4108 διδα-

2291 4154 2493 4206 σκάλου
2524 4193 2539 4216 ,
2594 4151 2752 4204 τοῦτο
2810 4149 3121 4220 Κορινθίοις
3173 4149 3616 4210 ἐπιστέλλοντοςο
3671 4166 3687 4198 t
3727 4145 3879 4213 Ἐγὼ

2289 4244 2419 4315 γὰρ,
2447 4245 2602 4313 φησὶ,
2627 4241 2939 4314 παρέλαϐον
2963 4240 3070 4292 ἀπὸ
3096 4239 3190 4295 τοῦ
3215 4240 3442 4309 Κυρίου,
3461 4239 3555 4291 καὶ
3579 4237 3880 4306 παρέδωκα

2291 4339 2440 4406 ὑμῖν,
2471 4337 2554 4388 ὅτι
2601 4337 2628 4387 ό
2663 4334 2866 4403 Κύριος
2921 4332 3128 4401 Ἰησοῦς
3163 4334 3227 4401 τῇ
3270 4332 3425 4382 νυκτὶ
3533 4328 3877 4399 παρεδίδοτο,

2289 4431 2480 4484 ἔλαϐεν
2511 4429 2693 4498 ἄρτον,
2718 4447 2736 4477 ι
2760 4427 2853 4479 καὶ
2881 4427 2948 4479 τὰ
2975 4425 3122 4495 ἑξῆς.
3161 4425 3398 4494 Θεωρεῖς
3431 4423 3522 4474 τὸν
3551 4421 3690 4491 ὑπὲρ
3713 4417 3880 4488 ἡμῶν

2292 4523 2558 4586 παθόντα,
2595 4521 2800 4591 Κύριον
2847 4518 3096 4588 φανερῶς
3131 4517 3566 4587 κηρυττόμενον;
3599 4515 3660 4566 Εἰ
3695 4511 3754 4564 δὲ
3781 4513 3881 4564 καὶ

2289 4617 2371 4679 τὸ,
2414 4635 2430 4665 ι
2455 4615 2512 4667 Ὀ
2540 4614 2672 4676 Θεὸς
2707 4613 2871 4666 αὐτὸν
2915 4611 3136 4680 ἤγειρεν
3169 4611 3232 4661 ὲκ
3259 4606 3489 4677 νεκρῶν,
3522 4624 3539 4656 ι
3583 4602 3881 4657 σκανδαλί-

2293 4709 2373 4771 ζει
2397 4706 2523 4768 τοὺς
2563 4701 2908 4772 ἀνθρώπους,
2947 4702 3023 4763 ὼς
3065 4700 3192 4769 περὶ
3221 4698 3515 4767 ἀνθρώπου
3555 4697 3880 4765 λεγόμενον,

2294 4797 2463 4850 αὐτοῦ
2492 4795 2656 4848 πάλιν
2688 4793 2782 4846 τοῦ
2815 4790 3142 4844 ’Δποστόλου
3165 4791 3258 4842 καὶ
3290 4787 3492 4857 ταύτην
3525 4787 3883 4841 ἀκουέτωσαν

2295 4885 2643 4956 ἀναιροῦντος
2671 4883 2769 4953 τὴν
2806 4883 3059 4935 ὑπόνοιαν
3081 4899 3093 4912 ’
3131 4877 3491 4948 οἰκονομικῶς
3531 4879 3637 4948 γὰρ
3665 4877 3731 4930 τὰ
3766 4895 3886 4931 τοι·

2295 4976 2432 5031 αῦτα
2449 4977 2507 5029 ὲν
2533 4977 2652 5037 ταῖς
2682 4973 2865 5041 ἁγίαις
2884 4971 3098 5043 εἴρηται
3114 4970 3510 5042 Γραφαῖς.”οτι
3537 4969 3645 5038 γὰρ
3668 4969 3886 5040 Κύριος

2291 5065 2358 5139 ἦν
2383 5071 2407 5122 ὁ
2424 5070 2488 5138 τῇ
2511 5066 2673 5137 σαρκί
2693 5065 2789 5120 καλ⁸
2806 5065 3028 5134 πάσχων
3048 5066 3140 5118 καὶ
3156 5063 3641 5132 ἀνιστάμενος,καὶ
3658 5061 3780 5129 οὐχ,
3802 5061 3884 5126 ὡς

2291 5159 2444 5212 αὐτοί
2463 5175 2645 5226 φασιν,
2660 5157 2756 5210 ἀνθ
2766 5173 2944 5225 ρωπος
2958 5156 3226 5224 ἐνοίκησιν
3239 5154 3376 5223 ἔχων
3393 5153 3486 5206 τοῦ
3508 5153 3703 5220 Λόγου,
3719 5153 3888 5206 ἀκου-

2294 5253 2498 5305 έτωσαν
2518 5249 2613 5302 τοῦ
2634 5249 2846 5301 Παύλου
2863 5247 3154 5316 Ῥωμαίοις
3171 5246 3311 5299 οὕτω
3337 5246 3621 5315 παρρησίᾳ
3645 5246 3886 5314 γράψον.

2293 5360 2383 5406 τος
2401 5344 2528 5412 περὶ
2553 5340 2647 5394 τοῦ
2683 5339 2933 5410 Ἀϐραάμ
2954 5357 2965 5368 ·
2998 5360 3014 5390 t
3042 5340 3154 5391 Οὐκ
3170 5339 3384 5408 ἐγράφη
3405 5338 3470 5390 δι’
3488 5339 3651 5389 αὐτὸν
3691 5337 3881 5407 μόνον,

2299 5435 2433 5488 ἀλλὰ
2451 5436 2545 5486 καὶ
2561 5434 2628 5485 δι’
2644 5434 2811 5503 ἡμᾶς,
2829 5429 2909 5494 οἷς
2928 5431 3110 5502 μέλλει
3127 5429 3439 5498 λογίζεσθαι
3456 5432 3568 5491 τοῖς
3589 5429 3882 5480 πιστεύου-

2298 5545 2381 5580 σιν
2413 5527 2505 5578 ὲπ“ι
2540 5525 2630 5579 τὸν
2662 5523 2952 5594 ἐγείραντα
2989 5521 3198 5592 Ἰησοῦν
3234 5521 3326 5573 τὸν
3367 5520 3575 5590 Κύριον
3621 5519 3783 5590 ἡμῶν
3814 5521 3880 5574 ἐκ

2605 5750 2685 5802 “l
2726 5749 2848 5804 Cor.
2889 5764 2962 5814 χι,
2993 5747 3084 5802 εδ.
3166 5749 3206 5778 ¹²
3234 5746 3353 5800 Act.
3388 5760 3446 5810 tt,
3483 5743 3573 5798 ει.
