4042 6496
181 370 282 428 285

1299 386 1490 453 QUOD
1532 388 1591 443 Β.
1634 389 1851 444 MAR”
1895 391 2001 446 SIT
2046 392 2363 448 DEIPARA.

3352 402 3455 456 ι286

181 488 414 558 νεκρῶν.
457 510 475 539 ι
512 493 795 557 Ἱικουσας
837 494 929 550 τὸν
962 497 1339 569 ἐγειρόμενον,
1365 503 1570 573 Κύριον
1607 524 1743 575 προσ

1849 507 2090 566 .ntinum
2141 519 2388 565 nostrum
2432 524 2462 565 e
2502 509 2733 564 mortuis
2757 511 3039 566 suscitavit
3080 512 3144 566 ‘3.
3185 531 3203 564 ι
3244 513 3453 567 Αιιιίὶςιὶ

181 581 593 650 αγορευόμενον
618 599 631 646 ;
662 585 880 654 Μηκέτι
911 588 1261 652 σκανδαλίζου
1290 592 1382 644 ἐπὶ
1419 597 1530 658 τοῖς
1568 598 1773 649 οἰκονο-

183 669 359 738 μικῶς
394 670 743 741 λεγομένοις.

241 856 344 902 κε’.
372 851 489 904 Καὶ
527 851 687 906 τοῦτο
706 855 761 907 δὲ
778 857 890 918 τοῖς
916 858 1225 928 εἰρημένοις
1250 864 1565 934 προσθεῖναι
1605 868 1764 938 ἀναγ-

176 945 329 993 καῖον
359 943 624 1013 ὑπάρχει,
662 946 749 998 ἵνα
781 950 854 1018 μή
877 966 960 1012 τις
993 951 1241 1025 ὑπολάϐῃ
1268 957 1449 1025 χάριτι
1471 959 1563 1009 καὶ
1585 960 1767 1025 αὐτὸν,

175 1033 435 1104 καθάπερ
467 1037 640 1103 ἡμᾶς.
679 1036 814 1090 Θεὸν
852 1042 947 1091 καὶ
985 1041 1188 1114 Κύριον
1217 1047 1310 1097 καὶ
1338 1046 1465 1099 Υἱὸν
1495 1065 1766 1119 προσαγο-

177 1125 500 1194 ρευόμενον.
551 1128 743 1197 Ἡμεῖς
781 1131 880 1199 μὲν
909 1132 1016 1202 γὰρ
1053 1136 1101 1186 εί
1141 1137 1236 1188 καὶ
1267 1137 1581 1209 καλούμεθα
1631 1142 1764 1206 θεοὶ,

173 1217 308 1268 ἀλλὰ
353 1218 522 1271 πάλιν
573 1220 850 1291 ἀκούομεν
898 1226 992 1277 καὶ
1035 1227 1132 1296 τῆς
1179 1229 1463 1294 ἀσθενείας
1504 1232 1659 1302 ἡμῶν
1708 1234 1766 1286 τὸ

175 1312 374 1383 μέτρον
400 1328 416 1344 ο
460 1330 480 1362 ι
521 1310 665 1378 Ἐγὼ
695 1311 806 1380 γὰρ
837 1310 986 1376 εἶπα,
1025 1318 1177 1385 φησὶ,
1203 1319 1327 1371 Θεοί
1360 1322 1504 1384 ἐστε,
1539 1323 1628 1374 καὶ
1659 1325 1766 1376 υἱοὶ

181 1401 472 1469 Ὑψίστου·
511 1420 531 1452 ι
565 1401 680 1453 ἀλλ’
715 1402 921 1467 εὐθέως
952 1407 1146 1474 ἐπάγει
1167 1425 1180 1438 ·
1217 1428 1235 1459 ι
1268 1409 1456 1478 Ὑμεῖς
1486 1411 1542 1464 δὲ
1573 1412 1646 1475 ὡς
1672 1413 1766 1467 ἄν-

170 1493 384 1563 θρωποι
428 1495 841 1563 ἀποθνήσκετε·
877 1514 895 1546 ι
933 1498 1026 1549 καὶ
1051 1497 1208 1568 δῆλον
1248 1500 1324 1564 ὡς
1357 1502 1455 1574 τὴν
1488 1519 1761 1573 προσηγο-

168 1588 291 1656 ρίαν
340 1587 491 1639 κατὰ
525 1587 692 1656 χάριν
726 1588 1078 1658 ἐσχήκαμεν·
1114 1591 1279 1656 αὐτὸς
1321 1594 1378 1646 δὲ
1423 1595 1521 1665 οὐχ
1565 1595 1758 1661 οὕτως,

166 1676 302 1728 ἀλλὰ
343 1675 490 1744 μετὰ
533 1676 638 1745 τῆς
677 1675 1021 1746 θεοπρεποῦς
1080 1679 1238 1750 δόξης
1297 1684 1391 1735 καὶ
1448 1685 1546 1754 τὴν
1595 1703 1761 1756 προσ.

163 1769 400 1839 ηγορίαν
434 1767 575 1837 ἔχει.
624 1767 890 1821 Καλεῖται
922 1771 1030 1840 γὰρ
1079 1771 1175 1841 οὐχ
1223 1773 1405 1838 ἁπλῶς
1439 1774 1590 1841 Θεὸς,
1623 1777 1758 1830 ἀλλὰ

1881 614 2003 653 eum
2032 599 2122 669 qui
2159 601 2458 655 suscitatus
2492 601 2616 666 fuit,
2656 601 2946 656 Dominum
2981 603 3347 673 appellatum?
3378 603 3452 658 Ne

1877 705 2010 760 ergo
2062 707 2182 760 qua:
2235 694 2530 747 secundum
2582 694 3042 761 dispensationem
3096 706 3224 751 sunt
3279 697 3446 760 dicta,

1876 782 2137 836 seandalo
2173 782 2266 837 tibi
2295 785 2422 837 sint.

1947 873 2040 926 25.
2066 873 2176 928 Sed
2201 883 2255 928 et
2278 874 2422 928 aliud
2451 876 2728 944 praedictis
2754 878 3062 931 necessario
3085 876 3445 947 adjiciendum

1872 975 1974 1032 est,
2007 981 2076 1021 ne
2111 967 2232 1037 quis
2275 969 2585 1036 suspicetur
2639 970 2816 1038 ipsum
2865 971 3124 1040 gratiose,
3160 971 3305 1027 sicut
3347 986 3444 1024 no-

1869 1059 1953 1114 bis
1980 1061 2256 1122 usuvenit,
2294 1070 2348 1114 et
2385 1060 2551 1114 Deum
2601 1059 2770 1116 fuisse
2794 1061 3121 1130 appellatum
3163 1071 3215 1116 et
3261 1061 3444 1116 Domi-

1868 1164 1996 1204 num
2023 1160 2184 1219 atque
2214 1150 2432 1205 Filium.
2476 1150 2586 1207 Nos
2615 1152 2813 1221 quippe
2853 1153 3066 1206 etiamsi
3101 1152 3173 1206 dii
3207 1151 3444 1220 appelle-

1868 1259 2010 1309 mur,
2042 1242 2215 1296 nihilo
2243 1251 2420 1296 tamen
2455 1242 2634 1297 minus
2666 1241 3002 1297 inﬁrmitatis
3033 1241 3192 1296 simul
3240 1251 3443 1297 nostra:

1867 1333 2141 1388 modulum
2183 1333 2459 1404 audimus.
2496 1353 2512 1383 ι
2553 1332 2665 1403 Ego
2697 1333 2840 1386 enim
2889 1333 3038 1399 dixi,
3078 1331 3254 1400 inquit
3291 1331 3438 1386 Psal-

1866 1427 2049 1490 mista,
2073 1425 2156 1479 Dii
2204 1425 2338 1480 estis
2370 1433 2424 1478 et
2451 1424 2716 1479 Altissimi
2760 1423 2854 1477 ﬁlii
2888 1423 2953 1477 “.
2990 1442 3008 1476 ι
3055 1423 3160 1477 Sed
3192 1423 3441 1492 protinus

1864 1516 2049 1570 addit:
2073 1535 2091 1567 ‹
2115 1516 2220 1570 Vos
2242 1526 2424 1569 autem
2450 1524 2509 1567 ut
2533 1514 2781 1568 homines
2805 1525 3034 1569 mortem
3061 1513 3307 1584 patimini
3327 1513 3390 1564 ".
3414 1531 3436 1565 ι

1863 1609 2026 1665 Certe
2053 1615 2270 1664 constat
2301 1608 2399 1662 hac
2423 1622 2522 1661 nos
2555 1605 2919 1676 appellatione
2949 1605 3168 1661 nonnisi
3191 1619 3286 1673 per
3311 1619 3438 1673 gra-

1863 1700 1992 1754 tiam
2025 1699 2151 1753 frui.
2181 1697 2296 1753 Non
2323 1697 2402 1753 sic
2427 1697 2560 1766 ipse,
2597 1696 2691 1750 sed
2727 1711 2850 1750 cum
2887 1696 3046 1766 digna
3093 1696 3206 1750 Deo
3263 1694 3436 1765 gloria

1862 1806 2055 1846 nomen
2087 1805 2306 1861 quoque
2338 1790 2498 1860 gerit.
2525 1788 2764 1843 Vocatur
2787 1803 2892 1842 non
2927 1787 3252 1857 simpliciter
3272 1787 3437 1851 Deus,

164 1860 295 1922 Θεὸς
331 1860 431 1911 ἐπὶ
471 1859 716 1923 πάντων,
757 1860 852 1912 καὶ
887 1861 1182 1945 εὐλογητὸς
1211 1867 1291 1928 εἰς
1344 1867 1470 1929 τοὺς
1514 1869 1743 1931 αἰῶνας

1862 1885 1957 1939 sed
1997 1899 2160 1953 super
2188 1884 2368 1938 omnia
2419 1880 2579 1945 Deus,
2606 1888 2658 1934 et
2693 1880 3012 1936 benedictus
3057 1879 3109 1932 in
3141 1879 3335 1933 saecula
3366 1878 3432 1931 η.

163 1952 412 2004 καλεῖται
441 1951 500 2004 δὲ
528 1952 692 2004 πάλιν
734 1953 830 2004 καὶ
878 1953 1105 2026 Κύριος,
1138 1958 1239 2009 οὐκ
1289 1957 1513 2028 ὀνόματι
1570 1961 1753 2030 μόνον,

161 2041 351 2109 ῶσπερ
396 2042 586 2110 ἡμεῖς,
620 2040 756 2093 ἀλλὰ
811 2042 1014 2110 Κύριος
1043 2045 1144 2112 τῆς
1194 2048 1373 2117 δόξης,
1410 2050 1505 2101 καὶ
1549 2049 1755 2121 Κύριος

162 2135 409 2196 πάντων,
459 2131 536 2194 ὡς
570 2133 597 2185 6
651 2133 862 2203 Πέτρος
904 2135 1174 2202 ἐδίδαξεν·
1219 2138 1512 2209 λεγόμενος
1558 2141 1614 2194 δὲ
1661 2146 1754 2197 καὶ

162 2223 306 2287 Υἱὸς,
344 2225 473 2278 οὐδὲ
522 2223 687 2278 τοῦτο
723 2225 982 2299 καθάπερ
1011 2229 1174 2298 ἡμεῖς
1210 2230 1398 2294 ἁπλῶς
1429 2231 1569 2298 υίὸς,
1616 2234 1754 2289 ἀλλὰ

158 2316 287 2378 Υἱὸς
345 2319 537 2386 μόνος,
588 2321 680 2372 καὶ
731 2319 984 2391 ἀληθινὸς
1034 2321 1156 2374 κατ’
1183 2323 1414 2386 οὐσίαν,
1457 2323 1532 2388 ὦς
1588 2343 1755 2397 φησιν

169 2409 429 2478 Ἰωάννης
453 2428 465 2440 ·
501 2430 517 2460 ι
546 2411 657 2463 Καὶ
688 2412 855 2480 ἐσμὲν
889 2414 946 2465 ὲν
987 2413 1065 2483 τῷ
1104 2414 1346 2484 ἀληθινῷ
1390 2415 1528 2487 Θεῷ,
1561 2421 1653 2471 καὶ
1693 2421 1750 2473 ὲν

154 2499 228 2568 τῷ
258 2497 379 2569 Υἱῷ
410 2499 584 2552 αὐτοῦ
602 2517 613 2528 ·
645 2495 800 2581 οὗτός
823 2502 970 2554 ἐστιν
999 2505 1025 2554 6
1055 2504 1312 2573 ἀληθινὸς
1338 2506 1493 2569 Θεὸς,
1517 2510 1611 2560 καὶ
1636 2510 1749 2581 ζωὴ

154 2590 397 2653 αἰώνιος.
425 2610 443 2641 ι
480 2579 864 2663 Φανερῶτερον
896 2592 953 2644 δὲ
985 2593 1176 2646 τοῦτον
1204 2597 1232 2648 ὁ
1261 2597 1559 2661 ἀπόστολος
1598 2601 1746 2654 Παῦ-

153 2682 237 2746 λος
264 2684 378 2735 άπὸ
407 2684 517 2737 τῶν
551 2684 760 2736 πολλῶν
787 2683 1009 2756 διορίζει
1041 2685 1117 2750 ὼς
1150 2687 1310 2757 μόνον
1334 2690 1588 2744 καὶκατὰ
1612 2692 1747 2763 ἀλή-

153 2775 304 2828 θειαν
329 2776 463 2828 Υἱόν
490 2793 502 2803 ·
536 2777 686 2844 λέγει
713 2776 822 2846 γὰρ
843 2777 1044 2842 οὕτως·
1084 2797 1100 2828 ι
1139 2779 1251 2831 Καὶ
1285 2779 1394 2852 γὰρ
1421 2782 1578 2854 εἴπερ
1609 2786 1748 2837 εἰσὶν

150 2866 441 2936 λεγόμενοι
474 2867 607 2930 θεοὶ,
645 2868 753 2921 εἴτε
801 2870 860 2921 ὲν
890 2870 1124 2941 οὐρανῷ,
1175 2872 1283 2925 εἴτε
1331 2875 1424 2927 ἐπὶ
1475 2878 1575 2947 τῆς
1617 2878 1744 2946 γῆς,

151 2955 339 3026 ὥσπερ
371 2959 516 3009 είσὶν
567 2958 680 3010 Θεοὶ
736 2960 926 3012 πολλοὶ
983 2963 1078 3013 καὶ
1136 2963 1318 3032 κύριοι
1361 2965 1547 3019 πολλοὶ
1585 2967 1744 3035 λεγό-

152 3067 320 3118 μενοι·
360 3068 377 3098 ι
416 3049 582 3102 πάλιν
614 3049 702 3102 ἵνα
730 3048 829 3120 [ita
861 3050 1033 3105 codex
1067 3052 1322 3123 uterque]
1354 3057 1502 3124 νοῇς,
1539 3076 1556 3107 ι
1599 3059 1744 3110 Ἀλλ’

147 3144 274 3213 ἡμῖν
303 3137 388 3204 εἷς
410 3142 548 3203 Θεὸς
579 3144 606 3195 6
639 3143 830 3214 Πατὴρ
861 3143 922 3208 ἐξ
959 3135 1020 3196 οὗ
1051 3144 1120 3195 τὰ
1152 3145 1350 3208 πάντα,
1381 3146 1473 3198 καὶ
1507 3141 1589 3209 εἷς
1626 3149 1742 3201 Κύ-

148 3252 256 3305 ριος
291 3235 508 3305 Ἰησοῦς
543 3237 781 3306 Χριστὸς
805 3237 871 3289 δι’
902 3231 962 3291 οὗ
984 3236 1051 3290 τὰ
1086 3236 1287 3290 πάντα.
1323 3255 1339 3287 ι
1384 3237 1550 3309 ὐρᾷς
1582 3239 1658 3303 ὡς
1681 3241 1741 3293 οὐ

150 3328 288 3396 μετὰ
325 3329 551 3381 πάντων
575 3329 742 3390 αὐτὸς
772 3329 976 3400 Κύριος
1008 3329 1040 3399 ἢ
1065 3329 1195 3392 Θεὸς
1230 3329 1576 3399 ὀνομάζεται,
1606 3331 1742 3386 ἀλλὰ

149 3421 304 3489 μόνος
328 3419 410 3489 τῷ
437 3421 614 3491 Πατρὶ
641 3419 1044 3486 συνδοξάξεται,
1073 3421 1146 3485 ὼς
1173 3421 1232 3485 ἐξ
1264 3421 1431 3474 αὐτοῦ
1465 3424 1605 3475 κατὰ
1637 3423 1741 3491 φύ-

147 3529 224 3564 σιν
262 3511 537 3580 ὑπάρχων
561 3526 574 3574 ;

207 3600 324 3667 κς’.
368 3602 580 3672 Καιρος
608 3601 666 3654 δὲ
696 3601 905 3666 λοιπὸν,
942 3602 1035 3656 καὶ
1077 3602 1175 3673 τὴν
1216 3604 1410 3674 ἑτέραν
1444 3604 1537 3657 τοῦ
1580 3606 1741 3658 Ἀπο-

144 3696 324 3748 στόλου
369 3695 689 3765 μαρτυρίαν
725 3696 805 3758 εἰς
843 3695 1006 3765 μέσον
1030 3700 1394 3767 παραγαγεῖν,
1432 3697 1621 3750 τοῦτον
1649 3699 1740 3752 τὸν

141 3785 394 3856 ἀληθινὸν
437 3785 570 3838 Θεὸν
599 3785 753 3858 [Θεόν
786 3789 942 3841 abest
989 3788 1056 3841 ab
1080 3804 1187 3842 uno
1221 3805 1250 3842 c
1272 3788 1574 3859 codicibus]
1610 3790 1738 3842 Υἱὸν

141 3876 433 3930 δεικνῦσαν
459 3874 607 3944 [cod.
635 3887 864 3944 uterque
894 3877 1127 3949 δεικνύς]
1158 3879 1442 3950 ἄνθρωπον
1471 3875 1611 3932 εἶναι
1646 3881 1737 3933 τὸν

141 3967 198 4017 ὲκ
247 3968 349 4036 τῆς
398 3965 841 4035 καλλιπαρθένου
895 3965 1195 4035 τεχθέντα⁶
1248 3970 1359 4038 ἔχει
1413 3969 1469 4022 δὲ
1522 3971 1730 4033 οὕτως·

146 4078 162 4110 ι
193 4061 323 4112 Ὅτε
361 4060 419 4112 δὲ
443 4054 613 4128 ἦλθεν
634 4058 696 4110 τὸ
732 4058 1009 4130 πλήρωμα
1038 4059 1133 4112 τοῦ
1167 4061 1383 4130 χρόνου,
1418 4063 1736 4125 ὲξαπέστειυ

139 4152 223 4201 λεν
251 4151 278 4202 6
301 4150 440 4211 Θεὸς
467 4149 562 4201 τὸν
591 4149 723 4201 Υἱὸν
759 4149 928 4201 αὐτοῦ
970 4151 1261 4221 γενόμενον
1291 4153 1354 4203 ἐκ
1384 4154 1672 4219 γυναικός·
1709 4172 1727 4204 ›

142 4241 328 4310 μηδεὶς
377 4241 437 4292 δὲ
489 4239 654 4293 τοῦτο
694 4240 876 4308 λέγειν
923 4243 1263 4312 ἐρυθριάτω·
1315 4243 1571 4313 οὐδεμίαν
1624 4246 1733 4317 γὰρ

142 4332 294 4403 ὓϐριν
332 4331 499 4384 τοῦτο
538 4331 618 4400 τῷ
647 4333 810 4402 Λόγῳ
841 4335 1017 4403 φέρει,
1054 4333 1464 4405 φιλανθρωπίαν
1507 4335 1561 4388 δὲ
1599 4337 1734 4405 μᾶλ-

139 4425 241 4490 ὶον,
275 4426 375 4478 καὶ
425 4424 587 4488 δόξαν
637 4425 727 4476 διὰ
771 4426 930 4478 τοῦτο
976 4428 1201 4498 ἄπειρον
1242 4428 1336 4480 καὶ
1389 4429 1727 4500 ἀμέτρητον.

1859 1974 2102 2030 Vocatur
2132 1974 2256 2029 item
2292 1973 2576 2040 Dominus,
2603 1987 2709 2028 non
2740 1972 2959 2026 nomine
3001 1979 3182 2033 tenus,
3221 1978 3279 2024 ut
3312 1983 3432 2031 nos,

1858 2070 1952 2123 sed
1993 2068 2181 2138 gloriae
2219 2066 2504 2129 Dominus,
2543 2066 2914 2133 Dominusque
2956 2063 3219 2128 onmium,
3254 2071 3311 2114 ut
3337 2062 3436 2115 Pe-

1858 2172 1974 2215 trus
2011 2161 2195 2215 docuit
2230 2161 2292 2214 ³⁷.
2324 2159 2533 2214 Dicitur
2564 2161 2726 2214 etiam
2752 2156 2956 2222 Filius;
2988 2166 3043 2209 at
3081 2171 3149 2208 ne
3174 2153 3276 2209 hoc
3308 2154 3434 2222 qui-

1856 2252 1977 2307 dem
2013 2261 2074 2305 ut
2098 2266 2198 2305 nos
2229 2250 2570 2320 simpliciter,
2616 2250 2711 2305 sed
2753 2249 2945 2302 unicus
2987 2246 3177 2309 Filius,
3210 2255 3263 2300 et
3300 2247 3434 2301 suh-

1854 2344 2188 2399 stantialiter
2241 2356 2407 2397 verus
2434 2383 2449 2408 ,
2479 2354 2539 2396 ut
2574 2342 2652 2395 ait
2683 2339 2922 2394 Joannes
2959 2353 2974 2392 :
3007 2355 3026 2388 ‹
3065 2336 3131 2390 Et
3158 2352 3344 2391 sumus
3376 2337 3432 2390 in

1854 2450 1985 2489 vero
2020 2434 2150 2499 Deo,
2195 2442 2248 2487 et
2283 2434 2336 2487 in
2378 2433 2517 2487 Filio
2554 2431 2690 2500 ejus.
2724 2431 2825 2485 llic
2857 2445 3013 2485 verus
3044 2429 3187 2484 Deus
3231 2437 3335 2493 est,
3377 2438 3433 2482 et

1854 2527 1961 2579 vita
1983 2536 2185 2580 aeterna
2213 2525 2281 2578 ’⁸.
2326 2543 2344 2576 ›
2386 2523 2721 2578 Manifestius
2757 2533 2936 2577 autem
2981 2522 3124 2576 hunc
3156 2522 3432 2591 apostolus

1851 2618 2053 2672 Paulus
2081 2633 2109 2670 a
2143 2616 2327 2670 multis
2363 2617 2641 2680 discernit,
2673 2623 2859 2684 utpote
2886 2613 3060 2668 solum
3097 2623 3146 2668 et
3176 2627 3304 2667 vere
3336 2611 3431 2666 Fi-

1853 2709 2002 2765 lium.
2031 2711 2121 2763 Ait
2149 2710 2293 2764 enim
2325 2709 2404 2764 sic
2444 2725 2459 2762 :
2495 2727 2514 2759 ‹
2551 2705 2686 2760 Nam
2718 2707 2820 2761 etsi
2859 2713 2988 2759 sunt
3033 2705 3122 2774 qui
3169 2705 3429 2758 dicuntur

1852 2796 1947 2861 dii,
1977 2798 2091 2851 sive
2123 2797 2173 2849 in
2213 2796 2373 2860 caelo,
2406 2796 2522 2851 sive
2555 2811 2721 2864 super
2753 2805 2982 2858 terram,
3032 2793 3191 2848 sicuti
3237 2807 3426 2847 revera

1851 2896 1976 2940 sunt
2027 2888 2098 2941 dii
2151 2888 2341 2951 multi,
2379 2897 2432 2939 et
2471 2886 2621 2939 multi
2654 2886 2743 2954 qui
2774 2885 3028 2939 dicuntur
3057 2883 3258 2938 domini
3289 2883 3368 2949 “;
3402 2902 3423 2935 ι

1849 2977 2030 3032 subdit
2060 2986 2117 3031 ut
2138 2979 2439 3046 intelligas:
2466 2995 2483 3028 ι
2508 2976 2674 3029 Nobis
2710 2986 2887 3028 tamen
2914 2990 3057 3030 unus
3091 2975 3232 3028 Deus
3261 2973 3427 3028 Pater

1849 3084 1912 3124 ex
1940 3084 2049 3138 quo
2080 3070 2356 3133 omnia,et
2379 3084 2517 3122 unus
2551 3066 2816 3122 Dominus
2851 3065 3008 3121 Jesus
3048 3065 3300 3121 Christus
3329 3081 3426 3135 per

1848 3175 2007 3228 quem
2048 3163 2226 3215 omnia
2254 3162 2318 3214 ὀ.
2363 3180 2379 3211 ι
2416 3159 2627 3224 Cernis,
2669 3159 2812 3227 quod
2855 3173 2963 3213 non
3009 3174 3130 3213 cum
3171 3159 3427 3213 omnibus

1847 3251 1963 3319 ipse
2008 3250 2270 3304 Dominus
2321 3251 2404 3303 vel
2446 3251 2588 3304 Deus
2633 3251 2969 3316 nominatur,
3000 3250 3093 3304 sed
3132 3264 3268 3303 unus
3301 3264 3422 3302 cum

1846 3342 2007 3398 Patre
2066 3343 2425 3414 gloriﬁcatur,
2485 3355 2744 3410 tanquam
2805 3356 2868 3396 ex
2926 3341 3045 3410 ipso
3098 3339 3426 3395 naturaliter

1844 3432 2151 3488 exsistens?

1913 3605 2006 3659 26.
2048 3603 2307 3674 Superest
2360 3613 2417 3658 ut
2465 3604 2610 3658 aliud
2656 3606 2898 3673 Apostoli
2947 3607 3316 3661 testimonium
3366 3605 3419 3659 in

1844 3699 2079 3750 medium
2112 3695 2476 3765 proferamus,
2515 3699 2657 3764 quod
2705 3699 2849 3752 hunc
2885 3713 3071 3752 verum
3118 3699 3284 3751 Deum
3339 3695 3422 3750 Fi-

1840 3788 1974 3841 lium
2008 3787 2248 3841 ostendit
2275 3803 2396 3841 esse
2426 3787 2722 3852 hominem,
2755 3803 2912 3857 quem
2944 3790 3162 3860 egregia
3207 3790 3419 3858 peperit

1841 3879 2027 3945 Virgo.
2065 3878 2136 3931 lta
2178 3893 2310 3931 vero
2351 3893 2410 3932 se
2453 3879 2655 3932 habet:
2703 3896 2721 3929 ‹
2762 3879 2897 3932 Cum
2949 3881 3098 3933 venit
3139 3879 3419 3948 plenitudo

1841 3971 2124 4039 temporis,
2158 3970 2302 4022 misit
2348 3970 2495 4023 Deus
2543 3969 2739 4024 Filium
2773 3985 2927 4024 suum
2970 3970 3169 4025 factum
3199 3986 3263 4024 ex
3301 3987 3419 4024 mu-

1838 4062 1976 4116 liere
2001 4062 2067 4114 ²¹.
2106 4080 2124 4112 ι
2162 4059 2440 4114 Neminem
2474 4075 2640 4128 porro
2671 4063 2772 4115 hoc
2796 4063 2980 4116 dicere
3009 4063 3238 4129 pudeat;
3272 4063 3417 4116 nulla

1835 4153 1979 4205 enim
2018 4152 2141 4207 hinc
2164 4152 2362 4220 injuria
2392 4150 2568 4205 Verbo
2603 4151 2682 4215 ﬁt,
2718 4151 3027 4221 benignitas
3064 4166 3191 4205 vero
3224 4151 3417 4224 1M1:

1837 4241 2016 4309 potius
2059 4241 2312 4308 patescit,
2351 4251 2404 4294 et
2443 4239 2616 4308 gloria
2658 4240 2872 4293 inﬁnita
2906 4249 3072 4309 atque
3122 4241 3415 4296 immensu-

1836 4331 2047 4385 rabilis.
2093 4331 2228 4384 Nam
2271 4331 2412 4398 quod
2465 4331 2598 4384 nihil
2645 4331 2772 4385 inde
2817 4328 3053 4385 Verbum
3103 4332 3411 4388 detrimenti

1836 4425 2036 4492 capiat,
2069 4438 2190 4477 cum
2223 4424 2296 4477 sit
2331 4423 2654 4491 intangibile
2697 4433 2890 4490 suapte
2924 4432 3141 4488 natura,
3174 4424 3416 4492 impassi-

140 4517 256 4571 Ὀτι
285 4518 401 4586 γὰρ
430 4516 586 4568 οὐδὲν
621 4519 685 4569 ὲκ
716 4515 909 4569 τούτου
940 4519 967 4571 6
992 4518 1165 4586 Λόγος
1202 4519 1521 4583 ὲ6)ἁπτετο,
1553 4521 1727 4590 ἄψαυ-

1853 4517 1963 4581 ›ἰΙε,
1998 4523 2052 4568 et
2103 4514 2635 4582 incircumscriptum
2665 4552 2680 4578 ,
2723 4515 2816 4569 sed
2844 4513 3104 4569 inetl‘abili
3144 4531 3240 4570 sua
3287 4531 3414 4587 erga

141 4625 255 4671 στος
287 4608 561 4676 ὑπάρχων
594 4606 694 4676 τὴν
731 4606 893 4676 φύσιν
930 4608 1022 4660 καὶ
1051 4608 1268 4678 ἀπαθὴς
1298 4611 1392 4661 καὶ
1419 4609 1726 4681 ἀπερίγραο

140 4716 249 4766 φος,
285 4699 522 4771 ἀρρήτῳ
556 4697 612 4748 δὲ
649 4698 1032 4770 φιλανθρωπίᾳ
1078 4699 1139 4751 τὸ
1180 4700 1415 4770 πρᾶγμα
1450 4701 1723 4772 διήνυσεν,

139 4790 291 4843 ἄκουε
329 4791 499 4844 πάλιν
552 4787 719 4841 αὐτοῦ
760 4788 853 4841 τοῦ
878 4788 1090 4842 Παύλου
1127 4789 1285 4842 τοῦτο
1343 4791 1720 4854 διδάσκοντος·

144 4901 160 4932 ι
180 4882 388 4953 Ἰησοῦς
423 4880 685 4952 Χριστὸς,
726 4881 910 4950 φησιν,
937 4881 1062 4950 χθὲς
1098 4881 1193 4934 καὶ
1212 4881 1474 4951 σήμερον,
1499 4883 1525 4934 6
1561 4882 1725 4944 αὐτὸς

140 4975 224 5026 καὶ
245 4975 326 5037 είς
341 4973 474 5036 τοὺς
486 4972 713 5034 αίῶνας·
727 4989 745 5022 ι
769 4971 827 5023 τὸ
846 4971 973 5042 γὰρ,
998 4969 1146 5040 χθὲς,
1161 4969 1352 5036 λέγων,
1369 4972 1468 5041 τὴν
1486 4970 1724 5043 προαιὼ-

139 5083 238 5119 νιον
264 5065 436 5119 αὐτοῦ
467 5063 728 5134 σημαίνει
756 5061 943 5128 δόξαν·
968 5062 1029 5114 τὸ
1056 5061 1114 5114 δὲ
1143 5063 1402 5133 σήμερον,
1426 5062 1723 5125 ἐνεστῶτος

140 5158 323 5228 καιροῦ
374 5157 619 5209 ποιεῖται
661 5152 1036 5224 σημαντικόν·
1075 5153 1170 5204 καὶ
1210 5153 1290 5205 ὅτι
1341 5153 1440 5204 οὐκ
1481 5152 1719 5222 ἐτράπη,

141 5251 240 5300 ἀλλ’
271 5252 354 5302 ὅτι
387 5251 416 5302 6
443 5247 611 5309 αὐτὸς
641 5246 856 5316 ἔμεινεν
884 5245 977 5297 καὶ
1005 5245 1061 5296 ἐν
1097 5245 1262 5315 σαρκὶ
1287 5244 1599 5313 γενόμενος,
1629 5244 1724 5296 καὶ

142 5339 281 5394 ἔσται
336 5343 423 5402 εἰς
451 5339 580 5401 τοὺς
608 5336 834 5402 αἰῶνας,
868 5336 1172 5404 ἐπήγαγεν,
1226 5354 1244 5386 ι
1274 5339 1300 5389 6
1323 5335 1486 5398 αὐτὸς
1527 5335 1621 5388 xui.
1644 5337 1723 5398 εἰς

142 5433 254 5496 τούς
289 5433 520 5494 αἰῶνας.
551 5449 568 5481 ›
604 5430 732 5482 Ὅτε
766 5427 946 5481 τοίνυν
961 5426 1133 5480 ταῦτα
1157 5427 1328 5491 οὕτως
1348 5428 1478 5498 ἔχει,
1526 5427 1720 5496 φιλαν-

145 5524 349 5594 θρωπίᾳ
397 5522 616 5594 μεγάλη
648 5521 746 5591 τὴν
805 5521 884 5584 είς
939 5520 1086 5590 ἡμᾶς
1125 5519 1345 5590 ἀγάπην
1395 5519 1717 5586 ἐνεδείξατο,

876 5725 918 5757 ¹δ
949 5726 1085 5780 Psal.
1121 5741 1305 5786 uxxt,
1337 5726 1390 5778 6.

216 5730 256 5760 ”
281 5730 436 5782 Rom.
475 5727 670 5793 “1,95,
704 5725 792 5778 Ἡ.
876 5725 918 5757 ¹δ
949 5726 1085 5780 Psal.
1121 5741 1305 5786 Lxxxt,
1337 5726 1390 5778 6.
1473 5726 1508 5756 ¹⁵

216 5799 376 5850 lCor.
406 5816 525 5850 \‘lll.
562 5799 617 5850 5.
696 5798 740 5828 ²⁰
769 5797 898 5850 ibid.
936 5799 987 5850 6.
1085 5799 1126 5827 ’⁸
1153 5797 1328 5850 Gaiat.
1365 5812 1437 5850 iv.
1481 5797 1508 5848 ιί

153 5797 224 5851 ³⁸1
253 5801 376 5854 Cor.
406 5791 617 5863 \‘tit,5.
668 5791 740 5828 “²⁰
769 5797 898 5850 ibid.
936 5799 987 5850 6.

1473 5726 1510 5756 ¹⁵
1537 5725 1665 5779 ibid.
1705 5727 1756 5778 7.

1613 5799 1656 5826 ”
1685 5795 1844 5850 llebr.
1883 5812 2000 5860 xm,
2035 5798 2086 5851 8.

1838 4607 2088 4661 homines
2124 4606 2370 4660 bonitate
2407 4605 2458 4658 id
2493 4604 2753 4668 eﬁecerit,
2791 4606 2915 4659 audi
2964 4621 3154 4660 rursus
3190 4606 3413 4660 Paulum

1839 4699 1942 4752 hoc
1993 4698 2316 4751 docentem:
2355 4715 2372 4747 ι
2411 4695 2573 4751 Jesus
2602 4696 2884 4763 Christus,
2943 4698 3156 4766 inquit,
3200 4698 3318 4753 heri
3362 4709 3415 4753 et

1834 4788 2015 4854 hodie,
2049 4789 2188 4842 idem
2206 4797 2260 4842 et
2284 4788 2335 4840 in
2373 4786 2570 4840 srecula
2604 4787 2671 4840 ”.
2705 4805 2723 4837 ι
2757 4786 2892 4840 Cum
2923 4788 3056 4841 dicit
3086 4788 3228 4854 heri,
3270 4805 3413 4844 sem-

1836 4882 2102 4949 piternam
2147 4879 2264 4946 ejus
2297 4879 2429 4933 dicit
2478 4877 2729 4947 gloriam.
2792 4877 2967 4934 Hodie
3007 4894 3137 4935 vero
3175 4896 3415 4950 praisens

1837 4981 2050 5040 tempus
2090 4971 2381 5038 signiﬁcat.
2433 4967 2500 5023 Et
2531 4969 2654 5038 quia
2703 4985 2977 5038 nunquam
3029 4981 3266 5028 mutatus
3304 4983 3408 5038 est,

1834 5060 2083 5129 idemque
2120 5061 2323 5113 mansit
2353 5059 2517 5113 etiam
2545 5074 2673 5114 caro
2705 5060 2903 5122 factus,
2929 5061 3144 5128 eritque
3181 5063 3232 5116 in
3263 5073 3414 5119 aiter-

1832 5167 1980 5218 nnm,
2023 5151 2228 5205 addidit
2256 5169 2275 5202 ‹
2317 5151 2456 5204 idem
2497 5159 2550 5204 et
2595 5151 2647 5204 in
2691 5151 2917 5207 saecula.
2965 5171 2982 5204 ι
3020 5152 3150 5219 Quae
3179 5168 3299 5207 cum
3340 5155 3411 5208 ita

1829 5244 1957 5309 sint,
1981 5257 2173 5312 magna
2205 5242 2407 5312 Oppido
2437 5243 2773 5312 benignitate
2804 5243 3127 5298 charitatem
3153 5259 3278 5315 erga
3310 5261 3409 5300 nos

1830 5351 1980 5390 suam
2024 5334 2448 5401 demonstravit,
2494 5348 2664 5404 seque
2713 5335 3142 5389 communicavit
3201 5345 3410 5391 naturae

1829 5438 2051 5490 nostrae,
2088 5434 2146 5480 ut
2169 5441 2286 5479 eam
2321 5426 2611 5492 relevaret,
2647 5439 2811 5495 atque
2847 5442 2874 5480 a
2907 5426 3106 5480 diaboli
3145 5428 3408 5482 servitute

1829 5521 2178 5576 subduceret.
2218 5521 2497 5576 Neminem
2551 5536 2680 5593 ergo
2723 5524 2942 5593 pudeat,
2999 5536 3122 5574 cum
3176 5535 3402 5589 puerum

1843 5725 2064 5779 “Rom.
2100 5742 2173 5792 ix,
2215 5727 2265 5781 5.
2351 5726 2532 5780 "Act.
2565 5741 2616 5786 Σ.
2657 5724 2743 5779 56.
2848 5723 2889 5753 ³⁸
2935 5721 3134 5776 lJoan.
3197 5738 3252 5787 v,
3307 5722 3398 5780 90.
