4042 6456
584 359 685 412 287

1577 359 1632 413 S.
1676 359 1952 414 CYRILLI
1993 360 2466 416 ΑιΕχΑΝυιιιΝι
2506 362 2822 420 ARCHIEP.

3743 365 3856 424 288

591 471 698 526 dici
731 471 882 526 audit
914 482 965 526 et
996 473 1345 540 iul‘autulum,
1376 483 1432 530 et
1473 476 1737 546 quidquid
1775 478 1923 532 aliud
1970 480 2158 534 humav

2283 480 2359 531 ιαὶ
2401 477 2804 549 κεκοινώνηκεν
2832 479 2897 547 τῇ
2935 476 3181 548 ἡμετέρᾳ
3211 475 3393 546 φύσει,
3435 477 3522 532 ἵνα
3565 478 3856 553 ἀναστήσῃ

588 564 732 618 nitus
772 565 840 619 de
883 564 976 620 illo
1013 567 1274 636 scriptum
1311 577 1414 622 est.
1448 567 1655 624 Cuncta
1692 570 1837 624 enim
1875 570 2019 625 haud
2055 572 2162 637 sui,

589 656 682 710 sed
717 656 887 710 nostri
931 671 1095 712 causa
1129 658 1425 724 sustinuit,
1460 660 1601 728 quod
1657 661 1952 715 humanam
2001 669 2166 716 uatu-

590 761 704 798 ram
741 747 896 800 decet
951 748 1152 816 ubique
1183 765 1535 816 conservans,
1575 767 1643 806 ne
1684 750 1824 807 forte
1863 752 2169 823 phantasia:

589 831 766 886 instar
793 832 972 889 divina
1004 834 1335 909 dispensatio
1363 840 1790 896 existimaretur.

663 1093 751 1148 27.
795 1092 961 1164 Igitur
993 1109 1115 1149 eum
1155 1097 1394 1152 audieris
1428 1108 1739 1169 susceptum
1776 1116 1900 1157 eum
1941 1117 1971 1160 a
2011 1104 2172 1159 beato

595 1185 828 1254 Josepho
858 1187 912 1240 in
938 1185 1232 1258 Egyptum
1249 1189 1470 1258 fugisse,
1487 1207 1572 1256 ne,
1591 1207 1795 1261 quaeso,
1817 1194 2170 1264 ignominiam

596 1280 647 1333 id
694 1294 816 1334 esse
862 1289 1046 1348 putes,
1091 1281 1186 1335 sed
1233 1283 1414 1351 potius
1461 1285 1636 1354 cogita
1686 1285 2168 1354 dispensationem.

595 1367 708 1424 l‘loc
735 1371 878 1425 enim
908 1386 1014 1424 non
1046 1381 1171 1425 tunc
1197 1374 1571 1427 tantummodo
1596 1373 1664 1429 de
1688 1389 1752 1430 eo
1778 1377 2038 1444 scriptum
2067 1385 2171 1442 est,

595 1462 688 1517 sed
716 1463 879 1517 etiam
909 1478 1032 1518 eum
1064 1463 1343 1519 tricesimo
1370 1466 1547 1519 aetatis
1572 1480 1714 1520 anno
1742 1467 2038 1536 praedicare
2064 1482 2174 1524 ete-

594 1555 673 1622 pit
701 1563 754 1608 et
782 1555 998 1622 docere,
1032 1571 1096 1611 ac
1127 1557 1514 1612 miraculorum
1543 1559 1773 1613 virtutes
1800 1572 2041 1629 patrare,
2074 1562 2174 1618 ite-

597 1660 712 1698 rum
741 1647 853 1701 haec
878 1647 944 1702 de
964 1662 1028 1702 eo
1051 1648 1248 1715 scripta
1274 1651 1655 1718 comperimus.
1686 1668 1704 1701 ι
1735 1651 1972 1709 Audiens
1995 1653 2139 1708 enim
2156 1693 2173 1720 ,

597 1740 802 1809 inquit,
837 1742 1099 1798 Joannem
1139 1742 1307 1799 fuisse
1349 1743 1637 1808 traditum,
1674 1747 1901 1801 secessit
1936 1747 1988 1801 iu
2024 1747 2174 1802 Gali-

2270 570 2460 637 αὑτὴν,
2488 571 2580 623 καὶ
2614 568 2711 633 τῆς
2743 568 2846 622 ὑπὸ
2876 567 2966 620 τὸν
2987 567 3233 624 διάϐολον
3257 568 3544 642 ἀπαλλάξῃ
3570 570 3814 634 δουλείας
3835 611 3852 627 .

2268 659 2475 729 Μηδεὶς
2495 655 2588 713 οὖν
2623 657 2963 727 αἰσχυνέσθω
2997 658 3208 711 παιδίον
3240 657 3476 724 ἀκούων,
3509 661 3603 713 καὶ
3623 660 3852 732 βρέφος,

2271 750 2365 802 καὶ
2410 750 2510 802 ὅσα
2567 747 3052 821 ἀνθρωπινώτερον
3105 750 3235 820 περὶ
3283 748 3450 803 αὐτοῦ
3499 750 3855 822 γέγραπται·

2272 842 2567 912 ὑπέμεινεν
2597 840 2706 912 γὰρ
2736 842 2911 895 πάντα
2945 843 3004 896 οὐ
3045 841 3115 894 δι’
3150 841 3364 907 ἐαυτὸν,
3398 842 3535 897 ἀλλὰ
3573 844 3640 897 δι’
3679 845 3857 915 ἡμᾶς,

2274 931 2550 1002 πανταχοῦ
2579 931 2640 983 τὸ
2668 931 2880 1001 πρέπον
2907 931 3188 999 φυλάττων
3226 935 3290 1004 τῇ
3317 933 3634 1005 ἀνθρωπεία
3668 935 3862 1004 φύσει,

2273 1025 2361 1077 ῐνα
2392 1024 2466 1094 μὴ
2498 1023 2770 1091 φαντασία
2803 1025 2838 1094 ἡ
2867 1023 3147 1093 οἰκονομία
3172 1025 3478 1094 νομίζηται.

2348 1115 2450 1179 κζ’.
2485 1113 2696 1168 Οὐκοῦν
2729 1114 2828 1168 κᾶν
2854 1115 3094 1186 ἀκούσῃς
3120 1117 3202 1170 ὅτι
3236 1117 3659 1187 παραλαμϐάνει
3689 1117 3861 1174 αὐτὸν

2272 1208 2302 1259 6
2340 1205 2610 1277 μακάριος
2662 1205 2878 1276 Ἰωσὴφ,
2924 1210 3019 1260 καὶ
3074 1207 3264 1276 φεύγει
3297 1211 3377 1271 εἰς
3427 1210 3724 1278 Αἴγυπτον,
3777 1211 3861 1283 μὴ

2276 1297 2540 1368 αἰσχύνην
2571 1298 2703 1351 αὐτὸ
2732 1297 2941 1367 νόμιζε,
2970 1299 3069 1370 τὴν
3095 1301 3150 1354 δέ
3177 1300 3490 1371 οἰκονομίαν
3516 1301 3687 1355 ἐννόει
3707 1319 3722 1333 θ
3758 1304 3863 1356 καὶ

2275 1390 2385 1462 γὰρ
2411 1392 2470 1442 ού
2496 1389 2618 1443 τότε
2651 1390 2810 1460 μόνον
2830 1389 2989 1444 τοῦτο
3013 1392 3141 1462 περί
3168 1390 3332 1444 αὑτοῦ
3361 1392 3691 1461 γέγραπται,
3719 1391 3866 1448 ἀλλὰ

2276 1484 2373 1536 καὶ
2412 1483 2502 1535 ὅτε
2533 1483 2612 1545 εἰς
2643 1481 2735 1536 τὸν
2765 1481 2808 1533 λ’
2843 1481 3088 1536 ἐνιαυτὸν
3121 1481 3291 1536 ἐλθὼν
3318 1483 3524 1554 ἤρξατο
3563 1482 3865 1554 κηρύττειν

2279 1573 2374 1627 καὶ
2402 1572 2693 1639 διδάσκειν,
2730 1572 2824 1626 καὶ
2858 1573 2968 1626 τῶν
3003 1573 3324 1644 θαυμασίων
3357 1575 3600 1628 ἐπετέλει
3637 1574 3738 1646 τὴν
3768 1574 3870 1629 δύο

2278 1683 2464 1736 ναμιν,
2497 1665 2661 1721 πάλιν
2685 1663 2911 1718 τοιαῦτα
2948 1665 3076 1735 περὶ
3113 1665 3278 1719 αὐτοῦ
3311 1664 3672 1736 γεγραμμένα
3701 1665 3867 1736 εὑρί-

2282 1773 2512 1826 σκομενο
2547 1775 2564 1808 ι
2609 1755 2872 1818 Ἀκούσας
2905 1755 3037 1825 γὰρ,
3066 1755 3253 1825 φησὶν,
3294 1755 3377 1808 ὃτι
3423 1754 3680 1826 Ἰωάννης
3711 1769 3867 1823 παρ⁴

598 1833 747 1888 Imm
779 1834 876 1890 ’³.ι
906 1835 966 1888 Et
984 1835 1085 1889 alia
1103 1835 1831 1904 hujusmodideprehendere
1855 1838 2171 1894 est.Verum

2283 1848 2458 1917 εδόθη,
2511 1845 2862 1917 ἀνεχώρησεν
2900 1847 2980 1909 εἰς
3007 1845 3104 1916 τὴν
3145 1846 3438 1899 Γαλιλαίαν
3461 1862 3474 1877 ⁸
3509 1865 3528 1900 ι
3567 1846 3662 1899 καὶ
3694 1845 3870 1916 ἐτερα

597 1925 709 1978 hazc
741 1924 882 1978 haud
917 1935 1086 1989 metu,
1116 1941 1289 1996 neque
1320 1935 1447 1982 tunc
1475 1943 1652 1996 neque
1681 1938 1866 1998 postea
1899 1930 2048 1994 fecit,
2077 1930 2170 1986 sed

595 2018 721 2084 quia
750 2025 962 2086 tempus
990 2018 1241 2073 idoneum
1274 2019 1626 2089 exspectabat
1652 2020 1877 2075 salutari
1909 2022 2169 2090 passioui.

596 2107 892 2177 Oportebat
920 2110 1065 2165 enim
1098 2111 1276 2179 primo
1306 2112 1666 2167 inclarescere
1695 2113 2135 2180 praedicationem
2157 2153 2172 2175 ,

595 2209 650 2255 et
687 2202 865 2256 omnia
903 2217 1022 2270 qua:
1055 2203 1374 2256 decreverat
1411 2203 1526 2256 tieri
1549 2242 1563 2269 ,
1603 2217 1668 2257 ac
1704 2211 1815 2256 tum
1850 2202 2065 2258 demum
2105 2205 2173 2260 ad

596 2292 888 2347 salutarem
918 2293 1226 2361 passionem
1249 2293 1467 2359 venire;
1493 2292 1636 2360 quod
1661 2301 1716 2347 et
1741 2308 1932 2362 reapse
1956 2291 2173 2350 accidit.

596 2381 750 2449 Quod
789 2391 967 2438 autem
1006 2397 1112 2437 non
1154 2380 1601 2436 consternatione
1640 2384 1806 2436 animi
1844 2392 1938 2436 aut
1976 2397 2176 2452 pavore

596 2473 672 2527 ita
705 2486 765 2527 se
798 2472 1045 2541 gesserit,
1079 2483 1290 2530 constat
1322 2489 1387 2528 ex
1424 2475 1510 2530 his
1543 2489 1661 2544 quae
1697 2474 1843 2542 fecit,
1876 2490 2000 2530 cum
2038 2476 2175 2530 tradi

596 2579 655 2620 se
693 2564 864 2620 noluit
899 2583 912 2620 :
951 2581 1075 2620 nam
1110 2565 1313 2624 Judzeis
1345 2567 1476 2622 dare
1511 2582 1634 2622 eum
1671 2567 2007 2637 praecipitem
2047 2575 2176 2623 tunc

595 2655 924 2720 volentibus,
957 2673 976 2708 ι
1011 2655 1151 2726 Ipse,
1186 2657 1363 2727 inquit
1391 2657 1746 2726 evangelista,
1779 2658 2051 2713 transiens
2081 2673 2179 2726 per

595 2745 831 2800 medium
877 2746 1093 2800 illorum
1137 2747 1339 2804 ibat".
1385 2765 1404 2798 δ
1444 2748 1563 2801 Alio
1604 2748 1732 2802 item
1777 2759 2017 2817 tempore
2055 2763 2176 2803 cum

597 2835 798 2890 vellent
833 2851 956 2891 eum
993 2853 1224 2906 capere,
1260 2856 1279 2890 ι
1318 2837 1521 2904 Nemo,
1557 2840 1763 2907 inquit,
1799 2841 1985 2908 injecit
2023 2841 2073 2894 in
2112 2841 2178 2894 il-

597 2929 706 2982 lum
734 2943 950 2994 manus,
973 2930 1096 2999 quia
1124 2932 1360 2985 nondum
1383 2939 1607 2985 venerat
1634 2931 1765 2985 hora
1789 2933 1987 3000 ejus".
2023 2952 2042 2984 ι
2072 2931 2177 2988 Sed

597 3036 718 3074 cum
750 3021 950 3090 alioqui
984 3021 1056 3076 sit
1088 3022 1321 3078 invictus
1354 3021 1516 3088 Deus,
1549 3031 1789 3077 attamen
1822 3025 2178 3080 humanitatis

599 3128 711 3166 sua:
741 3127 904 3168 causa
941 3113 1196 3177 cedebat,
1228 3123 1286 3167 ut
1316 3128 1440 3168 vere
1477 3113 1650 3169 factus
1684 3115 1849 3170 homo
1879 3118 2177 3172 videretur.

2276 1939 2334 1992 δὲ
2363 1937 2592 1992 τοιαῦτα
2637 1937 2783 1993 ἐστιν
2822 1939 3004 2009 εὑρεῖν
3027 1954 3042 1968 ο
3075 1937 3187 1990 ἀλλ’
3220 1938 3280 1990 ού
3315 1937 3464 2007 φόϐῳ
3493 1935 3654 1992 τοῦτο
3683 1938 3870 1991 ἐποίει

2276 2029 2398 2082 ούδέ
2430 2029 2551 2083 τότε
2581 2029 2701 2084 οὐδὲ
2742 2028 2857 2092 νῦν,
2888 2028 3024 2082 ἀλλὰ
3059 2029 3150 2081 τὸν
3189 2029 3470 2099 πρέποντα
3495 2029 3688 2100 καιρὸν
3729 2030 3872 2084 άνα·

2282 2121 2458 2192 μένων
2486 2121 2581 2174 τοῦ
2630 2121 2900 2191 σωτηρίου
2933 2121 3139 2184 πάθους
3162 2137 3174 2152 ο
3211 2120 3319 2174 εδει
3346 2121 3456 2192 γὰρ
3486 2121 3701 2190 πρῶτον
3747 2120 3873 2175 δια-

2279 2212 2490 2281 λάμψαι
2538 2213 2600 2266 τὸ
2649 2213 2958 2282 κήρυγμα,
3017 2213 3114 2265 καὶ
3160 2213 3338 2266 πάντα
3392 2212 3708 2265 ἐπιτελέσαι
3759 2213 3876 2268 ὅσα

2279 2300 2552 2365 ἐϐούλετο,
2573 2301 2666 2354 καὶ
2687 2300 2811 2354 τότε
2839 2301 2934 2354 καὶ
2961 2302 3055 2353 ἐπὶ
3075 2301 3137 2353 τὸ
3165 2301 3430 2372 σωτήριον
3456 2301 3625 2363 πάθος
3649 2300 3834 2356 ἐλθεῖν
3854 2320 3870 2336 ·

2279 2395 2308 2447 ὃ
2345 2394 2409 2464 δὴ
2437 2395 2530 2447 καὶ
2562 2393 2807 2462 γέγονεν.
2841 2394 2962 2447 ’Ότι
3012 2393 3069 2446 δέ
3101 2393 3162 2445 οὗ
3203 2392 3355 2464 φόϐῳ
3381 2394 3476 2446 καὶ
3503 2392 3674 2467 δειλίᾳ
3703 2394 3876 2450 τοῦτο

2281 2487 2511 2554 ἐγίνετο,
2534 2485 2693 2557 δῆλον
2714 2485 2806 2555 ἀφ’
2823 2476 2897 2541 ὧν
2922 2483 3221 2554 πεποίηκεν
3242 2482 3331 2538 ὅτε
3360 2485 3732 2556 παραδοθῆναι
3764 2485 3874 2539 οὐκ

2283 2578 2568 2632 ἐδούλετοσ
2601 2579 2694 2632 καὶ
2733 2577 2843 2648 γὰρ
2881 2577 2993 2632 τῶν
3029 2576 3305 2632 Ἰουδαίων
3345 2578 3508 2632 αὑτὸν
3537 2577 3659 2630 τότε
3693 2594 3874 2631 καταο

2282 2671 2586 2742 κρημνίσαι
2614 2670 2982 2740 θελησάντων,
3022 2689 3041 2723 ι
3067 2671 3262 2734 Αὐτὸς,
3293 2671 3478 2739 φησιν,
3519 2667 3745 2723 διελθὼν
3777 2670 3876 2725 διὰ

2287 2763 2454 2832 μέσου
2495 2762 2675 2818 αὐτῶν
2697 2761 3020 2832 ἐπορεύετο·
3056 2779 3075 2814 ι
3114 2761 3209 2815 καὶ
3238 2761 3429 2814 ἄλλοτε
3466 2761 3523 2813 δέ
3554 2761 3749 2815 πιάσαι
3769 2763 3877 2815 αὺ-

2283 2854 2373 2906 τὸν
2396 2853 2677 2914 θελόντων,
2699 2871 2716 2904 ι
2745 2852 2953 2916 Οὐδεὶς,
2980 2852 3164 2922 φησὶν,
3190 2851 3455 2906 ἐπέϐαλεν
3476 2851 3562 2904 ἐπ’
3584 2850 3746 2904 αὑτὸν
3767 2850 3877 2914 τὰς

2283 2947 2491 3014 χεῖρας,
2526 2944 2606 2998 ὅτι
2631 2942 2785 2998 ούπω
2813 2943 3074 3014 ἐλήλυθεν
3104 2943 3276 3016 ᾑῶρα
3289 2942 3479 2998 αὑτοῦ.
3509 2963 3527 2996 ι
3555 2942 3701 3013 Πλὴν
3731 2941 3884 2996 ἀλλὰ

2269 3035 2381 3088 .καὶ
2409 3035 2711 3106 ἀχείρωτος
2759 3030 2901 3089 εἶναι
2948 3037 3248 3105 δυνάμενος
3287 3036 3363 3098 ὡς
3388 3035 3541 3099 Θεὸς,
3581 3034 3742 3087 πάλιν
3780 3033 3877 3088 διὰ

2284 3124 2346 3180 τὸ
2374 3126 2714 3196 ἀνθρώπινον
2751 3126 3115 3197 ὑπανεχώρει,
3150 3127 3237 3180 ἵνα
3269 3127 3529 3197 φαίνηται
3561 3125 3703 3179 κατὰ
3732 3125 3874 3198 ἀλή-

598 3203 751 3269 Quod
787 3205 831 3258 si
871 3204 994 3274 quis
1023 3205 1200 3269 dicat,
1239 3205 1349 3260 Cur
1383 3221 1489 3260 non
1530 3214 1642 3260 tum
1679 3222 1895 3276 quoque
1931 3224 2052 3262 cum
2091 3210 2177 3264 in—

2284 3217 2434 3271 θειαν
2462 3211 2756 3287 γενόμενος
2797 3217 3102 3286 ἄνθρωπος.
3138 3219 3200 3271 Εἰ
3248 3218 3306 3271 δὲ
3353 3217 3503 3286 λέγοι
3530 3236 3634 3282 τις,
3662 3219 3766 3272 Διὰ
3815 3221 3875 3272 τί

598 3293 841 3349 tantulus
882 3304 1021 3358 erat,
1065 3294 1292 3351 insidias
1334 3309 1431 3363 per
1471 3309 1529 3350 se
1572 3295 1688 3364 ipse
1734 3295 2045 3364 declinavit,
2086 3299 2178 3354 sed

600 3384 928 3440 admonente
965 3385 1191 3453 angelo?
1218 3387 1374 3451 sciat,
1413 3397 1523 3439 tum
1558 3401 1773 3456 quoque
1808 3403 2030 3457 operam
2065 3388 2180 3458 ejus

601 3477 992 3542 intervenisse;
1025 3479 1120 3531 sed
1152 3492 1220 3531 ne
1250 3493 1311 3531 ea
1343 3493 1428 3532 res
1459 3477 1881 3546 dispensationis
1913 3481 2178 3536 rationem

601 3569 1011 3637 pessumdaret,
1059 3568 1242 3624 habito
1285 3570 1463 3624 aetatis
1512 3578 1761 3638 respectu
1839 3570 2041 3625 idcirco
2086 3585 2182 3642 per

601 3659 848 3731 angelum
881 3676 992 3719 rem
1024 3661 1277 3732 gessisse.

667 3843 760 3900 28.
802 3843 955 3911 Quod
990 3851 1168 3898 autem
1205 3843 1428 3898 humani
1465 3843 1626 3897 cilicii
1661 3858 1854 3908 causa,
1887 3855 2081 3899 cuncta
2117 3847 2184 3900 ad

604 3936 1022 4003 dispensationis
1058 3949 1301 3988 normam
1341 3935 1629 4002 dirigeret,
1666 3951 1997 4004 carnemque
2033 3947 2186 4005 pate-

602 4034 754 4080 retur
795 4026 1156 4093 proprietates
1204 4039 1330 4078 suas
1378 4025 1787 4090 demonstrare,
1837 4027 2186 4094 persuadebit

605 4117 701 4171 tibi
739 4131 928 4171 rursus
961 4116 1191 4184 ipsemet
1221 4115 1493 4169 Christus.
1526 4112 1659 4167 Nam
1694 4131 1816 4169 cum
1849 4116 2041 4171 beatus
2076 4118 2182 4171 Ba-

601 4210 768 4280 ptista
792 4211 842 4262 ei
867 4209 1114 4262 diceret:
1147 4226 1165 4258 ι
1200 4207 1310 4276 Ego
1335 4221 1473 4275 opus
1501 4209 1669 4262 habeo
1694 4223 1722 4259 a
1754 4218 1803 4263 te
1829 4209 2125 4276 baptizari,
2159 4229 2177 4261 ι

603 4299 885 4368 respondit
920 4299 968 4353 ei
1006 4313 1019 4351 :
1062 4316 1082 4349 ε
1124 4298 1255 4352 Siue
1293 4301 1483 4364 modo;
1520 4301 1598 4352 sic
1632 4300 1774 4353 enim
1813 4309 2026 4368 oportet
2061 4316 2181 4355 om-

601 4405 726 4446 nem
754 4389 1021 4458 justitiam
1054 4387 1267 4456 implcri
1294 4389 1361 4440 “.
1398 4406 1415 4438 ι
1447 4387 1712 4448 Videsne,
1746 4391 1888 4455 quod
1920 4399 1975 4444 et
2006 4391 2184 4460 hapti~

603 4497 777 4537 smum
810 4491 862 4536 et
894 4489 1089 4536 cuncta
1123 4478 1435 4548 hujusmodi
1468 4479 1642 4534 cilicia
1677 4481 1925 4549 prudenti
1961 4483 2181 4551 dispcu-

603 4576 813 4629 satione
842 4573 1145 4641 receperit?
1172 4572 1397 4637 Quoties
1423 4587 1552 4641 ergo
1577 4583 1630 4625 et
1660 4587 1883 4642 puerum
1912 4583 1966 4627 et
1995 4576 2175 4631 infan-
2215 4551 2256 4604 θ

604 4668 811 4730 tulum,
851 4675 906 4719 et
943 4662 1205 4733 quidquid
1244 4663 1477 4717 humano
1517 4679 1664 4718 more
1705 4664 1771 4718 de
1809 4680 1874 4719 eo
1915 4667 2176 4735 scriptum

602 4770 718 4822 est,
754 4759 943 4820 audis,
977 4766 1034 4809 ut
1063 4756 1173 4825 jam
1207 4755 1476 4818 diximus,
1513 4771 1787 4824 nunquam
1818 4772 1941 4812 eum
1975 4760 2179 4828 absque

603 4852 886 4908 divinitate
924 4848 1090 4903 fuisse
1122 4848 1408 4903 arbitrare.
1443 4847 1575 4900 Nam
1606 4857 1663 4902 et
1691 4862 1813 4902 cum
1848 4851 2009 4905 homo
2040 4851 2176 4905 dici-

605 4953 713 5007 tur,
745 4942 886 4994 Deus
912 4954 1032 4994 esse
1060 4939 1488 5002 demonstratur,
1521 4947 1579 4991 ut
1609 4953 1751 5005 saepe
1782 4954 1811 4992 a
1841 4940 2002 4994 nobis
2029 4957 2177 4995 com-

601 5032 889 5100 probatum
919 5029 1039 5083 fuit.
1061 5029 1301 5083 Accedet
1324 5029 1586 5082 hactenus
1617 5027 1777 5082 dictis
1806 5029 1958 5083 testis
1987 5029 2176 5085 beatus

604 5137 819 5193 quoque
851 5121 1110 5189 Baptista,
1141 5119 1220 5174 sic
1253 5120 1318 5174 de
1350 5119 1439 5174 illo
1471 5120 1734 5188 loquens:
1762 5137 1779 5170 ι
1812 5120 1942 5176 Post
1969 5135 2054 5174 me
2082 5135 2175 5174 ve-

605 5216 683 5267 nit
710 5214 817 5276 vir,
845 5211 935 5280 qui
968 5220 1094 5265 ante
1126 5225 1213 5264 me
1243 5210 1416 5265 factus
1447 5220 1551 5275 est,
1580 5212 1703 5279 quia
1737 5214 1883 5280 prior
1910 5226 1994 5266 me
2022 5220 2174 5278 erat;

604 5317 658 5361 et
699 5321 798 5374 ego
837 5319 960 5358 eum
1005 5303 1311 5358 nesciebam
1338 5303 1405 5356 ’⁷.
1453 5321 1472 5353 ι
1517 5301 1796 5369 Quomodo
1835 5319 1963 5371 ergo
2000 5304 2174 5357 virum

604 5413 727 5452 eum
762 5396 967 5455 dicens,
1003 5394 1239 5462 priorem
1272 5407 1331 5447 se
1365 5393 1534 5446 dicit?
1595 5393 1860 5462 siquidem
1897 5395 2177 5463 dispensa—

608 5490 769 5542 tionis
795 5497 1036 5555 tempore
1061 5487 1176 5554 ipse
1201 5486 1350 5554 prior
1370 5487 1559 5541 beatus
1581 5485 1819 5554 Baptista
1847 5496 2006 5541 natus
2029 5501 2181 5541 com-

605 5581 832 5645 peritur.
864 5578 993 5632 Nam
1029 5591 1149 5631 eum
1183 5578 1354 5633 beata:
1387 5579 1619 5647 deipara:
1648 5577 1829 5633 Mariae
1861 5579 2178 5634 immacula-

680 5754 926 5809 "Matth.
967 5772 1039 5822 iv,
1073 5757 1154 5810 1'2.
1235 5755 1275 5785 ⁸’·
1298 5755 1426 5811 Luc.
1459 5771 1534 5820 ιγ,
1573 5755 1662 5810 30.
1765 5757 1808 5788 ’⁸
1835 5756 1988 5811 Joau.
2015 5771 2110 5819 vn,
2141 5755 2225 5809 30.

2287 3307 2364 3376 μὴ
2397 3305 2491 3359 καὶ
2521 3307 2645 3359 τότε
2684 3307 2772 3363 ὅτε
2806 3307 3022 3362 παιδίον
3055 3301 3144 3378 ἦν,
3172 3306 3240 3360 δι’
3281 3307 3476 3366 ἐαυτοῦ
3513 3310 3612 3380 τὴν
3644 3308 3876 3364 ἐπιδου-

2285 3397 2385 3470 λὴν
2433 3397 2730 3464 ἐξέκλινεν,
2791 3397 2908 3451 ἀλλ’
2949 3398 3184 3467 ἀγγέλου
3223 3399 3684 3469 χρηματίζοντοςς
3728 3414 3874 3468 μαν-

2286 3488 2515 3554 θανέτω,
2539 3489 2614 3554 ώς
2647 3490 2742 3542 καὶ
2769 3489 2892 3542 τότε
2923 3487 3088 3542 αὑτοῦ
3119 3484 3186 3558 ἦν
3217 3490 3276 3541 τὸ
3303 3490 3465 3559 ἔργον
3484 3506 3498 3520 ·
3525 3489 3641 3542 ἀλλ’
3674 3489 3763 3543 ἵνα
3792 3488 3873 3559 μὴ

2283 3580 2382 3649 τῆς
2436 3580 2750 3651 οἰκονομίας
2790 3578 3048 3632 τοσοῦτον
3103 3579 3394 3650 παραλύσῃ
3438 3579 3528 3632 τὸν
3575 3577 3732 3647 λόγον
3780 3578 3875 3632 διά

2283 3669 2382 3740 τὴν
2415 3667 2654 3740 ἡλικίαν,
2695 3667 2785 3722 διὰ
2816 3664 2976 3720 τοῦτο
3019 3666 3085 3719 δι’
3117 3665 3351 3734 ἀγγέλου
3385 3665 3445 3718 τὸ
3483 3665 3716 3737 πρᾶγμα
3769 3679 3874 3718 περ

2287 3758 2537 3828 ποίηκεν.

2351 3859 2464 3921 κη’.
2522 3853 2643 3906 Ὅτι
2691 3851 2748 3904 δὲ
2790 3849 2862 3905 τά
2921 3851 3202 3922 πρέποντα
3257 3849 3452 3913 σώζειν
3506 3846 3870 3919 βουλόμενος,

2287 3941 2470 3996 πάντα
2515 3940 2875 4012 οἰκονομικῶς
2905 3939 3102 4004 ἐποίει,
3130 3941 3228 3994 καὶ
3262 3937 3558 4009 συνεχώρει
3599 3939 3665 4011 τῇ
3701 3938 3874 4007 σαρκὶ

2285 4033 2553 4087 δεικνύειν
2583 4031 2654 4086 τά
2687 4032 2831 4110 αὐτῇ·
2853 4030 3148 4094 ἀκόλουθα,
3179 4029 3587 4101 πληροφορήσει
3615 4043 3675 4079 σε
3702 4024 3874 4079 πάλιν

2287 4125 2480 4188 αὑτός⁸
2512 4125 2600 4178 ὅτε
2632 4124 2740 4194 γὰρ
2768 4124 2797 4176 6
2834 4124 3106 4194 μακάριος
3136 4119 3448 4190 Βαπτιστὴς
3478 4116 3626 4188 αὐτῷ
3660 4116 3872 4186 ἔλεγεν,

2292 4233 2311 4266 ι
2336 4216 2475 4283 Ἐγὼ
2495 4214 2679 4285 χρείαν
2714 4213 2822 4284 ἔχω
2843 4199 2948 4266 ύπδ
2969 4211 3063 4265 σοῦ
3087 4211 3504 4281 βαπτισθῆναι,ι
3528 4208 3873 4279 ἁπεκρίνατο

2287 4306 2424 4376 πρὸς
2455 4305 2614 4360 αὐτόν
2637 4320 2648 4333 ·
2680 4321 2698 4354 ι
2728 4305 2896 4373 Ἀφες
2925 4303 3070 4372 ἄρτιο
3119 4300 3262 4354 οὕτω
3308 4301 3417 4372 γὰρ
3468 4298 3678 4368 πρέπον
3716 4297 3874 4350 ἐστὶν

2287 4397 2580 4468 πληρῶσαι
2629 4398 2809 4449 πᾶσαν
2873 4394 3242 4464 δικαιοσύνην.
3277 4412 3293 4443 ι
3371 4393 3533 4463 Ὁρᾷς
3558 4392 3640 4445 ὅτι
3681 4391 3777 4443 καὶ
3809 4390 3872 4446 τὸ

2289 4488 2596 4558 βάπτισμα,
2633 4487 2725 4539 καὶ
2758 4486 2935 4540 πάντα
2965 4485 3033 4538 τὰ
3067 4485 3348 4555 πρέποντα
3393 4483 3692 4553 οἰκονομῶν
3728 4499 3871 4536 κατι

2284 4579 2532 4649 εδέχετο;
2559 4579 2730 4631 Ὅταν
2779 4579 2955 4630 τοίνυν
2998 4577 3237 4646 ἀκούσῃς
3274 4575 3485 4628 παιδίον
3527 4575 3622 4627 καί
3667 4574 3870 4644 βρέφος

2283 4671 2378 4723 καὶ
2426 4670 2527 4723 ὅσα
2578 4665 3064 4737 ἀνθρωπινώτερον
3117 4665 3246 4734 περὶ
3307 4663 3473 4717 αὑτοῦ
3529 4662 3867 4734 γέγραπται,

2282 4759 2462 4819 καθὼς
2493 4759 2836 4828 προείρηται,
2873 4756 3141 4825 μηδέποτε
3172 4755 3294 4823 δίχα
3326 4756 3426 4823 τῆς
3470 4751 3723 4822 θεότητος
3765 4753 3869 4806 αύ-

2283 4846 2371 4899 τδν
2405 4846 2535 4899 ὄντα
2571 4844 2921 4914 ὑπολάμϐανε
2945 4858 2958 4870 ·
2995 4843 3086 4896 καί
3121 4844 3229 4913 γὰρ
3275 4843 3364 4895 καὶ
3392 4840 3678 4910 ἅνθρωπος
3711 4838 3872 4908 λεγό-

2285 4953 2467 5005 μενος,
2499 4935 2776 4990 δείκνυται
2824 4933 2954 4998 Θεὸς
2996 4933 3278 5004 ὑπάρχων,
3319 4933 3396 4996 ώς
3429 4931 3687 4995 πολλάκις
3726 4932 3868 4985 ἀπο-

2284 5026 2572 5078 δέδεικται.
2603 5025 3077 5095 Ἐπιμαρτυρήσει
3107 5024 3164 5078 δὲ
3203 5023 3341 5096 πρὸς
3373 5023 3533 5078 τοῦτο
3562 5023 3679 5086 τοῖς
3711 5023 3869 5094 εἰρη-

2286 5117 2469 5188 μένοις
2502 5116 2593 5168 κα¹ι
2623 5117 2650 5167 6
2690 5116 2958 5189 μακάριος
2994 5115 3304 5186 Βαπτιστὴς
3347 5113 3489 5169 οὕτω
3522 5114 3693 5182 λέγων
3735 5116 3869 5184 περὶ

2285 5208 2483 5262 αὑτοῦ·
2537 5225 2556 5259 ε
2600 5207 2804 5261 Ὀπίσω
2855 5224 2956 5277 μου
3004 5206 3221 5279 ἔρχεται
3256 5206 3415 5277 ἀνὴρ,
3449 5206 3505 5269 ὃς
3552 5205 3869 5276 ἔμπροσθέν

2291 5318 2390 5372 μου
2425 5301 2666 5369 γέγονεν,
2707 5299 2789 5352 ὅτι
2844 5299 3060 5367 πρῶτός
3095 5317 3195 5368 μου
3250 5294 3344 5370 ἦν·
3382 5296 3536 5366 κάγὼ
3575 5298 3677 5353 οὐκ
3716 5297 3870 5367 ᾔδειν

2288 5393 2469 5446 αὐτόν.
2508 5411 2525 5444 r
2556 5390 2680 5454 Πῶς
2706 5386 2798 5445 οὖν
2820 5391 2990 5463 ἄνδρα
3013 5393 3186 5454 λέγων
3212 5391 3393 5454 αὑτὸν,
3423 5389 3638 5461 πρῶτον
3664 5390 3865 5445 ἑαυτοῦ

2290 5500 2454 5552 φησιν
2484 5482 2644 5535 αὐτὸν
2668 5477 2834 5545 εἶναις
2868 5483 2960 5534 καὶ
2986 5481 3089 5551 μὴν
3122 5481 3262 5533 κατὰ
3286 5479 3374 5534 τὸν
3401 5477 3712 5548 οἰκονομίας
3737 5480 3868 5551 χρό-

2291 5593 2375 5628 νον
2395 5575 2458 5627 αὖ
2469 5574 2554 5634 τὸς
2576 5575 2787 5644 πρῶτος
2802 5577 2827 5626 ὁ
2850 5575 3114 5644 μακάριος
3136 5573 3444 5641 Βαπτιστὴς
3469 5573 3867 5643 γεγεννημένος

2307 5753 2560 5808 "Matth.
2600 5769 2680 5815 ιιι,
2719 5751 2800 5816 Η,
2831 5751 2907 5808 15,
2989 5749 3185 5803 ¹⁷Δοτιιι
3251 5765 3286 5804 t.
3322 5749 3409 5802 ‘37.
