4042 6432
135 356 231 410 259

1247 356 1437 422 QUOD
1476 356 1535 411 B.
1582 355 1798 411 MARIA
1844 355 1950 409 SIT
1991 354 2291 410 DEIPARA

3302 364 3405 418 290

135 471 492 542 εὑρίσκεται·
550 473 639 527 ὅτε
674 472 783 542 γάρ
817 474 846 525 6
902 472 1141 544 Γαΰριὴλ
1169 475 1234 545 τῇ
1269 476 1505 547 θεοτόκῳ
1542 476 1718 547 Μαρίᾳ

1837 484 1946 528 tum
1977 483 2296 544 conceptum
2324 473 2541 529 Gabriel
2573 473 2869 538 nuntiabat,
2899 484 3051 530 sexto
3074 475 3185 545 jam
3220 492 3402 532 mense

132 566 223 633 τὴν
256 565 543 634 ἄχραντον
580 564 843 634 σύλληψιν
887 565 1301 636 εὐηγγελίζετο,
1342 566 1500 621 ’ἕκτον
1544 568 1728 635 ἔλεγεν

133 656 225 725 ἠδη
260 656 417 725 μῆνα
442 656 545 725 τὴν
590 654 876 707 Ἐλισάὀετ
908 654 1051 726 ἔχειν
1082 658 1462 727 συνειληφυῖαν
1493 660 1585 711 τὸν
1618 661 1725 711 Βα-

132 748 393 816 πτιστήν.
433 746 567 810 Πῶς
592 742 688 799 οὖν
715 747 886 817 ἄνδρα
907 748 1101 816 λέγων,
1127 749 1343 819 πρῶτόν
1365 767 1535 820 φησιν
1564 752 1725 803 αὐτὸν

132 840 327 894 ἑαυτοῦ
360 842 516 905 ὂντα,
552 844 599 893 εἰ
639 843 769 910 μήτι
796 842 927 893 Θεὸν
951 844 1201 912 φανερῶς
1231 845 1726 916 ὲνανθρωπὴσαντα

129 930 291 983 αὑτὸν
334 932 652 999 ﬁnieram;
694 952 711 982 τι
750 933 955 984 Ὀπίσω
984 951 1083 1003 μου
1120 934 1251 1005 γὰρ,
1285 938 1470 1005 φησὶν,
1508 936 1723 1006 ἔρχεται

129 1019 290 1089 ἀνὴρ,
339 1020 403 1081 ὃς
455 1021 772 1089 ἔμπροσθέν
810 1039 912 1090 μου
947 1024 1192 1089 γέγονεν,
1234 1025 1316 1077 ὃτι
1365 1025 1580 1095 πρῶτός
1623 1044 1723 1095 μου

129 1104 221 1174 ἦν·
254 1127 271 1158 ι
313 1109 439 1170 πῶς
468 1110 528 1161 δὲ
556 1110 603 1161 εί
640 1110 860 1179 πρῶτος
888 1107 955 1182 ἦν
984 1113 1313 1183 ἔμπροσθεν,
1353 1114 1579 1188 ὕστερον
1607 1118 1726 1185 ὲγέ-

130 1215 279 1263 vero;
325 1201 410 1269 Τῇ
474 1202 807 1271 φανερώσει,
842 1204 937 1255 καὶ
988 1207 1053 1275 τῇ
1097 1205 1296 1272 γνώσει
1330 1210 1397 1279 τῇ
1438 1212 1574 1279 πρὸς
1632 1210 1726 1261 τὸν

128 1290 252 1341 λαόν
274 1307 286 1319 ·
320 1292 461 1360 πρὶν
513 1292 610 1360 μὲν
642 1292 751 1361 γὰρ
783 1293 876 1345 ἐπὶ
920 1293 978 1346 τὸ
1027 1296 1315 1366 κηρύττειν
1360 1300 1627 1370 παρέλθῃ,
1662 1302 1722 1354 ού

130 1380 338 1449 σφόδρα
370 1375 446 1449 ἦν
485 1383 605 1443 τοῖς
660 1382 877 1446 πολλοῖς
912 1382 1187 1455 γνώριμος
1209 1402 1223 1416 ⁸
1259 1390 1287 1441 6
1322 1387 1377 1439 δὲ
1416 1388 1721 1459 Βαπτιστὴς

127 1472 222 1539 ἥδη
259 1473 359 1526 καὶ
394 1474 719 1542 ἐκήρυττεν,
745 1475 840 1526 καὶ
871 1474 1159 1541 ἐϐάπτιζεν
1186 1478 1294 1548 πρὸ
1320 1479 1486 1531 αὑτοῦ
1509 1498 1521 1510 -
1557 1480 1647 1532 ὅτε
1669 1481 1723 1533 ὃὲ

126 1563 317 1615 λοιπὸν
345 1565 445 1617 καὶ
480 1566 507 1617 6
544 1563 751 1634 Κύριος
786 1565 988 1638 ἤρξατο
1023 1568 1336 1639 κηρύττειν,
1366 1572 1459 1623 καὶ
1493 1573 1559 1624 τὰ
1592 1571 1723 1623 θαύ-

125 1672 277 1724 ματα
303 1658 604 1719 ἐπιτελεῖν,
630 1657 961 1727 ἔμπροσθεν,
979 1660 1486 1730 τουτέστιν’μᾶλ).ον
1504 1662 1596 1714 τοῦ
1622 1662 1725 1715 Bst-

125 1745 356 1798 πτιστοῦ
397 1746 471 1798 τὰ
507 1751 754 1814 πρωτεῖα
783 1748 996 1819 ἔφερεν.
1029 1751 1138 1802 Καῖ
1166 1751 1246 1802 ὅτι
1292 1752 1449 1805 τοῦτό
1482 1755 1629 1805 ἐστιν
1666 1754 1725 1806 τὸ

1834 565 1945 634 geri
1982 565 2049 619 ab
2083 563 2363 620 Elisabeth
2431 563 2727 634 Baptistam
2772 567 2822 618 in
2845 573 2997 620 utero
3022 569 3215 622 aiebat.
3255 570 3403 634 Quo-

1834 658 1991 709 modo
2030 671 2159 726 ergo
2199 669 2485 727 postquam
2526 671 2647 710 eum
2685 658 2860 711 virum
2898 658 3127 725 dixerat,
3166 662 3399 729 priorem

1834 761 1892 801 se
1925 746 2090 801 fuisse
2120 748 2449 808 afﬁrmabat,
2480 750 2583 801 nisi
2616 749 2781 802 Deum
2814 749 3102 806 manifeste
3132 752 3402 805 humana-

1833 848 1944 892 tunt
1978 840 2150 907 ipsum
2182 840 2462 893 scivisset?
2499 860 2515 890 ι
2553 839 2681 894 Post
2711 856 2795 895 me
2823 843 2963 895 enim
2984 885 2998 907 ,
3029 844 3231 910 inquit,
3259 844 3406 897 venit

1831 929 1938 992 vir,
1967 928 2057 995 qui
2087 938 2210 984 ante
2241 944 2323 984 me
2355 930 2528 985 factus
2560 942 2662 997 est,
2693 933 2815 999 quia
2846 934 2995 1001 prior
3023 948 3107 987 me
3135 945 3252 987 erat
3276 934 3339 987 ".
3381 953 3396 983 ι

1833 1016 2111 1082 Quomodo
2141 1029 2339 1082 autem,
2398 1021 2661 1087 siquidem
2693 1030 2847 1074 antea
2883 1023 3032 1088 prior
3054 1031 3189 1085 erat,
3226 1032 3403 1090 poste-

1834 1107 1944 1159 rior
1976 1108 2150 1162 factus
2186 1109 2305 1162 est?
2345 1109 2779 1165 manifestatione
2820 1112 3007 1183 1440
3042 1113 3291 1168 videlicet
3325 1125 3407 1167 at-

1832 1213 1936 1267 que
1960 1202 2098 1269 apud
2132 1201 2380 1271 populum
2414 1204 2624 1257 notitia.
2655 1202 2789 1258 Nam
2826 1206 3139 1273 priusquam
3173 1208 3237 1259 ad
3270 1222 3405 1273 prae-

1831 1294 2117 1346 dicandum
2165 1295 2480 1357 accederet,
2526 1311 2631 1349 non
2680 1296 2968 1351 admodum
3020 1298 3201 1352 multis
3248 1309 3403 1353 notus

1832 1391 1965 1437 erat.
2001 1383 2235 1451 Baptista
2270 1400 2397 1438 vero
2428 1386 2535 1455 jam
2575 1397 2684 1439 tum
2719 1395 2775 1440 et
2809 1389 3155 1456 praedicabat,
3191 1398 3247 1442 et
3280 1399 3403 1443 ante

1832 1488 1953 1526 eum
1987 1474 2313 1541 baptizabat.
2347 1469 2607 1545 Deinceps
2638 1492 2765 1532 vero
2795 1494 2916 1533 cum
2949 1482 3110 1534 etiam
3148 1481 3405 1535 Dominus

1833 1562 1995 1628 carpit
2037 1565 2362 1631 prmdicare,
2396 1576 2452 1619 et
2496 1568 2755 1622 miracula
2800 1570 2990 1633 edere,
3034 1582 3191 1635 ante,
3231 1573 3281 1625 id
3323 1581 3407 1627 est

1835 1655 2004 1723 magis
2048 1670 2205 1722 quam
2252 1655 2526 1725 Baptista,
2567 1659 2856 1727 primatum
2904 1663 3108 1716 retulit.
3153 1663 3218 1716 Et
3260 1665 3403 1732 quod

1832 1746 2076 1799 vocabuli
2107 1756 2229 1800 ante
2257 1749 2341 1801 hic
2369 1764 2561 1803 sensus
2588 1750 2679 1812 sit,
2712 1752 2832 1804 audi
2864 1754 2992 1821 quid
3021 1750 3215 1808 Joanni
3246 1756 3401 1811 dixe-

124 1836 474 1907 ιμπροσθεν,
526 1838 692 1891 ἀκουε
740 1837 793 1890 τε
851 1839 987 1909 πρὸς
1037 1840 1129 1893 τὸν
1171 1840 1427 1913 Ἰωάννην
1460 1844 1510 1895 οἱ
1556 1844 1718 1897 αὑτοῦ

1831 1837 1937 1889 rint
1974 1838 2179 1906 proprii
2223 1838 2471 1908 discipuli
2520 1855 2535 1893 :
2584 1858 2603 1890 ι
2650 1840 2924 1911 Magister,
2964 1845 3054 1897 ille
3095 1845 3183 1912 qui
3230 1855 3403 1899 tecum

124 1931 377 1999 μαθηταὶ
439 1929 660 1997 ἔλεγον·
706 1949 723 1981 t
756 1930 966 1996 'Pa66‘t,
1016 1932 1074 1995 ὃς
1122 1929 1189 2002 ἦν
1241 1935 1381 2003 μετά
1423 1936 1516 1988 σοῦ
1562 1937 1721 2005 ὲντῷ

134 2019 406 2091 Ἰορδάνῃ,
442 2014 487 2087 ᾧ
524 2022 588 2073 σὺ
628 2021 1088 2091 μεμαρτύρηκας,
1136 2023 1211 2076 ἴδε
1256 2020 1411 2088 οὗτος
1445 2025 1718 2095 βαπτίζει,

120 2113 214 2163 καὶ
251 2112 467 2175 πάντες
498 2112 754 2180 ἔρχονται
784 2114 921 2182 πρὸς
954 2116 1132 2167 αὐτόν.
1168 2137 1185 2169 ι
1220 2116 1455 2190 Θεωρεῖς
1486 2122 1602 2182 πῶς
1630 2122 1722 2173 καὶ

118 2202 313 2269 ἄνδρα,
346 2202 448 2253 καὶ
488 2201 709 2271 πρῶτον
736 2203 1038 2272 ὲκήρυξεν;

187 2294 292 2347 κθ¹.
335 2294 403 2346 El
429 2299 495 2364 τῇ
531 2294 881 2368 προλαϐούσῃ
910 2300 1290 2368 κεκαρωμένοι
1326 2302 1488 2374 μέθη,
1521 2302 1598 2354 ἔτι
1628 2303 1720 2355 καὶ

118 2384 212 2436 νῦν
257 2386 674 2439 ἀναϐάλλονται
722 2391 787 2458 τῇ
821 2389 1052 2461 ἀληθείᾳ
1094 2393 1379 2447 πείθεσθαι
1417 2396 1466 2445 οἱ
1517 2395 1722 2447 πεπλα-

118 2479 374 2545 νημένοι,
413 2478 552 2545 φέρε
593 2480 852 2549 κάκείνην
912 2484 1096 2545 αὐτοῖς
1141 2486 1240 2553 τὴν
1282 2487 1588 2556 μαρτυρίαν
1642 2490 1722 2549 είς

121 2568 291 2634 μέσον
339 2568 676 2637 ἀγάγωμεν,
712 2570 848 2639 πρὸς
891 2572 956 2642 ἦν
991 2574 1267 2626 ἀντειπεῖν
1316 2576 1438 2628 οὔτε
1483 2578 1636 2629 αὐτοὶ
1671 2578 1720 2629 οἱ

116 2657 183 2707 τὰ
211 2657 571 2719 αύτάαύτοῖς
602 2658 966 2728 ὑπειληφότες
997 2661 1259 2725 Ἰουδαῖοι,
1288 2666 1382 2717 καὶ
1408 2667 1721 2736 νομίζοντες

116 2746 419 2816 ἄνθρωπον
452 2747 598 2799 εἶναι
633 2748 808 2817 ψιλὸν,
856 2749 1041 2803 ούκέτι
1080 2752 1457 2823 ἠδυνήθησαν
1495 2757 1625 2807 ποία
1663 2757 1719 2808 δὲ

116 2839 254 2907 αὕτη
293 2840 483 2901 ἑστίη
520 2840 694 2903 Αὐτός
729 2858 862 2893 ποτε
898 2841 1026 2904 τοὺς
1059 2844 1387 2913 Φαρισαίους
1434 2848 1461 2898 6
1516 2846 1719 2917 Κύριος

114 2930 413 2999 tuin-quat;
439 2929 619 2997 λέγων
639 2946 651 2959 ·
696 2949 712 2980 ι
740 2928 804 2982 Τί
836 2932 965 3001 ὑμῖν
998 2934 1144 2987 δοκεῖ
1170 2936 1298 3005 περὶ
1323 2935 1416 2989 τοῦ
1448 2938 1717 3009 Χριστοῦ;

116 3022 259 3083 τίνος
294 3021 418 3084 υίὸς
451 3022 573 3073 ἐστι
598 3038 612 3085 ;
641 3040 657 3072 ι
687 3021 809 3074 Τῶν
840 3023 895 3075 δὲ
932 3026 1411 3095 ἀποκριναμένων,
1441 3046 1457 3079 t
1483 3030 1589 3082 Τοῦ
1615 3034 1718 3084 Δα-

116 3112 218 3166 είδ·
246 3132 265 3164 ι
288 3113 399 3183 ἔφη
427 3114 569 3184 πρὸς
599 3114 820 3176 αύτούς·
853 3132 871 3165 t
903 3116 1026 3178 Πῶς
1047 3112 1140 3168 οὖν
1161 3118 1326 3171 Δαδὶδ
1353 3120 1412 3171 ὲν
1440 3120 1719 3191 Πνεύματι

1829 1937 1946 1981 erat
1984 1928 2034 1981 in
2074 1928 2335 1993 Jordane,
2377 1931 2462 1983 cui
2503 1940 2559 1984 tu
2601 1932 2969 1987 testimonium
3014 1936 3233 1999 dedisti,
3278 1952 3405 1991 ecce

1831 2032 1971 2071 nunc
2010 2018 2055 2071 is
2094 2020 2354 2086 baptizat,
2388 2030 2441 2074 et
2464 2021 2527 2074 ad
2554 2036 2677 2074 eum
2716 2025 2892 2077 cuncti
2916 2026 3219 2078 veniunt".
3265 2045 3282 2075 ι
3319 2026 3407 2080 Vi-

1829 2108 1959 2162 den‘
2001 2126 2106 2179 qua
2139 2110 2351 2164 ratione
2384 2119 2437 2164 et
2468 2111 2643 2164 virum
2678 2122 2732 2165 et
2767 2114 2999 2167 oriorem
3024 2115 3191 2183 ipsum
3218 2115 3407 2184 praedi-

1829 2201 2069 2253 caverit?

1897 2290 1988 2342 20.
2032 2287 2316 2343 Postremo
2358 2291 2403 2344 si
2448 2302 2635 2343 vetere
2682 2292 2889 2360 gravati
2940 2294 3183 2361 crapula,
3229 2296 3403 2351 adhuc

1831 2379 2043 2433 veritati
2082 2382 2303 2433 credere
2338 2380 2388 2434 hi
2425 2394 2651 2435 errones
2684 2380 2967 2447 diil‘erunt,
3003 2400 3100 2453 age
3127 2386 3236 2452 jam
3274 2388 3400 2441 illud

1828 2486 2039 2539 quoque
2089 2473 2457 2525 testimonium
2507 2473 2847 2541 proferamus
2901 2477 2953 2529 in
3003 2480 3275 2544 medium,
3319 2483 3402 2535 cui

1828 2561 2206 2615 contradicere
2248 2576 2314 2615 ne
2360 2562 2459 2631 ipsi
2504 2564 2723 2631 quidem
2771 2565 2924 2633 paria
2976 2568 3061 2623 his
3109 2572 3403 2625 sentientes

1826 2651 2028 2719 Judaei,
2075 2662 2127 2707 et
2167 2655 2466 2724 simplicem
2512 2658 2783 2711 hominem
2821 2660 3161 2728 judicantes,
3203 2663 3404 2717 diutius

1829 2754 2141 2813 potuerunt.
2172 2745 2325 2811 Quod
2352 2762 2483 2801 vero
2515 2748 2617 2801 hoc
2647 2749 2768 2802 est?
2798 2749 2917 2815 lpse
2945 2751 3234 2820 aliquando
3262 2753 3403 2807 Pha-

1828 2836 2014 2889 risaaos
2048 2837 2307 2891 Dominus
2343 2838 2701 2907 interrogavit
2735 2841 2923 2894 dicens
2959 2860 2970 2895 :
3015 2860 3033 2893 ι
3074 2842 3212 2907 Quid
3248 2845 3401 2898 vobis

1828 2925 2040 2979 videtur
2077 2927 2141 2979 de
2186 2926 2442 2979 Christo?
2488 2927 2767 2993 cujusnam
2816 2929 2955 2983 {ilius
2997 2931 3115 2985 est?
3155 2930 3398 3001 Respon-

1829 3015 2544 3083 dentibuslillis,«Davidisn
2568 3018 2768 3072 aitillis
2802 3037 2814 3072 :
2858 3037 2875 3069 ι
2912 3018 3021 3075 Cur
3060 3037 3187 3092 ergo
3234 3023 3400 3076 David

1830 3103 2032 3173 Spiritu
2083 3106 2370 3160 instinctus
2416 3115 2572 3160 vocat
2617 3123 2741 3161 eum
2795 3109 3104 3174 Dominum,
3151 3114 3337 3167 dicens
3384 3130 3397 3166 :

117 3205 273 3259 καλεῖ
290 3178 720 3277 αύτὸννιίύριον,
744 3207 939 3275 λέγων’
962 3203 1126 3260 Εἶπεν
1153 3211 1180 3261 6
1208 3208 1412 3278 Κύριος
1435 3211 1512 3281 τῷ
1534 3178 1718 3283 κυρίῳ

1828 3192 2251 3251 DixitDominus
2286 3197 2517 3253 Domino
2572 3214 2713 3266 meo,
2750 3199 2889 3255 Sede
2922 3216 2951 3254 a
2988 3202 3191 3257 dextris
3228 3205 3397 3271 meis,

121 3314 242 3366 μουσ
280 3297 478 3352 Κάθου
512 3300 577 3350 ἐκ
607 3297 797 3363 δεξιῶν
828 3316 953 3366 μου,
986 3300 1089 3361 ἕως
1122 3300 1189 3353 ἂν
1228 3300 1307 3353 θῶ
1334 3302 1461 3365 τοὺς
1494 3303 1723 3373 ἐχθρούς

120 3405 207 3438 σου
241 3386 552 3440 ὑποπόδιον
585 3388 694 3437 τῶν
746 3386 924 3438 ποδῶν
956 3406 1088 3453 σου;
1134 3388 1200 3443 El
1242 3390 1335 3444 οὖν
1358 3393 1523 3445 Δασιδ
1562 3394 1721 3447 καλεῖ

120 3476 281 3526 αὑτὸν
311 3473 554 3541 Κύριον,
584 3472 703 3534 πῶς
730 3474 847 3535 υίὸς
888 3474 1049 3526 αὐτού
1069 3480 1249 3542 tactv;
1297 3498 1314 3529 ι
1362 3480 1525 3550 Ὀρᾷς
1558 3499 1720 3549 φανε-

122 3565 226 3631 ρῶς
261 3563 386 3626 πῶς
421 3562 633 3631 Κύριον
677 3562 769 3614 τοῦ
819 3563 986 3617 Δαὸὶδ
1020 3567 1213 3619 ἑαυτὸν
1246 3570 1564 3634 ἀπέδειξεν;
1598 3572 1721 3631 Πῶς

118 3652 205 3707 οἶν
222 3659 251 3708 6
269 3658 335 3708 ὲκ
352 3654 678 3724 σπέρματος
703 3654 887 3719 Δα6“ιδ,
905 3656 1106 3722 Κύριος
1126 3660 1292 3712 αὐτοῦ
1313 3657 1453 3713 εἶναι
1467 3662 1717 3730 ἠδύνατο,

121 3750 213 3803 καὶ
264 3748 363 3801 τοῦ
428 3748 637 3817 πατρὸς
686 3748 1001 3817 σύνθρονος,
1037 3754 1085 3802 εί
1133 3754 1209 3821 μὴ
1258 3754 1337 3806 ὅτι
1369 3754 1502 3817 Θεὸς
1530 3752 1598 3825 ἦν
1652 3758 1719 3809 τὰ

120 3838 449 3909 ἀνθρώπινα
490 3837 955 3909 περιϐαλόμενος;
986 3841 1113 3895 Υίὸν
1142 3843 1249 3914 γὰρ
1273 3845 1438 3897 Δαὸὶδ
1476 3847 1570 3898 καὶ
1604 3846 1716 3899 Κύ-

123 3949 255 4000 ριον,
288 3932 386 3985 τὸν
419 3933 485 3984 ἐκ
523 3932 623 4000 τῆς
654 3931 934 4001 Παρθένου
962 3935 1243 4003 τεχθέντα,
1277 3939 1557 3991 τουτέστιν
1590 3942 1718 3992 ἑαυο·

121 4024 227 4082 τὸν,
249 4022 547 4085 ἀπέδειξεν
568 4038 581 4052 ο
610 4022 727 4075 ἀλλ’
752 4025 953 4075 ἐκεῖνοι
980 4026 1076 4093 μὲν
1102 4029 1196 4080 καὶ
1222 4028 1427 4097 ταύτην
1454 4031 1554 4100 τὴν
1580 4049 1719 4101 μαρ-

122 4116 311 4185 τορίαν
344 4114 694 4174 ἀκούσαντες
719 4114 1131 4184 ἀνετράπησαν,
1165 4120 1261 4171 καὶ
1291 4120 1384 4171 τοῦ
1419 4121 1719 4187 ἀντιλέγειν

123 4205 457 4266 ἐπαύσαντο,
506 4204 584 4265 ὡς
651 4205 679 4255 6
736 4204 1126 4276 εύαγγελιστὴς
1186 4210 1418 4278 ἱστορεῖ·
1468 4231 1486 4261 ‹
1532 4213 1719 4275 Οὐδεὶς

122 4296 248 4364 γὰρ,
283 4295 483 4363 φησὶν,
531 4293 769 4361 ἠδύνατο
805 4288 1169 4367 ἀποκριθῆναι
1210 4301 1360 4369 αύτῴ
1389 4301 1565 4368 λόγον,
1599 4304 1717 4355 οὐδὲ

122 4387 428 4456 ἐτόλμησεν
466 4386 562 4437 ἀπ’
598 4386 816 4453 ἐκείνης
856 4387 955 4457 τῆς
988 4388 1135 4459 ὧρας
1175 4392 1523 4461 ἐπερωτῆσαι
1555 4395 1718 4449 αὑτὸν

123 4476 329 4527 οὐκέτι.
364 4494 383 4525 ι

190 4566 254 4619 λ’.
316 4566 545 4618 Γὲνοιτο
596 4566 652 4618 δὲ
711 4568 807 4619 καὶ
856 4569 1115 4634 τούτους,
1160 4572 1261 4626 κᾶν
1303 4576 1401 4644 ὀψέ
1444 4597 1570 4631 ποτε
1618 4580 1714 4649 τῆς

125 4654 307 4717 ἀνοίας
344 4655 723 4719 ἀποστάντας,
746 4658 1045 4725 ἐπιγνῶναι
1081 4662 1181 4731 τῆς
1215 4665 1496 4730 εὐσεϐείας
1526 4670 1585 4720 τὸ
1615 4675 1713 4737 κή-

128 4764 345 4817 ρυγμα·
385 4748 552 4816 ἡμεῖς
582 4746 639 4798 δὲ
680 4747 884 4818 ταύτης
935 4752 1189 4821 ἐχώμεθα
1227 4756 1328 4825 τῆς
1358 4758 1595 4822 πίστεως
1628 4762 1715 4814 διὰ

128 4840 348 4903 παντὸς,
379 4838 702 4905 ἀγαπητοί·
754 4841 957 4911 ταύτην
1002 4847 1092 4896 καὶ
1143 4848 1199 4897 ὲν
1227 4847 1435 4918 διανοίᾳ
1472 4853 1713 4921 κατέχω-

130 4939 244 4989 μεν,
280 4925 376 4975 καὶ
426 4925 493 4992 τῇ
542 4922 759 4998 γλώττῃ
791 4931 1038 4999 φανερῶς
1081 4936 1170 4985 καὶ
1222 4936 1361 5004 μετὰ
1401 4942 1715 5009 παρρησίας

128 5013 517 5083 κηρύττωμεν,
547 5016 726 5067 πάντα
756 5018 844 5070 διὰ
869 5021 1070 5091 ταύτην
1092 5025 1386 5095 ὑπομένειν
1417 5032 1713 5101 προθύμως

128 5103 469 5174 ἀνεχόμενοι.
508 5106 660 5177 Αὕτη
694 5108 794 5175 μὲν
826 5110 931 5180 γάρ
965 5118 1260 5185 προφητῶν
1282 5121 1429 5171 ἐστιν
1467 5124 1710 5195 πρόρρη-

130 5210 225 5258 σις,
258 5198 583 5250 ἀποστόλων
617 5199 673 5249 δὲ
724 5202 1005 5271 κήρυγμα,
1043 5208 1137 5259 καὶ
1180 5210 1280 5279 τῆς
1323 5214 1431 5263 τῶν
1466 5215 1708 5284 οὐρανῶν

132 5285 401 5352 βασιλείας
435 5289 721 5360 πρόξενος,
757 5292 894 5362 αὕτη
938 5296 1033 5364 τῆς
1065 5299 1282 5353 αἰωνίου
1314 5302 1459 5372 ζωῆς
1495 5306 1707 5375 ὀδηγὸς,

129 5381 260 5451 αὕτη
284 5384 395 5436 τῶν
435 5386 695 5451 πατέρων
724 5388 751 5438 6
773 5387 1023 5453 πλοῦτος,
1048 5391 1185 5462 αὕτη
1217 5396 1307 5447 καὶ
1340 5399 1493 5466 ἡμῶν
1518 5402 1546 5451 6
1579 5402 1709 5472 ἀλη-

132 5470 266 5536 θινὸς
291 5476 591 5547 θησαυρὸς,
639 5478 781 5549 ὑπὲρ
806 5474 866 5533 οὗ
895 5481 1069 5535 πάντα
1097 5488 1294 5540 πωλεῖν
1319 5490 1413 5542 καὶ
1440 5493 1704 5561 προέσθαι

130 5562 360 5618 δίκαιον
408 5567 605 5621 τοῦτον
634 5570 689 5621 εί
738 5587 821 5620 τις
874 5572 1030 5627 ’ὑμῶν
1085 5576 1424 5647 ἀποσυλῆσαι
1466 5583 1703 5639 θελῆσοι.

196 5747 395 5805 "'Luc.
431 5766 469 5817 ι,
501 5752 571 5805 '56
672 5752 893 5809 "Joan.
921 5770 1002 5823 tu,
1030 5756 1118 5812 26.

1198 5760 1242 5793 ”
1264 5762 1457 5820 Matth.
1494 5782 1629 5835 xm,
1663 5768 1852 5825 αεὶ-45,

1825 3287 1996 3341 donec
2034 3303 2227 3355 ponam
2263 3290 2514 3344 inimicos
2553 3301 2671 3345 tuos
2706 3292 3001 3347 scabellum
3039 3296 3233 3363 pedum
3278 3308 3397 3353 tuo-

1824 3379 1978 3433 rum?
2008 3378 2062 3432 Si
2095 3394 2223 3448 ergo
2251 3378 2425 3434 David
2454 3391 2607 3435 vocat
2639 3398 2760 3436 eum
2794 3384 3099 3451 Dominum,
3128 3388 3400 3455 quomodo

1822 3469 1965 3523 ﬁlius
2000 3469 2116 3538 ejus
2150 3482 2233 3525 est
2262 3472 2346 3525 ὀἳ
2386 3491 2404 3523 ι
2445 3470 2627 3526 Nonne
2666 3483 2849 3543 aperte
2884 3477 3066 3539 vides,
3110 3478 3251 3545 quod
3289 3477 3399 3531 Do-

1824 3563 2026 3615 minum
2060 3572 2230 3616 semet
2258 3563 2475 3615 Davidis
2504 3562 2931 3617 demonstravit?
2956 3566 3236 3630 Quomodo
3267 3582 3397 3637 ergo

1821 3652 1913 3721 qui
1954 3653 2021 3705 de
2064 3653 2273 3706 semine
2315 3652 2533 3707 Davidis
2577 3663 2730 3719 erat,
2772 3656 2930 3725 hujus
2974 3658 3233 3714 Dominus
3278 3676 3398 3715 esse

1823 3752 2066 3811 poterat,
2109 3754 2163 3796 et
2208 3745 2377 3812 patris
2421 3744 2474 3797 in
2524 3746 2720 3799 throno
2763 3760 3074 3812 consessor,
3119 3751 3221 3803 nisi
3267 3752 3393 3819 quia

1825 3833 1966 3885 Deus
1987 3841 2101 3885 erat
2128 3832 2360 3886 humana
2388 3845 2577 3887 natura
2604 3836 3007 3892 circumdatus?
3026 3839 3222 3893 Filium
3249 3843 3394 3895 enim

1824 3921 2042 3975 Davidis
2076 3937 2139 3976 ac
2174 3924 2481 3989 Dominum,
2512 3940 2631 3979 eum
2667 3942 2824 3994 quem
2856 3929 3013 3998 Virgo
3046 3932 3277 3999 peperit,
3310 3948 3398 3987 se-

1822 4017 1994 4084 ipsum
2037 4017 2305 4079 videlicet,
2349 4019 2765 4076 demonstravit.
2808 4021 2872 4075 Et
2919 4023 2993 4076 illi
3036 4026 3253 4092 quidem
3294 4027 3395 4081 hoc

1822 4108 2005 4161 audito
2049 4108 2382 4174 testimonio,
2425 4110 2697 4174 abierunt,
2741 4120 2794 4164 et
2839 4116 3264 4170 contradicendo
3301 4119 3397 4170 ab-

1823 4199 2111 4260 stiterunt,
2148 4208 2207 4250 ut
2236 4208 2422 4251 narrat
2454 4201 2808 4267 evangelista.
2842 4221 2860 4251 ‹
2896 4200 3067 4257 Nemo
3099 4205 3243 4257 enim
3267 4246 3281 4268 ,
3314 4207 3393 4261 in-

1822 4291 1959 4358 quit,
2004 4300 2217 4359 poterat
2260 4293 2308 4345 ei
2355 4294 2684 4359 respondere
2726 4295 2973 4357 verbum,
3016 4310 3191 4364 neque
3235 4313 3395 4352 ausus

1822 4381 1922 4435 fuit
1964 4382 2250 4450 quisquam
2294 4399 2359 4436 ex
2406 4384 2492 4437 illa
2536 4385 2667 4437 hora
2711 4402 2833 4440 eum
2879 4387 3113 4456 amplius
3158 4389 3394 4443 interro-

1746 4507 1794 4567 Β
1823 4488 1948 4542 gare
1976 4473 2039 4527 ⁸¹.
2083 4492 2101 4524 ι

1892 4582 1979 4635 ΞΟ.
2023 4583 2239 4637 Utinam
2280 4600 2407 4639 vero
2454 4596 2511 4640 et
2552 4587 2603 4640 hi
2648 4588 2943 4644 adversarii
2992 4603 3182 4658 nostri,
3222 4610 3395 4668 quan-

1821 4688 1983 4742 quam
2015 4690 2161 4737 sero,
2191 4676 2390 4731 omissa
2424 4679 2638 4733 vesania
2672 4694 2766 4735 sua
2803 4693 2959 4739 rectm
2996 4690 3266 4757 religionis
3298 4698 3395 4747 do-

1821 4766 2051 4819 ctrinam
2080 4772 2405 4835 agnoscant!
2434 4769 2545 4825 Nos
2565 4784 2709 4829 certe
2733 4777 2851 4830 fidei
2877 4780 2997 4832 huic
3021 4782 3395 4841 adhaereamus

1819 4867 2155 4921 constanter,
2181 4874 2212 4911 o
2236 4861 2567 4915 charissimi.
2593 4863 2743 4918 Hanc
2765 4875 2818 4918 et
2844 4878 3017 4921 mente
3042 4872 3389 4938 retineamus,

1820 4954 1873 4997 et
1914 4947 2092 5015 lingua
2137 4948 2311 5015 palam
2354 4952 2800 5021 confidenterque
2838 4960 3220 5027 prmdicemus,
3261 4965 3390 5016 nihil

1820 5036 1979 5099 huius
2012 5054 2172 5091 causa
2204 5040 2458 5095 alacriter
2485 5046 2689 5112 perpeti
2726 5058 3056 5103 recusantes.
3089 5050 3210 5108 llaec
3248 5058 3389 5108 enim

1819 5140 1901 5182 est
1928 5132 2311 5198 prophetarum
2341 5136 2639 5203 prredictio,
2666 5142 3025 5207 apostolorum
3054 5146 3387 5210 prmdicalio,

1820 5230 1872 5275 et
1904 5224 2049 5290 regni
2085 5225 2346 5279 cmlornm
2381 5227 2667 5294 donatrix,
2704 5231 2817 5283 lucc
2848 5244 3061 5289 αξιοι-ηαξ
3091 5238 3211 5290 vita:
3243 5238 3344 5290 dux
3374 5280 3386 5300 ,

1816 5314 1931 5367 haec
1976 5324 2188 5382 patrum
2234 5318 2342 5369 dite
2385 5319 2799 5384 patrimonium,
2848 5324 2961 5376 haec
2999 5339 3158 5379 verus
3204 5338 3387 5381 noster

1816 5406 2135 5472 thesaurus,
2172 5407 2325 5473 cujus
2356 5425 2514 5464 causa
2548 5413 2727 5465 omnia
2762 5416 2995 5470 vendere
3028 5431 3089 5469 ac
3123 5418 3387 5486 projicere

1814 5514 2025 5567 :equum
2086 5509 2183 5553 est.
2244 5500 2354 5553 lloc
2411 5504 2453 5554 si
2508 5504 2635 5571 quis
2690 5505 2940 5559 thesauro
2999 5508 3231 5576 spoliare
3287 5525 3383 5563 nos

1813 5589 2075 5653 voluerit,
2117 5604 2237 5645 eum
2284 5601 2340 5645 ut
2385 5592 2584 5651 Christi
2633 5597 2999 5652 adversarium
3047 5614 3379 5664 averscmur,

1934 5773 1973 5803 ³¹
2000 5773 2127 5827 ibid.
2168 5773 2254 5827 46.
