4042 6438
627 350 727 402 291
1619 340 1675 390 S.
1715 336 1991 389 CYRILLI
2026 334 2491 388 ALEXANDRINI
2532 331 2850 386 ARCIIIEP.
3771 327 3880 381 292

630 474 686 515 et
718 467 914 514 nostra:
945 456 1134 511 salutis
1165 453 1442 510 inimicum
1477 470 1489 505 :
1524 452 1854 520 praecipienti
1889 452 2201 506 obedientes

2305 447 2776 519 ἁποστρεφώμεθα
2810 447 2883 509 ὡς
2924 446 3310 515 χριειτομάχον,
3345 446 3438 497 καὶ
3478 447 3579 514 τῆς
3604 444 3880 513 ἡμετέρας

625 551 886 620 Apostolo
928 569 940 603 :
991 567 1010 600 ι
1061 547 1212 601 Licet
1251 560 1347 600 nos
1384 545 1466 599 vel
1508 543 1729 612 angelus
1768 544 1833 598 de
1871 543 2007 597 cwlo
2044 543 2195 598 vobis

2302 541 2576 610 σωτηρίας
2598 539 2810 610 ἐχθρὸν,
2835 539 3148 607 πειθόμενοι
3168 537 3244 608 τῷ
3265 537 3696 607 παραγγέλλοντι
3723 538 3883 588 Ἀπο-

621 641 1100 710 erangelizaverit,
1131 651 1492 710 praeterquam
1528 637 1672 708 quod
1704 635 2194 707 evangelizavimus

2304 633 2496 702 στόλῳ·
2535 652 2551 682 ι
2581 630 2698 683 Κᾶν
2723 633 2886 700 ἡμεῖς
2913 629 2946 698 ἢ
2979 628 3208 697 ἄγγελος
3238 630 3298 692 ἐξ
3331 628 3563 698 οὐρανοῦ
3593 627 3881 694 εὐαγγελί-

621 737 797 802 vobis,
831 740 1119 791 anathema
1151 735 1311 791 sit”.
1350 752 1369 785 ι

2305 740 2466 793 σηται
2493 724 2644 794 ὑμῖν,
2677 722 2810 791 παρ’
2851 721 2880 773 ὃ
2910 721 3388 791 εὐηγγελισάμεθα
3432 721 3582 792 ὑμῖν,
3631 719 3881 790 ἀνάθεμα

2302 814 2463 867 ἔστω.
2503 832 2522 865 ι

694 996 740 1030 ³³
761 997 939 1058 Galat.
973 1013 1014 1062 ι,
1037 996 1097 1049 8ο

2004 1149 2483 1212 SCHOLION.

699 1346 950 1400 Errorem
971 1386 984 1410 ,
1018 1359 1123 1412 quo
1154 1343 1216 1397 Β.
1249 1342 1427 1397 Maria:
1465 1351 1690 1411 negatur
1723 1342 1964 1409 θείμαν-αν
2000 1341 2218 1404 titulus,
2251 1344 2523 1397 mordicus
2559 1343 2734 1398 adhuc
2772 1344 3008 1398 retinent
3042 1343 3224 1396 miseri
3260 1340 3530 1404 Chaldaei,
3562 1355 3698 1412 quos
3720 1339 3890 1412 vulgo

625 1412 982 1471 Nestorianos
1017 1411 1281 1480 dicimus;
1317 1427 1624 1481 quanquam
1661 1413 1756 1480 ipsi
1796 1411 2240 1466 Nestorianorum
2276 1430 2471 1466 nomen
2507 1416 2609 1468 sibi
2649 1416 2848 1482 imponi
2883 1429 3026 1483 :rgre
3062 1413 3274 1476 ferunt,
3310 1414 3658 1483 quiaputant
3687 1411 3889 1483 Nesto—

628 1490 765 1540 rium
803 1487 982 1550 potius
1023 1484 1090 1537 ab
1123 1484 1493 1536 Orientalibus
1526 1497 1618 1535 seu
1653 1483 1919 1536 Cbaldmis
1950 1483 2253 1534 doctrinam
2287 1498 2438 1535 suam
2471 1481 2789 1550 sumpsisse.
2821 1481 2979 1538 Certe
3011 1484 3305 1538 Ebediesus
3336 1481 3651 1546 Chaldaeus,
3685 1482 3892 1535 saeculo

626 1572 736 1616 XIV,
768 1554 1031 1609 Sobeusis
1065 1553 1433 1620 metropolita,
1464 1553 1514 1604 in
1547 1568 1645 1605 suo
1675 1553 1749 1604 De
1781 1553 1999 1624 veritate
2031 1551 2346 1624 Christiania
2378 1555 2647 1623 religionis
2679 1554 2906 1624 Syriaco
2935 1568 3099 1624 opere
3133 1563 3285 1624 tract.
3318 1567 3399 1615 ιιι,
3429 1567 3553 1620 cap.
3578 1555 3631 1614 4,
3652 1562 3893 1624 contro-

626 1627 858 1678 versiam
897 1626 1037 1678 hanc
1071 1619 1255 1676 lucide
1281 1624 1537 1689 exponit,
1572 1633 1631 1675 ut
1660 1624 1836 1689 legere
1868 1623 1994 1674 licet
2028 1623 2078 1675 in
2109 1623 2349 1676 editione
2379 1638 2407 1674 a
2441 1619 2599 1677 nobis
2632 1619 2819 1677 curata
2856 1619 3162 1692 Syri-Lat”
3194 1621 3391 1688 Script.
3423 1619 3545 1684 vel},
3585 1631 3622 1674 t.
3651 1620 3720 1675 Χ.
3750 1619 3893 1674 Nam

625 1695 816 1748 divisis
844 1697 911 1748 ab
942 1709 1005 1746 eo
1035 1692 1362 1746 Christianis
1394 1692 1446 1744 in
1480 1700 1591 1744 tres
1622 1701 1819 1752 sectas,
1849 1707 2077 1759 quarum
2109 1693 2321 1744 tertiam
2354 1693 2484 1746 dicit
2513 1708 2633 1748 esse
2663 1693 3034 1754 Nestorianos,
3066 1692 3206 1745 ultro
3235 1693 3436 1746 fatetur
3461 1700 3642 1745 sectas
3671 1692 3894 1760 priores

628 1767 766 1818 duas
803 1764 1234 1831 (numerosiores
1263 1762 1432 1815 multo
1464 1771 1626 1827 atque
1655 1761 1943 1831 doctiores)
1974 1761 2259 1815 admisisse
2287 1764 2607 1816 vocabulum
2641 1763 2890 1829 Deipara,
2923 1763 3065 1831 quod
3100 1778 3128 1813 a
3161 1762 3290 1815 solis
3321 1760 3660 1815 Nestoriauis
3694 1761 3894 1814 exclu-

624 1830 971 1887 ditur.ldem
996 1871 1009 1894 ,
1047 1842 1230 1900 utpote
1267 1833 1510 1900 apprime
1547 1830 1870 1884 Nestoriano
1904 1832 2074 1884 errori
2110 1831 2391 1896 addictus,
2427 1833 2662 1901 capitulo
2701 1833 2732 1886 6
2767 1830 3066 1900 (ψιοιὶιιοε
3104 1841 3160 1884 ιιι
3197 1833 3433 1898 ineptum
3471 1841 3524 1885 et
3559 1831 3894 1884 invidiosum

627 1905 738 1956 illic
770 1904 1101 1972 omisimus).
1135 1904 1328 1968 dogma
1363 1901 1465 1972 ltoc
1497 1901 1708 1972 frigidis
1736 1901 2092 1972 [milibusque
2123 1903 2457 1972 argumentis
2486 1914 2779 1972 oppugnat.
2811 1904 2861 1956 1.
2897 1902 3031 1966 Quia
3065 1903 3108 1955 si
3141 1901 3312 1972 Maria
3342 1903 3413 1954 sit
3445 1901 3666 1972 Deipara
3688 1939 3703 1963 ,
3737 1901 3898 1953 vide-

628 1983 779 2025 retur
815 1973 980 2026 totius
1015 1970 1328 2031 Trinitatis,
1363 1970 1417 2021 in
1455 1986 1556 2034 qua
1593 1969 1910 2037 simpliciter
1943 1970 2082 2023 Deus
2116 1971 2397 2034 consistit,
2435 1969 2714 2026 matérfﬁl.
2748 1972 2880 2036 Quia
2923 1974 3061 2025 licus
3097 1974 3146 2023 in
3183 1971 3400 2025 Christo
3430 1970 3702 2023 videretur
3735 1985 3894 2023 tuor-

627 2053 780 2105 tuus,
823 2041 1199 2102 resuscitatus,
1237 2049 1340 2092 etc.
1362 2039 1429 2108 73.
1470 2039 1708 2106 Denique
1739 2042 1886 2108 quia,
1923 2055 2044 2091 cum
2080 2041 2150 2092 sit
2182 2040 2453 2103 Christus,
2486 2051 2622 2094 teste
2651 2042 2831 2105 Petro,
2865 2041 3032 2095 Filius
3066 2041 3156 2094 Dei
3191 2042 3324 2101 vivi,
3357 2040 3630 2093 videretur
3659 2038 3897 2106 Deipara

626 2111 795 2164 Maria
830 2121 1005 2163 mater
1030 2112 1210 2178 potius
1237 2110 1328 2162 Dei
1361 2107 1556 2171 Patris,
1583 2107 1890 2178 frustraque
1913 2108 2114 2162 Christi
2145 2121 2317 2162 mater
2336 2110 2450 2177 jam
2471 2123 2915 2178 quaereretun—
2937 2113 3069 2177 Quis
3095 2126 3200 2165 non
3227 2112 3369 2162 videt
3398 2111 3633 2173 ignorari
3663 2125 3897 2177 prorsus

624 2198 652 2233 a
685 2177 1310 2235 Nestoriano’Ebediesu
1341 2192 1520 2249 veram
1555 2178 1620 2231 de
1646 2177 1848 2231 Christi
1883 2179 2257 2232 incarnatione
2286 2177 2629 2249 theologiam.
2659 2191 2712 2234 et
2745 2182 3056 2234 idiomatum
3090 2183 3140 2234 in
3173 2183 3360 2236 eodem
3391 2180 3607 2233 Christo
3638 2195 3894 2232 commua

625 2252 844 2304 nionem
871 2289 884 2313 ,
918 2264 1077 2316 quam
1111 2247 1399 2317 orthodox_i_
1432 2245 1653 2310 Patres,
1689 2249 2064 2314 praecipueque
2093 2248 2356 2317 (lyrillus,
2389 2245 2814 2304 luculentissime
2840 2251 3201 2304 voluminibus
3231 2250 3457 2316 integris
3485 2250 3901 2316 exposuerunt?

626 2320 732 2372 Sed
772 2314 1088 2371 enim—alias
1125 2317 1322 2370 multas
1358 2314 1801 2386 Nestorianorum
1838 2325 2028 2386 contra
2067 2314 2166 2369 hoc
2200 2317 2393 2386 dogma
2429 2320 2800 2373 cavillationes
2833 2322 3079 2374 dissolvit
3116 2331 3226 2372 toto
3261 2314 3420 2372 sexto
3455 2314 3595 2370 libro
3632 2319 3893 2385 polemici

622 2392 702 2443 sui
744 2400 934 2443 contra
975 2388 1092 2440 illos
1136 2387 1416 2457 haeretieos
1453 2382 1930 2457 operisJLeontius
1968 2382 2512 2457 llierosolymitanus,
2553 2405 2710 2456 quem
2752 2405 2848 2442 nos
2888 2399 3161 2442 auctorem
3199 2404 3350 2457 aeque
3388 2382 3657 2441 edidimus
3690 2387 3896 2454 Script.

621 2469 747 2520 νει..
781 2469 818 2511 t.
848 2457 939 2510 ΙΧ.
967 2457 1138 2510 Porro
1168 2455 1305 2521 apud
1335 2454 1610 2526 Photium,
1639 2454 1926 2526 Cod._,‘228,
1957 2471 2008 2522 p.
2034 2455 2158 2519 775,
2189 2454 2528 2524 prrcemius
2559 2454 2867 2526 patriarcha
2897 2454 3290 2523 Antioclienus',
3321 2458 3401 2511 vir
3428 2459 3670 2526 apprime
3698 2459 3898 2512 ortho-

623 2530 822 2589 tloxus,
851 2530 1108 2596 observat
1136 2535 1392 2596 sanctum
1417 2524 1652 2596 Leonem
1713 2524 1727 2575 Ι
1759 2524 1918 2596 Dom.
1951 2527 2348 2596 pontilicemjn
2383 2524 2706 2596 degniaticis
2737 2531 2978 2595 epistolis
3012 2530 3241 2595 primum
3276 2524 3489 2596 propria
3522 2528 3900 2595 explicitaque

621 2598 891 2669 dictione,
932 2595 1113 2669 ἰδικῷς
1153 2595 1342 2669 aurai;
1383 2593 1559 2658 λέξεσι
1579 2633 1602 2669 ,_
1629 2594 1932 2669 appellasse
1969 2593 2193 2669 Mariam

2300 2593 2591 2669 utrem'Dei
2629 2599 2725 2665 (ὡς
2764 2593 2946 2669 μήτηρ
2981 2593 3116 2650 Θεοῦ
3154 2593 3300 2669 toto;
3335 2593 3538 2669 ﬁeri;
3567 2593 3896 2669 eaoréxohti

623 2682 783 2734 quam
829 2666 1002 2719 Graeci
1048 2665 1350 2734 theologico
1391 2678 1569 2734 sensui
1595 2663 1714 2734 ideo
1752 2664 2004 2717 dicebant
2040 2662 2349 2731 Deiparam,
2389 2676 2445 2719 ut
2487 2662 2928 2734 intelliget-emus
2957 2681 3145 2721 contra
3189 2662 3423 2720 Nestorii
3456 2662 3894 2733 blasphemiam,

621 2732 784 2802 quam
825 2751 1038 2804 semper
1073 2732 1418 2805 oppugnabat
1447 2733 1705 2802 Cyrillus,
1744 2748 1932 2786 revera
1973 2736 2026 2805 in
2067 2739 2236 2787 beata:
2278 2734 2460 2789 Maria:
2501 2732 2688 2801 utero;
2714 2754 2818 2790 nou
2856 2747 3035 2792 autem
3076 2748 3285 2805 postea,
3325 2737 3522 2789 l'actam
3561 2732 3683 2790 esse
3721 2738 3899 2791 divini

628 2807 787 2860 Verbi
817 2802 1218 2876 bypostaticam
1249 2818 1387 2876 c_um_
1407 2802 1642 2876 humana
1675 2812 1872 2876 natura
1899 2802 2359 2876 coniunctionem.
2389 2806 2566 2861 Dictio
2593 2823 2719 2861 vero
2748 2809 2836 2859 illa
2865 2802 3446 2876 Leonis—papaeiexstat
3475 2805 3530 2858 in
3563 2806 3790 2876 epistola
3829 2811 3899 2862 ad

624 2871 1191 2938 Leonem'Augustutn
1227 2874 1312 2926 ed.
1351 2873 1614 2942 Cacciarii
1653 2887 1739 2939 ep.
1774 2871 1914 2936 138,
1947 2875 2033 2927 ed.
2066 2874 2264 2928 Daller.
2299 2889 2384 2942 ep.
2421 2877 2555 2940 165,
2590 2878 2677 2930 ubi
2713 2871 3207 2930 auatliematizatur
3240 2875 3523 2928 Nestoriua
3556 2871 3644 2942 qui
3678 2875 3898 2929 beatam

634 2944 898 3015 Virginem
935 2943 1176 3015 diarium
1208 2957 1311 2995 non
1340 2941 1434 2995 Dei
1479 2943 1568 2994 sed
1615 2942 1843 3015 nominis
1891 2947 2268 3015 tantummodo
2303 2941 2528 2998 credidit
2573 2948 2895 3015 genitricem.
2938 2945 3208 3000 Caeterum
3254 2947 3414 2999 silere
3461 2959 3704 3015 nequeo.
3748 2949 3900 3014 quod

623 3011 880 3068 Suieerus
921 3014 1399 3083 Tltesaur._eecles.
1441 3026 1562 3083 voc.
1604 3011 1867 3083 Θεοτῲςος
1903 3023 2092 3067 contra
2133 3013 2422 3082 prraemii
2462 3011 2828 3070 testimonium
2869 3024 3055 3082 negat,
3096 3018 3326 3083 primum
3367 3011 3622 3083 omnium
3648 3011 3897 3071 Leonem

622 3096 868 3139 nostrum
910 3085 1136 3137 Matrem
1179 3081 1271 3134 Dei
1311 3082 1610 3151 appellasse
1651 3080 1715 3134 Β.
1755 3081 2002 3144 Mariam,
2041 3080 2186 3150 quia
2211 3084 2568 3151 antiquiores,
2614 3098 2669 3139 ut
2709 3089 2804 3149 ait,
2845 3080 3037 3138 Patres
3079 3080 3130 3138 id
3172 3084 3560 3139 factitaverint.
3600 3081 3900 3140 Suicerunt

622 3170 751 3209 vero
781 3165 1005 3208 secutus
1037 3153 1293 3206 Petavius
1327 3152 1674 3225 negationem
1706 3152 1846 3225 hanc
1875 3153 2409 3225 copiosius_exponit
2441 3164 2493 3207 et
2523 3157 2786 3223 approbat
2822 3155 2896 3208 De
2925 3157 3158 3216 incarn.,
3196 3156 3287 3208 lib.
3325 3170 3376 3216 v,
3400 3168 3525 3225 gap.
3561 3154 3653 3208 15.
3686 3159 3856 3225 Atqui
3883 3197 3898 3220 ,

623 3227 665 3277 si
707 3225 834 3293 quid
875 3240 991 3293 ego;
1009 3225 1186 3286 video,
1228 3231 1454 3290 uterque
1496 3231 1600 3274 tam
1642 3221 1905 3293 Suicerus
1944 3237 2108 3289 quam
2151 3221 2406 3276 Petavius
2440 3240 2466 3276 a
2501 3221 2628 3278 vero
2667 3236 3031 3292 accuratoque
3066 3226 3351 3278 verborum
3397 3223 3687 3290 Epitrazmii
3729 3221 3900 3281 sensu

621 3291 925 3348 declinant.
951 3291 1065 3346 Non
1102 3293 1257 3362 enim
1281 3293 1344 3344 de
1378 3293 1629 3360 dogmate
1661 3291 1897 3362 quaestio
1915 3303 2027 3358 est,
2061 3295 2156 3346 sed
2191 3293 2258 3346 de
2289 3295 2466 3346 verbis
2498 3295 2696 3360 quibus
2732 3295 2860 3346 illud
2894 3291 3001 3347 Leo
3033 3309 3169 3362 papa
3202 3304 3327 3347 ante
3361 3295 3496 3347 alios
3526 3294 3899 3351 denotaverit.

626 3367 821 3432 Utique
849 3364 1021 3418 Graeci
1054 3361 1204 3434 inulti
1237 3361 1427 3434 Patres
1457 3361 1712 3434 dixerant
1739 3360 2023 3434 Θεοτόκον,
2052 3373 2214 3434 atque
2245 3363 2296 3416 iit
2331 3364 2414 3416 bis
2447 3367 2644 3431 passim
2673 3364 2908 3434 Cyrillus
2939 3360 3470 3432 quem'prrzetuius
3499 3378 3609 3432 prae
3640 3369 3902 3422 manibus

621 3431 854 3489 babebat
877 3472 892 3497 ,
929 3433 1087 3505 sicuti
1123 3446 1190 3484 ne
1225 3431 1362 3505 alios
1395 3432 1612 3505 quidem
1649 3432 1982 3505 antiquiores
2018 3433 2273 3505 similiter
2304 3434 2512 3488 locutos
2550 3431 2849 3505 ignorabat.
2883 3431 3054 3505 Grieei
3096 3431 3388 3501 praeterea,
3421 3449 3735 3504 quanquam
3775 3439 3901 3505 ple.‘

624 3519 853 3572 rumque
886 3504 1051 3574 paulo
1102 3502 1467 3574 recentiores,
1496 3503 1701 3574 dicunt
1743 3502 2095 3574 φεομήτορα,
2123 3503 2220 3574 De

2305 3502 2589 3574 ;ννήτοραζ
2630 3505 2963 3574 Μητρόθεον.
3012 3504 3180 3556 llecte
3229 3519 3437 3574 omnes.
3486 3502 3600 3574 Sed
3635 3502 3822 3574 tamen
3873 3525 3901 3559 ιι

623 3570 861 3636 nemine,
889 3570 946 3625 ut
972 3570 1205 3626 allirmat
1234 3571 1595 3638 prrazmius,
1624 3570 1890 3640 appellata
1915 3570 2094 3642 luerat
2119 3571 2182 3627 B.
2207 3573 2374 3626 Maria
2402 3570 2502 3627 hac
2531 3570 2780 3642 explicita
2812 3575 3044 3627 dictione
3076 3574 3262 3642 μήτηρ
3287 3572 3444 3634 Θεοῦ,
3478 3582 3535 3625 ιιι
3567 3571 3623 3625 ﬁt
3651 3591 3678 3625 a
3710 3573 3904 3628 Leone

622 3646 674 3698 in
709 3644 965 3712 praedicta
994 3642 1258 3711 epistola,
1290 3657 1449 3710 quam
1489 3643 1541 3695 itt
1578 3643 2028 3709 interpretatione
2050 3641 2250 3712 θοι-τεαὶ
2286 3645 2496 3712 legebat
2527 3641 2896 3712 Epitraetnius,
2923 3659 3025 3710 qua
3058 3654 3220 3696 etiam
3250 3645 3481 3709 uertique
3510 3642 3691 3709 lingua
3726 3647 3906 3698 edidit

622 3711 743 3766 eam
776 3714 917 3782 apud
949 3730 1046 3766 nos
1075 3712 1388 3765 Cacciarius
1417 3727 1483 3764 ex
1513 3714 1639 3764 cod.
1675 3711 1792 3764 Vat.
1828 3712 1989 3764 M31.
2021 3711 2122 3781 (Ex
2153 3728 2259 3780 quo
2290 3711 2477 3766 eodem
2513 3711 2700 3767 codice
2731 3713 2958 3767 feliciter
2990 3729 3087 3766 nos
3116 3713 3300 3782 (.‘yrtlli
3335 3713 3480 3765 illum
3512 3713 3653 3764 πάνυ
3687 3724 3869 3767 tractu
3892 3744 3904 3754 ο

625 3795 737 3835 ιιιιιι
771 3785 838 3835 de
866 3782 1097 3850 Deipam
1130 3782 1446 3844 extulimus,
1477 3797 1638 3850 quem
1675 3782 1890 3834 incaute
1922 3783 2254 3846 Cacciarius,
2287 3785 2375 3836 uni
2412 3785 2577 3836 Leonti
2612 3785 2874 3848 intentus,
2908 3785 3310 3837 inobservatum
3345 3783 3674 3850 dimiserat.)
3705 3784 3903 3851 Itaque

622 3855 726 3906 alia
767 3854 853 3905 illa
890 3852 1183 3914 voeabula,
1217 3851 1319 3904 etsi
1357 3853 1720 3918 dogtuatieunt
1758 3867 1978 3904 sensum
2015 3866 2166 3919 teque
2202 3855 2516 3916 continent,
2551 3866 2727 3906 tamen
2763 3856 3022 3919 adjectiva
3059 3853 3239 3920 pocius
3273 3861 3400 3903 sunt
3434 3867 3594 3919 quam
3634 3856 3903 3906 sobstau-

622 3925 731 3975 tiva
753 3962 766 3987 ,
803 3932 858 3975 et
887 3933 1036 3976 certe
1070 3921 1425 3993 materialiter
1458 3921 1714 3993 differunt
1745 3937 1783 3993 a_
1814 3921 2096 3993 propriore
2128 3924 2366 3975 dictione
2403 3927 2588 3993 μήτηρ
2622 3923 2778 3976 Θεοῦ.
2814 3929 2935 3976 Stat
2966 3924 3148 3990 igitur,
3188 3931 3246 3972 ut
3276 3936 3469 3985 spero,
3504 3923 3904 3993 contradiCcn‘

623 3995 770 4045 tibus
805 3994 933 4044 licet
967 3992 1241 4061 prazdictis
1276 3991 1578 4058 theologis,
1617 3990 2021 4061 Leonisnostri
2058 3993 2259 4061 gloria,
2296 3990 2436 4058 quod
2468 3990 2587 4060 ipse
2624 4011 2814 4060 nempe
2851 3995 3089 4060 primus,
3129 4002 3184 4043 ut
3222 3993 3482 4061 indicavit
3517 3991 3904 4058 prrsemiuS,

619 4063 679 4185 lli).
718 4061 940 4187 Mauriam
972 4060 1328 4131 appellaverit
1367 4063 1466 4116 bac
1502 4063 1754 4130 explicita
1793 4060 2028 4116 dictione
2065 4060 2280 4132 μητέρα.
2314 4062 2469 4128 (τ’εοῦ,
2502 4065 2615 4117 sive
2653 4074 2708 4116 ut
2749 4066 2798 4118 in
2837 4061 3027 4115 Latina
3066 4060 3311 4129 originali
3350 4061 3572 4130 epistola
3611 4064 3904 4129 scribitur,

672 4136 717 4187 ei
802 4132 1090 4186 euitricem.

672 4136 717 4187 ei
754 4132 1090 4187 Ceuitricem.
