4042 6436
131 356 226 412 ἥδ

1184 356 1596 412 EXPLICATIO
1635 357 1985 414 DUODECIM
2026 359 2357 417 CAPITUM.

3282 361 3390 416 R94

148 499 3378 538 Μ

742 684 1259 773 ΕΠΙΛΥΣΙΣ
1332 685 1559 770 ΤΩΝ
1636 680 2084 771 ΔΩΔΕΚΑ
2158 685 2805 777 ΚΕΦΑΛΑΙΩΝ

1452 887 1728 938 ΡΗΘΕῙΣΑ
1764 893 1847 940 ΕΝ
1877 894 2080 957 ΕΦΕΣᾨ

906 1058 1045 1113 ΥΠΟ
1083 1058 1441 1112 ΚΥΡῙΛΛΟΥ
1478 1058 2046 1112 ΑΡΧΙΕΠῘΣΚΟΠΟΥ
2087 1056 2633 1125 ΑΛΕΞΑΝΔΡΕΙᾹΣ,

219 1234 340 1305 Τῆς
371 1234 554 1304 ἁγίας
584 1236 856 1292 Συνόδου
885 1234 1237 1303 ἁξιωσάσης
1270 1235 1456 1290 αὐτὸν·
1487 1234 1863 1305 σαφέστερον
1921 1235 2124 1300 αὐτοῖς
2153 1236 2591 1305 ἑκτρανωθῆναι
2632 1250 2656 1277 ι
2688 1238 2802 1305 τὴν
2831 1238 3056 1291 τούτων
3087 1238 3290 1293 λύσιν.

740 1555 1477 1648 EXPLICATIO
1554 1556 2178 1648 DUODECIM
2257 1554 2778 1645 CAPITUM

1399 1746 1630 1797 EPIIESI
1674 1746 2130 1798 PRONUNTIATA

951 1926 1000 1983 Α
1037 1922 1355 1982 CYRILLO
1398 1923 1991 1983 ARCHIEPISCOPO
2027 1924 2599 1988 ALEXANDRINO.

1027 2081 1082 2129 S.
1115 2078 1313 2143 Synodo
1346 2076 1608 2129 clariorem
1632 2076 1830 2129 illorum
1851 2077 2225 2131 declarationem
2247 2076 2480 2142 exigente.

124 2226 319 2302 (Hujus
352 2229 474 2302 libri
519 2236 573 2302 et
618 2230 826 2302 duorum
873 2231 1186 2302 sequentium
1230 2227 1690 2299 interpretationem
1727 2228 1949 2302 ‘Latinair‘n
1992 2242 2135 2302 quam
2163 2229 2391 2302 Joannes
2422 2227 2674 2302 Au‘bertus
2706 2224 3389 2302 admiserat,uparaphrastlce

324 2297 641 2354 adornatam,
667 2288 1150 2353 rejecimus,‘eteam
1174 2292 1452 2351 recepimus
1484 2304 1593 2350 quae
1630 2295 1794 2336 exstat
1819 2292 1869 2338 iu
1896 2288 2123 2337 Concitiis
2152 2301 2211 2335 ex
2240 2288 2459 2336 editione
2484 2290 2683 2336 Joannis
2721 2288 2960 2337 Dominici
2990 2288 3183 2351 Mansil)

190 2623 209 2655 ι
254 2602 451 2658 Πάντα
474 2600 682 2655 ἐνώπια
706 2602 819 2661 τοῖς
840 2598 1101 2661 συνιοῦσι,
1132 2599 1224 2651 καὶ
1254 2597 1386 2669 ὀρθά
1415 2600 1523 2660 τοῖς
1573 2596 1718 2668 εὑρί-

1895 2594 2051 2666 145
2080 2615 2096 2645 ‹
2125 2594 2367 2656 Omnia,»
2405 2604 2461 2647 ut
2492 2593 2750 2662 seriptum
2775 2605 2876 2661 est,
2916 2613 2935 2646 ι
2970 2596 3126 2649 obvia
3156 2606 3280 2650 sunt
3308 2596 3394 2651 in-

116 2709 313 2744 σκουσι
369 2691 600 2757 γνῶσιν,
648 2707 668 2737 ι
716 2688 857 2740 κατά
906 2688 966 2739 τὸ
1018 2687 1423 2757 γεγραμμένον.
1479 2688 1541 2738 Οἱ
1619 2686 1716 2756 μέν

116 2784 223 2852 γάρ
251 2781 372 2844 ὀξεῖ
404 2798 465 2831 τε
496 2780 590 2831 καὶ¹
623 2776 852 2848 καθαρῷ
900 2777 1136 2839 διανοίας
1176 2778 1380 2847 ὄμματι
1406 2779 1517 2838 τοῖς
1552 2778 1717 2845 ἱεροῖς

112 2875 211 2941 τῆς
243 2871 621 2925 θεοπνεύστου
662 2870 885 2939 Γραφῆς
920 2868 1407 2938 περιτυγχάνοντες
1432 2866 1631 2932 λόγοις,
1658 2864 1717 2916 τὸ

114 2964 171 3026 ἐξ
236 2962 431 3015 αὐτῶν
484 2960 698 3028 ὄφελος,
750 2960 894 3012 θεῖον
938 2959 1126 3027 ὥσπερ
1165 2958 1286 3009 τινά
1332 2958 1422 3010 καὶ
1470 2957 1718 3027 οὐράνιον

116 3054 404 3124 θησαυρὸν
434 3056 557 3115 ταῖς
592 3051 798 3105 ἐαυτῶν
825 3050 1173 3111 είσοικίζουσι
1201 3049 1398 3118 ψυχαῖς
1418 3064 1430 3077 ·
1462 3050 1509 3099 oi
1538 3048 1593 3098 δὲ
1628 3046 1717 3098 τὸν

116 3144 243 3196 νοῦν
282 3145 508 3213 ἔχοντες
536 3142 613 3210 τῷ
638 3141 821 3208 ψεύδει
862 3138 1309 3209 προσνενευκότα,
1340 3139 1433 3190 καὶ
1470 3140 1588 3198 ταῖς
1634 3154 1715 3187 τι-

116 3254 223 3287 νων
272 3231 711 3303 ἀθυροστομίαις
748 3230 775 3268 δ
811 3227 1141 3297 ἡττώμενον,
1182 3226 1408 3295 βεϐήλου
1462 3223 1715 3290 γνώσεως

118 3324 385 3395 ἐραστὴν,
419 3322 647 3374 ἐκείνων
674 3320 887 3371 ἔσονται
916 3318 1181 3379 κοινωνοὶ,
1216 3317 1343 3384 περὶ
1374 3308 1448 3367 ὧν
1475 3316 1502 3365 ὁ
1535 3312 1715 3381 μακά-

120 3434 233 3486 ριος
294 3413 504 3483 γράφει
545 3410 787 3471 Παῦλος
831 3428 847 3459 ι
899 3408 985 3460 Ἐν
1026 3402 1107 3470 οἷς
1146 3410 1173 3458 ὁ
1220 3405 1339 3468 θεὸς
1380 3404 1472 3457 τοῦ
1523 3402 1715 3465 αίῶνος

118 3505 313 3557 τούτου
360 3500 648 3568 ἐτύφλωσε
703 3500 772 3551 τὰ
800 3501 1048 3567 νοήματα
1074 3494 1183 3547 τῶν
1217 3495 1485 3555 ἀπίστων,
1536 3494 1613 3555 εἰς
1656 3492 1717 3544 τὸ

120 3597 191 3663 μὴ
224 3593 480 3660 αὐγάσαι
516 3591 608 3644 τὸν
640 3590 917 3659 φωτισμὸν
958 3587 1051 3639 τοῦ
1093 3586 1409 3654 εὐαγγελίου
1438 3585 1537 3653 τῆς
1561 3584 1717 3652 δόξης

117 3684 208 3737 τοῦ
239 3682 515 3753 Χριστοῦ.
550 3700 567 3731 ι
603 3679 985 3748 Τυφλώττουσι
1019 3678 1148 3746 γὰρ,
1201 3677 1296 3728 καὶ
1351 3675 1486 3725 είσῖν
1535 3672 1718 3741 ὁδηγοὶ

117 3775 339 3843 τυφλῶν
360 3773 685 3842 ’.τοιγάρτοι
707 3771 930 3829 καὶτοῖς
952 3769 1049 3835 τῆς
1077 3764 1351 3826 ἀπωλείας
1382 3764 1715 3833 ἐμπίπτουσι

120 3867 359 3936 βόθροις.
394 3866 486 3924 Ὠς
545 3863 653 3931 γὰρ
700 3861 860 3922 αὑτός,
912 3848 1207 3928 πούλφησιν
1246 3857 1273 3908 ὁ
1299 3854 1524 3923 Σωτὴρ,
1560 3870 1577 3902 ι
1611 3852 1717 3903 Τυ-

120 3958 245 4022 gito;
292 3955 501 4023 τυφλὸν
542 3953 636 4005 ἐὰν
682 3952 873 4019 ὁδηγῇ,
916 3949 1216 4019 ἀμφότεροι
1247 3950 1325 4009 είς
1373 3946 1564 4014 βόθρον
1612 3944 1710 4011 ἐμ-

1820 3964 2053 4022 pracstet,
2111 3954 2355 4008 amboin
2402 3954 2609 4009 foveam
2661 3958 2923 4011 cadeut‘.
2965 3977 2981 4009 ι
3031 3960 3168 4012 Sunt
3224 3962 3388 4030 igitur

118 4047 445 4099 πεσοῦνται.
504 4064 521 4094 ι
580 4042 1039 4113 Καταφλυαροῦσι
1069 4042 1248 4093 τοίνυν
1278 4038 1421 4098 τινὲς
1458 4036 1565 4086 τῶν
1610 4036 1711 4104 τῆς

118 4138 380 4206 ἀληθείας
428 4135 737 4204 δογμάτων,
781 4137 873 4187 καὶ
918 4133 1238 4201 σκαιότητος
1285 4127 1593 4196 διαϐολικῆς
1623 4127 1712 4178 τὸν

118 4231 318 4280 οἰκεῖον
348 4228 741 4298 ἐμπλήσαντες
786 4223 931 4284 νοῦν,
979 4220 1422 4293 παραχαράττειν
1461 4218 1713 4284 ἐπείγον-

117 4336 203 4371 ται
236 4320 298 4371 τὸ
325 4320 433 4387 τῆς
465 4317 726 4385 ἀληθείας
755 4316 1073 4384 μυστήριον,
1106 4313 1199 4363 καὶ
1225 4312 1319 4380 τῆς
1346 4308 1484 4380 μετά
1514 4308 1714 4377 σαρκὸς

119 4413 442 4481 οἰκονομίας
489 4408 584 4461 τοῦ
633 4406 972 4474 Μονογενοῦς
1021 4406 1079 4456 οὐ
1132 4402 1368 4472 μετρίως
1428 4401 1711 4453 ποιοῦνται

117 4502 213 4573 τὴν
266 4502 657 4572 κατάρῤησιν,
718 4518 734 4548 ι
793 4498 865 4568 μὴ
914 4495 1156 4557 νοοῦντες
1205 4494 1344 4563 μήτε
1394 4492 1429 4545 ἃ
1476 4492 1711 4559 λέγουσι,

125 4597 261 4662 μήτε
294 4593 431 4663 περὶ
462 4592 610 4652 τίνος
644 4586 1099 4648 διαϐεϐαιοῦνται,
1146 4605 1162 4636 ›
1202 4584 1341 4637 κατά
1375 4583 1434 4634 τὸ
1468 4598 1715 4652 γεγραμ-

126 4686 307 4753 μένον.
362 4683 605 4752 Εὑρεταὶ
639 4679 694 4731 δὲ
728 4680 827 4748 τῆς
868 4678 1123 4745 τοιαύτης
1158 4674 1407 4736 ἀσεϐείας
1456 4672 1711 4739 γεγόνασι

120 4777 307 4829 πολλοὶ
361 4775 465 4844 μὲν
525 4774 619 4825 καὶ
671 4772 872 4840 ἕτεροι,
928 4768 1067 4821 κατὰ
1117 4768 1243 4829 τοὺς
1292 4766 1495 4818 ἄνωθεν
1554 4764 1632 4815 ἔτι
1684 4773 1705 4799 ο

122 4869 533 4939 παρῳχηκότας
581 4865 807 4934 καιρούς
829 4882 842 4894 ·
876 4866 990 4917 νυνὶ
1011 4863 1067 4915 δὲ
1106 4863 1204 4931 τῆς
1234 4863 1456 4913 ἐκείνων
1503 4860 1709 4911 ἁνοσιό·

120 4978 281 5030 τῃτος
312 4959 469 5012 οὐδὲν
500 4956 847 5018 ἀποδέοντες,
880 4954 1196 5023 Νεστόριος,
1238 4952 1331 5003 καὶ
1358 4952 1405 5002 oi
1436 4952 1531 5003 σὺν
1561 4950 1708 5019 αὐτῷ

124 5052 265 5104 κατά
291 5052 421 5112 τοὺς
452 5048 715 5118 ἀρχαίους
746 5046 988 5107 ἐκείνους
1017 5043 1341 5112 Φαρισαίους
1385 5042 1709 5094 ἀντανιστα-

126 5160 273 5211 μενοι
306 5142 385 5210 τῷ
417 5137 665 5208 Χριστῷ,
698 5138 792 5190 καὶ
825 5136 1016 5202 ἀνέδην
1045 5134 1481 5202 ἀνακεκραγότες
1504 5150 1515 5161 ·
1556 5152 1572 5182 ι
1613 5134 1710 5186 Διά

122 5232 170 5280 τί
205 5234 266 5281 σὺ
294 5230 584 5299 ἄνθρωπος
636 5227 712 5279 ὢν
744 5228 916 5287 ποιεῖς
956 5224 1146 5276 ἑαυτὸν
1199 5223 1364 5287 Θεόν;
1403 5241 1421 5272 ι
1478 5218 1585 5274 Ἦν
1615 5217 1708 5273 οῦν

197 5409 211 5435 ⁸
241 5405 395 5461 Prov.
435 5422 555 5473 vui,
587 5406 643 5470 9,
677 5403 973 5458 secundum
1004 5399 1170 5455 LXX.
1234 5400 1253 5430 ’
1278 5397 1321 5453 ll
1354 5397 1479 5452 Cor.
1520 5414 1593 5463 tv,
1619 5397 1671 5451 4.
1735 5399 1743 5427 ⁵

1817 5398 1969 5453 lauit.
2003 5414 2091 5463 xv,
2124 5401 2207 5455 Η.
2268 5401 2433 5455 ‘ibid.

1825 2688 2209 2756 telligeutibus,
2252 2696 2305 2739 et
2360 2696 2504 2740 recta
2546 2686 2941 2739 invenientibus
2979 2687 3257 2741 scientiam
3290 2690 3328 2742 ¹.
3368 2710 3385 2738 ι

1821 2779 2028 2832 Etenim
2089 2777 2176 2845 qui
2226 2792 2382 2829 sacra
2442 2778 2635 2829 divina:
2692 2778 2986 2843 Scriptura:
3032 2780 3191 2831 verba
3237 2790 3395 2834 acuto

1821 2884 2061 2938 puroque
2125 2868 2283 2922 oculo
2340 2868 2639 2936 perlegunt,
2728 2869 2779 2922 hi
2836 2871 2976 2935 quod
3036 2870 3163 2923 utile
3221 2871 3271 2923 in
3325 2870 3392 2925 iis

1820 2962 2079 3023 omnrrit,
2108 2960 2267 3012 veluti
2288 2960 2524 3012 divinum
2556 2960 2841 3027 quemdam
2869 2968 2922 3011 et
2964 2960 3237 3014 caelestem
3274 2962 3392 3015 tlte-

1820 3068 2058 3113 saurum,
2100 3053 2151 3104 in
2179 3052 2387 3104 animos
2440 3066 2565 3105 suos
2598 3053 2933 3105 recondunt:
2962 3054 3051 3120 qui
3086 3067 3212 3106 vero
3245 3068 3393 3106 uten-

1821 3152 1924 3195 tein
1966 3143 2215 3195 obtinent
2266 3143 2332 3195 ad
2367 3143 2705 3195 mendacium
2750 3157 3092 3211 propensam,
3157 3146 3389 3197 nonnul-

1819 3232 2098 3299 lorumque
2123 3232 2411 3300 uugacitati
2446 3232 2828 3298 mancipatam,
2859 3247 2921 3285 ac
2949 3232 3184 3299 profanae.
3216 3234 3391 3286 scien-

1823 3319 1909 3369 tia
1968 3320 2203 3383 avidam,
2262 3318 2473 3372 illorum
2522 3320 2649 3372 socii
2686 3321 3071 3381 censebuntur,
3104 3322 3168 3375 de
3198 3323 3392 3390 quibus

1821 3412 2007 3464 beatus
2029 3412 2227 3464 Paulus
2272 3411 2532 3480 scriptum
2577 3410 2838 3479 reliquit:
2876 3430 2893 3462 ι
2926 3410 2979 3463 1η
3017 3413 3213 3479 quibus
3260 3414 3391 3468 deus

1821 3502 1980 3569 hujus
2030 3502 2207 3555 smculi
2254 3502 2549 3556 exczecavit
2590 3512 2799 3555 mentes
2835 3502 3152 3567 iulidelium,
3197 3516 3389 3559 utnon

1820 3592 2022 3661 fulgeat
2078 3592 2156 3645 eis
2189 3593 2507 3646 illuminatio
2542 3592 2816 3660 Evangelii
2849 3594 3031 3661 gloria:
3052 3596 3250 3649 CliriSti
3279 3599 3325 3650 '.
3366 3617 3385 3647 ι

1818 3680 1956 3735 Caeci
2020 3684 2161 3736 enim
2242 3694 2389 3747 sunt,
2443 3692 2497 3737 et
2570 3685 2733 3738 duces
2807 3686 3161 3739 crecorum’:
3218 3702 3385 3755 quare

1820 3780 1872 3825 et
1904 3773 1953 3824 in
1990 3774 2302 3840 perditionis
2330 3774 2510 3828 foveas
2536 3784 2819 3827 corruunt.
2841 3773 2997 3839 Nam,
3030 3786 3085 3829 ut
3135 3774 3389 3832 Salvator

1824 3862 1935 3929 ipse
1983 3863 2177 3917 alicubi
2236 3873 2459 3917 monet:
2503 3884 2522 3915 ‹
2589 3864 2645 3919 Si
2709 3880 2882 3920 caecus
2938 3882 3080 3921 ςαξρο
3133 3870 3386 3923 ducatum

1817 4043 2077 4107 nonnulli,
2107 4044 2196 4112 qui
2230 4054 2416 4099 contra
2450 4046 2695 4099 veritatis
2731 4048 2976 4115 dogmata
3015 4051 3280 4117 garriunt,
3334 4060 3389 4105 et

1812 4132 2073 4187 diabolica
2103 4136 2363 4203 pravitate
2380 4135 2537 4207 146
2554 4147 2785 4191 mentem
2818 4139 3073 4192 imbutam
3110 4141 3387 4204 habentes,

1815 4225 2060 4278 veritatis
2090 4229 2414 4296 mysterium
2449 4228 2559 4282 acri
2605 4230 2781 4282 studio
2822 4231 3129 4284 adulterare
3160 4243 3383 4284 conten-

1814 4316 1969 4382 dunt,
2018 4333 2114 4370 nec
2166 4320 2506 4373 mediocriter
2552 4320 2814 4373 incarnati
2855 4320 3125 4389 Unigeniti
3158 4323 3383 4391 dispen-

1814 4410 2076 4461 sationem
2124 4410 2460 4462 insectantur
2489 4450 2503 4474 ,
2538 4429 2555 4459 ‹
2594 4426 2696 4464 non
2774 4412 3154 4480 intelligentes,
3216 4429 3388 4482 neque

1815 4514 1932 4567 qum
1965 4498 2276 4565 loquuntur,
2329 4516 2499 4567 neque
2542 4502 2606 4554 de
2640 4502 2838 4569 quibus
2872 4502 3161 4567 afﬁrmant,
3193 4522 3209 4553 ι
3248 4505 3387 4557 sicut

1814 4593 2072 4656 scriptum
2111 4599 2192 4643 est
2217 4590 2257 4642 '.
2301 4588 2615 4654 Hujusmodi
2660 4604 2838 4646 autem
2873 4593 3163 4661 impietatis
3196 4596 3385 4647 inven-

1817 4690 1958 4733 tores
2001 4684 2325 4734 exstiterunt
2380 4681 2488 4747 jam
2524 4684 2649 4735 olim
2705 4692 2757 4736 et
2810 4684 2958 4737 multi
3011 4686 3224 4752 quidem
3255 4686 3381 4750 alii;

1814 4787 1954 4823 nunc
1990 4786 2114 4824 vero
2175 4771 2482 4835 Nestorius,
2514 4781 2565 4824 et
2612 4773 2702 4839 qui
2738 4788 2856 4825 cum
2888 4773 2978 4826 illo
3016 4783 3159 4837 sunt,
3196 4789 3380 4826 eorum

1816 4862 2075 4929 impietati
2140 4863 2278 4914 nulla
2335 4864 2386 4915 in
2442 4874 2595 4930 parte
2639 4865 2905 4923 cedentes,
2967 4866 3032 4918 ad
3082 4866 3380 4933 priscorum

1814 4950 2205 5003 Pharisaeorum
2238 4953 2540 5019 exemplum
2590 4954 2849 5007 adversus
2881 4953 3155 5007 Christum
3186 4970 3242 5007 se
3277 4957 3382 5007 cri-

1814 5052 1963 5109 gunt,
1988 5051 2341 5109 proterveque
2367 5044 2731 5097 vociferantur
2764 5062 2775 5096 :
2820 5062 2835 5092 ι
2880 5043 2986 5097 Cur
3015 5055 3091 5107 tu,
3129 5060 3247 5097 cum
3281 5046 3375 5097 lio-

1815 5147 1901 5183 mo
1930 5133 2023 5193 sis,
2046 5131 2177 5183 facis
2202 5133 2426 5198 teipsum
2464 5133 2628 5185 Deum
2656 5134 2720 5185 °?
2765 5152 2782 5183 ι
2814 5132 2939 5185 Erat
2970 5134 3149 5200 itaque
3191 5148 3377 5185 neces-

1816 5223 2039 5284 sarium,
2069 5231 2123 5273 ut
2150 5224 2407 5277 adversus
2442 5224 2651 5277 illorum
2684 5239 2959 5279 sermones
3001 5240 3098 5278 nos
3128 5226 3378 5293 accinge-

2523 5400 2584 5455 'l
2620 5401 2756 5457 Tim.
2790 5417 2828 5469 ι,
2854 5403 2883 5455 7
2970 5402 2988 5432 ⁸
3012 5402 3168 5457 Joan.
3200 5418 3250 5463 ι,
3280 5404 3374 5459 21.

1154 5554 1330 5609 Variae
1365 5553 1624 5609 lectiones
1655 5568 1720 5609 ex
1753 5555 1937 5610 codice
1969 5555 2339 5625 Seguieriano.

196 5732 221 5758 ι
254 5717 504 5771 ἐκθεῖναι.

586 5714 615 5754 δ
645 5713 748 5782 τῆς
779 5726 940 5767 τινων
966 5708 1397 5780 ἀθυροστομίας.
1477 5716 1496 5745 ε
1540 5706 1632 5760 καὶ
1665 5706 1719 5759 ἔτ

1731 5725 1766 5761 ι.
