4042 6448
629 347 735 402 295

1651 341 1708 397 S.
1749 339 2022 396 CYRILLI
2061 334 2531 396 ALEXANDRlNl
2573 340 2901 397 ARCHIEP.

3774 351 3881 408 296

633 478 834 530 remus,
897 462 1212 532 impuraque
1259 477 1324 516 ac
1390 462 1616 531 profana
1663 462 1877 516 illorum
1947 460 2200 530 dogmata

2316 460 2596 528 Ξιναγκαίον
2643 463 2737 514 καὶ
2781 462 2931 532 ἡμᾶς
2963 461 3158 524 αὐτοὺς
3193 464 3305 525 τοϊς
3335 467 3465 534 παρ’
3503 466 3725 521 ἐκείνων
3754 467 3888 521 ἀντ-

632 554 1237 618 anathematizaremns,
1266 567 1532 608 memores
1573 553 1663 606 Dei
1710 568 1808 621 per
1842 565 2028 606 vocem
2073 565 2202 620 pro-

631 643 808 710 phetae
838 642 1100 697 dicentis:
1135 661 1154 694 ί
1189 642 1404 709 Audite,
1444 645 1778 709 sacerdotes,
1817 652 1872 697 et
1929 650 2204 697 contesta-

633 729 766 782 mini
817 731 997 784 domui
1055 728 1242 795 Jacob,
1283 732 1412 785 dicit
1437 731 1695 786 Dominus
1725 732 2125 801 omnipotens’.
2178 751 2197 784 ι

631 820 699 874 Ει
721 823 952 876 iterum:
988 838 1007 871 ι
1042 821 1390 890 lngredimini
1413 837 1509 891 per
1541 831 1728 893 portas
1760 837 1930 888 meas,
1961 832 2016 876 et
2068 823 2204 892 lapi-

633 910 727 961 des
771 910 836 962 de
884 909 967 961 via
1007 908 1175 963 tollite
1201 910 1288 964 ⁸.»
1326 910 1555 978 Oportet
1605 911 1746 965 enim
1797 927 1912 977 nos,
1971 912 2061 982 qui
2110 926 2207 980 pro

632 999 879 1054 veritatis
938 1000 1190 1069 dogmate
1238 1010 1532 1069 certamus,
1594 1002 1917 1058 oliendicula
1955 1019 1985 1057 e
2028 1003 2207 1058 medio

633 1090 969 1156 submovere,
989 1106 1054 1145 ne
1081 1107 1181 1158 qua
1214 1093 1425 1147 ratione
1453 1094 1632 1163 populi
1667 1096 1733 1149 ad
1761 1096 1850 1150 illa
1874 1094 2200 1165 impinganl,

633 1180 726 1234 sed
755 1182 895 1235 velut
927 1199 1024 1250 per
1047 1183 1256 1251 planam
1295 1186 1543 1239 semitam
1573 1188 1639 1240 ad
1679 1203 1832 1242 sacra
1869 1189 1957 1242 illa
1997 1189 2206 1242 divina-

633 1287 739 1340 que
796 1274 933 1327 atria
990 1274 1423 1342 progrediantur,
1479 1277 1608 1332 illud
1669 1278 1782 1332 fere
1827 1294 1921 1348 per
1970 1278 2208 1348 singulas

633 1373 821 1432 portas
873 1366 1306 1435 ingeminantes:
1372 1385 1390 1417 ε
1444 1367 1569 1422 Haec
1629 1381 1714 1423 est
1763 1379 1914 1438 porta
1975 1371 2204 1436 Domini,

631 1455 762 1523 justi
813 1457 1090 1511 intrabunt
1140 1459 1192 1512 in
1235 1475 1353 1513 eam
1391 1460 1435 1512 ’.
1479 1479 1497 1511 ι
1530 1461 1664 1515 Cum
1714 1461 1895 1530 itaque
1928 1461 2208 1517 Nestorius

635 1547 944 1617 dogmatum
995 1552 1399 1620 peregrinorum
1435 1562 1488 1607 et
1522 1553 1803 1621 impiarum
1843 1553 2207 1624 blasphemia-

635 1654 754 1694 rum
779 1642 990 1694 turbam
1020 1641 1170 1696 libris
1204 1644 1314 1696 suis
1359 1645 1700 1711 inseruissct,
1753 1661 1860 1700 non
1911 1648 2204 1716 potuimus,

636 1730 826 1785 salutis
857 1747 1067 1797 eorum,
1109 1732 1199 1799 qui
1234 1733 1323 1786 illa
1357 1734 1546 1790 lecturi
1585 1747 1764 1800 erant,
1795 1750 1980 1791 curam
2010 1739 2210 1792 haben-

636 1831 740 1886 tes,
770 1825 1256 1883 anathetnatismos
1296 1844 1401 1881 non
1448 1842 1774 1895 componere
1806 1844 1820 1882 :
1856 1844 1959 1882 non
1994 1830 2206 1896 quidvis

634 1913 964 1978 promiscue,
995 1915 1137 1982 quod
1185 1916 1239 1969 in
1275 1925 1507 1970 mentem
1543 1915 1845 1979 incidisset,
1869 1910 2206 1982 parameticae

635 2001 874 2067 epistola:
897 2018 1059 2070 quam
1094 2003 1159 2056 ad
1199 2004 1346 2056 illum
1379 2003 1695 2072 scripsimus
1736 2003 2060 2067 inserentes,
2113 2003 2206 2056 sed

635 2090 733 2158 (ut
756 2093 912 2147 modo
942 2094 1218 2164 diximus)
1279 2096 1521 2164 germina
1568 2094 1803 2148 vesaniae
1859 2094 2025 2162 ipsius
2081 2108 2207 2163 per-

636 2183 840 2254 egrina,
870 2193 923 2237 et
957 2200 985 2237 a
1016 2185 1231 2253 pietatis
1263 2185 1600 2254 dogmatibus
1625 2199 1843 2253 prorsus
1879 2183 2053 2238 aliena
2086 2198 2208 2238 esse

635 2274 1000 2329 ostendentes.
1039 2273 1206 2344 Egre
1254 2276 1489 2331 fortasse
1539 2275 1720 2330 ferunt
1777 2275 2041 2341 nonnulli,
2089 2289 2206 2342 qua:

633 2365 1112 2432 scripsimus;vel
1168 2368 1312 2436 quod
1373 2383 1581 2431 eorum,
1631 2380 1750 2436 quae
1805 2367 2004 2434 scripta
2060 2374 2205 2429 sunt,

633 2468 855 2510 sensum
893 2471 1022 2511 vere
1069 2472 1174 2510 non
1205 2457 1445 2524 capiant,
1481 2457 1564 2509 vel
1599 2465 1748 2510 certe
1803 2458 1943 2522 quod
1985 2457 2209 2524 impura:

633 2548 900 2602 haereseos
929 2547 1159 2602 Nestorii
1190 2557 1618 2617 propugnatores
1649 2547 1940 2611 exsistant,
1963 2547 2210 2615 impieta-

635 2637 811 2706 tisque
844 2639 1132 2708 participes
1155 2639 1283 2702 sint,
1321 2653 1384 2692 ac
1413 2639 1599 2693 eadem
1631 2653 1752 2692 cum
1781 2638 1896 2705 ipso
1946 2636 2206 2691 sentiant.

631 2729 702 2782 At
727 2729 854 2782 nulli
883 2729 1098 2783 interim
1127 2745 1191 2783 ex
1227 2730 1313 2792 iis,
1351 2729 1443 2797 qui
1494 2738 1638 2782 recte
1674 2741 1863 2795 sapere
1912 2741 2211 2781 consueve-

634 2828 782 2884 runt,
816 2820 1021 2874 veritas
1069 2828 1255 2888 cperta
1305 2828 1409 2872 est.
1461 2819 1595 2884 Quia
1645 2832 1775 2873 vero
1825 2816 2081 2870 credibile
2153 2815 2214 2870 (lt

633 2925 741 2965 non
773 2911 961 2965 deesse
986 2912 1248 2980 quosdam
1280 2911 1492 2965 illorum
1518 2908 1840 2964 commentis
1869 2908 2210 2975 depravatos,

637 3000 727 3070 qui
778 3014 883 3054 non
912 3012 1293 3069 assequantur,
1352 2999 1644 3071 quomodo,
1700 3008 1793 3052 aut
1843 3012 1950 3067 qua
2006 2998 2213 3050 ratione

635 3088 1146 3160 (anathematismi)
1193 3089 1265 3143 illi
1297 3091 1406 3144 sint
1449 3089 1699 3152 confecti,
1749 3101 1927 3156 opera:
1980 3088 2210 3155 pretium

637 3195 724 3233 me
743 3178 1009 3234 facturum
1033 3181 1236 3250 putavi,
1262 3182 1305 3235 si
1330 3180 1567 3250 singulos
1591 3180 1825 3234 breviter
1854 3193 2209 3246 exponerem,
2240 3178 2282 3202 “

637 3270 966 3339 illorumqne
989 3271 1119 3336 vim,
1153 3279 1356 3339 quanta
1409 3269 1524 3322 lieri
1563 3278 1744 3337 posset
1801 3267 2212 3336 perspicuitate,

637 3363 910 3416 docerem.
943 3359 1146 3430 Opinor
1172 3361 1315 3416 enim
1344 3367 1595 3416 conatum
1646 3359 1788 3412 hunc
1827 3372 1933 3412 non
1987 3373 2211 3431 parvum

638 3451 933 3508 lectoribus
976 3467 1130 3507 usum
1154 3461 1209 3506 et
1240 3451 1475 3505 fructum
1517 3449 1711 3504 aﬂ‘erre
1733 3464 1914 3519 posse.

975 3566 1136 3638 147
1171 3562 1816 3628 ANATHEMATISMUS
1842 3562 1882 3616 I.

708 3681 764 3737 Si
790 3682 910 3752 quis
964 3697 1070 3736 non
1113 3680 1406 3735 confitetur
1451 3677 1855 3732 Emmanuelem
1897 3692 2019 3732 vere
2047 3677 2212 3731 Deum

638 3788 782 3838 esse,
812 3784 868 3827 et
911 3775 979 3827 ob
1014 3772 1066 3827 id
1103 3772 1299 3827 factam
1350 3771 1626 3840 Virginem
1683 3767 1964 3840 Deiparam
1997 3770 2219 3839 (genuit

639 3865 783 3918 enim
811 3863 895 3917 illa
945 3864 1284 3917 incarnatum
1323 3863 1416 3917 Dei
1443 3862 1622 3916 Patris
1651 3861 1884 3915 Verbum
1914 3861 2215 3915 secundum

638 3969 856 4010 carnem
874 3959 914 4025 ).
944 3959 1233 4010 anathema
1264 3954 1354 4009 sit.

1165 4067 1464 4120 Declaralio
1506 4067 1695 4136 prima.

730 4178 880 4233 Beati
907 4175 1116 4244 Patres,
1151 4180 1239 4247 qui
1269 4178 1459 4232 Nicazze
1481 4179 1608 4233 olim
1638 4188 2026 4244 convenerunt,
2060 4189 2219 4234 rectm

641 4271 1041 4338 inculpataeque
1088 4270 1209 4323 lldei
1239 4269 1546 4324 doctrinam
1579 4280 1938 4338 exponentes,
1967 4271 2017 4324 in
2051 4285 2216 4324 unum

641 4360 810 4413 Deum
860 4357 1076 4412 Patrem
1131 4359 1561 4428 omnipotentem
1617 4363 1859 4414 omnium
1923 4361 2216 4416 visibilium

2306 551 2634 605 αποδύεσθαι
2653 551 3370 622 ἀλόγοις,ἁναθεματίσαιτε
3406 556 3586 610 αὐτῶν
3622 558 3688 610 τά
3712 555 3889 628 μιαρὰ

2305 640 2400 693 καὶ
2451 639 2654 710 βέὸηλα
2691 641 2971 710 δόγματα,
3026 643 3408 712 μεμνημένους
3452 644 3589 698 Θεοῦ
3635 645 3887 712 λέγοντος

2306 725 2394 780 διὰ
2429 729 2613 796 φωνῆς
2656 731 2959 800 προφήτου·
2999 748 3017 780 ‹
3067 729 3272 800 Ἱερεϊς,
3310 731 3601 796 ἀκούσατε,
3636 733 3731 786 καὶ
3759 734 3886 786 ὲπι-

2310 819 2656 890 μαρτύρασθε
2689 820 2766 890 τῷ
2811 821 2945 888 οἴκῳ
2985 820 3218 890 Ἰσραὴλ,
3264 821 3411 888 λέγει
3451 822 3652 892 Κύριος
3686 839 3887 874 παντο-

2308 909 2552 979 κράτωρ.
2612 927 2630 960 ι
2665 911 2773 961 Καὶ
2814 909 3010 962 πάλιν·
3045 928 3062 959 ε
3100 910 3402 979 Πορεύεσθε
3447 911 3535 964 διά
3562 911 3669 962 τῶν
3700 910 3889 963 πυλῶν

2311 1019 2434 1071 μου,
2467 1002 2562 1054 καὶ
2592 1001 2719 1062 τοὺς
2750 1000 2927 1062 λίθους
2959 1001 3022 1052 ἐκ
3063 1001 3157 1069 τῆς
3202 1000 3323 1053 ὁδοῦ
3363 1002 3702 1071 διαρῤίψατε.
3743 1020 3760 1052 ι
3795 1003 3889 1052 Δεῖ

2308 1091 2416 1162 γὰρ
2448 1092 2594 1160 ἡμᾶς
2639 1090 2746 1143 τῶν
2780 1090 2876 1159 τῆς
2916 1090 3172 1159 ἀληθείας
3201 1089 3641 1160 ὑπεραθλοῦντας
3675 1092 3889 1161 δογμά-

2307 1199 2413 1234 των
2448 1183 2511 1234 ὲκ
2564 1181 2726 1250 μέσου
2779 1180 3050 1234 ποιεῖσθαι
3089 1181 3158 1234 τὰ
3206 1181 3500 1246 σκάνδαλα,
3548 1183 3623 1244 ὡς
3667 1181 3731 1234 ἂν
3764 1185 3890 1235 κατ’

2307 1273 2498 1326 οὐδένα
2549 1273 2748 1340 τρόπον
2795 1273 2980 1334 αὐτοῖς
3040 1271 3466 1341 προσπταίοντες
3520 1273 3567 1322 οἱ
3614 1271 3750 1334 λαοὶ,
3801 1271 3893 1324 διὰ

2309 1363 2458 1426 λείας
2491 1361 2680 1432 ὥσπερ
2723 1362 2967 1432 ἑρχοιντο
3007 1374 3030 1400 ε
3061 1362 3246 1432 τρίϐου
3294 1362 3429 1432 πρὸς
3459 1363 3557 1424 τάς
3603 1361 3751 1431 ἱερὰς
3793 1363 3893 1414 καὶ

2310 1455 2458 1516 θείας
2504 1454 2693 1516 αὐλὰς,
2747 1454 3026 1522 μονονουχὶ
3075 1454 3168 1505 καὶ
3220 1453 3304 1520 ἐφ’
3351 1453 3554 1523 ἑκάστῃ
3603 1452 3891 1520 λέγοντεςδ

2315 1570 2331 1599 ι
2357 1548 2502 1620 Λῦτη
2546 1551 2579 1619 ἡ
2612 1548 2752 1617 πύλη
2787 1547 2877 1600 τοῦ
2913 1547 3143 1617 Κυρίου,
3183 1546 3380 1599 δίκαιοι
3409 1545 3811 1598 εἰσελεύσονται
3835 1548 3894 1596 ὲν

2311 1642 2466 1710 αὐτῇ.
2499 1659 2515 1690 ι
2557 1639 2852 1708 Νεστορίου
2904 1639 3082 1690 τοίνυν
3108 1638 3272 1701 ξένων
3301 1653 3357 1689 τε
3384 1638 3477 1690 καὶ
3507 1637 3735 1689 ἀνοσίων
3759 1636 3893 1687 δυσ-

2311 1731 2530 1800 φημιῶν
2582 1731 2736 1800 ὃχλον
2770 1733 2882 1792 τοῖς
2937 1730 3087 1791 ἰδίοις
3151 1728 3399 1790 ὲνθέντος
3452 1726 3898 1796 βιϐλίοις,ἀναγ-

2238 1811 2278 1869 Β
2311 1824 2481 1884 καίως
2516 1822 2614 1891 τῆς
2652 1821 2758 1872 τῶν
2790 1821 3187 1889 ἐντευξομένων
3221 1821 3404 1881 αὐτοῖς
3428 1819 3702 1887 σωτηρίας
3726 1831 3896 1886 φρονο

2308 1915 2568 1976 τίζοντες,
2608 1911 3032 1980 συντεθείκαμεν
3077 1910 3576 1980 ἀναθεματισμοὺς,
3611 1909 3671 1960 οὑ
3706 1908 3767 1959 τὸ
3813 1909 3900 1967 είς

2310 2007 2431 2058 νοῦν
2461 2001 2594 2075 ἧκον
2624 2003 2810 2064 ἁπλῶς
2840 2003 3081 2063 ἐνθέντες
3129 2005 3193 2070 τῇ
3241 2001 3512 2070 γραφείσῃ
3565 2000 3698 2069 πρὸς
3729 1998 3898 2051 αὐτὸν

2309 2098 2666 2165 παραινετικῇ
2700 2095 2978 2164 ἐπιστολῇ,
3011 2093 3124 2145 ἀλλ’
3149 2094 3222 2154 ὡς
3269 2092 3479 2159 ἔφημεν
3517 2091 3740 2160 ἀρτίως,
3765 2091 3899 2154 ξένα

2310 2188 2404 2240 καὶ
2435 2186 2687 2256 ἀλλότρια
2723 2186 2830 2237 τῶν
2875 2184 2972 2252 τῆς
3015 2183 3292 2243 εὐσεϐείας
3327 2181 3612 2250 δογμάτων
3651 2182 3897 2248 ἀποφαί-

2314 2295 2500 2340 νοντες
2554 2280 2653 2346 τῆς
2686 2277 2893 2328 ἐκείνου
2931 2273 3352 2345 φρενοϐλαϐείας
3385 2273 3454 2324 τὰ
3497 2273 3814 2342 γεννήματα
3853 2270 3896 2322 τ.

2325 2367 2752 2438 Ἐπασχάλλουσι
2798 2366 2854 2418 δὲ
2890 2367 3030 2434 τάχα
3083 2365 3182 2416 πού
3219 2382 3362 2426 τινες
3410 2366 3520 2424 τοῖς
3553 2361 3684 2431 παρ’
3730 2359 3899 2429 ἡμῶν

2311 2460 2511 2528 λόγοις,
2563 2458 2595 2527 ἢ
2650 2459 2723 2527 μὴ
2777 2457 3048 2516 συνιόντες
3096 2454 3311 2524 ἀληθῶς
3345 2453 3453 2506 τῶν
3490 2450 3902 2522 γεγραμμένων

2311 2550 2408 2621 τὴν
2460 2550 2720 2617 δύναμιν,
2766 2547 2799 2616 ἢ
2859 2548 2956 2616 τῆς
3010 2544 3303 2615 Νεστορίου
3363 2544 3565 2613 μιαρᾶς
3627 2540 3901 2611 αἱρέσεως

2315 2640 2652 2694 ὑπασπισταὶ
2705 2638 3026 2706 γεγονότες,
3065 2637 3160 2690 καὶ
3218 2635 3565 2706 μεριζόμενοι
3614 2631 3713 2701 τὴν
3763 2631 3904 2683 ἀσέ-

2315 2736 2488 2799 ϐειαν,
2517 2734 2610 2787 καὶ
2645 2732 2712 2785 τὰ
2743 2732 2883 2785 αὐτὰ
2911 2729 3233 2800 φρονοῦντες
3260 2726 3471 2796 ἐκείνῳ.
3502 2717 3766 2777 Λανθάνει
3797 2723 3904 2792 μὲν

2314 2826 2406 2884 οὖν
2439 2828 2563 2880 οὐδὲ
2603 2843 2724 2878 τινα
2785 2823 2892 2875 τῶν
2931 2825 2954 2861 ε
2992 2822 3060 2873 τὰ
3094 2819 3230 2889 ὀρθὰ
3267 2820 3483 2887 φρονεῖν
3522 2814 3790 2868 εἰωθότων
3840 2813 3904 2864 τὸ

2317 2917 2533 2987 ἀληθές.
2583 2914 2802 2981 Ἐπειδὴ
2839 2912 2896 2964 δὲ
2924 2910 3090 2972 εἰκὸς,
3120 2911 3239 2970 ταῖς
3268 2906 3398 2977 παρ’
3425 2905 3645 2957 ἐκείνων
3677 2905 3903 2974 εὑρεσι-

2315 3010 2523 3078 λογίαις
2567 3003 3075 3076 παρενηνεγμένους
3113 3001 3138 3040 b
3175 2999 3249 3070 μὴ
3281 2997 3520 3050 συνιέναι
3555 2995 3726 3058 τινας,
3780 2993 3904 3056 πῶς

2319 3100 2414 3154 καὶ
2459 3099 2578 3150 τίνα
2605 3097 2805 3164 τρόπον
2837 3093 3110 3161 γεγόνασι,
3142 3092 3252 3143 δεῖν
3286 3089 3471 3160 ᾠήθην
3513 3087 3743 3139 ’ἑκαστον
3789 3085 3906 3137 τῶν

2319 3184 2779 3256 ἁναθεματισμῶν
2828 3179 3166 3254 ἑρμηνεῦσαι
3214 3180 3303 3232 διὰ
3350 3178 3616 3248 βραχέων,
3658 3176 3753 3228 καὶ
3799 3173 3908 3245 τὴν

2315 3280 2544 3348 δύναμιν
2577 3276 2757 3330 αὐτῶν
2787 3276 2862 3337 ὡς
2912 3274 2990 3328 ἔνι
3024 3273 3228 3338 καλῶς,
3275 3268 3696 3342 ἀφηγήσασθαι·
3743 3265 3908 3320 ἔσται

2315 3371 2446 3441 γὰρ,
2472 3367 2546 3431 ὥς
2583 3384 2647 3435 γε
2676 3362 2851 3436 οἶμαι,
2888 3365 2947 3417 τὸ
2977 3364 3167 3435 χρῆμα
3196 3364 3306 3425 τοῖς
3343 3361 3767 3430 ἐντυγχάνουσιν
3799 3358 3909 3411 οὐκ

2315 3459 2606 3521 ἀσυντελὲς
2639 3460 2718 3518 είς
2749 3456 2934 3526 ὄνησιν

2751 3561 3342 3621 ΑΝΑΘΕΜΑΤΙΣΜΟΣ
3379 3563 3455 3615 A'.

2390 3685 2456 3738 Εἴ
2482 3701 2560 3746 τις
2586 3684 2705 3752 οὐχὶ
2739 3684 2750 3721 ί
2789 3681 3061 3750 ὁμολογεῖ,
3095 3678 3228 3731 Θεὸν
3272 3674 3409 3730 εἶναι
3453 3673 3593 3728 κατά
3637 3672 3908 3742 ἀλήθειαν

2317 3793 2406 3829 τον
2449 3772 2817 3844 Ἐμμανουὴλ,
2852 3773 2945 3824 καὶ
2988 3771 3080 3823 δια
3120 3769 3278 3821 τοῦτο
3328 3767 3593 3819 Θεοτόκον
3610 3764 3708 3834 τὴν
3738 3765 3911 3832 ἀγίαν

2319 3866 2592 3936 Παρθένον
2613 3882 2625 3896 ·
2656 3864 2952 3933 γεγέννηκε
2985 3861 3093 3932 γὰρ
3119 3859 3396 3931 σαρκικῶς
3425 3859 3604 3929 σάρκα
3639 3855 3912 3924 γεγονότα

2318 3958 2408 4011 τὸν
2444 3959 2506 4010 ὲκ
2531 3956 2664 4008 Θεοῦ
2698 3955 2907 4026 Πατρὸς
2938 3955 3130 4022 Λὸγον·
3163 3952 3411 4018 ἀνάθεμα
3441 3949 3602 4002 ἔστω.

2908 4069 3212 4131 Ἐπίλυσις
3251 4071 3322 4117 α’.

2393 4185 2457 4239 Oi
2498 4183 2757 4254 μακάριοι
2800 4180 3067 4250 Πατέρες,
3102 4181 3150 4231 οἱ
3179 4177 3320 4231 κατὰ
3351 4174 3577 4243 καιροὺς
3619 4175 3675 4227 ὲν
3706 4175 3778 4243 τῇ
3809 4172 3914 4225 Νι-

2323 4275 2502 4327 καέων
2551 4272 2702 4323 πόλει
2754 4268 3242 4338 συναγηγερμένοι,
3292 4264 3385 4318 καὶ⁵
3431 4263 3522 4316 τὸν
3571 4262 3670 4330 τῆς
3735 4260 3916 4331 ὀρθῆς

2323 4365 2416 4418 καὶ
2452 4362 2775 4430 ἀδιαόλήτου
2841 4359 3076 4420 πίστεως
3111 4359 3235 4426 ὅρον
3284 4354 3588 4424 ἒκθέμενοι,
3625 4352 3915 4404 πιστεύειν

639 4461 693 4504 et
723 4450 1074 4504 invisibilium
1114 4448 1379 4504 factorem
1411 4465 1472 4505 se
1493 4452 1719 4505 credere
1778 4450 2011 4520 professi
2044 4461 2172 4506 sunt
2199 4470 2212 4519 ;

2321 4457 2529 4524 ἔφασαν
2564 4454 2642 4514 είς
2675 4451 2772 4502 ἕνα
2821 4449 2972 4512 Θεὸν,
3026 4447 3243 4517 Πατέρα
3294 4443 3735 4514 παντοκράτορα,
3772 4443 3917 4495 πάν-

641 4551 693 4595 et
720 4540 771 4593 in
799 4556 962 4593 unum
993 4541 1278 4596 Dominum
1329 4539 1511 4595 Jesum
1542 4540 1818 4596 Christum
1849 4541 2043 4596 Filium
2075 4544 2214 4611 ejus,

639 4640 697 4686 et
719 4631 770 4684 in
797 4630 1056 4700 Spiritum
1077 4643 1323 4686 sanctum
1355 4649 1368 4685 :
1403 4641 1729 4696 asserentes,
1759 4635 1930 4702 ipsum
1970 4635 2112 4704 quod
2149 4649 2215 4688 ex

641 4721 753 4776 Deo
799 4717 1035 4776 Verbum
1081 4723 1325 4787 emicuit,
1361 4738 1456 4792 per
1490 4725 1632 4792 quod
1662 4725 1843 4778 omnia
1891 4725 2033 4779 facta
2067 4735 2217 4787 sunt,

643 4813 821 4867 lumen
883 4816 950 4868 de
997 4813 1220 4880 lumine,
1281 4815 1445 4869 Deum
1475 4831 1666 4870 verum
1697 4817 1765 4870 de
1795 4817 1903 4871 Deo
1937 4831 2088 4882 vero,
2135 4817 2216 4870 in-

640 4914 944 4968 carnatum,
972 4913 1027 4958 et
1059 4905 1333 4959 hominem
1374 4921 1497 4961 esse
1539 4906 1762 4967 factum,
1809 4917 1863 4962 et
1894 4924 2137 4976 passum,
2167 4918 2219 4961 et

641 4996 1030 5050 resurrexisse.
1087 4995 1308 5049 Etenim
1361 5013 1484 5051 cum
1535 4997 1869 5066 unigenitum
1923 4999 2014 5051 Dei
2044 4998 2224 5051 Patris

641 5083 879 5137 Verbum
912 5095 1104 5137 natura
1137 5083 1280 5139 Deus
1316 5096 1483 5149 esset,
1512 5101 1696 5140 semen
1728 5086 1982 5151 Abrahae,
2011 5096 2069 5140 ut
2091 5089 2220 5140 bea-

641 5182 728 5227 tus
753 5170 951 5227 Paulus
977 5175 1110 5227 dicit
1143 5174 1207 5238 ‘°,
1245 5175 1629 5244 apprehendit,
1661 5176 1992 5245 perindeque
2017 5190 2078 5228 ac
2102 5192 2219 5238 nos,

641 5266 825 5321 carnis
855 5275 909 5319 et
945 5268 1223 5335 sanguinis
1255 5266 1509 5322 eli'ectum
1559 5277 1642 5322 est
1687 5268 1981 5337 particeps.
2023 5267 2219 5320 Natum

712 5418 731 5448 ’
754 5418 920 5475 Amos
951 5435 1030 5487 ιιι,
1059 5421 1147 5473 l5.
1225 5421 1244 5452 '
1269 5422 1468 5479 Jerem.
1497 5438 1591 5490 vn,
1626 5423 1678 5477 5.
1757 5422 1942 5479 'Psal.
1981 5439 2145 5488 cxvn,
2183 5423 2274 5477 20.

2325 4561 2431 4596 των
2479 4539 2686 4609 ὁρατῶν
2716 4555 2772 4588 τε
2813 4537 2905 4590 καὶ
2946 4537 3192 4607 ἀοράτων
3238 4534 3470 4604 ποιητήν
3495 4549 3507 4562 ’
3559 4533 3651 4586 καὶ
3683 4532 3767 4594 είς
3810 4532 3917 4584 ἕνα

2326 4634 2529 4703 Κύριον
2568 4627 2775 4700 Ἰησοῦν
2805 4627 3060 4699 Χριστὸν,
3097 4628 3187 4679 τὸν
3219 4625 3346 4678 Υἰτὸν
3380 4623 3543 4677 αὑτοῦ
3565 4640 3578 4652 ο
3613 4623 3705 4675 καὶ
3738 4624 3820 4685 είς
3851 4623 3916 4674 τὸ

2327 4724 2550 4792 Πνεῦμα
2582 4721 2642 4774 τὸ
2672 4721 2824 4788 ἅγιον
2847 4735 2859 4746 ·
2895 4719 3055 4772 αὑτὸν
3080 4720 3329 4786 λέγοντες
3351 4717 3440 4769 τὸν
3469 4716 3531 4767 ὲκ
3559 4711 3691 4767 Θεοῦ
3725 4731 3917 4784 πεφη-

2325 4815 2452 4868 νότα
2491 4813 2682 4882 Λόγον,
2712 4812 2802 4864 τὸν
2832 4813 2899 4864 δι’
2930 4804 2990 4862 οῦ
3034 4812 3103 4862 τά
3139 4811 3313 4862 πάντα
3350 4809 3583 4876 ἐγένετο,
3615 4806 3676 4858 τὸ
3705 4806 3824 4875 φῶς
3852 4807 3917 4858 τὸ

2327 4908 2390 4958 ἐκ
2421 4905 2614 4974 φωτὸς,
2651 4903 2739 4956 τὸν
2771 4905 2834 4955 ὲκ
2867 4901 2998 4954 Θεοῦ
3031 4900 3283 4970 ἀληθινοῦ
3313 4900 3443 4952 Θεὸν
3464 4897 3737 4968 ἀληθινὸν,
3772 4915 3916 4969 σαρ-

2323 4997 2567 5067 κωθῆναί
2597 5014 2655 5048 τε
2689 4997 2784 5048 καὶ
2829 4994 3269 5066 ενανθρωπῆσαι,
3311 4992 3505 5046 παθεῖν
3545 5008 3602 5043 τε
3649 4990 3743 5043 καὶ
3771 4992 3916 5044 ἅνα-

2325 5092 2536 5158 στῆναι.
2588 5088 2718 5149 Θεὸς
2764 5088 2873 5156 γὰρ
2921 5087 2995 5139 ὢν
3028 5087 3170 5140 κατά
3214 5087 3375 5155 φύσιν
3418 5089 3445 5138 ὁ
3491 5083 3788 5155 μονογενὴς
3811 5082 3917 5135 τοῦ

2323 5180 2538 5250 Πατρὸς
2571 5180 2762 5246 Λόγος,
2791 5181 3101 5249 σπέρματος
3141 5180 3389 5249 ’Λϐραὰμ
3421 5176 3738 5238 ἐπελάϐετο,
3765 5175 3922 5228 καθά

2324 5287 2487 5340 φησιν
2517 5273 2544 5321 ὁ
2582 5271 2848 5340 μακάριος
2900 5271 3128 5332 Παῦλος,
3181 5272 3273 5322 καὶ
3326 5267 3722 5340 παραπλησίως
3771 5268 3918 5337 ἡμῖν

2379 5421 2422 5454 ‘°
2448 5419 2609 5478 Hebr.
2645 5438 2701 5486 ll,
2744 5423 2831 5476 Η.

1689 5595 1853 5634 variae
1892 5580 2154 5635 lectiones
2180 5594 2242 5633 ex
2279 5578 2463 5633 codice
2501 5577 2871 5648 Seguieriano.

711 5737 740 5777 ά
767 5740 1243 5796 ἀνταποδίσασθαι.
1325 5751 1347 5779 ο
1380 5738 1604 5806 ἓχοιντο.
1684 5736 1701 5775 ί
1736 5738 2080 5808 ἐγκλήματα.

2168 5738 2190 5776 ⁸
2229 5736 2412 5789 οὐδένα
2445 5734 2576 5790 τῶν.
2655 5736 2677 5772 ι
2708 5735 3173 5807 παρενηνεγμέναι.

3258 5735 3274 5774 ί
3313 5738 3431 5807 οὐχ.
