  <div class='ocr_page' id='page_1' title='image "/cluster/home/n/w/nwhite01/storage/ocr_20150623/76/ien.35556001661040/160.png"; bbox 0 0 4042 6434; ppageno 0'>
   <div class='ocr_carea' id='block_1_1' title="bbox 108 336 2313 398">
    <p class='ocr_par' dir='ltr' id='par_1_1' title="bbox 108 336 2313 398">
     <span class='ocr_line' id='line_1_1' title="bbox 108 336 2313 398; baseline -0.002 2"><span class='ocrx_word' id='word_1_1' title='bbox 108 339 189 394; x_wconf 70' lang='grc'><strong>297</strong></span> <span class='ocrx_word' id='word_1_2' title='bbox 1136 339 1555 398; x_wconf 80' lang='lat' dir='ltr'><strong>EXPLICATIO</strong></span> <span class='ocrx_word' id='word_1_3' title='bbox 1595 336 1950 396; x_wconf 71' lang='lat' dir='ltr'><strong>DUODECIM</strong></span> <span class='ocrx_word' id='word_1_4' title='bbox 1986 337 2070 394; x_wconf 79' lang='lat' dir='ltr'><strong>CA</strong></span> <span class='ocrx_word' id='word_1_5' title='bbox 2080 337 2313 395; x_wconf 77' lang='lat' dir='ltr'><strong>PITUM.</strong></span> 
     </span>
    </p>
   </div>
   <div class='ocr_carea' id='block_1_2' title="bbox 3139 339 3355 394">
    <p class='ocr_par' dir='ltr' id='par_1_2' title="bbox 3139 339 3355 394">
     <span class='ocr_line' id='line_1_2' title="bbox 3139 339 3355 394; baseline -0.005 0"><span class='ocrx_word' id='word_1_6' title='bbox 3139 358 3148 367; x_wconf 92' lang='grc'><strong>·</strong></span> <span class='ocrx_word' id='word_1_7' title='bbox 3251 339 3355 394; x_wconf 76' lang='grc'><strong>298</strong></span> 
     </span>
    </p>
   </div>
   <div class='ocr_carea' id='block_1_3' title="bbox 104 454 1677 532">
    <p class='ocr_par' dir='ltr' id='par_1_3' title="bbox 104 457 1677 532">
     <span class='ocr_line' id='line_1_3' title="bbox 104 457 1677 532; baseline 0.003 -24"><span class='ocrx_word' id='word_1_8' title='bbox 104 460 348 528; x_wconf 74' lang='grc' dir='ltr'><strong>μετέσχεν</strong></span> <span class='ocrx_word' id='word_1_9' title='bbox 376 457 643 527; x_wconf 79' lang='grc' dir='ltr'>αἵματος,</span> <span class='ocrx_word' id='word_1_10' title='bbox 678 461 775 513; x_wconf 75' lang='grc' dir='ltr'>καὶ</span> <span class='ocrx_word' id='word_1_11' title='bbox 802 461 999 531; x_wconf 85' lang='grc' dir='ltr'>σαρκός</span> <span class='ocrx_word' id='word_1_12' title='bbox 1020 478 1034 491; x_wconf 76' lang='grc'><strong><em>⁸</em></strong></span> <span class='ocrx_word' id='word_1_13' title='bbox 1066 462 1386 532; x_wconf 82' lang='grc' dir='ltr'><strong>γεγέννηται</strong></span> <span class='ocrx_word' id='word_1_14' title='bbox 1411 459 1518 531; x_wconf 80' lang='grc' dir='ltr'>γὰρ</span> <span class='ocrx_word' id='word_1_15' title='bbox 1540 459 1677 513; x_wconf 84' lang='grc' dir='ltr'><strong>κατά</strong></span> 
     </span>
    </p>
   </div>
   <div class='ocr_carea' id='block_1_4' title="bbox 1779 454 3358 532">
    <p class='ocr_par' dir='ltr' id='par_1_4' title="bbox 1784 454 3358 526">
     <span class='ocr_line' id='line_1_4' title="bbox 1784 454 3358 526; baseline -0.001 -13"><span class='ocrx_word' id='word_1_16' title='bbox 1784 465 1871 513; x_wconf 89' lang='lat' dir='ltr'><strong>est</strong></span> <span class='ocrx_word' id='word_1_17' title='bbox 1903 457 2049 512; x_wconf 85' lang='lat' dir='ltr'><strong>enim</strong></span> <span class='ocrx_word' id='word_1_18' title='bbox 2090 458 2388 512; x_wconf 87' lang='lat' dir='ltr'><strong>secundum</strong></span> <span class='ocrx_word' id='word_1_19' title='bbox 2416 470 2634 510; x_wconf 81' lang='lat' dir='ltr'><strong>carnem</strong></span> <span class='ocrx_word' id='word_1_20' title='bbox 2664 469 2729 511; x_wconf 81' lang='lat' dir='ltr'><strong>ex</strong></span> <span class='ocrx_word' id='word_1_21' title='bbox 2782 464 2971 511; x_wconf 84' lang='lat' dir='ltr'><strong>saneta</strong></span> <span class='ocrx_word' id='word_1_22' title='bbox 3013 454 3254 526; x_wconf 75' lang='lat' dir='ltr'><strong>Virgine,</strong></span> <span class='ocrx_word' id='word_1_23' title='bbox 3300 466 3358 512; x_wconf 91' lang='lat' dir='ltr'><strong>et</strong></span> 
     </span>
    </p>
   </div>
   <div class='ocr_carea' id='block_1_5' title="bbox 102 551 1684 626">
    <p class='ocr_par' dir='ltr' id='par_1_5' title="bbox 102 551 1684 626">
     <span class='ocr_line' id='line_1_5' title="bbox 102 551 1684 626; baseline -0.012 -4"><span class='ocrx_word' id='word_1_24' title='bbox 102 553 265 621; x_wconf 65' lang='grc' dir='ltr'>σάρκα</span> <span class='ocrx_word' id='word_1_25' title='bbox 314 551 388 603; x_wconf 56' lang='grc' dir='ltr'><strong>ἐκ</strong></span> <span class='ocrx_word' id='word_1_26' title='bbox 430 552 534 620; x_wconf 75' lang='grc' dir='ltr'>τῆς</span> <span class='ocrx_word' id='word_1_27' title='bbox 582 553 747 621; x_wconf 81' lang='grc' dir='ltr'><strong>ἁγίας</strong></span> <span class='ocrx_word' id='word_1_28' title='bbox 791 554 1094 626; x_wconf 79' lang='grc' dir='ltr'><strong>Παρθένου,</strong></span> <span class='ocrx_word' id='word_1_29' title='bbox 1137 556 1232 609; x_wconf 77' lang='grc' dir='ltr'>καὶ</span> <span class='ocrx_word' id='word_1_30' title='bbox 1267 554 1551 624; x_wconf 77' lang='grc' dir='ltr'>ἄνθρωπος</span> <span class='ocrx_word' id='word_1_31' title='bbox 1591 552 1684 619; x_wconf 82' lang='grc' dir='ltr'>γέ-</span> 
     </span>
    </p>
   </div>
   <div class='ocr_carea' id='block_1_6' title="bbox 99 639 1679 717">
    <p class='ocr_par' dir='ltr' id='par_1_6' title="bbox 99 639 1679 717">
     <span class='ocr_line' id='line_1_6' title="bbox 99 639 1679 717; baseline -0.008 -9"><span class='ocrx_word' id='word_1_32' title='bbox 99 658 204 708; x_wconf 67' lang='grc' dir='ltr'>τοκτ</span> <span class='ocrx_word' id='word_1_33' title='bbox 242 652 256 690; x_wconf 82' lang='grc'><strong><em>³</em></strong></span> <span class='ocrx_word' id='word_1_34' title='bbox 298 641 439 695; x_wconf 78' lang='grc' dir='ltr'>καθ’</span> <span class='ocrx_word' id='word_1_35' title='bbox 476 644 649 713; x_wconf 78' lang='grc' dir='ltr'>ἡμᾶς,</span> <span class='ocrx_word' id='word_1_36' title='bbox 692 645 791 698; x_wconf 88' lang='grc' dir='ltr'><strong>οὑκ</strong></span> <span class='ocrx_word' id='word_1_37' title='bbox 820 645 1193 717; x_wconf 82' lang='grc' dir='ltr'>ἀπολισθήσας</span> <span class='ocrx_word' id='word_1_38' title='bbox 1228 645 1322 699; x_wconf 88' lang='grc' dir='ltr'><strong>τοῦ</strong></span> <span class='ocrx_word' id='word_1_39' title='bbox 1349 639 1485 698; x_wconf 76' lang='grc' dir='ltr'>εἷναι</span> <span class='ocrx_word' id='word_1_40' title='bbox 1512 643 1679 706; x_wconf 85' lang='grc' dir='ltr'>Θεός·</span> 
     </span>
    </p>
   </div>
   <div class='ocr_carea' id='block_1_7' title="bbox 100 731 1684 806">
    <p class='ocr_par' dir='ltr' id='par_1_7' title="bbox 100 731 1684 806">
     <span class='ocr_line' id='line_1_7' title="bbox 100 731 1684 806; baseline 0.002 -23"><span class='ocrx_word' id='word_1_41' title='bbox 100 731 161 799; x_wconf 77' lang='grc' dir='ltr'>μὴ</span> <span class='ocrx_word' id='word_1_42' title='bbox 190 731 451 798; x_wconf 58' lang='lat' dir='ltr'><strong>reverse“</strong></span> <span class='ocrx_word' id='word_1_43' title='bbox 501 732 624 786; x_wconf 85' lang='grc' dir='ltr'>ἀλλ’</span> <span class='ocrx_word' id='word_1_44' title='bbox 666 732 743 785; x_wconf 80' lang='grc' dir='ltr'>ὢν</span> <span class='ocrx_word' id='word_1_45' title='bbox 787 736 926 806; x_wconf 82' lang='grc' dir='ltr'>ὅπερ</span> <span class='ocrx_word' id='word_1_46' title='bbox 966 731 1055 805; x_wconf 81' lang='grc' dir='ltr'>ἦν,</span> <span class='ocrx_word' id='word_1_47' title='bbox 1107 737 1202 789; x_wconf 74' lang='grc' dir='ltr'><strong>καὶ</strong></span> <span class='ocrx_word' id='word_1_48' title='bbox 1247 733 1572 806; x_wconf 80' lang='grc' dir='ltr'>μεμενηκὼς</span> <span class='ocrx_word' id='word_1_49' title='bbox 1625 735 1684 787; x_wconf 83' lang='grc' dir='ltr'>ὲν</span> 
     </span>
    </p>
   </div>
   <div class='ocr_carea' id='block_1_8' title="bbox 96 821 1684 898">
    <p class='ocr_par' dir='ltr' id='par_1_8' title="bbox 96 821 1684 898">
     <span class='ocr_line' id='line_1_8' title="bbox 96 821 1684 898; baseline 0.001 -21"><span class='ocrx_word' id='word_1_50' title='bbox 96 826 148 890; x_wconf 71' lang='grc' dir='ltr'>τῇ</span> <span class='ocrx_word' id='word_1_51' title='bbox 180 824 281 893; x_wconf 74' lang='grc' dir='ltr'>τῆς</span> <span class='ocrx_word' id='word_1_52' title='bbox 313 823 586 895; x_wconf 80' lang='grc' dir='ltr'><strong>θεότητος</strong></span> <span class='ocrx_word' id='word_1_53' title='bbox 613 825 777 895; x_wconf 86' lang='grc' dir='ltr'>φύσει</span> <span class='ocrx_word' id='word_1_54' title='bbox 802 844 861 879; x_wconf 92' lang='grc' dir='ltr'><strong>τε</strong></span> <span class='ocrx_word' id='word_1_55' title='bbox 890 828 984 879; x_wconf 75' lang='grc' dir='ltr'><strong>καὶ</strong></span> <span class='ocrx_word' id='word_1_56' title='bbox 1006 827 1152 898; x_wconf 80' lang='grc' dir='ltr'>δόξῃ.</span> <span class='ocrx_word' id='word_1_57' title='bbox 1195 828 1381 897; x_wconf 73' lang='grc' dir='ltr'>Φαμὲν</span> <span class='ocrx_word' id='word_1_58' title='bbox 1407 821 1499 880; x_wconf 81' lang='grc' dir='ltr'>οὖν</span> <span class='ocrx_word' id='word_1_59' title='bbox 1523 826 1684 879; x_wconf 78' lang='grc' dir='ltr'>αὐτὸν</span> 
     </span>
    </p>
   </div>
   <div class='ocr_carea' id='block_1_9' title="bbox 95 912 1685 989">
    <p class='ocr_par' dir='ltr' id='par_1_9' title="bbox 95 912 1685 989">
     <span class='ocr_line' id='line_1_9' title="bbox 95 912 1685 989; baseline 0.006 -26"><span class='ocrx_word' id='word_1_60' title='bbox 95 912 373 982; x_wconf 77' lang='grc' dir='ltr'>ἄνθρωπον</span> <span class='ocrx_word' id='word_1_61' title='bbox 414 916 775 986; x_wconf 80' lang='grc' dir='ltr'>γεγενῆσθαι,</span> <span class='ocrx_word' id='word_1_62' title='bbox 811 918 872 970; x_wconf 89' lang='grc' dir='ltr'><strong>οὑ</strong></span> <span class='ocrx_word' id='word_1_63' title='bbox 917 917 1123 988; x_wconf 77' lang='grc' dir='ltr'>τροπὴν</span> <span class='ocrx_word' id='word_1_64' title='bbox 1169 917 1541 987; x_wconf 76' lang='grc' dir='ltr'><strong>ὑπομείναντα</strong></span> <span class='ocrx_word' id='word_1_65' title='bbox 1585 918 1685 989; x_wconf 79' lang='grc' dir='ltr'><strong>τὴν</strong></span> 
     </span>
    </p>
   </div>
   <div class='ocr_carea' id='block_1_10' title="bbox 94 1001 1685 1080">
    <p class='ocr_par' dir='ltr' id='par_1_10' title="bbox 94 1001 1685 1080">
     <span class='ocr_line' id='line_1_10' title="bbox 94 1001 1685 1080; baseline 0.005 -25"><span class='ocrx_word' id='word_1_66' title='bbox 94 1006 161 1066; x_wconf 76' lang='grc' dir='ltr'>εἰς</span> <span class='ocrx_word' id='word_1_67' title='bbox 190 1006 334 1075; x_wconf 83' lang='grc' dir='ltr'>ὅπερ</span> <span class='ocrx_word' id='word_1_68' title='bbox 379 1007 490 1059; x_wconf 87' lang='grc' dir='ltr'><strong>οὑκ</strong></span> <span class='ocrx_word' id='word_1_69' title='bbox 533 1001 624 1071; x_wconf 79' lang='grc' dir='ltr'>ἦν,</span> <span class='ocrx_word' id='word_1_70' title='bbox 670 1009 772 1062; x_wconf 88' lang='grc' dir='ltr'><strong>οὑκ</strong></span> <span class='ocrx_word' id='word_1_71' title='bbox 822 1007 1143 1063; x_wconf 83' lang='grc' dir='ltr'>ἀλλοίωσιν⁶</span> <span class='ocrx_word' id='word_1_72' title='bbox 1191 1008 1281 1063; x_wconf 81' lang='grc' dir='ltr'><strong>ἀεὶ</strong></span> <span class='ocrx_word' id='word_1_73' title='bbox 1317 1009 1426 1080; x_wconf 86' lang='grc' dir='ltr'><strong>γάρ</strong></span> <span class='ocrx_word' id='word_1_74' title='bbox 1465 1011 1614 1063; x_wconf 76' lang='grc' dir='ltr'>ἐστιν</span> <span class='ocrx_word' id='word_1_75' title='bbox 1655 1011 1685 1063; x_wconf 99' lang='lat'><strong>6</strong></span> 
     </span>
    </p>
   </div>
   <div class='ocr_carea' id='block_1_11' title="bbox 92 1094 1679 1170">
    <p class='ocr_par' dir='ltr' id='par_1_11' title="bbox 92 1094 1679 1170">
     <span class='ocr_line' id='line_1_11' title="bbox 92 1094 1679 1170; baseline 0.005 -25"><span class='ocrx_word' id='word_1_76' title='bbox 92 1094 263 1159; x_wconf 64' lang='grc' dir='ltr'>αὐτὸς,</span> <span class='ocrx_word' id='word_1_77' title='bbox 294 1096 399 1149; x_wconf 75' lang='grc' dir='ltr'>καὶ</span> <span class='ocrx_word' id='word_1_78' title='bbox 433 1099 648 1168; x_wconf 78' lang='grc' dir='ltr'>τροπῆς</span> <span class='ocrx_word' id='word_1_79' title='bbox 680 1100 1041 1170; x_wconf 81' lang='grc' dir='ltr'><strong>ἀποσκίασμα</strong></span> <span class='ocrx_word' id='word_1_80' title='bbox 1069 1098 1263 1153; x_wconf 82' lang='grc' dir='ltr'>παθεῖν</span> <span class='ocrx_word' id='word_1_81' title='bbox 1287 1100 1389 1153; x_wconf 89' lang='grc' dir='ltr'><strong>οὑκ</strong></span> <span class='ocrx_word' id='word_1_82' title='bbox 1412 1101 1679 1169; x_wconf 82' lang='grc' dir='ltr'><strong>ἀνέχεται.</strong></span> 
     </span>
    </p>
   </div>
   <div class='ocr_carea' id='block_1_12' title="bbox 102 1187 1682 1262">
    <p class='ocr_par' dir='ltr' id='par_1_12' title="bbox 102 1187 1682 1262">
     <span class='ocr_line' id='line_1_12' title="bbox 102 1187 1682 1262; baseline 0.005 -25"><span class='ocrx_word' id='word_1_83' title='bbox 102 1187 231 1238; x_wconf 77' lang='grc' dir='ltr'>Ἀλλ’</span> <span class='ocrx_word' id='word_1_84' title='bbox 264 1188 396 1240; x_wconf 83' lang='grc' dir='ltr'>οὐδὲ</span> <span class='ocrx_word' id='word_1_85' title='bbox 430 1190 683 1259; x_wconf 78' lang='grc' dir='ltr'>φυρμὸν,</span> <span class='ocrx_word' id='word_1_86' title='bbox 736 1192 770 1261; x_wconf 80' lang='grc' dir='ltr'>ἢ</span> <span class='ocrx_word' id='word_1_87' title='bbox 820 1192 1104 1261; x_wconf 83' lang='grc' dir='ltr'><strong>ἀνάχυσιν,</strong></span> <span class='ocrx_word' id='word_1_88' title='bbox 1153 1192 1186 1261; x_wconf 83' lang='grc' dir='ltr'>ἢ</span> <span class='ocrx_word' id='word_1_89' title='bbox 1234 1192 1540 1261; x_wconf 79' lang='grc' dir='ltr'><strong>σύγκρασιν</strong></span> <span class='ocrx_word' id='word_1_90' title='bbox 1584 1193 1682 1262; x_wconf 84' lang='grc' dir='ltr'><strong>τῆς</strong></span> 
     </span>
    </p>
   </div>
   <div class='ocr_carea' id='block_1_13' title="bbox 90 1278 1683 1355">
    <p class='ocr_par' dir='ltr' id='par_1_13' title="bbox 90 1278 1683 1355">
     <span class='ocr_line' id='line_1_13' title="bbox 90 1278 1683 1355; baseline 0.005 -27"><span class='ocrx_word' id='word_1_91' title='bbox 90 1278 266 1341; x_wconf 70' lang='grc' dir='ltr'>οὐσίας</span> <span class='ocrx_word' id='word_1_92' title='bbox 313 1279 495 1331; x_wconf 84' lang='grc' dir='ltr'>αὑτοῦ</span> <span class='ocrx_word' id='word_1_93' title='bbox 544 1281 682 1351; x_wconf 85' lang='grc' dir='ltr'>πρὸς</span> <span class='ocrx_word' id='word_1_94' title='bbox 733 1283 829 1353; x_wconf 82' lang='grc' dir='ltr'>τὴν</span> <span class='ocrx_word' id='word_1_95' title='bbox 878 1284 1059 1355; x_wconf 82' lang='grc' dir='ltr'>σάρκα</span> <span class='ocrx_word' id='word_1_96' title='bbox 1085 1284 1411 1354; x_wconf 84' lang='grc' dir='ltr'>γεγενῆσθαι</span> <span class='ocrx_word' id='word_1_97' title='bbox 1449 1282 1683 1354; x_wconf 77' lang='grc' dir='ltr'>διοριζό-</span> 
     </span>
    </p>
   </div>
   <div class='ocr_carea' id='block_1_14' title="bbox 92 1368 1684 1449">
    <p class='ocr_par' dir='ltr' id='par_1_14' title="bbox 92 1368 1684 1449">
     <span class='ocr_line' id='line_1_14' title="bbox 92 1368 1684 1449; baseline 0.008 -30"><span class='ocrx_word' id='word_1_98' title='bbox 92 1368 219 1435; x_wconf 83' lang='grc' dir='ltr'>μεθα</span> <span class='ocrx_word' id='word_1_99' title='bbox 242 1387 257 1399; x_wconf 90' lang='grc'><strong>·</strong></span> <span class='ocrx_word' id='word_1_100' title='bbox 293 1373 485 1441; x_wconf 73' lang='grc' dir='ltr'>φαμὲν</span> <span class='ocrx_word' id='word_1_101' title='bbox 517 1374 576 1426; x_wconf 80' lang='grc' dir='ltr'><strong>δὲ</strong></span> <span class='ocrx_word' id='word_1_102' title='bbox 605 1374 631 1413; x_wconf 75' lang='grc' dir='ltr'><strong>ιι</strong></span> <span class='ocrx_word' id='word_1_103' title='bbox 668 1375 835 1447; x_wconf 76' lang='grc' dir='ltr'>σαρκὶ</span> <span class='ocrx_word' id='word_1_104' title='bbox 866 1375 1051 1447; x_wconf 76' lang='grc' dir='ltr'>ψυχὴν</span> <span class='ocrx_word' id='word_1_105' title='bbox 1084 1376 1285 1448; x_wconf 75' lang='grc' dir='ltr'>ἐχούσῃ</span> <span class='ocrx_word' id='word_1_106' title='bbox 1330 1380 1428 1449; x_wconf 83' lang='grc' dir='ltr'>τὴν</span> <span class='ocrx_word' id='word_1_107' title='bbox 1459 1380 1684 1449; x_wconf 79' lang='grc' dir='ltr'>λογικὴν</span> 
     </span>
    </p>
   </div>
   <div class='ocr_carea' id='block_1_15' title="bbox 90 1460 1683 1541">
    <p class='ocr_par' dir='ltr' id='par_1_15' title="bbox 90 1460 1683 1541">
     <span class='ocr_line' id='line_1_15' title="bbox 90 1460 1683 1541; baseline 0.007 -29"><span class='ocrx_word' id='word_1_108' title='bbox 90 1460 323 1526; x_wconf 71' lang='grc' dir='ltr'>ἡνῶσθαι</span> <span class='ocrx_word' id='word_1_109' title='bbox 356 1462 455 1515; x_wconf 89' lang='grc' dir='ltr'><strong>τὸν</strong></span> <span class='ocrx_word' id='word_1_110' title='bbox 482 1464 658 1532; x_wconf 86' lang='grc' dir='ltr'>Λόγον</span> <span class='ocrx_word' id='word_1_111' title='bbox 678 1466 824 1537; x_wconf 85' lang='grc' dir='ltr'>ὑπὲρ</span> <span class='ocrx_word' id='word_1_112' title='bbox 860 1466 984 1520; x_wconf 82' lang='grc' dir='ltr'>νοῦν</span> <span class='ocrx_word' id='word_1_113' title='bbox 1007 1485 1066 1520; x_wconf 88' lang='grc' dir='ltr'><strong>τε</strong></span> <span class='ocrx_word' id='word_1_114' title='bbox 1091 1469 1185 1522; x_wconf 82' lang='grc' dir='ltr'>καὶ</span> <span class='ocrx_word' id='word_1_115' title='bbox 1213 1472 1559 1541; x_wconf 79' lang='grc' dir='ltr'>ἀποῤῥήτως,</span> <span class='ocrx_word' id='word_1_116' title='bbox 1589 1472 1683 1523; x_wconf 76' lang='grc' dir='ltr'><strong>καὶ</strong></span> 
     </span>
    </p>
   </div>
   <div class='ocr_carea' id='block_1_16' title="bbox 90 1550 1680 1631">
    <p class='ocr_par' dir='ltr' id='par_1_16' title="bbox 90 1550 1680 1631">
     <span class='ocr_line' id='line_1_16' title="bbox 90 1550 1680 1631; baseline 0.007 -27"><span class='ocrx_word' id='word_1_117' title='bbox 90 1552 153 1614; x_wconf 79' lang='grc' dir='ltr'>ὼς</span> <span class='ocrx_word' id='word_1_118' title='bbox 192 1553 361 1621; x_wconf 83' lang='grc' dir='ltr'>μόνος</span> <span class='ocrx_word' id='word_1_119' title='bbox 390 1550 539 1609; x_wconf 77' lang='grc' dir='ltr'>οἶδεν</span> <span class='ocrx_word' id='word_1_120' title='bbox 570 1557 755 1620; x_wconf 89' lang='grc' dir='ltr'>αὑτός.</span> <span class='ocrx_word' id='word_1_121' title='bbox 796 1558 1005 1612; x_wconf 75' lang='grc' dir='ltr'>Οὐκοῦν</span> <span class='ocrx_word' id='word_1_122' title='bbox 1045 1562 1321 1631; x_wconf 82' lang='grc' dir='ltr'>μεμένηκε</span> <span class='ocrx_word' id='word_1_123' title='bbox 1346 1563 1478 1626; x_wconf 84' lang='grc' dir='ltr'><strong>Θεὸς</strong></span> <span class='ocrx_word' id='word_1_124' title='bbox 1503 1563 1595 1616; x_wconf 71' lang='grc' dir='ltr'><strong>καὶ</strong></span> <span class='ocrx_word' id='word_1_125' title='bbox 1624 1563 1680 1615; x_wconf 82' lang='grc' dir='ltr'>ἐν</span> 
     </span>
    </p>
   </div>
   <div class='ocr_carea' id='block_1_17' title="bbox 90 1644 1677 1718">
    <p class='ocr_par' dir='ltr' id='par_1_17' title="bbox 90 1644 1677 1718">
     <span class='ocr_line' id='line_1_17' title="bbox 90 1644 1677 1718; baseline 0.008 -25"><span class='ocrx_word' id='word_1_126' title='bbox 90 1644 391 1714; x_wconf 73' lang='grc' dir='ltr'>προσλήψει</span> <span class='ocrx_word' id='word_1_127' title='bbox 452 1647 691 1715; x_wconf 71' lang='grc' dir='ltr'>σαρκόςθ</span> <span class='ocrx_word' id='word_1_128' title='bbox 751 1648 844 1701; x_wconf 76' lang='grc' dir='ltr'>καὶ</span> <span class='ocrx_word' id='word_1_129' title='bbox 891 1650 1037 1703; x_wconf 83' lang='grc' dir='ltr'>ἐστιν</span> <span class='ocrx_word' id='word_1_130' title='bbox 1089 1645 1173 1713; x_wconf 74' lang='grc' dir='ltr'>εἷς</span> <span class='ocrx_word' id='word_1_131' title='bbox 1210 1652 1337 1715; x_wconf 79' lang='grc' dir='ltr'>Υίὸς</span> <span class='ocrx_word' id='word_1_132' title='bbox 1386 1651 1481 1704; x_wconf 86' lang='grc' dir='ltr'><strong>τοῦ</strong></span> <span class='ocrx_word' id='word_1_133' title='bbox 1518 1652 1677 1718; x_wconf 87' lang='grc' dir='ltr'>Θεοῦ,</span> 
     </span>
    </p>
   </div>
   <div class='ocr_carea' id='block_1_18' title="bbox 87 1735 1680 1811">
    <p class='ocr_par' dir='ltr' id='par_1_18' title="bbox 87 1735 1680 1811">
     <span class='ocr_line' id='line_1_18' title="bbox 87 1735 1680 1811; baseline 0.007 -27"><span class='ocrx_word' id='word_1_134' title='bbox 87 1735 170 1785; x_wconf 76' lang='grc' dir='ltr'><strong>καὶ</strong></span> <span class='ocrx_word' id='word_1_135' title='bbox 204 1737 457 1805; x_wconf 82' lang='grc' dir='ltr'>Πατρὸς,</span> <span class='ocrx_word' id='word_1_136' title='bbox 496 1740 525 1791; x_wconf 86' lang='grc' dir='ltr'><em>ὀ</em></span> <span class='ocrx_word' id='word_1_137' title='bbox 556 1740 761 1810; x_wconf 80' lang='grc' dir='ltr'>Κύριος</span> <span class='ocrx_word' id='word_1_138' title='bbox 790 1740 951 1810; x_wconf 79' lang='grc' dir='ltr'>ἡμῶν</span> <span class='ocrx_word' id='word_1_139' title='bbox 991 1740 1198 1810; x_wconf 78' lang='grc' dir='ltr'>Ἰησοῦς</span> <span class='ocrx_word' id='word_1_140' title='bbox 1226 1742 1489 1811; x_wconf 76' lang='grc' dir='ltr'><strong>Χριστός⁸</strong></span> <span class='ocrx_word' id='word_1_141' title='bbox 1529 1743 1557 1793; x_wconf 88' lang='lat'><strong>6</strong></span> <span class='ocrx_word' id='word_1_142' title='bbox 1585 1744 1680 1795; x_wconf 87' lang='grc' dir='ltr'>αύ-</span> 
     </span>
    </p>
   </div>
   <div class='ocr_carea' id='block_1_19' title="bbox 1782 548 3357 618">
    <p class='ocr_par' dir='ltr' id='par_1_19' title="bbox 1782 548 3357 618">
     <span class='ocr_line' id='line_1_19' title="bbox 1782 548 3357 618; baseline 0 -15"><span class='ocrx_word' id='word_1_143' title='bbox 1782 563 1933 618; x_wconf 80' lang='lat' dir='ltr'><strong>aeque</strong></span> <span class='ocrx_word' id='word_1_144' title='bbox 1961 562 2026 603; x_wconf 81' lang='lat' dir='ltr'><strong>ac</strong></span> <span class='ocrx_word' id='word_1_145' title='bbox 2050 563 2169 613; x_wconf 93' lang='lat' dir='ltr'><strong>nos,</strong></span> <span class='ocrx_word' id='word_1_146' title='bbox 2205 549 2367 605; x_wconf 92' lang='lat' dir='ltr'><strong>homo</strong></span> <span class='ocrx_word' id='word_1_147' title='bbox 2412 548 2615 603; x_wconf 84' lang='lat' dir='ltr'><strong>factum</strong></span> <span class='ocrx_word' id='word_1_148' title='bbox 2664 556 2769 612; x_wconf 85' lang='lat' dir='ltr'><strong>est,</strong></span> <span class='ocrx_word' id='word_1_149' title='bbox 2805 561 2913 603; x_wconf 91' lang='lat' dir='ltr'><strong>non</strong></span> <span class='ocrx_word' id='word_1_150' title='bbox 2955 548 3210 603; x_wconf 74' lang='lat' dir='ltr'><strong>amittens</strong></span> <span class='ocrx_word' id='word_1_151' title='bbox 3236 562 3357 603; x_wconf 84' lang='lat' dir='ltr'><strong>esse</strong></span> 
     </span>
    </p>
   </div>
   <div class='ocr_carea' id='block_1_20' title="bbox 1783 638 3360 710">
    <p class='ocr_par' dir='ltr' id='par_1_20' title="bbox 1783 638 3360 710">
     <span class='ocr_line' id='line_1_20' title="bbox 1783 638 3360 710; baseline -0.003 -15"><span class='ocrx_word' id='word_1_152' title='bbox 1783 639 1950 695; x_wconf 91' lang='lat' dir='ltr'><strong>Deum</strong></span> <span class='ocrx_word' id='word_1_153' title='bbox 1981 640 2210 710; x_wconf 88' lang='lat' dir='ltr'><strong>(absit!)</strong></span> <span class='ocrx_word' id='word_1_154' title='bbox 2237 640 2331 695; x_wconf 83' lang='lat' dir='ltr'><strong>sed</strong></span> <span class='ocrx_word' id='word_1_155' title='bbox 2363 640 2632 694; x_wconf 80' lang='lat' dir='ltr'><strong>exsistens</strong></span> <span class='ocrx_word' id='word_1_156' title='bbox 2662 638 2803 708; x_wconf 90' lang='lat' dir='ltr'><strong>quod</strong></span> <span class='ocrx_word' id='word_1_157' title='bbox 2834 647 2973 704; x_wconf 83' lang='lat' dir='ltr'><strong>erat,</strong></span> <span class='ocrx_word' id='word_1_158' title='bbox 3001 639 3133 693; x_wconf 90' lang='lat' dir='ltr'><strong>etin</strong></span> <span class='ocrx_word' id='word_1_159' title='bbox 3164 638 3360 693; x_wconf 78' lang='lat' dir='ltr'><strong>divini-</strong></span> 
     </span>
    </p>
   </div>
   <div class='ocr_carea' id='block_1_21' title="bbox 1783 730 3356 802">
    <p class='ocr_par' dir='ltr' id='par_1_21' title="bbox 1783 730 3356 802">
     <span class='ocr_line' id='line_1_21' title="bbox 1783 730 3356 802; baseline -0.001 -17"><span class='ocrx_word' id='word_1_160' title='bbox 1783 730 1909 786; x_wconf 85' lang='lat' dir='ltr'><strong>tatis</strong></span> <span class='ocrx_word' id='word_1_161' title='bbox 1952 740 2145 785; x_wconf 89' lang='lat' dir='ltr'><strong>natura</strong></span> <span class='ocrx_word' id='word_1_162' title='bbox 2189 741 2244 789; x_wconf 87' lang='lat' dir='ltr'><strong>et</strong></span> <span class='ocrx_word' id='word_1_163' title='bbox 2273 731 2440 802; x_wconf 80' lang='lat' dir='ltr'><strong>gloria</strong></span> <span class='ocrx_word' id='word_1_164' title='bbox 2495 744 2839 800; x_wconf 89' lang='lat' dir='ltr'><strong>permanens.</strong></span> <span class='ocrx_word' id='word_1_165' title='bbox 2890 730 3133 785; x_wconf 81' lang='lat' dir='ltr'><strong>Dicimus</strong></span> <span class='ocrx_word' id='word_1_166' title='bbox 3169 730 3356 798; x_wconf 77' lang='lat' dir='ltr'><strong>igitur,</strong></span> 
     </span>
    </p>
   </div>
   <div class='ocr_carea' id='block_1_22' title="bbox 1783 818 3357 890">
    <p class='ocr_par' dir='ltr' id='par_1_22' title="bbox 1783 818 3357 890">
     <span class='ocr_line' id='line_1_22' title="bbox 1783 818 3357 890; baseline -0.001 -17"><span class='ocrx_word' id='word_1_167' title='bbox 1783 819 1956 888; x_wconf 85' lang='lat' dir='ltr'><strong>ipsum</strong></span> <span class='ocrx_word' id='word_1_168' title='bbox 1988 819 2118 890; x_wconf 90' lang='lat' dir='ltr'><strong>(Dei</strong></span> <span class='ocrx_word' id='word_1_169' title='bbox 2150 818 2423 890; x_wconf 78' lang='lat' dir='ltr'><strong>Verbum)</strong></span> <span class='ocrx_word' id='word_1_170' title='bbox 2465 819 2738 874; x_wconf 91' lang='lat' dir='ltr'><strong>hominem</strong></span> <span class='ocrx_word' id='word_1_171' title='bbox 2767 833 2887 874; x_wconf 83' lang='lat' dir='ltr'><strong>esse</strong></span> <span class='ocrx_word' id='word_1_172' title='bbox 2911 819 3136 883; x_wconf 85' lang='lat' dir='ltr'><strong>factum,</strong></span> <span class='ocrx_word' id='word_1_173' title='bbox 3164 831 3263 871; x_wconf 88' lang='lat' dir='ltr'><strong>nec</strong></span> <span class='ocrx_word' id='word_1_174' title='bbox 3285 820 3357 872; x_wconf 91' lang='lat' dir='ltr'><strong>ob</strong></span> 
     </span>
    </p>
   </div>
   <div class='ocr_carea' id='block_1_23' title="bbox 1783 907 3357 980">
    <p class='ocr_par' dir='ltr' id='par_1_23' title="bbox 1783 907 3357 980">
     <span class='ocr_line' id='line_1_23' title="bbox 1783 907 3357 980; baseline -0.001 -17"><span class='ocrx_word' id='word_1_175' title='bbox 1783 909 1835 965; x_wconf 88' lang='lat' dir='ltr'><strong>id</strong></span> <span class='ocrx_word' id='word_1_176' title='bbox 1868 917 2048 964; x_wconf 88' lang='lat' dir='ltr'><strong>tamen</strong></span> <span class='ocrx_word' id='word_1_177' title='bbox 2072 923 2286 964; x_wconf 86' lang='lat' dir='ltr'><strong>versum</strong></span> <span class='ocrx_word' id='word_1_178' title='bbox 2312 910 2364 963; x_wconf 92' lang='lat' dir='ltr'><strong>in</strong></span> <span class='ocrx_word' id='word_1_179' title='bbox 2397 910 2450 965; x_wconf 87' lang='lat' dir='ltr'><strong>id</strong></span> <span class='ocrx_word' id='word_1_180' title='bbox 2508 910 2650 980; x_wconf 88' lang='lat' dir='ltr'><strong>quod</strong></span> <span class='ocrx_word' id='word_1_181' title='bbox 2680 923 2785 963; x_wconf 90' lang='lat' dir='ltr'><strong>non</strong></span> <span class='ocrx_word' id='word_1_182' title='bbox 2839 916 2984 974; x_wconf 87' lang='lat' dir='ltr'><strong>erat,</strong></span> <span class='ocrx_word' id='word_1_183' title='bbox 3016 922 3125 964; x_wconf 92' lang='lat' dir='ltr'><strong>non</strong></span> <span class='ocrx_word' id='word_1_184' title='bbox 3154 907 3357 963; x_wconf 85' lang='lat' dir='ltr'><strong>altera-</strong></span> 
     </span>
    </p>
   </div>
   <div class='ocr_carea' id='block_1_24' title="bbox 1784 999 3359 1071">
    <p class='ocr_par' dir='ltr' id='par_1_24' title="bbox 1784 999 3359 1071">
     <span class='ocr_line' id='line_1_24' title="bbox 1784 999 3359 1071; baseline -0.001 -17"><span class='ocrx_word' id='word_1_185' title='bbox 1784 1001 2100 1056; x_wconf 89' lang='lat' dir='ltr'><strong>tum:idem</strong></span> <span class='ocrx_word' id='word_1_186' title='bbox 2152 1001 2296 1056; x_wconf 91' lang='lat' dir='ltr'><strong>enim</strong></span> <span class='ocrx_word' id='word_1_187' title='bbox 2345 1016 2562 1071; x_wconf 82' lang='lat' dir='ltr'><strong>semper</strong></span> <span class='ocrx_word' id='word_1_188' title='bbox 2596 1009 2701 1064; x_wconf 91' lang='lat' dir='ltr'><strong>est,</strong></span> <span class='ocrx_word' id='word_1_189' title='bbox 2759 1013 2933 1069; x_wconf 90' lang='lat' dir='ltr'><strong>neque</strong></span> <span class='ocrx_word' id='word_1_190' title='bbox 2981 999 3359 1055; x_wconf 81' lang='lat' dir='ltr'><strong>conversionis</strong></span> 
     </span>
    </p>
   </div>
   <div class='ocr_carea' id='block_1_25' title="bbox 1782 1091 3433 1161">
    <p class='ocr_par' dir='ltr' id='par_1_25' title="bbox 1782 1091 3433 1161">
     <span class='ocr_line' id='line_1_25' title="bbox 1782 1091 3433 1161; baseline -0.002 -15"><span class='ocrx_word' id='word_1_191' title='bbox 1782 1092 2249 1147; x_wconf 91' lang='lat' dir='ltr'><strong>obumbrationem</strong></span> <span class='ocrx_word' id='word_1_192' title='bbox 2280 1092 2387 1161; x_wconf 91' lang='lat' dir='ltr'><strong>pati</strong></span> <span class='ocrx_word' id='word_1_193' title='bbox 2415 1093 2646 1147; x_wconf 86' lang='lat' dir='ltr'><strong>sustinet</strong></span> <span class='ocrx_word' id='word_1_194' title='bbox 2680 1091 2744 1146; x_wconf 84' lang='lat'><strong>“.</strong></span> <span class='ocrx_word' id='word_1_195' title='bbox 2801 1091 2906 1146; x_wconf 89' lang='lat' dir='ltr'><strong>Sed</strong></span> <span class='ocrx_word' id='word_1_196' title='bbox 2961 1105 3139 1160; x_wconf 88' lang='lat' dir='ltr'><strong>neque</strong></span> <span class='ocrx_word' id='word_1_197' title='bbox 3189 1091 3353 1145; x_wconf 83' lang='lat' dir='ltr'><strong>ullam</strong></span> <span class='ocrx_word' id='word_1_198' title='bbox 3432 1096 3433 1099; x_wconf 77' lang='lat'>‘</span> 
     </span>
    </p>
   </div>
   <div class='ocr_carea' id='block_1_26' title="bbox 1783 1180 3344 1245">
    <p class='ocr_par' dir='ltr' id='par_1_26' title="bbox 1783 1180 3344 1245">
     <span class='ocr_line' id='line_1_26' title="bbox 1783 1180 3344 1245; baseline 0 -10"><span class='ocrx_word' id='word_1_199' title='bbox 1783 1180 2033 1237; x_wconf 70' lang='lat' dir='ltr'><strong>essentia:</strong></span> <span class='ocrx_word' id='word_1_200' title='bbox 2066 1180 2207 1236; x_wconf 89' lang='lat' dir='ltr'><strong>illius</strong></span> <span class='ocrx_word' id='word_1_201' title='bbox 2237 1196 2359 1235; x_wconf 92' lang='lat' dir='ltr'><strong>cum</strong></span> <span class='ocrx_word' id='word_1_202' title='bbox 2398 1197 2561 1236; x_wconf 89' lang='lat' dir='ltr'><strong>carne</strong></span> <span class='ocrx_word' id='word_1_203' title='bbox 2605 1181 3064 1245; x_wconf 88' lang='lat' dir='ltr'><strong>commistionem,</strong></span> <span class='ocrx_word' id='word_1_204' title='bbox 3099 1190 3192 1236; x_wconf 89' lang='lat' dir='ltr'><strong>aut</strong></span> <span class='ocrx_word' id='word_1_205' title='bbox 3220 1196 3344 1237; x_wconf 83' lang='lat' dir='ltr'><strong>corr-</strong></span> 
     </span>
    </p>
   </div>
   <div class='ocr_carea' id='block_1_27' title="bbox 1782 1272 3354 1335">
    <p class='ocr_par' dir='ltr' id='par_1_27' title="bbox 1782 1272 3354 1335">
     <span class='ocr_line' id='line_1_27' title="bbox 1782 1272 3354 1335; baseline 0.002 -9"><span class='ocrx_word' id='word_1_206' title='bbox 1782 1272 2071 1335; x_wconf 79' lang='lat' dir='ltr'><strong>fusionem,</strong></span> <span class='ocrx_word' id='word_1_207' title='bbox 2109 1281 2202 1327; x_wconf 91' lang='lat' dir='ltr'><strong>aut</strong></span> <span class='ocrx_word' id='word_1_208' title='bbox 2227 1274 2631 1328; x_wconf 87' lang='lat' dir='ltr'><strong>concretionem</strong></span> <span class='ocrx_word' id='word_1_209' title='bbox 2661 1273 2856 1328; x_wconf 89' lang='lat' dir='ltr'><strong>factam</strong></span> <span class='ocrx_word' id='word_1_210' title='bbox 2884 1287 3003 1327; x_wconf 89' lang='lat' dir='ltr'><strong>esse</strong></span> <span class='ocrx_word' id='word_1_211' title='bbox 3020 1273 3354 1329; x_wconf 84' lang='lat' dir='ltr'><strong>statuimus:</strong></span> 
     </span>
    </p>
   </div>
   <div class='ocr_carea' id='block_1_28' title="bbox 1782 1363 3336 1427">
    <p class='ocr_par' dir='ltr' id='par_1_28' title="bbox 1782 1363 3336 1427">
     <span class='ocr_line' id='line_1_28' title="bbox 1782 1363 3336 1427; baseline -0.001 -9"><span class='ocrx_word' id='word_1_212' title='bbox 1782 1366 2078 1420; x_wconf 88' lang='lat' dir='ltr'><strong>asserimus</strong></span> <span class='ocrx_word' id='word_1_213' title='bbox 2125 1372 2328 1427; x_wconf 89' lang='lat' dir='ltr'><strong>autem,</strong></span> <span class='ocrx_word' id='word_1_214' title='bbox 2394 1363 2625 1419; x_wconf 85' lang='lat' dir='ltr'><strong>Verbum</strong></span> <span class='ocrx_word' id='word_1_215' title='bbox 2676 1364 2826 1418; x_wconf 89' lang='lat' dir='ltr'><strong>carni</strong></span> <span class='ocrx_word' id='word_1_216' title='bbox 2875 1364 3055 1418; x_wconf 89' lang='lat' dir='ltr'><strong>anima</strong></span> <span class='ocrx_word' id='word_1_217' title='bbox 3104 1364 3336 1420; x_wconf 88' lang='lat' dir='ltr'><strong>rational</strong></span> 
     </span>
    </p>
   </div>
   <div class='ocr_carea' id='block_1_29' title="bbox 1782 1455 3339 1526">
    <p class='ocr_par' dir='ltr' id='par_1_29' title="bbox 1782 1455 3339 1526">
     <span class='ocr_line' id='line_1_29' title="bbox 1782 1455 3339 1526; baseline 0.001 -15"><span class='ocrx_word' id='word_1_218' title='bbox 1782 1456 2034 1526; x_wconf 82' lang='lat' dir='ltr'><strong>perfectae</strong></span> <span class='ocrx_word' id='word_1_219' title='bbox 2063 1468 2115 1511; x_wconf 86' lang='lat' dir='ltr'><strong>et</strong></span> <span class='ocrx_word' id='word_1_220' title='bbox 2152 1455 2479 1520; x_wconf 58' lang='lat' dir='ltr'><strong>informata,</strong></span> <span class='ocrx_word' id='word_1_221' title='bbox 2546 1458 2704 1510; x_wconf 87' lang='lat' dir='ltr'><strong>modo</strong></span> <span class='ocrx_word' id='word_1_222' title='bbox 2752 1471 2913 1525; x_wconf 89' lang='lat' dir='ltr'><strong>quem</strong></span> <span class='ocrx_word' id='word_1_223' title='bbox 2968 1457 3140 1526; x_wconf 83' lang='lat' dir='ltr'><strong>ipsum</strong></span> <span class='ocrx_word' id='word_1_224' title='bbox 3177 1458 3339 1513; x_wconf 79' lang='lat' dir='ltr'><strong>solun</strong></span> 
     </span>
    </p>
   </div>
   <div class='ocr_carea' id='block_1_30' title="bbox 1783 1548 3340 1618">
    <p class='ocr_par' dir='ltr' id='par_1_30' title="bbox 1783 1548 3340 1618">
     <span class='ocr_line' id='line_1_30' title="bbox 1783 1548 3340 1618; baseline 0.003 -17"><span class='ocrx_word' id='word_1_225' title='bbox 1783 1548 1931 1602; x_wconf 81' lang='lat' dir='ltr'><strong>novit</strong></span> <span class='ocrx_word' id='word_1_226' title='bbox 1968 1550 2208 1617; x_wconf 69' lang='lat' dir='ltr'><strong>(nostra:</strong></span> <span class='ocrx_word' id='word_1_227' title='bbox 2238 1548 2381 1602; x_wconf 92' lang='lat' dir='ltr'><strong>enim</strong></span> <span class='ocrx_word' id='word_1_228' title='bbox 2426 1548 2623 1602; x_wconf 88' lang='lat' dir='ltr'><strong>mentis</strong></span> <span class='ocrx_word' id='word_1_229' title='bbox 2678 1557 2895 1618; x_wconf 89' lang='lat' dir='ltr'><strong>captum</strong></span> <span class='ocrx_word' id='word_1_230' title='bbox 2931 1549 3048 1604; x_wconf 59' lang='lat' dir='ltr'><strong>haec</strong></span> <span class='ocrx_word' id='word_1_231' title='bbox 3079 1565 3165 1605; x_wconf 79' lang='lat' dir='ltr'><strong>res</strong></span> <span class='ocrx_word' id='word_1_232' title='bbox 3192 1565 3340 1606; x_wconf 74' lang='lat' dir='ltr'><strong>exce-</strong></span> 
     </span>
    </p>
   </div>
   <div class='ocr_carea' id='block_1_31' title="bbox 1782 1639 3361 1712">
    <p class='ocr_par' dir='ltr' id='par_1_31' title="bbox 1782 1639 3361 1712">
     <span class='ocr_line' id='line_1_31' title="bbox 1782 1639 3361 1712; baseline 0.004 -20"><span class='ocrx_word' id='word_1_233' title='bbox 1782 1640 1924 1708; x_wconf 89' lang='lat' dir='ltr'><strong>dit),</strong></span> <span class='ocrx_word' id='word_1_234' title='bbox 1966 1641 2177 1694; x_wconf 90' lang='lat' dir='ltr'><strong>unitum</strong></span> <span class='ocrx_word' id='word_1_235' title='bbox 2208 1656 2349 1694; x_wconf 85' lang='lat' dir='ltr'><strong>esse.</strong></span> <span class='ocrx_word' id='word_1_236' title='bbox 2382 1639 2579 1695; x_wconf 80' lang='lat' dir='ltr'><strong>Mansit</strong></span> <span class='ocrx_word' id='word_1_237' title='bbox 2628 1641 2809 1710; x_wconf 80' lang='lat' dir='ltr'><strong>itaque</strong></span> <span class='ocrx_word' id='word_1_238' title='bbox 2848 1641 2992 1697; x_wconf 84' lang='lat' dir='ltr'><strong>Deus</strong></span> <span class='ocrx_word' id='word_1_239' title='bbox 3024 1644 3187 1697; x_wconf 88' lang='lat' dir='ltr'><strong>etiam</strong></span> <span class='ocrx_word' id='word_1_240' title='bbox 3235 1650 3361 1712; x_wconf 76' lang='lat' dir='ltr'><strong>post</strong></span> 
     </span>
    </p>
   </div>
   <div class='ocr_carea' id='block_1_32' title="bbox 1783 1728 3358 1798">
    <p class='ocr_par' dir='ltr' id='par_1_32' title="bbox 1783 1728 3358 1798">
     <span class='ocr_line' id='line_1_32' title="bbox 1783 1728 3358 1798; baseline 0.003 -17"><span class='ocrx_word' id='word_1_241' title='bbox 1783 1730 2207 1798; x_wconf 87' lang='lat' dir='ltr'><strong>assumptionem</strong></span> <span class='ocrx_word' id='word_1_242' title='bbox 2270 1730 2703 1797; x_wconf 85' lang='lat' dir='ltr'><strong>carnis;cstque</strong></span> <span class='ocrx_word' id='word_1_243' title='bbox 2734 1745 2874 1785; x_wconf 90' lang='lat' dir='ltr'><strong>unus</strong></span> <span class='ocrx_word' id='word_1_244' title='bbox 2928 1728 3021 1785; x_wconf 90' lang='lat' dir='ltr'><strong>Dei</strong></span> <span class='ocrx_word' id='word_1_245' title='bbox 3073 1741 3128 1786; x_wconf 90' lang='lat' dir='ltr'><strong>et</strong></span> <span class='ocrx_word' id='word_1_246' title='bbox 3176 1729 3358 1786; x_wconf 79' lang='lat' dir='ltr'><strong>Patris</strong></span> 
     </span>
    </p>
   </div>
   <div class='ocr_carea' id='block_1_33' title="bbox 86 1818 1677 1903">
    <p class='ocr_par' dir='ltr' id='par_1_33' title="bbox 86 1828 1677 1903">
     <span class='ocr_line' id='line_1_33' title="bbox 86 1828 1677 1903; baseline 0.004 -24"><span class='ocrx_word' id='word_1_247' title='bbox 86 1828 166 1887; x_wconf 77' lang='grc' dir='ltr'><strong>τὸς</strong></span> <span class='ocrx_word' id='word_1_248' title='bbox 197 1830 297 1880; x_wconf 71' lang='grc' dir='ltr'><strong>καὶ</strong></span> <span class='ocrx_word' id='word_1_249' title='bbox 327 1830 447 1899; x_wconf 85' lang='grc' dir='ltr'><strong>πρὸ</strong></span> <span class='ocrx_word' id='word_1_250' title='bbox 478 1832 684 1895; x_wconf 74' lang='grc' dir='ltr'>παντὸς</span> <span class='ocrx_word' id='word_1_251' title='bbox 710 1833 927 1895; x_wconf 73' lang='grc' dir='ltr'>αἰῶνος,</span> <span class='ocrx_word' id='word_1_252' title='bbox 962 1833 1056 1884; x_wconf 75' lang='grc' dir='ltr'><strong>καὶ</strong></span> <span class='ocrx_word' id='word_1_253' title='bbox 1086 1833 1299 1903; x_wconf 87' lang='grc' dir='ltr'>χρόνου,</span> <span class='ocrx_word' id='word_1_254' title='bbox 1323 1832 1457 1885; x_wconf 84' lang='grc' dir='ltr'>καθὸ</span> <span class='ocrx_word' id='word_1_255' title='bbox 1484 1836 1677 1887; x_wconf 84' lang='grc' dir='ltr'>νοεῖται</span> 
     </span>
    </p>
   </div>
   <div class='ocr_carea' id='block_1_34' title="bbox 1779 1818 3356 1903">
    <p class='ocr_par' dir='ltr' id='par_1_34' title="bbox 1785 1818 3356 1884">
     <span class='ocr_line' id='line_1_34' title="bbox 1785 1818 3356 1884; baseline 0.001 -10"><span class='ocrx_word' id='word_1_256' title='bbox 1785 1820 1952 1875; x_wconf 88' lang='lat' dir='ltr'><strong>Filius</strong></span> <span class='ocrx_word' id='word_1_257' title='bbox 1980 1820 2238 1875; x_wconf 88' lang='lat' dir='ltr'><strong>Dominus</strong></span> <span class='ocrx_word' id='word_1_258' title='bbox 2266 1828 2453 1874; x_wconf 91' lang='lat' dir='ltr'><strong>noster</strong></span> <span class='ocrx_word' id='word_1_259' title='bbox 2472 1818 2632 1875; x_wconf 89' lang='lat' dir='ltr'><strong>Jesus</strong></span> <span class='ocrx_word' id='word_1_260' title='bbox 2670 1819 2937 1884; x_wconf 89' lang='lat' dir='ltr'><strong>Christus,</strong></span> <span class='ocrx_word' id='word_1_261' title='bbox 2975 1822 3118 1876; x_wconf 91' lang='lat' dir='ltr'><strong>idem</strong></span> <span class='ocrx_word' id='word_1_262' title='bbox 3146 1832 3202 1876; x_wconf 91' lang='lat' dir='ltr'><strong>et</strong></span> <span class='ocrx_word' id='word_1_263' title='bbox 3230 1832 3356 1876; x_wconf 83' lang='lat' dir='ltr'><strong>ante</strong></span> 
     </span>
    </p>
   </div>
   <div class='ocr_carea' id='block_1_35' title="bbox 85 1918 1686 1993">
    <p class='ocr_par' dir='ltr' id='par_1_35' title="bbox 85 1918 1686 1993">
     <span class='ocr_line' id='line_1_35' title="bbox 85 1918 1686 1993; baseline 0.007 -25"><span class='ocrx_word' id='word_1_264' title='bbox 85 1918 271 1983; x_wconf 79' lang='grc' dir='ltr'>Λόγος,</span> <span class='ocrx_word' id='word_1_265' title='bbox 312 1920 418 1972; x_wconf 73' lang='grc' dir='ltr'><strong>καὶ</strong></span> <span class='ocrx_word' id='word_1_266' title='bbox 451 1923 744 1993; x_wconf 80' lang='grc' dir='ltr'>χαρακτὴρ</span> <span class='ocrx_word' id='word_1_267' title='bbox 774 1922 874 1991; x_wconf 86' lang='grc' dir='ltr'>τῆς</span> <span class='ocrx_word' id='word_1_268' title='bbox 907 1923 1259 1986; x_wconf 80' lang='grc' dir='ltr'>ὑποστάσεως</span> <span class='ocrx_word' id='word_1_269' title='bbox 1292 1923 1477 1989; x_wconf 87' lang='grc' dir='ltr'>αὑτοῦ,</span> <span class='ocrx_word' id='word_1_270' title='bbox 1511 1926 1603 1979; x_wconf 75' lang='grc' dir='ltr'>καὶ</span> <span class='ocrx_word' id='word_1_271' title='bbox 1629 1928 1686 1980; x_wconf 82' lang='grc' dir='ltr'>ὲν</span> 
     </span>
    </p>
   </div>
   <div class='ocr_carea' id='block_1_36' title="bbox 86 2012 1687 2088">
    <p class='ocr_par' dir='ltr' id='par_1_36' title="bbox 86 2012 1687 2088">
     <span class='ocr_line' id='line_1_36' title="bbox 86 2012 1687 2088; baseline 0.006 -27"><span class='ocrx_word' id='word_1_272' title='bbox 86 2012 335 2079; x_wconf 77' lang='grc' dir='ltr'>ἐσχάτοις</span> <span class='ocrx_word' id='word_1_273' title='bbox 385 2016 608 2080; x_wconf 81' lang='grc' dir='ltr'>καιροῖς</span> <span class='ocrx_word' id='word_1_274' title='bbox 658 2016 1018 2085; x_wconf 73' lang='grc' dir='ltr'>οἰκονομικῶς</span> <span class='ocrx_word' id='word_1_275' title='bbox 1078 2017 1362 2087; x_wconf 80' lang='grc' dir='ltr'>ἄνθρωπος</span> <span class='ocrx_word' id='word_1_276' title='bbox 1414 2016 1481 2069; x_wconf 86' lang='grc' dir='ltr'><strong>δι’</strong></span> <span class='ocrx_word' id='word_1_277' title='bbox 1540 2018 1687 2088; x_wconf 78' lang='grc' dir='ltr'>ἡμᾶς</span> 
     </span>
    </p>
   </div>
   <div class='ocr_carea' id='block_1_37' title="bbox 86 2102 1685 2179">
    <p class='ocr_par' dir='ltr' id='par_1_37' title="bbox 86 2102 1685 2179">
     <span class='ocr_line' id='line_1_37' title="bbox 86 2102 1685 2179; baseline 0.008 -28"><span class='ocrx_word' id='word_1_278' title='bbox 86 2102 344 2168; x_wconf 78' lang='grc' dir='ltr'>γεγονὼς.</span> <span class='ocrx_word' id='word_1_279' title='bbox 396 2104 623 2174; x_wconf 82' lang='grc' dir='ltr'>Ἐπειδὴ</span> <span class='ocrx_word' id='word_1_280' title='bbox 641 2106 698 2159; x_wconf 78' lang='grc' dir='ltr'><strong>δὲ</strong></span> <span class='ocrx_word' id='word_1_281' title='bbox 726 2106 1013 2177; x_wconf 88' lang='grc' dir='ltr'>ἀναιροῦσί</span> <span class='ocrx_word' id='word_1_282' title='bbox 1034 2125 1178 2170; x_wconf 83' lang='grc' dir='ltr'>τινες</span> <span class='ocrx_word' id='word_1_283' title='bbox 1212 2107 1308 2177; x_wconf 78' lang='grc' dir='ltr'>τὴν</span> <span class='ocrx_word' id='word_1_284' title='bbox 1340 2107 1481 2161; x_wconf 85' lang='grc' dir='ltr'><strong>κατά</strong></span> <span class='ocrx_word' id='word_1_285' title='bbox 1506 2109 1685 2179; x_wconf 85' lang='grc' dir='ltr'>σάρκα</span> 
     </span>
    </p>
   </div>
   <div class='ocr_carea' id='block_1_38' title="bbox 87 2192 1687 2267">
    <p class='ocr_par' dir='ltr' id='par_1_38' title="bbox 87 2192 1687 2267">
     <span class='ocr_line' id='line_1_38' title="bbox 87 2192 1687 2267; baseline 0.004 -24"><span class='ocrx_word' id='word_1_286' title='bbox 87 2192 337 2264; x_wconf 70' lang='grc' dir='ltr'>γέννησιν</span> <span class='ocrx_word' id='word_1_287' title='bbox 379 2194 573 2259; x_wconf 87' lang='grc' dir='ltr'>αὑτοῦ,</span> <span class='ocrx_word' id='word_1_288' title='bbox 610 2196 710 2265; x_wconf 78' lang='grc' dir='ltr'><strong>τὴν</strong></span> <span class='ocrx_word' id='word_1_289' title='bbox 749 2198 817 2249; x_wconf 80' lang='grc' dir='ltr'>ἑκ</span> <span class='ocrx_word' id='word_1_290' title='bbox 854 2198 953 2267; x_wconf 83' lang='grc' dir='ltr'>τῆς</span> <span class='ocrx_word' id='word_1_291' title='bbox 996 2197 1157 2265; x_wconf 82' lang='grc' dir='ltr'>ἁγίας</span> <span class='ocrx_word' id='word_1_292' title='bbox 1202 2198 1480 2267; x_wconf 82' lang='grc' dir='ltr'>Παρθένου</span> <span class='ocrx_word' id='word_1_293' title='bbox 1527 2214 1687 2266; x_wconf 84' lang='grc' dir='ltr'>γεγε-</span> 
     </span>
    </p>
   </div>
   <div class='ocr_carea' id='block_1_39' title="bbox 87 2283 1682 2358">
    <p class='ocr_par' dir='ltr' id='par_1_39' title="bbox 87 2283 1682 2358">
     <span class='ocr_line' id='line_1_39' title="bbox 87 2283 1682 2358; baseline 0.004 -25"><span class='ocrx_word' id='word_1_294' title='bbox 87 2283 323 2352; x_wconf 72' lang='grc' dir='ltr'>νημένην</span> <span class='ocrx_word' id='word_1_295' title='bbox 359 2285 460 2337; x_wconf 75' lang='grc' dir='ltr'><strong>ἐπὶ</strong></span> <span class='ocrx_word' id='word_1_296' title='bbox 494 2287 745 2358; x_wconf 81' lang='grc' dir='ltr'>σωτηρίᾳ</span> <span class='ocrx_word' id='word_1_297' title='bbox 776 2287 887 2341; x_wconf 83' lang='grc' dir='ltr'><strong>τῶν</strong></span> <span class='ocrx_word' id='word_1_298' title='bbox 931 2288 1089 2349; x_wconf 80' lang='grc' dir='ltr'>ὅλων,</span> <span class='ocrx_word' id='word_1_299' title='bbox 1122 2290 1219 2340; x_wconf 87' lang='grc' dir='ltr'><strong>οὑκ</strong></span> <span class='ocrx_word' id='word_1_300' title='bbox 1257 2290 1336 2351; x_wconf 85' lang='grc' dir='ltr'><strong>είς</strong></span> <span class='ocrx_word' id='word_1_301' title='bbox 1382 2288 1557 2358; x_wconf 86' lang='grc' dir='ltr'>ἀρχὴν</span> <span class='ocrx_word' id='word_1_302' title='bbox 1586 2288 1682 2342; x_wconf 89' lang='grc' dir='ltr'><strong>τοῦ</strong></span> 
     </span>
    </p>
   </div>
   <div class='ocr_carea' id='block_1_40' title="bbox 87 2367 1684 2447">
    <p class='ocr_par' dir='ltr' id='par_1_40' title="bbox 87 2367 1684 2447">
     <span class='ocr_line' id='line_1_40' title="bbox 87 2367 1684 2447; baseline 0.005 -25"><span class='ocrx_word' id='word_1_303' title='bbox 87 2367 217 2423; x_wconf 78' lang='grc' dir='ltr'>εἶναι</span> <span class='ocrx_word' id='word_1_304' title='bbox 252 2372 541 2425; x_wconf 76' lang='grc' dir='ltr'>καλοῦσαν</span> <span class='ocrx_word' id='word_1_305' title='bbox 572 2376 760 2441; x_wconf 87' lang='grc' dir='ltr'>αὐτὸν,</span> <span class='ocrx_word' id='word_1_306' title='bbox 792 2377 908 2431; x_wconf 87' lang='grc' dir='ltr'>ἀλλ’</span> <span class='ocrx_word' id='word_1_307' title='bbox 939 2378 1025 2430; x_wconf 82' lang='grc' dir='ltr'>ἵνα</span> <span class='ocrx_word' id='word_1_308' title='bbox 1069 2378 1215 2445; x_wconf 79' lang='grc' dir='ltr'>ἡμᾶς</span> <span class='ocrx_word' id='word_1_309' title='bbox 1260 2376 1544 2447; x_wconf 79' lang='grc' dir='ltr'>ἀπαλλάξῃ</span> <span class='ocrx_word' id='word_1_310' title='bbox 1590 2377 1684 2430; x_wconf 88' lang='grc' dir='ltr'>θα-</span> 
     </span>
    </p>
   </div>
   <div class='ocr_carea' id='block_1_41' title="bbox 87 2464 1683 2538">
    <p class='ocr_par' dir='ltr' id='par_1_41' title="bbox 87 2464 1683 2538">
     <span class='ocr_line' id='line_1_41' title="bbox 87 2464 1683 2538; baseline 0.004 -25"><span class='ocrx_word' id='word_1_311' title='bbox 87 2464 260 2531; x_wconf 76' lang='grc' dir='ltr'>νάτου,</span> <span class='ocrx_word' id='word_1_312' title='bbox 324 2464 431 2517; x_wconf 76' lang='grc' dir='ltr'>καὶ</span> <span class='ocrx_word' id='word_1_313' title='bbox 489 2464 722 2537; x_wconf 77' lang='grc' dir='ltr'>φθορᾶς,</span> <span class='ocrx_word' id='word_1_314' title='bbox 780 2465 1023 2535; x_wconf 84' lang='grc' dir='ltr'>γεγονὼς</span> <span class='ocrx_word' id='word_1_315' title='bbox 1075 2465 1197 2520; x_wconf 82' lang='grc' dir='ltr'>καθ’</span> <span class='ocrx_word' id='word_1_316' title='bbox 1255 2468 1401 2537; x_wconf 80' lang='grc' dir='ltr'>ἡμᾶς</span> <span class='ocrx_word' id='word_1_317' title='bbox 1437 2466 1683 2538; x_wconf 84' lang='grc' dir='ltr'>,ταύτης</span> 
     </span>
    </p>
   </div>
   <div class='ocr_carea' id='block_1_42' title="bbox 84 2556 1683 2629">
    <p class='ocr_par' dir='ltr' id='par_1_42' title="bbox 84 2556 1683 2629">
     <span class='ocr_line' id='line_1_42' title="bbox 84 2556 1683 2629; baseline 0.004 -21"><span class='ocrx_word' id='word_1_318' title='bbox 84 2556 239 2610; x_wconf 77' lang='grc' dir='ltr'>ἕνεκα</span> <span class='ocrx_word' id='word_1_319' title='bbox 275 2558 380 2628; x_wconf 85' lang='grc' dir='ltr'>τῆς</span> <span class='ocrx_word' id='word_1_320' title='bbox 408 2558 596 2621; x_wconf 84' lang='grc' dir='ltr'>αξτίας</span> <span class='ocrx_word' id='word_1_321' title='bbox 628 2561 656 2611; x_wconf 87' lang='grc' dir='ltr'>ὁ</span> <span class='ocrx_word' id='word_1_322' title='bbox 687 2558 905 2628; x_wconf 83' lang='grc' dir='ltr'>πρῶτος</span> <span class='ocrx_word' id='word_1_323' title='bbox 932 2559 1065 2629; x_wconf 78' lang='grc' dir='ltr'>ἡμῖν</span> <span class='ocrx_word' id='word_1_324' title='bbox 1112 2558 1553 2629; x_wconf 83' lang='grc' dir='ltr'>άναθεματισμὸς</span> <span class='ocrx_word' id='word_1_325' title='bbox 1580 2578 1683 2616; x_wconf 88' lang='grc' dir='ltr'>κα-</span> 
     </span>
    </p>
   </div>
   <div class='ocr_carea' id='block_1_43' title="bbox 85 2649 1683 2725">
    <p class='ocr_par' dir='ltr' id='par_1_43' title="bbox 85 2649 1683 2725">
     <span class='ocr_line' id='line_1_43' title="bbox 85 2649 1683 2725; baseline 0.004 -25"><span class='ocrx_word' id='word_1_326' title='bbox 85 2650 398 2720; x_wconf 81' lang='grc' dir='ltr'>τακέκραγε</span> <span class='ocrx_word' id='word_1_327' title='bbox 448 2650 553 2720; x_wconf 83' lang='grc' dir='ltr'><strong>μὲν</strong></span> <span class='ocrx_word' id='word_1_328' title='bbox 584 2651 683 2720; x_wconf 83' lang='grc' dir='ltr'>τῆς</span> <span class='ocrx_word' id='word_1_329' title='bbox 720 2649 947 2703; x_wconf 81' lang='grc' dir='ltr'>ἐκείνων</span> <span class='ocrx_word' id='word_1_330' title='bbox 982 2653 1368 2719; x_wconf 82' lang='grc' dir='ltr'>κακοπιστίας,</span> <span class='ocrx_word' id='word_1_331' title='bbox 1403 2653 1463 2705; x_wconf 88' lang='grc' dir='ltr'><strong>τὸ</strong></span> <span class='ocrx_word' id='word_1_332' title='bbox 1505 2653 1562 2706; x_wconf 83' lang='grc' dir='ltr'><strong>δὲ</strong></span> <span class='ocrx_word' id='word_1_333' title='bbox 1591 2654 1683 2725; x_wconf 84' lang='grc' dir='ltr'><strong>ὀρ-</strong></span> 
     </span>
    </p>
   </div>
   <div class='ocr_carea' id='block_1_44' title="bbox 87 2735 1682 2815">
    <p class='ocr_par' dir='ltr' id='par_1_44' title="bbox 87 2735 1682 2815">
     <span class='ocr_line' id='line_1_44' title="bbox 87 2735 1682 2815; baseline 0.003 -24"><span class='ocrx_word' id='word_1_334' title='bbox 87 2740 183 2803; x_wconf 70' lang='grc' dir='ltr'>θῶς</span> <span class='ocrx_word' id='word_1_335' title='bbox 216 2742 345 2809; x_wconf 75' lang='grc' dir='ltr'>ἔχον</span> <span class='ocrx_word' id='word_1_336' title='bbox 384 2740 667 2809; x_wconf 79' lang='grc' dir='ltr'>ὁμολογεῖ,</span> <span class='ocrx_word' id='word_1_337' title='bbox 700 2740 832 2794; x_wconf 90' lang='grc' dir='ltr'>Θεὸν</span> <span class='ocrx_word' id='word_1_338' title='bbox 861 2735 1002 2795; x_wconf 74' lang='grc' dir='ltr'>εἶναι</span> <span class='ocrx_word' id='word_1_339' title='bbox 1035 2742 1210 2811; x_wconf 83' lang='grc' dir='ltr'>λέγων</span> <span class='ocrx_word' id='word_1_340' title='bbox 1234 2742 1375 2796; x_wconf 90' lang='grc' dir='ltr'><strong>κατά</strong></span> <span class='ocrx_word' id='word_1_341' title='bbox 1420 2743 1682 2815; x_wconf 82' lang='grc' dir='ltr'>ἀλήθειαν</span> 
     </span>
    </p>
   </div>
   <div class='ocr_carea' id='block_1_45' title="bbox 84 2831 1681 2905">
    <p class='ocr_par' dir='ltr' id='par_1_45' title="bbox 84 2831 1681 2905">
     <span class='ocr_line' id='line_1_45' title="bbox 84 2831 1681 2905; baseline 0.005 -23"><span class='ocrx_word' id='word_1_342' title='bbox 84 2832 164 2882; x_wconf 80' lang='grc' dir='ltr'><strong>τὸν</strong></span> <span class='ocrx_word' id='word_1_343' title='bbox 198 2831 603 2902; x_wconf 84' lang='grc' dir='ltr'>Ἐμμανουήλ·</span> <span class='ocrx_word' id='word_1_344' title='bbox 638 2833 733 2886; x_wconf 75' lang='grc' dir='ltr'><strong>καὶ</strong></span> <span class='ocrx_word' id='word_1_345' title='bbox 766 2831 855 2887; x_wconf 81' lang='grc' dir='ltr'><strong>διὰ</strong></span> <span class='ocrx_word' id='word_1_346' title='bbox 886 2832 1046 2886; x_wconf 89' lang='grc' dir='ltr'>τοῦτο</span> <span class='ocrx_word' id='word_1_347' title='bbox 1074 2833 1336 2887; x_wconf 90' lang='grc' dir='ltr'>Θεοτόκον</span> <span class='ocrx_word' id='word_1_348' title='bbox 1368 2836 1469 2905; x_wconf 83' lang='grc' dir='ltr'>τὴν</span> <span class='ocrx_word' id='word_1_349' title='bbox 1519 2835 1681 2905; x_wconf 80' lang='grc' dir='ltr'>ἁγίαν</span> 
     </span>
    </p>
   </div>
   <div class='ocr_carea' id='block_1_46' title="bbox 88 2922 383 2993">
    <p class='ocr_par' dir='ltr' id='par_1_46' title="bbox 88 2922 383 2993">
     <span class='ocr_line' id='line_1_46' title="bbox 88 2922 383 2993; baseline 0.017 -20"><span class='ocrx_word' id='word_1_350' title='bbox 88 2922 383 2993; x_wconf 80' lang='grc' dir='ltr'>Παρθένον.</span> 
     </span>
    </p>
   </div>
   <div class='ocr_carea' id='block_1_47' title="bbox 532 3139 1236 3195">
    <p class='ocr_par' dir='ltr' id='par_1_47' title="bbox 532 3139 1236 3195">
     <span class='ocr_line' id='line_1_47' title="bbox 532 3139 1236 3195; baseline 0.003 -3"><span class='ocrx_word' id='word_1_351' title='bbox 532 3139 1123 3194; x_wconf 78' lang='grc' dir='ltr'><strong>ΑΝΑΘΕΜΑΤΙΣΜΟΣ</strong></span> <span class='ocrx_word' id='word_1_352' title='bbox 1162 3143 1236 3195; x_wconf 87' lang='lat' dir='ltr'><strong>B’.</strong></span> 
     </span>
    </p>
   </div>
   <div class='ocr_carea' id='block_1_48' title="bbox 148 3271 1677 3343">
    <p class='ocr_par' dir='ltr' id='par_1_48' title="bbox 148 3271 1677 3343">
     <span class='ocr_line' id='line_1_48' title="bbox 148 3271 1677 3343; baseline 0.001 -16"><span class='ocrx_word' id='word_1_353' title='bbox 148 3274 214 3327; x_wconf 77' lang='grc' dir='ltr'><strong>Εἴ</strong></span> <span class='ocrx_word' id='word_1_354' title='bbox 230 3291 318 3337; x_wconf 84' lang='grc' dir='ltr'><strong>τις</strong></span> <span class='ocrx_word' id='word_1_355' title='bbox 348 3272 458 3341; x_wconf 85' lang='grc' dir='ltr'><strong>οὐχ</strong></span> <span class='ocrx_word' id='word_1_356' title='bbox 484 3272 743 3341; x_wconf 78' lang='grc' dir='ltr'>ὁμολογεῖ</span> <span class='ocrx_word' id='word_1_357' title='bbox 769 3272 936 3341; x_wconf 81' lang='grc' dir='ltr'>σαρκὶ</span> <span class='ocrx_word' id='word_1_358' title='bbox 966 3271 1087 3325; x_wconf 78' lang='grc' dir='ltr'>καθ’</span> <span class='ocrx_word' id='word_1_359' title='bbox 1108 3273 1407 3326; x_wconf 82' lang='grc' dir='ltr'>ὑπόστασιν</span> <span class='ocrx_word' id='word_1_360' title='bbox 1438 3274 1677 3343; x_wconf 73' lang='grc' dir='ltr'>ἡνῶσθαι</span> 
     </span>
    </p>
   </div>
   <div class='ocr_carea' id='block_1_49' title="bbox 86 3360 1679 3436">
    <p class='ocr_par' dir='ltr' id='par_1_49' title="bbox 86 3360 1679 3436">
     <span class='ocr_line' id='line_1_49' title="bbox 86 3360 1679 3436; baseline -0.001 -17"><span class='ocrx_word' id='word_1_361' title='bbox 86 3369 163 3419; x_wconf 65' lang='grc' dir='ltr'><strong>τὸν</strong></span> <span class='ocrx_word' id='word_1_362' title='bbox 207 3368 276 3419; x_wconf 78' lang='grc' dir='ltr'>ἐκ</span> <span class='ocrx_word' id='word_1_363' title='bbox 327 3362 476 3417; x_wconf 87' lang='grc' dir='ltr'>Θεοῦ</span> <span class='ocrx_word' id='word_1_364' title='bbox 530 3361 747 3434; x_wconf 84' lang='grc' dir='ltr'>Πατρὸς</span> <span class='ocrx_word' id='word_1_365' title='bbox 778 3362 972 3431; x_wconf 88' lang='grc' dir='ltr'>Λόγον,</span> <span class='ocrx_word' id='word_1_366' title='bbox 1005 3362 1103 3417; x_wconf 70' lang='grc' dir='ltr'>ἕνα</span> <span class='ocrx_word' id='word_1_367' title='bbox 1148 3380 1208 3417; x_wconf 87' lang='grc' dir='ltr'><strong>τε</strong></span> <span class='ocrx_word' id='word_1_368' title='bbox 1258 3360 1398 3417; x_wconf 81' lang='grc' dir='ltr'>εῖναι</span> <span class='ocrx_word' id='word_1_369' title='bbox 1447 3365 1679 3436; x_wconf 87' lang='grc' dir='ltr'>Χριστὸν</span> 
     </span>
    </p>
   </div>
   <div class='ocr_carea' id='block_1_50' title="bbox 89 3453 1678 3525">
    <p class='ocr_par' dir='ltr' id='par_1_50' title="bbox 89 3453 1678 3525">
     <span class='ocr_line' id='line_1_50' title="bbox 89 3453 1678 3525; baseline 0.001 -15"><span class='ocrx_word' id='word_1_370' title='bbox 89 3458 216 3525; x_wconf 78' lang='grc' dir='ltr'><strong>μετά</strong></span> <span class='ocrx_word' id='word_1_371' title='bbox 262 3455 373 3525; x_wconf 80' lang='grc' dir='ltr'>τῆς</span> <span class='ocrx_word' id='word_1_372' title='bbox 421 3453 558 3518; x_wconf 76' lang='grc' dir='ltr'>ιδίας</span> <span class='ocrx_word' id='word_1_373' title='bbox 595 3453 820 3525; x_wconf 87' lang='grc' dir='ltr'>σαρκὸς,</span> <span class='ocrx_word' id='word_1_374' title='bbox 851 3454 942 3507; x_wconf 86' lang='grc' dir='ltr'><strong>τὸν</strong></span> <span class='ocrx_word' id='word_1_375' title='bbox 985 3454 1148 3509; x_wconf 84' lang='grc' dir='ltr'>αὑτὸν</span> <span class='ocrx_word' id='word_1_376' title='bbox 1184 3454 1427 3525; x_wconf 87' lang='grc' dir='ltr'>δηλονότι</span> <span class='ocrx_word' id='word_1_377' title='bbox 1458 3456 1592 3512; x_wconf 88' lang='grc' dir='ltr'>Θεόν</span> <span class='ocrx_word' id='word_1_378' title='bbox 1616 3474 1678 3511; x_wconf 87' lang='grc' dir='ltr'><strong>τε</strong></span> 
     </span>
    </p>
   </div>
   <div class='ocr_carea' id='block_1_51' title="bbox 84 3545 1217 3618">
    <p class='ocr_par' dir='ltr' id='par_1_51' title="bbox 84 3545 1217 3618">
     <span class='ocr_line' id='line_1_51' title="bbox 84 3545 1217 3618; baseline -0.001 -15"><span class='ocrx_word' id='word_1_379' title='bbox 84 3550 229 3613; x_wconf 61' lang='lat' dir='ltr'><strong>mea,</strong></span> <span class='ocrx_word' id='word_1_380' title='bbox 280 3548 385 3603; x_wconf 76' lang='grc' dir='ltr'>καὶ</span> <span class='ocrx_word' id='word_1_381' title='bbox 425 3546 741 3618; x_wconf 75' lang='grc' dir='ltr'>ἀνθρωπονο</span> <span class='ocrx_word' id='word_1_382' title='bbox 779 3545 1028 3617; x_wconf 82' lang='grc' dir='ltr'>ἀνάθεμα</span> <span class='ocrx_word' id='word_1_383' title='bbox 1057 3546 1217 3603; x_wconf 76' lang='grc' dir='ltr'>ἔστω.</span> 
     </span>
    </p>
   </div>
   <div class='ocr_carea' id='block_1_52' title="bbox 677 3657 1117 3724">
    <p class='ocr_par' dir='ltr' id='par_1_52' title="bbox 677 3657 1117 3724">
     <span class='ocr_line' id='line_1_52' title="bbox 677 3657 1117 3724; baseline 0 -13"><span class='ocrx_word' id='word_1_384' title='bbox 677 3657 989 3724; x_wconf 76' lang='grc' dir='ltr'>Ἐπίλυσις</span> <span class='ocrx_word' id='word_1_385' title='bbox 1033 3658 1117 3721; x_wconf 81' lang='grc' dir='ltr'><strong>β’.</strong></span> 
     </span>
    </p>
   </div>
   <div class='ocr_carea' id='block_1_53' title="bbox 154 3768 1677 3842">
    <p class='ocr_par' dir='ltr' id='par_1_53' title="bbox 154 3768 1677 3842">
     <span class='ocr_line' id='line_1_53' title="bbox 154 3768 1677 3842; baseline -0.009 -9"><span class='ocrx_word' id='word_1_386' title='bbox 154 3780 213 3832; x_wconf 86' lang='lat'><strong>&#39;0</strong></span> <span class='ocrx_word' id='word_1_387' title='bbox 268 3774 577 3835; x_wconf 71' lang='grc' dir='ltr'>θεσπέσιος</span> <span class='ocrx_word' id='word_1_388' title='bbox 624 3771 829 3842; x_wconf 82' lang='grc' dir='ltr'>γράφει</span> <span class='ocrx_word' id='word_1_389' title='bbox 866 3768 1100 3832; x_wconf 86' lang='grc' dir='ltr'>Παῦλος,</span> <span class='ocrx_word' id='word_1_390' title='bbox 1146 3769 1175 3823; x_wconf 91' lang='lat'><strong>6</strong></span> <span class='ocrx_word' id='word_1_391' title='bbox 1217 3768 1326 3823; x_wconf 85' lang='grc' dir='ltr'>τῶν</span> <span class='ocrx_word' id='word_1_392' title='bbox 1376 3768 1535 3823; x_wconf 84' lang='grc' dir='ltr'>θείων</span> <span class='ocrx_word' id='word_1_393' title='bbox 1575 3787 1677 3840; x_wconf 85' lang='grc' dir='ltr'>μυ-</span> 
     </span>
    </p>
   </div>
   <div class='ocr_carea' id='block_1_54' title="bbox 86 3860 1675 3941">
    <p class='ocr_par' dir='ltr' id='par_1_54' title="bbox 86 3860 1675 3941">
     <span class='ocr_line' id='line_1_54' title="bbox 86 3860 1675 3941; baseline -0.008 -17"><span class='ocrx_word' id='word_1_394' title='bbox 86 3871 315 3941; x_wconf 71' lang='grc' dir='ltr'>στηρίων</span> <span class='ocrx_word' id='word_1_395' title='bbox 374 3864 703 3935; x_wconf 80' lang='grc' dir='ltr'>ίερουργὸς⁶</span> <span class='ocrx_word' id='word_1_396' title='bbox 759 3880 777 3913; x_wconf 81' lang='grc' dir='ltr'><strong>ι</strong></span> <span class='ocrx_word' id='word_1_397' title='bbox 843 3860 1319 3931; x_wconf 86' lang='grc' dir='ltr'>Ὁμολογουμένως</span> <span class='ocrx_word' id='word_1_398' title='bbox 1366 3860 1509 3930; x_wconf 85' lang='grc' dir='ltr'>μέγα</span> <span class='ocrx_word' id='word_1_399' title='bbox 1558 3860 1675 3913; x_wconf 78' lang='grc' dir='ltr'>ἐστὶ</span> 
     </span>
    </p>
   </div>
   <div class='ocr_carea' id='block_1_55' title="bbox 83 3952 1675 4034">
    <p class='ocr_par' dir='ltr' id='par_1_55' title="bbox 83 3952 1675 4034">
     <span class='ocr_line' id='line_1_55' title="bbox 83 3952 1675 4034; baseline -0.009 -17"><span class='ocrx_word' id='word_1_400' title='bbox 83 3967 130 4017; x_wconf 68' lang='grc' dir='ltr'><strong>τὸ</strong></span> <span class='ocrx_word' id='word_1_401' title='bbox 156 3968 258 4034; x_wconf 82' lang='grc' dir='ltr'>τῆς</span> <span class='ocrx_word' id='word_1_402' title='bbox 307 3959 608 4021; x_wconf 77' lang='grc' dir='ltr'>εὐσεϐείας</span> <span class='ocrx_word' id='word_1_403' title='bbox 653 3956 971 4029; x_wconf 60' lang='grc' dir='ltr'>μυστήριον</span> <span class='ocrx_word' id='word_1_404' title='bbox 1004 3954 1135 4017; x_wconf 87' lang='grc' dir='ltr'>Θεὸς</span> <span class='ocrx_word' id='word_1_405' title='bbox 1176 3955 1233 4006; x_wconf 82' lang='grc' dir='ltr'><strong>ὲν</strong></span> <span class='ocrx_word' id='word_1_406' title='bbox 1282 3952 1446 4022; x_wconf 76' lang='grc' dir='ltr'>σαρκὶ</span> <span class='ocrx_word' id='word_1_407' title='bbox 1480 3953 1675 4021; x_wconf 76' lang='grc' dir='ltr'>ἐφανε-</span> 
     </span>
    </p>
   </div>
   <div class='ocr_carea' id='block_1_56' title="bbox 85 4044 1669 4126">
    <p class='ocr_par' dir='ltr' id='par_1_56' title="bbox 85 4044 1669 4126">
     <span class='ocr_line' id='line_1_56' title="bbox 85 4044 1669 4126; baseline -0.009 -17"><span class='ocrx_word' id='word_1_408' title='bbox 85 4056 251 4126; x_wconf 65' lang='grc' dir='ltr'>μὶιθη·</span> <span class='ocrx_word' id='word_1_409' title='bbox 316 4049 625 4121; x_wconf 77' lang='grc' dir='ltr'>ἐδικαιώθη</span> <span class='ocrx_word' id='word_1_410' title='bbox 690 4050 749 4101; x_wconf 82' lang='grc' dir='ltr'>ὲν</span> <span class='ocrx_word' id='word_1_411' title='bbox 806 4046 1123 4117; x_wconf 84' lang='grc' dir='ltr'>πνεύματι·</span> <span class='ocrx_word' id='word_1_412' title='bbox 1175 4044 1331 4115; x_wconf 79' lang='grc' dir='ltr'>ὤφθη</span> <span class='ocrx_word' id='word_1_413' title='bbox 1382 4044 1669 4112; x_wconf 71' lang='grc' dir='ltr'>ἀγγέλοις*</span> 
     </span>
    </p>
   </div>
   <div class='ocr_carea' id='block_1_57' title="bbox 84 4134 1671 4217">
    <p class='ocr_par' dir='ltr' id='par_1_57' title="bbox 84 4134 1671 4217">
     <span class='ocr_line' id='line_1_57' title="bbox 84 4134 1671 4217; baseline -0.008 -19"><span class='ocrx_word' id='word_1_414' title='bbox 84 4144 358 4217; x_wconf 77' lang='grc' dir='ltr'>ἐκηρύχθη</span> <span class='ocrx_word' id='word_1_415' title='bbox 390 4142 609 4195; x_wconf 70' lang='grc' dir='ltr'>ἔθνεσιν</span> <span class='ocrx_word' id='word_1_416' title='bbox 632 4158 646 4172; x_wconf 88' lang='grc'><strong>·</strong></span> <span class='ocrx_word' id='word_1_417' title='bbox 676 4136 975 4207; x_wconf 79' lang='grc' dir='ltr'>ἐπιστεύθη</span> <span class='ocrx_word' id='word_1_418' title='bbox 1022 4138 1081 4189; x_wconf 86' lang='grc' dir='ltr'>ὲν</span> <span class='ocrx_word' id='word_1_419' title='bbox 1115 4136 1303 4205; x_wconf 82' lang='grc' dir='ltr'>κόσμῳ</span> <span class='ocrx_word' id='word_1_420' title='bbox 1328 4151 1342 4166; x_wconf 88' lang='grc'><strong>·</strong></span> <span class='ocrx_word' id='word_1_421' title='bbox 1395 4134 1671 4206; x_wconf 82' lang='grc' dir='ltr'>ἀνελήφθη</span> 
     </span>
    </p>
   </div>
   <div class='ocr_carea' id='block_1_58' title="bbox 84 4226 1663 4311">
    <p class='ocr_par' dir='ltr' id='par_1_58' title="bbox 84 4226 1663 4311">
     <span class='ocr_line' id='line_1_58' title="bbox 84 4226 1663 4311; baseline -0.009 -21"><span class='ocrx_word' id='word_1_422' title='bbox 84 4242 126 4290; x_wconf 65' lang='grc' dir='ltr'>ἐν</span> <span class='ocrx_word' id='word_1_423' title='bbox 148 4238 303 4311; x_wconf 74' lang='grc' dir='ltr'>δόξῃ.</span> <span class='ocrx_word' id='word_1_424' title='bbox 346 4256 364 4286; x_wconf 76' lang='grc' dir='ltr'><strong>ι</strong></span> <span class='ocrx_word' id='word_1_425' title='bbox 410 4234 479 4286; x_wconf 90' lang='grc' dir='ltr'>Τί</span> <span class='ocrx_word' id='word_1_426' title='bbox 505 4228 599 4286; x_wconf 78' lang='grc' dir='ltr'><strong>οὖν</strong></span> <span class='ocrx_word' id='word_1_427' title='bbox 632 4233 748 4284; x_wconf 76' lang='grc' dir='ltr'>ἐστι</span> <span class='ocrx_word' id='word_1_428' title='bbox 773 4230 852 4293; x_wconf 89' lang='grc' dir='ltr'><strong>τὸ,</strong></span> <span class='ocrx_word' id='word_1_429' title='bbox 892 4247 909 4277; x_wconf 81' lang='grc' dir='ltr'><strong>ι</strong></span> <span class='ocrx_word' id='word_1_430' title='bbox 955 4226 1386 4297; x_wconf 66' lang='grc' dir='ltr'>Ἑφανερώθηξέν</span> <span class='ocrx_word' id='word_1_431' title='bbox 1415 4226 1611 4297; x_wconf 86' lang='grc' dir='ltr'>σαρκί;</span> <span class='ocrx_word' id='word_1_432' title='bbox 1646 4245 1663 4276; x_wconf 78' lang='grc' dir='ltr'><strong>ι</strong></span> 
     </span>
    </p>
   </div>
   <div class='ocr_carea' id='block_1_59' title="bbox 82 4320 1668 4392">
    <p class='ocr_par' dir='ltr' id='par_1_59' title="bbox 82 4320 1668 4392">
     <span class='ocr_line' id='line_1_59' title="bbox 82 4320 1668 4392; baseline -0.003 -15"><span class='ocrx_word' id='word_1_433' title='bbox 82 4330 340 4390; x_wconf 69' lang='grc' dir='ltr'>τουτέστι,</span> <span class='ocrx_word' id='word_1_434' title='bbox 377 4326 583 4392; x_wconf 87' lang='grc' dir='ltr'>Γέγονε</span> <span class='ocrx_word' id='word_1_435' title='bbox 618 4321 758 4391; x_wconf 78' lang='grc' dir='ltr'>σὰρξ</span> <span class='ocrx_word' id='word_1_436' title='bbox 783 4324 810 4374; x_wconf 89' lang='lat'><strong>6</strong></span> <span class='ocrx_word' id='word_1_437' title='bbox 850 4324 913 4373; x_wconf 77' lang='grc' dir='ltr'>ὲκ</span> <span class='ocrx_word' id='word_1_438' title='bbox 950 4322 1083 4374; x_wconf 84' lang='grc' dir='ltr'>Θεοῦ</span> <span class='ocrx_word' id='word_1_439' title='bbox 1128 4321 1341 4388; x_wconf 75' lang='grc' dir='ltr'>Πατρὸς</span> <span class='ocrx_word' id='word_1_440' title='bbox 1382 4320 1572 4387; x_wconf 83' lang='grc' dir='ltr'>Λόγος,</span> <span class='ocrx_word' id='word_1_441' title='bbox 1609 4322 1668 4372; x_wconf 81' lang='grc' dir='ltr'><strong>οὐ</strong></span> 
     </span>
    </p>
   </div>
   <div class='ocr_carea' id='block_1_60' title="bbox 83 4411 1669 4490">
    <p class='ocr_par' dir='ltr' id='par_1_60' title="bbox 83 4411 1669 4490">
     <span class='ocr_line' id='line_1_60' title="bbox 83 4411 1669 4490; baseline -0.003 -21"><span class='ocrx_word' id='word_1_442' title='bbox 83 4421 203 4472; x_wconf 70' lang='grc' dir='ltr'>κατὰ</span> <span class='ocrx_word' id='word_1_443' title='bbox 234 4418 612 4490; x_wconf 76' lang='grc' dir='ltr'>μετάστασιν,</span> <span class='ocrx_word' id='word_1_444' title='bbox 650 4414 682 4484; x_wconf 77' lang='grc' dir='ltr'>ἦ</span> <span class='ocrx_word' id='word_1_445' title='bbox 714 4412 941 4484; x_wconf 80' lang='grc' dir='ltr'>τροπὴν,</span> <span class='ocrx_word' id='word_1_446' title='bbox 985 4416 1085 4483; x_wconf 84' lang='grc' dir='ltr'>τῆς</span> <span class='ocrx_word' id='word_1_447' title='bbox 1114 4412 1307 4465; x_wconf 82' lang='grc' dir='ltr'>ἑαυτοῦ</span> <span class='ocrx_word' id='word_1_448' title='bbox 1349 4411 1564 4480; x_wconf 82' lang='grc' dir='ltr'>φύσεως</span> <span class='ocrx_word' id='word_1_449' title='bbox 1590 4412 1669 4476; x_wconf 89' lang='grc' dir='ltr'><strong>είς</strong></span> 
     </span>
    </p>
   </div>
   <div class='ocr_carea' id='block_1_61' title="bbox 1786 1911 3358 1981">
    <p class='ocr_par' dir='ltr' id='par_1_61' title="bbox 1786 1911 3358 1981">
     <span class='ocr_line' id='line_1_61' title="bbox 1786 1911 3358 1981; baseline 0.001 -14"><span class='ocrx_word' id='word_1_450' title='bbox 1786 1928 1944 1967; x_wconf 91' lang='lat' dir='ltr'><strong>omne</strong></span> <span class='ocrx_word' id='word_1_451' title='bbox 1974 1911 2227 1968; x_wconf 68' lang='lat' dir='ltr'><strong>saeculum</strong></span> <span class='ocrx_word' id='word_1_452' title='bbox 2259 1920 2314 1967; x_wconf 88' lang='lat' dir='ltr'><strong>et</strong></span> <span class='ocrx_word' id='word_1_453' title='bbox 2348 1921 2582 1980; x_wconf 89' lang='lat' dir='ltr'><strong>tempus,</strong></span> <span class='ocrx_word' id='word_1_454' title='bbox 2619 1921 2888 1981; x_wconf 83' lang='lat' dir='ltr'><strong>quatenus</strong></span> <span class='ocrx_word' id='word_1_455' title='bbox 2909 1912 3142 1968; x_wconf 78' lang='lat' dir='ltr'><strong>Verbum</strong></span> <span class='ocrx_word' id='word_1_456' title='bbox 3164 1914 3358 1969; x_wconf 89' lang='lat' dir='ltr'><strong>intelli-</strong></span> 
     </span>
    </p>
   </div>
   <div class='ocr_carea' id='block_1_62' title="bbox 1786 2002 3357 2075">
    <p class='ocr_par' dir='ltr' id='par_1_62' title="bbox 1786 2002 3357 2075">
     <span class='ocr_line' id='line_1_62' title="bbox 1786 2002 3357 2075; baseline 0.001 -18"><span class='ocrx_word' id='word_1_457' title='bbox 1786 2007 1951 2075; x_wconf 79' lang='lat' dir='ltr'><strong>gitur,</strong></span> <span class='ocrx_word' id='word_1_458' title='bbox 1987 2004 2233 2074; x_wconf 73' lang='lat' dir='ltr'><strong>ctfigura</strong></span> <span class='ocrx_word' id='word_1_459' title='bbox 2257 2003 2584 2059; x_wconf 80' lang='lat' dir='ltr'><strong>substantia:</strong></span> <span class='ocrx_word' id='word_1_460' title='bbox 2621 2003 2738 2073; x_wconf 89' lang='lat' dir='ltr'><strong>ejus</strong></span> <span class='ocrx_word' id='word_1_461' title='bbox 2767 2002 2834 2070; x_wconf 84' lang='lat'><strong>“,</strong></span> <span class='ocrx_word' id='word_1_462' title='bbox 2862 2012 2915 2058; x_wconf 91' lang='lat' dir='ltr'><strong>et</strong></span> <span class='ocrx_word' id='word_1_463' title='bbox 2949 2004 3002 2058; x_wconf 88' lang='lat' dir='ltr'><strong>in</strong></span> <span class='ocrx_word' id='word_1_464' title='bbox 3043 2004 3357 2060; x_wconf 78' lang='lat' dir='ltr'><strong>novissimis</strong></span> 
     </span>
    </p>
   </div>
   <div class='ocr_carea' id='block_1_63' title="bbox 1787 2093 3358 2164">
    <p class='ocr_par' dir='ltr' id='par_1_63' title="bbox 1787 2093 3358 2164">
     <span class='ocr_line' id='line_1_63' title="bbox 1787 2093 3358 2164; baseline 0.001 -15"><span class='ocrx_word' id='word_1_465' title='bbox 1787 2095 2120 2164; x_wconf 86' lang='lat' dir='ltr'><strong>temporibus</strong></span> <span class='ocrx_word' id='word_1_466' title='bbox 2142 2093 2536 2161; x_wconf 74' lang='lat' dir='ltr'><strong>diSpensatoria</strong></span> <span class='ocrx_word' id='word_1_467' title='bbox 2565 2094 2974 2149; x_wconf 17' lang='lat' dir='ltr'><strong>ratione‘nostri</strong></span> <span class='ocrx_word' id='word_1_468' title='bbox 2998 2108 3161 2150; x_wconf 86' lang='lat' dir='ltr'><strong>causa</strong></span> <span class='ocrx_word' id='word_1_469' title='bbox 3193 2097 3358 2152; x_wconf 82' lang='lat' dir='ltr'><strong>homo</strong></span> 
     </span>
    </p>
   </div>
   <div class='ocr_carea' id='block_1_64' title="bbox 1783 2183 3354 2249">
    <p class='ocr_par' dir='ltr' id='par_1_64' title="bbox 1783 2183 3354 2249">
     <span class='ocr_line' id='line_1_64' title="bbox 1783 2183 3354 2249; baseline 0.003 -11"><span class='ocrx_word' id='word_1_470' title='bbox 1783 2183 1981 2240; x_wconf 91' lang='lat' dir='ltr'><strong>factus.</strong></span> <span class='ocrx_word' id='word_1_471' title='bbox 2011 2185 2145 2249; x_wconf 84' lang='lat' dir='ltr'><strong>Quia</strong></span> <span class='ocrx_word' id='word_1_472' title='bbox 2179 2198 2308 2238; x_wconf 89' lang='lat' dir='ltr'><strong>vero</strong></span> <span class='ocrx_word' id='word_1_473' title='bbox 2334 2184 2576 2238; x_wconf 87' lang='lat' dir='ltr'><strong>nonnulli</strong></span> <span class='ocrx_word' id='word_1_474' title='bbox 2620 2186 2958 2241; x_wconf 78' lang='lat' dir='ltr'><strong>nativitatem</strong></span> <span class='ocrx_word' id='word_1_475' title='bbox 2989 2186 3131 2243; x_wconf 85' lang='lat' dir='ltr'><strong>illius</strong></span> <span class='ocrx_word' id='word_1_476' title='bbox 3158 2203 3354 2243; x_wconf 89' lang='lat' dir='ltr'><strong>secun-</strong></span> 
     </span>
    </p>
   </div>
   <div class='ocr_carea' id='block_1_65' title="bbox 1782 2273 3358 2346">
    <p class='ocr_par' dir='ltr' id='par_1_65' title="bbox 1782 2273 3358 2346">
     <span class='ocr_line' id='line_1_65' title="bbox 1782 2273 3358 2346; baseline 0.004 -18"><span class='ocrx_word' id='word_1_477' title='bbox 1782 2273 1908 2328; x_wconf 92' lang='lat' dir='ltr'><strong>dum</strong></span> <span class='ocrx_word' id='word_1_478' title='bbox 1944 2286 2166 2328; x_wconf 91' lang='lat' dir='ltr'><strong>carnem</strong></span> <span class='ocrx_word' id='word_1_479' title='bbox 2219 2283 2439 2341; x_wconf 86' lang='lat' dir='ltr'><strong>propter</strong></span> <span class='ocrx_word' id='word_1_480' title='bbox 2466 2274 2706 2329; x_wconf 89' lang='lat' dir='ltr'><strong>omnimn</strong></span> <span class='ocrx_word' id='word_1_481' title='bbox 2740 2275 2992 2341; x_wconf 79' lang='lat' dir='ltr'><strong>salutem,</strong></span> <span class='ocrx_word' id='word_1_482' title='bbox 3045 2292 3149 2346; x_wconf 91' lang='lat' dir='ltr'><strong>qua</strong></span> <span class='ocrx_word' id='word_1_483' title='bbox 3181 2278 3358 2334; x_wconf 83' lang='lat' dir='ltr'><strong>editus</strong></span> 
     </span>
    </p>
   </div>
   <div class='ocr_carea' id='block_1_66' title="bbox 1784 2364 3357 2435">
    <p class='ocr_par' dir='ltr' id='par_1_66' title="bbox 1784 2364 3357 2435">
     <span class='ocr_line' id='line_1_66' title="bbox 1784 2364 3357 2435; baseline 0.004 -18"><span class='ocrx_word' id='word_1_484' title='bbox 1784 2372 1867 2417; x_wconf 89' lang='lat' dir='ltr'><strong>cst</strong></span> <span class='ocrx_word' id='word_1_485' title='bbox 1887 2378 1954 2419; x_wconf 86' lang='lat' dir='ltr'><strong>ex</strong></span> <span class='ocrx_word' id='word_1_486' title='bbox 1984 2372 2170 2419; x_wconf 85' lang='lat' dir='ltr'><strong>sancta</strong></span> <span class='ocrx_word' id='word_1_487' title='bbox 2199 2364 2444 2434; x_wconf 80' lang='lat' dir='ltr'><strong>Virgine,</strong></span> <span class='ocrx_word' id='word_1_488' title='bbox 2475 2364 2782 2419; x_wconf 83' lang='lat' dir='ltr'><strong>inﬁciantur</strong></span> <span class='ocrx_word' id='word_1_489' title='bbox 2806 2366 2956 2435; x_wconf 71' lang='lat' dir='ltr'><strong>(qua:</strong></span> <span class='ocrx_word' id='word_1_490' title='bbox 2984 2368 3237 2422; x_wconf 86' lang='lat' dir='ltr'><strong>nativitas</strong></span> <span class='ocrx_word' id='word_1_491' title='bbox 3256 2370 3357 2423; x_wconf 91' lang='lat' dir='ltr'><strong>hoc</strong></span> 
     </span>
    </p>
   </div>
   <div class='ocr_carea' id='block_1_67' title="bbox 1784 2454 3356 2526">
    <p class='ocr_par' dir='ltr' id='par_1_67' title="bbox 1784 2454 3356 2526">
     <span class='ocr_line' id='line_1_67' title="bbox 1784 2454 3356 2526; baseline 0.003 -17"><span class='ocrx_word' id='word_1_492' title='bbox 1784 2454 1858 2509; x_wconf 90' lang='lat' dir='ltr'><strong>illi</strong></span> <span class='ocrx_word' id='word_1_493' title='bbox 1892 2470 1995 2510; x_wconf 92' lang='lat' dir='ltr'><strong>non</strong></span> <span class='ocrx_word' id='word_1_494' title='bbox 2026 2456 2273 2519; x_wconf 85' lang='lat' dir='ltr'><strong>contulit,</strong></span> <span class='ocrx_word' id='word_1_495' title='bbox 2305 2465 2365 2510; x_wconf 88' lang='lat' dir='ltr'><strong>ut</strong></span> <span class='ocrx_word' id='word_1_496' title='bbox 2401 2464 2511 2510; x_wconf 92' lang='lat' dir='ltr'><strong>tum</strong></span> <span class='ocrx_word' id='word_1_497' title='bbox 2544 2456 2776 2526; x_wconf 88' lang='lat' dir='ltr'><strong>primum</strong></span> <span class='ocrx_word' id='word_1_498' title='bbox 2810 2470 2929 2511; x_wconf 88' lang='lat' dir='ltr'><strong>esse</strong></span> <span class='ocrx_word' id='word_1_499' title='bbox 2958 2457 3239 2526; x_wconf 87' lang='lat' dir='ltr'><strong>inciperet,</strong></span> <span class='ocrx_word' id='word_1_500' title='bbox 3262 2459 3356 2515; x_wconf 88' lang='lat' dir='ltr'><strong>sed</strong></span> 
     </span>
    </p>
   </div>
   <div class='ocr_carea' id='block_1_68' title="bbox 1784 2547 3358 2620">
    <p class='ocr_par' dir='ltr' id='par_1_68' title="bbox 1784 2547 3358 2620">
     <span class='ocr_line' id='line_1_68' title="bbox 1784 2547 3358 2620; baseline 0.003 -19"><span class='ocrx_word' id='word_1_501' title='bbox 1784 2558 1845 2601; x_wconf 90' lang='lat' dir='ltr'><strong>ut</strong></span> <span class='ocrx_word' id='word_1_502' title='bbox 1873 2547 2029 2603; x_wconf 89' lang='lat' dir='ltr'><strong>nobis</strong></span> <span class='ocrx_word' id='word_1_503' title='bbox 2092 2548 2290 2603; x_wconf 84' lang='lat' dir='ltr'><strong>similis</strong></span> <span class='ocrx_word' id='word_1_504' title='bbox 2354 2549 2528 2603; x_wconf 89' lang='lat' dir='ltr'><strong>factus</strong></span> <span class='ocrx_word' id='word_1_505' title='bbox 2581 2565 2609 2601; x_wconf 89' lang='lat' dir='ltr'><strong>a</strong></span> <span class='ocrx_word' id='word_1_506' title='bbox 2662 2558 2838 2603; x_wconf 90' lang='lat' dir='ltr'><strong>morte</strong></span> <span class='ocrx_word' id='word_1_507' title='bbox 2897 2559 2952 2603; x_wconf 87' lang='lat' dir='ltr'><strong>et</strong></span> <span class='ocrx_word' id='word_1_508' title='bbox 3007 2552 3358 2620; x_wconf 81' lang='lat' dir='ltr'><strong>corruptione</strong></span> 
     </span>
    </p>
   </div>
   <div class='ocr_carea' id='block_1_69' title="bbox 1787 2638 3358 2710">
    <p class='ocr_par' dir='ltr' id='par_1_69' title="bbox 1787 2638 3358 2710">
     <span class='ocr_line' id='line_1_69' title="bbox 1787 2638 3358 2710; baseline 0.003 -18"><span class='ocrx_word' id='word_1_509' title='bbox 1787 2653 1885 2693; x_wconf 91' lang='lat' dir='ltr'><strong>nos</strong></span> <span class='ocrx_word' id='word_1_510' title='bbox 1928 2638 2443 2710; x_wconf 63' lang='lat' dir='ltr'><strong>libcraret):148</strong></span> <span class='ocrx_word' id='word_1_511' title='bbox 2474 2650 2756 2710; x_wconf 88' lang='lat' dir='ltr'><strong>propterea</strong></span> <span class='ocrx_word' id='word_1_512' title='bbox 2801 2641 3008 2709; x_wconf 90' lang='lat' dir='ltr'><strong>primus</strong></span> <span class='ocrx_word' id='word_1_513' title='bbox 3054 2642 3140 2697; x_wconf 84' lang='lat' dir='ltr'><strong>hic</strong></span> <span class='ocrx_word' id='word_1_514' title='bbox 3174 2651 3358 2697; x_wconf 88' lang='lat' dir='ltr'><strong>noster</strong></span> 
     </span>
    </p>
   </div>
   <div class='ocr_carea' id='block_1_70' title="bbox 1783 2730 3358 2799">
    <p class='ocr_par' dir='ltr' id='par_1_70' title="bbox 1783 2730 3358 2799">
     <span class='ocr_line' id='line_1_70' title="bbox 1783 2730 3358 2799; baseline 0.003 -16"><span class='ocrx_word' id='word_1_515' title='bbox 1783 2730 2267 2784; x_wconf 88' lang='lat' dir='ltr'><strong>anathematismus</strong></span> <span class='ocrx_word' id='word_1_516' title='bbox 2321 2730 2374 2783; x_wconf 94' lang='lat' dir='ltr'><strong>in</strong></span> <span class='ocrx_word' id='word_1_517' title='bbox 2419 2745 2727 2799; x_wconf 81' lang='lat' dir='ltr'><strong>perversam</strong></span> <span class='ocrx_word' id='word_1_518' title='bbox 2774 2733 2985 2787; x_wconf 91' lang='lat' dir='ltr'><strong>illorum</strong></span> <span class='ocrx_word' id='word_1_519' title='bbox 3016 2731 3177 2787; x_wconf 77' lang='lat' dir='ltr'><strong>[idem</strong></span> <span class='ocrx_word' id='word_1_520' title='bbox 3207 2735 3358 2787; x_wconf 78' lang='lat' dir='ltr'><strong>inve-</strong></span> 
     </span>
    </p>
   </div>
   <div class='ocr_carea' id='block_1_71' title="bbox 1782 2821 3355 2893">
    <p class='ocr_par' dir='ltr' id='par_1_71' title="bbox 1782 2821 3355 2893">
     <span class='ocr_line' id='line_1_71' title="bbox 1782 2821 3355 2893; baseline 0.002 -18"><span class='ocrx_word' id='word_1_521' title='bbox 1782 2821 1970 2876; x_wconf 89' lang='lat' dir='ltr'><strong>hitur:</strong></span> <span class='ocrx_word' id='word_1_522' title='bbox 2004 2831 2113 2877; x_wconf 93' lang='lat' dir='ltr'><strong>tum</strong></span> <span class='ocrx_word' id='word_1_523' title='bbox 2149 2838 2298 2887; x_wconf 86' lang='lat' dir='ltr'><strong>vero,</strong></span> <span class='ocrx_word' id='word_1_524' title='bbox 2325 2825 2467 2892; x_wconf 85' lang='lat' dir='ltr'><strong>quod</strong></span> <span class='ocrx_word' id='word_1_525' title='bbox 2507 2834 2668 2878; x_wconf 72' lang='lat' dir='ltr'><strong>rectae</strong></span> <span class='ocrx_word' id='word_1_526' title='bbox 2705 2824 2825 2878; x_wconf 81' lang='lat' dir='ltr'><strong>ﬁdei</strong></span> <span class='ocrx_word' id='word_1_527' title='bbox 2879 2832 2985 2890; x_wconf 84' lang='lat' dir='ltr'><strong>est,</strong></span> <span class='ocrx_word' id='word_1_528' title='bbox 3045 2825 3355 2893; x_wconf 87' lang='lat' dir='ltr'><strong>confitetur,</strong></span> 
     </span>
    </p>
   </div>
   <div class='ocr_carea' id='block_1_72' title="bbox 1784 2910 3357 2971">
    <p class='ocr_par' dir='ltr' id='par_1_72' title="bbox 1784 2910 3357 2971">
     <span class='ocr_line' id='line_1_72' title="bbox 1784 2910 3357 2971; baseline 0.004 -8"><span class='ocrx_word' id='word_1_529' title='bbox 1784 2910 2190 2966; x_wconf 86' lang='lat' dir='ltr'><strong>Emmanuelem</strong></span> <span class='ocrx_word' id='word_1_530' title='bbox 2255 2912 2551 2966; x_wconf 87' lang='lat' dir='ltr'><strong>secundum</strong></span> <span class='ocrx_word' id='word_1_531' title='bbox 2592 2912 2873 2966; x_wconf 87' lang='lat' dir='ltr'><strong>veritatem</strong></span> <span class='ocrx_word' id='word_1_532' title='bbox 2905 2912 3074 2967; x_wconf 87' lang='lat' dir='ltr'><strong>Deum</strong></span> <span class='ocrx_word' id='word_1_533' title='bbox 3121 2928 3245 2971; x_wconf 83' lang='lat' dir='ltr'><strong>esse</strong></span> <span class='ocrx_word' id='word_1_534' title='bbox 3274 2914 3357 2969; x_wconf 80' lang='lat' dir='ltr'><strong>di-</strong></span> 
     </span>
    </p>
   </div>
   <div class='ocr_carea' id='block_1_73' title="bbox 1783 2996 3214 3074">
    <p class='ocr_par' dir='ltr' id='par_1_73' title="bbox 1783 2996 3214 3074">
     <span class='ocr_line' id='line_1_73' title="bbox 1783 2996 3214 3074; baseline 0.004 -21"><span class='ocrx_word' id='word_1_535' title='bbox 1783 2996 1913 3054; x_wconf 81' lang='lat' dir='ltr'><strong>cens’</strong></span> <span class='ocrx_word' id='word_1_536' title='bbox 1964 3010 2128 3071; x_wconf 84' lang='lat' dir='ltr'><strong>atque</strong></span> <span class='ocrx_word' id='word_1_537' title='bbox 2168 3003 2288 3056; x_wconf 84' lang='lat' dir='ltr'><strong>ideo</strong></span> <span class='ocrx_word' id='word_1_538' title='bbox 2322 3013 2565 3057; x_wconf 86' lang='lat' dir='ltr'><strong>sanctam</strong></span> <span class='ocrx_word' id='word_1_539' title='bbox 2592 3002 2872 3073; x_wconf 76' lang='lat' dir='ltr'><strong>Virginem</strong></span> <span class='ocrx_word' id='word_1_540' title='bbox 2906 3003 3214 3074; x_wconf 89' lang='lat' dir='ltr'><strong>Deiparam.</strong></span> 
     </span>
    </p>
   </div>
   <div class='ocr_carea' id='block_1_74' title="bbox 2202 3134 2939 3192">
    <p class='ocr_par' dir='ltr' id='par_1_74' title="bbox 2202 3134 2939 3192">
     <span class='ocr_line' id='line_1_74' title="bbox 2202 3134 2939 3192; baseline 0.007 -6"><span class='ocrx_word' id='word_1_541' title='bbox 2202 3134 2843 3192; x_wconf 76' lang='lat' dir='ltr'><strong>ANATHEMATISMUS</strong></span> <span class='ocrx_word' id='word_1_542' title='bbox 2874 3134 2939 3191; x_wconf 90' lang='lat' dir='ltr'><strong>ll.</strong></span> 
     </span>
    </p>
   </div>
   <div class='ocr_carea' id='block_1_75' title="bbox 1853 3269 3356 3340">
    <p class='ocr_par' dir='ltr' id='par_1_75' title="bbox 1853 3269 3356 3340">
     <span class='ocr_line' id='line_1_75' title="bbox 1853 3269 3356 3340; baseline 0.003 -14"><span class='ocrx_word' id='word_1_543' title='bbox 1853 3270 1908 3326; x_wconf 87' lang='lat' dir='ltr'><strong>Si</strong></span> <span class='ocrx_word' id='word_1_544' title='bbox 1946 3272 2068 3340; x_wconf 83' lang='lat' dir='ltr'><strong>quis</strong></span> <span class='ocrx_word' id='word_1_545' title='bbox 2097 3287 2198 3325; x_wconf 89' lang='lat' dir='ltr'><strong>non</strong></span> <span class='ocrx_word' id='word_1_546' title='bbox 2228 3271 2537 3337; x_wconf 84' lang='lat' dir='ltr'><strong>confitetur,</strong></span> <span class='ocrx_word' id='word_1_547' title='bbox 2585 3270 2680 3326; x_wconf 88' lang='lat' dir='ltr'><strong>Dei</strong></span> <span class='ocrx_word' id='word_1_548' title='bbox 2714 3269 2891 3327; x_wconf 84' lang='lat' dir='ltr'><strong>Patris</strong></span> <span class='ocrx_word' id='word_1_549' title='bbox 2926 3269 3165 3329; x_wconf 82' lang='lat' dir='ltr'><strong>Verbum</strong></span> <span class='ocrx_word' id='word_1_550' title='bbox 3202 3289 3356 3331; x_wconf 86' lang='lat' dir='ltr'><strong>carm</strong></span> 
     </span>
    </p>
   </div>
   <div class='ocr_carea' id='block_1_76' title="bbox 1780 3362 3351 3434">
    <p class='ocr_par' dir='ltr' id='par_1_76' title="bbox 1780 3362 3351 3434">
     <span class='ocr_line' id='line_1_76' title="bbox 1780 3362 3351 3434; baseline 0.003 -17"><span class='ocrx_word' id='word_1_551' title='bbox 1780 3365 2073 3417; x_wconf 86' lang='lat' dir='ltr'><strong>secundum</strong></span> <span class='ocrx_word' id='word_1_552' title='bbox 2134 3362 2463 3432; x_wconf 81' lang='lat' dir='ltr'><strong>hypostasim</strong></span> <span class='ocrx_word' id='word_1_553' title='bbox 2514 3362 2747 3429; x_wconf 88' lang='lat' dir='ltr'><strong>unitum,</strong></span> <span class='ocrx_word' id='word_1_554' title='bbox 2783 3379 3057 3434; x_wconf 88' lang='lat' dir='ltr'><strong>unumque</strong></span> <span class='ocrx_word' id='word_1_555' title='bbox 3099 3380 3203 3420; x_wconf 87' lang='lat' dir='ltr'><strong>una</strong></span> <span class='ocrx_word' id='word_1_556' title='bbox 3227 3380 3351 3423; x_wconf 90' lang='lat' dir='ltr'><strong>cum</strong></span> 
     </span>
    </p>
   </div>
   <div class='ocr_carea' id='block_1_77' title="bbox 1780 3454 3354 3517">
    <p class='ocr_par' dir='ltr' id='par_1_77' title="bbox 1780 3454 3354 3517">
     <span class='ocr_line' id='line_1_77' title="bbox 1780 3454 3354 3517; baseline 0.004 -9"><span class='ocrx_word' id='word_1_557' title='bbox 1780 3469 1876 3508; x_wconf 88' lang='lat' dir='ltr'><strong>sua</strong></span> <span class='ocrx_word' id='word_1_558' title='bbox 1926 3469 2088 3509; x_wconf 86' lang='lat' dir='ltr'><strong>carne</strong></span> <span class='ocrx_word' id='word_1_559' title='bbox 2117 3469 2239 3509; x_wconf 89' lang='lat' dir='ltr'><strong>esse</strong></span> <span class='ocrx_word' id='word_1_560' title='bbox 2268 3454 2567 3517; x_wconf 88' lang='lat' dir='ltr'><strong>Christum,</strong></span> <span class='ocrx_word' id='word_1_561' title='bbox 2602 3455 2852 3510; x_wconf 89' lang='lat' dir='ltr'><strong>eumdem</strong></span> <span class='ocrx_word' id='word_1_562' title='bbox 2899 3457 3155 3513; x_wconf 83' lang='lat' dir='ltr'><strong>nimirum</strong></span> <span class='ocrx_word' id='word_1_563' title='bbox 3183 3457 3354 3515; x_wconf 84' lang='lat' dir='ltr'><strong>Deum</strong></span> 
     </span>
    </p>
   </div>
   <div class='ocr_carea' id='block_1_78' title="bbox 1779 3545 2789 3609">
    <p class='ocr_par' dir='ltr' id='par_1_78' title="bbox 1779 3545 2789 3609">
     <span class='ocr_line' id='line_1_78' title="bbox 1779 3545 2789 3609; baseline 0 -10"><span class='ocrx_word' id='word_1_564' title='bbox 1779 3545 2017 3601; x_wconf 91' lang='lat' dir='ltr'><strong>simulet</strong></span> <span class='ocrx_word' id='word_1_565' title='bbox 2048 3547 2348 3609; x_wconf 88' lang='lat' dir='ltr'><strong>hominem,</strong></span> <span class='ocrx_word' id='word_1_566' title='bbox 2384 3546 2669 3599; x_wconf 85' lang='lat' dir='ltr'><strong>anathema</strong></span> <span class='ocrx_word' id='word_1_567' title='bbox 2698 3545 2789 3599; x_wconf 86' lang='lat' dir='ltr'><strong>sit.</strong></span> 
     </span>
    </p>
   </div>
   <div class='ocr_carea' id='block_1_79' title="bbox 2262 3658 2866 3729">
    <p class='ocr_par' dir='ltr' id='par_1_79' title="bbox 2262 3658 2866 3729">
     <span class='ocr_line' id='line_1_79' title="bbox 2262 3658 2866 3729; baseline -0.002 -17"><span class='ocrx_word' id='word_1_568' title='bbox 2262 3658 2586 3729; x_wconf 76' lang='lat' dir='ltr'><strong>Explanatio</strong></span> <span class='ocrx_word' id='word_1_569' title='bbox 2615 3660 2866 3712; x_wconf 82' lang='lat' dir='ltr'><strong>secunda.</strong></span> 
     </span>
    </p>
   </div>
   <div class='ocr_carea' id='block_1_80' title="bbox 1849 3771 3317 3844">
    <p class='ocr_par' dir='ltr' id='par_1_80' title="bbox 1849 3771 3317 3844">
     <span class='ocr_line' id='line_1_80' title="bbox 1849 3771 3317 3844; baseline 0.003 -19"><span class='ocrx_word' id='word_1_570' title='bbox 1849 3771 2074 3827; x_wconf 82' lang='lat' dir='ltr'><strong>Divinos</strong></span> <span class='ocrx_word' id='word_1_571' title='bbox 2108 3772 2329 3839; x_wconf 87' lang='lat' dir='ltr'><strong>Paulus,</strong></span> <span class='ocrx_word' id='word_1_572' title='bbox 2377 3788 2532 3827; x_wconf 90' lang='lat' dir='ltr'><strong>sacer</strong></span> <span class='ocrx_word' id='word_1_573' title='bbox 2574 3773 2663 3827; x_wconf 92' lang='lat' dir='ltr'><strong>ille</strong></span> <span class='ocrx_word' id='word_1_574' title='bbox 2696 3774 3000 3829; x_wconf 82' lang='lat' dir='ltr'><strong>divinorum</strong></span> <span class='ocrx_word' id='word_1_575' title='bbox 3059 3776 3317 3844; x_wconf 86' lang='lat' dir='ltr'><strong>mysterio</strong></span> 
     </span>
    </p>
   </div>
   <div class='ocr_carea' id='block_1_81' title="bbox 1778 3861 3348 3936">
    <p class='ocr_par' dir='ltr' id='par_1_81' title="bbox 1778 3861 3348 3936">
     <span class='ocr_line' id='line_1_81' title="bbox 1778 3861 3348 3936; baseline 0.001 -19"><span class='ocrx_word' id='word_1_576' title='bbox 1778 3880 1896 3917; x_wconf 90' lang='lat' dir='ltr'><strong>rum</strong></span> <span class='ocrx_word' id='word_1_577' title='bbox 1933 3863 2224 3933; x_wconf 88' lang='lat' dir='ltr'><strong>interpres,</strong></span> <span class='ocrx_word' id='word_1_578' title='bbox 2283 3861 2599 3919; x_wconf 71' lang='lat' dir='ltr'><strong>ita&#39;scribit</strong></span> <span class='ocrx_word' id='word_1_579' title='bbox 2634 3881 2647 3917; x_wconf 88' lang='lat'><strong>:</strong></span> <span class='ocrx_word' id='word_1_580' title='bbox 2692 3882 2711 3914; x_wconf 79' lang='grc' dir='ltr'><strong>ι</strong></span> <span class='ocrx_word' id='word_1_581' title='bbox 2776 3865 3056 3919; x_wconf 74' lang='lat' dir='ltr'><strong>Manifesta</strong></span> <span class='ocrx_word' id='word_1_582' title='bbox 3099 3882 3348 3936; x_wconf 76' lang='lat' dir='ltr'><strong>magnum</strong></span> 
     </span>
    </p>
   </div>
   <div class='ocr_carea' id='block_1_82' title="bbox 1776 3957 3351 4025">
    <p class='ocr_par' dir='ltr' id='par_1_82' title="bbox 1776 3957 3351 4025">
     <span class='ocr_line' id='line_1_82' title="bbox 1776 3957 3351 4025; baseline 0.001 -14"><span class='ocrx_word' id='word_1_583' title='bbox 1776 3968 1857 4012; x_wconf 86' lang='lat' dir='ltr'><strong>est</strong></span> <span class='ocrx_word' id='word_1_584' title='bbox 1908 3959 2123 4025; x_wconf 88' lang='lat' dir='ltr'><strong>pietatis</strong></span> <span class='ocrx_word' id='word_1_585' title='bbox 2180 3967 2622 4011; x_wconf 88' lang='lat' dir='ltr'><strong>sacramentum:</strong></span> <span class='ocrx_word' id='word_1_586' title='bbox 2655 3957 2797 4013; x_wconf 86' lang='lat' dir='ltr'><strong>Deus</strong></span> <span class='ocrx_word' id='word_1_587' title='bbox 2850 3958 3227 4015; x_wconf 86' lang='lat' dir='ltr'><strong>manifestatns</strong></span> <span class='ocrx_word' id='word_1_588' title='bbox 3268 3969 3351 4013; x_wconf 83' lang='lat' dir='ltr'><strong>est</strong></span> 
     </span>
    </p>
   </div>
   <div class='ocr_carea' id='block_1_83' title="bbox 1777 4047 3349 4121">
    <p class='ocr_par' dir='ltr' id='par_1_83' title="bbox 1777 4047 3349 4121">
     <span class='ocr_line' id='line_1_83' title="bbox 1777 4047 3349 4121; baseline 0.003 -21"><span class='ocrx_word' id='word_1_589' title='bbox 1777 4048 1828 4100; x_wconf 92' lang='lat' dir='ltr'><strong>in</strong></span> <span class='ocrx_word' id='word_1_590' title='bbox 1864 4047 2406 4113; x_wconf 83' lang='lat' dir='ltr'><strong>carne,justilieatus</strong></span> <span class='ocrx_word' id='word_1_591' title='bbox 2442 4057 2523 4100; x_wconf 87' lang='lat' dir='ltr'><strong>est</strong></span> <span class='ocrx_word' id='word_1_592' title='bbox 2550 4049 2600 4101; x_wconf 92' lang='lat' dir='ltr'><strong>in</strong></span> <span class='ocrx_word' id='word_1_593' title='bbox 2642 4049 2859 4115; x_wconf 85' lang='lat' dir='ltr'><strong>spiritu,</strong></span> <span class='ocrx_word' id='word_1_594' title='bbox 2909 4052 3349 4121; x_wconf 80' lang='lat' dir='ltr'><strong>apparuitaage-</strong></span> 
     </span>
    </p>
   </div>
   <div class='ocr_carea' id='block_1_84' title="bbox 1775 4128 3347 4208">
    <p class='ocr_par' dir='ltr' id='par_1_84' title="bbox 1775 4128 3347 4208">
     <span class='ocr_line' id='line_1_84' title="bbox 1775 4128 3347 4208; baseline 0.003 -18"><span class='ocrx_word' id='word_1_595' title='bbox 1775 4137 1862 4200; x_wconf 87' lang='lat' dir='ltr'><strong>lis,</strong></span> <span class='ocrx_word' id='word_1_596' title='bbox 1897 4139 2220 4207; x_wconf 64' lang='lat' dir='ltr'><strong>praedicatus</strong></span> <span class='ocrx_word' id='word_1_597' title='bbox 2238 4147 2321 4191; x_wconf 90' lang='lat' dir='ltr'><strong>est</strong></span> <span class='ocrx_word' id='word_1_598' title='bbox 2345 4128 2616 4208; x_wconf 77' lang='lat' dir='ltr'><strong>gentibus,</strong></span> <span class='ocrx_word' id='word_1_599' title='bbox 2655 4140 2894 4192; x_wconf 78' lang='lat' dir='ltr'><strong>creditus</strong></span> <span class='ocrx_word' id='word_1_600' title='bbox 2936 4141 3092 4193; x_wconf 89' lang='lat' dir='ltr'><strong>estin</strong></span> <span class='ocrx_word' id='word_1_601' title='bbox 3126 4143 3347 4204; x_wconf 80' lang='lat' dir='ltr'><strong>mundo,</strong></span> 
     </span>
    </p>
   </div>
   <div class='ocr_carea' id='block_1_85' title="bbox 1774 4229 3348 4303">
    <p class='ocr_par' dir='ltr' id='par_1_85' title="bbox 1774 4229 3348 4303">
     <span class='ocr_line' id='line_1_85' title="bbox 1774 4229 3348 4303; baseline 0.002 -18"><span class='ocrx_word' id='word_1_602' title='bbox 1774 4240 2086 4300; x_wconf 85' lang='lat' dir='ltr'><strong>assumptus</strong></span> <span class='ocrx_word' id='word_1_603' title='bbox 2133 4240 2217 4283; x_wconf 87' lang='lat' dir='ltr'><strong>est</strong></span> <span class='ocrx_word' id='word_1_604' title='bbox 2272 4230 2324 4283; x_wconf 89' lang='lat' dir='ltr'><strong>in</strong></span> <span class='ocrx_word' id='word_1_605' title='bbox 2364 4230 2533 4300; x_wconf 80' lang='lat' dir='ltr'><strong>gloria</strong></span> <span class='ocrx_word' id='word_1_606' title='bbox 2561 4229 2622 4282; x_wconf 79' lang='lat'><strong>”.</strong></span> <span class='ocrx_word' id='word_1_607' title='bbox 2664 4247 2682 4281; x_wconf 83' lang='lat'><strong>)</strong></span> <span class='ocrx_word' id='word_1_608' title='bbox 2721 4229 2859 4296; x_wconf 83' lang='lat' dir='ltr'><strong>Quid</strong></span> <span class='ocrx_word' id='word_1_609' title='bbox 2892 4231 3052 4303; x_wconf 80' lang='lat' dir='ltr'><strong>igitur</strong></span> <span class='ocrx_word' id='word_1_610' title='bbox 3082 4241 3164 4285; x_wconf 89' lang='lat' dir='ltr'><strong>est</strong></span> <span class='ocrx_word' id='word_1_611' title='bbox 3206 4234 3348 4301; x_wconf 88' lang='lat' dir='ltr'><strong>quod</strong></span> 
     </span>
    </p>
   </div>
   <div class='ocr_carea' id='block_1_86' title="bbox 1774 4323 3344 4390">
    <p class='ocr_par' dir='ltr' id='par_1_86' title="bbox 1774 4323 3344 4390">
     <span class='ocr_line' id='line_1_86' title="bbox 1774 4323 3344 4390; baseline 0.002 -14"><span class='ocrx_word' id='word_1_612' title='bbox 1774 4324 1927 4385; x_wconf 80' lang='lat' dir='ltr'><strong>dicit,</strong></span> <span class='ocrx_word' id='word_1_613' title='bbox 1965 4342 1981 4374; x_wconf 83' lang='grc' dir='ltr'><strong>ι</strong></span> <span class='ocrx_word' id='word_1_614' title='bbox 2016 4323 2390 4376; x_wconf 83' lang='lat' dir='ltr'><strong>lllanifestatus</strong></span> <span class='ocrx_word' id='word_1_615' title='bbox 2424 4332 2507 4375; x_wconf 90' lang='lat' dir='ltr'><strong>est</strong></span> <span class='ocrx_word' id='word_1_616' title='bbox 2553 4323 2605 4375; x_wconf 90' lang='lat' dir='ltr'><strong>in</strong></span> <span class='ocrx_word' id='word_1_617' title='bbox 2651 4323 2860 4377; x_wconf 84' lang='lat' dir='ltr'><strong>carne!</strong></span> <span class='ocrx_word' id='word_1_618' title='bbox 2910 4342 2925 4374; x_wconf 76' lang='grc' dir='ltr'><strong>ι</strong></span> <span class='ocrx_word' id='word_1_619' title='bbox 2964 4324 3066 4377; x_wconf 90' lang='lat' dir='ltr'><strong>hoc</strong></span> <span class='ocrx_word' id='word_1_620' title='bbox 3096 4335 3203 4390; x_wconf 88' lang='lat' dir='ltr'><strong>est,</strong></span> <span class='ocrx_word' id='word_1_621' title='bbox 3251 4325 3344 4379; x_wconf 89' lang='lat' dir='ltr'><strong>Dei</strong></span> 
     </span>
    </p>
   </div>
   <div class='ocr_carea' id='block_1_87' title="bbox 1771 4413 3347 4484">
    <p class='ocr_par' dir='ltr' id='par_1_87' title="bbox 1771 4413 3347 4484">
     <span class='ocr_line' id='line_1_87' title="bbox 1771 4413 3347 4484; baseline -0.001 -16"><span class='ocrx_word' id='word_1_622' title='bbox 1771 4414 1948 4468; x_wconf 84' lang='lat' dir='ltr'><strong>Patris</strong></span> <span class='ocrx_word' id='word_1_623' title='bbox 1973 4413 2208 4467; x_wconf 90' lang='lat' dir='ltr'><strong>Verbum</strong></span> <span class='ocrx_word' id='word_1_624' title='bbox 2240 4429 2368 4467; x_wconf 90' lang='lat' dir='ltr'><strong>caro</strong></span> <span class='ocrx_word' id='word_1_625' title='bbox 2414 4413 2608 4466; x_wconf 89' lang='lat' dir='ltr'><strong>factum</strong></span> <span class='ocrx_word' id='word_1_626' title='bbox 2656 4423 2776 4467; x_wconf 89' lang='lat' dir='ltr'><strong>est:</strong></span> <span class='ocrx_word' id='word_1_627' title='bbox 2821 4429 2926 4467; x_wconf 90' lang='lat' dir='ltr'><strong>non</strong></span> <span class='ocrx_word' id='word_1_628' title='bbox 2963 4415 3105 4484; x_wconf 80' lang='lat' dir='ltr'><strong>quod</strong></span> <span class='ocrx_word' id='word_1_629' title='bbox 3152 4431 3347 4471; x_wconf 86' lang='lat' dir='ltr'><strong>secun-</strong></span> 
     </span>
    </p>
   </div>
   <div class='ocr_carea' id='block_1_88' title="bbox 85 4502 1677 4581">
    <p class='ocr_par' dir='ltr' id='par_1_88' title="bbox 85 4502 1668 4581">
     <span class='ocr_line' id='line_1_88' title="bbox 85 4502 1668 4581; baseline -0.004 -22"><span class='ocrx_word' id='word_1_630' title='bbox 85 4515 244 4581; x_wconf 66' lang='grc' dir='ltr'>τάρκα</span> <span class='ocrx_word' id='word_1_631' title='bbox 287 4505 847 4579; x_wconf 79' lang='grc' dir='ltr'>μεταπεποιημένης,</span> <span class='ocrx_word' id='word_1_632' title='bbox 892 4504 966 4565; x_wconf 82' lang='grc' dir='ltr'>ὡς</span> <span class='ocrx_word' id='word_1_633' title='bbox 1006 4502 1105 4573; x_wconf 77' lang='grc' dir='ltr'><strong>ἤδη</strong></span> <span class='ocrx_word' id='word_1_634' title='bbox 1148 4502 1501 4572; x_wconf 81' lang='grc' dir='ltr'>προείπομεν,</span> <span class='ocrx_word' id='word_1_635' title='bbox 1536 4502 1668 4555; x_wconf 80' lang='grc' dir='ltr'>ἰδίαν</span> 
     </span>
    </p>
   </div>
   <div class='ocr_carea' id='block_1_89' title="bbox 1779 4502 3345 4581">
    <p class='ocr_par' dir='ltr' id='par_1_89' title="bbox 1779 4506 3345 4573">
     <span class='ocr_line' id='line_1_89' title="bbox 1779 4506 3345 4573; baseline 0.002 -16"><span class='ocrx_word' id='word_1_636' title='bbox 1779 4506 1898 4557; x_wconf 65' lang='lat' dir='ltr'><strong>ilum</strong></span> <span class='ocrx_word' id='word_1_637' title='bbox 1924 4506 2194 4573; x_wconf 83' lang='lat' dir='ltr'><strong>propriam</strong></span> <span class='ocrx_word' id='word_1_638' title='bbox 2228 4512 2474 4558; x_wconf 88' lang='lat' dir='ltr'><strong>naturam</strong></span> <span class='ocrx_word' id='word_1_639' title='bbox 2500 4519 2840 4569; x_wconf 82' lang='lat' dir='ltr'><strong>conversum,</strong></span> <span class='ocrx_word' id='word_1_640' title='bbox 2877 4516 2964 4559; x_wconf 89' lang='lat' dir='ltr'><strong>aut</strong></span> <span class='ocrx_word' id='word_1_641' title='bbox 3019 4516 3345 4560; x_wconf 86' lang='lat' dir='ltr'><strong>transmuta-</strong></span> 
     </span>
    </p>
   </div>
   <div class='ocr_carea' id='block_1_90' title="bbox 82 4592 1669 4675">
    <p class='ocr_par' dir='ltr' id='par_1_90' title="bbox 82 4592 1669 4675">
     <span class='ocr_line' id='line_1_90' title="bbox 82 4592 1669 4675; baseline -0.007 -20"><span class='ocrx_word' id='word_1_642' title='bbox 82 4606 121 4655; x_wconf 70' lang='grc' dir='ltr'><strong>δὲ</strong></span> <span class='ocrx_word' id='word_1_643' title='bbox 176 4604 390 4675; x_wconf 71' lang='grc' dir='ltr'>μᾶλλον</span> <span class='ocrx_word' id='word_1_644' title='bbox 453 4596 827 4666; x_wconf 81' lang='grc' dir='ltr'>ποιησάμενος</span> <span class='ocrx_word' id='word_1_645' title='bbox 874 4595 1051 4665; x_wconf 85' lang='grc' dir='ltr'>σάρκα</span> <span class='ocrx_word' id='word_1_646' title='bbox 1098 4595 1195 4663; x_wconf 84' lang='grc' dir='ltr'><strong>τὴν</strong></span> <span class='ocrx_word' id='word_1_647' title='bbox 1247 4595 1311 4645; x_wconf 82' lang='grc' dir='ltr'>ὲκ</span> <span class='ocrx_word' id='word_1_648' title='bbox 1361 4595 1462 4663; x_wconf 80' lang='grc' dir='ltr'>τῆς</span> <span class='ocrx_word' id='word_1_649' title='bbox 1511 4592 1669 4661; x_wconf 80' lang='grc' dir='ltr'>ἁγίας</span> 
     </span>
    </p>
   </div>
   <div class='ocr_carea' id='block_1_91' title="bbox 86 4684 1671 4767">
    <p class='ocr_par' dir='ltr' id='par_1_91' title="bbox 86 4684 1671 4767">
     <span class='ocr_line' id='line_1_91' title="bbox 86 4684 1671 4767; baseline -0.009 -17"><span class='ocrx_word' id='word_1_650' title='bbox 86 4697 382 4767; x_wconf 68' lang='grc' dir='ltr'>Παρθένου,</span> <span class='ocrx_word' id='word_1_651' title='bbox 429 4687 513 4753; x_wconf 80' lang='grc' dir='ltr'>εἷς</span> <span class='ocrx_word' id='word_1_652' title='bbox 562 4691 657 4741; x_wconf 79' lang='grc' dir='ltr'><strong>καὶ</strong></span> <span class='ocrx_word' id='word_1_653' title='bbox 698 4689 726 4739; x_wconf 86' lang='grc' dir='ltr'>ὁ</span> <span class='ocrx_word' id='word_1_654' title='bbox 757 4685 920 4748; x_wconf 85' lang='grc' dir='ltr'>αὑτὸς</span> <span class='ocrx_word' id='word_1_655' title='bbox 972 4684 1326 4755; x_wconf 79' lang='grc' dir='ltr'>χρηματίζων</span> <span class='ocrx_word' id='word_1_656' title='bbox 1376 4684 1530 4747; x_wconf 83' lang='grc' dir='ltr'>Υἱός·</span> <span class='ocrx_word' id='word_1_657' title='bbox 1566 4685 1671 4755; x_wconf 80' lang='grc' dir='ltr'><strong>πρὸ</strong></span> 
     </span>
    </p>
   </div>
   <div class='ocr_carea' id='block_1_92' title="bbox 88 4774 1669 4855">
    <p class='ocr_par' dir='ltr' id='par_1_92' title="bbox 88 4774 1669 4855">
     <span class='ocr_line' id='line_1_92' title="bbox 88 4774 1669 4855; baseline -0.007 -17"><span class='ocrx_word' id='word_1_658' title='bbox 88 4787 165 4853; x_wconf 70' lang='grc' dir='ltr'><strong>μὲν</strong></span> <span class='ocrx_word' id='word_1_659' title='bbox 190 4788 295 4855; x_wconf 76' lang='grc' dir='ltr'>τῆς</span> <span class='ocrx_word' id='word_1_660' title='bbox 322 4780 807 4851; x_wconf 79' lang='grc' dir='ltr'>ἐνανθρωπὴσεως</span> <span class='ocrx_word' id='word_1_661' title='bbox 832 4778 905 4840; x_wconf 82' lang='grc' dir='ltr'>ὡς</span> <span class='ocrx_word' id='word_1_662' title='bbox 935 4777 1173 4845; x_wconf 77' lang='grc' dir='ltr'>ἄσαρκος</span> <span class='ocrx_word' id='word_1_663' title='bbox 1203 4776 1282 4829; x_wconf 78' lang='grc' dir='ltr'>ἔτι.</span> <span class='ocrx_word' id='word_1_664' title='bbox 1312 4777 1502 4843; x_wconf 86' lang='grc' dir='ltr'>Λόγος,</span> <span class='ocrx_word' id='word_1_665' title='bbox 1534 4774 1669 4845; x_wconf 85' lang='grc' dir='ltr'><strong>μετά</strong></span> 
     </span>
    </p>
   </div>
   <div class='ocr_carea' id='block_1_93' title="bbox 84 4864 1671 4949">
    <p class='ocr_par' dir='ltr' id='par_1_93' title="bbox 84 4864 1671 4949">
     <span class='ocr_line' id='line_1_93' title="bbox 84 4864 1671 4949; baseline -0.005 -23"><span class='ocrx_word' id='word_1_666' title='bbox 84 4877 124 4929; x_wconf 64' lang='lat' dir='ltr'><strong>Ea</strong></span> <span class='ocrx_word' id='word_1_667' title='bbox 151 4879 247 4949; x_wconf 76' lang='grc' dir='ltr'>τὴν</span> <span class='ocrx_word' id='word_1_668' title='bbox 278 4871 711 4945; x_wconf 78' lang='grc' dir='ltr'>ὲνανθρώπησιν</span> <span class='ocrx_word' id='word_1_669' title='bbox 735 4868 816 4921; x_wconf 75' lang='grc' dir='ltr'>ἔτι</span> <span class='ocrx_word' id='word_1_670' title='bbox 841 4869 868 4921; x_wconf 94' lang='lat'><strong>6</strong></span> <span class='ocrx_word' id='word_1_671' title='bbox 897 4867 1057 4929; x_wconf 82' lang='grc' dir='ltr'>αὐτὸς</span> <span class='ocrx_word' id='word_1_672' title='bbox 1080 4869 1136 4919; x_wconf 86' lang='grc' dir='ltr'>ὲν</span> <span class='ocrx_word' id='word_1_673' title='bbox 1164 4864 1376 4936; x_wconf 85' lang='grc' dir='ltr'>σώματι</span> <span class='ocrx_word' id='word_1_674' title='bbox 1398 4865 1438 4918; x_wconf 78' lang='grc' dir='ltr'>ι.</span> <span class='ocrx_word' id='word_1_675' title='bbox 1460 4866 1671 4935; x_wconf 79' lang='grc' dir='ltr'>Ταύτη-</span> 
     </span>
    </p>
   </div>
   <div class='ocr_carea' id='block_1_94' title="bbox 85 4956 1665 5039">
    <p class='ocr_par' dir='ltr' id='par_1_94' title="bbox 85 4956 1665 5039">
     <span class='ocr_line' id='line_1_94' title="bbox 85 4956 1665 5039; baseline -0.006 -21"><span class='ocrx_word' id='word_1_676' title='bbox 85 4970 148 5021; x_wconf 70' lang='grc' dir='ltr'><strong>τοί</strong></span> <span class='ocrx_word' id='word_1_677' title='bbox 180 4985 370 5039; x_wconf 64' lang='grc' dir='ltr'>φαμεν</span> <span class='ocrx_word' id='word_1_678' title='bbox 399 4965 495 5017; x_wconf 88' lang='grc' dir='ltr'><strong>τὸν</strong></span> <span class='ocrx_word' id='word_1_679' title='bbox 528 4962 694 5015; x_wconf 82' lang='grc' dir='ltr'>αὑτὸν</span> <span class='ocrx_word' id='word_1_680' title='bbox 722 4960 990 5030; x_wconf 89' lang='grc' dir='ltr'>ὑπάρχειν</span> <span class='ocrx_word' id='word_1_681' title='bbox 1020 4958 1152 5011; x_wconf 87' lang='grc' dir='ltr'>Θεόν</span> <span class='ocrx_word' id='word_1_682' title='bbox 1179 4974 1237 5008; x_wconf 89' lang='grc' dir='ltr'><strong>τε</strong></span> <span class='ocrx_word' id='word_1_683' title='bbox 1269 4956 1404 5026; x_wconf 86' lang='grc' dir='ltr'>ὁμοῦ</span> <span class='ocrx_word' id='word_1_684' title='bbox 1449 4957 1543 5009; x_wconf 69' lang='grc' dir='ltr'>καὶ</span> <span class='ocrx_word' id='word_1_685' title='bbox 1570 4958 1665 5008; x_wconf 79' lang='grc' dir='ltr'><strong>ἄν·</strong></span> 
     </span>
    </p>
   </div>
   <div class='ocr_carea' id='block_1_95' title="bbox 86 5048 1664 5130">
    <p class='ocr_par' dir='ltr' id='par_1_95' title="bbox 86 5048 1664 5130">
     <span class='ocr_line' id='line_1_95' title="bbox 86 5048 1664 5130; baseline -0.006 -20"><span class='ocrx_word' id='word_1_686' title='bbox 86 5060 306 5130; x_wconf 67' lang='grc' dir='ltr'>θρωπον,</span> <span class='ocrx_word' id='word_1_687' title='bbox 337 5060 401 5112; x_wconf 86' lang='grc' dir='ltr'><strong>ού</strong></span> <span class='ocrx_word' id='word_1_688' title='bbox 444 5054 751 5116; x_wconf 83' lang='grc' dir='ltr'>διιστάντες</span> <span class='ocrx_word' id='word_1_689' title='bbox 797 5054 877 5114; x_wconf 84' lang='grc' dir='ltr'><strong>είς</strong></span> <span class='ocrx_word' id='word_1_690' title='bbox 918 5050 1203 5119; x_wconf 85' lang='grc' dir='ltr'>ἄνθρωπον</span> <span class='ocrx_word' id='word_1_691' title='bbox 1249 5048 1429 5111; x_wconf 61' lang='lat' dir='ltr'><strong>tamn;</strong></span> <span class='ocrx_word' id='word_1_692' title='bbox 1471 5065 1529 5100; x_wconf 87' lang='grc' dir='ltr'><strong>τε</strong></span> <span class='ocrx_word' id='word_1_693' title='bbox 1570 5050 1664 5102; x_wconf 79' lang='grc' dir='ltr'><strong>καὶ</strong></span> 
     </span>
    </p>
   </div>
   <div class='ocr_carea' id='block_1_96' title="bbox 87 5140 1662 5223">
    <p class='ocr_par' dir='ltr' id='par_1_96' title="bbox 87 5140 1662 5223">
     <span class='ocr_line' id='line_1_96' title="bbox 87 5140 1662 5223; baseline -0.008 -22"><span class='ocrx_word' id='word_1_694' title='bbox 87 5154 339 5223; x_wconf 68' lang='grc' dir='ltr'>ἀναμέρος</span> <span class='ocrx_word' id='word_1_695' title='bbox 374 5148 643 5219; x_wconf 85' lang='grc' dir='ltr'>κείμενον</span> <span class='ocrx_word' id='word_1_696' title='bbox 692 5144 792 5213; x_wconf 81' lang='grc' dir='ltr'><strong>τὴν</strong></span> <span class='ocrx_word' id='word_1_697' title='bbox 835 5142 924 5193; x_wconf 77' lang='grc' dir='ltr'><strong>ἐπ’</strong></span> <span class='ocrx_word' id='word_1_698' title='bbox 953 5140 1100 5211; x_wconf 78' lang='grc' dir='ltr'>αὐτῷ</span> <span class='ocrx_word' id='word_1_699' title='bbox 1145 5140 1397 5209; x_wconf 82' lang='grc' dir='ltr'>θεωρίαν,</span> <span class='ocrx_word' id='word_1_700' title='bbox 1462 5140 1554 5190; x_wconf 74' lang='grc' dir='ltr'><strong>καὶ</strong></span> <span class='ocrx_word' id='word_1_701' title='bbox 1586 5141 1662 5201; x_wconf 78' lang='grc' dir='ltr'>εἰς</span> 
     </span>
    </p>
   </div>
   <div class='ocr_carea' id='block_1_97' title="bbox 88 5230 1660 5311">
    <p class='ocr_par' dir='ltr' id='par_1_97' title="bbox 88 5230 1660 5311">
     <span class='ocr_line' id='line_1_97' title="bbox 88 5230 1660 5311; baseline -0.008 -18"><span class='ocrx_word' id='word_1_702' title='bbox 88 5245 196 5295; x_wconf 67' lang='grc' dir='ltr'>θεὸν</span> <span class='ocrx_word' id='word_1_703' title='bbox 239 5244 417 5311; x_wconf 81' lang='grc' dir='ltr'>Λόγον</span> <span class='ocrx_word' id='word_1_704' title='bbox 453 5237 675 5301; x_wconf 78' lang='grc' dir='ltr'>ίδικῶς·</span> <span class='ocrx_word' id='word_1_705' title='bbox 708 5236 794 5289; x_wconf 83' lang='grc' dir='ltr'><strong>ἵνα</strong></span> <span class='ocrx_word' id='word_1_706' title='bbox 840 5234 915 5303; x_wconf 81' lang='grc' dir='ltr'>μὴ</span> <span class='ocrx_word' id='word_1_707' title='bbox 955 5232 1047 5284; x_wconf 88' lang='grc' dir='ltr'><strong>δύο</strong></span> <span class='ocrx_word' id='word_1_708' title='bbox 1085 5231 1294 5301; x_wconf 81' lang='grc' dir='ltr'>νοῶμεν</span> <span class='ocrx_word' id='word_1_709' title='bbox 1339 5231 1507 5294; x_wconf 71' lang='grc' dir='ltr'>υἱοὺς,</span> <span class='ocrx_word' id='word_1_710' title='bbox 1548 5230 1660 5281; x_wconf 85' lang='grc' dir='ltr'>ἀλλ’</span> 
     </span>
    </p>
   </div>
   <div class='ocr_carea' id='block_1_98' title="bbox 1074 5406 1561 5471">
    <p class='ocr_par' dir='ltr' id='par_1_98' title="bbox 1074 5406 1561 5471">
     <span class='ocr_line' id='line_1_98' title="bbox 1074 5406 1561 5471; baseline -0.002 -9"><span class='ocrx_word' id='word_1_711' title='bbox 1074 5409 1156 5462; x_wconf 79' lang='grc'><strong>⁸³1</strong></span> <span class='ocrx_word' id='word_1_712' title='bbox 1191 5408 1333 5462; x_wconf 86' lang='lat' dir='ltr'><strong>Tim.</strong></span> <span class='ocrx_word' id='word_1_713' title='bbox 1366 5424 1443 5471; x_wconf 87' lang='grc' dir='ltr'>ιιι,</span> <span class='ocrx_word' id='word_1_714' title='bbox 1481 5406 1561 5461; x_wconf 79' lang='grc'><strong>16.</strong></span> 
     </span>
    </p>
   </div>
   <div class='ocr_carea' id='block_1_99' title="bbox 150 5412 992 5485">
    <p class='ocr_par' dir='ltr' id='par_1_99' title="bbox 150 5412 992 5485">
     <span class='ocr_line' id='line_1_99' title="bbox 150 5412 992 5485; baseline -0.011 -10"><span class='ocrx_word' id='word_1_715' title='bbox 150 5424 185 5452; x_wconf 88' lang='lat'>“</span> <span class='ocrx_word' id='word_1_716' title='bbox 209 5420 319 5476; x_wconf 79' lang='lat' dir='ltr'><strong>Jac.</strong></span> <span class='ocrx_word' id='word_1_717' title='bbox 352 5438 391 5485; x_wconf 90' lang='grc' dir='ltr'><strong>ι,</strong></span> <span class='ocrx_word' id='word_1_718' title='bbox 429 5420 520 5474; x_wconf 80' lang='lat' dir='ltr'><strong>l7.</strong></span> <span class='ocrx_word' id='word_1_719' title='bbox 603 5417 646 5448; x_wconf 83' lang='lat'>&quot;</span> <span class='ocrx_word' id='word_1_720' title='bbox 673 5415 839 5469; x_wconf 86' lang='lat' dir='ltr'><strong>llebr.</strong></span> <span class='ocrx_word' id='word_1_721' title='bbox 874 5429 911 5475; x_wconf 85' lang='grc' dir='ltr'><strong>ι,</strong></span> <span class='ocrx_word' id='word_1_722' title='bbox 939 5412 992 5466; x_wconf 84' lang='grc'>5.</span> 
     </span>
    </p>
   </div>
   <div class='ocr_carea' id='block_1_100' title="bbox 1773 4597 3345 4665">
    <p class='ocr_par' dir='ltr' id='par_1_100' title="bbox 1773 4597 3345 4665">
     <span class='ocr_line' id='line_1_100' title="bbox 1773 4597 3345 4665; baseline 0.001 -17"><span class='ocrx_word' id='word_1_723' title='bbox 1773 4607 1882 4649; x_wconf 90' lang='lat' dir='ltr'><strong>tum</strong></span> <span class='ocrx_word' id='word_1_724' title='bbox 1935 4598 2005 4651; x_wconf 88' lang='lat' dir='ltr'><strong>sit</strong></span> <span class='ocrx_word' id='word_1_725' title='bbox 2061 4597 2110 4649; x_wconf 91' lang='lat' dir='ltr'><strong>in</strong></span> <span class='ocrx_word' id='word_1_726' title='bbox 2136 4612 2379 4661; x_wconf 89' lang='lat' dir='ltr'><strong>carnem,</strong></span> <span class='ocrx_word' id='word_1_727' title='bbox 2416 4605 2475 4650; x_wconf 90' lang='lat' dir='ltr'><strong>ut</strong></span> <span class='ocrx_word' id='word_1_728' title='bbox 2508 4598 2663 4651; x_wconf 81' lang='lat' dir='ltr'><strong>modo</strong></span> <span class='ocrx_word' id='word_1_729' title='bbox 2712 4597 3024 4650; x_wconf 87' lang='lat' dir='ltr'><strong>dicebamus</strong></span> <span class='ocrx_word' id='word_1_730' title='bbox 3062 4614 3075 4662; x_wconf 93' lang='lat'><strong>;</strong></span> <span class='ocrx_word' id='word_1_731' title='bbox 3126 4598 3219 4651; x_wconf 86' lang='lat' dir='ltr'><strong>sed</strong></span> <span class='ocrx_word' id='word_1_732' title='bbox 3252 4613 3345 4665; x_wconf 79' lang='lat' dir='ltr'><strong>po-</strong></span> 
     </span>
    </p>
   </div>
   <div class='ocr_carea' id='block_1_101' title="bbox 1771 4683 3342 4755">
    <p class='ocr_par' dir='ltr' id='par_1_101' title="bbox 1771 4683 3342 4755">
     <span class='ocr_line' id='line_1_101' title="bbox 1771 4683 3342 4755; baseline 0.002 -17"><span class='ocrx_word' id='word_1_733' title='bbox 1771 4686 1876 4739; x_wconf 89' lang='lat' dir='ltr'><strong>tius</strong></span> <span class='ocrx_word' id='word_1_734' title='bbox 1944 4686 2084 4753; x_wconf 83' lang='lat' dir='ltr'><strong>quod</strong></span> <span class='ocrx_word' id='word_1_735' title='bbox 2150 4699 2371 4739; x_wconf 88' lang='lat' dir='ltr'><strong>carnem</strong></span> <span class='ocrx_word' id='word_1_736' title='bbox 2441 4700 2505 4738; x_wconf 80' lang='lat' dir='ltr'><strong>ex</strong></span> <span class='ocrx_word' id='word_1_737' title='bbox 2562 4697 2748 4739; x_wconf 83' lang='lat' dir='ltr'><strong>sancta</strong></span> <span class='ocrx_word' id='word_1_738' title='bbox 2797 4683 3019 4754; x_wconf 79' lang='lat' dir='ltr'><strong>Virgine</strong></span> <span class='ocrx_word' id='word_1_739' title='bbox 3074 4698 3342 4755; x_wconf 84' lang='lat' dir='ltr'><strong>sumptam</strong></span> 
     </span>
    </p>
   </div>
   <div class='ocr_carea' id='block_1_102' title="bbox 1771 4775 3339 4845">
    <p class='ocr_par' dir='ltr' id='par_1_102' title="bbox 1771 4775 3339 4845">
     <span class='ocr_line' id='line_1_102' title="bbox 1771 4775 3339 4845; baseline 0.004 -17"><span class='ocrx_word' id='word_1_740' title='bbox 1771 4776 2042 4845; x_wconf 86' lang='lat' dir='ltr'><strong>propriam</strong></span> <span class='ocrx_word' id='word_1_741' title='bbox 2065 4777 2163 4830; x_wconf 88' lang='lat' dir='ltr'><strong>sibi</strong></span> <span class='ocrx_word' id='word_1_742' title='bbox 2192 4776 2399 4841; x_wconf 88' lang='lat' dir='ltr'><strong>fecerit,</strong></span> <span class='ocrx_word' id='word_1_743' title='bbox 2419 4791 2558 4830; x_wconf 88' lang='lat' dir='ltr'><strong>unus</strong></span> <span class='ocrx_word' id='word_1_744' title='bbox 2578 4777 2826 4845; x_wconf 84' lang='lat' dir='ltr'><strong>idemque</strong></span> <span class='ocrx_word' id='word_1_745' title='bbox 2848 4775 3015 4832; x_wconf 83' lang='lat' dir='ltr'><strong>Filios</strong></span> <span class='ocrx_word' id='word_1_746' title='bbox 3044 4779 3339 4833; x_wconf 79' lang='lat' dir='ltr'><strong>exsistens:</strong></span> 
     </span>
    </p>
   </div>
   <div class='ocr_carea' id='block_1_103' title="bbox 1770 4868 3340 4937">
    <p class='ocr_par' dir='ltr' id='par_1_103' title="bbox 1770 4868 3340 4937">
     <span class='ocr_line' id='line_1_103' title="bbox 1770 4868 3340 4937; baseline 0.003 -16"><span class='ocrx_word' id='word_1_747' title='bbox 1770 4878 1895 4923; x_wconf 84' lang='lat' dir='ltr'><strong>ante</strong></span> <span class='ocrx_word' id='word_1_748' title='bbox 1940 4868 2366 4922; x_wconf 77' lang='lat' dir='ltr'><strong>incarnationem</strong></span> <span class='ocrx_word' id='word_1_749' title='bbox 2419 4869 2635 4937; x_wconf 88' lang='lat' dir='ltr'><strong>quidem</strong></span> <span class='ocrx_word' id='word_1_750' title='bbox 2670 4879 2921 4937; x_wconf 88' lang='lat' dir='ltr'><strong>tanquam</strong></span> <span class='ocrx_word' id='word_1_751' title='bbox 2954 4868 3189 4923; x_wconf 89' lang='lat' dir='ltr'><strong>Verbum</strong></span> <span class='ocrx_word' id='word_1_752' title='bbox 3221 4880 3340 4925; x_wconf 87' lang='lat' dir='ltr'><strong>tan-</strong></span> 
     </span>
    </p>
   </div>
   <div class='ocr_carea' id='block_1_104' title="bbox 1770 4960 3340 5027">
    <p class='ocr_par' dir='ltr' id='par_1_104' title="bbox 1770 4960 3340 5027">
     <span class='ocr_line' id='line_1_104' title="bbox 1770 4960 3340 5027; baseline 0.001 -15"><span class='ocrx_word' id='word_1_753' title='bbox 1770 4969 1883 5012; x_wconf 88' lang='lat' dir='ltr'><strong>tmn</strong></span> <span class='ocrx_word' id='word_1_754' title='bbox 1915 4960 2093 5013; x_wconf 89' lang='lat' dir='ltr'><strong>carnis</strong></span> <span class='ocrx_word' id='word_1_755' title='bbox 2131 4972 2323 5027; x_wconf 82' lang='lat' dir='ltr'><strong>expers</strong></span> <span class='ocrx_word' id='word_1_756' title='bbox 2354 4975 2369 5022; x_wconf 89' lang='lat'><strong>;</strong></span> <span class='ocrx_word' id='word_1_757' title='bbox 2404 4969 2523 5027; x_wconf 91' lang='lat' dir='ltr'><strong>post</strong></span> <span class='ocrx_word' id='word_1_758' title='bbox 2572 4960 2998 5013; x_wconf 88' lang='lat' dir='ltr'><strong>incarnationem</strong></span> <span class='ocrx_word' id='word_1_759' title='bbox 3034 4976 3160 5014; x_wconf 87' lang='lat' dir='ltr'><strong>vero</strong></span> <span class='ocrx_word' id='word_1_760' title='bbox 3203 4962 3340 5015; x_wconf 82' lang='lat' dir='ltr'><strong>idem</strong></span> 
     </span>
    </p>
   </div>
   <div class='ocr_carea' id='block_1_105' title="bbox 1771 5052 3338 5124">
    <p class='ocr_par' dir='ltr' id='par_1_105' title="bbox 1771 5052 3338 5124">
     <span class='ocr_line' id='line_1_105' title="bbox 1771 5052 3338 5124; baseline -0.001 -19"><span class='ocrx_word' id='word_1_761' title='bbox 1771 5052 1930 5124; x_wconf 83' lang='lat' dir='ltr'><strong>etiam</strong></span> <span class='ocrx_word' id='word_1_762' title='bbox 1966 5053 2016 5105; x_wconf 92' lang='lat' dir='ltr'><strong>in</strong></span> <span class='ocrx_word' id='word_1_763' title='bbox 2040 5067 2285 5119; x_wconf 89' lang='lat' dir='ltr'><strong>corpore.</strong></span> <span class='ocrx_word' id='word_1_764' title='bbox 2315 5052 2383 5105; x_wconf 83' lang='lat' dir='ltr'><strong>At</strong></span> <span class='ocrx_word' id='word_1_765' title='bbox 2425 5054 2553 5106; x_wconf 90' lang='lat' dir='ltr'><strong>hinc</strong></span> <span class='ocrx_word' id='word_1_766' title='bbox 2611 5063 2695 5107; x_wconf 82' lang='lat' dir='ltr'><strong>est</strong></span> <span class='ocrx_word' id='word_1_767' title='bbox 2760 5062 2818 5105; x_wconf 88' lang='lat' dir='ltr'><strong>ut</strong></span> <span class='ocrx_word' id='word_1_768' title='bbox 2875 5054 3120 5105; x_wconf 82' lang='lat' dir='ltr'><strong>eumdem</strong></span> <span class='ocrx_word' id='word_1_769' title='bbox 3172 5052 3338 5107; x_wconf 88' lang='lat' dir='ltr'><strong>Deum</strong></span> 
     </span>
    </p>
   </div>
   <div class='ocr_carea' id='block_1_106' title="bbox 1770 5142 3341 5205">
    <p class='ocr_par' dir='ltr' id='par_1_106' title="bbox 1770 5142 3341 5205">
     <span class='ocr_line' id='line_1_106' title="bbox 1770 5142 3341 5205; baseline 0.001 -12"><span class='ocrx_word' id='word_1_770' title='bbox 1770 5142 1928 5194; x_wconf 87' lang='lat' dir='ltr'><strong>simul</strong></span> <span class='ocrx_word' id='word_1_771' title='bbox 1967 5153 2020 5195; x_wconf 89' lang='lat' dir='ltr'><strong>et</strong></span> <span class='ocrx_word' id='word_1_772' title='bbox 2069 5143 2338 5196; x_wconf 88' lang='lat' dir='ltr'><strong>hominem</strong></span> <span class='ocrx_word' id='word_1_773' title='bbox 2398 5159 2518 5198; x_wconf 79' lang='lat' dir='ltr'><strong>esse</strong></span> <span class='ocrx_word' id='word_1_774' title='bbox 2556 5145 2819 5205; x_wconf 78' lang='lat' dir='ltr'><strong>dicamus,</strong></span> <span class='ocrx_word' id='word_1_775' title='bbox 2865 5160 2969 5197; x_wconf 88' lang='lat' dir='ltr'><strong>non</strong></span> <span class='ocrx_word' id='word_1_776' title='bbox 3025 5145 3341 5197; x_wconf 78' lang='lat' dir='ltr'><strong>divellcntes</strong></span> 
     </span>
    </p>
   </div>
   <div class='ocr_carea' id='block_1_107' title="bbox 1769 5233 3338 5304">
    <p class='ocr_par' dir='ltr' id='par_1_107' title="bbox 1769 5233 3338 5304">
     <span class='ocr_line' id='line_1_107' title="bbox 1769 5233 3338 5304; baseline 0 -19"><span class='ocrx_word' id='word_1_777' title='bbox 1769 5248 1889 5285; x_wconf 83' lang='lat' dir='ltr'><strong>cum</strong></span> <span class='ocrx_word' id='word_1_778' title='bbox 1951 5233 2000 5285; x_wconf 87' lang='lat' dir='ltr'><strong>in</strong></span> <span class='ocrx_word' id='word_1_779' title='bbox 2044 5233 2313 5286; x_wconf 86' lang='lat' dir='ltr'><strong>hominem</strong></span> <span class='ocrx_word' id='word_1_780' title='bbox 2358 5250 2597 5289; x_wconf 83' lang='lat' dir='ltr'><strong>seorsum</strong></span> <span class='ocrx_word' id='word_1_781' title='bbox 2632 5250 2725 5304; x_wconf 90' lang='lat' dir='ltr'><strong>per</strong></span> <span class='ocrx_word' id='word_1_782' title='bbox 2768 5250 2824 5289; x_wconf 83' lang='lat' dir='ltr'><strong>se</strong></span> <span class='ocrx_word' id='word_1_783' title='bbox 2868 5235 3122 5304; x_wconf 81' lang='lat' dir='ltr'><strong>positum,</strong></span> <span class='ocrx_word' id='word_1_784' title='bbox 3176 5246 3230 5287; x_wconf 91' lang='lat' dir='ltr'><strong>et</strong></span> <span class='ocrx_word' id='word_1_785' title='bbox 3287 5236 3338 5286; x_wconf 90' lang='lat' dir='ltr'><strong>in</strong></span> 
     </span>
    </p>
   </div>
   <div class='ocr_carea' id='block_1_108' title="bbox 1136 5558 2315 5629">
    <p class='ocr_par' dir='ltr' id='par_1_108' title="bbox 1136 5558 2315 5629">
     <span class='ocr_line' id='line_1_108' title="bbox 1136 5558 2315 5629; baseline -0.005 -10"><span class='ocrx_word' id='word_1_786' title='bbox 1136 5564 1309 5618; x_wconf 67' lang='lat' dir='ltr'><strong>Varia?</strong></span> <span class='ocrx_word' id='word_1_787' title='bbox 1345 5563 1606 5616; x_wconf 69' lang='lat' dir='ltr'><strong>lectiones</strong></span> <span class='ocrx_word' id='word_1_788' title='bbox 1630 5576 1690 5615; x_wconf 75' lang='lat' dir='ltr'><strong>ex</strong></span> <span class='ocrx_word' id='word_1_789' title='bbox 1726 5560 1911 5612; x_wconf 77' lang='lat' dir='ltr'><strong>codice</strong></span> <span class='ocrx_word' id='word_1_790' title='bbox 1939 5558 2315 5629; x_wconf 79' lang='lat' dir='ltr'><strong>Seguieriano.</strong></span> 
     </span>
    </p>
   </div>
   <div class='ocr_carea' id='block_1_109' title="bbox 159 5720 1421 5805">
    <p class='ocr_par' dir='ltr' id='par_1_109' title="bbox 159 5720 1421 5805">
     <span class='ocr_line' id='line_1_109' title="bbox 159 5720 1421 5805; baseline -0.017 -14"><span class='ocrx_word' id='word_1_791' title='bbox 159 5735 169 5783; x_wconf 79' lang='lat' dir='ltr'><strong>i</strong></span> <span class='ocrx_word' id='word_1_792' title='bbox 205 5738 427 5805; x_wconf 69' lang='grc' dir='ltr'>πέφηνε.</span> <span class='ocrx_word' id='word_1_793' title='bbox 512 5732 537 5769; x_wconf 70' lang='grc' dir='ltr'>ι</span> <span class='ocrx_word' id='word_1_794' title='bbox 568 5727 701 5799; x_wconf 78' lang='grc' dir='ltr'>γάρ.</span> <span class='ocrx_word' id='word_1_795' title='bbox 783 5723 800 5763; x_wconf 75' lang='grc' dir='ltr'>ι</span> <span class='ocrx_word' id='word_1_796' title='bbox 838 5727 865 5777; x_wconf 78' lang='grc' dir='ltr'><strong>ὸ</strong></span> <span class='ocrx_word' id='word_1_797' title='bbox 899 5724 1056 5785; x_wconf 74' lang='grc' dir='ltr'>αὐτὸς</span> <span class='ocrx_word' id='word_1_798' title='bbox 1091 5720 1421 5789; x_wconf 70' lang='grc' dir='ltr'>ἐνσιὶιματοςν</span> 
     </span>
    </p>
   </div>
   <div class='ocr_carea' id='block_1_110' title="bbox 270 5820 1039 5893">
    <p class='ocr_par' dir='ltr' id='par_1_110' title="bbox 270 5820 1039 5893">
     <span class='ocr_line' id='line_1_110' title="bbox 270 5820 1039 5893; baseline -0.02 0"><span class='ocrx_word' id='word_1_799' title='bbox 270 5834 553 5893; x_wconf 66' lang='lat' dir='ltr'><strong>Parnm.</strong></span> <span class='ocrx_word' id='word_1_800' title='bbox 597 5826 712 5883; x_wconf 80' lang='lat' dir='ltr'><strong>Gn.</strong></span> <span class='ocrx_word' id='word_1_801' title='bbox 774 5820 1039 5881; x_wconf 33' lang='lat' dir='ltr'><strong>LXXVI,</strong></span> 
     </span>
    </p>
   </div>
   <div class='ocr_carea' id='block_1_111' title="bbox 2946 5812 3014 5872">
    <p class='ocr_par' dir='ltr' id='par_1_111' title="bbox 2946 5812 3014 5872">
     <span class='ocr_line' id='line_1_111' title="bbox 2946 5812 3014 5872; baseline -0.015 0"><span class='ocrx_word' id='word_1_802' title='bbox 2946 5812 3014 5872; x_wconf 84' lang='lat' dir='ltr'><strong>lO</strong></span> 
     </span>
    </p>
   </div>
  </div>
