4042 6476
670 385 778 443 299

1709 330 1765 436 S.
1807 377 2087 434 CYRILLI
2125 376 2599 434 ALEXANDRIN‘I
2637 377 2962 435 ARCHIEP.

3841 379 3958 437 300

675 499 842 555 Deum
873 497 1109 553 Verbum
1151 497 1441 567 sejunctim
1480 510 1576 565 per
1629 510 1688 551 se
1723 497 2152 560 consideratam,
2197 512 2261 551 ne

2370 496 2463 549 ἕνα
2499 497 2709 550 καὶτὸν
2753 497 2916 550 αὐτὸν
2942 495 3330 567 ὁμολογοῦντες
3356 496 3446 551 τὸν
3491 497 3656 551 αὐτὸν
3693 498 3958 569 Χριστὸν,

670 593 807 646 duos
859 592 960 645 hac
1022 590 1233 645 ratione
1305 588 1448 644 ﬁlios
1499 587 2027 658 intelligamus;sed
2094 603 2257 640 unum

669 681 1025 750 eamdemque
1056 679 1334 734 Christum
1391 687 1446 733 et
1492 677 1690 733 Filium
1737 687 1789 733 et
1831 677 2115 732 Dominum
2140 692 2260 733 esse

670 771 1009 827 conmentes.
1030 771 1132 837 Qui
1164 779 1346 824 autem
1381 769 1484 824 hoc
1507 783 1668 825 secus
1692 769 1898 824 habere
1919 769 2257 831 existimant,

670 873 762 915 aut
811 878 916 916 non
955 863 1031 916 ita
1073 862 1263 917 volunt
1307 863 1558 925 credere,
1617 862 1714 914 sed
1759 875 1923 913 unum
1951 860 2147 914 Filium
2205 860 2259 914 in

671 958 806 1009 duos
829 954 1249 1022 dispertiuntur,
1271 965 1326 1010 et
1363 970 1482 1024 quae
1531 966 1590 1007 re
1617 952 1732 1022 ipsa
1778 952 2063 1022 conjuncta
2113 961 2259 1016 sunt,

671 1062 700 1100 a
746 1061 804 1100 se
864 1046 1216 1116 disiungunt,
1287 1046 1545 1116 aiuntque
1613 1044 1886 1100 hominem
1961 1043 2259 1098 secundum

671 1139 948 1206 dignitatis
1002 1138 1082 1190 vel
1146 1138 1485 1192 auctoritatis
1531 1135 1867 1190 consortium
1928 1135 2037 1188 Deo
2129 1148 2262 1188 con-

665 1230 911 1298 junctum
943 1243 1062 1283 esse
1095 1246 1108 1293 ;
1144 1243 1239 1282 eos
1268 1242 1296 1280 a
1325 1237 1472 1282 recta
1502 1227 1887 1296 inculpataque
1919 1227 2024 1281 [ide
2054 1225 2260 1281 alienos

671 1321 920 1374 dicimus.
977 1318 1237 1383 Quamvis
1284 1333 1415 1387 ergo
1477 1321 1755 1386 apostolus
1818 1317 2126 1371 nominetur
2158 1318 2254 1381 η’,

674 1423 979 1481 unctusque
1010 1420 1066 1466 et
1092 1409 1184 1464 Dei
1225 1407 1396 1464 Filius
1436 1409 1751 1479 designatus
1791 1408 2008 1464 dicatur
2042 1409 2107 1470 ιδ,
2154 1425 2258 1464 non

673 1503 1049 1558 erubescimus
1115 1501 1595 1569 dispensationem.
1666 1497 2015 1553 Amrmamus
2077 1509 2259 1553 autem

675 1595 767 1646 Dei
797 1593 974 1647 Patris
1011 1591 1244 1646 Verbum
1282 1601 1412 1645 tunc
1460 1590 1678 1644 demum
1723 1590 2026 1660 apostolum
2081 1591 2259 1644 nomi-

675 1696 884 1750 natum,
932 1693 985 1740 ει
1008 1685 1286 1739 nobiscum
1339 1682 1637 1738 secundum
1666 1683 2057 1737 humanitatem
2104 1683 2263 1737 inuu-

673 1789 818 1830 ctum
850 1792 994 1840 esse,
1024 1779 1242 1844 quando
1267 1775 1459 1829 similis
1495 1772 1656 1844 149
1683 1773 1840 1828 nobis
1866 1773 2028 1828 homo
2060 1773 2257 1828 factum

2363 589 2458 639 καὶ
2491 588 2638 650 Υίὸν,
2674 590 2768 642 καὶ
2797 589 3025 658 Κύριον.
3058 589 3196 652 Τοὺς
3220 588 3276 641 δὲ
3305 589 3380 660 μὴ
3410 588 3582 652 οὕτως
3615 590 3760 659 ἔχειν
3797 591 3962 644 ὑπει-

2363 678 2627 748 ληφότας,
2663 679 2829 748 ἤγουν
2862 681 3138 732 πιστεύειν
3189 678 3490 743 ἐθέλοντας,
3524 680 3860 750 διορίζοντας
3899 682 3962 735 δὲ

2362 771 2442 831 εἰς
2465 769 2610 832 υἱοὺς
2637 768 2730 822 δύο
2755 770 2844 822 τὸν
2871 770 2988 834 ἕνα,
3025 770 3119 822 καὶ
3149 769 3456 834 διιστάντας
3487 771 3584 823 ἀπ’
3613 770 3862 840 ἀλλήλων
3888 771 3963 823 τά

2364 860 2616 931 ἡνωμένα
2661 859 2805 914 κατὰ
2834 860 3114 930 ἀλήθειαν,
3147 861 3456 929 φάσκοντας
3495 861 3552 914 δὲ
3591 861 3733 914 κατά
3782 861 3963 930 μόνην

2361 952 2463 1022 τὴν
2492 951 2669 1018 ἀξίαν,
2698 954 2818 1022 ἦτοι
2861 952 3168 1016 αὐθεντίαν,
3205 952 3496 1023 ἀνθρώπου
3531 951 3790 1020 γενέσθαι
3826 968 3963 1003 συν-

2364 1043 2561 1112 άφειαν
2582 1044 2720 1114 πρὸς
2743 1043 2897 1108 Θεὸν,
2924 1044 3021 1113 τῆς
3050 1043 3235 1114 ὀρθῆς,
3260 1045 3353 1096 καὶ
3374 1044 3683 1114 ἀμωμήτου
3716 1043 3963 1104 πίστεως

2363 1133 2678 1204 ἀλλοτρίους
2711 1129 2854 1186 εἶναί
2889 1151 3094 1204 φαμεν.
3131 1133 3294 1187 Ὥστε
3351 1133 3456 1185 κάν
3490 1132 3786 1194 ἀπόστολος
3837 1132 3963 1183 ὀνο-

2366 1223 2626 1296 μάζηται,
2663 1226 2764 1279 κᾶν
2796 1225 3079 1296 κεχρῖσθαι
3125 1224 3374 1293 λέγηται,
3408 1223 3503 1277 καὶ
3535 1223 3615 1286 είς
3661 1223 3789 1275 Υιὸν
3818 1220 3958 1290 Copi-

2366 1316 2489 1370 σθαι
2530 1315 2688 1380 Θεοῦ,
2714 1317 2814 1369 οὐκ
2858 1315 3229 1385 αἰσχυνόμεθα
3269 1315 3366 1385 τὴν
3391 1314 3724 1385 οἰκονομίαν.
3780 1313 3963 1366 Αὑτὸν

2361 1406 2420 1460 δέ
2453 1425 2633 1479 φαμεν
2664 1409 2755 1460 τὸν
2786 1410 2851 1461 ὲκ
2887 1407 3021 1460 Θεοῦ
3049 1408 3264 1476 Πατρὸς
3293 1407 3488 1475 Λόγον,
3529 1407 3618 1458 ὅτε
3653 1405 3773 1458 καθ’
3806 1407 3963 1473 ἡμᾶς

2363 1500 2586 1568 γέγονεν
2613 1501 2920 1571 ἄνθρωπος,
2949 1499 3267 1568 ὠνομάσθαι
3303 1499 3368 1568 δὴ
3414 1499 3536 1551 τότε
3577 1498 3671 1550 καὶ
3722 1499 3963 1550 ἀπόστο‹

2363 1591 2473 1656 λον,
2505 1593 2600 1644 καὶ
2634 1591 2921 1662 κεχρῖσθαι
2959 1591 3016 1644 δὲ
3059 1591 3181 1660 μεθ’
3222 1590 3380 1660 ἡμῶν
3409 1593 3551 1643 κατὰ
3577 1590 3638 1643 τὸ
3679 1588 3963 1654 ἀνθρώπι-

2364 1703 2474 1739 νον.
2521 1685 2580 1738 'O
2623 1686 2733 1756 γὰρ
2763 1685 3001 1753 γεγονὼς
3049 1683 3171 1738 καθ’
3214 1685 3385 1754 ἡμᾶς,
3431 1685 3479 1735 εί
3511 1683 3602 1735 καὶ⁵
3651 1683 3963 1751 μεμένηκεν

2364 1778 2502 1848 ὅπερ
2547 1772 2638 1848 ἦν,
2700 1778 2762 1829 οὐ
2810 1778 3158 1847 παραιτεῖται
3208 1775 3278 1828 τά
3329 1775 3508 1844 ἡμῶν.
3571 1774 3865 1844 Προσίεται
3915 1773 3963 1823 δὲ

672 1879 773 1920 est.
807 1865 909 1932 Qui
947 1867 1092 1920 enim
1149 1865 1303 1919 nobis
1335 1863 1681 1918 assimilatus
1713 1873 1819 1927 est,
1856 1863 1983 1918 licet
2025 1865 2076 1918 id
2111 1865 2255 1933 quod

2367 1836 2733 1938 μᾶλλονόμοῦ
2763 1836 3005 1938 τοῖςιτῆς
3043 1836 3463 1935 ἀνθρωπότητος
3512 1836 3731 1933 μέτροις
3764 1862 3836 1914 τά
3876 1862 3963 1914 ἀν⁴

674 1968 792 2012 erat
843 1957 1123 2021 manserit,
1175 1972 1295 2025 qua:
1339 1962 1526 2009 nostra
1570 1963 1696 2009 sunt
1761 1969 1866 2009 non
1922 1965 2252 2010 aversatur:

676 2050 784 2102 imo
808 2062 936 2101 vero
977 2055 1205 2116 propter
1260 2047 1722 2116 dispensationem
1775 2061 1839 2099 ea
1890 2047 2093 2111 omnia,
2137 2061 2256 2115 qua:

676 2139 740 2192 ad
766 2141 1060 2192 humanam
1104 2146 1355 2191 naturam
1394 2137 1694 2206 pertinent,
1727 2151 1850 2190 cum
1895 2136 2253 2192 humanitatis

2364 1958 2612 2030 θρὼπινα
2635 1959 2722 2011 διά
2751 1959 2851 2029 τὴν
2887 1957 3221 2027 οἰκονομίαν,
3268 1955 3424 2008 οὐδὲν
3474 1953 3725 2008 ἐντεῦθεν
3753 1955 3838 2015 εἰς
3889 1955 3963 2006 ob

2362 2052 2516 2104 κείαν
2547 2050 2905 2119 ἀδικούμενος
2929 2049 3106 2113 δόξαν,
3141 2048 3173 2117 ἢ
3208 2047 3368 2116 φύσιν
3400 2064 3414 2076 ·
3452 2046 3570 2098 ἔστι
3613 2047 3721 2114 γάρ
3755 2045 3845 2098 ἔτι
3875 2046 3963 2099 καΊ

2361 2140 2505 2194 οὕτω
2536 2141 2691 2205 Θεὸς,
2723 2143 2819 2194 καὶ
2846 2141 2955 2194 τῶν
2981 2141 3119 2193 ὅλων
3163 2138 3390 2208 Κύριος.

675 2227 944 2283 mensuris
974 2226 1135 2280 simul
1198 2226 1489 2280 admittit:
1543 2239 1718 2293 neque
1746 2225 1914 2279 ullum
1983 2226 2109 2280 hinc
2143 2236 2325 2283 tamen
2362 2232 2659 2285 secundum
2713 2232 2987 2301 propriam
3042 2239 3322 2295 naturam,
3375 2226 3460 2283 vel
3509 2227 3758 2300 gloriam,
3783 2228 3963 2282 detri-

676 2335 916 2378 mentum
968 2321 1161 2390 capit:
1200 2337 1282 2375 est
1325 2321 1472 2375 enim
1526 2321 1706 2375 adlmc
1742 2321 1909 2375 etiam
1955 2322 2058 2376 hoc
2094 2325 2255 2379 modo
2295 2326 2435 2382 Deus
2459 2342 2524 2382 ac
2563 2328 2826 2382 Dominus
2863 2327 3134 2381 omnium.

1085 2436 1730 2495 ANATHEMATISMUS
1767 2438 1854 2495 ill.

746 2553 805 2608 Si
833 2553 954 2622 quis
991 2552 1043 2606 in
1081 2565 1190 2605 uno
1221 2551 1437 2607 Christo
1469 2561 1591 2620 post
1630 2553 1886 2606 unionem
1927 2552 2121 2606 dividit
2155 2555 2256 2624 hy-

675 2655 944 2715 postases,
983 2644 1241 2712 ipsasque
1289 2657 1352 2695 ea
1410 2651 1618 2696 tantum
1667 2644 2060 2713 conjunctione
2119 2645 2262 2699 inter

675 2752 734 2791 se
761 2733 1056 2796 connectit,
1080 2747 1199 2801 quae
1221 2742 1304 2785 est
1334 2734 1632 2787 secundum
1666 2735 2004 2803 dignitatem,
2057 2737 2160 2790 huc
2180 2748 2262 2792 est

675 2828 1078 2888 auctoritatem,
1136 2821 1219 2878 vel
1277 2834 1623 2893 potestatem,
1676 2836 1734 2879 et
1793 2842 1898 2880 non
1952 2841 2017 2880 eo
2081 2829 2260 2893 potius

675 2933 962 2980 concursu,
990 2916 1080 2984 qui
1130 2925 1214 2971 est
1252 2917 1550 2970 secundum
1611 2917 1919 2972 naturalem
1953 2919 2205 2974 unionem
2243 2936 2255 2971 :

676 3009 964 3062 anathema
998 3006 1085 3060 sit.

1228 3118 1527 3173 Declaralio
1563 3121 1742 3173 tertia.

750 3233 1020 3287 lncarnati
1081 3231 1354 3302 Unigeniti
1418 3233 1875 3301 dispensatorium
1947 3238 2261 3306 mysterium

678 3333 929 3377 accurate
953 3321 1312 3389 inquirentes,
1339 3319 1436 3374 Dei
1476 3317 1656 3374 Patris
1686 3319 1923 3375 Verbum
1949 3321 2262 3376 admirabili

681 3413 1154 3483 inexplicabilique
1217 3413 1398 3477 modo,
1459 3421 1654 3467 sancto
1724 3413 1941 3483 corpori
2022 3415 2261 3468 animam

681 3507 910 3561 rationis
940 3514 1247 3574 compotem
1287 3504 1509 3559 habenti
1556 3505 1765 3559 unitum
1788 3505 2068 3572 dicimus;
2102 3516 2264 3574 atque

680 3604 752 3653 ita
775 3615 988 3669 quoque
1021 3614 1185 3654 unum
1225 3612 1345 3652 esse
1379 3596 1577 3652 Filium
1606 3597 1982 3668 intelligimus;
2003 3600 2265 3668 quemad-

682 3692 899 3747 modum
933 3692 1186 3745 nimirum
1235 3697 1288 3745 et
1330 3690 1383 3742 in
1429 3689 1587 3744 nobis
1633 3689 1765 3759 ipsis
1820 3705 2047 3746 cernere
2104 3691 2258 3746 licet:

682 3795 812 3839 sunt
842 3797 972 3838 sane
1005 3783 1184 3836 anima
1239 3790 1302 3837 et.
1340 3795 1536 3850 corpus
1564 3790 1771 3834 natura:
1802 3781 2050 3849 diversae,
2074 3790 2130 3837 at
2160 3783 2264 3837 duo

683 3879 797 3931 lucc
833 3879 975 3930 inter
1023 3890 1082 3928 se
1117 3873 1404 3940 conjuncta
1456 3888 1622 3925 unum
1673 3873 1877 3927 animal
1905 3876 2264 3930 constituunt.

680 3969 880 4022 Verum
921 3976 1045 4021 sunt
1088 3965 1177 4033 qui
1207 3965 1365 4017 aliter
1400 3964 1515 4017 hac
1550 3963 1752 4017 habere
1789 3964 2102 4032 opinantur.
2136 3964 2264 4019 Sta-

684 4069 840 4113 tuunt
889 4059 942 4112 bi
997 4059 1149 4112 nobis
1186 4058 1464 4112 hominem
1520 4069 1765 4109 seorsum
1801 4069 1896 4124 per
1926 4070 2006 4120 se,
2031 4071 2267 4128 eumque

683 4151 774 4204 Dci
799 4149 975 4203 Patris
1016 4148 1191 4202 Verbo
1233 4148 1527 4203 secundum
1563 4147 1734 4201 solam
1775 4147 2095 4218 dignitatem
2151 4147 2268 4204 sive

682 4242 1066 4296 auctoritatem
1120 4239 1469 4310 conjunctum
1503 4240 1692 4294 dicunt
1727 4255 1743 4305 ;
1786 4239 2081 4295 secundum
2111 4250 2268 4293 natu-

681 4335 848 4388 ralem
902 4343 1104 4395 autem,
1164 4332 1267 4385 hoc
1311 4341 1415 4397 est,
1475 4347 1656 4385 veram
1684 4332 1964 4394 unionem,
1991 4341 2132 4386 etut
2171 4347 2268 4386 nos

680 4426 971 4490 credimus,
1005 4438 1370 4493 nequaquam.
1417 4420 1552 4476 Nam
1597 4423 1671 4476 ita
1703 4423 1866 4476 etiam
1908 4423 2087 4476 divina
2119 4422 2269 4476 Scri—

683 4528 838 4587 ptura
866 4518 1032 4570 dicit:
1073 4535 1090 4567 ι
1127 4516 1190 4568 Et
1220 4530 1442 4569 eramus
1483 4525 1673 4568 natura
1725 4514 1818 4567 filii
1858 4516 1974 4578 ira},
2022 4514 2167 4568 sicut
2211 4524 2267 4568 et

684 4612 868 4666 caeleri
899 4611 941 4643 "
976 4627 990 4674 ;
1027 4629 1044 4662 ›
1083 4609 1234 4675 illud,
1268 4618 1481 4672 natura,
1531 4620 1756 4661 sumens
1794 4621 1914 4674 pro,
1973 4620 2121 4661 vere.
2161 4606 2262 4672 Qui

686 4705 866 4771 itaque
934 4701 1314 4755 subsistentias
1385 4707 1506 4768 post
1572 4697 1824 4751 unionem
1885 4696 2153 4762 dividunt,
2212 4706 2267 4750 et

684 4793 944 4860 singulas,
991 4793 1090 4845 hoc
1142 4803 1244 4856 est,
1305 4792 1471 4845 Deum
1519 4800 1573 4844 ct
1626 4790 1923 4854 hominem,
1971 4789 2262 4858 separatim

685 4897 909 4956 pommt,
941 4885 1211 4953 talemque
1242 4885 1454 4938 illarum
1494 4883 1740 4952 copulam
1775 4882 2114 4951 confingunt,
2145 4897 2263 4952 qua:

686 4979 982 5034 secundum
1056 4978 1224 5032 solum
1279 4977 1597 5046 dignitatem
1646 4973 1932 5043 cuntingit,
1990 4975 2062 5027 illi
2133 4975 2267 5028 duos

684 5071 907 5124 nntuinu
979 5068 1117 5123 lilios
1188 5071 1580 5130 constituunt;
1642 5082 1764 5122 cum
1838 5077 2015 5121 tamen
2079 5065 2265 5120 divina

687 5164 966 5231 Scriptura
991 5177 1157 5214 unum
1196 5161 1392 5214 Filium
1431 5170 1485 5213 et
1526 5161 1811 5213 Dominum
1851 5175 1971 5213 esse
2010 5157 2262 5213 afﬁrmet.

685 5253 863 5317 Quare
908 5261 1029 5319 post
1080 5265 1335 5304 arcanam
1396 5250 1541 5304 illaut
1596 5249 1868 5317 copulam,
1926 5249 2043 5302 sive
2092 5249 2260 5302 Deum

689 5345 933 5399 nomines
968 5343 1400 5406 Emmanuelem,
1455 5343 1796 5396 incarnatum
1839 5352 1893 5395 et
1939 5341 2262 5396 inhumana-

761 5503 825 5534 η’
851 5501 1011 5558 llebr.
1042 5519 1122 5568 tu,
1158 5503 1203 5556 l.
1285 5502 1327 5532 ”
1357 5501 1496 5556 Psal.
1535 5518 1680 5568 χειν,
1711 5501 1772 5567 8;
1805 5501 1967 5556 Hebr.
2001 5517 2042 5566 ι,
2071 5501 2124 5555 9.

2801 2440 3398 2495 ᾹΝΛΘΕΜΛἸῚΣΜΟΣ
3448 2441 3523 2494 Γν.

2433 2554 2501 2606 Εἴ
2522 2571 2604 2616 τις
2628 2554 2720 2607 ἐπὶ
2741 2553 2836 2607 τοῦ
2864 2554 2983 2617 ἑνὸς
3013 2554 3252 2624 Χριστοῦ
3277 2554 3478 2624 διαιρεῖ
3495 2553 3593 2615 τὰς
3627 2553 3963 2616 ὑποστάσεις

2367 2646 2505 2717 μετά
2523 2647 2622 2715 τὴν
2652 2647 2866 2711 ἕνωσιν,
2897 2647 3032 2717 μόνῃ
3076 2646 3362 2700 συνάπτων
3387 2646 3557 2708 αὐτὰς
3592 2644 3866 2715 συναφείᾳ
3903 2647 3963 2714 τῇ

2363 2737 2506 2789 κατά
2532 2737 2629 2807 τὴν
2658 2736 2835 2802 ἀξίαν,
2875 2737 3046 2806 ἤγουν
3077 2736 3391 2800 αύθεντίαν,
3425 2735 3458 2806 ἢ
3489 2735 3835 2800 δυναστείαν,
3874 2738 3963 2787 καὶ

2366 2829 2485 2898 οὐχὶ
2513 2830 2578 2900 δὴ
2605 2829 2804 2899 μᾶλλον
2833 2829 3052 2883 σύνοδον
3081 2828 3180 2900 τὴν
3203 2846 3238 2866 π’
3271 2829 3392 2882 καθ’
3415 2829 3610 2881 ἕνωσιν
3638 2829 3886 2898 φυσικήν
3910 2838 3963 2864 ηε

2367 2919 2616 2991 ἀνάθεμα
2654 2921 2814 2974 ἔστω.

2957 3027 3269 3092 Ἐπιλυσις
3309 3034 3381 3096 γ’.

2293 3136 2335 3193 C
2439 3142 2551 3210 Τῆς
2580 3141 2717 3212 μετά
2763 3141 2967 3213 σαρκὸς
3010 3140 3322 3210 οἰκονομίας
3352 3139 3447 3193 τοῦ
3483 3140 3829 3208 Μονογενοῦς
3868 3160 3963 3194 πο-

2363 3232 2879 3304 λυπραγμονοῦντες
2923 3234 2984 3286 τὸ
3018 3236 3338 3304 μυστήριον,
3388 3233 3705 3305 παραδόξως
3756 3251 3817 3284 τε
3875 3237 3963 3287 καΊ

2364 3325 2694 3395 άπορῤήτως
2756 3325 2998 3394 ήνῶσθαί
3057 3344 3238 3396 φαμεν
3291 3326 3434 3395 ἁγίῳ
3496 3325 3712 3395 σώματι
3774 3325 3963 3395 ψυχὴν

2365 3416 2540 3487 ἔχοντι
2562 3417 2809 3488 λογικὴν,
2854 3418 2946 3470 τὸν
2981 3420 3046 3470 ὲκ
3089 3418 3224 3471 Θεοῦ
3257 3419 3472 3488 Πατρὸς
3495 3417 3669 3484 Λόγον
3692 3434 3704 3447 ·
3758 3418 3861 3470 ἕνα
3910 3436 3963 3470 τε

2366 3509 2461 3562 καὶ
2501 3507 2650 3562 οὕτω
2695 3508 2925 3579 νοοῦμεν
2981 3509 3130 3572 Υἱὸν,
3185 3509 3438 3580 καθάπερ
3494 3509 3688 3579 ἀμέλει
3733 3510 3833 3561 καὶ
3880 3511 3963 3578 etp‘

2365 3600 2523 3671 ἡμῶν
2554 3600 2734 3654 αὐτῶν
2770 3600 2980 3667 ἔξεστιν
3009 3601 3160 3667 ίδεῖν,
3189 3602 3463 3671 ἑτεροφυᾶ
3508 3600 3608 3670 μὲν
3636 3599 3714 3670 τῷ
3746 3599 3963 3670 σώματι

2366 3694 2464 3764 τὴν
2509 3693 2708 3764 ψυχὴν,
2751 3692 2890 3764 πλὴν
2935 3695 3014 3756 εἰς
3052 3692 3111 3745 ἓν
3160 3693 3327 3763 ἄμφω
3366 3689 3506 3754 ζῶον
3546 3690 3963 3760 συντεθειμένα.

2380 3785 2519 3838 Ἀλλ’
2565 3786 2665 3855 οὐχ
2711 3783 2856 3838 οὕτω
2898 3784 3053 3836 ταῦτ’
3084 3783 3228 3854 ἔχειν
3274 3782 3563 3836 ύπονοοῦσί
3615 3800 3782 3845 τινες.
3837 3785 3963 3835 ’Λνη

2369 3876 2584 3948 θρωπον
2624 3876 2681 3929 δὲ
2712 3875 3020 3938 διιστάντες
3067 3877 3199 3946 ἡμῖν
3248 3874 3351 3928 ἀνά
3396 3875 3563 3945 μέρος
3609 3875 3702 3926 καὶ
3779 3874 3963 3937 ῑδικῶς

2370 3965 2640 4036 συνῆφθαί
2688 3983 2851 4033 φασιν
2909 3965 3072 4018 αὐτὸν
3117 3965 3195 4034 τῷ
3244 3967 3307 4017 ὲκ
3357 3965 3492 4017 Θεοῦ
3537 3963 3752 4034 Πατρὸς
3803 3965 3963 4031 φύντι

2369 4060 2527 4129 Λόγῳ
2551 4057 2696 4112 κατά
2728 4058 2898 4129 μόνην
2942 4056 3039 4128 τὴν
3085 4057 3265 4121 ἀξίαν,
3310 4058 3477 4128 ἤγουν
3510 4056 3608 4125 τὴν
3649 4056 3963 4112 αὐθεντίειιν⁴

2368 4153 2429 4205 οὐ
2471 4151 2591 4205 καθ’
2622 4152 2816 4204 ἕνωσιν
2851 4149 3105 4221 φυσικὴν,
3129 4150 3406 4203 τουτέστιν
3432 4149 3628 4220 ἀληθῆ,
3659 4149 3754 4203 καὶ
3793 4150 3963 4204 καθά-

2370 4262 2476 4313 περ
2519 4246 2678 4314 ήμεῖς
2732 4242 3082 4311 πιστεύομεν.
3113 4240 3269 4294 υῦτω
3310 4242 3417 4311 γάρ
3465 4239 3567 4293 πού
3600 4257 3734 4310 φησι
3789 4244 3888 4295 καὶ
3939 4245 3963 4312 ἡ

2371 4335 2490 4388 θεία
2522 4336 2713 4406 Γραφή
2739 4353 2751 4365 ·
2791 4354 2807 4384 ι
2843 4335 2953 4386 Καὶ
2990 4329 3133 4403 ἦμεν
3163 4332 3328 4385 τέκνα
3360 4330 3522 4400 φύσει
3545 4332 3736 4402 ὀργῆς,
3765 4332 3845 4396 ὡς
3879 4335 3963 4386 κα]

2369 4429 2418 4478 οἱ
2464 4426 2660 4489 λοιποὶ,
2715 4446 2732 4476 ι
2780 4425 2841 4477 τὸ
2873 4426 3075 4493 φύσει,
3112 4423 3232 4475 ἀντὶ
3272 4421 3400 4487 τοῦ,
3449 4421 3689 4490 άληθῶς,
3737 4422 3963 4492 λαμϐά-

2372 4537 2557 4574 νουσα.
2595 4520 2658 4570 Ol
2707 4518 3038 4588 διαιροῦντες
3079 4516 3257 4568 τοίνυν
3300 4515 3401 4578 τὰς
3444 4515 3777 4578 ὑποστάσεις
3829 4520 3963 4585 μετὰ

2370 4614 2472 4683 τὴν
2501 4613 2718 4672 ἕνωσιν,
2741 4610 2833 4663 καὶ
2859 4609 2965 4662 ἀνᾶ
3007 4608 3172 4680 μέρος
3213 4607 3451 4670 τιθέντες
3482 4607 3780 4677 ἑκατέραν,
3811 4625 3963 4660 τουτ-

2374 4705 2520 4756 έστιν
2559 4702 2846 4772 ἄνθρωπον
2899 4701 2993 4754 καὶ⁹
3047 4700 3199 4766 Θεὸν,
3266 4701 3362 4751 καὶ
3435 4699 3784 4760 ἐπινοοῦντες
3845 4717 3963 4751 συν‹

2371 4797 2568 4864 άφειαν
2598 4795 2780 4855 αὐτοῖς
2814 4793 2911 4864 τὴν
2946 4792 3087 4845 κατά
3112 4808 3174 4860 γε
3214 4792 3382 4860 μόνην
3414 4791 3513 4857 τὴν
3543 4789 3718 4854 ἀξίαν,
3742 4789 3842 4842 δύο
3869 4809 3963 4842 ποι.

2374 4889 2593 4950 πάντως
2645 4886 2864 4938 ἱστῶσιν
2925 4884 3104 4947 υἱούς·
3197 4882 3376 4935 καίτοι
3430 4883 3529 4952 τῆς
3600 4880 3963 4935 θεοπνεύστοι

2376 4981 2598 5050 Γραφῆς
2626 4978 2720 5030 ἕνα
2747 4977 3010 5046 λεγούσης
3060 4975 3203 5038 Υἱὸν,
3239 4975 3333 5026 καὶ
3367 4974 3591 5044 Κύριον.
3625 4973 3794 5025 Ὥστε
3831 4974 3963 5043 μετά

2374 5070 2472 5140 τὴν
2515 5070 2753 5139 ἄρρητον
2803 5067 3015 5130 ἕνωσιν,
3065 5065 3168 5118 κᾶν
3215 5065 3350 5118 Θεὸν
3390 5065 3665 5135 όνομάσῃς
3695 5064 3790 5115 τὸν
3842 5066 3963 5135 Ἐμι

2376 5160 2635 5232 μανουὴλ,
2671 5158 3025 5230 σαρκωθέντα
3060 5175 3118 5209 τε
3153 5157 3247 5209 καὶ
3284 5155 3787 5226 ὲνανθρωπήσαντα
3818 5157 3963 5209 νοικῦ⁴

2374 5269 2475 5324 μεν
2499 5254 2660 5322 ἡμεῖς
2685 5251 2775 5304 τὸν
2807 5253 2869 5303 ὲκ
2899 5248 3032 5302 Θεοῦ
3060 5249 3271 5320 Πατρὸς
3301 5248 3474 5315 Λόγον
3497 5264 3510 5279 ο
3544 5247 3648 5300 κᾶν
3673 5247 3772 5300 ἄνθ
3785 5266 3963 5317 ρωποκι

2371 5342 2556 5413 εἴπῃς,
2600 5341 2750 5394 οὐδὲν
2784 5335 2946 5412 ἦττον
2995 5340 3202 5392 ἐκεῖνον
3251 5337 3434 5403 αὐτὸν,
3476 5337 3533 5390 ὲν
3583 5337 3696 5403 τοῖς
3737 5336 3844 5407 τῆς
3885 5337 3963 5390 ἀν‹

2220 5499 2262 5530 ¹⁵
2289 5498 2487 5569 Ephes.
2516 5514 2578 5565 tt,
2619 5498 2670 5552 6.

1739 5656 1909 5712 Variae
1944 5655 2208 5712 lectiones
2234 5671 2300 5712 ex
2325 5656 2512 5713 codice
2543 5656 2926 5729 Seguieriauo.

744 5806 786 5837 ιι
815 5795 1016 5868 συνόδῳ
1049 5799 1137 5867 τῇ.
1216 5805 1239 5832 ε’
1275 5799 1500 5865 φυσικῇ.
