4042 6432
111 355 192 407 301
1159 346 1570 403 EXPIJCATIO
1611 344 1962 402 DUODECIM
2002 343 2333 401 CAPlTUM.

3280 339 3385 393 502

107 467 463 537 ϐρωτιότητος
525 467 748 537 μέτροις
801 466 1143 537 καθηγμένον
1194 464 1550 536 οἰκονομικῶς
1595 466 1709 516 ὲπι-

1816 471 1926 514 tttm
1953 460 2044 514 Dei
2089 459 2268 514 Patris
2297 457 2529 511 Verbum
2561 457 2866 527 accipimus
2898 471 2911 508 :
2954 454 3068 506 sive
3115 452 3386 506 hominem

105 558 476 628 γινώσκομεν.
521 558 810 626 Γεγονέναι
849 558 902 610 δέ
937 575 1118 628 φαμεν
1153 559 1365 628 αὐτὸνθ
1397 556 1568 610 ἁπτὸν
1615 555 1707 607 τὸν

105 651 316 719 ἀναφῆ·
375 651 589 721 ὁρατὸν
633 651 726 702 τὸν
775 652 1026 718 ἀόρατον.
1077 652 1152 703 Οὐ
1182 650 1290 719 γὰρ
1318 647 1385 720 ᾖ(
1429 647 1708 716 ἀλλότριον

104 743 259 794 αὐτοῦ
317 741 384 794 τὸ
449 742 655 795 ἐνωθὲν
689 742 840 812 αὐτῷ
893 743 1072 812 σῶμα,
1124 741 1152 794 ὃ
1200 742 1295 794 καὶ
1343 738 1516 792 ἁπτὸν
1569 733 1708 789 εἷναί

106 849 301 900 φαμεν,
343 833 448 884 καὶ
492 833 711 903 ὁρατόν.
752 834 890 895 Τοὺς
928 834 984 885 δὲ
1029 832 1104 903 μὴ
1144 831 1287 883 οὕτω
1328 829 1706 892 πιστεύοντας,

103 925 428 987 διιστῶντας
467 925 564 988 δὲ,
611 926 686 988 ώς
727 925 883 995 ἔφην,
921 925 1020 988 τὰς
1068 925 1393 986 ὑποστάσεις
1424 922 1564 992 μετὰ
1608 921 1707 991 τὴν

104 1016 314 1078 ἕνωσιν,
377 1017 479 1068 καὶ
534 1016 701 1084 ψιλὴν
758 1019 950 1080 αὐταῖς
1007 1018 1304 1087 συνάφειαν
1359 1015 1708 1077 ἐπινοοῦντας

104 1108 239 1160 κατὰ
283 1108 466 1178 μόνην
496 1109 598 1180 τὴν
651 1108 829 1172 ἀξίαν,
879 1110 1047 1178 ἧγουν
1080 1109 1387 1170 αὑθεντίαν,
1434 1108 1710 1178 ἀλλοτριοῖ

103 1200 202 1250 τῶν
241 1199 387 1268 ὀρθά
437 1200 787 1268 φρονούντων
834 1210 861 1249 Ρ
904 1203 932 1253 ὸ
966 1202 1324 1272 προκείμενος
1375 1199 1706 1269 ἀναθεματι-

106 1290 252 1357 σμός.

1807 551 2032 615 dixeris,
2073 567 2172 607 nos
2209 566 2364 620 teque
2421 550 2547 604 illttd
2577 550 2750 618 ipsum
2802 547 2930 618 (Dei
2972 543 3246 612 Verbum)
3294 559 3387 614 per

1806 644 2265 713 dispensationem
2304 644 2354 696 in
2397 656 2678 696 mensuras
2707 640 3064 695 humanitatis
3088 639 3386 692 demissum

1809 739 2177 806 agnoscimus.
2253 735 2494 788 Dicimus
2571 735 2751 803 itaque
2825 733 2998 801 ipsum
3061 731 3388 800 palpabilem

1810 827 2008 882 factum
2041 843 2181 892 esse,
2209 829 2300 897 qui
2339 826 2696 896 impalpabilis
2746 835 2860 891 est;
2892 835 2947 879 et
2972 825 3261 888 visibilem,
3296 823 3388 894 qui

1813 920 2118 977 invisibilis.
2153 920 2269 973 Non
2324 920 2468 974 enim
2510 920 2747 974 alienum
2792 928 2913 973 erat
2969 917 3130 986 150
3177 919 3244 970 ab
3300 916 3387 970 illo

1815 1027 2012 1080 corpus
2069 1012 2213 1080 quod
2238 1012 2342 1065 sibi
2383 1011 2578 1075 nnivit,
2617 1010 2755 1078 quod
2801 1010 2989 1077 utique
3032 1007 3300 1077 palpabile
3337 1015 3392 1061 et

1823 1104 2038 1158 visibile
2082 1103 2332 1158 dicimus.
2385 1103 2492 1157 Eos
2545 1117 2696 1165 vero,
2737 1104 2828 1172 qui
2873 1102 2944 1156 ita
2998 1115 3103 1154 non
3137 1100 3390 1161 credunt,

1811 1196 1902 1250 sed
1944 1194 2326 1248 subsistentias
2373 1205 2493 1261 post
2534 1193 2809 1248 unionem.
2853 1201 2911 1245 ut
2943 1190 3102 1244 modo
3157 1190 3391 1253 aiebam,

1813 1286 2336 1352 dividunt;eamque
2369 1285 2565 1337 nudam
2604 1284 2843 1352 Ipsarum
2899 1282 3149 1335 unionem
3175 1281 3392 1350 excogi-

105 1393 237 1447 tant,
268 1396 398 1450 qua
437 1382 490 1434 in
537 1382 650 1435 sola
720 1383 983 1452 dignitate
1042 1384 1156 1437 sive
1199 1382 1523 1436 auctoritate
1590 1379 1861 1443 consistit,
1902 1385 2218 1448 propositus
2286 1376 2373 1431 hic
2460 1375 2946 1430 anathematismus
2980 1375 3048 1427 ab
3089 1373 3155 1427 iis
3187 1371 3392 1427 alienos

102 1490 218 1527 esse
249 1476 470 1544 judicat
513 1476 605 1549 qui
654 1491 773 1545 quae
816 1488 959 1531 recta
1020 1488 1146 1530 sunt
1185 1478 1389 1531 sentire
1426 1484 1852 1531 consueverunt.

565 1588 1159 1642 ΑΝΑΘΕΜΑΤΙΣΜΟΣ
1197 1593 1269 1641 Δ’.

171 1700 235 1751 ΕΞ
268 1717 358 1762 τις
397 1700 722 1770 προσώποις
747 1702 920 1766 δυσὶν,
949 1703 1114 1771 ἤγουν
1137 1702 1487 1765 ὑποστάσεσι,
1518 1701 1615 1764 τὰς
1645 1716 1706 1752 τε

2220 1579 2862 1639 ANATHEMATISMUS
2901 1579 2991 1637 IV.

1886 1696 1943 1752 Si
1989 1697 2110 1766 quis
2158 1695 2369 1750 duabus
2415 1695 2664 1764 personis
2706 1695 2823 1749 sive
2867 1691 3252 1764 bypostasibus
3297 1705 3392 1745 eas

102 1794 156 1843 ὲν
183 1794 302 1854 τοῖς
334 1792 730 1859 εῦαγγελικοῖς
764 1793 859 1846 καὶ
889 1793 1267 1858 ἀποστολικοῖς
1301 1792 1704 1862 Συγγράμμασι

1815 1802 1968 1844 voces
2018 1785 2289 1852 attribuit,
2338 1800 2459 1856 quae
2503 1786 2555 1840 in
2600 1783 2928 1855 evangelicis
2978 1792 3033 1838 et
3082 1781 3394 1851 apostolicis

101 1882 350 1953 διανέμει
375 1882 645 1953 φωνὰς,ῆ
673 1884 765 1936 ἐπὶ
796 1884 1020 1954 Χριστῷ
1048 1886 1200 1955 παρὰ
1226 1885 1336 1937 τῶν
1361 1885 1530 1951 ἁγίων
1555 1884 1709 1950 λεγο-

106 1976 295 2042 μένας,
343 1977 379 2045 ἥ
435 1977 572 2046 παρ’
605 1975 774 2029 αὑτοῦ
815 1978 942 2048 περὶ
978 1978 1169 2030 ἑαυτοῦ
1193 1979 1339 2030 ··καὶ
1372 1979 1471 2037 τὰς
1507 1977 1605 2046 μὲν
1633 1975 1708 2039 ώς

103 2064 386 2135 ἀνθρώπῳ
431 2066 588 2134 παρά
640 2067 733 2118 τὸν
767 2068 832 2119 ὲκ
877 2067 1012 2120 Θεοῦ
1059 2068 1271 2137 Πατρὸς
1313 2068 1487 2135 Λόγον
1529 2066 1710 2130 ίδικῶς

105 2153 390 2224 νοουμένῳ
421 2155 756 2223 προσάπτει,
791 2156 888 2218 τὰς
917 2156 972 2209 δὲ
1003 2156 1076 2221 ώς
1108 2159 1432 2228 θεοπρεπεῖς
1463 2157 1609 2228 μόνῳ
1632 2156 1710 2227 τῷ

107 2244 166 2295 ἐκ
191 2242 334 2296 Θεοῦ
373 2242 595 2313 Πατρὸς
626 2244 815 2314 Λόγῳ·
858 2245 1110 2316 ἀνάθεμα
1137 2246 1296 2300 ἔστω.

703 2442 1125 2576 Ἐπίλυσιςῇ.

703 2553 884 2576 -1_____
927 2555 1016 2576 -ετ
1062 2554 1125 2576 ο-

187 2552 278 2605 Ἐν
312 2553 507 2622 μορφῇ
550 2553 645 2606 καὶ
677 2553 889 2624 ἰσότητι
924 2552 1198 2608 τοῦὌεοῦ
1235 2556 1330 2609 καὶ
1360 2555 1571 2626 Πατρὸς
1605 2556 1708 2610 ὑπ·-

108 2643 292 2713 άρχων
331 2645 360 2696 ὀ
386 2644 449 2708 ἐξ
479 2643 650 2696 αὑτοῦ
677 2645 875 2714 Λόγος,
907 2646 1008 2716 οὐχ
1033 2646 1326 2717 ἁρπαγμὸν
1372 2649 1617 2718 ἡγήσατο
1653 2647 1713 2699 τὸ

109 2731 247 2786 εἶναι
277 2729 378 2787 ἶσα
410 2733 558 2803 Θεῷ,
594 2733 782 2798 καθὼς
810 2734 1160 2806 γέγραπται·
1186 2736 1393 2806 καθῆκε
1422 2737 1479 2789 δὲ
1513 2736 1712 2808 μᾶλλον

109 2825 302 2878 ἑαυτὸν
352 2826 440 2887 είς
489 2824 742 2880 ἑκούσιον
784 2827 1049 2891 κένωσιν,
1104 2827 1198 2880 καὶ
1235 2828 1711 2899 καταπεφοίτηκεν

111 2915 401 2984 ἐθελοντὴς
429 2917 490 2967 ὲν
522 2917 638 2978 τοῖς
672 2915 795 2969 καθ’
828 2919 998 2988 ἡμᾶς,
1024 2920 1084 2972 οὐ
1113 2919 1298 2989 μεθεὶς
1322 2920 1384 2972 τὸ
1413 2915 1552 2974 εἶναι
1575 2920 1711 2992 ὅπερ

109 3009 243 3070 ἐστὶ,
297 3006 640 3078 μεμενηκὼς
674 3007 731 3060 δὲ
775 3009 978 3078 μᾶλλον
1019 3011 1113 3064 καὶ
1143 3010 1286 3064 οὕτω
1331 3010 1485 3074 Θεὸς,
1523 3011 1620 3064 καὶ
1651 3011 1713 3063 τὸ

1815 1879 2112 1947 Scriptnris
2143 1879 2343 1948 passim
2393 1887 2726 1944 occurrunt;
2762 1890 2950 1944 quaeve
3000 1891 3028 1929 a
3079 1875 3282 1928 sanctis
3328 1875 3395 1926 de

1811 1969 2048 2034 Christo,
2087 1970 2169 2024 vel
2219 1970 2288 2022 ab
2320 1971 2436 2039 ipso
2475 1983 2692 2040 quoque
2735 1968 2958 2023 Christo
2988 1967 3052 2020 de
3101 1965 3278 2034 seipso
3307 1966 3391 2019 di-

1813 2071 1911 2115 ctze
1943 2068 2107 2125 sunt;
2143 2070 2198 2116 et
2229 2060 2362 2114 alias
2393 2061 2610 2127 quidem
2644 2059 2851 2113 homini
2885 2057 3052 2110 veluti
3092 2071 3334 2111 seorsum
3363 2071 3393 2108 ι

1815 2151 1908 2205 Dei
1951 2150 2130 2206 Verbo
2173 2152 2519 2206 considerato
2567 2150 2830 2214 ascribit;
2878 2149 3014 2202 alias
3060 2161 3214 2212 vero,
3269 2156 3392 2199 tan-

1814 2257 1974 2309 quam
2011 2241 2117 2296 Deo
2148 2243 2550 2307 convenientes,
2592 2241 2693 2298 soli
2729 2241 2819 2296 Dei
2852 2239 3030 2295 Patris
3055 2239 3233 2294 Verbo
3266 2239 3392 2292 ada-

1814 2344 1962 2401 ptat:
1997 2334 2283 2389 anathema
2309 2335 2402 2388 sit.

2330 2447 2631 2501 Declaratio
2661 2458 2876 2516 quarta.

1885 2559 1979 2613 Dei
2010 2559 2189 2615 Patris
2218 2560 2452 2614 Verbum
2508 2561 2560 2613 in
2611 2559 2856 2628 ejusdem
2907 2556 3082 2612 Patris
3123 2558 3292 2611 forma
3341 2567 3397 2613 et

1814 2649 2124 2719 aequalitate
2154 2652 2443 2714 exsistens,
2492 2665 2601 2703 non
2649 2649 2897 2718 rapinam
2945 2649 3269 2703 arbitratum
3313 2657 3397 2704 est

1814 2757 1935 2796 esse
1981 2756 2038 2796 se
2082 2741 2287 2810 aequale
2329 2741 2462 2806 Deo,
2491 2751 2549 2795 ut
2575 2742 2840 2810 scriptum
2869 2748 2951 2794 est
2975 2740 3040 2806 ”,
3079 2740 3171 2796 sed
3217 2741 3397 2808 potius

1815 2833 2050 2903 seipsum
2107 2845 2298 2903 sponte
2337 2823 2673 2897 exinanivit,
2709 2843 2764 2887 et
2807 2833 2871 2886 ad
2904 2844 3086 2888 nostra
3132 2849 3191 2888 se
3220 2833 3395 2888 demi-

1815 2923 1906 2988 sit,
1947 2939 2053 2978 non
2103 2925 2359 2979 amittens
2393 2939 2514 2978 esse
2551 2925 2693 2992 quod
2742 2934 2846 2986 est,
2887 2925 2979 2978 sed
3027 2924 3199 2994 magis
3229 2925 3390 2978 etiam

1818 3013 1918 3067 hoe
1945 3024 2102 3083 pacto
2130 3013 2267 3068 Deus
2300 3029 2646 3082 permanens,
2685 3024 2741 3068 et
2781 3014 2914 3068 nihil
2959 3029 3144 3069 eorum
3173 3030 3294 3085 quae
3326 3015 3394 3068 ad

107 3101 202 3168 τῆς
228 3099 670 3171 ἀνθρωπότητος
694 3099 797 3152 οὐκ
825 3099 1105 3170 ἀτιμάσας
1141 3101 1360 3172 μέτρον.
1388 3102 1574 3154 Πάντα
1610 3101 1709 3153 τοί-

1820 3105 2068 3159 humanae
2091 3114 2296 3159 natura:
2320 3106 2688 3161 conditionem
2722 3107 3018 3175 pertinent,
3049 3116 3392 3176 aspernatus.

109 3208 197 3242 νυν
229 3188 410 3242 αὑτοῦ
445 3190 516 3243 τὰ
565 3189 849 3261 θεοπρεπῆ
905 3193 1000 3243 καὶ
1061 3189 1397 3259 ἀνθρώπινα.
1453 3191 1561 3243 Ποῦ
1602 3192 1711 3260 γὰρ

110 3282 183 3334 [τι
213 3283 544 3335 κεκένωκεν
567 3281 793 3344 ἑαυτὸν,
823 3283 873 3334 εἰ
903 3283 1016 3345 τοῖς
1045 3281 1144 3352 τῆς
1169 3281 1586 3353 ἀνθρωπότητος
1616 3282 1712 3353 μέ-

109 3391 254 3443 τροις
302 3375 698 3444 ἐπερυθριᾷει;
747 3374 859 3426 Καὶ
901 3375 949 3426 εί
998 3375 1339 3444 παρῃτεῖτοτ
1389 3375 1457 3427 τὰ
1497 3373 1711 3445 ἀνθρώ-

111 3482 236 3517 τινα
265 3506 280 3528 ,
317 3466 409 3527 τίς
441 3466 471 3515 ὁ
509 3464 828 3533 καταθήσας
850 3473 872 3500 ³
906 3465 1066 3517 αὑτὸν
1112 3466 1186 3527 ώς
1235 3465 1295 3529 ἐξ
1339 3466 1585 3534 ἀνάγκης
1617 3466 1712 3519 καὶ

113 3555 222 3622 βίας
259 3557 347 3616 είς
384 3553 450 3605 τὸ
485 3553 744 3620 γενέσθαι
780 3552 902 3605 καθ’
946 3553 1128 3621 ἡμᾶς;
1179 3553 1364 3615 Πάσας
1395 3555 1574 3606 τοίνυν
1614 3553 1712 3616 τὰς

111 3651 162 3700 ἐν
197 3652 317 3710 τοῖς
353 3644 722 3712 Εὐαγγελίοις
749 3645 930 3713 φωνὰς
953 3685 966 3707 ,
1004 3645 1104 3708 τάς
1132 3662 1190 3697 τε
1223 3645 1590 3715 ἀνθρωπίνας,
1617 3646 1712 3699 καὶ⁵

114 3743 216 3811 μὴν
240 3739 342 3792 καὶ
377 3738 481 3799 τὰς
515 3737 868 3807 θεοπρεπεῖς,
899 3737 977 3789 ένί
999 3739 1275 3809 προσώπῳ
1299 3741 1708 3808 προσάπτομεν.

123 3830 340 3900 Ἐπειδὴ
377 3829 480 3882 καὶ
516 3828 614 3880 ἕνα
655 3828 983 3897 πιστεύομεν
1012 3829 1137 3882 Υἱὸν
1168 3825 1308 3882 εἶναι
1337 3829 1572 3900 Χριστὸν
1610 3830 1714 3899 ἰη-

114 3922 266 3984 σοῦν,
297 3921 592 3974 τουτέστιν
624 3920 1127 3992 ἐνανθρωπήσαντά
1154 3939 1212 3973 τε
1238 3923 1329 3974 καὶ
1357 3921 1711 3991 σεσαρκωμέ-

110 4031 192 4066 νον
223 4016 320 4066 τὸν
360 4013 461 4064 τοῦ
498 4013 638 4065 Θεοῦ
671 4013 866 4080 Λόγον.
899 4013 1060 4066 Ὥστε
1091 4013 1193 4065 κᾶν
1225 4013 1358 4086 λέγῃ
1393 4031 1445 4066 τι
1474 4014 1582 4066 τῶν
1620 4014 1711 4065 ἀν-

113 4105 430 4173 θρωπίνων,
484 4106 602 4166 τοῖς
655 4104 754 4172 τῆς
801 4103 1224 4173 ἀνθρωπότητος
1270 4104 1432 4157 αὐτοῦ
1495 4107 1711 4175 μέτροις

113 4194 600 4264 καταλογιοῦμεθα
621 4194 691 4246 τὰ
716 4193 1061 4264 ἀνθρώπινα·
1093 4195 1258 4247 αὑτοῦ
1291 4195 1398 4265 γὰρ
1427 4196 1588 4248 πάλιν
1619 4197 1712 4248 καὶ

111 4289 165 4338 τὸ
191 4287 551 4358 ἀνθρώπινον
577 4303 588 4316 ·
619 4285 722 4338 κᾶν
754 4285 828 4348 ὡς
860 4284 991 4349 Θεὸς
1025 4287 1373 4357 διαλέγηται,
1409 4288 1542 4341 Θεὸν
1571 4285 1712 4342 εἶναι

113 4380 474 4439 πιστεύοντες
498 4376 594 4430 τὸν
620 4377 1143 4448 ὲνανθρωπήσαντα,
1171 4379 1334 4432 πάλιν
1361 4379 1436 4441 ὡς
1472 4380 1552 4431 ἑνὶ
1573 4381 1710 4450 Χρι-

1817 3196 1956 3249 Sunt
1986 3197 2167 3266 itaque
2202 3197 2347 3252 illius
2379 3198 2583 3264 omnia,
2616 3214 2724 3254 non
2760 3199 2936 3255 solum
2968 3199 3172 3264 divina,
3206 3215 3392 3252 verum

1814 3288 1976 3342 etiam
2010 3289 2267 3342 humana.
2293 3290 2407 3355 Qua
2438 3291 2581 3345 enim
2614 3290 2823 3346 ratione
2851 3307 2908 3346 se
2937 3291 3109 3360 ipsum
3141 3290 3395 3345 exinani-

1812 3379 1910 3446 vit,
1943 3381 1988 3436 si
2041 3382 2291 3437 humanae
2338 3391 2545 3438 natura:
2577 3392 2761 3453 partes
2795 3384 3054 3437 erubuit?
3084 3383 3149 3437 Et
3198 3385 3243 3437 si
3291 3384 3392 3437 htt-

1816 3486 1973 3523 mana
2005 3481 2284 3526 aversatus
2322 3483 2427 3534 est,
2450 3474 2572 3543 quis
2602 3473 2748 3528 illum
2779 3482 3034 3541 tanquam
3067 3473 3395 3528 necessitate

1816 3571 1911 3614 aut
1932 3562 1984 3615 vi
2015 3563 2078 3615 ad
2107 3564 2210 3618 hoc
2238 3563 2472 3632 impulit,
2501 3572 2559 3616 ut
2583 3563 2739 3618 nobis
2761 3565 2955 3618 similis
2979 3564 3167 3618 ﬁeret?
3190 3564 3396 3619 Omnes

1818 3654 2001 3720 itaque
2049 3656 2325 3726 Evangelii
2372 3671 2554 3722 voces,
2607 3658 2719 3711 sive
2773 3656 2878 3712 illae
2923 3659 3218 3711 humanum
3263 3658 3393 3728 quid

1817 3757 2035 3810 sonant,
2068 3748 2184 3801 sive
2213 3748 2478 3812 divinum,
2514 3749 2606 3801 uni
2636 3763 2880 3818 personae
2913 3748 3242 3802 tribuimus:
3268 3763 3393 3801 nam

1816 3847 1869 3894 et
1896 3837 2170 3892 Christum
2206 3835 2414 3900 Jesum,
2446 3838 2546 3892 hoc
2578 3846 2662 3890 est
2694 3837 3104 3891 inhumanatum
3136 3847 3192 3893 et
3218 3837 3397 3892 incar-

1815 3940 2000 3984 natum
2043 3929 2132 3983 Dei
2166 3929 2428 3990 Verbum,
2481 3945 2644 3983 unum
2685 3928 2882 3984 Filium
2931 3944 3053 3986 esse
3102 3931 3391 3985 credimus.

1815 4022 1993 4085 Quare
2025 4020 2067 4074 si
2096 4021 2221 4089 quid
2261 4020 2557 4073 humanum
2589 4021 2869 4088 praedicat,
2903 4021 3004 4074 hoc
3036 4021 3101 4074 ad
3145 4021 3396 4074 Immani-

1818 4115 1943 4167 tatis
1972 4114 2088 4180 ejus
2120 4113 2486 4166 conditionem
2519 4111 2914 4166 transferemus
2943 4111 3049 4183 (est
3079 4113 3224 4165 enim
3255 4112 3398 4166 illius

1815 4215 1869 4258 et
1921 4207 2032 4275 ipsa
2085 4219 2301 4274 quoque
2355 4202 2723 4273 humanitas);
2778 4205 2822 4256 si
2870 4218 2998 4258 vero
3038 4203 3292 4272 loquatur
3340 4215 3400 4257 ut

1819 4296 1978 4358 Deus,
2031 4297 2122 4348 uni
2174 4310 2389 4348 rursum
2443 4294 2665 4349 Christo
2712 4304 2765 4348 et
2814 4293 2952 4348 Filio
3000 4294 3399 4365 assignabimus

1819 4400 1976 4440 voces
2005 4400 2169 4455 supra
2207 4393 2455 4438 naturain
2493 4384 2750 4446 hominis,
2783 4383 2951 4437 Deum
2982 4385 3396 4440 inhumanatum

115 4471 216 4541 ιττῷ
261 4473 362 4524 καὶ
387 4469 512 4538 Υἱῷ
539 4469 640 4526 τὰς
665 4467 803 4537 ὑπὲρ
822 4469 1110 4540 ἀνθρώπου
1125 4469 1285 4538 φύσιν
1298 4470 1709 4540 προσνεμοῦμεν

1822 4473 1968 4528 illum
2005 4491 2125 4528 esse
2175 4474 2478 4528 credentes.
2519 4474 2619 4537 Qui
2664 4489 2791 4528 vero
2836 4474 2979 4527 illum
3027 4473 3078 4528 in
3116 4475 3248 4530 duas
3279 4490 3400 4543 per-

113 4562 316 4627 φωνάς.
350 4559 424 4613 Οἱ
455 4559 517 4611 δὲ
550 4559 860 4621 διιστάντες
894 4561 974 4622 είς
1020 4559 1114 4614 δύο
1165 4561 1453 4630 πρόσωπα,
1486 4561 1580 4614 δύο
1606 4579 1710 4613 που

113 4652 325 4713 πάντως
364 4647 687 4701 ἐπινοοῦσιν
717 4648 888 4710 υἱούς.
919 4649 1129 4719 Ὥσπερ
1161 4649 1270 4720 γάρ
1303 4650 1394 4702 τὸν
1421 4648 1541 4701 καθ’
1565 4651 1711 4719 ἡμᾶς

113 4745 402 4815 ἄνθρωπον
451 4742 554 4793 οὐκ
591 4742 672 4802 είς
709 4739 802 4792 δύο
850 4741 1118 4812 πρόσωπα
1153 4741 1482 4812 διαιρεῖσθαι
1518 4742 1709 4811 θέμις,

113 4836 204 4887 κᾶν
239 4839 304 4887 ὲκ
338 4833 537 4902 ψυχῆς
562 4835 743 4883 νοοῖτο
776 4832 869 4884 καὶ
901 4831 1174 4903 σώματος,
1216 4834 1331 4886 ἀλλ’
1357 4829 1437 4896 εἷς
1462 4835 1600 4895 ἐστι,
1620 4834 1712 4886 καί

113 4929 135 4976 ὁ
165 4927 328 4986 αὐτὸς
364 4924 668 4994 ἄνθρωπος
698 4964 712 4984 ,
748 4923 889 4976 οὕτω
929 4926 1022 4976 καὶ
1062 4926 1154 4977 ἐπὶ
1202 4925 1295 4978 τοῦ
1336 4925 1702 4995 Ἐμμανουήλ.

124 5019 340 5087 Ἐπειδὴ
375 5017 490 5086 γάρ
519 5016 671 5067 ἐστιν
703 5009 783 5076 εἷς
814 5015 938 5078 Υίὸς
986 5017 1080 5070 καὶ
1107 5017 1330 5087 Κύριος.
1365 5021 1392 5070 ὁ
1425 5034 1705 5087 σεσαρκω-

118 5110 270 5178 μένος
303 5110 407 5161 καὶ
469 5106 906 5177 ἑνανθρωπήσας
941 5108 1034 5162 τοῦ
1065 5109 1199 5161 Θεοῦ
1221 5110 1410 5178 Λόγος,
1443 5110 1500 5161 ἓν
1539 5110 1709 5163 αὑτοῦ

116 5203 325 5264 πάντως
347 5201 471 5253 ἐστὶ
502 5199 599 5252 καὶ
624 5200 917 5270 πρόσωπον
935 5217 948 5227 ·
988 5201 1081 5253 καὶ
1112 5202 1261 5272 αὑτῷ
1289 5203 1703 5273 προσνεμοῦμεν

204 5380 224 5407 ⁸
249 5379 491 5447 Philipp.
527 5391 590 5441 tt,
625 5375 676 5437 6,
711 5377 764 5430 7.

1816 4581 1978 4618 sonas
2007 4565 2270 4630 dividunt,
2320 4568 2632 4619 necessario
2673 4565 2806 4619 duos
2845 4580 3062 4635 quoque
3092 4565 3228 4620 ﬁlios
3265 4581 3399 4620 con-

1817 4656 2043 4724 tingunt.
2093 4654 2245 4708 Sicut
2287 4655 2432 4709 enim
2479 4656 2641 4709 homo
2686 4670 2752 4708 ex
2804 4656 2958 4709 nobis
2987 4656 3234 4726 quilibet,
3273 4657 3400 4710 licet

1821 4747 1973 4817 151
2015 4764 2077 4801 ex
2113 4749 2293 4800 anima
2332 4757 2384 4800 et
2415 4762 2643 4817 corpore
2683 4748 3013 4802 constitutus
3043 4747 3396 4818 intelligatur,

1819 4854 1922 4892 non
1957 4838 2227 4909 geminus,
2272 4839 2366 4892 sed
2404 4855 2543 4892 unus
2588 4849 2641 4892 et
2678 4840 2818 4893 idem
2861 4840 3023 4894 homo
3066 4850 3148 4894 est
3182 4860 3194 4894 :
3231 4842 3302 4894 ita
3333 4841 3398 4893 tle

1817 4930 2171 4983 Emmanuele
2219 4945 2435 4998 quoque
2489 4931 2643 4984 nobis
2706 4932 3050 4999 cogitandum
3098 4941 3203 4986 est.
3262 4931 3397 4998 Quia

1816 5035 2048 5090 namque
2087 5019 2178 5074 Dei
2213 5019 2446 5073 Verbum
2498 5019 2836 5073 iucarnatum
2872 5029 2926 5074 et
2967 5021 3129 5074 homo
3175 5020 3395 5083 factum,

1816 5127 1954 5165 unus
1990 5121 2073 5166 est
2099 5112 2267 5166 Filius
2302 5118 2355 5165 et
2392 5111 2673 5175 Dominus,
2721 5127 2825 5164 una
2873 5113 3034 5165 etiam
3064 5112 3286 5166 omnino
3315 5119 3401 5166 est.

1816 5203 1984 5272 ipsius
2007 5218 2233 5273 persona
2268 5221 2280 5256 :
2315 5204 2471 5272 eique
2497 5203 2796 5257 tribuemus
2829 5213 2882 5256 et
2913 5204 3145 5258 humana
3180 5215 3400 5274 propter

1182 5529 1351 5584 Variae
1381 5532 1638 5585 lectiones
1659 5548 1721 5584 ex
1752 5533 1937 5586 codice
1969 5531 2341 5600 Seguieriano.

193 5698 213 5725 °
249 5689 602 5759 καθηγμένον
633 5686 990 5756 οἰκονομικῶς
1015 5687 1451 5759 ἐπιγλινιὶισκομεν
1486 5685 1788 5753 γεγονέναι,
1830 5690 2012 5758 φαμὲν
2058 5694 2235 5746 τοίνυν
2279 5695 2462 5747 αὐτόν,

127 5757 390 5831 τ’,ρυθρίαζ
455 5768 478 5798 ι’
516 5761 836 5827 παραιτεττο
937 5757 1320 5827 ’κατωθήπας
1366 5759 1695 5827 καταϐήσας.

2545 5705 2570 5743 P
2605 5701 2818 5767 φρονεῖν
2869 5699 3152 5752 εἰωθότων.
3233 5711 3259 5752 q
3298 5701 3391 5756 ἑπ-
