4042 6432
640 329 745 384 303

639 440 785 496 illius
812 452 935 493 cum
968 450 1131 491 carne
1168 434 1656 507 dispensationem,
1687 448 1742 493 et
1774 439 1956 494 divina
1993 448 2212 510 propter
2243 447 2286 503 Α

639 529 1070 602 inexplicabilem
1127 528 1368 596 ejusdem
1417 542 1485 582 ex
1557 527 1717 584 Patre
1781 531 2209 600 generationem.

636 623 902 678 Cmterum
941 621 1032 690 qui
1083 620 1228 674 illum
1279 620 1329 674 in
1364 620 1580 676 homine
1611 622 1903 690 separatim
1941 621 2208 687 dividunt,

637 720 890 780 tanquam
937 710 1025 778 qui
1067 708 1209 762 alius
1254 723 1283 762 a
1332 706 1426 762 Dei
1469 708 1648 764 Verbo
1704 709 1778 763 sit
1829 709 2019 772 Filius,
2067 717 2122 763 et
2160 711 2212 764 in

638 802 805 856 Deum
847 815 1116 867 seorsum,
1170 808 1425 869 tanquam
1459 801 1550 870 qui
1597 799 1736 855 alius
1786 803 1857 856 sit
1889 801 2052 865 ﬁlius,
2081 800 2216 857 duos

638 892 777 945 tilios
838 899 1166 956 asserentes,
1211 890 1470 960 propositi
1536 893 1978 948 anathematismi
2027 893 2214 948 virtuti

638 982 832 1037 merito
858 981 1184 1036 subduntur.

1085 1097 1738 1156 ANATHEMATISMUS
1779 1098 1850 1154 Υ.

709 1219 766 1276 Si
798 1219 919 1290 quis
959 1217 1141 1274 dicere
1173 1215 1357 1280 audet,
1397 1215 1674 1270 Christum
1722 1216 1998 1271 hominem
2033 1214 2215 1272 Deite-

637 1329 780 1381 rum,
812 1327 876 1368 ac
907 1325 1013 1366 non
1045 1309 1223 1380 potius
1258 1322 1443 1363 verum
1490 1306 1660 1362 Deum
1691 1322 1832 1375 esse,
1866 1315 2051 1378 utpote
2096 1307 2219 1361 uni-

636 1414 760 1455 cum
801 1412 864 1452 ac
906 1393 1208 1450 naturalem
1243 1394 1450 1460 lilium;
1483 1403 1752 1465 quatenus
1794 1396 2049 1450 nimirum
2083 1394 2219 1450 Ver-

637 1489 764 1544 bum
804 1503 930 1543 caro
960 1487 1186 1554 factum,
1218 1485 1372 1540 carni
1405 1494 1459 1540 et
1485 1487 1738 1557 sanguini
1772 1487 1994 1557 perinde
2025 1501 2087 1544 ac
2122 1503 2220 1545 nos

638 1577 1065 1635 communicavit
1109 1595 1123 1630 :
1161 1576 1455 1632 anathema
1485 1577 1578 1632 sit.

1152 1685 1460 1740 Declaratio
1492 1687 1700 1755 quinta.

1624 325 1681 380 S.
1722 323 1998 381 CYRILLI
2040 323 2510 382 ALEXANDRINI
2552 324 2873 382 ARCHIEP.

3798 329 3902 383 504

2316 438 2384 492 τά
2425 455 2482 490 τε
2525 439 2844 510 ἀνθρώπινα
2873 439 2960 494 διὰ
2985 439 3084 510 τὴν
3119 442 3435 512 οἰκονομίαν
3466 443 3566 515 τὴν
3599 445 3738 514 μετὰ
3765 463 3904 518 σαρ-

2315 530 2411 594 κὸς
2435 571 2448 594 ,
2487 532 2581 584 καὶ
2616 533 2724 603 μὴν
2772 534 2864 586 καὶ
2907 533 2974 586 τὰ
3005 533 3121 587 Οεῖα
3147 535 3236 588 διὰ
3279 535 3378 607 τὴν
3414 537 3477 590 ὲκ
3505 536 3640 590 Θεοῦ
3691 539 3908 610 Πατρὸς

2315 620 2627 691 ἀπόρρητον
2656 619 2930 692 γέννησιν.
2959 623 3020 676 Οἱ
3055 623 3109 675 δὲ
3147 624 3485 691 διιστῶντες,
3510 627 3604 680 καὶ
3629 628 3909 700 ἀπομερί-

2317 711 2502 774 ζοντες
2555 713 2636 775 είς
2689 711 2976 782 ἄνθρωπον
3019 714 3238 780 ίδικῶς,
3272 716 3348 779 ὡς
3377 716 3565 788 ἕτερον
3606 718 3734 771 ὄντα
3775 719 3908 774 Υίὸν

2320 803 2472 873 παρὰ
2514 802 2606 856 τὸν
2640 804 2704 856 ἐκ
2748 803 2884 857 Θεοῦ
2915 805 3108 873 Λόγον,
3161 808 3254 860 καὶ
3289 809 3369 870 εἰς
3403 807 3535 861 Θεὸν
3571 808 3752 873 ίδικῶς
3773 850 3788 874 ,
3829 811 3909 874 ὡς

2316 895 2505 965 ἕτερον
2533 893 2665 948 ὄντα
2706 894 2842 962 υἱὸν,
2886 895 2979 948 δύο
3026 896 3275 965 λέγοντες
3328 899 3508 965 υἱοὺς,
3541 899 3909 971 ὑποφέρονται

2318 985 2546 1050 δικαίως
2571 988 2636 1057 τῇ
2662 985 2890 1056 δυνάμει
2912 987 3008 1040 τοῦ
3034 988 3397 1058 προκειμένου
3431 990 3907 1062 ἀναθεματισμοῦ.

2755 1101 3261 1156 ΑΝΑΘΕΜΑΤΙΣΜ
3267 1105 3349 1156 ΟΣ
3389 1104 3465 1160 E'.

2390 1213 2461 1268 El’
2488 1230 2572 1277 τις
2600 1214 2777 1286 τολμᾷ
2804 1215 2985 1284 λέγειν
3021 1215 3279 1289 θεοφόρον
3329 1216 3620 1287 ἄνθρωπον
3651 1215 3742 1269 τὸν
3769 1217 3912 1289 Χρι-

2327 1306 2471 1369 στὸν,
2507 1307 2602 1359 καὶ
2634 1307 2754 1378 οὑχὶ
2787 1307 2852 1376 δὴ
2878 1307 3077 1378 μᾶλλον
3111 1309 3243 1362 Θεὸν
3276 1305 3417 1362 εἶναι
3449 1309 3592 1362 κατὰ
3622 1307 3913 1378 ἀλήθειαν,

2321 1397 2420 1448 καὶ
2457 1396 2587 1448 Υίὸν
2621 1397 2740 1463 ἕνα,
2772 1398 2867 1451 καὶ
2893 1398 3074 1467 φύσει,
3108 1400 3244 1452 καθὸ
3267 1400 3459 1468 γέγονε
3486 1398 3621 1470 σάρξ
3651 1400 3679 1451 6
3711 1399 3914 1467 Λόγος,

2321 1485 2416 1541 καὶ
2468 1488 2840 1558 κεκοινώνηκε
2889 1490 3290 1561 παραπλησίως
3337 1493 3472 1562 ἡμῖν
3520 1492 3772 1561 αἵματος,
3813 1491 3919 1544 καὶ

2323 1575 2526 1645 σαρκός
2552 1591 2566 1606 ·
2602 1575 2856 1646 ἀνάθεμα
2888 1576 3049 1632 ἔστω.

2903 1689 3217 1754 Ἐπίλυσις
3255 1697 3319 1742 ε’.

711 1780 943 1837 Verbum
985 1777 1079 1834 Dei
1113 1793 1332 1833 carnem
1380 1792 1503 1833 esse
1550 1777 1775 1843 factum,
1819 1779 1951 1833 dicit
1997 1794 2223 1850 magnus

2337 1855 2342 1857 _
2393 1777 2582 1846 Σάρκα
2629 1777 2884 1845 γενέσθαι
2928 1775 3094 1848 φησῖν
3132 1780 3160 1830 6
3204 1780 3488 1845 Θεσπέσιος
3519 1782 3920 1857 εὑαγγελιστὴς

641 1871 730 1926 ille
775 1870 1106 1939 evangelista
1148 1867 1386 1924 Joannes
1410 1868 1452 1900 ¹⁷
1487 1885 1502 1923 :
1535 1883 1642 1924 nou
1676 1869 1819 1938 quod
1853 1871 2071 1940 pr0pria
2124 1884 2223 1925 na-

642 1974 764 2017 tura
795 1968 1180 2025 transmutata,
1225 1968 1319 2014 aut
1349 1973 1610 2015 conversa
1649 1961 1700 2014 in
1733 1974 1954 2015 carnem
1993 1962 2223 2016 transie-

642 2052 735 2117 rit,
796 2051 937 2106 sicut
977 2049 1093 2116 jam
1149 2060 1279 2102 ante
1327 2047 1636 2117 expositum
1689 2057 1772 2103 est
1819 2048 2035 2118 (expers
2078 2050 2222 2104 enim

641 2141 960 2198 mutationis
1006 2149 1089 2195 est
1132 2150 1192 2193 ut
1231 2139 1420 2205 Deus),
1471 2139 1564 2194 sed
1607 2139 1735 2208 quia
1783 2153 1938 2207 aeque
1995 2153 2060 2193 ac
2103 2154 2221 2204 nos,

642 2235 823 2290 carnis
851 2240 906 2287 et
935 2230 1214 2301 sanguinis
1239 2230 1532 2300 particeps,
1560 2238 1616 2283 et
1642 2230 1804 2285 homo
1839 2229 2093 2289 eﬂ‘ectum
2119 2241 2222 2286 est.

644 2327 810 2380 Sacra
844 2324 990 2379 enim
1037 2323 1319 2392 Scriptura
1356 2322 1630 2378 hominem
1673 2337 1770 2376 suo
1819 2337 1969 2377 more
2003 2337 2225 2378 carnem

643 2416 910 2486 appellat;
966 2413 1229 2483 scriptum
1295 2422 1381 2468 est
1429 2413 1575 2468 enim
1623 2431 1636 2466 :
1703 2429 1722 2464 ι
1772 2409 1983 2467 Videbit
2050 2415 2226 2468 omnis

643 2522 773 2564 caro
834 2507 1072 2561 salutare
1118 2504 1213 2559 Dei
1241 2503 1306 2559 ⁸⁸.
1339 2523 1357 2555 ›
1411 2503 1519 2558 Sed
1565 2503 1850 2572 impiorum
1913 2503 2224 2574 dogmatum

643 2600 982 2662 inventores,
1022 2595 1331 2660 Nestorius,
1372 2602 1427 2650 et
1472 2593 1564 2665 qui
1608 2593 1758 2648 illum
1787 2603 2090 2658 sectantur,
2134 2602 2228 2648 aut.

643 2690 832 2746 eadem
869 2703 992 2744 cum
1041 2687 1131 2743 illo
1171 2687 1416 2755 sapiunt,
1453 2685 1855 2741 incarnationis
1884 2685 2104 2753 quidem
2133 2699 2228 2739 vo-

644 2793 761 2836 cem
813 2776 1067 2834 conﬁteri
1113 2791 1173 2832 se
1222 2775 1500 2840 simulant,
1548 2782 1787 2830 attamen
1842 2773 1936 2830 Dei
1985 2773 2224 2830 Verbum

644 2870 946 2927 secundum
976 2868 1264 2925 veritatem
1295 2869 1663 2933 incarnatum,
1695 2867 1797 2923 hoc
1823 2876 1929 2934 est,
1957 2868 2228 2922 manendo

644 2963 790 3033 quod
831 2969 992 3026 erat,
1045 2960 1318 3016 hominem
1366 2959 1538 3014 nostri
1590 2957 1824 3014 similem
1863 2957 2063 3012 factum
2108 2971 2228 3012 esse

647 3063 868 3123 negant.
907 3052 1190 3107 AlIirmant
1237 3063 1441 3116 autem,
1485 3050 1822 3120 unigenitum
1867 3050 1960 3104 Dei
1995 3049 2224 3106 Verbum

648 3147 702 3199 in
732 3144 952 3200 homine
984 3159 1046 3198 ex
1079 3152 1265 3197 sancta
1296 3141 1513 3212 Virgine
1543 3155 1669 3195 nato
1697 3141 1918 3210 perinde
1950 3157 2012 3197 ac
2036 3142 2087 3196 in
2117 3156 2226 3194 uno

647 3238 829 3307 aliquo
854 3251 920 3290 ex
950 3235 1154 3290 sanctis
1184 3235 1536 3300 inhabitasse,
1569 3234 1640 3287 ita
1673 3245 1732 3288 ut
1759 3234 1872 3302 jam
1919 3249 2028 3288 non
2059 3249 2226 3303 Opor-

649 3339 760 3384 teat
801 3328 1072 3389 conllteri,
1101 3328 1244 3396 quod
1282 3341 1422 3381 unus
1470 3327 1543 3381 sit
1581 3325 1838 3381 Christus
1877 3337 1932 3382 et
1963 3324 2136 3381 Filius
2175 3336 2230 3381 et

650 3422 912 3477 Dominus
951 3431 1006 3475 et
1039 3421 1384 3484 adorandus;
1431 3420 1524 3473 sed
1563 3427 1818 3489 tanquam
1847 3420 2009 3474 homo
2037 3434 2134 3489 per
2166 3433 2229 3474 se

649 3524 704 3570 et
737 3513 1031 3584 separatim
1078 3513 1406 3577 intellectus,
1441 3512 1510 3566 ob
1550 3512 1721 3566 solam
1750 3511 2146 3582 copulationem
2176 3511 2227 3564 iu

651 3606 850 3660 unione
878 3604 1156 3674 dignitatis
1203 3604 1520 3667 honoratus,
1560 3601 1720 3672 152
1751 3603 1914 3658 simul
1952 3604 2228 3670 adoretur,

649 3705 705 3750 et
740 3695 1200 3765 congloriﬁcetu'r.
1255 3692 1472 3748 Habitat
1512 3694 1729 3763 quidem
1788 3695 1945 3750 nobis
1985 3696 2231 3750 omnium

652 3787 794 3843 Deus
825 3799 920 3854 per
951 3785 1214 3854 Spiritum
1252 3793 1527 3839 sanctum.
1558 3784 1705 3839 Dixit
1745 3785 1890 3840 enim
1913 3786 2232 3856 jamdudum

652 3895 750 3948 per
782 3892 947 3932 unum
989 3893 1020 3933 e
1055 3877 1264 3932 sanctis
1293 3876 1576 3945 prophetis
1608 3892 1622 3930 :
1658 3893 1677 3927 ι
1709 3874 1977 3941 Quoniam
2017 3876 2233 3931 inhabi-

655 3970 779 4025 tabo
823 3970 876 4024 in
906 3968 1011 4035 eis,
1044 3979 1098 4024 et
1130 3967 1497 4031 inambulabo,
1536 3974 1592 4022 et
1636 3981 1733 4021 ero
1781 3967 1952 4036 ipsius
1980 3965 2146 4032 Deus,
2179 3974 2236 4020 et

654 4069 814 4116 erunt
851 4060 976 4113 mitti
1016 4059 1245 4128 populus
1268 4058 1334 4113 ιθ.
1368 4076 1387 4109 ι
1443 4057 1646 4112 Scribit
1697 4067 1753 4113 et
1801 4060 1991 4112 beatus
2036 4058 2234 4112 Paulus

652 4165 868 4221 quoque
900 4166 916 4204 :
949 4166 970 4201 ι
1001 4149 1235 4204 Nescitis
1267 4149 1391 4217 quia
1430 4147 1687 4217 templum
1722 4148 1812 4202 Dei
1840 4149 1995 4211 estis,
2029 4159 2082 4202 et
2114 4147 2236 4217 Spi-

654 4243 792 4298 ritus
825 4240 919 4296 Dei
949 4241 1160 4295 habitat
1194 4241 1247 4293 in
1291 4239 1552 4294 vobis"?
1583 4258 1600 4290 ι
1638 4240 1700 4292 Ει
1736 4241 1848 4307 ipse
1880 4239 2135 4294 Christus
2170 4240 2236 4293 de

654 4333 859 4389 sanctis
884 4333 997 4386 suis
1030 4329 1333 4400 prophetis,
1371 4330 1485 4384 sive
1515 4329 1581 4384 de
1613 4331 1837 4394 sanctis,
1867 4329 1957 4396 qui
1983 4339 2234 4383 anteces-

2254 3110 2297 3170 C

2337 1855 2594 1939 Ἰωάννης
2640 1868 2732 1921 τὸν
2763 1867 2859 1921 τοῦ
2886 1869 3023 1922 Θεοῦ
3054 1870 3248 1937 Λόγον.
3283 1873 3344 1924 οὑ
3375 1874 3517 1926 κατὰ
3555 1855 3919 1944 μετάστασιν,

2325 1962 2358 2030 ἢ
2391 1963 2598 2032 τροπὴν
2629 1963 2727 2032 τῆς
2762 1961 2900 2025 ίδίας
2945 1961 3162 2031 φύσεως
3205 1964 3283 2025 είς
3324 1963 3502 2031 σάρκα
3539 1982 3920 2038 μεταπεποιη-

2330 2052 2510 2121 μένον,
2545 2053 2794 2123 καθάπερ
2834 2052 2937 2123 ἤδη
2965 2054 3305 2123 προείπομεν
3327 2068 3341 2082 ·
3380 2054 3491 2124 ἔχει
3519 2055 3629 2127 γὰρ
3658 2056 3720 2108 τὸ
3746 2059 3924 2110 ἀναλ-

2325 2142 2550 2195 λοίωτον
2579 2144 2654 2205 ὡς
2688 2141 2822 2205 Θεός
2847 2158 2862 2171 ·
2895 2141 3012 2195 ἀλλ’
3032 2143 3114 2195 ὅτι
3144 2143 3544 2214 κεκοινώνηκεν
3575 2147 3708 2214 ἡμῖν
3733 2163 3926 2216 παρα-

2327 2233 2569 2301 πλησίως
2600 2233 2835 2302 αἵματος
2864 2273 2878 2298 ,
2911 2236 3005 2288 καὶ
3036 2235 3268 2306 σαρκὸς,
3304 2236 3399 2289 καὶ
3429 2236 3656 2302 γέγονεν
3693 2235 3927 2306 ἄνθρω-

2327 2339 2428 2386 πος
2449 2339 2462 2352 ·
2491 2322 2610 2386 ἔθος
2639 2323 2748 2392 γὰρ
2775 2326 2840 2394 τῇ
2877 2324 3222 2394 θεοπνεύστῳ
3278 2326 3469 2396 Γραφῇ
3494 2326 3672 2396 σάρκα
3704 2327 3795 2379 τὸν
3822 2328 3928 2380 ἄν·

2328 2413 2545 2482 θρωπον
2595 2414 2915 2484 ὀνομάζειν·
2961 2415 3273 2486 γέγραπται
3324 2416 3463 2485 γάρ,
3509 2433 3527 2467 ι
3556 2417 3638 2469 ὅτι
3683 2417 3929 2486 Ὄψεται

2328 2506 2481 2560 πᾶσα.
2525 2505 2662 2577 σάρξ
2709 2507 2772 2560 τὸ
2817 2509 3085 2578 σωτήριον
3132 2508 3228 2561 τοῦ
3272 2508 3430 2562 Θεοῦ.
3469 2527 3488 2560 ι
3537 2510 3677 2562 Ἀλλ’
3718 2513 3768 2562 oi
3806 2510 3930 2563 τῶν

2328 2596 2557 2649 ἀνοσίων
2586 2596 2876 2667 δογμάτων
2914 2598 3158 2668 εὑρεταὶ,
3189 2598 3486 2669 Νεστόριός
3518 2616 3578 2651 τε
3609 2601 3702 2652 καὶ
3734 2603 3782 2652 oi
3815 2601 3930 2654 σὺν

2327 2687 2499 2758 αὑτῷ,
2527 2690 2648 2757 ἦτοι
2676 2689 2743 2742 τὰ
2771 2689 2909 2743 αὐτὰ
2935 2689 3260 2758 φρονοῦντες
3287 2691 3498 2760 ἐκείνῳ,
3529 2690 3932 2761 ὑποκρίνονται

2333 2774 2434 2845 μὲν
2461 2774 2745 2845 ὁμολογεῖν
2775 2777 2876 2846 τὴν
2904 2776 3000 2830 τοῦ
3047 2778 3428 2849 σεσαρκῶσθαι
3457 2781 3662 2850 φωνήν.
3697 2781 3772 2833 Οὑ
3810 2782 3934 2852 μὴν

2329 2864 2457 2916 ὃτεί
2499 2863 2595 2917 καὶ
2627 2864 2976 2936 σαρκωθῆναί
3023 2883 3156 2935 φασι
3200 2868 3343 2921 κατὰ
3390 2868 3649 2939 ἀληθειαν
3693 2871 3786 2923 τὸν
3821 2872 3932 2924 τοῦ

2329 2953 2465 3008 Θεοῦ
2510 2954 2717 3024 Λόγον·
2771 2956 3051 3010 τουτέστιν
3097 2955 3386 3028 ἄνθρωπον
3431 2958 3685 3028 γενέσθαι
3711 2971 3737 2999 ιι
3794 2961 3933 3014 καθ’

2328 3044 2500 3113 ἡμᾶς,
2535 3044 2675 3114 μετὰ
2707 3043 2801 3098 τοῦ
2849 3047 3032 3115 μεῖναι
3060 3046 3088 3099 6
3112 3042 3200 3117 ἦν.
3243 3048 3402 3100 Ἀλλά
3445 3049 3555 3118 γὰρ
3583 3049 3662 3111 ὡς
3699 3052 3780 3113 εἰς
3817 3054 3933 3104 ἄν-

2331 3133 2557 3205 θρωπον,
2578 3134 2689 3189 τῶν
2719 3134 2892 3202 ἁγίων
2923 3135 3040 3201 ἕνα,
3069 3137 3160 3190 τὸν
3199 3138 3264 3190 ὲκ
3303 3137 3406 3206 τῆς
3431 3138 3594 3204 ἁγίας
3636 3138 3937 3209 Παρθένου

2331 3227 2734 3297 γεγεννημένον
2787 3231 3112 3299 κατοικῆσαι
3159 3229 3586 3298 διισχυρίζονται
3626 3230 3719 3282 τὸν
3758 3249 3939 3300 μονο-

2329 3319 2464 3389 γενῆ
2494 3317 2589 3371 τοῦ
2621 3318 2757 3371 Θεοῦ
2791 3320 2963 3387 Λόγον
2985 3336 3000 3351 ·
3050 3320 3137 3373 ἵνα
3168 3321 3367 3392 μηκέτι
3411 3322 3646 3393 Χριστὸς
3685 3317 3767 3387 εἷς
3793 3327 3942 3395 ὁμο-

2329 3409 2558 3480 λογῆται
2610 3413 2705 3467 καὶ
2749 3412 2913 3479 Υἱὸς,
2962 3415 3058 3467 καὶ
3106 3414 3339 3484 Κύριος,
3389 3415 3484 3466 καὶ
3521 3418 3940 3486 προσκυνητόςο

2331 3501 2447 3556 ἀλλ’
2471 3503 2549 3566 ὼς
2577 3503 2863 3574 ἄνθρωπος
2922 3505 3126 3569 ίδικῶς,
3150 3506 3244 3558 καὶ
3271 3505 3589 3574 καταμόνας
3607 3505 3939 3575 νοούμενος,

2336 3594 2472 3664 μόνῃ
2505 3595 2772 3665 συναφείᾳ
2796 3599 2862 3665 τῇ
2895 3597 3040 3650 κατὰ
3064 3595 3162 3665 τὴν
3199 3597 3428 3665 ἑνότητα
3457 3597 3556 3665 τῆς
3588 3596 3746 3660 ἀξίας
3773 3615 3944 3652 τετι-

2335 3701 2411 3755 μη
2419 3685 2596 3754 μένος,
2615 3702 2679 3737 συ
2688 3685 3122 3755 μπροσκυνῆται,
3140 3687 3232 3738 καὶ
3247 3685 3948 3756 συνδοξάζηται.Κατοικεῖ

2333 3777 2485 3848 γάρν
2525 3779 2582 3831 ὲν
2616 3779 2748 3848 ἡμῖν
2793 3779 2821 3829 6
2849 3775 2958 3829 τῶν
2988 3777 3125 3829 ὅλων
3154 3776 3286 3840 Θεὸς
3327 3777 3413 3830 διὰ
3441 3776 3535 3830 τοῦ
3563 3777 3722 3845 άγίου
3755 3779 3945 3832 Πνεῦ-

2337 3865 2526 3938 ματος.
2575 3869 2686 3922 Καὶ
2734 3869 2865 3937 γοῦν
2906 3869 3076 3922 πάλαι
3100 3877 3126 3905 κ
3167 3869 3265 3939 μὲν
3314 3868 3518 3938 ἔφασκε
3550 3870 3617 3922 δι’
3653 3869 3773 3933 ἐνὸς
3814 3871 3950 3923 τῶν

2337 3960 2508 4027 ἁγίων
2564 3960 2895 4033 προφητῶν·
2939 3977 2958 4011 ι
2987 3960 3111 4014 Ὀτι
3153 3961 3419 4029 ὲνοικήσω
3462 3963 3520 4013 ὲν
3566 3960 3784 4023 αὑτοῖς,
3836 3965 3952 4016 καὶ

2337 4054 2800 4122 ὲμπεριπατήσω,
2835 4053 2931 4106 καὶ
2965 4051 3160 4122 ἔσομαι
3192 4053 3375 4115 αὑτοῖς
3421 4051 3588 4117 Θεὸς,
3640 4053 3734 4106 καὶ
3769 4055 3950 4107 αὑτοὶ

2336 4143 2551 4195 ἔσονταί
2585 4159 2674 4211 μοι
2713 4143 2857 4205 λαός.
2899 4161 2916 4194 ι
2954 4143 3159 4212 Γράφει
3189 4143 3245 4196 δὲ
3280 4144 3372 4196 καὶ
3402 4145 3429 4195 6
3464 4145 3732 4214 μακάριος
3773 4146 3950 4198 Παῦ-

2336 4233 2444 4295 λος·
2473 4251 2492 4283 σ
2522 4232 2637 4284 Οὑκ
2671 4231 2869 4299 οἴδατε,
2899 4233 2980 4285 ὅτι
3013 4232 3136 4296 ναὸς
3156 4232 3292 4286 Θεοῦ
3324 4235 3581 4297 ὲστε,καὶ
3613 4235 3672 4287 τὸ
3697 4235 3952 4307 Πνεῦμα

2337 4321 2431 4376 τοῦ
2467 4321 2604 4375 Θεοῦ
2636 4323 2779 4376 οίκεῖ
2809 4323 2867 4376 ὲν
2918 4324 3081 4394 ὑμῖν;
3123 4342 3141 4375 ›
3176 4325 3322 4394 Ἔφη
3352 4325 3407 4377 δὲ
3426 4326 3520 4377 καὶ
3544 4325 3759 4388 αὑτὸςό
3786 4328 3953 4397 Χρι-

654 4433 862 4487 serant,
905 4425 1027 4477 ait:
1061 4438 1081 4473 ‹
1113 4420 1170 4474 Si
1222 4420 1345 4476 illos
1388 4420 1528 4473 dixit
1571 4418 1723 4482 deos,
1773 4420 1839 4473 ad
1881 4433 2017 4488 quos
2056 4433 2229 4474 sermo

2343 4415 2464 4476 στὸς
2508 4415 2637 4483 περὶ
2682 4416 2792 4468 τῶν
2842 4415 3011 4479 ἁγίων
3061 4414 3230 4468 αὑτοῦ
3279 4416 3613 4486 προφητῶν,
3659 4418 3778 4488 ἦτοι
3821 4419 3955 4473 τῶν

656 4515 752 4568 Dei
804 4514 980 4567 factus
1026 4520 1151 4566 est:
1182 4527 1343 4581 quem
1380 4509 1538 4563 Pater
1570 4508 1948 4573 sanctiﬁcavil,
1995 4519 2050 4562 et
2090 4510 2239 4562 misit

657 4607 710 4660 in
755 4606 1033 4670 mundum,
1070 4617 1165 4658 vos
1193 4589 1397 4656 idicitis
1432 4617 1445 4654 :
1480 4600 1858 4667 Blasphemas;
1907 4602 2031 4669 quia
2070 4601 2179 4654 dixi
2220 4614 2234 4653 :

655 4699 825 4753 Filius
881 4697 970 4750 Dei
1029 4710 1145 4750 sum
1183 4694 1264 4758 ¹¹;
1295 4712 1313 4743 ι
1379 4695 1470 4746 sed
1519 4707 1622 4746 non
1680 4692 1753 4745 ita
1803 4692 1940 4745 Deus
1983 4694 2032 4744 in
2077 4692 2234 4745 Chri-

655 4799 740 4845 sto
776 4788 1011 4851 habitat,
1043 4788 1182 4840 sicut
1221 4786 1273 4838 iu
1307 4786 1483 4838 nobis.
1521 4783 1654 4836 Erat
1684 4783 1826 4837 enim
1862 4795 2051 4836 natura
2077 4784 2235 4846 Deus,

656 4883 817 4937 nobis
850 4881 1046 4936 similis
1079 4879 1276 4942 factus,
1310 4891 1557 4945 unusque
1583 4889 1644 4928 ac
1675 4874 1821 4928 solus
1853 4873 2043 4940 Filius,
2074 4876 2235 4928 etiam

657 4989 779 5027 cum
829 4987 956 5026 caro
1011 4968 1191 5025 iactus
1235 4978 1338 5024 est.
1382 4968 1703 5036 Quicunque
1754 4967 1916 5035 igitur
1962 4966 2236 5021 Deilerum

659 5063 932 5118 hominem
983 5077 1106 5116 cum
1149 5075 1269 5115 esse
1307 5061 1486 5113 dicere
1531 5063 1748 5122 audent,
1799 5074 1862 5112 ac
1910 5073 2012 5111 non
2062 5058 2241 5126 potius

662 5155 828 5208 Deum
869 5155 1144 5208 hominem
1198 5153 1424 5214 factum,
1458 5149 1769 5205 necessario
1822 5151 1871 5203 in
1906 5152 2237 5218 propositum

660 5248 1172 5303 anathematismum
1203 5245 1466 5300 incidunt.

753 5454 791 5484 "
815 5453 967 5507 Jnan.
1003 5468 1042 5516 ι,
1075 5452 1160 5504 14.
1277 5450 1465 5504 "Luc.
1500 5464 1581 5511 ιιι,
1617 5448 1669 5500 6.

1787 5448 1827 5478 ¹⁹
1853 5445 2024 5499 Levit.
2058 5463 2205 5508 xxvr,
2244 5449 2342 5503 1‘2:
2381 5451 2420 5503 ll
2447 5453 2570 5506 Cor.
2614 5469 2683 5519 vr,
2721 5455 2804 5508 16.

2342 4507 2753 4576 προγεγονότων
2779 4507 2974 4574 ἁγίων·
3011 4525 3030 4559 ι
3065 4506 3126 4560 Ei
3159 4507 3402 4570 ἐκείνους
3430 4502 3553 4560 εἷπε
3586 4508 3766 4574 θεοὺς,
3788 4513 3956 4580 πρὸς

2336 4595 2430 4658 οὒς
2467 4598 2494 4649 6
2533 4596 2688 4664 λόγος
2720 4597 2813 4650 τοῦ
2857 4595 2993 4651 Θεοῦ
3043 4599 3280 4666 ἐγένετο,
3327 4597 3386 4651 ὃν
3416 4599 3444 4649 6
3477 4599 3668 4668 Πατὴρ
3701 4601 3955 4668 ήγίασε,

2339 4687 2433 4738 καὶ
2466 4686 2790 4739 ἀπέστειλεν
2831 4689 2914 4750 εἰς
2955 4688 3047 4740 τὸν
3096 4687 3322 4756 κόσμον,
3374 4689 3532 4755 ὑμεῖς
3584 4687 3797 4754 λέγετε,
3849 4691 3961 4744 ὅτι

2345 4774 2716 4844 Βλασφημεῖς,
2749 4777 2836 4828 ὅτι
2866 4772 3018 4828 εἷπον
3041 4791 3055 4806 ·
3097 4776 3225 4836 Υἱὸς
3280 4775 3375 4828 τοῦ
3411 4776 3546 4829 Θεοῦ
3572 4779 3722 4846 εἰμι·
3762 4779 3962 4833 »ἀλλ’

2339 4867 2438 4936 οὑχ
2463 4866 2653 4937 ὥσπερ
2684 4869 2740 4918 ὲν
2771 4869 2902 4936 ἡμῖν
2929 4868 3068 4918 οἰκεῖ
3100 4865 3254 4932 Θεὸς,
3285 4865 3427 4920 οὑτω
3467 4871 3563 4921 καὶ
3592 4870 3649 4921 ὲν
3680 4869 3956 4941 Χριστῷ·

2342 4955 2472 5018 Θεὸς
2506 4957 2614 5026 γὰρ
2640 4955 2800 5023 φύσει
2830 4952 2896 5028 ἦν
2917 4997 2930 5020 ,
2964 4956 3220 5026 πεφηνὼς
3263 4957 3384 5010 καθ’
3411 4959 3579 5028 ἡμᾶς,
3609 4955 3689 5024 εἷς
3725 4977 3790 5012 τε
3834 4965 3963 5017 καὶ

2346 5047 2506 5116 μόνος
2535 5047 2662 5108 Υἱὸς
2683 5088 2696 5110 ,
2727 5048 2818 5099 καὶ
2845 5049 2934 5101 ὅτε
2964 5049 3156 5115 γέγονε
3199 5049 3355 5120 σάρξ.
3387 5052 3448 5102 υἱ
3479 5050 3659 5103 τοίνυν
3687 5049 3968 5120 τολμῶν-

2341 5154 2431 5200 τες
2469 5138 2647 5205 λέγειν
2684 5138 2941 5207 θεοφόρον
2972 5138 3258 5208 ἄνθρωπον
3290 5139 3564 5210 ὑπάρχειν
3608 5140 3795 5206 αὑτὸν,
3841 5145 3972 5198 καὶ

2343 5229 2464 5298 οὐχὶ
2487 5228 2550 5298 δὴ
2584 5230 2782 5297 μᾶλλον
2815 5229 3316 5300 ὲνανθρωπήσαντα
3340 5231 3492 5295 Θεὸν,
3529 5232 3973 5291 ὑποπίπτουσιν

2346 5320 2660 5386 ἀναγκαίως
2690 5320 2765 5389 τῷ
2792 5321 3140 5391 προκειμένῳ
3169 5322 3620 5392 ἀναθεματισμῴ.

2919 5456 2964 5487 ὀ
2991 5455 3007 5508 ί
3036 5456 3160 5512 Cor.
3195 5471 3276 5523 ιιι,
3312 5457 3401 5512 16.
3481 5460 3520 5489 ²¹
3547 5456 3708 5512 Joan.
3745 5474 3802 5524 Χ,
3841 5459 3938 5516 55

1709 5588 1883 5642 Variae
1917 5588 2180 5642 lectiones
2209 5603 2273 5644 ex
2301 5591 2487 5646 codice
2515 5590 2890 5661 Seguieriauo.

739 5733 758 5769 ί
792 5731 894 5796 ὅτι,
925 5730 986 5802 ἦ,
1022 5728 1117 5780 ἔτι.
1199 5737 1223 5764 υ
1255 5730 1558 5797 γεγονέναι.
1637 5736 1665 5767 ν
1708 5729 1802 5797 μὲν
1827 5726 1955 5796 γάρ.
2036 5739 2061 5765 ι
2091 5727 2271 5778 πάλιν.
