4042 6456
121 369 206 424 Ξθὸ
1150 368 1562 427 EXPLICA'UO
1604 368 1960 429 DUODECIM
2003 370 2251 427 CAPITU
2264 370 2327 425 Μ.

1736 493 1784 548 Α

547 483 1142 538 ΑΝΑΘΕΜΑΤιΣΜοΣ
1181 488 1273 554 εῖν.

176 598 240 649 Εἰ
264 614 350 659 τις
391 597 535 650 Θεὸν
576 597 609 667 ἢ
640 596 918 667 Δεσπότην
959 592 1098 650 εἶναι
1133 595 1282 664 λέγει
1313 595 1407 649 τοῦ
1466 595 1706 667 Χριστοῦ

117 688 194 739 τὸν
226 690 290 741 ὲκ
322 688 468 741 Θεοῦ
510 690 728 762 Πατρὸς
761 691 956 757 Λόγον,
992 687 1085 740 καὶ
1135 688 1257 757 οὑχὶ
1283 688 1347 758 δὴ
1378 687 1579 758 μᾶλλον
1617 686 1709 739 τὸν

116 777 268 829 αὑτὸν
317 778 586 848 ὁμολογεῖ
630 776 766 849 όμοῦ
826 795 887 831 τε
944 776 1076 830 Θεὸν
1124 780 1219 831 καὶ
1267 777 1588 846 ἄνθρωπον,
1634 776 1709 838 ὡς

116 870 396 937 γεγονότος
423 870 635 941 σαρκὸς
663 868 759 923 τοῦ
792 870 965 939 Λόγου
996 870 1138 924 κατά
1166 870 1263 933 τὰς
1288 870 1533 941 Γραφάς·
1577 868 1709 923 ἀνά-

115 960 246 1032 θεμα
274 962 446 1017 ἔστω.

699 1076 1025 1141 Ἐπίλυσις
1065 1082 1141 1140 ς’.

190 1187 249 1240 ’0
296 1187 517 1257 Κύριος
548 1187 709 1257 ἡμῶν
760 1186 966 1258 Ἰησοῦς
999 1186 1276 1258 Χριστὸς,
1307 1187 1333 1239 6
1384 1182 1464 1250 εἷς
1510 1204 1568 1240 τε
1615 1188 1710 1240 καὶ

118 1279 270 1348 μόνος
295 1323 308 1344 ,
347 1280 453 1332 καὶ
494 1279 641 1332 κατά
674 1278 937 1348 ἀλήθειαν
969 1278 1095 1341 Υἱὸς
1134 1278 1396 1349 ὑπάρχων
1447 1278 1541 1331 τοῦ
1574 1278 1708 1331 Θεοῦ

114 1372 201 1425 καὶ
225 1372 474 1442 Πατρὸς,
494 1371 690 1440 γέγονε
722 1370 859 1441 σάρξ
880 1371 908 1421 ό
937 1371 1139 1438 Λόγος·
1173 1370 1268 1424 καὶ
1298 1370 1709 1440 συγκατάρχειγ

112 1464 213 1514 τῶν
238 1463 383 1517 ὅλων
417 1462 561 1533 όμοῦ
580 1463 657 1533 τῷ
676 1463 790 1531 ἰδίῳ
812 1463 1099 1533 Γεννήτορι
1118 1480 1131 1493 ο
1158 1481 1176 1514 ι
1204 1463 1444 1533 κάμπτει
1477 1479 1535 1514 τε
1560 1462 1712 1532 αὐτῷ

114 1556 214 1607 πᾶν
255 1556 395 1622 γόνυ
435 1554 803 1625 ἐπουρανίων,
852 1556 946 1607 καὶ
972 1554 1253 1622 ἐπιγείων,
1303 1554 1400 1607 καὶ
1444 1552 1712 1623 καταχθο-

111 1645 271 1696 νίων·
319 1644 425 1696 καὶ
463 1643 872 1715 ἐξομολογεῖται
922 1646 1070 1697 πᾶσα
1116 1643 1338 1712 γλῶσσα
1383 1643 1464 1696 ὅτι
1504 1643 1711 1714 Κύριος

124 1733 332 1804 Ἰησοῦς
352 1736 399 1789 Χ
408 1735 693 1805 ριστὸςείς
722 1735 880 1799 δόξαν
897 1733 1030 1787 Θεοῦ
1056 1735 1289 1805 Πατρός.
1314 1753 1333 1784 ι
1361 1734 1517 1787 Ἔστι
1536 1734 1712 1789 τοίνυν

3275 379 3385 437 306

2216 485 2855 545 ANATHEMATISMUS
2885 489 2976 546 Vl.

1889 597 1947 654 Si
1995 599 2117 667 quis
2167 598 2259 653 Dei
2302 597 2482 653 Patris
2531 596 2792 667 Verbum,
2843 599 3048 656 Christi
3089 600 3255 656 Deum
3302 602 3385 657 vel

1813 691 2098 745 Dominum
2140 705 2259 745 esse
2292 691 2529 756 dixerit;
2567 700 2622 747 et
2669 707 2773 747 non
2807 691 2986 762 potius
3014 691 3183 747 Deum
3226 692 3386 749 simul

1811 790 1866 837 et
1911 781 2188 837 hominem
2234 783 2484 838 eumdem
2530 780 2814 838 confessus
2845 782 3026 851 fuerit,
3064 793 3226 853 prout
3249 783 3386 840 Ver-

1811 873 1936 927 bum
1977 886 2105 927 caro
2148 873 2347 927 factum
2385 881 2468 928 est
2510 874 2806 930 secundum
2844 874 3156 944 Scripturas
3189 893 3208 930 :
3245 890 3384 931 ana-

1814 962 1989 1016 thema
2016 964 2106 1016 sit.

2345 1074 2654 1133 Declaratio
2688 1086 2858 1133 sexta.

1886 1186 2144 1244 Dominus
2183 1195 2365 1241 noster
2390 1186 2551 1241 Jesus
2593 1185 2845 1244 Christus
2877 1204 3019 1244 unus
3049 1198 3106 1243 et
3134 1189 3285 1245 solus
3324 1199 3379 1245 et

1812 1280 2105 1333 secundum
2135 1278 2413 1333 veritatem
2442 1278 2537 1334 Dei
2565 1279 2745 1336 Patris
2772 1280 2964 1347 Filius,
2993 1280 3228 1338 Verbum
3254 1296 3383 1337 caro

1813 1366 2015 1422 factum
2048 1378 2152 1433 est,
2182 1377 2239 1423 et
2270 1383 2374 1423 una
2406 1383 2531 1424 cum
2567 1370 2817 1441 genitore
2862 1386 2960 1427 suo
3002 1366 3254 1427 omnibus
3291 1373 3387 1427 do-

1814 1456 2052 1510 minatur
2089 1477 2101 1511 :
2134 1458 2344 1526 ipsique
2377 1474 2395 1508 ι
2428 1456 2667 1513 ﬂectitur
2694 1473 2856 1515 omne
2876 1475 3035 1529 genu,
3061 1459 3387 1522 caelestium,

1813 1548 2150 1602 terrestrium
2210 1559 2266 1602 et
2306 1549 2679 1617 infernarum;
2716 1558 2773 1606 et
2797 1552 2975 1607 omnis
3010 1552 3190 1623 lingua
3220 1550 3373 1606 confi

1814 1648 1978 1704 tetur,
2012 1642 2137 1708 quia
2167 1639 2429 1697 Dominus
2465 1640 2620 1698 Jesus
2653 1640 2912 1699 Christus
2939 1643 2994 1698 in
3029 1643 3258 1712 gloriam
3291 1642 3385 1697 Dei

1813 1729 1991 1787 Patris
2013 1732 2080 1785 ”.
2112 1750 2130 1782 ι
2161 1731 2303 1787 idem
2341 1733 2524 1802 itaque
2565 1742 2836 1804 quatenus
2859 1734 3181 1806 intelligitur
3210 1744 3265 1790 et
3305 1745 3390 1789 est

113 1828 137 1878 6
179 1826 349 1891 αὑτὸς
408 1828 516 1898 μὲν
555 1827 665 1881 τῶν
698 1828 835 1882 ὅλων
881 1829 1086 1899 Κύριος
1110 1868 1125 1892 ,
1171 1826 1308 1881 καθὸ
1343 1830 1578 1895 νοεῖται,
1616 1828 1711 1881 καὶ

1819 1822 1996 1888 Deus;
2052 1822 2177 1878 licet
2229 1832 2353 1893 post
2403 1823 2907 1882 inhumanationem
2963 1827 3147 1882 carnis
3194 1839 3391 1895 expers

113 1919 220 1969 ἔστι
252 1918 419 1981 Θεὸς,
446 1920 499 1971 εἰ
532 1919 627 1972 καὶ
660 1918 735 1989 μὴ
766 1918 889 1989 δίχα
916 1918 1118 1989 σαρκὸς
1151 1918 1289 1989 μετά
1316 1918 1415 1989 τὴν
1438 1916 1710 1987 ἐνανθρώ·

112 2024 297 2077 πησιν.
339 2007 530 2070 Αὐτὸς
560 2006 619 2059 δὲ
662 2008 859 2060 ἑαυτοῦ
890 2006 1013 2060 οὔτε
1040 2007 1173 2070 Θεὸς
1196 2048 1211 2072 ,
1243 2007 1366 2060 οὔτε
1398 2007 1674 2077 Δεσπότης
1693 2024 1708 2037 °

112 2101 200 2152 καὶ
230 2098 347 2168 γάρ
380 2100 507 2151 ἐστι
532 2098 642 2150 τῶν
662 2099 1050 2164 ἀτοπωτάτων,
1082 2098 1281 2168 μᾶλλον
1304 2099 1360 2151 δέ
1391 2098 1713 2163 δυσσεϐείας

112 2189 331 2260 ἀπάσης
372 2189 681 2259 ἐπίμεστον
726 2188 975 2258 ἀληθῶς,
1022 2188 1083 2241 τὸ
1118 2187 1260 2242 οὕτω
1301 2192 1517 2259 φρονεῖν
1551 2190 1583 2260 ἢ
1624 2189 1710 2243 λέ-

115 2290 231 2339 γειν
254 2292 268 2305 ο
302 2276 547 2339 εἰκότως
576 2271 671 2329 οῦν
699 2278 786 2330 ἐπ’
814 2275 963 2347 αὑτῷ
990 2274 1057 2348 δὴ
1080 2276 1255 2349 τούτῳ
1284 2278 1507 2347 γέγονεν
1530 2279 1558 2331 6
1588 2297 1717 2350 προ·

116 2364 373 2433 κείμενος
409 2364 886 2437 ἀναθεματισμός.

569 2474 1163 2529 ΑΝΑΘΕΜΑΤΙΣΜΟΣ
1200 2477 1275 2529 Z'.

177 2588 249 2641 Εῑ
288 2588 381 2651 τίς
416 2603 590 2657 φησιν
639 2587 715 2651 ὡς
754 2587 1041 2658 ἄνθρωπον
1088 2588 1428 2660 ἐνηργῆσθαι
1474 2589 1581 2643 ὑπὸ
1616 2587 1709 2644 τοῦ

113 2678 245 2731 Θεοῦ
289 2680 480 2746 Λόγου
519 2678 614 2731 τὸν
669 2677 901 2750 Ἰησοῦν,
952 2681 1045 2731 καὶ
1093 2681 1194 2750 τὴν
1232 2680 1327 2734 τοῦ
1375 2682 1716 2749 Μονογενοῦς

115 2770 363 2836 εὐδοξίαν
397 2771 703 2841 περιῆφθαι
732 2770 808 2835 ὠς
838 2769 1012 2843 ἑτέρῳ
1036 2773 1164 2842 παρ’
1189 2772 1349 2826 αὑτὸν
1380 2773 1713 2843 ὑπάρχοντι,

115 2861 377 2930 ἀνάθεμα
415 2861 581 2914 ἔστω.

714 2977 1019 3041 Ἐπίλυσις
1059 2978 1124 3039 ζ’.

184 3093 325 3146 Ὅτε
360 3092 467 3163 τὴν
501 3092 645 3146 κατά
676 3093 856 3164 σάρκα
896 3093 1148 3165 γέννησιν
1172 3094 1265 3147 τοῦ
1299 3093 1431 3148 Υίοῦ
1464 3091 1557 3149 τοῦ
1582 3095 1718 3149 Θεοῦ

1815 1928 1922 1968 non
1968 1915 2064 1978 sit,
2113 1915 2491 1970 universorum
2532 1916 2793 1974 Dominus
2835 1926 2918 1973 est
2962 1926 3067 1972 :at
3116 1931 3249 1972 vero
3305 1918 3388 1970 sui

1815 2002 1986 2073 ipsius
2034 2018 2135 2059 nec
2166 2002 2328 2068 Deus,
2384 2019 2485 2060 nec
2515 2006 2770 2061 dominus
2800 2016 2930 2063 est:
2960 2006 3063 2063 hoc
3108 2006 3251 2061 enim
3302 2005 3392 2059 ah-

1813 2093 2193 2149 surdissimum
2225 2105 2330 2162 est,
2379 2096 2490 2150 imo
2520 2096 2703 2166 potius
2750 2098 2900 2153 omni
2935 2098 3217 2167 impietate
3261 2111 3395 2152 vere

1814 2183 2054 2254 plenum,
2096 2186 2141 2239 si
2188 2186 2264 2241 ita
2309 2186 2515 2242 sentias
2562 2196 2657 2244 aut
2714 2188 2885 2244 dicas.
2938 2188 3131 2244 Merito
3168 2188 3397 2260 proinde

1814 2285 2006 2331 contra
2062 2277 2166 2332 hoc
2215 2278 2392 2348 ipsum
2445 2291 2687 2347 prasens
2740 2281 3235 2337 anathematisnius
3278 2289 3393 2336 sta-

1815 2368 1983 2420 tuitur

2113 2478 2269 2551 153
2296 2479 2938 2540 ANATHEMATISMUS
2976 2483 3094 2541 VII.

1889 2592 1947 2649 Si
1989 2593 2111 2663 quis
2147 2591 2332 2648 Jesum
2382 2603 2636 2664 tanquam
2688 2596 2965 2652 hominem
3013 2611 3044 2652 a
3082 2596 3175 2652 Dei
3220 2596 3394 2653 Verbo

1817 2693 2076 2753 operante
2130 2694 2333 2739 motum
2377 2685 2671 2752 habuisse,
2726 2686 3118 2758 Unlgenitique
3161 2688 3393 2758 gloriam

1818 2776 1917 2843 illi,
1958 2785 2216 2847 tanquam
2257 2778 2414 2834 alteri
2459 2779 2693 2849 cuipiam
2730 2781 2797 2835 ab
2828 2780 2947 2851 ipso
2977 2778 3182 2848 Verbo,
3227 2782 3395 2836 adve-

1821 2868 1965 2923 nisse
1995 2867 2215 2934 dixerit,
2252 2870 2542 2925 anathema
2574 2871 2665 2926 sit.

2316 2982 2620 3039 Declaratio
2655 2987 2901 3055 septima.

1893 3095 2028 3152 Cum
2072 3097 2265 3153 beatus
2306 3093 2524 3153 Gabriel
2564 3097 2825 3167 unigeniti
2880 3097 3005 3154 Filii
3037 3098 3131 3156 Dei
3166 3113 3398 3170 genera-

114 3182 204 3245 τοῦ
264 3182 606 3251 μοδογενοῦς
655 3181 1045 3253 εὐηγγελίζετο
1089 3184 1155 3253 τῇ
1202 3181 1336 3253 ἀγίᾳ
1380 3180 1642 3252 Παρθένῳ
1687 3182 1716 3233 ό

1821 3186 2021 3243 tionem
2063 3188 2358 3244 secundum
2386 3203 2607 3245 carnem
2645 3197 2846 3247 sancta:
2875 3189 3072 3260 virgini
3111 3192 3403 3248 annuntia-

121 3275 400 3344 μακάριος
432 3272 474 3325 Γ
476 3272 679 3345 α6ριή).
700 3291 712 3302 ·
739 3273 932 3345 ιΤέξῃ,
963 3274 1148 3343 φησὶν,
1178 3273 1312 3338 υἰὸν,
1345 3272 1439 3326 καὶ
1464 3271 1717 3335 καλέσεις

117 3363 173 3414 τὸ
206 3364 393 3432 ὄνομα
439 3363 609 3415 αὑτοῦ
654 3364 864 3432 Ἰησοῦν
885 3382 897 3393 ·
932 3364 1093 3425 αὐτὸς
1125 3364 1233 3435 γὰρ
1264 3364 1427 3417 σώσει
1460 3364 1552 3417 τὸν
1588 3363 1717 3418 λαὸν

118 3452 286 3504 αὑτοῦ
339 3452 456 3506 ἀπὸ
501 3452 612 3505 τῶν
654 3452 943 3523 ἁμαρτιῶν
998 3453 1195 3507 αὑτῶν.
1232 3472 1249 3503 ι
1298 3454 1625 3523 Ὢνόμασται
1660 3453 1717 3507 δὲ

118 3546 211 3598 καὶ
238 3543 492 3616 Χριστὸς
512 3583 527 3606 ,
561 3542 647 3595 διὰ
687 3543 749 3595 τὸ
781 3541 1066 3612 κεχρῖσθαι
1099 3542 1217 3612 μεθ’
1249 3543 1409 3613 ἡμῶν
1438 3542 1716 3615 ἀνθρωπί-

115 3653 243 3701 νως,
276 3635 431 3689 κατὰ
471 3635 576 3707 τὴν
607 3633 704 3687 τοῦ
730 3633 1041 3697 Ψάλλοντος
1082 3635 1295 3704 φωνήν
1332 3653 1350 3686 ι
1398 3634 1719 3703 Ἠγάπησας

118 3727 503 3795 δικαιοσύνην,
530 3728 625 3779 καὶ
648 3728 919 3797 ἐμίσησας
944 3726 1175 3796 ἀνομίαν
1196 3742 1208 3755 °
1236 3725 1325 3779 διὰ
1343 3724 1503 3779 τοῦτο
1532 3726 1719 3797 ἐχρισέ

120 3834 177 3870 σε
205 3820 233 3870 ό
266 3819 432 3881 Θεὸς,
464 3820 494 3871 ό
520 3816 658 3880 Θεός
685 3833 802 3881 σου,
821 3815 969 3870 ἔλεον
1018 3816 1391 3885 ἀγαλλιάσεως
1418 3814 1569 3886 παρά
1593 3818 1719 3880 τοὺς

121 3910 391 3981 μετόχους
440 3926 561 3961 σου.
596 3927 615 3960 ι
678 3908 874 3960 Καίτοι
927 3907 1035 3978 γὰρ
1110 3908 1373 3977 ὑπάρχων
1417 3907 1579 3970 αὑτὸς
1619 3907 1716 3961 τοῦ

118 4002 273 4069 ἁγίου
300 4000 454 4055 Ilva}
464 4016 639 4070 ματος
666 3998 924 4068 χορηγὸς,
958 3999 1050 4050 καὶ
1074 3997 1174 4051 οὑκ
1218 4000 1283 4050 ἐκ
1318 3997 1516 4068 μέτρου
1543 3998 1719 4061 διδοὺς

114 4097 231 4157 τοῖς
260 4094 447 4157 ἀξίοις
472 4091 630 4145 αὑτόσ
665 4091 881 4161 πλήρης
910 4092 1016 4162 γάρ
1042 4092 1178 4154 ἐστι,
1212 4109 1229 4141 ι
1258 4090 1352 4143 καὶ¹
1376 4090 1441 4143 ἐκ
1466 4090 1561 4142 τοῦ
1589 4089 1719 4161 πλη-

118 4186 379 4255 ρώματος
432 4182 606 4236 αὑτοῦ
654 4185 820 4254 ἡμεῖς
852 4183 1050 4246 πάντες
1083 4182 1373 4253 ἐλάϐομεν,
1411 4201 1428 4234 ι
1476 4181 1619 4235 κατὰ
1658 4182 1721 4236 τό

116 4277 543 4347 γεγραμμένον
586 4276 949 4345 οἰκονομικῶς
993 4276 1068 4337 ὡς
1107 4275 1390 4345 ἄνθρωπος
1431 4274 1721 4346 κεχρῖσθαι

116 4369 365 4437 λέγεται,
416 4366 649 4437 νοητῶς.
681 4367 777 4419 καὶ
830 4368 929 4419 οὐκ
959 4366 1316 4437 ἀνθρωπίνως
1342 4366 1721 4429 καταπτάντος

117 4460 206 4511 ἐπ’
256 4460 433 4514 αὑτὸν
468 4457 567 4511 τοῦ
613 4458 775 4525 ἁγίου
826 4458 1145 4528 Πνεύματος
1172 4498 1185 4520 ,
1222 4459 1309 4509 ἵνα
1348 4458 1441 4511 καὶ
1490 4459 1547 4511 ἐν
1588 4460 1720 4529 ἡμῖν

1821 3288 1946 3334 ret:
1982 3298 2000 3330 ι
2034 3277 2258 3344 Paries,
2307 3279 2525 3344 aiebat,
2577 3280 2780 3346 ﬁlium,
2827 3290 2883 3337 et
2936 3282 3161 3338 vocabis
3204 3298 3402 3339 nomen

1818 3369 1936 3440 ejus
1959 3369 2165 3429 Jesum.
2208 3370 2330 3443 Ipse
2358 3373 2503 3427 enim
2530 3371 2738 3426 salvum
2769 3371 2934 3429 faciet
2958 3373 3211 3443 populum
3240 3390 3401 3429 suum

1820 3476 1849 3514 a
1878 3460 2113 3528 peccatis
2141 3475 2325 3515 eorum
2352 3462 2418 3516 ".
2456 3480 2474 3513 ι
2510 3460 2834 3517 Nominatus
2857 3471 3039 3518 autem
3067 3472 3122 3517 et
3148 3462 3402 3518 Christus

1819 3562 1904 3605 εει
1930 3551 1999 3617 ⁸⁸,
2049 3559 2340 3621 propterea
2373 3552 2520 3621 quod
2552 3555 2852 3609 secundum
2897 3554 3191 3610 humanam
3233 3564 3393 3615 natu-

1822 3656 1937 3695 ram
1979 3642 2259 3698 nobiscum
2318 3651 2515 3699 unctus
2559 3652 2665 3707 est,
2688 3642 2844 3712 juxta
2886 3642 3016 3699 illud
3045 3643 3394 3703 Psalmistte:

1827 3749 1846 3783 ι
1877 3732 2126 3787 .Dilexisti
2166 3732 2463 3803 justitiam,
2517 3742 2571 3786 et
2618 3732 2780 3787 odisti
2827 3732 3170 3801 iniquitatem
3211 3751 3227 3789 :
3273 3747 3399 3802 pro-

1822 3830 2007 3892 pterea
2055 3822 2214 3876 unxit
2247 3830 2300 3876 te
2344 3821 2508 3884 Deus,
2548 3822 2688 3877 Deus
2717 3831 2842 3878 tuus
2870 3822 2990 3878 oleo
3018 3822 3399 3879 exsultationis

1821 3930 1932 3983 pra:
1965 3913 2313 3969 consortibus
2348 3914 2457 3969 tuis
2484 3913 2550 3968 ".
2587 3931 2606 3965 ι
2646 3911 2906 3979 Quamvis
2936 3913 3081 3968 enim
3110 3912 3199 3966 ille
3234 3911 3401 3983 Spiri-

1825 4016 1935 4060 tum
1968 4015 2216 4061 sanctum
2244 4005 2512 4075 largiatur
2535 4006 2605 4069 ²⁶,
2635 4019 2809 4075 neque
2840 4006 2907 4059 ad
2944 4021 3256 4061 mensuram
3290 4006 3395 4068 his,

1823 4099 1914 4169 qui
1946 4099 2094 4168 digni
2164 4108 2313 4163 sunt,
2367 4112 2490 4153 eum
2539 4097 2801 4166 largiatur
2846 4095 2952 4167 (est
2990 4096 3133 4152 enim
3185 4095 3398 4166 plenus,

1831 4210 1851 4244 ι
1882 4201 1937 4247 ει
1982 4193 2049 4246 de
2074 4191 2409 4261 plenitudine
2441 4190 2555 4257 ejus
2586 4204 2683 4243 nos
2718 4202 2909 4243 omnes
2937 4188 3246 4257 accepimus
3265 4187 3337 4251 ”,
3373 4207 3391 4239 ι

1826 4282 1970 4338 sicut
2015 4283 2277 4351 scriptum
2340 4278 2497 4349 est);
2548 4286 2788 4333 attamen
2828 4287 2890 4333 ut
2936 4279 3097 4333 homo
3144 4287 3248 4345 est,
3289 4277 3402 4333 dis-

1824 4372 2135 4443 pcnsatorie
2171 4380 2363 4426 unctus
2400 4370 2619 4435 dicitur,
2667 4368 3003 4439 spiritaliter,
3042 4377 3097 4421 et
3143 4381 3251 4421 non
3300 4368 3402 4420 hu-

1828 4474 1993 4515 mano
2018 4473 2193 4524 more,
2227 4457 2511 4513 devolante
2536 4471 2699 4526 super
2734 4457 2906 4524 ipsum
2950 4454 3154 4524 Spiritu
3189 4464 3399 4519 sancto,

116 4553 470 4623 καταμείνῃ,
525 4550 706 4603 καίτοι
771 4549 861 4603 διὰ
923 4551 1022 4620 τὴν
1064 4552 1123 4603 ἐν
1186 4550 1359 4619 Ἀδάμ
1400 4528 1717 4619 παράϐασιν

1826 4560 1885 4605 ιιι
1916 4558 2135 4604 maneat
2180 4548 2235 4602 in
2273 4547 2430 4602 nobis
2469 4546 2657 4610 etiam,
2704 4562 2732 4598 a
2783 4545 2981 4614 quibus
3014 4553 3233 4614 propter
3275 4543 3407 4598 Adae

117 4644 512 4715 ἀποφοιτῆσαν
556 4643 615 4695 ἐν
647 4642 864 4712 ἀρχαῖς.
890 4642 1061 4704 Αὐτὸς
1091 4636 1183 4694 οὖν
1228 4643 1256 4693 ό
1293 4641 1583 4711 μονογενὴς
1621 4640 1716 4693 τοῦ

1828 4638 2320 4711 transgressionem
2349 4636 2501 4690 initio
2530 4643 2852 4689 recesserat.
2884 4632 3064 4701 Ipsum
3084 4632 3265 4699 itaque
3282 4630 3405 4684 uni-

115 4737 257 4789 Θεοῦ
283 4738 465 4804 Λόγος
506 4733 648 4805 σὰρξ
687 4734 997 4803 γενόμενος,
1032 4733 1292 4804 κέκληται
1330 4731 1596 4802 Χριστός⁶
1625 4732 1719 4785 καὶ

1828 4734 2068 4803 genitum
2101 4730 2194 4784 Dei
2229 4728 2463 4782 Verbum
2500 4726 2840 4780 incarnatum
2882 4723 3135 4779 Christus
3166 4721 3406 4792 appella-

112 4831 217 4897 τὴν
268 4829 391 4899 Θεῷ
424 4828 754 4898 πρέπουσαν
794 4824 1025 4895 δύναμιν
1059 4824 1194 4881 ἰδίαν
1222 4823 1383 4894 ἔχων,
1434 4820 1721 4892 εἰργάζετο

1829 4834 1939 4877 ιιιιιι
1988 4831 2113 4878 est:
2146 4830 2202 4876 et
2242 4834 2364 4874 cum
2409 4817 2682 4887 propriam
2718 4816 3014 4886 potentiam
3065 4816 3262 4869 habeat
3295 4812 3407 4868 Deo

117 4920 435 4991 παράδοξα.
480 4920 547 4971 Ol
582 4917 765 4971 τοίνυν
790 4917 1038 4984 λέγοντες
1067 4920 1133 4987 τῇ
1166 4915 1404 4987 Χριστοῦ
1433 4912 1722 4985 δυναστείᾳ

1832 4913 2071 4982 dignam,
2121 4909 2366 4964 miranda
2415 4915 2697 4977 operatum
2737 4916 2841 4962 est.
2875 4906 2977 4971 Qui
3031 4920 3161 4975 ergo
3200 4903 3408 4960 Christi

115 5012 217 5080 τὴν
247 5010 343 5064 τοῦ
383 5007 743 5076 Μονογενοῦς
798 5007 1041 5073 εὐδοξίαν
1073 5007 1399 5079 περιῆφθαι,
1450 5006 1526 5069 ὼς
1572 5006 1721 5069 ὄντος

1828 5003 2086 5074 potentiae
2123 5000 2385 5070 unigeniti
2415 4998 2640 5069 gloriam
2674 4998 2976 5053 accessisse
3010 4997 3219 5062 dicunt,
3249 4997 3405 5067 quasi

116 5102 314 5171 ἐτέρου
342 5100 444 5157 τοῦ
472 5098 827 5167 Μονογενοῦς
861 5099 1013 5169 παρὰ
1054 5100 1145 5153 τὸν
1178 5098 1432 5170 Χριστὸν,
1462 5097 1557 5151 δύο
1589 5115 1723 5167 φρο-

123 5194 307 5247 ιοῦσιν
332 5194 523 5257 υἱούς·
572 5195 669 5246 καὶ
697 5193 788 5246 τὸν
847 5193 945 5262 μὲν
983 5191 1330 5263 ἐνεργοῦντα,
1360 5192 1451 5245 τὸν
1489 5192 1545 5244 δὲ
1573 5192 1724 5261 ἐνερ·

122 5286 219 5353 γού
229 5303 393 5356 μενον
439 5286 520 5349 ὡς
548 5283 841 5356 ἄνθρωπον
870 5283 967 5337 ἕνα
995 5283 1105 5338 τῶν
1139 5283 1263 5338 καθ’
1289 5286 1321 5353 ἡ
1332 5284 1437 5354 μᾶς
1456 5299 1469 5313 ·
1524 5281 1725 5353 ταύτῃ·

190 5464 242 5496 ⁸³
274 5464 514 5536 Philipp.
540 5478 604 5532 ιι,
637 5462 727 5518 10.
808 5460 854 5493 ⁸³
878 5461 1010 5518 Luc.
1044 5477 1079 5529 ι,
1112 5461 1202 5516 3|.

1280 5459 1537 5515 “Matth.
1567 5474 1606 5524 ι,
1642 5457 1731 5511 ‘21.
1809 5458 1852 5489 ³⁵
1878 5454 2019 5511 Psal.
2056 5469 2205 5519 xuv,
2236 5454 2288 5509 8.
2366 5452 2586 5509 "Joan.
2623 5452 2679 5517 5,
2716 5453 2805 5507 54.

1831 5093 2142 5166 nnigenitus
2172 5092 2313 5147 alter
2341 5092 2413 5145 sit
2450 5106 2478 5144 a
2507 5088 2748 5155 Christo,
2786 5090 2921 5143 duos
2959 5088 3105 5143 ﬁlios
3121 5103 3247 5143 esse
3276 5103 3405 5142 ssn-

1834 5187 2008 5253 tiunt,
2054 5184 2289 5239 alterum
2342 5182 2556 5251 quidem
2600 5190 2952 5249 operantem;
3003 5179 3231 5235 alterum
3280 5194 3408 5234 vero

1835 5279 2057 5334 alterius
2099 5276 2172 5340 vi,
2218 5285 2472 5344 tanquam
2506 5273 2777 5331 hominem
2822 5271 2977 5327 nobis
3006 5269 3260 5336 similem,
3305 5269 3408 5325 im-

2885 5453 2927 5483 ²⁷
2953 5451 3108 5509 Joan.
3140 5468 3180 5520 ι,
3212 5452 3295 5510 16.

1200 5620 1369 5677 Varia:
1395 5616 1655 5675 lectiones
1682 5632 1749 5673 cx
1774 5617 1961 5673 codice
1986 5614 2357 5685 Seguieriano.

194 5790 229 5833 γ
263 5781 549 5853 συνάρχει.
