4042 6432
638 343 744 392 307

1660 340 1718 394 S.
1761 341 2031 394 CYHILLI
2073 343 2538 396 ALEXANDRINI
2578 340 2898 394 ARCHIEP.

3787 332 3893 387 508

635 452 880 517 pulsum;
939 453 989 506 in
1057 451 1213 522 hujus
1285 455 1718 509 anathematismi
1782 471 1995 525 pcenam
2071 459 2204 512 inci-

2321 478 2386 512 τοι
2447 461 2539 511 καὶ
2597 457 2957 526 ὑποφέρονται
3018 456 3083 524 τῇ
3135 452 3359 522 δυνάμει
3411 452 3506 504 τοῦ
3561 449 3894 517 ἀναθεματι-

633 539 787 595 dunt.

1013 657 1650 712 ANATHEMATISMIIS
1696 657 1822 712 VIII.

708 764 764 820 Si
802 768 922 836 quis
959 768 1142 825 dicere
1175 771 1356 833 audet,
1413 771 1684 825 hominem
1726 781 2058 839 assumptum
2103 787 2209 825 una

636 874 759 913 cum
809 860 898 914 Dei
948 858 1122 915 Verbo
1162 863 1520 926 adorandum,
1573 872 1629 916 et
1670 863 2207 932 congloriﬁcandum,

635 960 689 1003 et
723 949 912 1015 Deum,
964 960 1217 1021 tanquam
1261 953 1492 1008 alterum
1529 969 1651 1007 cum
1697 953 1888 1014 altero.
1922 955 2209 1008 connomi-

639 1041 871 1095 nandum
933 1057 1054 1097 esse
1088 1044 1255 1109 (hunc
1307 1044 1454 1099 enim
1514 1045 1848 1099 intellectum
1902 1043 2206 1114 particula,

635 1130 795 1195 Cum.
837 1134 1068 1202 adjecta,
1099 1145 1360 1203 perpetuo
1384 1151 1448 1190 ac
1481 1138 1795 1190 necessario
1821 1135 1996 1206 alfert)
2024 1144 2077 1191 et
2103 1151 2208 1190 non

638 1221 818 1290 potius
855 1238 958 1276 una
991 1225 1310 1280 adoratione
1334 1226 1739 1281 Emmanuelem
1768 1227 2017 1288 honorat,
2051 1225 2210 1297 155

639 1325 912 1380 unamque
961 1313 1035 1367 illi
1101 1314 1552 1384 gloriﬁcationem
1611 1318 1896 1381 attribuit,
1944 1329 2211 1386 quatenus

639 1399 872 1457 Verbum
908 1403 1105 1459 factum
1133 1417 1212 1461 est
1245 1422 1372 1460 caro
1407 1424 1422 1459 :
1461 1409 1746 1461 anathema
1777 1407 1865 1461 sit.

1138 1516 1437 1572 Declaratio
1489 1529 1693 1571 octava.

708 1626 973 1696 Baptizati
1008 1645 1195 1684 sumus
1229 1630 1279 1684 in
1314 1647 1478 1683 unum
1509 1630 1673 1684 Deum
1710 1629 1925 1685 Patrem
1961 1635 2208 1701 omnipo-

636 1727 862 1785 tentem,
914 1731 969 1774 et
1015 1721 1067 1773 in
1121 1738 1286 1776 unum
1323 1721 1541 1788 Filium,
1591 1734 1645 1776 et
1691 1724 1742 1776 in
1786 1741 1949 1777 unum
1995 1741 2210 1792 quoque

638 1809 900 1879 Spiritum
948 1823 1219 1868 sanctum.
1283 1831 1300 1865 ι
1331 1816 1410 1868 An
1445 1814 1705 1883 ignoratis
1731 1855 1745 1878 ,
1793 1815 2027 1879 fratres,
2068 1836 2085 1867 ι
2136 1816 2211 1870 ait

2318 570 2478 621 σμου.

2743 656 3330 713 ΑΝΑΘΕΜΑΤΙΣΜΟΣ
3370 658 3449 710 Η’.

2388 776 2456 829 Εἴ
2498 794 2580 839 τις
2626 775 2800 845 τολμᾷ
2841 772 3024 840 λέγειν
3053 772 3143 824 τὸν
3183 766 3564 838 ἀναληφθέντα
3607 763 3894 832 ἄνθρωπον

2318 866 2851 939 συμπροσκυνεῖσθαι
2898 867 3008 918 δεῖν
3047 862 3124 933 τῷ
3150 861 3268 932 Θεῷ
3292 861 3478 929 Λόγῳ,
3510 858 3604 912 καὶ
3636 854 3894 917 συνδοξά-

2317 961 2527 1023 ζεσθαι,
2547 960 2641 1012 καὶ
2673 956 3138 1027 συγχρηματίζειν
3155 965 3175 990 ²
3203 953 3355 1013 Θεὸν,
3371 952 3446 1014 ὼς
3467 951 3651 1019 ἕτερον
3681 947 3858 1016 ἑτέρῳ
3879 961 3891 973 ·

2315 1051 2533 1122 τὸγὰρ,
2569 1050 2693 1115 Σὺν,
2727 1050 2814 1102 ἀεὶ
2845 1046 3272 1117 προστιθέμενον
3296 1043 3456 1098 τοῦτο
3479 1044 3619 1096 νοεῖν
3644 1039 3894 1105 ἀναγκά-

2319 1160 2430 1196 σει·
2468 1143 2561 1196 καὶ
2595 1142 2717 1211 οὑχὶ
2744 1141 2808 1211 δὴ
2851 1141 3052 1209 μᾶλλον
3084 1141 3181 1209 μιᾷ
3219 1138 3594 1208 προσκυνήσει
3631 1133 3766 1202 τιμᾷ
3797 1129 3896 1182 τὸν

2331 1231 2714 1303 Ἑμμανουὴλ,
2765 1233 2858 1283 καὶ
2906 1230 3035 1300 μίαν
3091 1229 3239 1297 αὑτῷ
3280 1225 3379 1296 τὴν
3426 1223 3718 1294 ὁμολογίαν
3761 1237 3893 1271 συν-

2318 1325 2479 1378 άπτει
2512 1337 2561 1391 α,
2591 1323 2725 1376 καθὸ
2753 1322 2940 1391 γέγονε
2978 1317 3112 1390 σὰρξ
3139 1321 3166 1371 ὁ
3201 1319 3371 1386 Λόγος
3394 1334 3406 1345 ·
3444 1314 3690 1384 ἀνάθεμα
3725 1311 3896 1364 ἔστω.

2892 1522 3203 1586 Ἐπίλυσις
3257 1525 3326 1584 η’.

2391 1639 2483 1700 Εἰς
2512 1639 2607 1690 ἕνα
2643 1635 2795 1697 Θεὸν,
2826 1633 3045 1702 Πατέρα
3074 1631 3513 1701 παντοκράτορα,
3550 1626 3642 1680 καὶ
3676 1627 3755 1688 είς
3795 1624 3899 1676 ἕνα

2319 1730 2482 1791 Υἱὸν,
2547 1727 2640 1779 καὶ
2691 1727 2795 1793 μὴν
2850 1724 2943 1777 καὶ
2978 1725 3054 1785 είς
3095 1721 3152 1773 ἒν
3181 1720 3405 1791 Πνεῦμα
3440 1719 3593 1786 ἅγιον
3633 1715 3898 1784 βεϐαπτί-

2320 1821 2527 1890 σμεθα·
2586 1813 2704 1869 εἶτά
2774 1832 2937 1885 φησιν
3008 1815 3036 1865 ὁ
3107 1813 3373 1883 μακάριος
3421 1808 3670 1871 Παῦλος,
3721 1825 3740 1857 ι
3775 1806 3901 1860 Οὑκ

636 1901 830 1955 beatus
853 1901 1075 1967 Paulus,
1107 1921 1126 1953 ι
1155 1905 1277 1972 quia
1316 1904 1628 1972 quicunque
1659 1904 2002 1958 inChristum
2024 1903 2210 1960 Jesuni

2321 1911 2527 1971 οἴδατε,
2585 1911 2666 1962 ὅτι
2729 1908 2842 1960 ὅσοι
2900 1908 2980 1967 είς
3031 1903 3266 1973 Χριστὸν
3315 1898 3900 1969 ὲ6απτίσθημεν,]είς

637 1990 900 2060 baptizati
935 2009 1143 2058 sumus,
1174 1994 1228 2047 in
1260 2004 1490 2048 mortem
1517 1995 1683 2063 ipsius
1710 1996 1966 2063 baptizati
1989 1995 2210 2049 sumus?

636 2079 949 2150 Consepnlti
983 2099 1110 2154 ergo
1145 2099 1333 2138 sumus
1355 2100 1478 2138 cum
1528 2085 1622 2139 ilIo
1659 2100 1753 2155 per
1787 2088 2111 2154 baptismum
2155 2087 2208 2140 in

635 2183 905 2238 mortem;
949 2185 1000 2227 ut
1039 2176 1309 2242 quomodo
1341 2177 1593 2232 Christus
1636 2179 1874 2231 surrexit
1910 2194 1939 2230 a
1985 2179 2210 2232 mortuis

636 2277 733 2330 per
759 2264 984 2333 gloriam
1015 2265 1214 2330 Patris,
1246 2269 1318 2321 ita
1353 2277 1409 2322 et
1453 2283 1549 2323 nos
1580 2269 1632 2322 in
1677 2271 1916 2323 novitate
1950 2271 2068 2324 vitae
2097 2284 2208 2322 am-

635 2354 882 2410 bulemus
904 2356 969 2408 ".
1003 2375 1020 2408 ι
1054 2357 1394 2410 Credidimus
1422 2357 1624 2427 itaque,
1661 2368 1716 2412 et
1741 2358 1998 2427 baptizati
2026 2373 2212 2412 sumus

638 2446 691 2498 in
724 2462 911 2510 unum,
941 2457 998 2500 ut
1026 2448 1160 2513 dixi,
1191 2448 1383 2502 Filium
1422 2451 1704 2503 Dominum
1746 2461 1990 2505 nostrum
2026 2449 2208 2504 Jesnm

636 2535 937 2601 Christum,
988 2538 1090 2591 hoc
1138 2548 1240 2601 est,
1280 2540 1652 2601 incarnatum,
1700 2540 2085 2607 hominemque
2127 2541 2208 2593 Ia-

636 2640 785 2680 ctunt
832 2625 925 2682 Dei
972 2624 1152 2684 Patris
1207 2629 1490 2694 Verbum;
1534 2647 1809 2699 unumque
1856 2631 2211 2685 exsistentem

635 2731 690 2772 et
722 2719 886 2773 Deum
915 2721 1145 2775 adorare
1179 2723 1354 2775 edocti
1413 2737 1622 2786 sumus,
1653 2740 1715 2775 ac
1753 2737 2001 2790 superna:
2037 2723 2208 2776 virtu.

638 2820 719 2863 tes
768 2811 1072 2866 nobiscum.
1119 2813 1392 2882 Scriptum
1445 2825 1528 2868 est
1572 2815 1757 2868 enim:
1796 2833 1813 2865 ‹
1845 2813 1978 2868 Cum
2030 2824 2210 2867 autem

635 2901 938 2957 introducit
979 2903 1406 2974 Primogenitum
1465 2906 1517 2959 in
1568 2907 1754 2960 orbem
1803 2915 1980 2970 terrm,
2033 2906 2207 2959 dicit:

635 2992 702 3048 Et
737 2996 968 3048 adorent
1017 3010 1140 3048 eum
1187 3011 1376 3050 omnes
1411 2997 1587 3064 angeli
1628 2996 1719 3049 Dei
1744 2996 1808 3046 ".
1845 3015 1861 3045 ι
1900 2995 2094 3048 Factus
2130 3003 2212 3048 est

636 3096 818 3141 autem
848 3085 1172 3157 Unigenitus
1209 3087 1629 3156 primogenitus,
1664 3087 1879 3154 quando
1920 3087 2083 3140 homo
2115 3102 2210 3137 no-

639 3177 724 3233 bis
778 3177 974 3234 similis
1025 3178 1316 3248 apparuit:
1350 3188 1478 3232 tunc
1538 3180 1681 3232 enim
1734 3179 1947 3234 illorum
1994 3193 2209 3246 quoque

2318 2001 2408 2054 τὸν
2481 2001 2712 2052 θάνατον
2777 1997 2941 2050 αὑτοῦ
3003 1992 3446 2063 ἐϐαπτίσθημενς
3506 1989 3906 2058 Συνετάφημεν

2318 2088 2412 2146 οῦν
2461 2090 2610 2160 αὑτῷ
2654 2088 2742 2141 διά
2772 2087 2865 2139 τοῦ
2901 2085 3277 2155 βαπτίσματος
3311 2081 3474 2135 αὑτοῦ
3508 2083 3586 2143 εἰς
3613 2079 3704 2132 τὸν
3733 2078 3902 2130 θάνα-

2317 2196 2440 2234 τον’
2475 2181 2562 2232 ἵνα
2604 2178 2791 2246 ὥσπερ
2817 2175 3027 2245 ἠγέρθη
3067 2171 3302 2243 Χριστὸς
3332 2171 3396 2223 ἐκ
3436 2168 3644 2238 νεκρῶν
3672 2166 3760 2220 διά
3797 2166 3901 2233 τῆς

2318 2271 2476 2342 δόξης
2501 2269 2595 2324 τοῦ
2627 2268 2862 2339 Πατρδς,
2883 2266 3024 2318 οὕτω
3047 2266 3141 2317 καὶ
3169 2265 3327 2334 ἡμεῖς
3350 2264 3408 2315 ὲν
3436 2259 3716 2328 καινότητι
3747 2256 3903 2326 ζωῆς

2323 2362 2813 2432 περιπατήσωμεν.
2841 2378 2858 2410 ι
2885 2355 3339 2424 Πεπιστεὺκαμεν
3376 2351 3573 2412 τοίνυν,
3613 2349 3707 2402 καὶ
3733 2348 3903 2418 βεϐα-

2321 2451 2598 2522 πτίσμεθα
2627 2452 2706 2515 είς
2737 2451 2835 2502 ἕνα
2863 2488 2877 2511 ,
2910 2447 3162 2517 καθάπερ
3194 2443 3353 2514 ἔφην,
3393 2443 3520 2496 Υίὸν
3561 2441 3651 2493 τὸν
3689 2440 3904 2510 Κύριον

2321 2547 2476 2616 ἡμῶν
2512 2543 2720 2612 Ἰησοῦν
2752 2540 3008 2611 Χριστὸν,
3051 2537 3336 2599 τουτέστι,
3378 2529 3797 2604 σεσαρκωμὲνον
3841 2546 3905 2582 τε

2321 2640 2414 2692 καὶ
2441 2636 2938 2706 ὲνανθρωπήσαντα
2967 2632 3057 2684 τὸν
3089 2633 3154 2683 ὲκ
3175 2627 3309 2682 Θεοῦ
3344 2625 3554 2694 Πατρδς
3582 2623 3772 2690 Λόγον,
3803 2621 3906 2673 ἕνα

2320 2750 2377 2784 τε
2424 2731 2554 2784 ὄντα
2607 2728 2789 2781 Θεὸνδ
2842 2725 3166 2795 προσκυνεῖν
3211 2715 3590 2786 δεδιδάγμεθα,
3637 2716 3731 2766 καὶ
3775 2713 3906 2782 μεθ’

2322 2823 2480 2894 ἡμῶν
2507 2823 2561 2874 αἱ
2591 2821 2703 2873 ἀνω
2733 2817 3025 2886 δυνάμεις·
3056 2814 3369 2884 γέγραπται
3395 2811 3504 2880 γάρ
3525 2826 3538 2839 ο
3578 2826 3596 2859 ι
3632 2808 3825 2894 ὍτανΔ
3846 2805 3907 2894 δὲ

2321 2891 2687 2982 προσαγάγῃο
2719 2907 2810 2960 τὸν
2837 2903 3182 2976 πρωτότοκον
3200 2903 3278 2963 είς
3303 2899 3400 2970 τὴν
3430 2895 3779 2966 οἰκουμένην,
3813 2891 3908 2943 λέ-

2320 3020 2439 3071 γει’
2486 3001 2597 3056 Καὶ
2630 2995 3164 3070 προσκυνησάτωσαν
3211 2989 3414 3044 αὑτδνά
3449 2989 3649 3047 πάντες
3679 2982 3907 3049 ἄγγελοι

2321 3093 2479 3148 Θεοῦ.
2507 3111 2524 3142 ι
2557 3092 2754 3158 Γέγονε
2788 3089 2846 3142 δὲ
2875 3087 3218 3156 πρωτότοκος
3243 3084 3270 3136 ὁ
3301 3077 3726 3147 Μονογενὴς,ὃτι
3753 3073 3855 3127 καὶ
3882 3084 3908 3111 ο

2324 3182 2613 3257 ἄνθρωπος
2646 3182 2854 3251 πέφηνε
2883 3179 3004 3233 καθ’
3033 3179 3178 3247 ἡμᾶς
3201 3192 3212 3203 ·
3261 3174 3383 3226 τότε
3416 3171 3522 3240 γὰρ
3549 3170 3643 3222 καὶ
3671 3165 3910 3233 ἁδελφὸς

635 3267 808 3325 frater
858 3270 1164 3340 appellatus
1201 3281 1304 3334 est,
1355 3271 1443 3338 qui
1499 3271 1644 3325 illum
1692 3271 1944 3339 diligunt.
1991 3270 2046 3323 Si
2097 3271 2212 3338 quis

2323 3278 2696 3350 κεχρημάτικε
2733 3273 2842 3327 τῶν
2879 3269 3218 3339 ἀγαπώντων
3265 3265 3446 3318 αὑτόν.
3507 3262 3572 3315 Εἴ
3596 3278 3680 3325 τις
3717 3259 3914 3313 τοίνυν

633 3375 765 3430 ergo
789 3360 936 3414 illum
973 3361 1134 3414 simul
1184 3363 1400 3416 adorari
1448 3362 1599 3425 dicit,
1643 3369 1894 3430 tanquam
1942 3359 2215 3414 hominem

2323 3348 2923 3441 συμπροσκυνεῖσθαίΐ
2998 3377 3163 3430 φησιν
3222 3358 3296 3421 ὡς
3361 3354 3648 3427 ἄνθρωπον
3715 3348 3910 3441 nemo;

635 3463 905 3512 seorsum,
960 3465 1083 3504 cum
1133 3451 1223 3504 Dei
1285 3452 1462 3506 Patris
1497 3450 1672 3506 Verbo
1729 3462 1982 3520 tanquam
2044 3452 2212 3504 altero

2322 3439 2537 3534 ἑτέριρε
2570 3460 2700 3529 παρ’
2744 3455 2907 3509 αὑτὸν
2953 3453 3252 3522 ὑπάρχοντι
3301 3447 3377 3516 τῷ
3409 3448 3472 3500 ὲκ
3515 3442 3650 3534 Θεοῦ
3684 3439 3912 3534 Πατρδς

637 3540 706 3593 ab
741 3541 878 3608 ipso,
906 3550 959 3594 et
989 3556 1096 3593 non
1151 3543 1446 3594 secundum
1480 3556 1662 3595 veram
1703 3541 1956 3594 unionem
1989 3540 2218 3609 conjun-

637 3642 769 3698 gens
816 3629 870 3682 in
917 3645 1082 3683 unum
1128 3629 1404 3683 Christum
1454 3638 1507 3683 et
1559 3627 1752 3682 Filium
1809 3639 1861 3682 et
1908 3630 2217 3691 Dominutn,

639 3734 746 3773 una
797 3719 1120 3775 adoratione
1167 3721 1418 3787 honorat,
1459 3718 1613 3789 juste
1653 3721 1840 3776 virtuti
1883 3721 2043 3792 hujus
2085 3737 2216 3775 ana-

639 3813 970 3868 thematismi
1006 3813 1312 3883 subjicitur.

1037 3926 1677 3984 ANATHEMATISMUS
1719 3927 1811 3982 IX.

710 4035 769 4092 Si
803 4037 925 4106 quis
972 4054 1134 4091 unum
1169 4039 1453 4093 Dominum
1479 4037 1663 4092 Jesum
1697 4037 1979 4092 Chriswm
2034 4054 2060 4091 a
2092 4039 2205 4106 δρίσ

645 4131 752 4186 ritu
797 4131 1159 4186 clariﬁcatum
1211 4131 1446 4194 dixerit,
1501 4131 1718 4198 propria
1761 4131 1958 4183 virtute
2007 4131 2174 4198 ipsius
2205 4175 2218 4196 ,

2323 3528 2502 3617 Λόγιρ,
2543 3528 2794 3612 καὶίοὺχὶ
2825 3540 2948 3594 καθ’
2988 3539 3183 3591 ἕνωσιν
3216 3534 3393 3603 ἀληθῆ
3433 3528 3772 3598 συνενεγκὼν
3823 3529 3909 3591 εις

2319 3639 2419 3691 ἕνα
2471 3635 2727 3706 Χριστὸν,
2783 3631 2874 3685 καὶ
2927 3629 3076 3693 Υἰὸν,
3135 3626 3231 3678 καὶ
3287 3624 3514 3693 Κύριον,
3582 3622 3682 3691 μιᾷ
3737 3633 3911 3706 προστ

2324 3705 2545 3799 κυνήσει
2576 3725 2747 3793 τιμᾷ,
2784 3719 3118 3789 ὑποφέρεται
3152 3714 3376 3776 δικαίως
3423 3715 3489 3784 τῇ
3535 3711 3764 3781 δυνάμει
3804 3705 3913 3762 τοῦ

2320 3814 2788 3889 ἀναθεματισμοῦ.

2749 3921 3338 3980 ΑΝΑΘΕΜΑΤΙΣΜΟΣ
3374 3918 3416 3972 Θ
3440 3961 3453 3974 .

2398 4047 2464 4099 Ei
2499 4061 2580 4106 τις
2618 4058 2773 4110 φησι,
2819 4039 2909 4091 τὸν
2939 4038 3036 4089 ἕνα
3069 4035 3275 4104 Κύριον
3312 4030 3514 4099 Ἰησοῦν
3548 4025 3783 4098 Χριστὸν
3823 4024 3913 4077 δο-

2325 4133 2624 4203 ξάζεσθαι11
2664 4133 2815 4204 παρὰ
2847 4130 2943 4182 τοῦ
2976 4128 3295 4196 Πνεὺματος
3315 4164 3328 4187 ,
3359 4125 3432 4185 ὡς
3459 4119 3714 4190 ἀλλοτρίᾳ
3739 4118 3910 4171 δυνά-

650 4231 907 4289 tanquam
951 4221 1126 4275 aliena
1166 4229 1441 4286 utentem;
1471 4236 1534 4275 ac
1568 4221 1674 4274 vim
1704 4229 1758 4274 et
1807 4221 2103 4275 ellicaciam
2154 4225 2212 4278 ab

2328 4249 2418 4303 μει
2442 4233 2508 4300 τῇ
2542 4230 2648 4297 ἰδίᾳ
2675 4224 2839 4279 αὑτοῦ
2863 4222 3164 4293 χρώμενον,
3201 4220 3294 4272 καὶ
3315 4219 3445 4286 παρ’
3477 4213 3641 4269 αὑτοῦ
3669 4213 3914 4303 λαϐόντα

648 4311 840 4366 eodem
890 4313 1186 4379 accepisse,
1241 4327 1345 4379 qua
1403 4320 1592 4365 contra
1642 4311 1951 4365 immundos
1997 4314 2221 4382 spiritus

647 4415 988 4473 operaretur,
1032 4413 1086 4458 et
1116 4404 1298 4457 divina
1355 4403 1495 4457 inter
1538 4405 1785 4458 homines
1829 4405 2089 4460 miracula
2127 4422 2220 4476 pa-

646 4504 838 4561 traret,
891 4511 954 4550 ac
1005 4512 1113 4550 non
1144 4496 1321 4565 potius
1369 4499 1543 4564 ipsum
1598 4495 1880 4564 Spiritum,
1935 4513 2029 4566 per
2061 4514 2216 4566 quem

2323 4300 2385 4372 τὺ
2418 4319 2662 4386 ἐνεργεῖν
2707 4312 2970 4381 δύνασθαι
3002 4309 3144 4361 κατὰ
3189 4305 3520 4374 πνευμάτων
3550 4300 3912 4369 ἀκαθάρτων,

2325 4412 2419 4464 καὶ
2463 4409 2523 4461 τὸ
2549 4405 2789 4475 πληροῦν
2824 4404 2903 4465 είς
2931 4399 3249 4467 ἀνθρώπους
3292 4399 3389 4459 τὰς
3421 4392 3782 4463 θεοσημίαςὶ,
3809 4389 3914 4442 καὶ

2325 4501 2446 4571 οὑχ).
2475 4500 2540 4569 δὴ
2572 4497 2769 4568 μᾶλλον
2799 4495 2927 4547 [διον
2961 4490 3128 4545 αὑτοῦ
3181 4490 3241 4542 τὸ
3288 4486 3511 4556 Πνεῦμά
3547 4501 3702 4552 φησι,
3738 4480 3805 4535 δι’
3845 4475 3914 4534 οὗ

642 4583 825 4638 divina
870 4585 1023 4653 signa
1057 4585 1247 4649 edidit,
1279 4585 1422 4638 illius
1465 4585 1741 4654 proprium
1773 4601 1894 4641 esse
1937 4587 2212 4644 confessus

2329 4595 2422 4646 καὶ
2445 4592 2718 4663 ἐνήργησε
2749 4589 2847 4650 τὰς
2877 4585 3173 4656 θεοσημίας
3201 4582 3247 4631 i-
3285 4579 3534 4646 ἀνάθεμα
3560 4575 3726 4627 ἔστω.

643 4675 837 4731 fuerit:
869 4678 1159 4731 anathema
1189 4677 1280 4732 sit.

1182 4787 1341 4842 Decla
1351 4789 1482 4841 ratio
1514 4806 1671 4841 nona.

711 4897 852 4953 Etsi
884 4898 1220 4967 unigenitum
1265 4898 1357 4952 Dei
1391 4899 1622 4954 Verbum
1672 4901 1832 4953 homo
1864 4900 2064 4954 factum
2110 4910 2212 4965 est,

641 4990 836 5045 mansit
868 4999 1046 5043 tamen
1103 4989 1242 5042 Deus
1277 4990 1458 5042 omnia
1496 4989 1652 5058 155
1677 5001 1868 5058 praeter
1906 4991 2076 5045 solam
2121 5008 2216 5059 pa-

642 5080 952 5135 ternitatem
1020 5093 1142 5132 cum
1197 5076 1360 5131 Patre
1403 5079 1710 5132 communia
1767 5079 2011 5134 habens:
2047 5080 2218 5150 Spiri-

645 5181 867 5238 tumque
901 5179 1172 5234 sanctum,
1210 5169 1301 5236 qui
1339 5183 1402 5221 ex
1439 5168 1556 5234 ipso
1581 5180 1683 5232 est,
1713 5171 1922 5239 ipsique
1947 5174 2215 5225 essentia-

645 5262 768 5317 liter
797 5261 960 5321 inest,
994 5260 1272 5328 pr0priutn
1299 5259 1525 5324 habens,
1557 5261 1753 5315 divina:
1779 5262 2030 5329 potentia:
2067 5263 2218 5330 signa

712 5424 756 5454 ³⁸
783 5423 940 5477 Rom.
968 5438 1043 5484 v1,
1083 5421 1116 5475 3
1147 5437 1299 5491 seqq.
1378 5423 1422 5454 "
1449 5422 1611 5476 Hebr.
1647 5437 1685 5485 I,
1715 5421 1769 5477 6.

2903 4785 3221 4847 Ἐπίλυσις
3261 4785 3306 4835 θ’
3318 4822 3332 4834 .

2403 4903 2732 4973 Ἀνθρωπος
2764 4897 3005 4967 γεγονὼς
3036 4897 3065 4948 ὅ
3093 4893 3386 4964 μονογενὴς
3415 4892 3508 4945 τοῦ
3547 4889 3682 4943 Θεοῦ
3710 4888 3916 4956 Λόγος,

2327 4995 2720 5064 ἀπομεμὲνηκε
2757 4991 2848 5043 καὶ
2893 4989 3036 5041 οῦτω
3083 4985 3218 5050 Θεὸς
3241 5025 3254 5048 ,
3291 4984 3469 5037 πάντα
3507 4982 3770 5051 ὑπάρχων
3808 4981 3919 5032 ὅσα

2329 5088 2424 5140 καὶ
2458 5088 2485 5136 ὁ
2513 5085 2722 5153 Πατὴρ,
2755 5082 2878 5152 δίχα
2915 5081 3074 5150 μόνου
3097 5078 3190 5131 τοῦ
3215 5074 3356 5131 εἶναι
3393 5076 3614 5145 Πατήρ·
3649 5072 3746 5124 καὶ
3777 5071 3918 5124 ἴδιον

2328 5177 2468 5246 ἔχων
2513 5175 2574 5227 τὸ
2617 5173 2674 5238 ἐξ
2735 5171 2920 5236 αὑτοῦ,
2960 5172 3052 5224 καὶ
3093 5168 3368 5231 οὑσιωδῶς
3400 5165 3714 5236 ἐμπεφυκὸς
3759 5162 3919 5230 αὑτῷ

2330 5266 2558 5336 Πνεῦμα
2587 5267 2760 5331 ἆγιον,
2788 5263 3075 5335 εἰργάζετο
3102 5263 3200 5326 τάς
3225 5259 3520 5330 θεοσημίας
3538 5263 3561 5297 κ
3588 5273 3602 5286 ο
3643 5256 3786 5308 ὥστε
3815 5255 3917 5306 καὶ

1701 5559 1872 5615 Varia:
1897 5563 2158 5626 lectiones
2189 5576 2254 5616 ex
2291 5561 2476 5617 codice
2508 5564 2876 5633 Seguieriano.

721 5691 742 5719 ι
781 5679 1256 5751 συσχηματίζεινη
1306 5690 1330 5719 α
1360 5679 1667 5751 δοξολογίαν
1694 5680 1946 5748 ἀνάπτει,
1973 5682 2127 5751 alias.
2159 5682 2492 5751 ἀναπέμπει.
2560 5683 2586 5721 δ
2617 5683 2711 5734 καὶ
2741 5681 2893 5733 Θεόν.

851 5751 868 5789 ί
908 5749 1351 5820 προσκυνεῖσθαι.
1420 5752 1443 5789 δ
1476 5750 1567 5800 καὶ
1601 5751 1675 5812 ὡς
1707 5751 1895 5823 ἑτέρῳ.
1975 5750 2002 5790 δ
2031 5749 2363 5815 δεδοξάσθαι.

649 5753 762 5807 καί.

3001 5693 3021 5720 ε
3048 5680 3338 5750 εἰσαγάγῃ.
3447 5678 3470 5750 ἑ
3505 5676 3672 5744 αὑτῷ.
3770 5687 3792 5715 ο
3817 5675 3913 5732 ὅτε

2450 5751 2847 5823 ἱθεοσημεέας.
2933 5751 3307 5821 ΙΘεοσημείας.
3386 5749 3788 5818 Ιιθεοιιημείεις.
