4042 6428
100 339 185 397 309
1136 334 1551 395 EXPLICA'I‘IO
1591 336 1944 396 DUODECIM
1989 343 2320 402 CAPITUM.

3254 348 3361 405 310

98 452 373 521 ἄνθρωπος
430 448 718 517 γεγονὼς,
770 448 1145 521 ἐπιμεμίνηκε
1196 452 1291 506 καὶ
1333 452 1673 517 οὕτωνΘεός”

1788 461 2128 526 operabatur.
2173 460 2355 527 Quare
2403 468 2755 529 posteaquam
2800 460 2961 514 homo
3006 459 3205 514 factum
3248 472 3354 527 est,

96 544 217 595 ὥστε
251 540 365 612 ἰδία
393 541 633 611 δυνάμει
664 544 733 611 τῇ
762 540 852 594 διὰ
876 540 971 595 τοῦ
1002 542 1317 613 Πνεύματος
1343 543 1679 614 ἐπλήρουμτὰ

95 635 360 700 Badium.
396 634 466 685 Ol.
494 632 559 685 δὲ
585 631 860 701 λέγοντες,
891 633 965 695 ὡς
998 632 1281 701 ἄνθρωπον
1313 634 1411 688 ἕνα
1437 635 1528 688 τὸν
1556 636 1677 688 καθ’

93 726 248 793 ἡμᾶς,
274 724 459 793 ἤγουν
484 721 596 775 τῶν
629 722 825 791 ἁγίων,
853 721 1163 788 δεδοξάσθαι
1196 724 1358 777 αὑτὸν
1385 727 1452 795 τῇ
1476 724 1564 778 διὰ
1582 723 1678 777 τοῦ

93 812 414 882 [Ινεύματος
465 812 743 882 ἐνεργείᾳ,
793 811 891 881 οὐχ
946 811 1019 876 ὡς
1055 812 1161 883 ίδία
1199 813 1420 883 μᾶλλον,
1457 814 1571 867 ἀλλ’
1604 813 1680 877 ὡς

90 906 361 975 ἀλλοτρίᾳ,
420 905 521 958 καὶ
573 906 636 957 οὑ
681 904 976 974 θεοπρεπεῖ
1001 904 1307 976 χρώμενον,
1354 907 1450 960 καὶ
1495 905 1571 970 ὡς
1619 907 1681 958 ἐν

90 1002 302 1071 χάριτος
335 999 507 1071 μέρει
557 998 746 1051 λαϐεῖν
796 996 951 1068 παρὰ
992 996 1087 1049 τοῦ
1118 996 1436 1065 Πνεύματος
1461 995 1560 1065 τὴν
1599 997 1680 1058 είς

86 1092 341 1162 οὐρανοὺς
370 1089 651 1159 ἀνάληψιν
672 1105 685 1119 ·
729 1088 1112 1141 ὑποκείσονται
1157 1085 1380 1148 δικαίως
1421 1087 1487 1138 τῖ-
1518 1084 1677 1139 δυνά-

89 1199 169 1251 μει
196 1180 295 1234 τοῦ
331 1178 825 1251 ἀναθεματισμοῦ.

526 1318 1129 1373 ΔΝΑΘῈΜΑΤΙΣΜΟΣ
1162 1319 1216 1371 ῐ’.

156 1453 463 1525 Ἀρχιερέα
489 1494 504 1517 ,
560 1454 655 1507 καὶ
702 1454 1000 1507 ἀπόστολον
1040 1454 1142 1521 τῆς
1176 1452 1467 1520 ὁμολογίας
1519 1450 1681 1521 ἡμῶν

86 1546 414 1616 γεγενῆσθαι
443 1546 685 1615 Χριστὸν
714 1548 745 1615 ἠ
777 1545 896 1598 θεία
924 1545 1072 1612 λέγει
1102 1544 1290 1615 Γραφή
1313 1559 1326 1574 ’
1374 1559 1679 1614 προσκεκο-

85 1635 300 1704 μικέναι
326 1636 390 1689 δὲ
422 1636 623 1689 ἑαυτὸν
654 1636 795 1704 ὑπὲρ
828 1635 983 1704 ἡμῶν
1014 1636 1094 1697 είς
1121 1634 1299 1704 ὀσμὴν
1333 1634 1561 1699 εὐωδίας
1600 1634 1678 1704 τῷ

1785 547 1926 603 Deus
1976 550 2140 604 etiam
2185 550 2267 604 sic
2309 550 2644 619 permansit;
2682 556 2843 616 atque
2879 550 2957 602 ita
3008 549 3222 619 propria
3266 563 3363 617 per

1782 637 2045 710 Spiritum
2095 641 2295 695 virtute
2340 639 2600 695 miracula
2652 640 2923 708 patrabat.
2966 640 3066 707 Qui
3109 654 3239 693 vero
3281 640 3362 693 di-

1779 740 1929 797 cunt,
1960 731 2133 798 illum,
2168 740 2424 800 tanquam
2458 745 2626 785 unum
2659 731 2967 801 quempiam
2996 745 3027 786 e
3056 732 3231 795 nobis,
3262 730 3363 785 hoc

1779 828 1863 875 est
1909 834 1940 875 e
1989 820 2165 876 sancti
2214 820 2455 890 Spiritus
2495 822 2810 888 operatione
2858 819 3239 885 clarificatum,
3273 835 3362 874 ea-

1780 922 1904 979 que,
1939 924 2044 965 non
2094 920 2153 964 ut
2195 911 2437 980 propria,
2489 910 2580 965 sed
2627 918 2886 979 tanquam
2929 910 3125 974 aliena,
3160 920 3215 963 et
3246 925 3364 977 qua:

1780 999 1951 1056 Deum
1993 1016 2098 1056 non
2161 1003 2378 1068 deceat,
2427 1018 2608 1068 usum,
2668 1017 2879 1058 necnon
2927 1003 3081 1073 quasi
3130 1002 3363 1073 Spiritus

1780 1091 1956 1161 gratia
1985 1092 2051 1145 ad
2098 1091 2270 1147 caelos
2299 1108 2420 1147 esse
2454 1102 2797 1161 assumptum
2829 1110 2845 1147 :
2882 1093 2959 1147 illi
2996 1094 3195 1149 merito
3231 1109 3363 1147 ana-

1782 1181 2111 1237 thematismi
2146 1180 2306 1251 huius
2337 1184 2525 1237 virtuti
2567 1184 2947 1253 subjacebuut.

2195 1313 2840 1371 ANATHEMATISMUS
2879 1317 2945 1371 Χ.

1852 1447 2215 1503 Confessionis
2262 1458 2457 1504 nostra:
2496 1450 2806 1518 pontiﬁcem
2848 1460 2902 1505 et
2930 1455 3231 1519 apostolum
3276 1456 3359 1506 ta—

1782 1550 1927 1598 ctum
1980 1558 2103 1598 esse
2173 1541 2453 1598 Christum
2520 1542 2801 1612 Scriptura
2852 1544 3029 1597 divina
3090 1544 3358 1598 docet”:

1780 1626 2040 1683 obtulisse
2063 1642 2279 1697 quoque
2319 1627 2675 1694 semetipsum
2716 1642 2813 1697 pro
2849 1627 3003 1681 nobis
3039 1627 3145 1681 Deo
3178 1636 3227 1679 et
3260 1626 3363 1680 Pa-

82 1726 190 1798 θεῷ
226 1729 328 1781 καὶ
377 1728 587 1798 Πατρί.
626 1727 692 1779 Ei.’
728 1743 809 1788 τις
854 1726 1032 1778 τοίνυν
1073 1725 1371 1797 ἀρχιερέα,
1420 1726 1513 1780 καὶ
1547 1726 1675 1779 ἁπό-

1788 1720 1852 1775 tri
1880 1729 1936 1776 et
1962 1722 2015 1775 in
2045 1721 2269 1776 odorem
2314 1720 2607 1776 suavitatis
2630 1720 2699 1773 ".
2730 1720 2786 1774 Si
2817 1720 2939 1789 quis
2978 1732 3111 1790 ergo
3140 1718 3360 1780 dixerit,

82 1821 262 1872 στόλον
312 1819 488 1890 ἡμῶν
538 1817 873 1886 γεγενῆσθαί
925 1834 1090 1887 φησιν
1133 1818 1233 1869 οὐκ
1276 1818 1437 1870 αὑτὸν
1485 1817 1574 1871 τὸν
1613 1818 1678 1870 ἐκ

1788 1810 2092 1879 pontificem
2138 1820 2193 1866 et
2223 1810 2530 1879 apostolum
2576 1822 2821 1865 nostrum
2872 1826 2979 1865 non
3016 1824 3141 1865 esse
3186 1810 3360 1879 ipsum

78 1913 208 1964 Θεοῦ
241 1912 473 1981 Πατρὸς
505 1911 703 1979 Λόγον,
732 1911 821 1964 ὅτε
851 1912 1041 1979 γέγονε
1073 1909 1238 1981 σὰρξ,
1266 1910 1357 1963 καὶ
1385 1909 1510 1963 καθ’·
1533 1910 1680 1980 ἡμᾶς

81 2004 398 2075 ἄνθρωπος,
423 2002 549 2056 ἀλλ’
574 2001 651 2066 ὡς
675 2004 866 2072 ἕτερον
892 2002 1022 2072 παρ’
1046 2002 1226 2066 αὑτὸν,
1261 2001 1441 2064 ιδικῶς
1474 2001 1682 2071 ἄνθρω-

79 2112 173 2147 πον
202 2098 271 2147 ἐκ
294 2093 606 2163 γυναικός*
634 2094 666 2163 ἢ
698 2095 750 2146 ετ
776 2110 861 2155 τις
908 2093 1060 2160 λέγει
1100 2093 1239 2163 ὑπὲρ
1267 2091 1497 2146 1’ἑαυτοῦ
1522 2109 1687 2163 προσ-

80 2189 325 2255 ενεγκεῖν
376 2186 549 2239 αὐτὸν
578 2185 677 2255 τὴν
707 2185 1047 2255 προσφορὰν,
1098 2185 1193 2237 καὶ
1221 2184 1340 2253 οὐχὶ
1373 2185 1443 2253 δὴ
1482 2183 1682 2253 μᾶλλον

79 2280 217 2347 ὑπὲρ
251 2278 441 2348 μόνων
488 2275 685 2347 ἡμῶν*
737 2277 798 2328 οὐ
834 2276 942 2346 γὰρ
978 2275 1043 2328 ἂν
1076 2274 1269 2344 ἐδεήθη
1299 2274 1614 2345 προσφορᾶς
1652 2274 1680 2324 ὁ

84 2371 152 2423 ξιξ
179 2370 341 2422 είδὼ·
377 2369 699 2422 ἁιιαοτίαν·
735 2369 983 2421 ἀνάθεμα
1018 2366 1178 2421 ἔστω.

697 2562 1011 2625 Ἐ’πίλυσις
1042 2568 1094 2616 ι’.

148 2672 375 2743 Σμικρὰ
432 2672 536 2741 μὲν
581 2671 1030 2741 ὁμολογουμένως
1074 2671 1151 2741 τῷ
1191 2673 1255 2725 ἐκ
1289 2672 1424 2725 Θεοῦ
1473 2673 1687 2743 Πατρός

82 2766 234 2833 φύντι
289 2766 463 2834 Λόγῳ
499 2764 570 2816 τὰ
592 2763 929 2835 ἀνθρώπινα.
960 2763 1105 2834 Πλὴν
1141 2763 1254 2817 ἀλλ’
1275 2765 1374 2817 οὔκ
1404 2765 1685 2837 ἀπόϐλητα

81 2856 160 2909 διὰ
188 2858 292 2928 τὴν
323 2855 673 2926 οἰκονομίαν.
728 2855 933 2925 Κύριος
965 2856 1071 2925 γὰρ
1112 2854 1188 2907 ὢν
1220 2856 1328 2907 τῶν
1365 2856 1499 2909 ὅλων
1547 2855 1687 2909 κατὰ

82 2952 259 3016 εὐσιν,
307 2949 566 3018 καθῆκεν
606 2946 799 2998 ἑαυτὸν
842 2947 900 2997 ἐν
935 2948 1046 3007 τοῖς
1082 2945 1203 2998 καθ’
1247 2947 1426 3016 ἡμᾶς,
1473 2947 1687 3016 μορφὴν

80 3040 262 3093 ὣύλου
311 3038 541 3092 λαὸὡνο
582 3038 677 3091 καὶ
714 3038 1121 3108 κεχρημάτικεν
1159 3037 1318 3109 ἡμῶν
1361 3040 1455 3092 καὶ
1498 3042 1686 3108 ἀρχιε-

1785 1900 1876 1955 Dei
1904 1898 2541 1970 Verbum,posteaquam
2575 1916 2703 1955 caro
2735 1908 2788 1954 et
2829 1900 2991 1955 homo
3021 1899 3176 1955 nobis
3210 1900 3361 1953 simi-

1784 1991 1849 2046 lis
1890 1990 2092 2045 factum
2124 2004 2247 2056 est;
2283 1995 2378 2045 sed
2411 1991 2688 2047 hominem
2719 1991 2891 2056 illum,
2925 1991 3017 2060 qui
3044 2006 3108 2045 et
3139 1990 3365 2044 muliere

1786 2091 1949 2138 natus
1986 2091 2090 2149 est,
2123 2084 2279 2151 quasi
2317 2083 2549 2137 alterum
2584 2084 2894 2152 quempiam
2929 2082 2997 2136 ab
3046 2081 3163 2150 ipso
3198 2082 3368 2134 diver-

1783 2188 1900 2228 sum
1933 2192 1949 2227 :
1979 2183 2071 2226 aut
2119 2174 2163 2227 si
2196 2177 2316 2242 quis
2352 2173 2632 2227 Christum
2684 2188 2781 2242 pro
2832 2174 3011 2241 seipso
3042 2186 3279 2241 quoque,
3312 2180 3368 2223 et

1784 2278 1889 2318 non
1945 2264 2124 2332 petius
2171 2280 2269 2335 pro
2317 2265 2474 2319 nobis
2531 2264 2663 2319 solis
2718 2264 3047 2319 sacrificium
3102 2263 3369 2317 obtulisse

1784 2354 1985 2409 dixerit
2013 2358 2213 2425 (neque
2262 2358 2406 2412 enim
2453 2356 2727 2411 oblatione
2771 2356 2988 2425 egebat,
3022 2356 3110 2425 qui
3159 2369 3358 2424 pecca-

1786 2455 1897 2500 tum
1926 2462 2030 2501 non
2068 2448 2235 2517 novit)
2268 2465 2280 2498 :
2320 2446 2605 2501 anathema
2637 2447 2735 2500 sit.

2296 2557 2597 2613 Declaratio
2617 2559 2843 2614 decima.

1860 2674 2065 2743 Exigua
2106 2688 2238 2727 sane
2269 2682 2393 2728 sunt
2431 2673 2626 2738 Verbo,
2664 2672 2805 2741 quod
2840 2686 2904 2725 ex
2942 2670 3051 2725 Deo
3080 2671 3242 2725 Patre
3272 2687 3383 2725 orm

1790 2776 1898 2819 tum
1924 2776 2025 2829 est,
2056 2778 2175 2833 quae
2200 2765 2430 2818 humana
2460 2774 2621 2831 sunt;
2652 2773 2887 2817 attamen
2911 2773 3129 2831 propter
3151 2765 3364 2832 dispen-

1788 2862 2052 2915 sationem
2094 2874 2197 2913 non
2244 2856 2556 2925 rejicieuda.
2590 2854 2723 2910 Cum
2761 2855 2903 2908 enim
2940 2856 3233 2909 secundum
3266 2873 3364 2910 na—

1791 2954 1964 3005 turam
2013 2950 2386 3003 universorum
2432 2947 2688 3003 Dominus
2729 2954 2915 3011 esset,
2964 2947 3149 3001 servili
3194 2946 3365 3000 forma

1792 3050 2029 3109 accepta,
2058 3040 2108 3093 in
2149 3053 2211 3092 ea
2253 3054 2375 3107 qua:
2416 3046 2598 3093 nostra
2632 3048 2779 3100 sunt,
2815 3038 3162 3105 semetipsum
3188 3037 3366 3091 demi-

84 3135 222 3200 ςᾶῦς,
260 3132 362 3185 καὶ
396 3131 724 3193 ἀπόστολος,
755 3130 862 3182 τῶν
893 3132 990 3198 τῆς
1022 3131 1435 3199 ἀνθρωπότητος
1473 3131 1684 3199 μέτρων

1799 3131 1901 3196 sit;
1938 3130 2344 3199 appellatusque
2368 3138 2449 3183 est
2485 3138 2671 3183 noster
2708 3128 2945 3198 pontifex
2981 3138 3035 3183 et
3068 3128 3363 3196 apostolus.

86 3227 171 3276 καὶ
208 3227 291 3285 είς
331 3222 502 3275 τοῦτο
549 3221 861 3276 καλούντων
903 3222 1090 3273 αὐτόν·
1134 3240 1151 3270 ε
1184 3222 1599 3293 Προσκεκόμικε
1629 3223 1684 3274 δὲ

86 3318 271 3369 ἑαυτὸν
309 3317 461 3384 ὑπὲρ
506 3314 667 3388 ἡμῶν
704 3316 783 3377 είς
828 3313 1004 3386 ὀσμὴν
1046 3314 1272 3377 εὐωδίας
1313 3314 1390 3385 τῷ
1437 3314 1555 3385 Θεῷ
1594 3318 1686 3368 καὶ

88 3408 281 3477 ίιατρί·
319 3407 429 3477 μιᾷ
478 3406 591 3476 γὰρ
621 3407 913 3476 προσφορᾷ
954 3406 1270 3459 τετελείωκε
1308 3408 1430 3469 τοὺς
1463 3407 1686 3475 ἁγιαζο-

90 3502 272 3565 μένους
309 3504 399 3565 εἰς
428 3501 491 3553 τὸ
524 3500 793 3569 διηνεκὲς,
824 3518 841 3551 ι
876 3500 1019 3553 καθὰ
1049 3500 1376 3569 γέγραπται.
1421 3500 1561 3551 Ἀλλ’
1588 3502 1685 3553 οὐκ

84 3590 347 3658 οἷδ’ὅπως
381 3604 424 3631 αλ
456 3596 515 3647 οἱ·
554 3593 908 3663 ἑτερόφρονες
957 3593 1057 3645 οὐκ
1104 3594 1265 3644 αὑτὸν
1313 3594 1403 3645 τὸν
1453 3596 1515 3647 ὲκ
1549 3594 1684 3647 Θεοῦ

86 3688 244 3755 λόγον
263 3689 572 3758 ἄνθρωπον
597 3685 857 3752 γεγονότα
882 3684 1322 3754 διισχυρίζονται,
1351 3688 1683 3755 χρηματίσαι

86 3796 135 3829 τε
162 3782 256 3832 καὶ
282 3777 633 3842 ἀπόστολον,
652 3777 743 3829 καὶ
768 3776 1032 3846 ἀρχιερέα
1076 3776 1175 3846 τῆς
1197 3777 1483 3846 ὁμολογίας
1506 3778 1683 3848 ἡμῶν,

210 3869 285 3931 ὡς
318 3868 524 3937 ἕτερόν
556 3883 684 3920 τινα
710 3867 838 3934 παρ’
864 3866 1024 3919 αὑτὸν
1051 3867 1335 3937 ἄνθρωπον
1368 3868 1568 3933 ίδικῶς,
1593 3869 1684 3920 τὸν

87 3960 141 4009 ὲκ
159 3960 257 4027 τῆς
284 3959 457 4028 ἁγίας
487 3957 770 4028 Παρθένου
798 3958 1164 4027 γεγενημένον
1187 3959 1317 4026 φασὶ
1344 3959 1684 4029 χρηματίσαι

88 4052 172 4101 καὶ
201 4051 541 4112 ἀπόστολον,
567 4049 661 4102 καὶ
684 4049 967 4119 ἀρχιερέα,
996 4050 1091 4101 καὶ
1122 4050 1262 4102 κατὰ
1292 4050 1575 4119 προκοπὴν
1606 4052 1684 4111 είς

88 4142 235 4196 τοῦτο
257 4141 619 4212 ἐληλυθέναι,
649 4140 745 4193 καὶ
769 4140 867 4209 οὐχ
893 4140 1032 4208 ὑπέρ
1054 4157 1112 4207 γε
1144 4141 1319 4209 μόνων
1346 4139 1522 4208 ἡμῶν,
1550 4140 1684 4193 ἀλλὰ

91 4237 175 4287 καὶ
220 4237 370 4306 ὑπὲρ
416 4231 617 4286 ἑαυτοῦ
654 4234 1041 4301 προσενεγκεῖν
1072 4240 1098 4267 η
1144 4231 1336 4283 ἐαυτὸν
1382 4233 1461 4292 είς
1494 4230 1685 4283 θυσίαν

92 4326 162 4387 τῷ
192 4328 314 4399 Θεῷ
364 4327 467 4379 καὶ
502 4325 713 4394 Πατρί·
746 4325 882 4394 ὅπερ
912 4324 1027 4376 ἐστὶ
1057 4326 1154 4391 τῆς
1188 4322 1375 4391 ὀρθῆς,
1409 4323 1501 4374 καὶ
1534 4324 1688 4393 ἀμω-

93 4418 255 4487 μήτου
289 4418 544 4477 πίστεως
573 4416 851 4485 ἀλλότριον
876 4414 1151 4476 παντελῶς
1171 4430 1193 4444 λ
1212 4414 1271 4466 οὐ
1299 4416 1403 4485 γὰρ
1428 4414 1683 4485 ἐποίησεν

92 4482 358 4581 ἁμαρτίαν
384 4525 403 4537 ⁶
436 4510 467 4559 ὁ
514 4508 573 4561 δὲ
618 4482 882 4578 κρείττων
932 4506 1007 4559 ὣν
1044 4505 1138 4559 τοῦ
1178 4482 1538 4575 πλημμελεῖν,
1573 4482 1681 4559 γκαὶ
1714 4482 1757 4537 D

92 4599 397 4670 ἀμοιρήσας
420 4597 705 4667 ἁμαρτίας
730 4595 1029 4659 παντελῶς,
1050 4595 1150 4647 οὐκ
1175 4596 1242 4647 ἂν
1270 4595 1463 4665 ἐδεήθη
1492 4593 1680 4657 θυσίας

92 4688 183 4757 τῆς
211 4691 359 4759 ὑπὲρ
382 4687 609 4740 ἑαυτοῦ.
648 4687 865 4757 Ἐπειδὴ
888 4686 943 4737 δὲ
975 4685 1034 4737 τὸ
1065 4685 1210 4746 είκὺς
1244 4683 1680 4755 παρωθούμενοι,

92 4781 179 4834 δύο
214 4783 276 4853 δὴ
313 4781 491 4835 πάλιν
522 4780 674 4840 υἱοὺς
696 4778 998 4832 ἐπινοοῦσιν
1025 4780 1072 4830 οἱ
1104 4778 1475 4848 ἐτερόφρονες,
1510 4778 1681 4845 ἀναγ-

95 4877 253 4940 καίως
281 4877 520 4944 γέγονεν
556 4876 585 4927 ὁ
618 4872 1092 4942 ἁναθεματισμιὺς,
1140 4871 1358 4940 ἐμφανῆ
1409 4869 1684 4924 καθιστῶν

96 4966 186 5035 τὴν
220 4967 487 5021 ἀσέϐειαν
518 4964 722 5019 αὐτῶν.

527 5155 1121 5210 ΑΝΑΘΕΜΑἸΊΣΜΟΣ
1153 5156 1254 5208 1Λ’.

166 5270 229 5324 Et
259 5288 344 5334 τις
381 5269 488 5339 οὐχ
529 5267 785 5338 ὁμολογεῖ
812 5268 911 5337 τὴν
956 5266 1051 5319 τοῦ
1087 5266 1294 5337 Κυρίου
1332 5266 1510 5337 σάρκα
1543 5264 1678 5328 ζωο-

176 5450 218 5482 ³⁶
241 5453 411 5507 llebr.
450 5467 536 5518 ιιι,
573 5452 623 5505 l.

1792 3222 2038 3275 humana:
2068 3232 2273 3274 natura:
2307 3219 2707 3274 conditionibus
2738 3219 2805 3273 ad
2848 3220 2948 3273 hoc
2985 3220 3151 3273 etiam
3183 3219 3360 3288 ipsum

1790 3312 2125 3366 vocantibus.
2173 3329 2191 3359 ι
2231 3304 2435 3362 Obtulit
2468 3319 2647 3363 autem
2682 3308 3034 3377 semetipsum
3068 3323 3167 3379 pro
3203 3311 3360 3363 nobis

1790 3402 1897 3457 Deo
1940 3401 2088 3455 Patri
2128 3402 2178 3454 in
2201 3401 2423 3455 odorem
2454 3400 2819 3455 suavitatis".
2846 3400 2962 3455 Una
2989 3401 3185 3470 quippe
3208 3400 3362 3456 obla-

1791 3490 2724 3549 tioneconsummavitsanctiﬁcatos
2756 3493 2807 3547 in
2840 3493 3229 3562 sempiternum
3253 3493 3353 3557 ",r

1788 3587 1935 3640 sicut
1979 3586 2237 3653 scriptum
2293 3592 2392 3637 est.
2438 3584 2505 3636 At
2544 3583 2726 3636 nescio
2775 3584 3045 3651 quomodo
3080 3584 3170 3653 qui
3206 3598 3362 3639 secus

1788 3680 2048 3742 sentiunt,
2086 3692 2188 3730 non
2216 3677 2387 3745 ipsum
2426 3672 2523 3729 Dei
2566 3673 2799 3729 Verbum
2853 3675 3123 3730 hominem
3168 3676 3364 3730 factum

1790 3769 2090 3830 exstitisse,
2121 3777 2174 3821 et
2205 3765 2508 3835 apostolum
2555 3780 2619 3819 ac
2666 3765 2973 3835 pontificem
3006 3766 3366 3820 confessionis

1790 3870 2011 3921 nostrae,
2044 3859 2137 3913 sed
2182 3858 2335 3927 quasi
2372 3858 2641 3912 diversum
2671 3858 2977 3926 quempiam
3016 3858 3085 3911 ah
3118 3858 3233 3927 ipso
3266 3858 3365 3910 ho-

1790 3956 1989 4007 minem
2020 3965 2265 4007 seorsum
2301 3964 2331 4003 e
2359 3959 2543 4003 sancta
2586 3947 2807 4018 Virgine
2855 3960 3039 4002 natum
3063 3990 3079 4014 ,
3116 3957 3171 4001 et
3208 3947 3369 4018 156

1789 4043 2089 4114 apostolum
2138 4057 2203 4096 ac
2256 4041 2564 4110 pontificem
2613 4052 2864 4096 vocatum
2922 4040 3090 4095 fuisse
3136 4052 3365 4094 conten-

1788 4137 1953 4200 dunt;
1985 4144 2039 4188 et
2072 4133 2403 4202 proficiendo
2436 4134 2501 4185 ad
2535 4133 2637 4187 hoc
2668 4143 2910 4187 evectum
2944 4147 3103 4187 esse:
3141 4147 3238 4185 nec
3267 4146 3363 4199 pro

1789 4225 1943 4278 nobis
1969 4223 2099 4277 solis
2126 4222 2472 4289 semetipsum
2514 4221 2625 4275 Deo
2665 4232 2720 4275 et
2765 4221 2908 4275 Patri
2944 4222 2993 4275 in
3032 4222 3362 4277 sacrificium

1786 4316 2065 4377 obtulisse,
2105 4315 2198 4368 sed
2251 4315 2411 4368 etiam
2458 4328 2554 4381 pro
2600 4315 2822 4383 seipso:
2861 4314 2912 4367 id
2952 4316 3092 4381 quod
3140 4330 3169 4367 a
3216 4324 3360 4369 recta

1789 4406 2171 4475 inculpataque
2218 4404 2322 4459 iide
2369 4406 2590 4458 omnino
2631 4414 2713 4458 est
2760 4405 3033 4471 alienum,
3081 4416 3358 4473 peccatum

1789 4497 1935 4550 enim
1965 4512 2069 4551 non
2099 4495 2325 4549 fecerat.
2360 4494 2459 4560 Qui
2502 4505 2680 4549 autem
2711 4496 2908 4550 delicto
2946 4498 3213 4565 superior,
3239 4512 3363 4566 pec—

1788 4588 2002 4656 catique
2029 4600 2253 4655 prorsus
2283 4599 2475 4653 expers
2501 4593 2653 4650 erat,
2683 4584 2957 4639 oblatione
2985 4603 3082 4655 pro
3124 4601 3182 4640 se
3216 4585 3362 4640 nullo

1788 4686 1943 4748 pacto
1971 4691 2110 4746 opus
2136 4676 2388 4730 habebat.
2429 4677 2689 4741 Quoniam
2718 4690 2845 4729 vero
2882 4679 2975 4745 qui
3019 4687 3207 4731 contra
3239 4692 3361 4731 seu»

1791 4770 1953 4830 tiunt,
1999 4767 2139 4821 duos
2174 4780 2360 4819 rursus
2400 4765 2537 4819 filios
2573 4764 2801 4819 absurde
2839 4766 3357 4829 comminiscuntur,

1787 4872 1963 4928 operte
1989 4856 2221 4925 pretium
2256 4856 2377 4917 fuit,
2411 4864 2470 4908 nt
2494 4855 2579 4909 hic
2613 4871 2827 4925 quoque
2867 4856 3355 4911 anathematismus

1786 4951 2177 5019 assignaretur,
2233 4949 2322 5016 qui
2375 4949 2707 5016 impietatem
2759 4947 2974 5003 illorum
3020 4950 3357 5018 perspicuam

1789 5040 2051 5100 redderet,

2188 5147 2826 5204 ANATHEMATISMUS
2868 5147 2958 5202 XI.

1859 5265 1914 5319 Si
1937 5264 2057 5331 quis
2082 5262 2293 5318 Domini
2318 5277 2535 5318 carnem
2564 5261 2853 5327 viviﬁcam,
2880 5262 3153 5331 ipsiusque
3178 5257 3359 5323 Verbi,

726 5450 767 5481 ³¹
799 5450 998 5519 Ephes.
1032 5465 1083 5515 ν,
1110 5450 1165 5501 2.
1243 5450 1285 5479 ⁸²
1318 5447 1450 5501 Ιὺὶά.
1542 5447 1587 5479 ⁸³
1606 5449 1771 5502 Hebr.
1806 5462 1859 5512 Χ,
1893 5447 1977 5503 ιι.

1181 5603 1353 5657 Variae
1394 5604 1655 5659 lectiones
1684 5620 1749 5659 ex
1782 5604 1967 5659 codice
2005 5602 2379 5675 Seguieriano.

158 5760 173 5805 ι
208 5763 486 5834 καὶ-ὑπέρ.
566 5768 598 5790 ’⁵
633 5755 750 5816 οῖδα
778 5760 915 5823 πῶς.

994 5772 1017 5799 η
1060 5760 1257 5831 μᾶλλον
1290 5761 1464 5832 ἡμῶν,
1501 5762 1529 5833 ἤ
1560 5761 1749 5814 ἑαυτοῦ
1785 5763 2189 5832 προσενεγκεῖν.
