4042 6444
713 326 814 384 ΞΗ
1705 336 1764 391 S.
1805 334 2084 390 (JYRILLI
2122 334 2275 391 ALEI

2385 336 2599 394 ιυιιιΝι
2633 339 2963 398 ARCHIEP.
3865 337 3981 391 512

697 441 840 510 quod
873 454 936 495 ex
985 441 1094 496 Deo
1136 441 1299 498 Patre
1339 455 1446 510 est,
1490 447 1762 518 propriam
1810 465 1929 504 esse
1977 453 2273 521 negaverit,

2385 453 2536 505 ποιὸν
2569 445 2729 518 εῖναι,
2759 454 2853 508 κα)⁵
2881 452 3017 506 ίδίαν
3043 451 3210 504 αὐτου
3231 449 3326 504 τοῦ
3351 451 3416 504 ἐκ
3441 449 3578 504 Θεοῦ
3618 449 3841 519 Πατρδς
3868 452 3981 502 Λό-

695 533 788 586 sed
821 531 983 585 veluti
1021 532 1244 589 alterius
1277 535 1575 605 cujuspiam
1619 538 1720 608 ipsi
1760 539 1939 596 Verbo
1970 544 2266 598 secundum

2385 560 2499 612 γου,
2544 544 2660 597 ἀλλ’
2699 544 2775 608 ὡς
2806 544 2993 616 ἐτέρου
3021 541 3164 606 τινός
3201 559 3312 612 παρ
3371 543 3558 605 αὐτὸν,
3605 541 3981 610 συνημμένου

693 623 1012 692 dignitatem
1051 625 1366 694 conjuncti,
1403 629 1507 684 hoc
1537 639 1650 694 cst,
1690 639 1748 685 ut
1790 631 2028 686 divinam
2062 643 2270 688 tantum

2385 637 2479 707 μὲν
2498 635 2648 707 αύτῷ
2670 637 2810 690 κατά
2833 636 2931 706 τὴν
2951 636 3129 702 ἀξίαν,
3150 635 3317 706 ἧγουν
3344 634 3419 698 ὡς
3444 633 3614 704 μόνην
3637 633 3925 702 ἐνοίκησιν
3953 638 3981 663 ⁰

697 710 1149 769 inhabitationem
1181 717 1381 781 sortiti,
1410 733 1474 774 ae
1507 734 1613 774 non
1653 720 1831 789 potius
1860 721 2123 778 viviﬁcam
2153 738 2273 780 esse

2385 727 2693 798 ἐσχηκότος,
2718 726 2814 780 καὶ
2838 726 2960 797 οὐχὶ
2987 725 3051 796 δὴ
3083 723 3286 795 μᾶλλον
3319 722 3604 788 ζωοποιδν,
3628 721 3704 784 ὡς
3729 721 3981 793 ἔφημεν,

692 801 742 854 di
751 802 911 870 xerit,
926 811 984 858 ut
1004 805 1162 862 modo
1176 808 1539 875 meminimus,
1559 825 1625 866 eo
1643 811 1786 880 quod
1798 810 1981 879 Verbi,
1999 813 2141 884 quod
2159 829 2275 869 om-

2385 818 2458 871 5τι
2487 818 2714 888 γέγονεν
2741 818 2846 890 ἰδίᾳ
2877 828 2904 868 P
2927 817 3022 871 τοῦ
3043 816 3220 884 Λόγου
3251 815 3347 870 τοῦ
3377 814 3444 869 τά
3472 813 3652 867 πάντα
3676 813 3981 878 ζωοποιεῖν

693 894 780 949 nia
815 894 1092 953 viviﬁcare
1125 907 1322 970 potest,
1341 900 1480 957 facta
1498 903 1570 957 sit
1590 903 1837 974 propria;
1866 907 2153 963 anathema
2178 907 2268 962 sit.

1166 1010 1468 1070 Declaratt'o
1499 1017 1801 1072 undecima.

765 1115 1026 1177 Sanctum
1066 1138 1131 1179 ac
1159 1125 1433 1181 viviﬁcum
1466 1127 1916 1200 incruentumque
1947 1131 1999 1188 in
2025 1131 2273 1190 ecclesiis

695 1211 1027 1268 sacriﬁcium
1055 1216 1402 1287 peragimus;
1430 1233 1626 1288 corpus
1649 1223 1794 1289 quod
1823 1225 2162 1292 proponitur,
2195 1227 2273 1281 si-

695 1300 895 1357 militer
917 1314 972 1359 et
997 1306 1290 1374 pretiosum
1322 1310 1666 1380 sanguinem,
1693 1326 1798 1366 non
1823 1315 2151 1382 communis,
2177 1331 2272 1372 no-

693 1391 883 1462 bisque
921 1397 1114 1451 similis
1163 1397 1398 1456 hominis
1450 1402 1751 1474 cujuspiam
1795 1418 1920 1459 esse
1967 1405 2269 1471 credentes,

692 1485 785 1536 sed
834 1486 1014 1554 potius
1061 1496 1316 1557 tanquam
1362 1493 1640 1560 proprium
1678 1510 1872 1565 corpus
1902 1495 2186 1564 eli‘ectum,
2218 1509 2273 1553 et

694 1576 1012 1644 sanguinem
1043 1579 1205 1634 etiam
1229 1579 1413 1648 Verbi,
1445 1586 1586 1654 quod
1624 1587 1805 1640 omnia
1840 1587 2097 1654 viviﬁcat,
2130 1590 2272 1645 acci-

691 1665 924 1731 pientes.
978 1668 1256 1738 Siquidem
1314 1679 1622 1731 communis
1677 1693 1805 1733 caro
1849 1680 2126 1738 viviﬁcare
2165 1699 2269 1738 non

2380 909 2655 980 ἰσχύοντος
2671 927 2685 941 ο
2730 908 2980 979 ἀνάθεμα
3003 907 3164 962 ἔστω.

2951 1022 3006 1074 ’E
3019 1020 3273 1086 πίλυσις
3302 1024 3396 1072 ια’.

2445 1135 2557 1205 Τὴν
2586 1134 2767 1204 ἁγίαν,
2797 1135 2891 1188 καὶ
2923 1134 3211 1200 ζωοποιὸν,
3243 1133 3338 1187 καὶ
3370 1131 3711 1201 ἀναίμακτον
3749 1130 3808 1184 ἐν
3842 1131 3981 1192 ταῖς

2372 1226 2694 1297 ἐκκλησίαις
2718 1225 2980 1297 τελοῦμεν
3005 1225 3218 1288 θυσίαν,
3244 1224 3340 1294 οὐχ
3361 1222 3478 1286 ἐνὸς
3502 1222 3610 1275 τῶν
3635 1222 3756 1276 καθ’
3781 1222 3977 1291 ἡμᾶς,

2373 1317 2469 1369 καὶ
2515 1315 2805 1386 ἀνθρώπου
2857 1304 3038 1370 κοινοῦ
3097 1315 3258 1385 σῶμα
3304 1310 3447 1367 εἶναι
3494 1312 3848 1375 πιστεύοντες
3905 1310 3981 1363 τὸ

2373 1410 2754 1480 προκείμενον,
2776 1409 2978 1479 ὁμοίως
3003 1408 3059 1463 δὲ
3082 1409 3176 1461 καὶ
3202 1407 3263 1460 τὸ
3286 1408 3466 1477 τίμιον
3491 1401 3655 1475 αἷμα,
3679 1404 3981 1475 δεχόμενοι

2374 1500 2432 1554 δὲ
2479 1499 2678 1570 μᾶλλον
2719 1498 2795 1563 ὡς
2839 1499 2970 1553 ἴδιον
3004 1498 3164 1568 σῶμα
3211 1495 3466 1566 γεγονὸς,
3515 1495 3610 1549 καὶ
3647 1495 3832 1564 μέντοι
3870 1493 3981 1546 καὶ

2372 1588 2513 1663 αἷμα
2541 1591 2636 1645 τοῦ
2662 1593 2730 1645 τά
2753 1591 2930 1645 πάντα
2959 1589 3350 1658 ζωογονοῦντος
3376 1598 3402 1637 q
3427 1587 3624 1655 Λόγου.
3650 1586 3821 1654 Κοινὴ
3855 1584 3981 1653 γάρ

2375 1684 2512 1755 σὰρξ
2538 1685 2819 1748 ζωοποιεῖν
2843 1683 2902 1736 ού
2924 1682 3171 1736 δύναται.
3195 1681 3304 1734 Καὶ
3328 1679 3520 1733 τούτου
3553 1679 3766 1749 μάρτυς
3791 1677 3976 1733 αὐτὸς

693 1765 889 1823 potest.
916 1758 980 1812 Et
1003 1762 1104 1816 hoc
1135 1761 1385 1819 Salvator
1411 1766 1525 1835 ipse
1557 1777 1814 1824 testatum
1840 1770 1969 1827 facit
2000 1791 2015 1828 :
2053 1792 2073 1826 ι
2105 1774 2268 1840 Caro,

2385 1778 2400 1830 5
2441 1775 2652 1846 Σωτὴρ,
2706 1773 2913 1842 λέγων·
2949 1791 2967 1823 ι
3007 1773 3072 1826 Ἦ
3109 1771 3246 1843 σὰρξ
3295 1771 3396 1824 ούκ
3430 1769 3632 1840 ὠφελεί
3668 1767 3823 1820 οὐδέν
3849 1782 3865 1796 ⁸
3907 1767 3981 1820 τὸ

693 1847 969 1918 inquiens,
1009 1867 1117 1908 non
1153 1856 1373 1924 prodest
1416 1860 1749 1929 quidquam;
1791 1864 2013 1933 spiritus
2053 1877 2137 1921 est
2177 1866 2269 1936 qui

692 1939 929 1996 viviﬁcat
960 1943 1025 1998 “.
1067 1964 1086 1996 ι
1122 1945 1259 2012 Quia
1293 1951 1436 2004 enim
1473 1967 1603 2006 caro
1637 1953 1795 2008 Verbi
1839 1954 1984 2010 facta
2025 1966 2109 2012 est
2158 1973 2275 2027 pro-

691 2031 831 2100 pria,
863 2034 932 2089 ob
978 2036 1028 2090 id
1069 2038 1390 2110 intelligitur
1433 2051 1489 2097 et
1526 2055 1611 2099 est
1650 2045 1882 2112 viviﬁca,
1913 2049 2271 2118 quemadmo-

692 2127 816 2178 dum
868 2127 983 2196 ipse
1032 2130 1283 2187 Salvator
1334 2135 1450 2189 ait:
1497 2155 1516 2188 ι
1558 2136 1710 2193 Sicut
1758 2139 1908 2194 misit
1955 2156 2041 2196 me
2085 2142 2273 2198 vivens

689 2211 872 2281 Pater,
901 2226 955 2271 et
987 2232 1086 2286 ego
1113 2222 1237 2276 vivo
1269 2233 1488 2293 propter
1520 2225 1732 2282 Patrem
1770 2247 1784 2283 :
1818 2238 1874 2284 et
1905 2233 1994 2298 qui
2037 2234 2272 2287 mandu-

691 2316 783 2360 cat
816 2323 922 2373 me,
954 2319 1008 2362 et
1048 2310 1163 2379 ipse
1207 2313 1348 2367 vivet
1392 2325 1609 2385 propter
1656 2334 1741 2374 me
1760 2321 1826 2374 ³⁸.
1861 2339 1880 2373 ι
1916 2321 2049 2377 Cum
2088 2323 2274 2393 itaque

690 2393 992 2463 Nestorius,
1023 2411 1078 2453 et
1110 2402 1349 2470 quicum
1393 2405 1484 2461 illo
1529 2408 1790 2474 sentiunt,
1830 2413 2074 2481 mysterii
2114 2413 2273 2483 hujus

691 2486 948 2542 virtutem
985 2499 1188 2546 temere
1235 2495 1572 2564 dissolvant;
1612 2512 1922 2569 propterea,
1967 2513 2023 2558 et
2059 2504 2110 2559 id
2153 2506 2275 2574 qui-

692 2579 813 2634 dem
847 2582 1137 2638 admodum
1169 2588 1573 2656 convenienter,
1601 2592 1779 2649 editus
1809 2603 1891 2650 est
1925 2595 2015 2651 hic
2045 2597 2273 2652 anathe-

693 2671 997 2730 matismus.

1079 2765 1724 2831 ANATHEMATISMUS
1761 2774 1874 2831 Xll.

766 2872 823 2928 Si
867 2875 993 2945 quis
1023 2893 1128 2933 non
1180 2881 1490 2950 conﬁtetur,
1529 2885 1623 2941 Dei
1667 2886 1904 2943 Verbum
1949 2903 2112 2946 carne
2151 2907 2277 2963 pas-

692 2979 812 3020 sum
838 2977 892 3021 et
915 2969 1233 3027 cruciﬁxum
1260 2988 1401 3040 esse,
1427 2986 1767 3049 mortemque
1793 2995 1957 3036 carne
1981 2994 2229 3053 gustasse
2257 3000 2273 3040 :

691 3071 900 3115 necnon
966 3063 1384 3136 primogenitum
1446 3069 1604 3141 157
1667 3087 1732 3127 ex
1780 3075 2006 3130 mortuis
2062 3075 2269 3133 factum

689 3163 812 3205 esse
839 3149 924 3219 ³⁶;
956 3163 1224 3224 quatenus
1250 3159 1504 3217 nimirum
1537 3171 1594 3218 ut
1614 3162 1757 3221 Deus
1778 3166 1888 3220 vita
1911 3176 1968 3222 et
1990 3168 2273 3226 viviﬁcans

691 3247 811 3309 est;
842 3246 1132 3300 anathema
1168 3249 1262 3305 sit.

1149 3362 1450 3421 Declaratio
1474 3368 1805 3424 duodecima.

764 3472 1070 3543 lmpatibile
1103 3487 1158 3532 et
1196 3478 1502 3535 immortale
1533 3490 1618 3538 est
1651 3480 1745 3538 Dei
1798 3483 1974 3541 Patris
1998 3485 2235 3542 Verbum
2257 3527 2272 3554 ,

694 3567 855 3621 altior
880 3576 964 3624 est
985 3569 1130 3623 enim
1167 3570 1343 3625 divina
1380 3570 1466 3626 illa
1512 3581 1567 3628 et
1600 3575 2025 3646 incorruptibilis
2056 3589 2272 3645 natura,

695 3673 854 3726 quam
885 3674 1005 3727 quae
1036 3659 1236 3729 aliquid
1273 3663 1381 3729 pati
1424 3663 1629 3731 possit,
1661 3679 1834 3734 eaque
1876 3668 2056 3722 omnia
2103 3668 2276 3724 viviﬁ-

694 3758 825 3805 cat:
862 3752 993 3819 quin
1036 3753 1198 3806 etiam
1239 3754 1516 3807 interitum
1541 3794 1557 3818 ,
1594 3764 1649 3809 et
1690 3756 1950 3827 quidquid
1995 3760 2272 3815 tristitiam

694 3840 892 3894 aliene
921 3841 1079 3908 solet,
1106 3841 1262 3912 longo
1293 3853 1600 3912 exsuperat.
1646 3845 1881 3902 Verbum
1919 3847 2046 3903 licet
2081 3864 2275 3904 secun-

695 3929 822 3983 dum
851 3932 1142 3987 essentiam
1171 3935 1272 3987 hoc
1296 3934 1367 3988 sit
1403 3933 1496 3989 Dei
1531 3934 1710 3990 Patris
1753 3936 1990 3992 Verbum
2019 3956 2034 4006 ;
2075 3939 2274 3994 nihilo-

697 4022 875 4078 minus
896 4038 1140 4088 carnem,
1171 4040 1290 4094 qua:
1340 4027 1475 4081 mori
1508 4038 1720 4096 posset,
1760 4031 1862 4084 sibi
1892 4033 2168 4101 propriam
2199 4031 2272 4088 l‘e-

696 4111 790 4175 cit,
837 4121 895 4164 ut
944 4127 1040 4181 per
1082 4115 1204 4180 hoc,
1243 4118 1384 4184 quod
1433 4118 1538 4184 pati
1594 4119 1812 4173 solitum
1859 4130 1960 4187 est,
1994 4124 2275 4190 passiones

697 4216 794 4271 pro
828 4203 984 4258 nobis
1013 4219 1076 4258 ac
1096 4215 1326 4275 'proplcr
1357 4224 1453 4262 nos
1487 4208 1537 4262 in
1573 4209 1807 4278 seipsum
1845 4227 2147 4279 assumens,
2178 4231 2275 4271 nos

696 4308 886 4348 omnes
913 4309 942 4346 a
975 4307 1147 4349 morte
1173 4305 1227 4349 et
1262 4300 1609 4366 corruptione
1641 4300 1940 4368 liberaret;
1969 4318 2128 4358 suum
2154 4319 2270 4360 cor-

700 4401 819 4454 pus,
844 4396 901 4439 ut
924 4385 1086 4452 Deus,
1109 4389 1407 4454 vivificaris,
1423 4391 1785 4461 primitimque
1803 4392 2190 4450 dormientium
2208 4397 2275 4462 π,

700 4489 764 4530 ac
818 4477 1207 4548 primogenitus
1256 4493 1324 4534 ex
1382 4482 1608 4537 mortuis
1665 4483 1916 4539 cll‘ectum
1951 4487 2016 4541 ³³.
2090 4486 2276 4557 Neque
2310 4474 2353 4529 Ῐ)

697 4568 840 4620 enim
870 4569 960 4637 qui
1001 4583 1221 4640 propter
1259 4588 1358 4626 nos
1402 4575 1692 4642 pretiosam
1725 4592 2012 4646 perpessus
2038 4591 2121 4634 est
2155 4595 2279 4634 cru-

699 4671 840 4723 cem,
872 4669 1209 4730 mortemque
1237 4665 1474 4732 gustavit
1500 4665 1566 4730 3",
1604 4670 1908 4724 communis
1951 4671 2133 4737 homo,
2169 4681 2223 4726 et
2249 4687 2277 4726 a

701 4747 879 4803 Verbo
913 4751 1200 4806 distinctus
1236 4753 1581 4821 sejunctusve
1621 4767 1770 4820 erat;
1809 4761 1902 4814 sed
1941 4760 2055 4830 ipse
2094 4762 2279 4830 gloria:

702 4840 961 4897 Dominus
986 4844 1032 4874 ἰθ
1071 4859 1258 4912 passus
1303 4858 1384 4901 est
1418 4863 1582 4903 carne
1609 4849 1675 4915 "‘,
1701 4852 1996 4906 secundum
2028 4854 2278 4924 Scriptu-

703 4947 815 4988 ras.
839 4933 1102 5000 Quoniam
1132 4954 1282 5005 vero,
1320 4941 1411 5011 qui
1445 4957 1580 4997 vana
1616 4944 1887 5015 impiaque
1915 4946 2165 5017 dogmata
2193 4962 2278 5004 re-

703 5037 803 5081 ctae
847 5043 1096 5099 sanaeque
1130 5031 1250 5086 ﬁdei
1297 5033 1606 5088 immiscere
1655 5036 1905 5100 student,
1935 5052 2278 5094 communem

705 5117 971 5173 hominem
1025 5137 1242 5177 crucem
1299 5139 1395 5191 pro
1449 5125 1603 5180 nobis
1669 5129 1991 5183 sustinuisse
2051 5131 2273 5196 dicunt;

703 5210 1186 5267 anathematismus
1225 5213 1334 5276 hic.
1365 5215 1456 5283 qui
1488 5216 1778 5284 impietatis
1820 5218 2034 5272 illormn
2076 5221 2278 5288 magni-

705 5300 942 5355 tudinem
977 5303 1171 5373 apcrit,
1209 5305 1516 5359 necessario
1551 5308 1883 5363 constitutus
1919 5319 2024 5364 est.

2376 1866 2594 1937 πνεῦμά
2635 1866 2752 1918 ἐστι
2786 1865 2849 1918 τὸ
2884 1863 3201 1930 ζωοποιοῦν.
3232 1882 3248 1913 ι
3290 1859 3512 1931 Ἐπειδὴ
3544 1859 3654 1931 γάρ
3687 1859 3793 1929 ἰδίᾳ
3819 1867 3842 1895 ι’
3877 1856 3981 1924 γέ-

2374 1975 2497 2028 γονε
2532 1957 2625 2010 τοῦ
2659 1956 2854 2024 Λόγου,
2881 1956 3136 2026 ταύτῃτοι
3165 1956 3367 2008 νοεῖται
3394 1951 3488 2005 καὶ
3522 1951 3638 2003 ἐστι
3674 1948 3981 2014 ζωοποιὸς,

2375 2050 2517 2105 καθά
2546 2067 2707 2119 φησιν
2741 2048 2902 2110 αὐτὸς
2928 2049 2956 2100 6
2988 2047 3208 2118 Σωτήρο
3241 2065 3260 2097 ι
3289 2043 3486 2106 Καθὼς
3509 2039 3799 2096 ἀπέστειλέ
3839 2057 3909 2110 με
3949 2041 3981 2091 6

2376 2141 2484 2204 ζῶν
2514 2139 2725 2210 Πατὴρ,
2757 2138 2911 2207 κάγὼ
2944 2138 3022 2203 ζῶ
3050 2137 3137 2192 διὰ
3167 2137 3260 2190 τὸν
3279 2136 3524 2206 Πατέρα,
3557 2134 3655 2188 καὶ
3682 2136 3710 2187 6
3733 2131 3981 2205 τρώγων

2379 2248 2469 2302 με,
2495 2232 2747 2294 κάκεῖνος
2777 2230 3000 2300 ζήσεται
3029 2241 3050 2269 ο
3079 2229 3145 2282 δι’
3169 2227 3290 2300 ἐμέ.
3337 2223 3553 2315 Ἐπειδὴ
3577 2227 3635 2280 δὲ
3669 2224 3981 2315 Νεστόριος

2374 2323 2470 2377 καὶ
2515 2323 2564 2376 οἱ
2606 2322 2678 2376 τά
2733 2321 2898 2376 αὑτοῦ
2952 2319 3276 2392 φρονοῦντες
3320 2314 3693 2388 παραλύουσιν
3737 2314 3981 2384 ἀμαθῶς

2374 2407 2468 2463 τοῦ
2503 2408 2803 2480 μυστηρίου
2827 2409 2926 2480 τὴν
2959 2409 3209 2480 δύναμιν,
3247 2408 3531 2478 ταύτῃτοι,
3575 2406 3674 2461 καὶ¹
3710 2405 3860 2476 μάλα
3892 2406 3981 2458 εί-

2377 2501 2572 2568 κότως,
2606 2502 2833 2570 γέγονεν
2860 2501 2889 2552 ό
2930 2499 3396 2571 ἀναθεματισιιὸς.

2808 2780 3399 2838 ΔΝΑΘΕΜΑΤΙΣΜΟΣ
3438 2779 3538 2834 lB‘.

2450 2893 2518 2947 Εί
2567 2910 2649 2956 τις
2703 2891 2802 2962 οὐχ
2855 2890 3138 2962 ὁμολογεῖ,
3188 2890 3279 2944 τὸν
3311 2888 3407 2943 τοῦ
3447 2888 3584 2944 Θεοῦ
3629 2889 3804 2960 Λόγον
3867 2907 3981 2945 πα-

2379 2984 2540 3038 θόντα
2575 2984 2761 3054 σαρκὶ,
2791 2986 2886 3036 καὶ
2922 2979 3338 3052 ἐσταυρωμένον
3379 2979 3562 3051 σαρκὶ,
3604 2980 3700 3033 καὶ
3733 2980 3981 3034 θανάτου

2379 3077 2714 3145 γευσάμενον
2748 3073 2934 3144 σαρκὶ,
2966 3071 3231 3140 γεγονότα
3252 3070 3312 3123 δὲ
3336 3070 3358 3108 ⁸
3395 3070 3739 3142 πρωτότοκον
3773 3072 3844 3124 ἐκ
3885 3089 3981 3124 νε-

2380 3168 2551 3238 κρῶν,
2592 3165 2728 3220 καθὸ
2767 3165 2879 3236 ζωή
2911 3165 3049 3231 ἐστι,
3079 3164 3174 3218 καὶ
3202 3164 3486 3228 ζωοποιὸς,
3517 3164 3612 3218 καὶ
3640 3163 3774 3226 Θεός
3793 3181 3807 3194 ·
3843 3165 3981 3218 ἀνά-

2382 3259 2440 3312 θε
2451 3276 2527 3329 μα
2554 3257 2713 3311 ἔστω.

2959 3366 3277 3430 Ἐπίλυσις
3299 3365 3398 3430 ιβ’.

2464 3483 2706 3553 Ἀπαθὴς
2734 3482 2854 3552 μὲν,
2887 3481 2980 3534 καὶ
3004 3479 3270 3543 ἀθάνατος
3292 3479 3321 3532 ὁ
3351 3480 3416 3533 ἐκ
3449 3477 3585 3533 Θεοῦ
3613 3479 3826 3550 Πατρός
3855 3481 3981 3535 ἐστι

2381 3578 2575 3645 Λόγος,
2599 3576 2674 3638 ὼς
2703 3573 2958 3644 ἀνωτέρω
2990 3571 3098 3643 γὰρ
3119 3583 3144 3611 υ
3176 3565 3272 3624 τοῦ
3303 3571 3541 3640 πάσχειν
3573 3571 3606 3641 ἡ
3633 3569 3754 3624 θεία
3781 3588 3844 3624 τε
3876 3573 3979 3624 καὶ

2381 3669 2658 3739 ἀκήρατός
2685 3670 2802 3720 ἐστι
2831 3665 3028 3734 φύσις·
3061 3664 3158 3717 καὶ
3189 3661 3327 3733 αὕτη
3368 3663 3438 3715 τὰ
3478 3662 3657 3716 πάντα
3688 3660 3978 3726 ζωοποιεῖ,

2383 3761 2478 3816 καὶ
2496 3761 2702 3830 φθορᾶς
2726 3758 2966 3829 ἀμείνων
2994 3755 3133 3819 ἐστὶ,
3160 3756 3253 3808 καὶ
3278 3754 3482 3818 παντὸς
3508 3751 3602 3808 τοῦ
3633 3753 3824 3807 λυπεῖν
3848 3757 3980 3808 εἰω-

2383 3854 2553 3917 θότος.
2596 3850 2779 3916 ’Δλλά,
2817 3851 2995 3903 καίτοι
3027 3848 3199 3902 ταῦτα
3240 3846 3513 3910 ούσιωδῶς
3542 3847 3806 3918 ὑπάρχων
3837 3849 3866 3899 6
3911 3850 3977 3900 ἐκ

2383 3945 2516 3999 Θεοῦ
2553 3944 2766 4014 ιιατρὸς
2799 3942 2990 4009 Λόγος,
3033 3940 3167 3993 ἰδίαν
3196 3939 3493 4008 ἐποιήσατο
3528 3937 3710 4008 σάρκα
3741 3937 3842 4008 τὴν
3876 3939 3974 3991 τοῦ

2385 4035 2617 4089 Θανάτου
2657 4034 2913 4103 δεκτικήν
2945 4049 2958 4062 ο
2987 4030 3076 4085 ἵνα
3105 4029 3181 4099 τῷ
3224 4029 3451 4098 πάσχειν
3486 4026 3700 4080 εἰωθότι
3733 4027 3804 4080 τὰ
3830 4028 3975 4099 ὑπὲρ

2384 4126 2562 4196 ἡμῶν,
2591 4124 2685 4177 καὶ
2713 4123 2777 4177 δι’
2800 4125 2831 4193 ὴ
2843 4124 2969 4190 μᾶς,
2996 4124 3076 4184 είς
3101 4121 3294 4173 ἐαυτὸν
3318 4118 3604 4174 ἀναλαϐὼν
3633 4117 3808 4188 πάθη,
3840 4120 3978 4172 πάν·

2383 4237 2480 4281 τας
2517 4218 2662 4286 ἡμᾶς
2701 4213 2987 4282 ἀπαλλάξῃ
3014 4213 3109 4266 καὶ
3143 4211 3396 4274 Θανάτου,
3426 4211 3520 4264 καὶ
3550 4210 3758 4281 φθορᾶς
3777 4249 3792 4272 ,
3838 4210 3976 4274 ζωο-

2386 4312 2613 4380 ποιήσας
2646 4307 2721 4370 ὡς
2764 4305 2894 4368 Θεὸς
2924 4306 2984 4357 τὸ
3023 4305 3151 4358 ἴδιον
3189 4301 3353 4357 αὑτοῦ
3393 4301 3572 4372 σῶμα,
3607 4302 3699 4356 καὶ
3741 4303 3975 4373 ἀπαρχὴ

2385 4396 2622 4467 γεγονὼς
2655 4397 2762 4449 τῶν
2793 4393 3230 4463 κεκοιμημένων,
3260 4393 3354 4445 καὶ
3394 4392 3741 4462 πρωτότοκος
3771 4391 3837 4443 ἐκ
3875 4409 3968 4444 νε-

2384 4491 2558 4562 κρῶν·
2589 4490 2647 4542 ού
2682 4487 2788 4560 γὰρ
2837 4486 3121 4556 ἄνθρωπος
3153 4481 3221 4555 ἦν
3252 4485 3450 4547 κοινὸς,
3497 4483 3603 4554 ίδίᾳ
3649 4499 3709 4536 τε
3741 4483 3836 4536 καὶ
3869 4485 3974 4536 ἀνά

2388 4586 2552 4656 μέρος
2597 4581 2887 4652 νοούμενος
2941 4577 3093 4647 παρὰ
3129 4576 3221 4631 τὸν
3261 4577 3326 4629 ἐκ
3352 4574 3487 4629 Θεοῦ
3525 4573 3737 4644 Πατρὺς
3771 4575 3972 4642 Λόγον,

2385 4679 2414 4729 ὁ
2437 4676 2504 4728 δι’
2532 4674 2678 4742 ἡμᾶς
2705 4670 2797 4722 τὸν
2829 4669 3007 4738 τίμιον
3038 4666 3339 4736 ὑπομείνας
3383 4663 3638 4734 σταυρὸν,
3670 4662 3765 4715 καὶ
3804 4662 3976 4718 θανά-

2382 4784 2476 4820 του
2533 4764 2903 4833 γευσάμενος·
2951 4759 3066 4813 άλλ’
3105 4759 3269 4820 αὐτὸς
3307 4757 3336 4809 ὁ
3368 4756 3468 4818 τῆς
3525 4754 3682 4824 δόξης
3725 4754 3972 4826 Κύριος,

2386 4858 2549 4928 σαρκὶ
2592 4853 2825 4909 πέπονθε
2870 4850 3012 4906 κατά
3049 4849 3146 4912 τὰς
3179 4848 3420 4919 Γραφάς.
3465 4843 3775 4915 Ἐπειδὴδέ
3815 4847 3866 4897 οἱ
3905 4845 3974 4898 τὰ

2384 4949 2517 5003 κενά
2547 4947 2640 5000 καὶ
2668 4944 2901 5014 δυσσεεῆ
2924 4952 2949 4980 V
2979 4941 3224 5010 δόγματα
3266 4942 3333 5008 τῇ
3368 4937 3503 5008 ὀρθῇ
3545 4936 3638 4990 καὶ
3680 4935 3974 5005 ἀμωμήτῳ

2387 5043 2568 5094 πίστει
2599 5037 3010 5109 παρεισκρίνειν
3037 5033 3332 5096 ἐθέλοντες,
3363 5029 3649 5100 ἄνθρωπόν
3683 5045 3821 5096 φασι
3859 5046 3971 5080 κοι-

2384 5131 2472 5185 νὸν
2502 5131 2788 5199 ὑπομεῖναι
2819 5128 2909 5178 τὸν
2938 5125 3078 5194 ὑπὲρ
3110 5120 3270 5192 ἡμῶν
3305 5121 3555 5190 σταυρὸν,
3583 5119 3808 5186 γέγονεν
3839 5119 3966 5170 ἀνα-

2386 5226 2574 5291 γκαῖος
2597 5224 2624 5274 ὁ
2650 5215 3106 5287 ἁναθεματισμὺς,
3135 5213 3232 5283 τῆς
3256 5210 3481 5280 ἐνούσης
3507 5209 3690 5272 αὐτοῖς
3712 5208 3968 5271 ἀσεϐείας

2387 5313 2699 5384 ἐμφανίζων
2725 5310 2783 5363 τὸ
2817 5306 3066 5378 μέγεθος.

771 5463 1078 5532 ³⁸]υοιι.νι,
1104 5468 1192 5522 64.
1234 5468 1278 5500 ³⁸
1303 5469 1433 5524 ibid.
1461 5467 1552 5522 58.
1594 5469 1638 5502 ³⁸
1661 5471 1864 5528 Coloss.
1896 5489 1935 5538 ι,
1971 5475 2055 5529 18.
2092 5474 2173 5528 ³⁷1
2202 5474 2275 5532 Co

2385 5492 2446 5540 ην,
2477 5475 2568 5528 9.0.
2606 5472 2648 5504 ⁵⁸
2674 5471 2829 5525 liebr.
2872 5485 2930 5531 ιι,
2961 5469 3010 5522 9.
3046 5467 3089 5498 ³⁸
3117 5463 3276 5519 lCor.
3312 5479 3370 5525 ιι,
3410 5462 3464 5515 8.
3499 5458 3586 5514 "°l
3619 5459 3762 5516 Petr.
3797 5477 3873 5527 iv,
3915 5464 3961 5517 l.

1769 5617 1938 5672 Variae
1975 5618 2235 5674 lectiones
2263 5633 2327 5672 ex
2364 5621 2548 5673 codice
2583 5617 2957 5688 Seguieriano.

787 5749 808 5774 ⁶
842 5742 1010 5811 μόνην
1041 5741 1190 5796 θείαν
1229 5739 1520 5811 ἐνοίκησιν.
1563 5748 1588 5789 P
1623 5739 1742 5793 ἰδία.
1805 5749 1834 5789 ιι
1865 5737 2273 5805 ζωοποιοῦντος.
2331 5749 2349 5777 τ
2391 5738 2514 5794 ἰδία.
2591 5750 2613 5777 ³
2646 5736 2823 5810 ζήσει.
2903 5735 2920 5771 ί
2957 5750 3037 5787 τε.
3094 5730 3386 5799 υάνωτερα
3416 5741 3542 5796 γαρ.
3621 5731 3650 5762 ν
3679 5739 3955 5794 ουσφημα-
