4042 6474
150 386 242 441 313
749 381 1285 442 ‘APOLOCETICUS
1319 380 1454 437 PRO
1494 381 1588 436 XII
1630 380 1994 436 CAPITIBUS
2032 376 2311 434 CONTRA
2350 372 2804 432 ORIENTALES.
3303 372 3410 433 516

1384 565 3394 596 Ws

157 572 1809 607 W

1420 770 2120 865 ADMONITIO

586 995 668 1057 IN
736 992 1163 1067 UTRUMQUE
1225 994 1490 1055 SANCTI
1557 994 1856 1055 CYRILLI
1923 993 2303 1054 LIBELLUM
2368 989 2974 1053 APOLOGETICUM.

1664 1192 1906 1233 SCILICET

711 1336 835 1398 Pro
875 1336 985 1395 XII
1011 1334 1320 1415 capitibus
1357 1341 1577 1395 contra
1615 1332 1980 1406 Orientales,
2023 1338 2084 1393 et
2112 1338 2329 1394 contra
2364 1331 2862 1394 Theodoretum.

896 1524 913 1585 (
938 1523 993 1572 P.
1030 1523 1304 1573 Gsnsenws
1334 1519 1384 1569 in
1413 1522 1539 1583 Opp.
1575 1523 1712 1573 Marii
1755 1525 2064 1583 Ilereatoris,
2093 1527 2188 1575 col.
2214 1525 2306 1574 955
2337 1527 2420 1580 ed.
2448 1525 2632 1589 Migne.
2657 1525 2675 1587 )

197 1822 445 1897 Cyr-illus
466 1821 719 1893 epistola:
743 1838 855 1878 sua:
878 1822 1052 1878 tertia:
1080 1822 1144 1877 ad
1167 1821 1474 1879 Nestorium
1504 1822 1862 1895 subjunxerat
1902 1826 2075 1893 capita
2104 1839 2352 1880 errorum
2394 1828 2700 1893 duodecim,
2723 1844 2840 1897 qua:
2862 1830 2987 1899 quia
3008 1830 3215 1900 singula
3244 1832 3426 1899 subje-

131 1927 276 1972 ctum
305 1918 523 1973 habent
548 1918 867 1980 anathema,
900 1916 1061 1987 vulgo
1097 1917 1542 1973 anathematismi
1568 1928 1852 1985 vocantur,
1904 1936 2211 1989 quanquam
2248 1931 2460 1978 veteres
2491 1923 2768 1978 malebant
2794 1924 3033 1995 capitula
3067 1926 3270 1983 dicere.
3299 1927 3424 1983 llaec

133 2027 255 2068 cum
272 2014 593 2082 accepisset
620 2012 923 2079 Nestorius,
958 2011 1246 2068 confestim
1279 2013 1619 2068 Antiochiam
1646 2015 1793 2070 misit
1815 2016 1880 2070 ad
1907 2014 2170 2071 Joannem
2202 2018 2538 2087 episcopum,
2574 2033 2773 2085 rogans
2809 2028 2918 2075 uta
2946 2022 3425 2091 praestantissimis

133 2106 344 2162 duobus
368 2122 488 2162 sua:
526 2106 781 2163 dioecesis
822 2107 1152 2173 hominibus,
1189 2106 1405 2160 Andrea
1452 2104 1812 2162 Samosateuo
1866 2116 1918 2163 et
1954 2108 2300 2165 Theodoreto
2330 2110 2575 2182 Cyrensi,
2622 2111 2940 2175 refellenda,
2989 2124 3044 2168 et
3082 2114 3419 2185 Apollinarii,

131 2208 364 2276 Ariique
413 2220 673 2261 errorum
710 2206 1015 2261 damnanda
1054 2217 1292 2262 curaret.

198 2297 489 2352 Fecerunt
526 2298 692 2353 ambo
720 2299 863 2369 quod
899 2299 1255 2369 rogabantur,
1290 2299 1663 2369 scriptumque
1697 2299 1895 2370 singuli
1935 2301 2193 2356 acerbum
2241 2302 2445 2371 pariter
2476 2310 2639 2370 atque
2681 2300 3078 2355 amarulentum
3108 2298 3423 2365 ediderunt,

134 2390 391 2445 Andreas
417 2389 788 2446 Orientalium
822 2390 1061 2453 nomine,
1087 2388 1459 2442 Thcodoretus
1495 2402 1629 2455 suo;
1656 2388 1879 2457 scripsit
1907 2384 2164 2445 enimille
2188 2390 2507 2457 Antiochiw,
2537 2391 2638 2446 istc
2656 2391 2803 2461 Cyri.
2830 2391 3059 2446 Andreas
3084 2389 3421 2458 objectiones

134 2483 391 2551 probavit
423 2481 658 2537 Joannis
690 2480 965 2551 synodus;
1003 2479 1282 2548 misitque,
1317 2481 1533 2548 opinor,
1563 2479 1945 2536 Alexandriam
1985 2496 2081 2551 per
2117 2482 2494 2536 Possidonium
2529 2483 2703 2549 ipsum
2739 2482 3052 2545 diaconum,
3087 2483 3178 2551 qui
3213 2482 3427 2538 litteras

134 2577 424 2633 Ctelestini
460 2591 527 2631 ac
563 2575 750 2646 Cyrilli
784 2576 850 2628 ad
888 2573 1152 2628 Joannem
1199 2572 1481 2630 attulerat.
1516 2573 1892 2631 Theodoretus
1941 2574 2394 2644 reprehensiones
2430 2586 2558 2627 suas
2593 2587 2688 2642 per
2730 2571 3069 2627 thniciam
3106 2574 3426 2642 vicinasque

138 2670 396 2740 regiones
431 2667 662 2736 sparsit,
734 2665 845 2719 imo
884 2676 937 2719 et
968 2664 1021 2718 in
1050 2664 1242 2719 urbem
1272 2666 1474 2734 regiam
1501 2666 1672 2731 misit,
1704 2666 2111 2737 gratificaturus
2141 2665 2317 2721 amico
2353 2664 2606 2719 Nestorio
2637 2682 2649 2717 :
2689 2663 2788 2719 has
2812 2679 2935 2719 cum
2963 2666 3264 2735 accepisset
3289 2665 3430 2720 Evo-

136 2765 283 2831 ptius
318 2757 690 2816 Ptolemaidis
721 2755 1085 2829 Pentapoleos
1114 2759 1356 2829 regionis
1384 2761 1690 2830 episcopus,
1724 2761 1789 2814 ad
1821 2759 2085 2830 Cyrillum
2114 2759 2280 2813 misit.

208 2850 459 2921 Uterque
488 2849 718 2920 scripsit
747 2858 872 2905 ante
898 2849 1189 2905 concilium
1220 2848 1577 2920 Ephesinum,
1605 2851 1747 2920 quod
1779 2850 1845 2905 de
1869 2865 1928 2904 se
1958 2856 2190 2905 testatur
2218 2848 2260 2903 Τ
2266 2850 2593 2905 heodoretus
2624 2849 2677 2905 in
2713 2852 3031 2920 praefatione
3062 2851 3429 2924 Pentalogus.

140 2948 359 3016 utrique
396 2944 641 3017 Cyrillus
696 2956 825 3001 ante
854 2946 1143 3001 concilium
1180 2946 1481 3016 respondit,
1517 2946 1663 3015 quod
1694 2946 1779 3000 vel
1811 2961 1878 3000 ex
1908 2960 1973 2999 eo
2000 2954 2235 3009 constat,
2268 2948 2412 3015 quod
2450 2946 2699 3001 damnati
2721 2962 2755 3009 _a
2791 2946 2997 3018 synodo
3029 2946 3262 3003 Nestorii
3298 2964 3429 3005 nus-

136 3053 296 3104 quam
323 3037 607 3101 meminit,
635 3052 759 3092 cum
795 3046 979 3093 tamen
1006 3038 1187 3108 magni
1216 3036 1270 3091 in
1297 3050 1411 3091 rem
1444 3051 1598 3091 suam
1636 3038 1893 3091 momenti
1921 3036 2161 3090 futurum
2187 3047 2334 3093 esset
2363 3048 2571 3093 tantum
2602 3036 2855 3093 Ecclesia:
2872 3038 3041 3110 judici
3062 3056 3173 3094 um.

199 3128 333 3185 Fuit
375 3144 513 3184 vero
546 3129 797 3183 Andreas
837 3143 898 3183 ea
940 3137 1264 3198 tempestate
1300 3129 1443 3184 inter
1472 3128 1782 3183 Orientales
1812 3128 2074 3182 doctrina:
2105 3128 2247 3182 fama
2275 3128 2602 3200 pietatisque
2633 3130 2885 3186 celebris.
2926 3130 3060 3187 Tres
3102 3141 3322 3188 exstant
3362 3145 3431 3186 au

134 3238 257 3277 eum
284 3222 626 3279 Theodoreti
651 3221 920 3293 epistolre,
946 3223 1120 3293 prima
1143 3222 1287 3279 inter
1318 3222 1496 3277 editas
1518 3236 1548 3275 a
1577 3220 1869 3276 Sirmondo
1891 3223 2154 3293 vigesimo
2177 3233 2373 3294 quarto
2403 3240 2629 3281 numero
2654 3234 2940 3291 censetur;
2969 3226 3139 3280 altera
3168 3228 3220 3282 in
3243 3228 3429 3297 quinta

150 3318 367 3389 synodo
399 3316 717 3386 reperitur;
754 3317 913 3375 tertia
937 3318 1079 3389 apud
1105 3316 1337 3372 Marium
1367 3314 1747 3381 Mercatorem,
1773 3332 1883 3387 quo
1918 3318 2214 3387 interprete
2247 3334 2391 3372 nunc
2415 3318 2649 3388 primum
2684 3321 2886 3375 editur.
2912 3318 2991 3374 Ex
3020 3321 3195 3391 prima
3225 3322 3429 3378 intelli-

139 3416 286 3483 gitur
310 3421 589 3483 quantam
624 3412 716 3469 ille
751 3415 834 3469 sui
871 3413 1184 3484 Opinionem
1211 3412 1349 3483 apud
1379 3425 1572 3467 omnes
1597 3411 1836 3480 fecerat;
1869 3426 1934 3467 ex
1970 3414 2228 3478 secunda,
2261 3430 2366 3468 non
2400 3416 2613 3470 venisse
2644 3416 2710 3469 ad
2744 3416 3034 3470 concilium
3069 3416 3432 3487 Ephesiuum,

139 3514 369 3575 propter
397 3504 698 3559 adversam
735 3504 1140 3571 valetudinem;
1163 3517 1229 3558 ex
1260 3503 1445 3568 tertia,
1479 3502 1831 3573 pertinaciter
1858 3505 2149 3559 adhtnsisse
2178 3504 2461 3572 Nestorio;
2496 3520 2673 3576 neque
2707 3522 2943 3575 unquam
2972 3509 3023 3563 iu
3058 3509 3174 3577 ejus
3206 3513 3431 3565 damna-

141 3597 345 3651 tionem
384 3596 762 3665 consensisse,
795 3598 957 3651 etiam
987 3602 1218 3667 cogente
1243 3610 1343 3666 per
1367 3595 1701 3651 Aristolaum
1729 3596 2006 3651 tribunum
2042 3595 2373 3653 Theodosio.

208 3690 419 3747 Mirum
453 3707 614 3757 sane,
653 3692 795 3761 quod
830 3691 1020 3748 scribit
1048 3691 1318 3747 Baronius
1353 3690 1457 3762 (Ad
1503 3709 1628 3746 amt.
1660 3692 1788 3757 43!,
1814 3707 1964 3745 num.
1998 3692 2151 3763 1875),
2185 3693 2476 3761 impulsum
2508 3695 2679 3752 fuisse
2698 3696 2971 3753 Andream
3004 3714 3032 3752 a
3064 3698 3275 3755 Joanne
3306 3700 3424 3754 An-

144 3786 431 3852 tiocheno,
466 3794 594 3855 post
618 3783 858 3839 solutum
883 3783 1196 3852 concilium,
1221 3784 1290 3839 ad
1316 3783 1664 3839 scribendum
1697 3792 1885 3839 contra
1918 3782 1989 3853 Cy
2006 3783 2107 3838 rilli
2152 3784 2411 3853 capitula,
2465 3786 2762 3858 tulisscque
2812 3804 2932 3843 eam
2998 3804 3095 3858 pro
3150 3790 3432 3858 impietate

144 3883 487 3942 mercedem,
523 3887 583 3933 ut
617 3893 686 3933 es
716 3880 984 3934 monacho
1006 3878 1607 3949 Constantinopolitano
1636 3876 2025 3935 Samosateuus
2054 3881 2340 3950 episc0pus
2374 3880 2528 3935 fieret
2558 3898 2571 3935 ς
2607 3897 2729 3934 nam
2758 3881 2930 3950 primo
2961 3882 3419 3951 Constantinopo-

142 3974 346 4032 litanus
383 3975 479 4030 ille
505 3974 832 4041 monachus,
861 3984 982 4044 post
1013 3989 1199 4044 pacem
1225 3972 1618 4041 Ecclesiarum,
1650 3989 1774 4031 cum
1807 3977 1873 4030 ad
1898 3991 2018 4029 eum
2042 3975 2304 4030 scriberet
2328 3974 2722 4040 Thcodoretus,
2751 3978 2929 4031 adhuc
2959 3988 3077 4031 erat
3103 3980 3418 4033 monachus.

146 4069 349 4123 Deinde
383 4067 686 4122 Liberatus
720 4065 908 4130 tradit,
940 4065 1123 4121 statim
1152 4066 1388 4134 acceptis
1417 4065 1603 4137 Cyrilli
1632 4066 1850 4130 litteris,
1887 4065 2198 4120 Nestorium
2226 4080 2255 4119 a
2286 4064 2496 4121 Joanne
2524 4067 2767 4135 petiisse,
2796 4077 2906 4119 uta
2939 4068 3051 4123 suis
3086 4069 3237 4138 argui
3278 4068 3431 4137 capi~

146 4157 251 4212 tula
278 4168 538 4219 curaret,
565 4155 917 4225 idipsumque
952 4154 1120 4211 refert
1150 4170 1215 4211 ex
1241 4155 1495 4211 Liberato
1523 4156 1791 4211 Baronius
1816 4158 1883 4211 ad
1915 4171 2042 4219 ann,
2073 4157 2200 4212 450.
2239 4156 2476 4226 Denique
2503 4156 2879 4211 'l'heodoretus
2902 4166 3029 4213 ante
3056 4160 3344 4214 concilium
3374 4177 3433 4214 se

147 4256 447 4324 scripsisse
482 4263 718 4307 testatus
766 4259 883 4317 est;
921 4261 975 4305 et
1004 4252 1339 4306 ostendimus
1371 4254 1584 4321 utrique
1614 4269 1644 4308 a
1679 4254 1885 4326 Cyrillo
1918 4270 2230 4323 responsum
2257 4263 2383 4309 ante
2407 4256 2583 4323 ipsum
2610 4268 2830 4323 quoque
2861 4254 3173 4309 concilium.
3200 4252 3435 4324 Cyrillus

145 4360 289 4401 certe
341 4345 375 4400 Γ
382 4346 689 4400 heodoreto
722 4342 1022 4411 respondit,
1057 4344 1201 4399 velut
1231 4345 1437 4398 homini
1473 4345 1656 4416 ignoto
1690 4365 1703 4401 :
1738 4350 1829 4414 qui
1861 4362 1990 4401 vero
2017 4347 2205 4401 fuisset
2242 4356 2363 4417 post
2396 4346 2703 4411 concilium,
2742 4362 2863 4401 cum
2898 4345 3281 4402 Theodorctus
3306 4361 3418 4401 rem

146 4440 671 4499 Schismaticorum,
712 4434 793 4489 vel
826 4450 985 4500 unus,
1018 4436 1098 4489 vel
1130 4435 1273 4489 inter
1299 4434 1502 4505 primos
1526 4439 1896 4505 promoverit?
1935 4438 2217 4493 Postremo
2249 4439 2523 4493 Andream
2550 4437 3053 4507 Theodoretusjam
3085 4438 3432 4509 episcopum,

146 4544 205 4589 et
228 4534 453 4601 quidem
482 4544 594 4585 non
630 4529 705 4582 ita
733 4530 943 4598 pridem
976 4526 1201 4594 factum,
1229 4528 1444 4597 Epheso
1479 4530 1674 4585 litteris
1702 4533 1979 4587 convenit.

221 4625 511 4681 Incertum
543 4638 832 4694 quousque
856 4624 1019 4675 vitam
1056 4624 1410 4690 protraxerit,
1442 4640 1565 4678 nam
1597 4626 1739 4693 quod
1770 4624 1934 4679 habet
1969 4626 2284 4680 Theodorus
2311 4628 2481 4680 lector
2517 4643 2529 4677 :
2559 4624 2824 4677 Rabbulus
2848 4626 3142 4680 Edessenus
3161 4628 3436 4696 episcopus

149 4736 315 4776 (secus
346 4729 512 4784 erat;
542 4718 788 4772 Andreas
815 4734 933 4771 vero
961 4718 1339 4773 Samosatenus
1378 4722 1641 4773 accusavit
1671 4736 1813 4785 eum,
1839 4721 1991 4789 quasi
2031 4730 2215 4773 contra
2259 4721 2534 4774 duodecim
2564 4722 2739 4788 capita
2789 4719 3105 4775 Theodoreti
3136 4724 3430 4792 scripsisset

151 4813 300 4881 (Lib.
331 4832 348 4870 ι
382 4813 870 4877 Collectaneorum,
912 4820 949 4863 t.
981 4809 1022 4864 ll
1050 4809 1389 4863 Bibliotheca:
1442 4809 1666 4863 Patrum
1691 4812 1734 4880 ).
1763 4808 1908 4865 Nihil
1956 4820 2132 4880 potest
2160 4811 2227 4864 ad
2258 4811 2663 4877 chronologiam
2689 4812 3017 4877 conducere,
3045 4829 3165 4867 cum
3193 4814 3325 4867 nihil
3352 4817 3423 4870 sit

150 4906 523 4964 Collectaneis
559 4906 718 4975 hujus
765 4907 866 4960 viri
904 4906 1293 4976 perturbatius.
1326 4903 1440 4959 Non
1477 4906 1778 4975 supervixit
1809 4921 1941 4961 sane
1970 4908 2034 4959 ad
2068 4921 2270 4960 annum
2310 4921 2479 4974 usque
2507 4907 2633 4971 451,
2667 4922 2774 4975 quo
2806 4906 3099 4961 concilium
3128 4909 3428 4964 Chalcedo-

153 5016 318 5055 cense
356 4999 611 5055 habitum
643 5007 746 5053 est.
782 4998 839 5051 lu
869 5013 934 5053 eo
970 4998 1117 5051 enim
1155 4996 1350 5065 legitur
1380 5012 1575 5050 nomen
1613 4995 1794 5051 Rufini
1842 4998 2267 5057 Samosatensis.
2296 4996 2411 5062 qui,
2458 5012 2579 5050 cum
2617 4996 2918 5050 centesimo
2948 4997 3209 5067 vigesimo
3252 5000 3431 5065 primo

150 5093 271 5150 loco
302 5096 649 5153 sententiam
681 5093 899 5158 dixerit,
931 5093 1071 5146 inter
1096 5092 1275 5161 plures
1313 5093 1585 5147 sexcentis
1614 5092 1921 5162 episcopos,
1958 5107 2061 5146 non
2088 5093 2159 5146 ita
2191 5090 2398 5161 pridem
2430 5091 2614 5145 debuit
2649 5091 3091 5145 Samosatcuscm
3120 5090 3423 5145 Ecclesiam

156 5204 368 5256 regere,
403 5186 855 5257 quandoquidem
883 5185 1140 5239 credibile
1167 5194 1251 5242 est
1286 5198 1383 5254 pro
1418 5184 1625 5238 ratione
1666 5183 2029 5237 ordinationis
2068 5183 2365 5238 recensitos
2393 5196 2515 5237 esse
2550 5182 2758 5235 Patres.
2800 5182 2981 5246 Quare
3022 5184 3109 5237 vix
3151 5184 3428 5239 Andream

157 5298 279 5335 reor
302 5288 558 5351 adusque
588 5296 721 5336 ann.
749 5280 855 5334 MO
888 5282 1048 5335 vitam
1078 5281 1418 5349 produxisse.

232 5377 519 5431 Methodus
552 5388 719 5444 porro
754 5388 916 5442 quam
950 5374 1000 5427 in
1036 5373 1201 5428 hocce
1228 5388 1391 5441 opere
1424 5380 1608 5427 servat
1632 5373 1735 5429 ista
1766 5373 1881 5429 fere
1912 5383 2015 5428 est.
2049 5371 2307 5441 Cyrillum
2342 5371 2519 5441 arguit
2548 5386 2659 5423 non
2693 5381 2799 5422 tam
2834 5370 3040 5425 erroris
3083 5385 3242 5437 quam
3284 5374 3426 5439 quod

158 5472 455 5538 pugnantia
481 5470 557 5523 sit
582 5468 831 5532 locutus;
861 5468 1002 5536 quod
1027 5468 1249 5523 vocibus
1277 5468 1598 5525 inconsultis
1628 5481 1681 5523 et
1707 5469 1978 5537 ambiguis
2006 5478 2221 5533 utatur;
2251 5478 2304 5522 et
2342 5476 2487 5535 quod
2516 5466 2749 5531 maligne
2791 5465 2932 5520 forte
2972 5466 3172 5535 aliquid
3208 5466 3425 5521 latentis

158 5568 360 5619 erroris
391 5561 734 5619 dissimulet.

232 5659 309 5714 Es
335 5662 550 5715 duobus
598 5666 778 5710 autem
828 5656 1089 5709 duntaxat
1124 5656 1384 5725 cperibus
1414 5655 1596 5725 Cyrilli
1636 5655 1907 5723 depromit
1936 5652 2078 5719 loca,
2111 5668 2228 5723 qua:
2278 5651 2747 5705 anathematismis
2780 5659 3035 5719 opponat,
3075 5664 3139 5703 ex
3191 5649 3417 5719 cpistola

165 5768 363 5822 nempe
389 5752 458 5807 ad
491 5750 713 5821 Egypti
744 5748 1066 5815 monachos,
1098 5758 1153 5803 ct
1184 5749 1401 5807 homilia
1435 5748 1673 5817 paschali
1710 5748 1795 5817 Π,
1828 5748 2084 5815 illamque
2115 5744 2275 5817 primi
2301 5744 2432 5799 tomi
2464 5744 2703 5808 nomine,
2732 5744 2893 5798 istam
2922 5743 3144 5799 secundi
3175 5743 3423 5814 appellat.
