4042 6430
669 331 776 389 318

1665 335 1724 391 δ.
1765 334 2042 391 ργιιιιιι
2085 332 2552 389 ALEXANDRINI
2593 329 2915 386 ARCHIEP.

3828 324 3937 382 516

670 450 802 505 Nam
836 453 935 507 ista
971 453 1078 510 duo
1109 453 1334 510 fuerunt
1361 456 1532 526 aperti
1561 470 1681 510 cum
1708 453 1964 510 Nestorio
1988 455 2198 511 dissidii
2237 457 2413 526 prima
2448 453 2593 508 velut
2634 453 2856 517 indicia,
2895 458 2950 505 et
2983 451 3140 520 quasi
3173 449 3294 506 belli
3327 451 3580 515 classica,
3621 449 3841 502 luerunt
3882 457 3938 500 et

666 546 863 613 ubique
891 549 1130 616 gentium
1159 549 1467 611 notissima.
1491 565 1611 602 cum
1644 557 1866 618 propter
1895 548 2131 602 homiliae
2152 548 2621 610 communitatem,
2647 554 2759 598 tum
2794 542 3030 597 maxime
3057 542 3129 596 ob
3185 542 3432 610 epistola:
3458 540 3655 595 factam
3680 542 3746 594 de
3780 537 3941 593 indu-

664 640 798 692 atria
831 656 926 708 per
955 642 1137 708 urbes,
1169 653 1222 697 et
1253 642 1717 710 Constantinopoli
1759 643 2014 706 maxime,
2056 643 2142 697 cui
2180 641 2426 696 Andreas
2458 639 2752 703 scribebat,
2790 637 3322 694 disseminationem.

734 733 1141 790 Observandum
1177 739 1278 791 sub
1324 739 1507 802 linem,
1541 739 1832 790 admodum
1880 753 2050 806 pauca
2088 738 2155 790 ab
2189 738 2406 791 Andrea
2452 735 2623 789 asseri
2659 748 2779 802 quae
2821 732 3022 786 bonum
3070 746 3289 785 sensum
3329 729 3472 784 ferre
3517 744 3623 783 non
3675 728 3887 796 possint
3922 743 3932 776 :

663 839 834 891 quare
869 841 972 880 non
1006 831 1079 880 ita
1102 831 1411 896 discrepare
1433 829 1605 897 ipsum
1633 843 1661 880 a
1695 827 1916 899 Cyrillo,
1956 829 2084 897 quin
2115 827 2292 892 facile,
2319 828 2365 881 si
2398 825 2764 881 contentionis
2782 821 3022 878 studium
3043 821 3201 886 absit,
3225 821 3506 875 conciliari
3533 828 3732 888 queat:
3762 817 3934 871 asseri

662 915 806 979 dico,
832 917 954 982 quia
986 919 1315 972 sententiam
1345 919 1700 975 Orientalium
1720 920 1862 972 velut
1881 918 2110 974 Nestorii
2145 919 2362 974 nomine
2381 914 2856 972 auathematismis
2884 913 3177 982 appetitam
3199 913 3430 966 subinde
3457 911 3701 978 exponit,
3729 914 3785 961 ut
3813 908 3937 961 haec

663 1003 1005 1060 elucubratio
1035 1024 1139 1061 non
1182 1020 1291 1062 tam
1331 1009 1672 1077 impugnatio
1699 1009 1934 1063 hominis
1967 1010 2194 1078 alicujus
2222 1010 2395 1065 videri
2428 1009 2621 1080 possit,
2654 1023 2816 1076 quam
2851 1006 2934 1060 vel
2959 1005 3204 1060 defensio
3231 1002 3612 1072 iudiciumque
3640 998 3937 1056 Orientalis

661 1100 873 1167 synodi,
915 1102 995 1155 vel
1029 1105 1302 1157 sententia
1334 1105 1401 1158 de
1436 1105 1931 1166 anathematismis,
1964 1114 2224 1175 tanquam
2251 1106 2354 1160 sibi
2386 1104 2911 1160 contradicentibus.

730 1195 910 1262 Atque
937 1195 1050 1250 haec
1085 1214 1242 1251 causa
1276 1196 1379 1252 fuit
1408 1216 1506 1253 cur
1541 1198 1800 1270 Cyrillus,
1835 1199 1937 1251 etsi
1975 1200 2243 1255 interdum
2271 1201 2559 1264 irascatur,
2585 1207 2809 1268 propter
2838 1195 3310 1264 importunitatem
3341 1194 3795 1257 obtrectatorum,
3827 1192 3936 1244 mi.-

662 1287 768 1339 tius
795 1300 973 1343 tamen
1005 1291 1373 1347 cum'Andrea
1405 1308 1566 1362 quam
1595 1306 1718 1343 cum
1748 1289 2098 1345 Theodoreto
2133 1301 2299 1363 agat;
2324 1292 2377 1345 in
2404 1291 2498 1346 illo
2531 1291 2676 1345 enim
2712 1289 3049 1360 provinciam
3089 1301 3254 1339 unam
3290 1292 3486 1349 totam,
3518 1285 3571 1337 in
3609 1284 3708 1338 isto
3739 1282 3936 1351 singu-

659 1382 825 1436 larem
861 1399 1171 1453 personam,
1203 1395 1258 1441 οε
1286 1402 1407 1441 eam
1444 1386 1662 1456 quidem
1693 1383 1796 1438 sibi
1833 1383 2070 1454 ignotam
2103 1387 2392 1457 spectavit.

1365 1785 1713 1918 ΤΟΥ
1790 1719 2314 1917 ΑΓΙΟΥ

2377 1779 3249 1915 ΚΥΡΙΛΛΟΥ

1689 2054 2257 2109 ΑΡΧῘΕΠΙΣΚΟΠΟΥ
2304 2053 2781 2110 ΔΛΕΞΑΝΔΡΕΙΑ

872 2235 1760 2328 ΑΠΟΛΟΓΗΤΙΚΟΣ
1833 2241 2134 2327 ΥΠΕΡ
2207 2241 2436 2327 ΤΩΝ
2516 2237 2970 2326 ΔΩΔΕΚΑ
3048 2237 3701 2325 ΚΕΦΑΛΑΙΩΝ

1511 2446 1701 2499 ΠΡΟΣ
1741 2444 1925 2500 ΊὉΥΣ
1967 2445 2109 2498 ΤΗΣ
2143 2441 2527 2498 ΑΝΑΤΟΛΗΣ
2556 2444 3052 2499 ΕΠΙΣΚΟΠΟΥΣ.

1492 2778 2182 2941 SANCTI
2281 2782 3066 2940 CYRILLI

1754 3079 2227 3136 ALEXANDRUE
2268 3076 2796 3135 ARCHIEPISCOPI

948 3274 1864 3371 APOLOGETICUS
1942 3281 2176 3373 PRO
2254 3280 2883 3372 DUODECIM
2963 3279 3597 3370 CAPITIBUS

1569 3471 1967 3534 ADVERSUS
2024 3474 2506 3534 ORIENTALES
2558 3473 2980 3534 EPISCOPOS.

707 3796 809 3866 Qui
844 3813 994 3854 suam
1041 3810 1274 3856 mentem
1317 3804 1662 3858 sanctissimo
1695 3807 1805 3860 Deo
1845 3809 2123 3874 dicarunt,
2166 3822 2216 3865 et
2250 3816 2293 3872 Λ

2396 3812 2457 3862 Οἱ
2489 3809 2567 3879 τῷ
2601 3807 2850 3878 παναγίῳ
2897 3806 3016 3877 Θεῷ
3060 3806 3157 3878 τὴν
3197 3806 3404 3860 ἑαυτῶν
3440 3807 3680 3860 διάνοιαν
3730 3825 3924 3879 παρα-

636 3889 884 3946 veritatis
914 3889 1261 3961 dOgmatibus
1286 3894 1613 3960 patrocinari
1653 3896 1989 3965 delegerunt,
2026 3911 2218 3953 cavent

639 3981 864 4052 profana
899 3983 1324 4052 irreligiosorum
1364 3986 1739 4042 haereticorum
1781 3990 2089 4059 vaniloquia
2116 4010 2128 4055 ;
2156 4010 2218 4047 ac

641 4078 866 4144 ligentes
902 4075 1174 4130 internum
1207 4085 1262 4131 et
1295 4077 1671 4132 absconditum
1701 4084 1881 4135 cordis
1919 4085 2132 4137 oculum
2165 4087 2215 4138 in

640 4168 980 4236 Scripturam
1010 4169 1271 4225 divinitus
1308 4171 1650 4240 inspiratam,
1677 4173 1866 4243 sicque
1897 4175 2048 4229 bonis
2077 4178 2217 4245 cogi-

640 4257 933 4311 tationibus
953 4274 1077 4312 eum
1109 4256 1313 4311 aﬂ'atim
1339 4261 1638 4327 explentes,
1678 4263 1743 4315 iis
1773 4264 1863 4332 qui
1901 4276 2045 4318 recta
2091 4281 2214 4333 per-

638 4357 877 4412 vertunt,
903 4350 1250 4404 obluctautur
1280 4367 1538 4420 perquam
1573 4364 1818 4420 strenue,
1847 4358 2004 4423 quasi
2036 4358 2218 4412 dicen-

638 4450 762 4497 tes:
795 4461 814 4493 ι
865 4440 1100 4498 Zelando
1149 4443 1308 4497 zelati
1360 4459 1549 4500 sumus
1593 4445 1821 4500 Domino
1852 4448 1915 4500 ⁴¹.
1959 4467 1977 4499 ι
2030 4447 2218 4518 Itaque

634 4546 757 4584 cum
803 4531 1085 4586 Nestorius
1128 4534 1326 4588 multas
1380 4544 1435 4588 et
1482 4538 1724 4591 diversas
1759 4537 1920 4609 158
1967 4534 2216 4607 blasphe-

638 4623 776 4677 mias
809 4634 994 4676 contra
1028 4625 1302 4679 Christum
1333 4626 1668 4682 Salvatorem
1700 4632 1942 4686 omnium
1971 4642 2216 4687 nostrum

635 4712 954 4778 eﬂuuderet,
984 4726 1037 4771 et
1065 4720 1462 4786 quodammodo
1495 4723 1857 4776 venerandum
1886 4735 1942 4778 et
1963 4740 2212 4791 maguum

637 4807 1032 4864 incarnationis
1104 4821 1507 4864 sacramentum
1586 4811 1827 4868 funditus
1878 4825 2212 4881 removeret,

638 4913 743 4954 non
805 4900 1118 4968 ignorantes
1165 4901 1231 4953 ad
1285 4901 1398 4955 haec
1450 4901 1588 4957 velle
1637 4903 1800 4958 silere
1852 4906 2214 4975 periculosum

636 5004 780 5054 esse,
819 5000 869 5045 et
917 5007 1039 5045 cum
1091 4991 1388 5059 saepissime
1432 4995 1890 5053 consuluissemus
1944 4998 2045 5064 illi,
2095 5007 2153 5052 ut
2187 5015 2213 5050 a

639 5081 841 5136 talibus
875 5082 1228 5152 blasphemiis
1261 5095 1533 5151 cessaret,
1573 5086 1816 5158 nihilque
1846 5091 2061 5157 penitus
2091 5105 2217 5159 pro-

2328 3906 2642 3973 στήσαντες,
2677 3901 2907 3961 καὶτοῖς
2944 3900 3038 3968 τῆς
3075 3900 3333 3970 ἀληθείας
3366 3900 3597 3969 δόγμασι
3631 3904 3925 3953 συνειπεῖν

2327 3993 2624 4063 ᾑρημένοι,
2672 3989 3062 4060 παραιτοῦνται
3100 3991 3199 4058 μὲν
3235 3990 3329 4052 τὰς
3375 3990 3636 4060 βεϐήλους
3670 4007 3928 4058 κενοφω-

2326 4084 2441 4143 νίας
2470 4091 2493 4116 ι
2519 4081 2625 4133 τῶν
2647 4081 2875 4132 ἀνοσίων
2899 4078 3213 4150 αἱρετικῶν,
3241 4081 3551 4150 ἐρείσαντες
3577 4080 3633 4132 δὲ
3661 4081 3752 4133 τὸν
3782 4081 3924 4144 ἔσω,

2327 4174 2414 4224 καὶ
2445 4170 2970 4240 κατακεκρυμμένον
3009 4169 3286 4237 ὀρθαλμὸν
3324 4169 3420 4238 τῆς
3443 4169 3669 4239 καρδίας
3695 4173 3760 4239 τῇ
3795 4169 3924 4221 θεο-

2326 4264 2575 4333 πνεύστῳ
2604 4264 2814 4335 Γραφῇ,
2840 4262 2982 4314 οὕτω
3015 4278 3073 4312 τε
3103 4262 3267 4313 αὑτὸν
3299 4261 3570 4324 πλουσίως
3597 4264 3927 4332 ἀναμεστὼ-

2327 4373 2516 4418 σαντες
2559 4354 2776 4408 ἐννοιῶν
2807 4353 3051 4420 ἀγαθῶν,
3094 4354 3205 4415 τοῖς
3233 4353 3300 4405 τὰ
3329 4352 3466 4421 ὀρθὰ
3494 4353 3926 4423 διαστρέφουσιν

2325 4447 2770 4507 ἀντανίστανται,
2818 4447 2912 4497 καὶ
2949 4446 3092 4514 μάλα
3141 4445 3434 4508 νεανικῶς,
3491 4446 3776 4514 μονονουχὶ
3823 4447 3923 4499 λέ-

2325 4557 2547 4608 γοντες·
2594 4557 2611 4588 ι
2647 4535 2941 4606 Ζηλοῦντες
2991 4537 3348 4607 ὲζηλώκαμεν
3382 4537 3458 4602 τῷ
3494 4536 3705 4608 Κυρίῳ.
3739 4559 3756 4589 ι
3807 4540 3924 4592 Νε-

2327 4632 2542 4702 στορίου
2578 4630 2756 4682 τοίνυν
2789 4629 2986 4692 πολλάς
3013 4647 3073 4681 τε
3101 4629 3193 4681 καὶ
3221 4629 3512 4700 διαφόρους
3546 4631 3925 4700 καταχέοντος

2327 4721 2674 4791 βλασφημίας
2699 4719 2792 4772 τοῦ
2823 4719 3040 4772 πάντων
3066 4722 3098 4788 ἡ
3108 4719 3223 4788 μῶν
3243 4721 3494 4790 Σωτῆρος
3519 4721 3785 4792 Χριστοῦ,
3817 4725 3924 4780 καὶ⁸

2322 4808 2434 4864 οἷον
2462 4812 2525 4862 ὲκ
2558 4809 2772 4879 βάθρων
2803 4807 3267 4878 ἀναμοχλεύοντος
3292 4809 3352 4860 τὸ
3379 4810 3597 4874 σεπτὸν,
3634 4811 3729 4863 καὶ
3769 4813 3925 4880 μέγα

2322 4903 2423 4972 τῆς
2444 4901 2908 4972 ὲνανθρωπήσεως
2935 4901 3252 4971 μυστήριον,
3276 4901 3376 4953 οὐκ
3404 4901 3684 4954 ἀκίνδυνον
3709 4902 3922 4968 εἰδότες

2323 4994 2383 5046 τὸ
2403 4994 2493 5046 ὲπί
2526 5010 2588 5060 γε
2619 4992 2828 5055 τούτοις
2859 4992 3072 5045 ἑλέσθαι
3105 4995 3283 5063 σιγᾷν,
3312 4992 3824 5062 συμϐουλεύσαντές
3852 5015 3920 5050 τε

2325 5084 2644 5147 πλειστάκις
2700 5083 2850 5153 αὑτῷ
2895 5083 3004 5136 τῶν
3042 5083 3296 5136 τοιούτων
3342 5083 3643 5154 ἀπέχεσθαι
3694 5085 3917 5159 δυσφη-

639 5173 978 5238 fecissemus,
1009 5178 1319 5232 necessario
1360 5181 1572 5234 tandem
1617 5183 1684 5235 ad
1730 5181 2064 5236 defendenda
2099 5182 2212 5247 pie-
2248 5175 2289 5229 Β

2325 5179 2480 5251 μιῶν,
2533 5179 2822 5247 ὀνήσαντες
2858 5177 2914 5229 δὲ
2961 5175 3243 5238 παντελῶς
3282 5177 3457 5240 οὐδὲν,
3498 5179 3918 5250 κεχωρήκαμεν

641 5266 768 5321 tatis
819 5267 1070 5336 dogmata
1127 5271 1479 5338 accessimus,
1527 5282 1582 5328 et
1624 5274 1840 5330 selectis
1893 5274 2216 5344 quibusdam

713 5443 754 5475 σε
789 5443 848 5497 ιιι
885 5443 1014 5514 Reg.
1051 5462 1163 5510 XIX,
1201 5447 1257 5499 ιι

2325 5271 2638 5341 ἀναγκαίως
2681 5271 2772 5323 ἐπὶ
2817 5270 2877 5323 τὸ
2909 5269 3107 5340 χρῆναι
3147 5269 3426 5323 συναθλεῖν
3458 5271 3570 5332 τοῖς
3614 5270 3711 5339 τῆς
3747 5271 3913 5322 εὐσε-

1710 5607 1882 5664 Varia:
1913 5607 2171 5665 lectiones
2195 5623 2257 5664 ex
2293 5608 2475 5665 codice
2513 5609 2881 5678 Seguieriauo.

653 5762 679 5792 ³
703 5755 867 5820 ἴσως,
900 5757 1255 5824 καινοφωνίας
