  <div class='ocr_page' id='page_1' title='image "/cluster/home/n/w/nwhite01/storage/ocr_20150623/76/ien.35556001661040/170.png"; bbox 0 0 4042 6478; ppageno 0'>
   <div class='ocr_carea' id='block_1_1' title="bbox 156 369 253 427">
    <p class='ocr_par' dir='ltr' id='par_1_1' title="bbox 156 369 253 427">
     <span class='ocr_line' id='line_1_1' title="bbox 156 369 253 427; baseline -0.021 0"><span class='ocrx_word' id='word_1_1' title='bbox 156 369 253 427; x_wconf 69' lang='grc'><strong>317</strong></span> 
     </span>
    </p>
   </div>
   <div class='ocr_carea' id='block_1_2' title="bbox 772 377 2838 436">
    <p class='ocr_par' dir='ltr' id='par_1_2' title="bbox 772 377 2838 436">
     <span class='ocr_line' id='line_1_2' title="bbox 772 377 2838 436; baseline 0.002 -8"><span class='ocrx_word' id='word_1_2' title='bbox 772 377 1302 433; x_wconf 80' lang='lat' dir='ltr'><strong>APOLOGETICUS</strong></span> <span class='ocrx_word' id='word_1_3' title='bbox 1341 378 1478 434; x_wconf 78' lang='lat' dir='ltr'><strong>PRO</strong></span> <span class='ocrx_word' id='word_1_4' title='bbox 1522 380 1614 433; x_wconf 77' lang='lat' dir='ltr'><strong>XII</strong></span> <span class='ocrx_word' id='word_1_5' title='bbox 1654 380 2019 436; x_wconf 79' lang='lat' dir='ltr'><strong>CAPITIBUS</strong></span> <span class='ocrx_word' id='word_1_6' title='bbox 2052 381 2336 436; x_wconf 73' lang='lat' dir='ltr'><strong>CONTRA</strong></span> <span class='ocrx_word' id='word_1_7' title='bbox 2374 379 2838 435; x_wconf 78' lang='lat' dir='ltr'><strong>ORIENTALES.</strong></span> 
     </span>
    </p>
   </div>
   <div class='ocr_carea' id='block_1_3' title="bbox 3323 381 3431 433">
    <p class='ocr_par' dir='ltr' id='par_1_3' title="bbox 3323 381 3431 433">
     <span class='ocr_line' id='line_1_3' title="bbox 3323 381 3431 433; baseline -0.009 0"><span class='ocrx_word' id='word_1_8' title='bbox 3323 381 3431 433; x_wconf 75' lang='lat'><strong>313</strong></span> 
     </span>
    </p>
   </div>
   <div class='ocr_carea' id='block_1_4' title="bbox 152 482 1729 561">
    <p class='ocr_par' dir='ltr' id='par_1_4' title="bbox 152 482 1729 559">
     <span class='ocr_line' id='line_1_4' title="bbox 152 482 1729 559; baseline 0.006 -25"><span class='ocrx_word' id='word_1_9' title='bbox 152 485 296 546; x_wconf 72' lang='grc' dir='ltr'>θείας</span> <span class='ocrx_word' id='word_1_10' title='bbox 320 482 628 552; x_wconf 82' lang='grc' dir='ltr'>δόγμασιν.</span> <span class='ocrx_word' id='word_1_11' title='bbox 657 486 1086 559; x_wconf 79' lang='grc' dir='ltr'>Ἀπολεξάμενοι</span> <span class='ocrx_word' id='word_1_12' title='bbox 1109 491 1165 542; x_wconf 81' lang='grc' dir='ltr'><strong>δὲ</strong></span> <span class='ocrx_word' id='word_1_13' title='bbox 1194 491 1470 558; x_wconf 71' lang='grc' dir='ltr'>κεφάλαιά</span> <span class='ocrx_word' id='word_1_14' title='bbox 1490 509 1610 544; x_wconf 90' lang='grc' dir='ltr'>τινα</span> <span class='ocrx_word' id='word_1_15' title='bbox 1639 492 1729 545; x_wconf 53' lang='grc' dir='ltr'>τῶη</span> 
     </span>
    </p>
   </div>
   <div class='ocr_carea' id='block_1_5' title="bbox 1833 482 3434 561">
    <p class='ocr_par' dir='ltr' id='par_1_5' title="bbox 1860 487 3434 561">
     <span class='ocr_line' id='line_1_5' title="bbox 1860 487 3434 561; baseline -0.004 -15"><span class='ocrx_word' id='word_1_16' title='bbox 1860 493 2002 547; x_wconf 89' lang='lat' dir='ltr'><strong>illius</strong></span> <span class='ocrx_word' id='word_1_17' title='bbox 2028 493 2485 561; x_wconf 82' lang='lat' dir='ltr'><strong>blasphemiarum</strong></span> <span class='ocrx_word' id='word_1_18' title='bbox 2543 489 2831 559; x_wconf 86' lang='lat' dir='ltr'><strong>capitibus,</strong></span> <span class='ocrx_word' id='word_1_19' title='bbox 2876 503 2936 541; x_wconf 87' lang='lat' dir='ltr'><strong>ca</strong></span> <span class='ocrx_word' id='word_1_20' title='bbox 2974 487 3175 542; x_wconf 87' lang='lat' dir='ltr'><strong>utiliter</strong></span> <span class='ocrx_word' id='word_1_21' title='bbox 3213 489 3434 540; x_wconf 86' lang='lat' dir='ltr'><strong>anathe-</strong></span> 
     </span>
    </p>
   </div>
   <div class='ocr_carea' id='block_1_6' title="bbox 151 574 1749 651">
    <p class='ocr_par' dir='ltr' id='par_1_6' title="bbox 151 574 1749 651">
     <span class='ocr_line' id='line_1_6' title="bbox 151 574 1749 651; baseline 0.006 -28"><span class='ocrx_word' id='word_1_22' title='bbox 151 575 358 625; x_wconf 63' lang='grc' dir='ltr'>ἐκείνου</span> <span class='ocrx_word' id='word_1_23' title='bbox 390 574 751 646; x_wconf 80' lang='grc' dir='ltr'><strong>δυσφημιῶν,</strong></span> <span class='ocrx_word' id='word_1_24' title='bbox 803 578 975 629; x_wconf 73' lang='grc' dir='ltr'>ταῦτα</span> <span class='ocrx_word' id='word_1_25' title='bbox 1021 580 1308 649; x_wconf 77' lang='grc' dir='ltr'><strong>χρησίμως</strong></span> <span class='ocrx_word' id='word_1_26' title='bbox 1351 581 1749 651; x_wconf 85' lang='grc' dir='ltr'>ἀνεθεματίσα-</span> 
     </span>
    </p>
   </div>
   <div class='ocr_carea' id='block_1_7' title="bbox 151 666 1750 741">
    <p class='ocr_par' dir='ltr' id='par_1_7' title="bbox 151 666 1750 741">
     <span class='ocr_line' id='line_1_7' title="bbox 151 666 1750 741; baseline 0.006 -27"><span class='ocrx_word' id='word_1_27' title='bbox 151 681 268 730; x_wconf 86' lang='grc' dir='ltr'>μεν,</span> <span class='ocrx_word' id='word_1_28' title='bbox 307 667 435 734; x_wconf 65' lang='grc' dir='ltr'>ἦτοι</span> <span class='ocrx_word' id='word_1_29' title='bbox 480 666 615 727; x_wconf 79' lang='grc' dir='ltr'>τοὺς</span> <span class='ocrx_word' id='word_1_30' title='bbox 647 671 866 735; x_wconf 77' lang='grc' dir='ltr'>φρονεῖν</span> <span class='ocrx_word' id='word_1_31' title='bbox 912 667 1195 732; x_wconf 78' lang='grc' dir='ltr'>ἐθέλοντας</span> <span class='ocrx_word' id='word_1_32' title='bbox 1226 670 1393 732; x_wconf 71' lang='grc' dir='ltr'>αὐτὰ,</span> <span class='ocrx_word' id='word_1_33' title='bbox 1438 672 1750 741; x_wconf 80' lang='grc' dir='ltr'>πειθόμενοι</span> 
     </span>
    </p>
   </div>
   <div class='ocr_carea' id='block_1_8' title="bbox 146 755 1749 830">
    <p class='ocr_par' dir='ltr' id='par_1_8' title="bbox 146 755 1749 830">
     <span class='ocr_line' id='line_1_8' title="bbox 146 755 1749 830; baseline 0.006 -26"><span class='ocrx_word' id='word_1_34' title='bbox 146 755 354 819; x_wconf 68' lang='grc' dir='ltr'>λέγοντι</span> <span class='ocrx_word' id='word_1_35' title='bbox 392 755 485 824; x_wconf 82' lang='grc' dir='ltr'>τῷ</span> <span class='ocrx_word' id='word_1_36' title='bbox 518 759 780 828; x_wconf 77' lang='grc' dir='ltr'>μακαρίῳ</span> <span class='ocrx_word' id='word_1_37' title='bbox 817 758 1048 828; x_wconf 81' lang='grc' dir='ltr'>Παύλῳ·</span> <span class='ocrx_word' id='word_1_38' title='bbox 1080 779 1095 808; x_wconf 80' lang='grc' dir='ltr'><strong><em>σ</em></strong></span> <span class='ocrx_word' id='word_1_39' title='bbox 1133 761 1197 811; x_wconf 64' lang='lat' dir='ltr'><strong>El</strong></span> <span class='ocrx_word' id='word_1_40' title='bbox 1227 778 1309 823; x_wconf 85' lang='grc' dir='ltr'><strong>τις</strong></span> <span class='ocrx_word' id='word_1_41' title='bbox 1343 763 1485 830; x_wconf 74' lang='grc' dir='ltr'>ὑμᾶς</span> <span class='ocrx_word' id='word_1_42' title='bbox 1519 764 1749 829; x_wconf 70' lang='grc' dir='ltr'>εὐαγγε-</span> 
     </span>
    </p>
   </div>
   <div class='ocr_carea' id='block_1_9' title="bbox 146 845 1751 921">
    <p class='ocr_par' dir='ltr' id='par_1_9' title="bbox 146 845 1751 921">
     <span class='ocr_line' id='line_1_9' title="bbox 146 845 1751 921; baseline 0.007 -28"><span class='ocrx_word' id='word_1_43' title='bbox 146 845 353 907; x_wconf 72' lang='grc' dir='ltr'>λίζεται</span> <span class='ocrx_word' id='word_1_44' title='bbox 403 846 542 916; x_wconf 78' lang='grc' dir='ltr'>παρ’</span> <span class='ocrx_word' id='word_1_45' title='bbox 588 848 617 898; x_wconf 80' lang='grc' dir='ltr'><strong>ὃ</strong></span> <span class='ocrx_word' id='word_1_46' title='bbox 686 848 1057 917; x_wconf 81' lang='grc' dir='ltr'>παρελάϐετε,</span> <span class='ocrx_word' id='word_1_47' title='bbox 1106 850 1354 921; x_wconf 83' lang='grc' dir='ltr'>ἀνάθεμα</span> <span class='ocrx_word' id='word_1_48' title='bbox 1402 852 1573 904; x_wconf 79' lang='grc' dir='ltr'>ἐστω’</span> <span class='ocrx_word' id='word_1_49' title='bbox 1616 852 1751 905; x_wconf 86' lang='grc' dir='ltr'><strong>ἀλλά</strong></span> 
     </span>
    </p>
   </div>
   <div class='ocr_carea' id='block_1_10' title="bbox 144 937 1749 1012">
    <p class='ocr_par' dir='ltr' id='par_1_10' title="bbox 144 937 1749 1012">
     <span class='ocr_line' id='line_1_10' title="bbox 144 937 1749 1012; baseline 0.004 -25"><span class='ocrx_word' id='word_1_50' title='bbox 144 937 246 987; x_wconf 72' lang='grc' dir='ltr'>κᾶν</span> <span class='ocrx_word' id='word_1_51' title='bbox 273 940 468 1006; x_wconf 77' lang='grc' dir='ltr'>ἡμεῖς,</span> <span class='ocrx_word' id='word_1_52' title='bbox 500 938 534 1007; x_wconf 81' lang='grc' dir='ltr'>ἢ</span> <span class='ocrx_word' id='word_1_53' title='bbox 562 938 795 1005; x_wconf 81' lang='grc' dir='ltr'>ἄγγελος</span> <span class='ocrx_word' id='word_1_54' title='bbox 825 940 883 1003; x_wconf 74' lang='grc' dir='ltr'><strong>ἐξ</strong></span> <span class='ocrx_word' id='word_1_55' title='bbox 905 941 1135 1011; x_wconf 76' lang='grc' dir='ltr'>οὐρανοῦ</span> <span class='ocrx_word' id='word_1_56' title='bbox 1160 942 1582 1011; x_wconf 77' lang='grc' dir='ltr'>εὐαγγελίσηται</span> <span class='ocrx_word' id='word_1_57' title='bbox 1607 942 1749 1012; x_wconf 80' lang='grc' dir='ltr'>ὑμᾶς</span> 
     </span>
    </p>
   </div>
   <div class='ocr_carea' id='block_1_11' title="bbox 144 1030 1748 1101">
    <p class='ocr_par' dir='ltr' id='par_1_11' title="bbox 144 1030 1748 1101">
     <span class='ocr_line' id='line_1_11' title="bbox 144 1030 1748 1101; baseline 0.004 -23"><span class='ocrx_word' id='word_1_58' title='bbox 144 1030 273 1096; x_wconf 77' lang='grc' dir='ltr'>παρ’</span> <span class='ocrx_word' id='word_1_59' title='bbox 303 1030 333 1079; x_wconf 83' lang='grc' dir='ltr'>ὃ</span> <span class='ocrx_word' id='word_1_60' title='bbox 380 1030 761 1099; x_wconf 81' lang='grc' dir='ltr'>παρελάὗετε,</span> <span class='ocrx_word' id='word_1_61' title='bbox 806 1031 1053 1101; x_wconf 80' lang='grc' dir='ltr'>ἀνάθεμα</span> <span class='ocrx_word' id='word_1_62' title='bbox 1084 1032 1243 1085; x_wconf 80' lang='grc' dir='ltr'>ἔστω.</span> <span class='ocrx_word' id='word_1_63' title='bbox 1274 1053 1290 1083; x_wconf 69' lang='grc' dir='ltr'><strong>ι</strong></span> <span class='ocrx_word' id='word_1_64' title='bbox 1349 1034 1487 1086; x_wconf 82' lang='grc' dir='ltr'>Ἀλλ’</span> <span class='ocrx_word' id='word_1_65' title='bbox 1522 1034 1621 1087; x_wconf 83' lang='grc' dir='ltr'><strong>οὐκ</strong></span> <span class='ocrx_word' id='word_1_66' title='bbox 1654 1032 1748 1086; x_wconf 82' lang='grc' dir='ltr'>οἶδ’</span> 
     </span>
    </p>
   </div>
   <div class='ocr_carea' id='block_1_12' title="bbox 142 1122 1751 1197">
    <p class='ocr_par' dir='ltr' id='par_1_12' title="bbox 142 1122 1751 1197">
     <span class='ocr_line' id='line_1_12' title="bbox 142 1122 1751 1197; baseline 0.004 -25"><span class='ocrx_word' id='word_1_67' title='bbox 142 1122 292 1183; x_wconf 73' lang='grc' dir='ltr'>ὅπως</span> <span class='ocrx_word' id='word_1_68' title='bbox 344 1122 799 1193; x_wconf 80' lang='grc' dir='ltr'>δεδυσφορήκασί</span> <span class='ocrx_word' id='word_1_69' title='bbox 831 1142 977 1188; x_wconf 87' lang='grc' dir='ltr'>τινες</span> <span class='ocrx_word' id='word_1_70' title='bbox 1021 1126 1115 1179; x_wconf 72' lang='grc' dir='ltr'>ἐπὶ</span> <span class='ocrx_word' id='word_1_71' title='bbox 1148 1127 1322 1197; x_wconf 85' lang='grc' dir='ltr'>τούτῳ</span> <span class='ocrx_word' id='word_1_72' title='bbox 1356 1128 1497 1193; x_wconf 81' lang='grc' dir='ltr'>λίαν,</span> <span class='ocrx_word' id='word_1_73' title='bbox 1542 1128 1576 1197; x_wconf 85' lang='grc' dir='ltr'>ἢ</span> <span class='ocrx_word' id='word_1_74' title='bbox 1623 1128 1751 1197; x_wconf 83' lang='grc' dir='ltr'>ὁμό-</span> 
     </span>
    </p>
   </div>
   <div class='ocr_carea' id='block_1_13' title="bbox 142 1214 1750 1289">
    <p class='ocr_par' dir='ltr' id='par_1_13' title="bbox 142 1214 1750 1289">
     <span class='ocr_line' id='line_1_13' title="bbox 142 1214 1750 1289; baseline 0.006 -27"><span class='ocrx_word' id='word_1_75' title='bbox 142 1230 340 1278; x_wconf 70' lang='grc' dir='ltr'>φρονες</span> <span class='ocrx_word' id='word_1_76' title='bbox 366 1214 552 1277; x_wconf 73' lang='grc' dir='ltr'>ὄντες,</span> <span class='ocrx_word' id='word_1_77' title='bbox 580 1216 674 1267; x_wconf 73' lang='grc' dir='ltr'><strong>καὶ</strong></span> <span class='ocrx_word' id='word_1_78' title='bbox 707 1218 1137 1288; x_wconf 82' lang='grc' dir='ltr'>ίσογνώμονες,ῆ</span> <span class='ocrx_word' id='word_1_79' title='bbox 1167 1220 1619 1289; x_wconf 81' lang='grc' dir='ltr'>προσποιούμενοι</span> <span class='ocrx_word' id='word_1_80' title='bbox 1652 1222 1750 1289; x_wconf 85' lang='grc' dir='ltr'>μὲν</span> 
     </span>
    </p>
   </div>
   <div class='ocr_carea' id='block_1_14' title="bbox 142 1307 1751 1383">
    <p class='ocr_par' dir='ltr' id='par_1_14' title="bbox 142 1307 1751 1383">
     <span class='ocr_line' id='line_1_14' title="bbox 142 1307 1751 1383; baseline 0.006 -28"><span class='ocrx_word' id='word_1_81' title='bbox 142 1307 548 1375; x_wconf 79' lang='grc' dir='ltr'>παραιτεῖσθαι</span> <span class='ocrx_word' id='word_1_82' title='bbox 580 1308 681 1377; x_wconf 87' lang='grc' dir='ltr'>τὴν</span> <span class='ocrx_word' id='word_1_83' title='bbox 717 1310 1022 1377; x_wconf 79' lang='grc' dir='ltr'>ὁμοδοξίαν,</span> <span class='ocrx_word' id='word_1_84' title='bbox 1061 1311 1391 1381; x_wconf 75' lang='grc' dir='ltr'>πειρώμενοι</span> <span class='ocrx_word' id='word_1_85' title='bbox 1430 1313 1486 1365; x_wconf 77' lang='grc' dir='ltr'><strong>δὲ</strong></span> <span class='ocrx_word' id='word_1_86' title='bbox 1520 1314 1607 1365; x_wconf 79' lang='grc' dir='ltr'><strong>διὰ</strong></span> <span class='ocrx_word' id='word_1_87' title='bbox 1636 1313 1751 1383; x_wconf 64' lang='grc' dir='ltr'>τ’ρὼ</span> 
     </span>
    </p>
   </div>
   <div class='ocr_carea' id='block_1_15' title="bbox 142 1400 1747 1471">
    <p class='ocr_par' dir='ltr' id='par_1_15' title="bbox 142 1400 1747 1471">
     <span class='ocr_line' id='line_1_15' title="bbox 142 1400 1747 1471; baseline 0.006 -23"><span class='ocrx_word' id='word_1_88' title='bbox 142 1415 244 1449; x_wconf 79' lang='grc' dir='ltr'><strong>που</strong></span> <span class='ocrx_word' id='word_1_89' title='bbox 286 1400 503 1463; x_wconf 77' lang='grc' dir='ltr'>παντὸς</span> <span class='ocrx_word' id='word_1_90' title='bbox 556 1402 873 1471; x_wconf 79' lang='grc' dir='ltr'>ἐπικουρεῖν</span> <span class='ocrx_word' id='word_1_91' title='bbox 911 1402 1087 1471; x_wconf 73' lang='grc' dir='ltr'>αὐτῷ,</span> <span class='ocrx_word' id='word_1_92' title='bbox 1138 1405 1232 1455; x_wconf 83' lang='grc' dir='ltr'><strong>καὶ</strong></span> <span class='ocrx_word' id='word_1_93' title='bbox 1296 1405 1565 1457; x_wconf 86' lang='grc' dir='ltr'>ποιεῖσθαι</span> <span class='ocrx_word' id='word_1_94' title='bbox 1616 1422 1747 1457; x_wconf 87' lang='grc' dir='ltr'>κατ-</span> 
     </span>
    </p>
   </div>
   <div class='ocr_carea' id='block_1_16' title="bbox 142 1492 1746 1566">
    <p class='ocr_par' dir='ltr' id='par_1_16' title="bbox 142 1492 1746 1566">
     <span class='ocr_line' id='line_1_16' title="bbox 142 1492 1746 1566; baseline 0.004 -25"><span class='ocrx_word' id='word_1_95' title='bbox 142 1492 571 1561; x_wconf 81' lang='grc' dir='ltr'>εστυγημένους</span> <span class='ocrx_word' id='word_1_96' title='bbox 604 1495 731 1554; x_wconf 80' lang='grc' dir='ltr'>τοὺς</span> <span class='ocrx_word' id='word_1_97' title='bbox 762 1494 840 1562; x_wconf 82' lang='grc' dir='ltr'><strong>τῷ</strong></span> <span class='ocrx_word' id='word_1_98' title='bbox 876 1494 1089 1563; x_wconf 80' lang='grc' dir='ltr'><strong>Σωτῆρι</strong></span> <span class='ocrx_word' id='word_1_99' title='bbox 1128 1496 1511 1566; x_wconf 81' lang='grc' dir='ltr'>συναγορεύειν</span> <span class='ocrx_word' id='word_1_100' title='bbox 1536 1497 1746 1548; x_wconf 78' lang='grc' dir='ltr'>ἐθέλον-</span> 
     </span>
    </p>
   </div>
   <div class='ocr_carea' id='block_1_17' title="bbox 139 1581 1750 1656">
    <p class='ocr_par' dir='ltr' id='par_1_17' title="bbox 139 1581 1750 1656">
     <span class='ocr_line' id='line_1_17' title="bbox 139 1581 1750 1656; baseline 0.004 -23"><span class='ocrx_word' id='word_1_101' title='bbox 139 1601 256 1645; x_wconf 80' lang='grc' dir='ltr'>τας.</span> <span class='ocrx_word' id='word_1_102' title='bbox 302 1584 454 1636; x_wconf 80' lang='grc' dir='ltr'>Ἀλλ’</span> <span class='ocrx_word' id='word_1_103' title='bbox 485 1581 556 1655; x_wconf 82' lang='grc' dir='ltr'>ἧν</span> <span class='ocrx_word' id='word_1_104' title='bbox 598 1584 893 1637; x_wconf 84' lang='grc' dir='ltr'>ἀκόλουθον</span> <span class='ocrx_word' id='word_1_105' title='bbox 940 1587 1157 1647; x_wconf 78' lang='grc' dir='ltr'>ἐννοεῖν,</span> <span class='ocrx_word' id='word_1_106' title='bbox 1198 1588 1279 1639; x_wconf 86' lang='grc' dir='ltr'><strong>ὅτι</strong></span> <span class='ocrx_word' id='word_1_107' title='bbox 1310 1590 1423 1649; x_wconf 86' lang='grc' dir='ltr'>τοῖς</span> <span class='ocrx_word' id='word_1_108' title='bbox 1452 1587 1750 1656; x_wconf 54' lang='lat' dir='ltr'><strong>hama-.61-</strong></span> 
     </span>
    </p>
   </div>
   <div class='ocr_carea' id='block_1_18' title="bbox 138 1675 1748 1746">
    <p class='ocr_par' dir='ltr' id='par_1_18' title="bbox 138 1675 1748 1746">
     <span class='ocr_line' id='line_1_18' title="bbox 138 1675 1748 1746; baseline 0.002 -21"><span class='ocrx_word' id='word_1_109' title='bbox 138 1675 364 1737; x_wconf 61' lang='grc' dir='ltr'>σκὶλοις</span> <span class='ocrx_word' id='word_1_110' title='bbox 419 1676 693 1745; x_wconf 77' lang='grc' dir='ltr'>ἐπιτιμᾷν</span> <span class='ocrx_word' id='word_1_111' title='bbox 750 1675 1121 1745; x_wconf 75' lang='grc' dir='ltr'>προύξένησεν</span> <span class='ocrx_word' id='word_1_112' title='bbox 1174 1676 1238 1729; x_wconf 80' lang='grc' dir='ltr'><strong>ἂν</strong></span> <span class='ocrx_word' id='word_1_113' title='bbox 1286 1679 1469 1739; x_wconf 77' lang='grc' dir='ltr'>αὐτοῖς</span> <span class='ocrx_word' id='word_1_114' title='bbox 1520 1678 1617 1746; x_wconf 81' lang='grc' dir='ltr'><strong>τῆς</strong></span> <span class='ocrx_word' id='word_1_115' title='bbox 1668 1679 1748 1739; x_wconf 81' lang='grc' dir='ltr'>εἰς</span> 
     </span>
    </p>
   </div>
   <div class='ocr_carea' id='block_1_19' title="bbox 138 1765 1746 1840">
    <p class='ocr_par' dir='ltr' id='par_1_19' title="bbox 138 1765 1746 1840">
     <span class='ocr_line' id='line_1_19' title="bbox 138 1765 1746 1840; baseline 0.002 -24"><span class='ocrx_word' id='word_1_116' title='bbox 138 1766 383 1832; x_wconf 77' lang='grc' dir='ltr'>Χριστὸν</span> <span class='ocrx_word' id='word_1_117' title='bbox 427 1765 658 1835; x_wconf 82' lang='grc' dir='ltr'>ἀγάπης</span> <span class='ocrx_word' id='word_1_118' title='bbox 692 1770 753 1818; x_wconf 79' lang='grc' dir='ltr'>τὸ</span> <span class='ocrx_word' id='word_1_119' title='bbox 785 1766 1035 1837; x_wconf 75' lang='grc' dir='ltr'>γνήσιον·</span> <span class='ocrx_word' id='word_1_120' title='bbox 1078 1767 1173 1819; x_wconf 79' lang='grc' dir='ltr'>νῦν</span> <span class='ocrx_word' id='word_1_121' title='bbox 1203 1767 1260 1821; x_wconf 76' lang='grc' dir='ltr'><strong>δὲ</strong></span> <span class='ocrx_word' id='word_1_122' title='bbox 1295 1768 1609 1840; x_wconf 75' lang='grc' dir='ltr'>πεπράκασι</span> <span class='ocrx_word' id='word_1_123' title='bbox 1649 1767 1746 1838; x_wconf 78' lang='grc' dir='ltr'>μὲν</span> 
     </span>
    </p>
   </div>
   <div class='ocr_carea' id='block_1_20' title="bbox 1861 578 3432 648">
    <p class='ocr_par' dir='ltr' id='par_1_20' title="bbox 1861 578 3432 648">
     <span class='ocr_line' id='line_1_20' title="bbox 1861 578 3432 648; baseline -0.005 -11"><span class='ocrx_word' id='word_1_124' title='bbox 1861 586 2258 648; x_wconf 87' lang='lat' dir='ltr'><strong>matizavimus,</strong></span> <span class='ocrx_word' id='word_1_125' title='bbox 2288 585 2389 637; x_wconf 88' lang='lat' dir='ltr'><strong>hoc</strong></span> <span class='ocrx_word' id='word_1_126' title='bbox 2411 592 2514 645; x_wconf 89' lang='lat' dir='ltr'><strong>est,</strong></span> <span class='ocrx_word' id='word_1_127' title='bbox 2547 596 2640 635; x_wconf 91' lang='lat' dir='ltr'><strong>eos</strong></span> <span class='ocrx_word' id='word_1_128' title='bbox 2679 580 2771 647; x_wconf 92' lang='lat' dir='ltr'><strong>qui</strong></span> <span class='ocrx_word' id='word_1_129' title='bbox 2815 580 2939 632; x_wconf 84' lang='lat' dir='ltr'><strong>talia</strong></span> <span class='ocrx_word' id='word_1_130' title='bbox 2975 580 3178 633; x_wconf 86' lang='lat' dir='ltr'><strong>sentire</strong></span> <span class='ocrx_word' id='word_1_131' title='bbox 3227 578 3432 640; x_wconf 89' lang='lat' dir='ltr'><strong>volunt,</strong></span> 
     </span>
    </p>
   </div>
   <div class='ocr_carea' id='block_1_21' title="bbox 1854 671 3433 744">
    <p class='ocr_par' dir='ltr' id='par_1_21' title="bbox 1854 671 3433 744">
     <span class='ocr_line' id='line_1_21' title="bbox 1854 671 3433 744; baseline -0.006 -15"><span class='ocrx_word' id='word_1_132' title='bbox 1854 678 2287 744; x_wconf 75' lang='lat' dir='ltr'><strong>obtemperantes</strong></span> <span class='ocrx_word' id='word_1_133' title='bbox 2319 677 2475 728; x_wconf 86' lang='lat' dir='ltr'><strong>beato</strong></span> <span class='ocrx_word' id='word_1_134' title='bbox 2510 674 2674 726; x_wconf 81' lang='lat' dir='ltr'><strong>Paulo</strong></span> <span class='ocrx_word' id='word_1_135' title='bbox 2701 674 2899 727; x_wconf 87' lang='lat' dir='ltr'><strong>dicenti</strong></span> <span class='ocrx_word' id='word_1_136' title='bbox 2941 689 2952 722; x_wconf 92' lang='lat'>:</span> <span class='ocrx_word' id='word_1_137' title='bbox 2990 691 3007 722; x_wconf 75' lang='grc' dir='ltr'><strong>ι</strong></span> <span class='ocrx_word' id='word_1_138' title='bbox 3050 672 3103 725; x_wconf 88' lang='lat' dir='ltr'><strong>Si</strong></span> <span class='ocrx_word' id='word_1_139' title='bbox 3137 671 3256 738; x_wconf 83' lang='lat' dir='ltr'><strong>quis</strong></span> <span class='ocrx_word' id='word_1_140' title='bbox 3282 671 3433 723; x_wconf 82' lang='lat' dir='ltr'><strong>vobis</strong></span> 
     </span>
    </p>
   </div>
   <div class='ocr_carea' id='block_1_22' title="bbox 1853 759 3431 835">
    <p class='ocr_par' dir='ltr' id='par_1_22' title="bbox 1853 759 3431 835">
     <span class='ocr_line' id='line_1_22' title="bbox 1853 759 3431 835; baseline -0.008 -16"><span class='ocrx_word' id='word_1_141' title='bbox 1853 766 2305 835; x_wconf 80' lang='lat' dir='ltr'><strong>cvangelizaverit</strong></span> <span class='ocrx_word' id='word_1_142' title='bbox 2361 773 2554 831; x_wconf 64' lang='lat' dir='ltr'><strong>praeter</strong></span> <span class='ocrx_word' id='word_1_143' title='bbox 2612 764 2661 814; x_wconf 95' lang='lat' dir='ltr'><strong>id</strong></span> <span class='ocrx_word' id='word_1_144' title='bbox 2724 764 2864 830; x_wconf 87' lang='lat' dir='ltr'><strong>quod</strong></span> <span class='ocrx_word' id='word_1_145' title='bbox 2935 759 3240 825; x_wconf 78' lang='lat' dir='ltr'><strong>accepistis,</strong></span> <span class='ocrx_word' id='word_1_146' title='bbox 3298 771 3431 809; x_wconf 86' lang='lat' dir='ltr'><strong>ana-</strong></span> 
     </span>
    </p>
   </div>
   <div class='ocr_carea' id='block_1_23' title="bbox 1855 848 3431 920">
    <p class='ocr_par' dir='ltr' id='par_1_23' title="bbox 1855 848 3431 920">
     <span class='ocr_line' id='line_1_23' title="bbox 1855 848 3431 920; baseline -0.007 -12"><span class='ocrx_word' id='word_1_147' title='bbox 1855 858 2030 908; x_wconf 88' lang='lat' dir='ltr'><strong>thema</strong></span> <span class='ocrx_word' id='word_1_148' title='bbox 2072 856 2162 908; x_wconf 84' lang='lat' dir='ltr'><strong>sit.</strong></span> <span class='ocrx_word' id='word_1_149' title='bbox 2196 855 2297 907; x_wconf 84' lang='lat' dir='ltr'><strong>Sed</strong></span> <span class='ocrx_word' id='word_1_150' title='bbox 2333 855 2432 908; x_wconf 86' lang='lat' dir='ltr'><strong>etsi</strong></span> <span class='ocrx_word' id='word_1_151' title='bbox 2477 868 2595 916; x_wconf 88' lang='lat' dir='ltr'><strong>nos,</strong></span> <span class='ocrx_word' id='word_1_152' title='bbox 2624 852 2704 903; x_wconf 86' lang='lat' dir='ltr'><strong>vel</strong></span> <span class='ocrx_word' id='word_1_153' title='bbox 2743 852 2963 920; x_wconf 76' lang='lat' dir='ltr'><strong>angelus</strong></span> <span class='ocrx_word' id='word_1_154' title='bbox 2992 851 3056 903; x_wconf 86' lang='lat' dir='ltr'><strong>de</strong></span> <span class='ocrx_word' id='word_1_155' title='bbox 3101 848 3239 903; x_wconf 67' lang='lat' dir='ltr'><strong>cwlo</strong></span> <span class='ocrx_word' id='word_1_156' title='bbox 3269 862 3431 901; x_wconf 83' lang='lat' dir='ltr'><strong>evan-</strong></span> 
     </span>
    </p>
   </div>
   <div class='ocr_carea' id='block_1_24' title="bbox 1846 940 3427 1014">
    <p class='ocr_par' dir='ltr' id='par_1_24' title="bbox 1846 940 3427 1014">
     <span class='ocr_line' id='line_1_24' title="bbox 1846 940 3427 1014; baseline -0.006 -15"><span class='ocrx_word' id='word_1_157' title='bbox 1846 946 2163 1014; x_wconf 64' lang='lat' dir='ltr'><strong>gelizaverit</strong></span> <span class='ocrx_word' id='word_1_158' title='bbox 2205 944 2359 998; x_wconf 85' lang='lat' dir='ltr'><strong>vobis</strong></span> <span class='ocrx_word' id='word_1_159' title='bbox 2401 952 2599 1012; x_wconf 70' lang='lat' dir='ltr'><strong>prmter</strong></span> <span class='ocrx_word' id='word_1_160' title='bbox 2651 944 2699 995; x_wconf 90' lang='lat' dir='ltr'><strong>id</strong></span> <span class='ocrx_word' id='word_1_161' title='bbox 2753 942 2895 1009; x_wconf 87' lang='lat' dir='ltr'><strong>quod</strong></span> <span class='ocrx_word' id='word_1_162' title='bbox 2938 940 3251 1007; x_wconf 83' lang='lat' dir='ltr'><strong>accepistis,</strong></span> <span class='ocrx_word' id='word_1_163' title='bbox 3296 953 3427 991; x_wconf 85' lang='lat' dir='ltr'><strong>ana-</strong></span> 
     </span>
    </p>
   </div>
   <div class='ocr_carea' id='block_1_25' title="bbox 1856 1032 3431 1102">
    <p class='ocr_par' dir='ltr' id='par_1_25' title="bbox 1856 1032 3431 1102">
     <span class='ocr_line' id='line_1_25' title="bbox 1856 1032 3431 1102; baseline -0.007 -11"><span class='ocrx_word' id='word_1_164' title='bbox 1856 1039 2033 1092; x_wconf 87' lang='lat' dir='ltr'><strong>thema</strong></span> <span class='ocrx_word' id='word_1_165' title='bbox 2064 1038 2134 1092; x_wconf 89' lang='lat' dir='ltr'><strong>sit</strong></span> <span class='ocrx_word' id='word_1_166' title='bbox 2166 1036 2229 1090; x_wconf 72' lang='lat'><strong>“.</strong></span> <span class='ocrx_word' id='word_1_167' title='bbox 2267 1054 2288 1087; x_wconf 69' lang='grc' dir='ltr'><strong>ι</strong></span> <span class='ocrx_word' id='word_1_168' title='bbox 2321 1039 2391 1089; x_wconf 82' lang='lat' dir='ltr'><strong>At</strong></span> <span class='ocrx_word' id='word_1_169' title='bbox 2424 1037 2605 1089; x_wconf 88' lang='lat' dir='ltr'><strong>nescio</strong></span> <span class='ocrx_word' id='word_1_170' title='bbox 2634 1049 2741 1102; x_wconf 90' lang='lat' dir='ltr'><strong>quo</strong></span> <span class='ocrx_word' id='word_1_171' title='bbox 2771 1043 2928 1102; x_wconf 87' lang='lat' dir='ltr'><strong>pacto</strong></span> <span class='ocrx_word' id='word_1_172' title='bbox 2961 1032 3012 1084; x_wconf 89' lang='lat' dir='ltr'><strong>id</strong></span> <span class='ocrx_word' id='word_1_173' title='bbox 3054 1032 3269 1084; x_wconf 90' lang='lat' dir='ltr'><strong>modum</strong></span> <span class='ocrx_word' id='word_1_174' title='bbox 3306 1045 3431 1097; x_wconf 82' lang='lat' dir='ltr'><strong>gra-</strong></span> 
     </span>
    </p>
   </div>
   <div class='ocr_carea' id='block_1_26' title="bbox 1852 1123 3431 1198">
    <p class='ocr_par' dir='ltr' id='par_1_26' title="bbox 1852 1123 3431 1198">
     <span class='ocr_line' id='line_1_26' title="bbox 1852 1123 3431 1198; baseline -0.005 -15"><span class='ocrx_word' id='word_1_175' title='bbox 1852 1141 1972 1184; x_wconf 89' lang='lat' dir='ltr'><strong>vate</strong></span> <span class='ocrx_word' id='word_1_176' title='bbox 2014 1130 2231 1184; x_wconf 88' lang='lat' dir='ltr'><strong>tulerint</strong></span> <span class='ocrx_word' id='word_1_177' title='bbox 2260 1129 2448 1198; x_wconf 83' lang='lat' dir='ltr'><strong>aliqui,</strong></span> <span class='ocrx_word' id='word_1_178' title='bbox 2477 1128 2555 1182; x_wconf 89' lang='lat' dir='ltr'><strong>vel</strong></span> <span class='ocrx_word' id='word_1_179' title='bbox 2586 1128 2726 1197; x_wconf 90' lang='lat' dir='ltr'><strong>quod</strong></span> <span class='ocrx_word' id='word_1_180' title='bbox 2776 1126 2885 1180; x_wconf 83' lang='lat' dir='ltr'><strong>sint</strong></span> <span class='ocrx_word' id='word_1_181' title='bbox 2930 1123 3165 1191; x_wconf 84' lang='lat' dir='ltr'><strong>ejusdem</strong></span> <span class='ocrx_word' id='word_1_182' title='bbox 3212 1132 3431 1177; x_wconf 86' lang='lat' dir='ltr'><strong>senten-</strong></span> 
     </span>
    </p>
   </div>
   <div class='ocr_carea' id='block_1_27' title="bbox 1853 1212 3429 1289">
    <p class='ocr_par' dir='ltr' id='par_1_27' title="bbox 1853 1212 3429 1289">
     <span class='ocr_line' id='line_1_27' title="bbox 1853 1212 3429 1289; baseline -0.006 -13"><span class='ocrx_word' id='word_1_183' title='bbox 1853 1223 1939 1276; x_wconf 70' lang='lat' dir='ltr'><strong>tia:</strong></span> <span class='ocrx_word' id='word_1_184' title='bbox 1966 1237 2029 1275; x_wconf 89' lang='lat' dir='ltr'><strong>ac</strong></span> <span class='ocrx_word' id='word_1_185' title='bbox 2058 1222 2327 1289; x_wconf 82' lang='lat' dir='ltr'><strong>Opiniouis</strong></span> <span class='ocrx_word' id='word_1_186' title='bbox 2366 1236 2487 1274; x_wconf 88' lang='lat' dir='ltr'><strong>cum</strong></span> <span class='ocrx_word' id='word_1_187' title='bbox 2537 1221 2655 1284; x_wconf 87' lang='lat' dir='ltr'><strong>illo;</strong></span> <span class='ocrx_word' id='word_1_188' title='bbox 2691 1219 2769 1271; x_wconf 90' lang='lat' dir='ltr'><strong>vel</strong></span> <span class='ocrx_word' id='word_1_189' title='bbox 2812 1218 2953 1287; x_wconf 88' lang='lat' dir='ltr'><strong>quod</strong></span> <span class='ocrx_word' id='word_1_190' title='bbox 3004 1214 3257 1268; x_wconf 89' lang='lat' dir='ltr'><strong>simulent</strong></span> <span class='ocrx_word' id='word_1_191' title='bbox 3307 1212 3429 1281; x_wconf 80' lang='lat' dir='ltr'><strong>qui-</strong></span> 
     </span>
    </p>
   </div>
   <div class='ocr_carea' id='block_1_28' title="bbox 1852 1309 3425 1378">
    <p class='ocr_par' dir='ltr' id='par_1_28' title="bbox 1852 1309 3425 1378">
     <span class='ocr_line' id='line_1_28' title="bbox 1852 1309 3425 1378; baseline -0.006 -13"><span class='ocrx_word' id='word_1_192' title='bbox 1852 1314 1969 1365; x_wconf 88' lang='lat' dir='ltr'><strong>dem</strong></span> <span class='ocrx_word' id='word_1_193' title='bbox 2001 1328 2060 1366; x_wconf 91' lang='lat' dir='ltr'><strong>se</strong></span> <span class='ocrx_word' id='word_1_194' title='bbox 2088 1313 2256 1364; x_wconf 82' lang='lat' dir='ltr'><strong>vitare</strong></span> <span class='ocrx_word' id='word_1_195' title='bbox 2282 1311 2551 1378; x_wconf 84' lang='lat' dir='ltr'><strong>Opinionis</strong></span> <span class='ocrx_word' id='word_1_196' title='bbox 2580 1309 2918 1370; x_wconf 86' lang='lat' dir='ltr'><strong>societatem,</strong></span> <span class='ocrx_word' id='word_1_197' title='bbox 2948 1315 3211 1358; x_wconf 85' lang='lat' dir='ltr'><strong>attentent</strong></span> <span class='ocrx_word' id='word_1_198' title='bbox 3246 1313 3425 1357; x_wconf 87' lang='lat' dir='ltr'><strong>autem</strong></span> 
     </span>
    </p>
   </div>
   <div class='ocr_carea' id='block_1_29' title="bbox 1854 1398 3429 1471">
    <p class='ocr_par' dir='ltr' id='par_1_29' title="bbox 1854 1398 3429 1471">
     <span class='ocr_line' id='line_1_29' title="bbox 1854 1398 3429 1471; baseline -0.006 -15"><span class='ocrx_word' id='word_1_199' title='bbox 1854 1405 2024 1457; x_wconf 89' lang='lat' dir='ltr'><strong>modis</strong></span> <span class='ocrx_word' id='word_1_200' title='bbox 2054 1404 2303 1457; x_wconf 83' lang='lat' dir='ltr'><strong>omnibus</strong></span> <span class='ocrx_word' id='word_1_201' title='bbox 2340 1404 2513 1471; x_wconf 89' lang='lat' dir='ltr'><strong>ipsum</strong></span> <span class='ocrx_word' id='word_1_202' title='bbox 2561 1400 2836 1464; x_wconf 84' lang='lat' dir='ltr'><strong>adjuvare,</strong></span> <span class='ocrx_word' id='word_1_203' title='bbox 2871 1408 2924 1453; x_wconf 88' lang='lat' dir='ltr'><strong>et</strong></span> <span class='ocrx_word' id='word_1_204' title='bbox 2963 1398 3183 1451; x_wconf 87' lang='lat' dir='ltr'><strong>reddere</strong></span> <span class='ocrx_word' id='word_1_205' title='bbox 3233 1412 3429 1449; x_wconf 72' lang='lat' dir='ltr'><strong>exesos</strong></span> 
     </span>
    </p>
   </div>
   <div class='ocr_carea' id='block_1_30' title="bbox 1850 1485 3422 1563">
    <p class='ocr_par' dir='ltr' id='par_1_30' title="bbox 1850 1485 3422 1563">
     <span class='ocr_line' id='line_1_30' title="bbox 1850 1485 3422 1563; baseline -0.004 -18"><span class='ocrx_word' id='word_1_206' title='bbox 1850 1510 1942 1548; x_wconf 89' lang='lat' dir='ltr'><strong>eos</strong></span> <span class='ocrx_word' id='word_1_207' title='bbox 2009 1496 2099 1563; x_wconf 89' lang='lat' dir='ltr'><strong>qui</strong></span> <span class='ocrx_word' id='word_1_208' title='bbox 2153 1496 2490 1548; x_wconf 84' lang='lat' dir='ltr'><strong>Salvatorem</strong></span> <span class='ocrx_word' id='word_1_209' title='bbox 2545 1493 2819 1547; x_wconf 85' lang='lat' dir='ltr'><strong>Christum</strong></span> <span class='ocrx_word' id='word_1_210' title='bbox 2874 1485 3165 1544; x_wconf 78' lang='lat' dir='ltr'><strong>defendere</strong></span> <span class='ocrx_word' id='word_1_211' title='bbox 3221 1487 3422 1540; x_wconf 88' lang='lat' dir='ltr'><strong>volunt.</strong></span> 
     </span>
    </p>
   </div>
   <div class='ocr_carea' id='block_1_31' title="bbox 1852 1578 3422 1652">
    <p class='ocr_par' dir='ltr' id='par_1_31' title="bbox 1852 1578 3422 1652">
     <span class='ocr_line' id='line_1_31' title="bbox 1852 1578 3422 1652; baseline -0.006 -13"><span class='ocrx_word' id='word_1_212' title='bbox 1852 1584 2229 1639; x_wconf 84' lang='lat' dir='ltr'><strong>Verumtamen</strong></span> <span class='ocrx_word' id='word_1_213' title='bbox 2256 1586 2598 1652; x_wconf 83' lang='lat' dir='ltr'><strong>cogitandqu</strong></span> <span class='ocrx_word' id='word_1_214' title='bbox 2648 1592 2787 1647; x_wconf 89' lang='lat' dir='ltr'><strong>erat,</strong></span> <span class='ocrx_word' id='word_1_215' title='bbox 2830 1583 2972 1650; x_wconf 85' lang='lat' dir='ltr'><strong>quod</strong></span> <span class='ocrx_word' id='word_1_216' title='bbox 3025 1582 3305 1647; x_wconf 87' lang='lat' dir='ltr'><strong>increpare</strong></span> <span class='ocrx_word' id='word_1_217' title='bbox 3343 1578 3422 1630; x_wconf 86' lang='lat' dir='ltr'><strong>di-</strong></span> 
     </span>
    </p>
   </div>
   <div class='ocr_carea' id='block_1_32' title="bbox 1852 1668 3425 1742">
    <p class='ocr_par' dir='ltr' id='par_1_32' title="bbox 1852 1668 3425 1742">
     <span class='ocr_line' id='line_1_32' title="bbox 1852 1668 3425 1742; baseline -0.004 -14"><span class='ocrx_word' id='word_1_218' title='bbox 1852 1692 2003 1729; x_wconf 86' lang='lat' dir='ltr'><strong>versa</strong></span> <span class='ocrx_word' id='word_1_219' title='bbox 2039 1678 2316 1742; x_wconf 85' lang='lat' dir='ltr'><strong>docentes,</strong></span> <span class='ocrx_word' id='word_1_220' title='bbox 2350 1676 2691 1730; x_wconf 82' lang='lat' dir='ltr'><strong>cenciliasset</strong></span> <span class='ocrx_word' id='word_1_221' title='bbox 2734 1673 2865 1741; x_wconf 83' lang='lat' dir='ltr'><strong>ipsis</strong></span> <span class='ocrx_word' id='word_1_222' title='bbox 2917 1673 3117 1725; x_wconf 86' lang='lat' dir='ltr'><strong>amoris</strong></span> <span class='ocrx_word' id='word_1_223' title='bbox 3167 1670 3219 1723; x_wconf 90' lang='lat' dir='ltr'><strong>in</strong></span> <span class='ocrx_word' id='word_1_224' title='bbox 3266 1668 3425 1722; x_wconf 83' lang='lat' dir='ltr'><strong>Chri-</strong></span> 
     </span>
    </p>
   </div>
   <div class='ocr_carea' id='block_1_33' title="bbox 1849 1760 3422 1832">
    <p class='ocr_par' dir='ltr' id='par_1_33' title="bbox 1849 1760 3422 1832">
     <span class='ocr_line' id='line_1_33' title="bbox 1849 1760 3422 1832; baseline -0.006 -10"><span class='ocrx_word' id='word_1_225' title='bbox 1849 1778 1989 1822; x_wconf 87' lang='lat' dir='ltr'><strong>stum</strong></span> <span class='ocrx_word' id='word_1_226' title='bbox 2045 1768 2457 1823; x_wconf 87' lang='lat' dir='ltr'><strong>sinceritatem:</strong></span> <span class='ocrx_word' id='word_1_227' title='bbox 2515 1782 2655 1820; x_wconf 92' lang='lat' dir='ltr'><strong>nunc</strong></span> <span class='ocrx_word' id='word_1_228' title='bbox 2706 1774 2886 1818; x_wconf 87' lang='lat' dir='ltr'><strong>autem</strong></span> <span class='ocrx_word' id='word_1_229' title='bbox 2932 1769 3160 1832; x_wconf 80' lang='lat' dir='ltr'><strong>egerunt</strong></span> <span class='ocrx_word' id='word_1_230' title='bbox 3206 1760 3422 1829; x_wconf 82' lang='lat' dir='ltr'><strong>quidem</strong></span> 
     </span>
    </p>
   </div>
   <div class='ocr_carea' id='block_1_34' title="bbox 136 1835 1729 1929">
    <p class='ocr_par' dir='ltr' id='par_1_34' title="bbox 136 1855 1729 1929">
     <span class='ocr_line' id='line_1_34' title="bbox 136 1855 1729 1929; baseline 0.003 -22"><span class='ocrx_word' id='word_1_231' title='bbox 136 1858 233 1926; x_wconf 68' lang='grc' dir='ltr'>οὑχ</span> <span class='ocrx_word' id='word_1_232' title='bbox 274 1860 423 1929; x_wconf 80' lang='grc' dir='ltr'>ὅπερ</span> <span class='ocrx_word' id='word_1_233' title='bbox 451 1855 523 1929; x_wconf 81' lang='grc' dir='ltr'>ἦν</span> <span class='ocrx_word' id='word_1_234' title='bbox 549 1859 772 1928; x_wconf 79' lang='grc' dir='ltr'>ἄμεινον</span> <span class='ocrx_word' id='word_1_235' title='bbox 793 1876 805 1889; x_wconf 87' lang='grc'><strong>·</strong></span> <span class='ocrx_word' id='word_1_236' title='bbox 840 1858 1035 1912; x_wconf 80' lang='grc' dir='ltr'>πολλοῦ</span> <span class='ocrx_word' id='word_1_237' title='bbox 1066 1876 1127 1928; x_wconf 89' lang='grc' dir='ltr'><strong>γε</strong></span> <span class='ocrx_word' id='word_1_238' title='bbox 1155 1861 1246 1913; x_wconf 74' lang='grc' dir='ltr'><strong>καὶ</strong></span> <span class='ocrx_word' id='word_1_239' title='bbox 1274 1860 1379 1912; x_wconf 86' lang='grc' dir='ltr'>δεῖ’</span> <span class='ocrx_word' id='word_1_240' title='bbox 1418 1862 1729 1929; x_wconf 73' lang='grc' dir='ltr'>πεποίηνται</span> 
     </span>
    </p>
   </div>
   <div class='ocr_carea' id='block_1_35' title="bbox 1833 1835 3420 1929">
    <p class='ocr_par' dir='ltr' id='par_1_35' title="bbox 1852 1854 3420 1929">
     <span class='ocr_line' id='line_1_35' title="bbox 1852 1854 3420 1929; baseline -0.007 -15"><span class='ocrx_word' id='word_1_241' title='bbox 1852 1876 1956 1914; x_wconf 91' lang='lat' dir='ltr'><strong>non</strong></span> <span class='ocrx_word' id='word_1_242' title='bbox 2020 1862 2159 1928; x_wconf 91' lang='lat' dir='ltr'><strong>quod</strong></span> <span class='ocrx_word' id='word_1_243' title='bbox 2205 1861 2320 1915; x_wconf 81' lang='lat' dir='ltr'><strong>ﬁeri</strong></span> <span class='ocrx_word' id='word_1_244' title='bbox 2368 1860 2685 1929; x_wconf 86' lang='lat' dir='ltr'><strong>oportebat;</strong></span> <span class='ocrx_word' id='word_1_245' title='bbox 2757 1855 3015 1925; x_wconf 83' lang='lat' dir='ltr'><strong>quinam?</strong></span> <span class='ocrx_word' id='word_1_246' title='bbox 3070 1854 3195 1907; x_wconf 80' lang='lat' dir='ltr'><strong>lacti</strong></span> <span class='ocrx_word' id='word_1_247' title='bbox 3243 1861 3420 1905; x_wconf 85' lang='lat' dir='ltr'><strong>autem</strong></span> 
     </span>
    </p>
   </div>
   <div class='ocr_carea' id='block_1_36' title="bbox 132 1943 1736 2019">
    <p class='ocr_par' dir='ltr' id='par_1_36' title="bbox 132 1943 1736 2019">
     <span class='ocr_line' id='line_1_36' title="bbox 132 1943 1736 2019; baseline 0.004 -23"><span class='ocrx_word' id='word_1_248' title='bbox 132 1947 186 1998; x_wconf 70' lang='grc' dir='ltr'><strong>δὲ</strong></span> <span class='ocrx_word' id='word_1_249' title='bbox 226 1950 712 2018; x_wconf 83' lang='grc' dir='ltr'>πολεμιωτάτους,</span> <span class='ocrx_word' id='word_1_250' title='bbox 745 1943 820 2002; x_wconf 87' lang='grc' dir='ltr'>ὧν</span> <span class='ocrx_word' id='word_1_251' title='bbox 866 1952 914 2002; x_wconf 88' lang='grc' dir='ltr'><strong>εί</strong></span> <span class='ocrx_word' id='word_1_252' title='bbox 952 1950 1207 2017; x_wconf 86' lang='grc' dir='ltr'>γεγόνασι</span> <span class='ocrx_word' id='word_1_253' title='bbox 1250 1950 1507 2019; x_wconf 71' lang='grc' dir='ltr'>ζηλωταὶ,</span> <span class='ocrx_word' id='word_1_254' title='bbox 1550 1950 1736 2019; x_wconf 80' lang='grc' dir='ltr'>ἀνεδή-</span> 
     </span>
    </p>
   </div>
   <div class='ocr_carea' id='block_1_37' title="bbox 140 2040 1737 2112">
    <p class='ocr_par' dir='ltr' id='par_1_37' title="bbox 140 2040 1737 2112">
     <span class='ocr_line' id='line_1_37' title="bbox 140 2040 1737 2112; baseline 0.002 -22"><span class='ocrx_word' id='word_1_255' title='bbox 140 2056 301 2092; x_wconf 80' lang='grc' dir='ltr'>σαντο</span> <span class='ocrx_word' id='word_1_256' title='bbox 332 2040 405 2093; x_wconf 80' lang='grc' dir='ltr'>ἂν</span> <span class='ocrx_word' id='word_1_257' title='bbox 462 2042 564 2093; x_wconf 76' lang='grc' dir='ltr'><strong>σὺν</strong></span> <span class='ocrx_word' id='word_1_258' title='bbox 604 2044 793 2103; x_wconf 77' lang='grc' dir='ltr'>αὐτοῖς</span> <span class='ocrx_word' id='word_1_259' title='bbox 833 2044 934 2110; x_wconf 78' lang='grc' dir='ltr'><strong>τῆς</strong></span> <span class='ocrx_word' id='word_1_260' title='bbox 968 2042 1281 2112; x_wconf 82' lang='grc' dir='ltr'>ἀφθαρσίας</span> <span class='ocrx_word' id='word_1_261' title='bbox 1321 2044 1411 2095; x_wconf 78' lang='grc' dir='ltr'><strong>τὸν</strong></span> <span class='ocrx_word' id='word_1_262' title='bbox 1455 2042 1737 2111; x_wconf 81' lang='grc' dir='ltr'>στέφανον.</span> 
     </span>
    </p>
   </div>
   <div class='ocr_carea' id='block_1_38' title="bbox 144 2131 1740 2203">
    <p class='ocr_par' dir='ltr' id='par_1_38' title="bbox 144 2131 1740 2203">
     <span class='ocr_line' id='line_1_38' title="bbox 144 2131 1740 2203; baseline 0.001 -20"><span class='ocrx_word' id='word_1_263' title='bbox 144 2131 655 2202; x_wconf 77' lang='grc' dir='ltr'>Ἐπιλαμδάνονται</span> <span class='ocrx_word' id='word_1_264' title='bbox 682 2132 861 2185; x_wconf 88' lang='grc' dir='ltr'>τοίνυν</span> <span class='ocrx_word' id='word_1_265' title='bbox 885 2132 993 2183; x_wconf 90' lang='grc' dir='ltr'><strong>τῶν</strong></span> <span class='ocrx_word' id='word_1_266' title='bbox 1023 2132 1501 2203; x_wconf 83' lang='grc' dir='ltr'>ἀναθεμάτισμῶν,</span> <span class='ocrx_word' id='word_1_267' title='bbox 1531 2134 1605 2195; x_wconf 86' lang='grc' dir='ltr'><strong>ὡς</strong></span> <span class='ocrx_word' id='word_1_268' title='bbox 1640 2136 1740 2185; x_wconf 78' lang='grc' dir='ltr'><strong>οὐκ</strong></span> 
     </span>
    </p>
   </div>
   <div class='ocr_carea' id='block_1_39' title="bbox 129 2220 1738 2297">
    <p class='ocr_par' dir='ltr' id='par_1_39' title="bbox 129 2220 1738 2297">
     <span class='ocr_line' id='line_1_39' title="bbox 129 2220 1738 2297; baseline 0.001 -23"><span class='ocrx_word' id='word_1_269' title='bbox 129 2220 185 2275; x_wconf 75' lang='grc' dir='ltr'>εὗ</span> <span class='ocrx_word' id='word_1_270' title='bbox 220 2224 579 2292; x_wconf 78' lang='grc' dir='ltr'>γεγονότων·</span> <span class='ocrx_word' id='word_1_271' title='bbox 614 2225 711 2277; x_wconf 78' lang='grc' dir='ltr'><strong>καὶ</strong></span> <span class='ocrx_word' id='word_1_272' title='bbox 752 2224 815 2285; x_wconf 82' lang='grc' dir='ltr'><strong>δὴ</strong></span> <span class='ocrx_word' id='word_1_273' title='bbox 857 2226 953 2277; x_wconf 80' lang='grc' dir='ltr'>καὶ</span> <span class='ocrx_word' id='word_1_274' title='bbox 999 2224 1216 2294; x_wconf 79' lang='grc' dir='ltr'>ἑκάστῳ</span> <span class='ocrx_word' id='word_1_275' title='bbox 1264 2224 1602 2297; x_wconf 79' lang='grc' dir='ltr'>παραθέντες</span> <span class='ocrx_word' id='word_1_276' title='bbox 1646 2226 1738 2291; x_wconf 83' lang='grc' dir='ltr'><strong>ὲγ-</strong></span> 
     </span>
    </p>
   </div>
   <div class='ocr_carea' id='block_1_40' title="bbox 126 2315 1737 2386">
    <p class='ocr_par' dir='ltr' id='par_1_40' title="bbox 126 2315 1737 2386">
     <span class='ocr_line' id='line_1_40' title="bbox 126 2315 1737 2386; baseline 0.001 -19"><span class='ocrx_word' id='word_1_277' title='bbox 126 2316 359 2383; x_wconf 74' lang='grc' dir='ltr'>γράφως</span> <span class='ocrx_word' id='word_1_278' title='bbox 390 2315 467 2367; x_wconf 80' lang='grc' dir='ltr'>τὰ</span> <span class='ocrx_word' id='word_1_279' title='bbox 491 2316 593 2383; x_wconf 82' lang='grc' dir='ltr'>τῆς</span> <span class='ocrx_word' id='word_1_280' title='bbox 626 2316 836 2369; x_wconf 77' lang='grc' dir='ltr'>ἑαυτῶν</span> <span class='ocrx_word' id='word_1_281' title='bbox 861 2316 1101 2378; x_wconf 84' lang='grc' dir='ltr'>διανοίας</span> <span class='ocrx_word' id='word_1_282' title='bbox 1126 2318 1433 2386; x_wconf 72' lang='grc' dir='ltr'>εὑρήματα,</span> <span class='ocrx_word' id='word_1_283' title='bbox 1466 2319 1556 2369; x_wconf 70' lang='grc' dir='ltr'><strong>καὶ</strong></span> <span class='ocrx_word' id='word_1_284' title='bbox 1582 2319 1737 2369; x_wconf 70' lang='grc' dir='ltr'>ἀσυνο</span> 
     </span>
    </p>
   </div>
   <div class='ocr_carea' id='block_1_41' title="bbox 125 2406 1736 2481">
    <p class='ocr_par' dir='ltr' id='par_1_41' title="bbox 125 2406 1736 2477">
     <span class='ocr_line' id='line_1_41' title="bbox 125 2406 1736 2477; baseline 0.001 -21"><span class='ocrx_word' id='word_1_285' title='bbox 125 2406 279 2469; x_wconf 84' lang='grc' dir='ltr'>έτους</span> <span class='ocrx_word' id='word_1_286' title='bbox 325 2407 491 2468; x_wconf 81' lang='grc' dir='ltr'>τινὰς</span> <span class='ocrx_word' id='word_1_287' title='bbox 539 2407 946 2474; x_wconf 84' lang='grc' dir='ltr'>είκαιομυθίας,</span> <span class='ocrx_word' id='word_1_288' title='bbox 981 2408 1349 2477; x_wconf 87' lang='grc' dir='ltr'>συναρπάσειν</span> <span class='ocrx_word' id='word_1_289' title='bbox 1376 2408 1576 2460; x_wconf 79' lang='grc' dir='ltr'>οἴονται</span> <span class='ocrx_word' id='word_1_290' title='bbox 1610 2409 1736 2469; x_wconf 81' lang='grc' dir='ltr'>τοὺς</span> 
     </span>
    </p>
   </div>
   <div class='ocr_carea' id='block_1_42' title="bbox 124 2490 1734 2564">
    <p class='ocr_par' dir='ltr' id='par_1_42' title="bbox 124 2490 1734 2564">
     <span class='ocr_line' id='line_1_42' title="bbox 124 2490 1734 2564; baseline 0.004 -22"><span class='ocrx_word' id='word_1_291' title='bbox 124 2490 581 2560; x_wconf 74' lang='grc' dir='ltr'>ἐντευξομένους,</span> <span class='ocrx_word' id='word_1_292' title='bbox 614 2493 709 2543; x_wconf 81' lang='grc' dir='ltr'>καὶ</span> <span class='ocrx_word' id='word_1_293' title='bbox 737 2491 1116 2557; x_wconf 74' lang='grc' dir='ltr'>ἀϐασανίστως</span> <span class='ocrx_word' id='word_1_294' title='bbox 1150 2498 1261 2557; x_wconf 84' lang='grc' dir='ltr'>τοῖς</span> <span class='ocrx_word' id='word_1_295' title='bbox 1289 2496 1418 2564; x_wconf 80' lang='grc' dir='ltr'>παρ’</span> <span class='ocrx_word' id='word_1_296' title='bbox 1441 2496 1619 2548; x_wconf 77' lang='grc' dir='ltr'>αὐτῶν</span> <span class='ocrx_word' id='word_1_297' title='bbox 1650 2498 1734 2547; x_wconf 82' lang='grc' dir='ltr'><strong>ὲν-</strong></span> 
     </span>
    </p>
   </div>
   <div class='ocr_carea' id='block_1_43' title="bbox 123 2579 1732 2657">
    <p class='ocr_par' dir='ltr' id='par_1_43' title="bbox 123 2579 1732 2657">
     <span class='ocr_line' id='line_1_43' title="bbox 123 2579 1732 2657; baseline 0.004 -24"><span class='ocrx_word' id='word_1_298' title='bbox 123 2584 508 2652; x_wconf 76' lang='grc' dir='ltr'>τυγχάνοντας</span> <span class='ocrx_word' id='word_1_299' title='bbox 553 2582 756 2651; x_wconf 80' lang='grc' dir='ltr'>λόγοις.</span> <span class='ocrx_word' id='word_1_300' title='bbox 807 2579 916 2637; x_wconf 85' lang='grc' dir='ltr'>Ἦν</span> <span class='ocrx_word' id='word_1_301' title='bbox 965 2580 1057 2638; x_wconf 73' lang='grc' dir='ltr'><strong>οὖν</strong></span> <span class='ocrx_word' id='word_1_302' title='bbox 1106 2587 1400 2653; x_wconf 89' lang='grc' dir='ltr'>ἀναγκαῖον</span> <span class='ocrx_word' id='word_1_303' title='bbox 1439 2589 1533 2640; x_wconf 79' lang='grc' dir='ltr'><strong>καὶ</strong></span> <span class='ocrx_word' id='word_1_304' title='bbox 1584 2589 1732 2657; x_wconf 78' lang='grc' dir='ltr'>ἡμᾶς</span> 
     </span>
    </p>
   </div>
   <div class='ocr_carea' id='block_1_44' title="bbox 123 2662 1729 2749">
    <p class='ocr_par' dir='ltr' id='par_1_44' title="bbox 123 2662 1729 2749">
     <span class='ocr_line' id='line_1_44' title="bbox 123 2662 1729 2749; baseline 0.004 -24"><span class='ocrx_word' id='word_1_305' title='bbox 123 2675 323 2738; x_wconf 65' lang='grc' dir='ltr'>αὐτοὺς</span> <span class='ocrx_word' id='word_1_306' title='bbox 366 2674 836 2745; x_wconf 81' lang='grc' dir='ltr'>ἀντιπαρεξάγειν</span> <span class='ocrx_word' id='word_1_307' title='bbox 861 2674 926 2727; x_wconf 66' lang='grc' dir='ltr'><strong>’τὸ</strong></span> <span class='ocrx_word' id='word_1_308' title='bbox 956 2662 1175 2746; x_wconf 81' lang='grc' dir='ltr'>ἀληθὲς,</span> <span class='ocrx_word' id='word_1_309' title='bbox 1204 2680 1297 2730; x_wconf 71' lang='grc' dir='ltr'><strong>καὶ</strong></span> <span class='ocrx_word' id='word_1_310' title='bbox 1329 2680 1729 2749; x_wconf 84' lang='grc' dir='ltr'>ἀποκρούεσθαι</span> 
     </span>
    </p>
   </div>
   <div class='ocr_carea' id='block_1_45' title="bbox 121 2766 1729 2840">
    <p class='ocr_par' dir='ltr' id='par_1_45' title="bbox 121 2766 1729 2840">
     <span class='ocr_line' id='line_1_45' title="bbox 121 2766 1729 2840; baseline 0.006 -25"><span class='ocrx_word' id='word_1_311' title='bbox 121 2766 213 2834; x_wconf 67' lang='grc' dir='ltr'>τὴν</span> <span class='ocrx_word' id='word_1_312' title='bbox 250 2766 633 2836; x_wconf 76' lang='grc' dir='ltr'>κατάρῤησιν,</span> <span class='ocrx_word' id='word_1_313' title='bbox 657 2767 935 2837; x_wconf 81' lang='grc' dir='ltr'>ἀποφῆναί</span> <span class='ocrx_word' id='word_1_314' title='bbox 963 2786 1019 2821; x_wconf 87' lang='grc' dir='ltr'><strong>τε</strong></span> <span class='ocrx_word' id='word_1_315' title='bbox 1048 2768 1532 2839; x_wconf 84' lang='grc' dir='ltr'>φιλοσκώμμονας,</span> <span class='ocrx_word' id='word_1_316' title='bbox 1561 2771 1729 2840; x_wconf 73' lang='grc' dir='ltr'>ἤγουν</span> 
     </span>
    </p>
   </div>
   <div class='ocr_carea' id='block_1_46' title="bbox 120 2857 1728 2932">
    <p class='ocr_par' dir='ltr' id='par_1_46' title="bbox 120 2857 1728 2932">
     <span class='ocr_line' id='line_1_46' title="bbox 120 2857 1728 2932; baseline 0.006 -26"><span class='ocrx_word' id='word_1_317' title='bbox 120 2857 385 2926; x_wconf 74' lang='grc' dir='ltr'>ἀληθείας</span> <span class='ocrx_word' id='word_1_318' title='bbox 436 2858 743 2927; x_wconf 83' lang='grc' dir='ltr'>ὲρευνητὰς</span> <span class='ocrx_word' id='word_1_319' title='bbox 792 2862 919 2922; x_wconf 75' lang='grc' dir='ltr'>τοὺς</span> <span class='ocrx_word' id='word_1_320' title='bbox 948 2860 1013 2913; x_wconf 87' lang='grc' dir='ltr'>δι’</span> <span class='ocrx_word' id='word_1_321' title='bbox 1053 2861 1321 2923; x_wconf 76' lang='grc' dir='ltr'>ἐναντίας.</span> <span class='ocrx_word' id='word_1_322' title='bbox 1354 2863 1728 2932; x_wconf 85' lang='grc' dir='ltr'>Προτάξαντες</span> 
     </span>
    </p>
   </div>
   <div class='ocr_carea' id='block_1_47' title="bbox 121 2948 1725 3021">
    <p class='ocr_par' dir='ltr' id='par_1_47' title="bbox 121 2948 1725 3021">
     <span class='ocr_line' id='line_1_47' title="bbox 121 2948 1725 3021; baseline 0.006 -22"><span class='ocrx_word' id='word_1_323' title='bbox 121 2950 305 3000; x_wconf 84' lang='grc' dir='ltr'>τοίνυν</span> <span class='ocrx_word' id='word_1_324' title='bbox 352 2949 597 3001; x_wconf 73' lang='grc' dir='ltr'>ἕκαστον</span> <span class='ocrx_word' id='word_1_325' title='bbox 624 2950 734 3002; x_wconf 86' lang='grc' dir='ltr'><strong>τῶν</strong></span> <span class='ocrx_word' id='word_1_326' title='bbox 764 2952 1247 3021; x_wconf 81' lang='grc' dir='ltr'>ἀναθεματισμῶν,</span> <span class='ocrx_word' id='word_1_327' title='bbox 1277 2948 1394 3006; x_wconf 82' lang='grc' dir='ltr'>εἶτα</span> <span class='ocrx_word' id='word_1_328' title='bbox 1424 2954 1633 3017; x_wconf 82' lang='grc' dir='ltr'>τούτοις</span> <span class='ocrx_word' id='word_1_329' title='bbox 1658 2956 1725 3009; x_wconf 78' lang='grc' dir='ltr'>τὰ</span> 
     </span>
    </p>
   </div>
   <div class='ocr_carea' id='block_1_48' title="bbox 118 3040 1793 3123">
    <p class='ocr_par' dir='ltr' id='par_1_48' title="bbox 118 3040 1793 3123">
     <span class='ocr_line' id='line_1_48' title="bbox 118 3040 1793 3123; baseline 0.006 -33"><span class='ocrx_word' id='word_1_330' title='bbox 118 3042 249 3109; x_wconf 79' lang='grc' dir='ltr'>παρ’</span> <span class='ocrx_word' id='word_1_331' title='bbox 277 3040 517 3094; x_wconf 81' lang='grc' dir='ltr'>ἐκείνων</span> <span class='ocrx_word' id='word_1_332' title='bbox 552 3041 941 3111; x_wconf 81' lang='grc' dir='ltr'>συντεθειμένα</span> <span class='ocrx_word' id='word_1_333' title='bbox 975 3044 1356 3108; x_wconf 78' lang='grc' dir='ltr'>συντάξαντες,</span> <span class='ocrx_word' id='word_1_334' title='bbox 1386 3048 1723 3115; x_wconf 78' lang='grc' dir='ltr'>παρεζεύξα-</span> <span class='ocrx_word' id='word_1_335' title='bbox 1751 3066 1793 3123; x_wconf 77' lang='lat' dir='ltr'>C</span> 
     </span>
    </p>
   </div>
   <div class='ocr_carea' id='block_1_49' title="bbox 120 3132 1724 3207">
    <p class='ocr_par' dir='ltr' id='par_1_49' title="bbox 120 3132 1724 3207">
     <span class='ocr_line' id='line_1_49' title="bbox 120 3132 1724 3207; baseline 0.004 -23"><span class='ocrx_word' id='word_1_336' title='bbox 120 3149 218 3200; x_wconf 79' lang='grc' dir='ltr'><strong>μεν</strong></span> <span class='ocrx_word' id='word_1_337' title='bbox 246 3132 317 3184; x_wconf 82' lang='grc' dir='ltr'>τὰ</span> <span class='ocrx_word' id='word_1_338' title='bbox 350 3134 489 3203; x_wconf 84' lang='grc' dir='ltr'>παρ’</span> <span class='ocrx_word' id='word_1_339' title='bbox 516 3132 749 3197; x_wconf 77' lang='grc' dir='ltr'>ἑαυτῶν,</span> <span class='ocrx_word' id='word_1_340' title='bbox 780 3136 891 3196; x_wconf 82' lang='grc' dir='ltr'>τοῖς</span> <span class='ocrx_word' id='word_1_341' title='bbox 920 3134 1217 3201; x_wconf 84' lang='grc' dir='ltr'>τῶν-θείων</span> <span class='ocrx_word' id='word_1_342' title='bbox 1242 3137 1474 3206; x_wconf 76' lang='grc' dir='ltr'>Γραφῶν</span> <span class='ocrx_word' id='word_1_343' title='bbox 1502 3140 1724 3207; x_wconf 76' lang='grc' dir='ltr'><strong>ὲπιστή⁴</strong></span> 
     </span>
    </p>
   </div>
   <div class='ocr_carea' id='block_1_50' title="bbox 121 3224 1722 3298">
    <p class='ocr_par' dir='ltr' id='par_1_50' title="bbox 121 3224 1722 3298">
     <span class='ocr_line' id='line_1_50' title="bbox 121 3224 1722 3298; baseline 0.004 -23"><span class='ocrx_word' id='word_1_344' title='bbox 121 3241 265 3289; x_wconf 85' lang='grc' dir='ltr'>μοσι,</span> <span class='ocrx_word' id='word_1_345' title='bbox 290 3226 586 3287; x_wconf 81' lang='grc' dir='ltr'>δικασταῖς</span> <span class='ocrx_word' id='word_1_346' title='bbox 611 3226 773 3277; x_wconf 76' lang='grc' dir='ltr'>οίονεὶ</span> <span class='ocrx_word' id='word_1_347' title='bbox 800 3224 1091 3296; x_wconf 87' lang='grc' dir='ltr'>χρώμενοι,</span> <span class='ocrx_word' id='word_1_348' title='bbox 1120 3228 1212 3279; x_wconf 74' lang='grc' dir='ltr'><strong>καὶ</strong></span> <span class='ocrx_word' id='word_1_349' title='bbox 1239 3228 1417 3298; x_wconf 69' lang='grc' dir='ltr'>ψῆφον</span> <span class='ocrx_word' id='word_1_350' title='bbox 1444 3228 1722 3293; x_wconf 74' lang='grc' dir='ltr'>αἰτοῦντες</span> 
     </span>
    </p>
   </div>
   <div class='ocr_carea' id='block_1_51' title="bbox 118 3316 1720 3389">
    <p class='ocr_par' dir='ltr' id='par_1_51' title="bbox 118 3316 1720 3389">
     <span class='ocr_line' id='line_1_51' title="bbox 118 3316 1720 3389; baseline 0.007 -25"><span class='ocrx_word' id='word_1_351' title='bbox 118 3316 285 3384; x_wconf 71' lang='grc' dir='ltr'>ὀρθήν</span> <span class='ocrx_word' id='word_1_352' title='bbox 326 3333 392 3368; x_wconf 89' lang='grc' dir='ltr'><strong>τε</strong></span> <span class='ocrx_word' id='word_1_353' title='bbox 426 3317 525 3368; x_wconf 65' lang='grc' dir='ltr'>καὶ</span> <span class='ocrx_word' id='word_1_354' title='bbox 573 3316 979 3386; x_wconf 77' lang='grc' dir='ltr'>ἀνεπίπληκτον</span> <span class='ocrx_word' id='word_1_355' title='bbox 1028 3318 1181 3389; x_wconf 83' lang='grc' dir='ltr'>παρὰ</span> <span class='ocrx_word' id='word_1_356' title='bbox 1230 3321 1338 3373; x_wconf 86' lang='grc' dir='ltr'><strong>τῶν</strong></span> <span class='ocrx_word' id='word_1_357' title='bbox 1371 3322 1589 3375; x_wconf 79' lang='grc' dir='ltr'>εἰδότων</span> <span class='ocrx_word' id='word_1_358' title='bbox 1622 3323 1720 3376; x_wconf 61' lang='grc' dir='ltr'>τὴν</span> 
     </span>
    </p>
   </div>
   <div class='ocr_carea' id='block_1_52' title="bbox 117 3407 403 3477">
    <p class='ocr_par' dir='ltr' id='par_1_52' title="bbox 117 3407 403 3477">
     <span class='ocr_line' id='line_1_52' title="bbox 117 3407 403 3477; baseline 0 -18"><span class='ocrx_word' id='word_1_359' title='bbox 117 3407 403 3477; x_wconf 77' lang='grc' dir='ltr'>ἀληθειαν.</span> 
     </span>
    </p>
   </div>
   <div class='ocr_carea' id='block_1_53' title="bbox 568 3520 1278 3577">
    <p class='ocr_par' dir='ltr' id='par_1_53' title="bbox 568 3520 1278 3577">
     <span class='ocr_line' id='line_1_53' title="bbox 568 3520 1278 3577; baseline 0.008 -6"><span class='ocrx_word' id='word_1_360' title='bbox 568 3520 1161 3575; x_wconf 78' lang='grc' dir='ltr'><strong>ΑΝΑΘΕΜΑΤῙΣΜΟΣ</strong></span> <span class='ocrx_word' id='word_1_361' title='bbox 1201 3528 1278 3577; x_wconf 79' lang='lat' dir='ltr'><strong>A’.</strong></span> 
     </span>
    </p>
   </div>
   <div class='ocr_carea' id='block_1_54' title="bbox 178 3628 1717 3707">
    <p class='ocr_par' dir='ltr' id='par_1_54' title="bbox 178 3628 1717 3707">
     <span class='ocr_line' id='line_1_54' title="bbox 178 3628 1717 3707; baseline 0.007 -24"><span class='ocrx_word' id='word_1_362' title='bbox 178 3630 253 3683; x_wconf 76' lang='grc' dir='ltr'>Εἴ</span> <span class='ocrx_word' id='word_1_363' title='bbox 276 3647 364 3694; x_wconf 90' lang='grc' dir='ltr'><strong>τις</strong></span> <span class='ocrx_word' id='word_1_364' title='bbox 398 3629 503 3698; x_wconf 70' lang='grc' dir='ltr'>οὐχ</span> <span class='ocrx_word' id='word_1_365' title='bbox 538 3629 797 3699; x_wconf 83' lang='grc' dir='ltr'>ὁμολογεί</span> <span class='ocrx_word' id='word_1_366' title='bbox 830 3629 963 3682; x_wconf 87' lang='grc' dir='ltr'>Θεὸν</span> <span class='ocrx_word' id='word_1_367' title='bbox 995 3628 1133 3684; x_wconf 75' lang='grc' dir='ltr'>εἶναι</span> <span class='ocrx_word' id='word_1_368' title='bbox 1166 3636 1307 3687; x_wconf 80' lang='grc' dir='ltr'>κατὰ</span> <span class='ocrx_word' id='word_1_369' title='bbox 1337 3636 1593 3707; x_wconf 81' lang='grc' dir='ltr'>ἀλήθειαν</span> <span class='ocrx_word' id='word_1_370' title='bbox 1624 3642 1717 3694; x_wconf 81' lang='grc' dir='ltr'>τὸν</span> 
     </span>
    </p>
   </div>
   <div class='ocr_carea' id='block_1_55' title="bbox 126 3722 1713 3803">
    <p class='ocr_par' dir='ltr' id='par_1_55' title="bbox 126 3722 1713 3803">
     <span class='ocr_line' id='line_1_55' title="bbox 126 3722 1713 3803; baseline 0.004 -26"><span class='ocrx_word' id='word_1_371' title='bbox 126 3722 514 3793; x_wconf 77' lang='grc' dir='ltr'>Ἑμμανουὴλ,</span> <span class='ocrx_word' id='word_1_372' title='bbox 544 3723 640 3774; x_wconf 77' lang='grc' dir='ltr'><strong>καὶ</strong></span> <span class='ocrx_word' id='word_1_373' title='bbox 667 3722 755 3775; x_wconf 78' lang='grc' dir='ltr'><strong>διὰ</strong></span> <span class='ocrx_word' id='word_1_374' title='bbox 784 3723 940 3777; x_wconf 78' lang='grc' dir='ltr'>τοῦτο</span> <span class='ocrx_word' id='word_1_375' title='bbox 965 3725 1229 3779; x_wconf 85' lang='grc' dir='ltr'>Θεοτόκον</span> <span class='ocrx_word' id='word_1_376' title='bbox 1252 3728 1349 3797; x_wconf 82' lang='grc' dir='ltr'>τὴν</span> <span class='ocrx_word' id='word_1_377' title='bbox 1385 3729 1545 3797; x_wconf 83' lang='grc' dir='ltr'>ἁγίαν</span> <span class='ocrx_word' id='word_1_378' title='bbox 1571 3734 1713 3803; x_wconf 51' lang='grc' dir='ltr'>[Ιαριν</span> 
     </span>
    </p>
   </div>
   <div class='ocr_carea' id='block_1_56' title="bbox 114 3815 1713 3888">
    <p class='ocr_par' dir='ltr' id='par_1_56' title="bbox 114 3815 1713 3888">
     <span class='ocr_line' id='line_1_56' title="bbox 114 3815 1713 3888; baseline 0.007 -21"><span class='ocrx_word' id='word_1_379' title='bbox 114 3815 284 3869; x_wconf 75' lang='grc' dir='ltr'>Οένον’</span> <span class='ocrx_word' id='word_1_380' title='bbox 321 3815 637 3885; x_wconf 83' lang='grc' dir='ltr'>γεγέννηκε</span> <span class='ocrx_word' id='word_1_381' title='bbox 668 3815 777 3885; x_wconf 86' lang='grc' dir='ltr'>γὰρ</span> <span class='ocrx_word' id='word_1_382' title='bbox 809 3818 1086 3884; x_wconf 88' lang='grc' dir='ltr'>σαρκικῶς</span> <span class='ocrx_word' id='word_1_383' title='bbox 1116 3818 1298 3886; x_wconf 86' lang='grc' dir='ltr'>σάρκα</span> <span class='ocrx_word' id='word_1_384' title='bbox 1330 3823 1590 3888; x_wconf 83' lang='grc' dir='ltr'>γεγονότα</span> <span class='ocrx_word' id='word_1_385' title='bbox 1622 3825 1713 3879; x_wconf 76' lang='grc' dir='ltr'>τὸν</span> 
     </span>
    </p>
   </div>
   <div class='ocr_carea' id='block_1_57' title="bbox 108 3907 1261 3979">
    <p class='ocr_par' dir='ltr' id='par_1_57' title="bbox 108 3907 1261 3979">
     <span class='ocr_line' id='line_1_57' title="bbox 108 3907 1261 3979; baseline 0 -15"><span class='ocrx_word' id='word_1_386' title='bbox 108 3910 172 3964; x_wconf 72' lang='grc' dir='ltr'>ὲκ</span> <span class='ocrx_word' id='word_1_387' title='bbox 194 3907 334 3962; x_wconf 78' lang='grc' dir='ltr'>Θεοῦ</span> <span class='ocrx_word' id='word_1_388' title='bbox 366 3908 590 3977; x_wconf 81' lang='grc' dir='ltr'>Πατρὸς</span> <span class='ocrx_word' id='word_1_389' title='bbox 619 3908 792 3974; x_wconf 85' lang='grc' dir='ltr'>Λόγον</span> <span class='ocrx_word' id='word_1_390' title='bbox 811 3923 825 3936; x_wconf 74' lang='grc' dir='ltr'><strong><em>ο</em></strong></span> <span class='ocrx_word' id='word_1_391' title='bbox 847 3909 1091 3979; x_wconf 82' lang='grc' dir='ltr'>ἀνάθεμα</span> <span class='ocrx_word' id='word_1_392' title='bbox 1120 3910 1261 3964; x_wconf 77' lang='grc' dir='ltr'>ἔστω</span> 
     </span>
    </p>
   </div>
   <div class='ocr_carea' id='block_1_58' title="bbox 434 4016 1408 4086">
    <p class='ocr_par' dir='ltr' id='par_1_58' title="bbox 434 4016 1408 4086">
     <span class='ocr_line' id='line_1_58' title="bbox 434 4016 1408 4086; baseline 0.004 -15"><span class='ocrx_word' id='word_1_393' title='bbox 434 4018 803 4086; x_wconf 78' lang='grc' dir='ltr'>Αντίρῤησις</span> <span class='ocrx_word' id='word_1_394' title='bbox 836 4016 955 4069; x_wconf 84' lang='grc' dir='ltr'>τῶν</span> <span class='ocrx_word' id='word_1_395' title='bbox 1000 4020 1408 4075; x_wconf 75' lang='grc' dir='ltr'>Ἀνατολικῶν.</span> 
     </span>
    </p>
   </div>
   <div class='ocr_carea' id='block_1_59' title="bbox 175 4130 1708 4201">
    <p class='ocr_par' dir='ltr' id='par_1_59' title="bbox 175 4130 1708 4201">
     <span class='ocr_line' id='line_1_59' title="bbox 175 4130 1708 4201; baseline 0.004 -17"><span class='ocrx_word' id='word_1_396' title='bbox 175 4134 286 4186; x_wconf 72' lang='grc' dir='ltr'>Καὶ</span> <span class='ocrx_word' id='word_1_397' title='bbox 332 4131 425 4193; x_wconf 85' lang='grc' dir='ltr'><strong>τίς</strong></span> <span class='ocrx_word' id='word_1_398' title='bbox 479 4130 789 4200; x_wconf 83' lang='grc' dir='ltr'>σαρκικῶς,</span> <span class='ocrx_word' id='word_1_399' title='bbox 829 4131 1005 4201; x_wconf 85' lang='grc' dir='ltr'>σάρκα</span> <span class='ocrx_word' id='word_1_400' title='bbox 1038 4132 1298 4199; x_wconf 82' lang='grc' dir='ltr'>γεγονότα</span> <span class='ocrx_word' id='word_1_401' title='bbox 1341 4134 1430 4187; x_wconf 80' lang='grc' dir='ltr'><strong>τὸν</strong></span> <span class='ocrx_word' id='word_1_402' title='bbox 1479 4138 1541 4188; x_wconf 84' lang='grc' dir='ltr'>ὲκ</span> <span class='ocrx_word' id='word_1_403' title='bbox 1573 4137 1708 4190; x_wconf 83' lang='grc' dir='ltr'>Θεοῦ</span> 
     </span>
    </p>
   </div>
   <div class='ocr_carea' id='block_1_60' title="bbox 112 4221 1708 4296">
    <p class='ocr_par' dir='ltr' id='par_1_60' title="bbox 112 4221 1708 4296">
     <span class='ocr_line' id='line_1_60' title="bbox 112 4221 1708 4296; baseline -0.006 -20"><span class='ocrx_word' id='word_1_404' title='bbox 112 4224 299 4290; x_wconf 71' lang='grc' dir='ltr'>Λόγον,</span> <span class='ocrx_word' id='word_1_405' title='bbox 326 4221 707 4291; x_wconf 82' lang='grc' dir='ltr'>ἀποτετέχθαι</span> <span class='ocrx_word' id='word_1_406' title='bbox 738 4221 1258 4292; x_wconf 77' lang='grc' dir='ltr'>συνομολογήσειεν;</span> <span class='ocrx_word' id='word_1_407' title='bbox 1288 4224 1351 4277; x_wconf 75' lang='lat' dir='ltr'><strong>El</strong></span> <span class='ocrx_word' id='word_1_408' title='bbox 1379 4224 1487 4296; x_wconf 78' lang='grc' dir='ltr'>γὰρ</span> <span class='ocrx_word' id='word_1_409' title='bbox 1516 4243 1708 4296; x_wconf 75' lang='grc' dir='ltr'>σαρκι-</span> 
     </span>
    </p>
   </div>
   <div class='ocr_carea' id='block_1_61' title="bbox 111 4314 1709 4388">
    <p class='ocr_par' dir='ltr' id='par_1_61' title="bbox 111 4314 1709 4388">
     <span class='ocr_line' id='line_1_61' title="bbox 111 4314 1709 4388; baseline 0.001 -19"><span class='ocrx_word' id='word_1_410' title='bbox 111 4318 213 4380; x_wconf 78' lang='grc' dir='ltr'><strong>κῶς</strong></span> <span class='ocrx_word' id='word_1_411' title='bbox 247 4317 580 4384; x_wconf 72' lang='grc' dir='ltr'>ἐγέννησεν,</span> <span class='ocrx_word' id='word_1_412' title='bbox 615 4314 801 4366; x_wconf 73' lang='grc' dir='ltr'>οὐκέτι</span> <span class='ocrx_word' id='word_1_413' title='bbox 831 4314 973 4366; x_wconf 80' lang='grc' dir='ltr'>κατὰ</span> <span class='ocrx_word' id='word_1_414' title='bbox 1019 4315 1286 4385; x_wconf 82' lang='grc' dir='ltr'>παρθένον</span> <span class='ocrx_word' id='word_1_415' title='bbox 1308 4335 1321 4347; x_wconf 89' lang='grc'><strong>·</strong></span> <span class='ocrx_word' id='word_1_416' title='bbox 1350 4316 1443 4369; x_wconf 76' lang='grc' dir='ltr'><strong>καὶ</strong></span> <span class='ocrx_word' id='word_1_417' title='bbox 1483 4318 1585 4370; x_wconf 83' lang='grc' dir='ltr'>ποῦ</span> <span class='ocrx_word' id='word_1_418' title='bbox 1620 4318 1709 4388; x_wconf 87' lang='grc' dir='ltr'><strong>θή-</strong></span> 
     </span>
    </p>
   </div>
   <div class='ocr_carea' id='block_1_62' title="bbox 1845 1945 3424 2019">
    <p class='ocr_par' dir='ltr' id='par_1_62' title="bbox 1845 1945 3424 2019">
     <span class='ocr_line' id='line_1_62' title="bbox 1845 1945 3424 2019; baseline -0.007 -13"><span class='ocrx_word' id='word_1_419' title='bbox 1845 1963 1971 2006; x_wconf 86' lang='lat' dir='ltr'><strong>sunt</strong></span> <span class='ocrx_word' id='word_1_420' title='bbox 2004 1952 2346 2006; x_wconf 80' lang='lat' dir='ltr'><strong>infensissimi</strong></span> <span class='ocrx_word' id='word_1_421' title='bbox 2401 1952 2503 2015; x_wconf 88' lang='lat' dir='ltr'><strong>his,</strong></span> <span class='ocrx_word' id='word_1_422' title='bbox 2536 1966 2763 2019; x_wconf 90' lang='lat' dir='ltr'><strong>quorum</strong></span> <span class='ocrx_word' id='word_1_423' title='bbox 2820 1949 2863 2003; x_wconf 91' lang='lat' dir='ltr'><strong>si</strong></span> <span class='ocrx_word' id='word_1_424' title='bbox 2913 1948 3139 2001; x_wconf 81' lang='lat' dir='ltr'><strong>fuissent</strong></span> <span class='ocrx_word' id='word_1_425' title='bbox 3188 1945 3424 1997; x_wconf 85' lang='lat' dir='ltr'><strong>imitato-</strong></span> 
     </span>
    </p>
   </div>
   <div class='ocr_carea' id='block_1_63' title="bbox 1845 2036 3421 2107">
    <p class='ocr_par' dir='ltr' id='par_1_63' title="bbox 1845 2036 3421 2107">
     <span class='ocr_line' id='line_1_63' title="bbox 1845 2036 3421 2107; baseline -0.007 -8"><span class='ocrx_word' id='word_1_426' title='bbox 1845 2061 1952 2107; x_wconf 83' lang='lat' dir='ltr'><strong>res,</strong></span> <span class='ocrx_word' id='word_1_427' title='bbox 1988 2044 2411 2099; x_wconf 86' lang='lat' dir='ltr'><strong>immortalitatis</strong></span> <span class='ocrx_word' id='word_1_428' title='bbox 2451 2058 2647 2095; x_wconf 83' lang='lat' dir='ltr'><strong>corona</strong></span> <span class='ocrx_word' id='word_1_429' title='bbox 2700 2056 2819 2094; x_wconf 86' lang='lat' dir='ltr'><strong>cum</strong></span> <span class='ocrx_word' id='word_1_430' title='bbox 2871 2040 3003 2107; x_wconf 88' lang='lat' dir='ltr'><strong>ipsis</strong></span> <span class='ocrx_word' id='word_1_431' title='bbox 3052 2038 3285 2092; x_wconf 90' lang='lat' dir='ltr'><strong>redimiti</strong></span> <span class='ocrx_word' id='word_1_432' title='bbox 3344 2036 3421 2089; x_wconf 77' lang='grc' dir='ltr'><strong>[ο-</strong></span> 
     </span>
    </p>
   </div>
   <div class='ocr_carea' id='block_1_64' title="bbox 1844 2128 3415 2203">
    <p class='ocr_par' dir='ltr' id='par_1_64' title="bbox 1844 2128 3415 2203">
     <span class='ocr_line' id='line_1_64' title="bbox 1844 2128 3415 2203; baseline -0.006 -15"><span class='ocrx_word' id='word_1_433' title='bbox 1844 2144 1984 2192; x_wconf 84' lang='lat' dir='ltr'><strong>rent.</strong></span> <span class='ocrx_word' id='word_1_434' title='bbox 2013 2133 2198 2203; x_wconf 85' lang='lat' dir='ltr'><strong>Itaque</strong></span> <span class='ocrx_word' id='word_1_435' title='bbox 2245 2133 2732 2187; x_wconf 82' lang='lat' dir='ltr'><strong>anathematismos</strong></span> <span class='ocrx_word' id='word_1_436' title='bbox 2782 2131 3218 2201; x_wconf 85' lang='lat' dir='ltr'><strong>reprehendunt,</strong></span> <span class='ocrx_word' id='word_1_437' title='bbox 3263 2128 3415 2195; x_wconf 83' lang='lat' dir='ltr'><strong>quasi</strong></span> 
     </span>
    </p>
   </div>
   <div class='ocr_carea' id='block_1_65' title="bbox 1845 2222 3419 2293">
    <p class='ocr_par' dir='ltr' id='par_1_65' title="bbox 1845 2222 3419 2293">
     <span class='ocr_line' id='line_1_65' title="bbox 1845 2222 3419 2293; baseline -0.004 -14"><span class='ocrx_word' id='word_1_438' title='bbox 1845 2242 1949 2280; x_wconf 94' lang='lat' dir='ltr'><strong>non</strong></span> <span class='ocrx_word' id='word_1_439' title='bbox 2002 2236 2149 2279; x_wconf 88' lang='lat' dir='ltr'><strong>recte</strong></span> <span class='ocrx_word' id='word_1_440' title='bbox 2199 2226 2478 2279; x_wconf 86' lang='lat' dir='ltr'><strong>habeant:</strong></span> <span class='ocrx_word' id='word_1_441' title='bbox 2535 2238 2692 2293; x_wconf 86' lang='lat' dir='ltr'><strong>atque</strong></span> <span class='ocrx_word' id='word_1_442' title='bbox 2740 2225 2901 2277; x_wconf 83' lang='lat' dir='ltr'><strong>etiam</strong></span> <span class='ocrx_word' id='word_1_443' title='bbox 2956 2222 3250 2288; x_wconf 92' lang='lat' dir='ltr'><strong>unicuique</strong></span> <span class='ocrx_word' id='word_1_444' title='bbox 3309 2234 3419 2272; x_wconf 81' lang='lat' dir='ltr'><strong>sua:</strong></span> 
     </span>
    </p>
   </div>
   <div class='ocr_carea' id='block_1_66' title="bbox 1842 2309 3419 2382">
    <p class='ocr_par' dir='ltr' id='par_1_66' title="bbox 1842 2309 3419 2382">
     <span class='ocr_line' id='line_1_66' title="bbox 1842 2309 3419 2382; baseline -0.003 -14"><span class='ocrx_word' id='word_1_445' title='bbox 1842 2318 2038 2371; x_wconf 79' lang='lat' dir='ltr'><strong>mentis</strong></span> <span class='ocrx_word' id='word_1_446' title='bbox 2066 2317 2507 2379; x_wconf 87' lang='lat' dir='ltr'><strong>adinveutiones,</strong></span> <span class='ocrx_word' id='word_1_447' title='bbox 2550 2329 2604 2369; x_wconf 93' lang='lat' dir='ltr'><strong>ct</strong></span> <span class='ocrx_word' id='word_1_448' title='bbox 2633 2314 2831 2368; x_wconf 86' lang='lat' dir='ltr'><strong>stultas</strong></span> <span class='ocrx_word' id='word_1_449' title='bbox 2866 2312 3126 2382; x_wconf 89' lang='lat' dir='ltr'><strong>quasdam</strong></span> <span class='ocrx_word' id='word_1_450' title='bbox 3164 2326 3227 2363; x_wconf 89' lang='lat' dir='ltr'><strong>ac</strong></span> <span class='ocrx_word' id='word_1_451' title='bbox 3255 2309 3419 2364; x_wconf 87' lang='lat' dir='ltr'><strong>l&#39;rivo-</strong></span> 
     </span>
    </p>
   </div>
   <div class='ocr_carea' id='block_1_67' title="bbox 1838 2406 3418 2474">
    <p class='ocr_par' dir='ltr' id='par_1_67' title="bbox 1838 2406 3418 2474">
     <span class='ocr_line' id='line_1_67' title="bbox 1838 2406 3418 2474; baseline -0.003 -13"><span class='ocrx_word' id='word_1_452' title='bbox 1838 2408 1918 2462; x_wconf 83' lang='lat' dir='ltr'><strong>las</strong></span> <span class='ocrx_word' id='word_1_453' title='bbox 1972 2407 2331 2462; x_wconf 75' lang='lat' dir='ltr'><strong>fabulatioues</strong></span> <span class='ocrx_word' id='word_1_454' title='bbox 2381 2408 2668 2462; x_wconf 81' lang='lat' dir='ltr'><strong>scribendo</strong></span> <span class='ocrx_word' id='word_1_455' title='bbox 2730 2414 3118 2474; x_wconf 74' lang='lat' dir='ltr'><strong>appositerunt,</strong></span> <span class='ocrx_word' id='word_1_456' title='bbox 3181 2406 3305 2466; x_wconf 88' lang='lat' dir='ltr'><strong>rati,</strong></span> <span class='ocrx_word' id='word_1_457' title='bbox 3357 2417 3418 2457; x_wconf 83' lang='lat' dir='ltr'><strong>se</strong></span> 
     </span>
    </p>
   </div>
   <div class='ocr_carea' id='block_1_68' title="bbox 1836 2495 3416 2565">
    <p class='ocr_par' dir='ltr' id='par_1_68' title="bbox 1836 2495 3416 2565">
     <span class='ocr_line' id='line_1_68' title="bbox 1836 2495 3416 2565; baseline -0.004 -14"><span class='ocrx_word' id='word_1_458' title='bbox 1836 2512 1932 2565; x_wconf 89' lang='lat' dir='ltr'><strong>per</strong></span> <span class='ocrx_word' id='word_1_459' title='bbox 1968 2498 2213 2552; x_wconf 82' lang='lat' dir='ltr'><strong>fraudem</strong></span> <span class='ocrx_word' id='word_1_460' title='bbox 2264 2508 2596 2551; x_wconf 82' lang='lat' dir='ltr'><strong>attracturos</strong></span> <span class='ocrx_word' id='word_1_461' title='bbox 2644 2497 2901 2549; x_wconf 90' lang='lat' dir='ltr'><strong>librorum</strong></span> <span class='ocrx_word' id='word_1_462' title='bbox 2949 2510 3170 2547; x_wconf 90' lang='lat' dir='ltr'><strong>suorum</strong></span> <span class='ocrx_word' id='word_1_463' title='bbox 3210 2495 3416 2561; x_wconf 86' lang='lat' dir='ltr'><strong>impru-</strong></span> 
     </span>
    </p>
   </div>
   <div class='ocr_carea' id='block_1_69' title="bbox 1836 2583 3416 2657">
    <p class='ocr_par' dir='ltr' id='par_1_69' title="bbox 1836 2583 3416 2657">
     <span class='ocr_line' id='line_1_69' title="bbox 1836 2583 3416 2657; baseline -0.004 -16"><span class='ocrx_word' id='word_1_464' title='bbox 1836 2587 2023 2642; x_wconf 85' lang='lat' dir='ltr'><strong>dentes</strong></span> <span class='ocrx_word' id='word_1_465' title='bbox 2080 2588 2336 2642; x_wconf 85' lang='lat' dir='ltr'><strong>lectores.</strong></span> <span class='ocrx_word' id='word_1_466' title='bbox 2380 2589 2565 2657; x_wconf 80' lang='lat' dir='ltr'><strong>Itaque</strong></span> <span class='ocrx_word' id='word_1_467' title='bbox 2614 2595 2668 2641; x_wconf 94' lang='lat' dir='ltr'><strong>et</strong></span> <span class='ocrx_word' id='word_1_468' title='bbox 2717 2586 2871 2640; x_wconf 87' lang='lat' dir='ltr'><strong>nobis</strong></span> <span class='ocrx_word' id='word_1_469' title='bbox 2915 2584 3276 2639; x_wconf 87' lang='lat' dir='ltr'><strong>necessarium</strong></span> <span class='ocrx_word' id='word_1_470' title='bbox 3315 2583 3416 2635; x_wconf 80' lang='lat' dir='ltr'><strong>fuit</strong></span> 
     </span>
    </p>
   </div>
   <div class='ocr_carea' id='block_1_70' title="bbox 1834 2673 3415 2749">
    <p class='ocr_par' dir='ltr' id='par_1_70' title="bbox 1834 2673 3415 2749">
     <span class='ocr_line' id='line_1_70' title="bbox 1834 2673 3415 2749; baseline -0.005 -16"><span class='ocrx_word' id='word_1_471' title='bbox 1834 2694 1865 2733; x_wconf 87' lang='lat' dir='ltr'><strong>e</strong></span> <span class='ocrx_word' id='word_1_472' title='bbox 1895 2680 2109 2732; x_wconf 87' lang='lat' dir='ltr'><strong>diverso</strong></span> <span class='ocrx_word' id='word_1_473' title='bbox 2154 2680 2437 2733; x_wconf 86' lang='lat' dir='ltr'><strong>veritatem</strong></span> <span class='ocrx_word' id='word_1_474' title='bbox 2476 2692 2771 2749; x_wconf 87' lang='lat' dir='ltr'><strong>opponere,</strong></span> <span class='ocrx_word' id='word_1_475' title='bbox 2813 2688 2864 2731; x_wconf 89' lang='lat' dir='ltr'><strong>et</strong></span> <span class='ocrx_word' id='word_1_476' title='bbox 2910 2676 3124 2729; x_wconf 85' lang='lat' dir='ltr'><strong>illorum</strong></span> <span class='ocrx_word' id='word_1_477' title='bbox 3168 2673 3415 2727; x_wconf 76' lang='lat' dir='ltr'><strong>refellere</strong></span> 
     </span>
    </p>
   </div>
   <div class='ocr_carea' id='block_1_71' title="bbox 1832 2762 3417 2834">
    <p class='ocr_par' dir='ltr' id='par_1_71' title="bbox 1832 2762 3417 2834">
     <span class='ocr_line' id='line_1_71' title="bbox 1832 2762 3417 2834; baseline -0.005 -12"><span class='ocrx_word' id='word_1_478' title='bbox 1832 2767 2256 2834; x_wconf 89' lang='lat' dir='ltr'><strong>oblocutionem,</strong></span> <span class='ocrx_word' id='word_1_479' title='bbox 2294 2784 2357 2823; x_wconf 92' lang='lat' dir='ltr'><strong>ac</strong></span> <span class='ocrx_word' id='word_1_480' title='bbox 2396 2770 2685 2823; x_wconf 86' lang='lat' dir='ltr'><strong>ostendere</strong></span> <span class='ocrx_word' id='word_1_481' title='bbox 2722 2767 2844 2821; x_wconf 89' lang='lat' dir='ltr'><strong>illos</strong></span> <span class='ocrx_word' id='word_1_482' title='bbox 2871 2764 3174 2820; x_wconf 85' lang='lat' dir='ltr'><strong>dicacitatis</strong></span> <span class='ocrx_word' id='word_1_483' title='bbox 3210 2762 3417 2817; x_wconf 82' lang='lat' dir='ltr'><strong>studio—</strong></span> 
     </span>
    </p>
   </div>
   <div class='ocr_carea' id='block_1_72' title="bbox 1830 2857 3410 2926">
    <p class='ocr_par' dir='ltr' id='par_1_72' title="bbox 1830 2857 3410 2926">
     <span class='ocr_line' id='line_1_72' title="bbox 1830 2857 3410 2926; baseline -0.003 -12"><span class='ocrx_word' id='word_1_484' title='bbox 1830 2874 1941 2923; x_wconf 89' lang='lat' dir='ltr'><strong>sos,</strong></span> <span class='ocrx_word' id='word_1_485' title='bbox 1968 2860 2069 2914; x_wconf 86' lang='lat' dir='ltr'><strong>hoc</strong></span> <span class='ocrx_word' id='word_1_486' title='bbox 2092 2869 2177 2914; x_wconf 88' lang='lat' dir='ltr'><strong>est</strong></span> <span class='ocrx_word' id='word_1_487' title='bbox 2198 2874 2385 2913; x_wconf 86' lang='lat' dir='ltr'><strong>eorum</strong></span> <span class='ocrx_word' id='word_1_488' title='bbox 2410 2862 2755 2913; x_wconf 89' lang='lat' dir='ltr'><strong>adversarios</strong></span> <span class='ocrx_word' id='word_1_489' title='bbox 2778 2858 3025 2912; x_wconf 87' lang='lat' dir='ltr'><strong>veritatis</strong></span> <span class='ocrx_word' id='word_1_490' title='bbox 3046 2857 3410 2926; x_wconf 83' lang='lat' dir='ltr'><strong>indagatores.</strong></span> 
     </span>
    </p>
   </div>
   <div class='ocr_carea' id='block_1_73' title="bbox 1828 2949 3407 3021">
    <p class='ocr_par' dir='ltr' id='par_1_73' title="bbox 1828 2949 3407 3021">
     <span class='ocr_line' id='line_1_73' title="bbox 1828 2949 3407 3021; baseline -0.002 -17"><span class='ocrx_word' id='word_1_491' title='bbox 1828 2949 2065 3005; x_wconf 87' lang='lat' dir='ltr'><strong>Proinde</strong></span> <span class='ocrx_word' id='word_1_492' title='bbox 2084 2952 2574 3020; x_wconf 67' lang='lat' dir='ltr'><strong>prarordiuavimus</strong></span> <span class='ocrx_word' id='word_1_493' title='bbox 2607 2951 2849 3021; x_wconf 78' lang='lat' dir='ltr'><strong>singulos</strong></span> <span class='ocrx_word' id='word_1_494' title='bbox 2893 2950 3407 3013; x_wconf 83' lang='lat' dir='ltr'><strong>anathematismos;</strong></span> 
     </span>
    </p>
   </div>
   <div class='ocr_carea' id='block_1_74' title="bbox 1830 3039 3405 3110">
    <p class='ocr_par' dir='ltr' id='par_1_74' title="bbox 1830 3039 3405 3110">
     <span class='ocr_line' id='line_1_74' title="bbox 1830 3039 3405 3110; baseline -0.003 -16"><span class='ocrx_word' id='word_1_495' title='bbox 1830 3041 2024 3094; x_wconf 88' lang='lat' dir='ltr'><strong>deinde</strong></span> <span class='ocrx_word' id='word_1_496' title='bbox 2056 3041 2142 3094; x_wconf 86' lang='lat' dir='ltr'><strong>his</strong></span> <span class='ocrx_word' id='word_1_497' title='bbox 2166 3041 2532 3110; x_wconf 82' lang='lat' dir='ltr'><strong>adjunximus,</strong></span> <span class='ocrx_word' id='word_1_498' title='bbox 2562 3054 2681 3109; x_wconf 71' lang='lat' dir='ltr'><strong>qua:</strong></span> <span class='ocrx_word' id='word_1_499' title='bbox 2706 3040 2775 3095; x_wconf 88' lang='lat' dir='ltr'><strong>ab</strong></span> <span class='ocrx_word' id='word_1_500' title='bbox 2801 3041 2903 3094; x_wconf 91' lang='lat' dir='ltr'><strong>illis</strong></span> <span class='ocrx_word' id='word_1_501' title='bbox 2929 3039 3227 3109; x_wconf 83' lang='lat' dir='ltr'><strong>composita</strong></span> <span class='ocrx_word' id='word_1_502' title='bbox 3258 3047 3405 3101; x_wconf 85' lang='lat' dir='ltr'><strong>sunt;</strong></span> 
     </span>
    </p>
   </div>
   <div class='ocr_carea' id='block_1_75' title="bbox 1824 3131 3409 3203">
    <p class='ocr_par' dir='ltr' id='par_1_75' title="bbox 1824 3131 3409 3203">
     <span class='ocr_line' id='line_1_75' title="bbox 1824 3131 3409 3203; baseline -0.002 -17"><span class='ocrx_word' id='word_1_503' title='bbox 1824 3143 2100 3203; x_wconf 87' lang='lat' dir='ltr'><strong>postremo</strong></span> <span class='ocrx_word' id='word_1_504' title='bbox 2142 3134 2480 3188; x_wconf 89' lang='lat' dir='ltr'><strong>subdidimus</strong></span> <span class='ocrx_word' id='word_1_505' title='bbox 2519 3143 2574 3188; x_wconf 89' lang='lat' dir='ltr'><strong>et</strong></span> <span class='ocrx_word' id='word_1_506' title='bbox 2602 3144 2811 3197; x_wconf 89' lang='lat' dir='ltr'><strong>nostra,</strong></span> <span class='ocrx_word' id='word_1_507' title='bbox 2846 3133 3055 3187; x_wconf 90' lang='lat' dir='ltr'><strong>divinas</strong></span> <span class='ocrx_word' id='word_1_508' title='bbox 3095 3131 3409 3200; x_wconf 81' lang='lat' dir='ltr'><strong>Scripturas</strong></span> 
     </span>
    </p>
   </div>
   <div class='ocr_carea' id='block_1_76' title="bbox 1823 3224 3404 3294">
    <p class='ocr_par' dir='ltr' id='par_1_76' title="bbox 1823 3224 3404 3294">
     <span class='ocr_line' id='line_1_76' title="bbox 1823 3224 3404 3294; baseline -0.001 -16"><span class='ocrx_word' id='word_1_509' title='bbox 1823 3224 2126 3279; x_wconf 80' lang='lat' dir='ltr'><strong>scientibus</strong></span> <span class='ocrx_word' id='word_1_510' title='bbox 2151 3226 2310 3293; x_wconf 85' lang='lat' dir='ltr'><strong>quasi</strong></span> <span class='ocrx_word' id='word_1_511' title='bbox 2330 3225 2605 3293; x_wconf 86' lang='lat' dir='ltr'><strong>judicibus</strong></span> <span class='ocrx_word' id='word_1_512' title='bbox 2650 3234 2887 3288; x_wconf 87' lang='lat' dir='ltr'><strong>utentes,</strong></span> <span class='ocrx_word' id='word_1_513' title='bbox 2918 3235 3079 3294; x_wconf 87' lang='lat' dir='ltr'><strong>atque</strong></span> <span class='ocrx_word' id='word_1_514' title='bbox 3106 3226 3172 3279; x_wconf 87' lang='lat' dir='ltr'><strong>ab</strong></span> <span class='ocrx_word' id='word_1_515' title='bbox 3205 3226 3288 3277; x_wconf 88' lang='lat' dir='ltr'><strong>his</strong></span> <span class='ocrx_word' id='word_1_516' title='bbox 3314 3225 3404 3292; x_wconf 89' lang='lat' dir='ltr'><strong>qui</strong></span> 
     </span>
    </p>
   </div>
   <div class='ocr_carea' id='block_1_77' title="bbox 1823 3316 3404 3386">
    <p class='ocr_par' dir='ltr' id='par_1_77' title="bbox 1823 3316 3404 3386">
     <span class='ocr_line' id='line_1_77' title="bbox 1823 3316 3404 3386; baseline -0.001 -17"><span class='ocrx_word' id='word_1_517' title='bbox 1823 3316 2109 3370; x_wconf 84' lang='lat' dir='ltr'><strong>veritatem</strong></span> <span class='ocrx_word' id='word_1_518' title='bbox 2142 3316 2344 3381; x_wconf 90' lang='lat' dir='ltr'><strong>sciunt,</strong></span> <span class='ocrx_word' id='word_1_519' title='bbox 2379 3324 2585 3371; x_wconf 88' lang='lat' dir='ltr'><strong>rectam</strong></span> <span class='ocrx_word' id='word_1_520' title='bbox 2621 3326 2675 3369; x_wconf 90' lang='lat' dir='ltr'><strong>et</strong></span> <span class='ocrx_word' id='word_1_521' title='bbox 2714 3316 3044 3386; x_wconf 89' lang='lat' dir='ltr'><strong>inculpatam</strong></span> <span class='ocrx_word' id='word_1_522' title='bbox 3082 3318 3404 3371; x_wconf 82' lang='lat' dir='ltr'><strong>sententiam</strong></span> 
     </span>
    </p>
   </div>
   <div class='ocr_carea' id='block_1_78' title="bbox 1822 3409 2172 3464">
    <p class='ocr_par' dir='ltr' id='par_1_78' title="bbox 1822 3409 2172 3464">
     <span class='ocr_line' id='line_1_78' title="bbox 1822 3409 2172 3464; baseline 0.003 -1"><span class='ocrx_word' id='word_1_523' title='bbox 1822 3409 2172 3464; x_wconf 86' lang='lat' dir='ltr'><strong>oostulantes.</strong></span> 
     </span>
    </p>
   </div>
   <div class='ocr_carea' id='block_1_79' title="bbox 2250 3518 2973 3574">
    <p class='ocr_par' dir='ltr' id='par_1_79' title="bbox 2250 3518 2973 3574">
     <span class='ocr_line' id='line_1_79' title="bbox 2250 3518 2973 3574; baseline -0.004 0"><span class='ocrx_word' id='word_1_524' title='bbox 2250 3524 2287 3574; x_wconf 76' lang='grc' dir='ltr'><strong>Α</strong></span> <span class='ocrx_word' id='word_1_525' title='bbox 2300 3518 2893 3574; x_wconf 67' lang='grc' dir='ltr'><strong>ΝΑΤΠΕΜΑΤΙΞΜυδ</strong></span> <span class='ocrx_word' id='word_1_526' title='bbox 2934 3518 2973 3571; x_wconf 93' lang='grc' dir='ltr'><strong>ι.</strong></span> 
     </span>
    </p>
   </div>
   <div class='ocr_carea' id='block_1_80' title="bbox 1889 3629 3403 3706">
    <p class='ocr_par' dir='ltr' id='par_1_80' title="bbox 1889 3629 3403 3706">
     <span class='ocr_line' id='line_1_80' title="bbox 1889 3629 3403 3706; baseline -0.005 -15"><span class='ocrx_word' id='word_1_527' title='bbox 1889 3635 1946 3691; x_wconf 87' lang='lat' dir='ltr'><strong>Si</strong></span> <span class='ocrx_word' id='word_1_528' title='bbox 1980 3638 2103 3706; x_wconf 83' lang='lat' dir='ltr'><strong>quis</strong></span> <span class='ocrx_word' id='word_1_529' title='bbox 2136 3652 2241 3691; x_wconf 90' lang='lat' dir='ltr'><strong>non</strong></span> <span class='ocrx_word' id='word_1_530' title='bbox 2282 3634 2595 3699; x_wconf 74' lang='lat' dir='ltr'><strong>confitetur,</strong></span> <span class='ocrx_word' id='word_1_531' title='bbox 2642 3632 3046 3687; x_wconf 85' lang='lat' dir='ltr'><strong>Emmanuelem</strong></span> <span class='ocrx_word' id='word_1_532' title='bbox 3085 3629 3243 3700; x_wconf 79' lang='lat'><strong>159</strong></span> <span class='ocrx_word' id='word_1_533' title='bbox 3279 3645 3403 3683; x_wconf 90' lang='lat' dir='ltr'><strong>vere</strong></span> 
     </span>
    </p>
   </div>
   <div class='ocr_carea' id='block_1_81' title="bbox 1819 3722 3399 3795">
    <p class='ocr_par' dir='ltr' id='par_1_81' title="bbox 1819 3722 3399 3795">
     <span class='ocr_line' id='line_1_81' title="bbox 1819 3722 3399 3795; baseline -0.009 -10"><span class='ocrx_word' id='word_1_534' title='bbox 1819 3732 1986 3785; x_wconf 87' lang='lat' dir='ltr'><strong>Deum</strong></span> <span class='ocrx_word' id='word_1_535' title='bbox 2030 3745 2174 3795; x_wconf 87' lang='lat' dir='ltr'><strong>esse,</strong></span> <span class='ocrx_word' id='word_1_536' title='bbox 2219 3739 2275 3784; x_wconf 88' lang='lat' dir='ltr'><strong>et.</strong></span> <span class='ocrx_word' id='word_1_537' title='bbox 2320 3729 2389 3783; x_wconf 87' lang='lat' dir='ltr'><strong>ob</strong></span> <span class='ocrx_word' id='word_1_538' title='bbox 2424 3729 2475 3781; x_wconf 92' lang='lat' dir='ltr'><strong>id</strong></span> <span class='ocrx_word' id='word_1_539' title='bbox 2522 3734 2764 3781; x_wconf 87' lang='lat' dir='ltr'><strong>sanctam</strong></span> <span class='ocrx_word' id='word_1_540' title='bbox 2799 3723 3077 3793; x_wconf 80' lang='lat' dir='ltr'><strong>Virginem</strong></span> <span class='ocrx_word' id='word_1_541' title='bbox 3112 3722 3399 3789; x_wconf 86' lang='lat' dir='ltr'><strong>Deiparam</strong></span> 
     </span>
    </p>
   </div>
   <div class='ocr_carea' id='block_1_82' title="bbox 1818 3813 3400 3892">
    <p class='ocr_par' dir='ltr' id='par_1_82' title="bbox 1818 3813 3400 3892">
     <span class='ocr_line' id='line_1_82' title="bbox 1818 3813 3400 3892; baseline -0.007 -15"><span class='ocrx_word' id='word_1_542' title='bbox 1818 3823 2042 3892; x_wconf 74' lang='lat' dir='ltr'><strong>(genuit</strong></span> <span class='ocrx_word' id='word_1_543' title='bbox 2066 3822 2211 3877; x_wconf 90' lang='lat' dir='ltr'><strong>enim</strong></span> <span class='ocrx_word' id='word_1_544' title='bbox 2250 3820 2339 3875; x_wconf 91' lang='lat' dir='ltr'><strong>illa</strong></span> <span class='ocrx_word' id='word_1_545' title='bbox 2374 3818 2673 3873; x_wconf 87' lang='lat' dir='ltr'><strong>carnaliter</strong></span> <span class='ocrx_word' id='word_1_546' title='bbox 2705 3817 3046 3870; x_wconf 87' lang='lat' dir='ltr'><strong>incarnatum</strong></span> <span class='ocrx_word' id='word_1_547' title='bbox 3090 3813 3181 3869; x_wconf 87' lang='lat' dir='ltr'><strong>Dei</strong></span> <span class='ocrx_word' id='word_1_548' title='bbox 3224 3813 3400 3867; x_wconf 85' lang='lat' dir='ltr'><strong>Patris</strong></span> 
     </span>
    </p>
   </div>
   <div class='ocr_carea' id='block_1_83' title="bbox 1815 3908 2589 3986">
    <p class='ocr_par' dir='ltr' id='par_1_83' title="bbox 1815 3908 2589 3986">
     <span class='ocr_line' id='line_1_83' title="bbox 1815 3908 2589 3986; baseline -0.008 -20"><span class='ocrx_word' id='word_1_549' title='bbox 1815 3912 2129 3986; x_wconf 83' lang='lat' dir='ltr'><strong>Verbum):</strong></span> <span class='ocrx_word' id='word_1_550' title='bbox 2167 3912 2455 3966; x_wconf 85' lang='lat' dir='ltr'><strong>anathema</strong></span> <span class='ocrx_word' id='word_1_551' title='bbox 2498 3908 2589 3962; x_wconf 87' lang='lat' dir='ltr'><strong>sit.</strong></span> 
     </span>
    </p>
   </div>
   <div class='ocr_carea' id='block_1_84' title="bbox 2268 4017 2935 4087">
    <p class='ocr_par' dir='ltr' id='par_1_84' title="bbox 2268 4017 2935 4087">
     <span class='ocr_line' id='line_1_84' title="bbox 2268 4017 2935 4087; baseline -0.009 -12"><span class='ocrx_word' id='word_1_552' title='bbox 2268 4021 2623 4075; x_wconf 78' lang='lat' dir='ltr'><strong>Orientalium</strong></span> <span class='ocrx_word' id='word_1_553' title='bbox 2662 4017 2935 4087; x_wconf 78' lang='lat' dir='ltr'><strong>oppositio.</strong></span> 
     </span>
    </p>
   </div>
   <div class='ocr_carea' id='block_1_85' title="bbox 1881 4129 3398 4206">
    <p class='ocr_par' dir='ltr' id='par_1_85' title="bbox 1881 4129 3398 4206">
     <span class='ocr_line' id='line_1_85' title="bbox 1881 4129 3398 4206; baseline -0.007 -15"><span class='ocrx_word' id='word_1_554' title='bbox 1881 4137 2080 4206; x_wconf 84' lang='lat' dir='ltr'><strong>Ecquis</strong></span> <span class='ocrx_word' id='word_1_555' title='bbox 2128 4150 2349 4191; x_wconf 89' lang='lat' dir='ltr'><strong>carnem</strong></span> <span class='ocrx_word' id='word_1_556' title='bbox 2396 4134 2601 4189; x_wconf 81' lang='lat' dir='ltr'><strong>factum</strong></span> <span class='ocrx_word' id='word_1_557' title='bbox 2659 4134 2754 4188; x_wconf 91' lang='lat' dir='ltr'><strong>Dei</strong></span> <span class='ocrx_word' id='word_1_558' title='bbox 2793 4133 3055 4195; x_wconf 84' lang='lat' dir='ltr'><strong>Verbum,</strong></span> <span class='ocrx_word' id='word_1_559' title='bbox 3105 4129 3398 4186; x_wconf 80' lang='lat' dir='ltr'><strong>carnaliter</strong></span> 
     </span>
    </p>
   </div>
   <div class='ocr_carea' id='block_1_86' title="bbox 1812 4224 3397 4290">
    <p class='ocr_par' dir='ltr' id='par_1_86' title="bbox 1812 4224 3397 4290">
     <span class='ocr_line' id='line_1_86' title="bbox 1812 4224 3397 4290; baseline -0.006 -6"><span class='ocrx_word' id='word_1_560' title='bbox 1812 4238 1996 4284; x_wconf 90' lang='lat' dir='ltr'><strong>natum</strong></span> <span class='ocrx_word' id='word_1_561' title='bbox 2014 4228 2312 4283; x_wconf 88' lang='lat' dir='ltr'><strong>essesimul</strong></span> <span class='ocrx_word' id='word_1_562' title='bbox 2342 4227 2717 4290; x_wconf 83' lang='lat' dir='ltr'><strong>conﬁtebitur;</strong></span> <span class='ocrx_word' id='word_1_563' title='bbox 2752 4241 2874 4278; x_wconf 89' lang='lat' dir='ltr'><strong>nam</strong></span> <span class='ocrx_word' id='word_1_564' title='bbox 2899 4225 2942 4278; x_wconf 91' lang='lat' dir='ltr'><strong>si</strong></span> <span class='ocrx_word' id='word_1_565' title='bbox 2978 4224 3273 4279; x_wconf 89' lang='lat' dir='ltr'><strong>carnaliter</strong></span> <span class='ocrx_word' id='word_1_566' title='bbox 3304 4238 3397 4289; x_wconf 79' lang='lat' dir='ltr'><strong>ge-</strong></span> 
     </span>
    </p>
   </div>
   <div class='ocr_carea' id='block_1_87' title="bbox 1812 4316 3395 4389">
    <p class='ocr_par' dir='ltr' id='par_1_87' title="bbox 1812 4316 3395 4389">
     <span class='ocr_line' id='line_1_87' title="bbox 1812 4316 3395 4389; baseline -0.004 -13"><span class='ocrx_word' id='word_1_567' title='bbox 1812 4322 1952 4385; x_wconf 90' lang='lat' dir='ltr'><strong>nuit,</strong></span> <span class='ocrx_word' id='word_1_568' title='bbox 1975 4321 2087 4389; x_wconf 87' lang='lat' dir='ltr'><strong>jam</strong></span> <span class='ocrx_word' id='word_1_569' title='bbox 2118 4336 2224 4375; x_wconf 90' lang='lat' dir='ltr'><strong>non</strong></span> <span class='ocrx_word' id='word_1_570' title='bbox 2252 4329 2308 4373; x_wconf 89' lang='lat' dir='ltr'><strong>ut</strong></span> <span class='ocrx_word' id='word_1_571' title='bbox 2334 4320 2505 4387; x_wconf 76' lang='lat' dir='ltr'><strong>virgo.</strong></span> <span class='ocrx_word' id='word_1_572' title='bbox 2541 4320 2605 4373; x_wconf 86' lang='lat' dir='ltr'><strong>Et</strong></span> <span class='ocrx_word' id='word_1_573' title='bbox 2630 4319 2717 4373; x_wconf 92' lang='lat' dir='ltr'><strong>ubi</strong></span> <span class='ocrx_word' id='word_1_574' title='bbox 2753 4333 3012 4387; x_wconf 90' lang='lat' dir='ltr'><strong>ponemus</strong></span> <span class='ocrx_word' id='word_1_575' title='bbox 3036 4318 3138 4372; x_wconf 88' lang='lat' dir='ltr'><strong>hoc</strong></span> <span class='ocrx_word' id='word_1_576' title='bbox 3169 4337 3182 4371; x_wconf 89' lang='lat'><strong>:</strong></span> <span class='ocrx_word' id='word_1_577' title='bbox 3219 4336 3235 4367; x_wconf 79' lang='grc' dir='ltr'><strong>ι</strong></span> <span class='ocrx_word' id='word_1_578' title='bbox 3269 4316 3395 4385; x_wconf 86' lang='lat' dir='ltr'><strong>Spi-</strong></span> 
     </span>
    </p>
   </div>
   <div class='ocr_carea' id='block_1_88' title="bbox 111 4402 1729 4477">
    <p class='ocr_par' dir='ltr' id='par_1_88' title="bbox 111 4402 1699 4477">
     <span class='ocr_line' id='line_1_88' title="bbox 111 4402 1699 4477; baseline 0.001 -20"><span class='ocrx_word' id='word_1_579' title='bbox 111 4424 273 4477; x_wconf 86' lang='grc' dir='ltr'>σομεν</span> <span class='ocrx_word' id='word_1_580' title='bbox 318 4406 423 4457; x_wconf 88' lang='grc' dir='ltr'>τό·</span> <span class='ocrx_word' id='word_1_581' title='bbox 467 4423 486 4454; x_wconf 77' lang='grc' dir='ltr'><strong>ι</strong></span> <span class='ocrx_word' id='word_1_582' title='bbox 520 4402 747 4472; x_wconf 76' lang='grc' dir='ltr'>Πνεῦμα</span> <span class='ocrx_word' id='word_1_583' title='bbox 780 4404 841 4455; x_wconf 85' lang='grc' dir='ltr'><strong>τὸ</strong></span> <span class='ocrx_word' id='word_1_584' title='bbox 882 4404 1034 4471; x_wconf 80' lang='grc' dir='ltr'>ἅγιον</span> <span class='ocrx_word' id='word_1_585' title='bbox 1082 4404 1436 4457; x_wconf 74' lang='grc' dir='ltr'>ἐπελεύσεται</span> <span class='ocrx_word' id='word_1_586' title='bbox 1484 4408 1578 4458; x_wconf 76' lang='grc' dir='ltr'><strong>ἐπὶ</strong></span> <span class='ocrx_word' id='word_1_587' title='bbox 1612 4408 1699 4471; x_wconf 82' lang='grc' dir='ltr'><strong>σὲ,</strong></span> 
     </span>
    </p>
   </div>
   <div class='ocr_carea' id='block_1_89' title="bbox 1833 4402 3391 4477">
    <p class='ocr_par' dir='ltr' id='par_1_89' title="bbox 1833 4407 3391 4477">
     <span class='ocr_line' id='line_1_89' title="bbox 1833 4407 3391 4477; baseline -0.003 -13"><span class='ocrx_word' id='word_1_588' title='bbox 1833 4412 1948 4465; x_wconf 70' lang='grc' dir='ltr'>ιίιυε</span> <span class='ocrx_word' id='word_1_589' title='bbox 1978 4419 2217 4467; x_wconf 19' lang='lat' dir='ltr'><strong>sanctus,</strong></span> <span class='ocrx_word' id='word_1_590' title='bbox 2241 4410 2591 4477; x_wconf 86' lang='lat' dir='ltr'><strong>superveniet</strong></span> <span class='ocrx_word' id='word_1_591' title='bbox 2625 4411 2675 4461; x_wconf 93' lang='lat' dir='ltr'><strong>in</strong></span> <span class='ocrx_word' id='word_1_592' title='bbox 2711 4416 2785 4473; x_wconf 92' lang='lat' dir='ltr'><strong>te,</strong></span> <span class='ocrx_word' id='word_1_593' title='bbox 2819 4419 2875 4463; x_wconf 91' lang='lat' dir='ltr'><strong>et</strong></span> <span class='ocrx_word' id='word_1_594' title='bbox 2911 4409 3082 4462; x_wconf 90' lang='lat' dir='ltr'><strong>virtus</strong></span> <span class='ocrx_word' id='word_1_595' title='bbox 3128 4407 3391 4461; x_wconf 82' lang='lat' dir='ltr'><strong>Altissitni</strong></span> 
     </span>
    </p>
   </div>
   <div class='ocr_carea' id='block_1_90' title="bbox 109 4494 1708 4568">
    <p class='ocr_par' dir='ltr' id='par_1_90' title="bbox 109 4494 1708 4568">
     <span class='ocr_line' id='line_1_90' title="bbox 109 4494 1708 4568; baseline 0.001 -17"><span class='ocrx_word' id='word_1_596' title='bbox 109 4500 195 4551; x_wconf 76' lang='grc' dir='ltr'><strong>καὶ</strong></span> <span class='ocrx_word' id='word_1_597' title='bbox 209 4498 457 4565; x_wconf 79' lang='grc' dir='ltr'>δύναμις</span> <span class='ocrx_word' id='word_1_598' title='bbox 488 4494 745 4563; x_wconf 74' lang='grc' dir='ltr'>Ὑψίστου</span> <span class='ocrx_word' id='word_1_599' title='bbox 764 4496 1240 4567; x_wconf 55' lang='grc' dir='ltr'>ὲπισκιάσεισοιλ»</span> <span class='ocrx_word' id='word_1_600' title='bbox 1281 4498 1563 4568; x_wconf 84' lang='grc' dir='ltr'>σαρκικῶς</span> <span class='ocrx_word' id='word_1_601' title='bbox 1586 4500 1708 4552; x_wconf 85' lang='grc' dir='ltr'>κατ’</span> 
     </span>
    </p>
   </div>
   <div class='ocr_carea' id='block_1_91' title="bbox 109 4586 1705 4661">
    <p class='ocr_par' dir='ltr' id='par_1_91' title="bbox 109 4586 1705 4661">
     <span class='ocr_line' id='line_1_91' title="bbox 109 4586 1705 4661; baseline 0.003 -22"><span class='ocrx_word' id='word_1_602' title='bbox 109 4587 265 4641; x_wconf 79' lang='grc' dir='ltr'>αὑτὸν</span> <span class='ocrx_word' id='word_1_603' title='bbox 300 4589 411 4657; x_wconf 86' lang='grc' dir='ltr'>τῆς</span> <span class='ocrx_word' id='word_1_604' title='bbox 440 4586 743 4657; x_wconf 78' lang='grc' dir='ltr'>Παρθένου,</span> <span class='ocrx_word' id='word_1_605' title='bbox 775 4589 871 4640; x_wconf 71' lang='grc' dir='ltr'><strong>καὶ</strong></span> <span class='ocrx_word' id='word_1_606' title='bbox 899 4590 960 4641; x_wconf 78' lang='grc' dir='ltr'>οὐ</span> <span class='ocrx_word' id='word_1_607' title='bbox 990 4588 1312 4661; x_wconf 84' lang='grc' dir='ltr'>θεοπρεπῶς</span> <span class='ocrx_word' id='word_1_608' title='bbox 1335 4594 1705 4661; x_wconf 85' lang='grc' dir='ltr'>γεννησάσης;</span> 
     </span>
    </p>
   </div>
   <div class='ocr_carea' id='block_1_92' title="bbox 109 4676 1709 4750">
    <p class='ocr_par' dir='ltr' id='par_1_92' title="bbox 109 4676 1709 4750">
     <span class='ocr_line' id='line_1_92' title="bbox 109 4676 1709 4750; baseline 0.002 -19"><span class='ocrx_word' id='word_1_609' title='bbox 109 4683 194 4731; x_wconf 82' lang='grc' dir='ltr'><strong>καί</strong></span> <span class='ocrx_word' id='word_1_610' title='bbox 222 4679 349 4742; x_wconf 84' lang='grc' dir='ltr'><strong>πῶς</strong></span> <span class='ocrx_word' id='word_1_611' title='bbox 383 4676 595 4745; x_wconf 85' lang='grc' dir='ltr'>ταύτην</span> <span class='ocrx_word' id='word_1_612' title='bbox 617 4685 646 4724; x_wconf 72' lang='lat' dir='ltr'><strong><em>Y</em></strong></span> <span class='ocrx_word' id='word_1_613' title='bbox 672 4678 848 4748; x_wconf 81' lang='grc' dir='ltr'>ἀστὴρ</span> <span class='ocrx_word' id='word_1_614' title='bbox 882 4680 1197 4749; x_wconf 78' lang='grc' dir='ltr'>παραδόξως</span> <span class='ocrx_word' id='word_1_615' title='bbox 1223 4682 1546 4750; x_wconf 86' lang='grc' dir='ltr'>φαινόμενος</span> <span class='ocrx_word' id='word_1_616' title='bbox 1576 4700 1709 4735; x_wconf 86' lang='grc' dir='ltr'>κατ-</span> 
     </span>
    </p>
   </div>
   <div class='ocr_carea' id='block_1_93' title="bbox 109 4766 1705 4841">
    <p class='ocr_par' dir='ltr' id='par_1_93' title="bbox 109 4766 1705 4841">
     <span class='ocr_line' id='line_1_93' title="bbox 109 4766 1705 4841; baseline 0.003 -21"><span class='ocrx_word' id='word_1_617' title='bbox 109 4770 356 4839; x_wconf 77' lang='grc' dir='ltr'>εμήνυε;</span> <span class='ocrx_word' id='word_1_618' title='bbox 416 4766 587 4837; x_wconf 88' lang='grc' dir='ltr'>μάγοι</span> <span class='ocrx_word' id='word_1_619' title='bbox 643 4767 700 4818; x_wconf 83' lang='grc' dir='ltr'>δὲ</span> <span class='ocrx_word' id='word_1_620' title='bbox 743 4769 807 4819; x_wconf 81' lang='grc' dir='ltr'><strong>ὲκ</strong></span> <span class='ocrx_word' id='word_1_621' title='bbox 858 4768 1120 4839; x_wconf 85' lang='grc' dir='ltr'>Περσίδος</span> <span class='ocrx_word' id='word_1_622' title='bbox 1163 4770 1231 4822; x_wconf 76' lang='grc' dir='ltr'><strong>δι’</strong></span> <span class='ocrx_word' id='word_1_623' title='bbox 1271 4770 1437 4823; x_wconf 82' lang='grc' dir='ltr'>αὑτοῦ</span> <span class='ocrx_word' id='word_1_624' title='bbox 1476 4771 1705 4841; x_wconf 85' lang='grc' dir='ltr'>ὁδηγού-</span> 
     </span>
    </p>
   </div>
   <div class='ocr_carea' id='block_1_94' title="bbox 111 4859 1701 4931">
    <p class='ocr_par' dir='ltr' id='par_1_94' title="bbox 111 4859 1701 4931">
     <span class='ocr_line' id='line_1_94' title="bbox 111 4859 1701 4931; baseline 0.006 -25"><span class='ocrx_word' id='word_1_625' title='bbox 111 4876 257 4921; x_wconf 65' lang='grc' dir='ltr'>μενοι</span> <span class='ocrx_word' id='word_1_626' title='bbox 302 4863 605 4928; x_wconf 76' lang='grc' dir='ltr'>παρῄεσαν</span> <span class='ocrx_word' id='word_1_627' title='bbox 633 4867 681 4922; x_wconf 79' lang='grc'>³,</span> <span class='ocrx_word' id='word_1_628' title='bbox 712 4859 803 4911; x_wconf 85' lang='grc' dir='ltr'><strong>τὸν</strong></span> <span class='ocrx_word' id='word_1_629' title='bbox 832 4860 1094 4929; x_wconf 83' lang='grc' dir='ltr'>τεχθέντα</span> <span class='ocrx_word' id='word_1_630' title='bbox 1133 4860 1423 4931; x_wconf 79' lang='grc' dir='ltr'>ζητοῦντες</span> <span class='ocrx_word' id='word_1_631' title='bbox 1441 4878 1455 4891; x_wconf 69' lang='grc' dir='ltr'><strong>ο</strong></span> <span class='ocrx_word' id='word_1_632' title='bbox 1488 4865 1580 4915; x_wconf 75' lang='grc' dir='ltr'><strong>καὶ</strong></span> <span class='ocrx_word' id='word_1_633' title='bbox 1609 4865 1701 4916; x_wconf 86' lang='grc' dir='ltr'>εύ-</span> 
     </span>
    </p>
   </div>
   <div class='ocr_carea' id='block_1_95' title="bbox 110 4950 1704 5024">
    <p class='ocr_par' dir='ltr' id='par_1_95' title="bbox 110 4950 1704 5024">
     <span class='ocr_line' id='line_1_95' title="bbox 110 4950 1704 5024; baseline 0.003 -21"><span class='ocrx_word' id='word_1_634' title='bbox 110 4952 312 5020; x_wconf 80' lang='grc' dir='ltr'>ρόντες,</span> <span class='ocrx_word' id='word_1_635' title='bbox 347 4950 551 5020; x_wconf 77' lang='grc' dir='ltr'>ἔφερον</span> <span class='ocrx_word' id='word_1_636' title='bbox 584 4950 736 5022; x_wconf 84' lang='grc' dir='ltr'>δῶρα</span> <span class='ocrx_word' id='word_1_637' title='bbox 768 4952 861 5003; x_wconf 75' lang='grc' dir='ltr'><strong>καὶ</strong></span> <span class='ocrx_word' id='word_1_638' title='bbox 889 4951 968 5021; x_wconf 85' lang='grc' dir='ltr'>τῷ</span> <span class='ocrx_word' id='word_1_639' title='bbox 1011 4955 1307 5023; x_wconf 80' lang='grc' dir='ltr'>νοουμένῳ,</span> <span class='ocrx_word' id='word_1_640' title='bbox 1351 4955 1445 5007; x_wconf 84' lang='grc' dir='ltr'>καὶ</span> <span class='ocrx_word' id='word_1_641' title='bbox 1472 4955 1549 5024; x_wconf 84' lang='grc' dir='ltr'><strong>τῷ</strong></span> <span class='ocrx_word' id='word_1_642' title='bbox 1581 4973 1704 5024; x_wconf 80' lang='grc' dir='ltr'>φαι-</span> 
     </span>
    </p>
   </div>
   <div class='ocr_carea' id='block_1_96' title="bbox 1810 4499 3393 4569">
    <p class='ocr_par' dir='ltr' id='par_1_96' title="bbox 1810 4499 3393 4569">
     <span class='ocr_line' id='line_1_96' title="bbox 1810 4499 3393 4569; baseline -0.003 -14"><span class='ocrx_word' id='word_1_643' title='bbox 1810 4499 2157 4556; x_wconf 88' lang='lat' dir='ltr'><strong>obumbrabit</strong></span> <span class='ocrx_word' id='word_1_644' title='bbox 2196 4500 2292 4553; x_wconf 88' lang='lat' dir='ltr'><strong>tibi</strong></span> <span class='ocrx_word' id='word_1_645' title='bbox 2322 4501 2389 4567; x_wconf 69' lang='grc'><strong>⁸³,</strong></span> <span class='ocrx_word' id='word_1_646' title='bbox 2418 4519 2437 4551; x_wconf 73' lang='grc' dir='ltr'><strong><em>ι</em></strong></span> <span class='ocrx_word' id='word_1_647' title='bbox 2464 4501 2533 4565; x_wconf 88' lang='lat' dir='ltr'><strong>si,</strong></span> <span class='ocrx_word' id='word_1_648' title='bbox 2559 4502 2715 4569; x_wconf 82' lang='lat' dir='ltr'><strong>juxta</strong></span> <span class='ocrx_word' id='word_1_649' title='bbox 2741 4500 2881 4555; x_wconf 92' lang='lat' dir='ltr'><strong>illius</strong></span> <span class='ocrx_word' id='word_1_650' title='bbox 2912 4509 3174 4564; x_wconf 91' lang='lat' dir='ltr'><strong>mentem,</strong></span> <span class='ocrx_word' id='word_1_651' title='bbox 3203 4513 3393 4553; x_wconf 89' lang='lat' dir='ltr'><strong>carna-</strong></span> 
     </span>
    </p>
   </div>
   <div class='ocr_carea' id='block_1_97' title="bbox 1808 4591 3393 4661">
    <p class='ocr_par' dir='ltr' id='par_1_97' title="bbox 1808 4591 3393 4661">
     <span class='ocr_line' id='line_1_97' title="bbox 1808 4591 3393 4661; baseline -0.002 -16"><span class='ocrx_word' id='word_1_652' title='bbox 1808 4592 1933 4646; x_wconf 90' lang='lat' dir='ltr'><strong>liter</strong></span> <span class='ocrx_word' id='word_1_653' title='bbox 1956 4601 2011 4646; x_wconf 91' lang='lat' dir='ltr'><strong>et</strong></span> <span class='ocrx_word' id='word_1_654' title='bbox 2041 4606 2147 4646; x_wconf 91' lang='lat' dir='ltr'><strong>non</strong></span> <span class='ocrx_word' id='word_1_655' title='bbox 2180 4600 2238 4645; x_wconf 89' lang='lat' dir='ltr'><strong>ut</strong></span> <span class='ocrx_word' id='word_1_656' title='bbox 2279 4592 2442 4646; x_wconf 89' lang='lat' dir='ltr'><strong>Deum</strong></span> <span class='ocrx_word' id='word_1_657' title='bbox 2473 4591 2650 4655; x_wconf 87' lang='lat' dir='ltr'><strong>decet,</strong></span> <span class='ocrx_word' id='word_1_658' title='bbox 2696 4592 2861 4661; x_wconf 81' lang='lat' dir='ltr'><strong>Virgo</strong></span> <span class='ocrx_word' id='word_1_659' title='bbox 2899 4592 3129 4659; x_wconf 81' lang='lat' dir='ltr'><strong>genuit?</strong></span> <span class='ocrx_word' id='word_1_660' title='bbox 3174 4600 3228 4643; x_wconf 89' lang='lat' dir='ltr'><strong>et</strong></span> <span class='ocrx_word' id='word_1_661' title='bbox 3255 4604 3393 4658; x_wconf 89' lang='lat' dir='ltr'><strong>quo-</strong></span> 
     </span>
    </p>
   </div>
   <div class='ocr_carea' id='block_1_98' title="bbox 1811 4684 3390 4751">
    <p class='ocr_par' dir='ltr' id='par_1_98' title="bbox 1811 4684 3390 4751">
     <span class='ocr_line' id='line_1_98' title="bbox 1811 4684 3390 4751; baseline -0.006 -10"><span class='ocrx_word' id='word_1_662' title='bbox 1811 4688 1971 4741; x_wconf 91' lang='lat' dir='ltr'><strong>modo</strong></span> <span class='ocrx_word' id='word_1_663' title='bbox 2013 4686 2156 4741; x_wconf 91' lang='lat' dir='ltr'><strong>hunc</strong></span> <span class='ocrx_word' id='word_1_664' title='bbox 2201 4685 2357 4740; x_wconf 88' lang='lat' dir='ltr'><strong>stella</strong></span> <span class='ocrx_word' id='word_1_665' title='bbox 2405 4685 2621 4739; x_wconf 90' lang='lat' dir='ltr'><strong>insolito</strong></span> <span class='ocrx_word' id='word_1_666' title='bbox 2666 4685 2825 4737; x_wconf 90' lang='lat' dir='ltr'><strong>modo</strong></span> <span class='ocrx_word' id='word_1_667' title='bbox 2867 4696 3135 4751; x_wconf 86' lang='lat' dir='ltr'><strong>apparens</strong></span> <span class='ocrx_word' id='word_1_668' title='bbox 3165 4684 3390 4735; x_wconf 87' lang='lat' dir='ltr'><strong>demou-</strong></span> 
     </span>
    </p>
   </div>
   <div class='ocr_carea' id='block_1_99' title="bbox 1807 4772 3394 4846">
    <p class='ocr_par' dir='ltr' id='par_1_99' title="bbox 1807 4772 3394 4846">
     <span class='ocr_line' id='line_1_99' title="bbox 1807 4772 3394 4846; baseline -0.004 -14"><span class='ocrx_word' id='word_1_669' title='bbox 1807 4778 2207 4846; x_wconf 80' lang='lat' dir='ltr'><strong>stravit?Magi</strong></span> <span class='ocrx_word' id='word_1_670' title='bbox 2240 4792 2372 4833; x_wconf 86' lang='lat' dir='ltr'><strong>vero</strong></span> <span class='ocrx_word' id='word_1_671' title='bbox 2406 4792 2474 4831; x_wconf 78' lang='lat' dir='ltr'><strong>ex</strong></span> <span class='ocrx_word' id='word_1_672' title='bbox 2517 4775 2761 4837; x_wconf 91' lang='lat' dir='ltr'><strong>Perside,</strong></span> <span class='ocrx_word' id='word_1_673' title='bbox 2810 4774 2898 4827; x_wconf 92' lang='lat' dir='ltr'><strong>illa</strong></span> <span class='ocrx_word' id='word_1_674' title='bbox 2954 4775 3111 4837; x_wconf 84' lang='lat' dir='ltr'><strong>duce,</strong></span> <span class='ocrx_word' id='word_1_675' title='bbox 3160 4772 3394 4825; x_wconf 83' lang='lat' dir='ltr'><strong>advene-</strong></span> 
     </span>
    </p>
   </div>
   <div class='ocr_carea' id='block_1_100' title="bbox 1811 4861 3390 4935">
    <p class='ocr_par' dir='ltr' id='par_1_100' title="bbox 1811 4861 3390 4935">
     <span class='ocr_line' id='line_1_100' title="bbox 1811 4861 3390 4935; baseline -0.005 -14"><span class='ocrx_word' id='word_1_676' title='bbox 1811 4878 1955 4933; x_wconf 91' lang='lat' dir='ltr'><strong>runt,</strong></span> <span class='ocrx_word' id='word_1_677' title='bbox 1984 4876 2171 4920; x_wconf 89' lang='lat' dir='ltr'><strong>natum</strong></span> <span class='ocrx_word' id='word_1_678' title='bbox 2200 4876 2528 4935; x_wconf 68' lang='lat' dir='ltr'><strong>quaerentes,</strong></span> <span class='ocrx_word' id='word_1_679' title='bbox 2562 4873 2618 4919; x_wconf 95' lang='lat' dir='ltr'><strong>et</strong></span> <span class='ocrx_word' id='word_1_680' title='bbox 2651 4863 2872 4917; x_wconf 85' lang='lat' dir='ltr'><strong>invento</strong></span> <span class='ocrx_word' id='word_1_681' title='bbox 2900 4862 3041 4916; x_wconf 91' lang='lat' dir='ltr'><strong>dona</strong></span> <span class='ocrx_word' id='word_1_682' title='bbox 3074 4861 3390 4915; x_wconf 89' lang='lat' dir='ltr'><strong>obtulerunt</strong></span> 
     </span>
    </p>
   </div>
   <div class='ocr_carea' id='block_1_101' title="bbox 1806 4954 3385 5028">
    <p class='ocr_par' dir='ltr' id='par_1_101' title="bbox 1806 4954 3385 5028">
     <span class='ocr_line' id='line_1_101' title="bbox 1806 4954 3385 5028; baseline -0.005 -15"><span class='ocrx_word' id='word_1_683' title='bbox 1806 4968 1861 5013; x_wconf 90' lang='lat' dir='ltr'><strong>et</strong></span> <span class='ocrx_word' id='word_1_684' title='bbox 1893 4960 1965 5025; x_wconf 89' lang='lat' dir='ltr'><strong>ei,</strong></span> <span class='ocrx_word' id='word_1_685' title='bbox 1996 4958 2086 5028; x_wconf 90' lang='lat' dir='ltr'><strong>qui</strong></span> <span class='ocrx_word' id='word_1_686' title='bbox 2117 4958 2403 5012; x_wconf 84' lang='lat' dir='ltr'><strong>videbatur</strong></span> <span class='ocrx_word' id='word_1_687' title='bbox 2430 4956 2627 5022; x_wconf 89' lang='lat' dir='ltr'><strong>oculis,</strong></span> <span class='ocrx_word' id='word_1_688' title='bbox 2660 4965 2713 5009; x_wconf 90' lang='lat' dir='ltr'><strong>et</strong></span> <span class='ocrx_word' id='word_1_689' title='bbox 2742 4956 2815 5020; x_wconf 90' lang='lat' dir='ltr'><strong>ei,</strong></span> <span class='ocrx_word' id='word_1_690' title='bbox 2859 4955 2950 5024; x_wconf 88' lang='lat' dir='ltr'><strong>qui</strong></span> <span class='ocrx_word' id='word_1_691' title='bbox 2990 4962 3172 5008; x_wconf 90' lang='lat' dir='ltr'><strong>mente</strong></span> <span class='ocrx_word' id='word_1_692' title='bbox 3207 4954 3385 5022; x_wconf 90' lang='lat' dir='ltr'><strong>perci-</strong></span> 
     </span>
    </p>
   </div>
   <div class='ocr_carea' id='block_1_102' title="bbox 107 5043 1729 5133">
    <p class='ocr_par' dir='ltr' id='par_1_102' title="bbox 107 5043 1704 5133">
     <span class='ocr_line' id='line_1_102' title="bbox 107 5043 1704 5133; baseline 0.004 -39"><span class='ocrx_word' id='word_1_693' title='bbox 107 5045 318 5112; x_wconf 82' lang='grc' dir='ltr'>νομένῳ</span> <span class='ocrx_word' id='word_1_694' title='bbox 357 5043 674 5112; x_wconf 76' lang='grc' dir='ltr'>πρόσφορα.</span> <span class='ocrx_word' id='word_1_695' title='bbox 703 5044 956 5111; x_wconf 79' lang='grc' dir='ltr'>Ἀγγελοί</span> <span class='ocrx_word' id='word_1_696' title='bbox 985 5061 1043 5096; x_wconf 87' lang='grc' dir='ltr'><strong>τε</strong></span> <span class='ocrx_word' id='word_1_697' title='bbox 1091 5045 1383 5115; x_wconf 82' lang='grc' dir='ltr'>οὐρανόθεν</span> <span class='ocrx_word' id='word_1_698' title='bbox 1416 5048 1704 5133; x_wconf 62' lang='grc' dir='ltr'>κατελθόν-</span> 
     </span>
    </p>
   </div>
   <div class='ocr_carea' id='block_1_103' title="bbox 1833 5043 3384 5133">
    <p class='ocr_par' dir='ltr' id='par_1_103' title="bbox 1838 5046 3384 5118">
     <span class='ocr_line' id='line_1_103' title="bbox 1838 5046 3384 5118; baseline -0.003 -16"><span class='ocrx_word' id='word_1_699' title='bbox 1838 5049 2071 5115; x_wconf 84' lang='lat' dir='ltr'><strong>iebatur,</strong></span> <span class='ocrx_word' id='word_1_700' title='bbox 2143 5049 2528 5104; x_wconf 89' lang='lat' dir='ltr'><strong>convenientia</strong></span> <span class='ocrx_word' id='word_1_701' title='bbox 2560 5049 2622 5101; x_wconf 60' lang='grc' dir='ltr'><strong>ι’.</strong></span> <span class='ocrx_word' id='word_1_702' title='bbox 2674 5046 2888 5118; x_wconf 71' lang='lat' dir='ltr'><strong>Angeli,</strong></span> <span class='ocrx_word' id='word_1_703' title='bbox 2933 5047 3022 5115; x_wconf 91' lang='lat' dir='ltr'><strong>qui</strong></span> <span class='ocrx_word' id='word_1_704' title='bbox 3084 5047 3384 5101; x_wconf 85' lang='lat' dir='ltr'><strong>descende-</strong></span> 
     </span>
    </p>
   </div>
   <div class='ocr_carea' id='block_1_104' title="bbox 111 5134 1700 5210">
    <p class='ocr_par' dir='ltr' id='par_1_104' title="bbox 111 5134 1700 5210">
     <span class='ocr_line' id='line_1_104' title="bbox 111 5134 1700 5210; baseline 0.008 -28"><span class='ocrx_word' id='word_1_705' title='bbox 111 5153 188 5197; x_wconf 68' lang='grc' dir='ltr'><strong>τες</strong></span> <span class='ocrx_word' id='word_1_706' title='bbox 215 5136 318 5206; x_wconf 76' lang='grc' dir='ltr'>τὴν</span> <span class='ocrx_word' id='word_1_707' title='bbox 349 5134 631 5203; x_wconf 84' lang='grc' dir='ltr'>γέννησιν,</span> <span class='ocrx_word' id='word_1_708' title='bbox 668 5134 809 5204; x_wconf 82' lang='grc' dir='ltr'>μετὰ</span> <span class='ocrx_word' id='word_1_709' title='bbox 835 5136 943 5189; x_wconf 84' lang='grc' dir='ltr'><strong>τῶν</strong></span> <span class='ocrx_word' id='word_1_710' title='bbox 970 5138 1243 5207; x_wconf 83' lang='grc' dir='ltr'>ποιμένων</span> <span class='ocrx_word' id='word_1_711' title='bbox 1271 5141 1627 5210; x_wconf 83' lang='grc' dir='ltr'>ἀναμιγέντες</span> <span class='ocrx_word' id='word_1_712' title='bbox 1649 5154 1700 5204; x_wconf 70' lang='grc'>⁸,</span> 
     </span>
    </p>
   </div>
   <div class='ocr_carea' id='block_1_105' title="bbox 112 5226 1697 5302">
    <p class='ocr_par' dir='ltr' id='par_1_105' title="bbox 112 5226 1697 5302">
     <span class='ocr_line' id='line_1_105' title="bbox 112 5226 1697 5302; baseline 0.005 -26"><span class='ocrx_word' id='word_1_713' title='bbox 112 5227 363 5296; x_wconf 60' lang='grc' dir='ltr'>ἐχκίρευον</span> <span class='ocrx_word' id='word_1_714' title='bbox 403 5226 689 5292; x_wconf 84' lang='grc' dir='ltr'>λέγοντες·</span> <span class='ocrx_word' id='word_1_715' title='bbox 726 5246 744 5277; x_wconf 77' lang='grc' dir='ltr'><strong>ι</strong></span> <span class='ocrx_word' id='word_1_716' title='bbox 773 5226 910 5291; x_wconf 73' lang='grc' dir='ltr'>Δόξα</span> <span class='ocrx_word' id='word_1_717' title='bbox 941 5230 999 5282; x_wconf 85' lang='grc' dir='ltr'>ὲν</span> <span class='ocrx_word' id='word_1_718' title='bbox 1030 5230 1277 5298; x_wconf 76' lang='grc' dir='ltr'>ὑψίστοις</span> <span class='ocrx_word' id='word_1_719' title='bbox 1307 5232 1446 5302; x_wconf 84' lang='grc' dir='ltr'>Θεῷ,</span> <span class='ocrx_word' id='word_1_720' title='bbox 1476 5234 1570 5285; x_wconf 74' lang='grc' dir='ltr'><strong>καὶ</strong></span> <span class='ocrx_word' id='word_1_721' title='bbox 1604 5234 1697 5286; x_wconf 72' lang='grc' dir='ltr'><strong>ἐπὶ</strong></span> 
     </span>
    </p>
   </div>
   <div class='ocr_carea' id='block_1_106' title="bbox 144 5317 1698 5387">
    <p class='ocr_par' dir='ltr' id='par_1_106' title="bbox 144 5317 1698 5387">
     <span class='ocr_line' id='line_1_106' title="bbox 144 5317 1698 5387; baseline 0.008 -24"><span class='ocrx_word' id='word_1_722' title='bbox 144 5318 204 5385; x_wconf 70' lang='grc' dir='ltr'>ἧς</span> <span class='ocrx_word' id='word_1_723' title='bbox 257 5318 483 5387; x_wconf 73' lang='grc' dir='ltr'>εἰρήνη,</span> <span class='ocrx_word' id='word_1_724' title='bbox 533 5318 592 5371; x_wconf 81' lang='grc' dir='ltr'>ἐν</span> <span class='ocrx_word' id='word_1_725' title='bbox 634 5317 943 5387; x_wconf 83' lang='grc' dir='ltr'>ἀνθρώποις</span> <span class='ocrx_word' id='word_1_726' title='bbox 990 5320 1226 5376; x_wconf 82' lang='grc' dir='ltr'>εὐδοκία.</span> <span class='ocrx_word' id='word_1_727' title='bbox 1256 5343 1273 5372; x_wconf 83' lang='grc'>›</span> <span class='ocrx_word' id='word_1_728' title='bbox 1324 5322 1509 5377; x_wconf 81' lang='grc' dir='ltr'>Ταῦτα</span> <span class='ocrx_word' id='word_1_729' title='bbox 1554 5324 1698 5386; x_wconf 86' lang='grc' dir='ltr'>τίνος</span> 
     </span>
    </p>
   </div>
   <div class='ocr_carea' id='block_1_107' title="bbox 177 5496 1189 5566">
    <p class='ocr_par' dir='ltr' id='par_1_107' title="bbox 177 5496 1189 5566">
     <span class='ocr_line' id='line_1_107' title="bbox 177 5496 1189 5566; baseline 0.003 -15"><span class='ocrx_word' id='word_1_730' title='bbox 177 5496 221 5528; x_wconf 68' lang='grc'>⁸³</span> <span class='ocrx_word' id='word_1_731' title='bbox 250 5496 436 5551; x_wconf 84' lang='lat' dir='ltr'><strong>Galat.</strong></span> <span class='ocrx_word' id='word_1_732' title='bbox 483 5516 521 5563; x_wconf 82' lang='grc' dir='ltr'><strong>ι,</strong></span> <span class='ocrx_word' id='word_1_733' title='bbox 553 5503 608 5566; x_wconf 83' lang='grc'>8,</span> <span class='ocrx_word' id='word_1_734' title='bbox 644 5497 696 5551; x_wconf 90' lang='lat'><strong>9.</strong></span> <span class='ocrx_word' id='word_1_735' title='bbox 779 5499 824 5529; x_wconf 79' lang='grc'><strong>⁸³</strong></span> <span class='ocrx_word' id='word_1_736' title='bbox 856 5497 986 5552; x_wconf 85' lang='lat' dir='ltr'><strong>Luc.</strong></span> <span class='ocrx_word' id='word_1_737' title='bbox 1024 5516 1072 5565; x_wconf 78' lang='grc' dir='ltr'><strong>ι,</strong></span> <span class='ocrx_word' id='word_1_738' title='bbox 1101 5501 1189 5555; x_wconf 79' lang='lat'><strong>35.</strong></span> 
     </span>
    </p>
   </div>
   <div class='ocr_carea' id='block_1_108' title="bbox 1268 5500 1887 5574">
    <p class='ocr_par' dir='ltr' id='par_1_108' title="bbox 1268 5500 1887 5574">
     <span class='ocr_line' id='line_1_108' title="bbox 1268 5500 1887 5574; baseline 0.01 -21"><span class='ocrx_word' id='word_1_739' title='bbox 1268 5500 1311 5531; x_wconf 74' lang='lat'><strong>“</strong></span> <span class='ocrx_word' id='word_1_740' title='bbox 1341 5503 1526 5556; x_wconf 86' lang='lat' dir='ltr'><strong>Matth.</strong></span> <span class='ocrx_word' id='word_1_741' title='bbox 1570 5519 1639 5568; x_wconf 87' lang='grc' dir='ltr'><strong>ιι,</strong></span> <span class='ocrx_word' id='word_1_742' title='bbox 1674 5504 1693 5556; x_wconf 85' lang='grc' dir='ltr'><strong>ι</strong></span> <span class='ocrx_word' id='word_1_743' title='bbox 1733 5519 1887 5574; x_wconf 85' lang='lat' dir='ltr'><strong>seqq.</strong></span> 
     </span>
    </p>
   </div>
   <div class='ocr_carea' id='block_1_109' title="bbox 1798 5138 3381 5212">
    <p class='ocr_par' dir='ltr' id='par_1_109' title="bbox 1798 5138 3381 5212">
     <span class='ocr_line' id='line_1_109' title="bbox 1798 5138 3381 5212; baseline -0.004 -16"><span class='ocrx_word' id='word_1_744' title='bbox 1798 5152 1922 5196; x_wconf 89' lang='lat' dir='ltr'><strong>runt</strong></span> <span class='ocrx_word' id='word_1_745' title='bbox 1950 5143 2019 5197; x_wconf 89' lang='lat' dir='ltr'><strong>de</strong></span> <span class='ocrx_word' id='word_1_746' title='bbox 2051 5143 2212 5207; x_wconf 65' lang='lat' dir='ltr'><strong>caelo,</strong></span> <span class='ocrx_word' id='word_1_747' title='bbox 2243 5158 2366 5199; x_wconf 91' lang='lat' dir='ltr'><strong>cum</strong></span> <span class='ocrx_word' id='word_1_748' title='bbox 2402 5142 2710 5212; x_wconf 81' lang='lat' dir='ltr'><strong>pastoribus</strong></span> <span class='ocrx_word' id='word_1_749' title='bbox 2749 5141 2916 5203; x_wconf 87' lang='lat' dir='ltr'><strong>misti,</strong></span> <span class='ocrx_word' id='word_1_750' title='bbox 2963 5141 3027 5193; x_wconf 91' lang='lat' dir='ltr'><strong>de</strong></span> <span class='ocrx_word' id='word_1_751' title='bbox 3075 5138 3245 5193; x_wconf 89' lang='lat' dir='ltr'><strong>natali</strong></span> <span class='ocrx_word' id='word_1_752' title='bbox 3284 5138 3381 5190; x_wconf 90' lang='lat' dir='ltr'><strong>tri-</strong></span> 
     </span>
    </p>
   </div>
   <div class='ocr_carea' id='block_1_110' title="bbox 1796 5229 3382 5306">
    <p class='ocr_par' dir='ltr' id='par_1_110' title="bbox 1796 5229 3382 5306">
     <span class='ocr_line' id='line_1_110' title="bbox 1796 5229 3382 5306; baseline -0.007 -15"><span class='ocrx_word' id='word_1_753' title='bbox 1796 5237 2085 5306; x_wconf 87' lang='lat' dir='ltr'><strong>pudiarunt</strong></span> <span class='ocrx_word' id='word_1_754' title='bbox 2112 5276 2128 5302; x_wconf 93' lang='lat'><strong>,</strong></span> <span class='ocrx_word' id='word_1_755' title='bbox 2159 5236 2400 5291; x_wconf 85' lang='lat' dir='ltr'><strong>dicentes</strong></span> <span class='ocrx_word' id='word_1_756' title='bbox 2438 5253 2451 5289; x_wconf 90' lang='lat'>:</span> <span class='ocrx_word' id='word_1_757' title='bbox 2502 5252 2522 5286; x_wconf 74' lang='grc' dir='ltr'><strong>ι</strong></span> <span class='ocrx_word' id='word_1_758' title='bbox 2552 5232 2737 5289; x_wconf 85' lang='lat' dir='ltr'><strong>Gloria</strong></span> <span class='ocrx_word' id='word_1_759' title='bbox 2784 5233 2838 5286; x_wconf 94' lang='lat' dir='ltr'><strong>in</strong></span> <span class='ocrx_word' id='word_1_760' title='bbox 2886 5231 3119 5286; x_wconf 80' lang='lat' dir='ltr'><strong>excelsis</strong></span> <span class='ocrx_word' id='word_1_761' title='bbox 3158 5229 3288 5292; x_wconf 89' lang='lat' dir='ltr'><strong>Deo,</strong></span> <span class='ocrx_word' id='word_1_762' title='bbox 3327 5238 3382 5282; x_wconf 90' lang='lat' dir='ltr'><strong>et</strong></span> 
     </span>
    </p>
   </div>
   <div class='ocr_carea' id='block_1_111' title="bbox 1796 5320 3379 5395">
    <p class='ocr_par' dir='ltr' id='par_1_111' title="bbox 1796 5320 3379 5395">
     <span class='ocr_line' id='line_1_111' title="bbox 1796 5320 3379 5395; baseline -0.006 -12"><span class='ocrx_word' id='word_1_763' title='bbox 1796 5329 1849 5383; x_wconf 91' lang='lat' dir='ltr'><strong>in</strong></span> <span class='ocrx_word' id='word_1_764' title='bbox 1888 5337 2029 5383; x_wconf 90' lang='lat' dir='ltr'><strong>terra</strong></span> <span class='ocrx_word' id='word_1_765' title='bbox 2062 5343 2189 5395; x_wconf 84' lang='lat' dir='ltr'><strong>pax,</strong></span> <span class='ocrx_word' id='word_1_766' title='bbox 2226 5327 2275 5380; x_wconf 91' lang='lat' dir='ltr'><strong>in</strong></span> <span class='ocrx_word' id='word_1_767' title='bbox 2310 5327 2619 5381; x_wconf 90' lang='lat' dir='ltr'><strong>hominibus</strong></span> <span class='ocrx_word' id='word_1_768' title='bbox 2648 5326 2789 5381; x_wconf 84' lang='lat' dir='ltr'><strong>bona</strong></span> <span class='ocrx_word' id='word_1_769' title='bbox 2822 5322 3068 5379; x_wconf 85' lang='lat' dir='ltr'><strong>voluntas</strong></span> <span class='ocrx_word' id='word_1_770' title='bbox 3096 5321 3165 5376; x_wconf 76' lang='lat'><strong>&quot;.</strong></span> <span class='ocrx_word' id='word_1_771' title='bbox 3200 5339 3218 5371; x_wconf 69' lang='grc' dir='ltr'><strong>ι</strong></span> <span class='ocrx_word' id='word_1_772' title='bbox 3255 5320 3379 5374; x_wconf 65' lang='lat' dir='ltr'><strong>llaec</strong></span> 
     </span>
    </p>
   </div>
   <div class='ocr_carea' id='block_1_112' title="bbox 1965 5503 2388 5568">
    <p class='ocr_par' dir='ltr' id='par_1_112' title="bbox 1965 5503 2388 5568">
     <span class='ocr_line' id='line_1_112' title="bbox 1965 5503 2388 5568; baseline -0.007 -10"><span class='ocrx_word' id='word_1_773' title='bbox 1965 5505 2009 5536; x_wconf 73' lang='lat'><strong>“</strong></span> <span class='ocrx_word' id='word_1_774' title='bbox 2047 5503 2181 5559; x_wconf 88' lang='lat' dir='ltr'><strong>Luc.</strong></span> <span class='ocrx_word' id='word_1_775' title='bbox 2217 5503 2271 5568; x_wconf 73' lang='lat'><strong>9.,</strong></span> <span class='ocrx_word' id='word_1_776' title='bbox 2305 5503 2388 5556; x_wconf 73' lang='grc' dir='ltr'>Η.</span> 
     </span>
    </p>
   </div>
   <div class='ocr_carea' id='block_1_113' title="bbox 1173 5655 2349 5729">
    <p class='ocr_par' dir='ltr' id='par_1_113' title="bbox 1173 5655 2349 5729">
     <span class='ocr_line' id='line_1_113' title="bbox 1173 5655 2349 5729; baseline 0.002 -21"><span class='ocrx_word' id='word_1_777' title='bbox 1173 5655 1343 5712; x_wconf 78' lang='lat' dir='ltr'><strong>Varia:</strong></span> <span class='ocrx_word' id='word_1_778' title='bbox 1378 5656 1636 5715; x_wconf 85' lang='lat' dir='ltr'><strong>lectiones</strong></span> <span class='ocrx_word' id='word_1_779' title='bbox 1666 5675 1726 5714; x_wconf 80' lang='lat' dir='ltr'><strong>ex</strong></span> <span class='ocrx_word' id='word_1_780' title='bbox 1762 5658 1949 5714; x_wconf 88' lang='lat' dir='ltr'><strong>codice</strong></span> <span class='ocrx_word' id='word_1_781' title='bbox 1978 5658 2349 5729; x_wconf 79' lang='lat' dir='ltr'><strong>Seguicriano.</strong></span> 
     </span>
    </p>
   </div>
   <div class='ocr_carea' id='block_1_114' title="bbox 170 5808 1412 5881">
    <p class='ocr_par' dir='ltr' id='par_1_114' title="bbox 170 5808 1412 5881">
     <span class='ocr_line' id='line_1_114' title="bbox 170 5808 1412 5881; baseline 0.006 -22"><span class='ocrx_word' id='word_1_782' title='bbox 170 5817 201 5859; x_wconf 73' lang='grc' dir='ltr'><strong>τ’</strong></span> <span class='ocrx_word' id='word_1_783' title='bbox 231 5813 440 5864; x_wconf 79' lang='grc' dir='ltr'>τοῦτον.</span> <span class='ocrx_word' id='word_1_784' title='bbox 524 5820 543 5847; x_wconf 78' lang='grc' dir='ltr'><strong><em>ι</em></strong></span> <span class='ocrx_word' id='word_1_785' title='bbox 574 5808 866 5879; x_wconf 85' lang='grc' dir='ltr'>παρίεσαν.</span> <span class='ocrx_word' id='word_1_786' title='bbox 945 5821 969 5851; x_wconf 71' lang='grc' dir='ltr'><strong>ε</strong></span> <span class='ocrx_word' id='word_1_787' title='bbox 996 5808 1412 5881; x_wconf 74' lang='grc' dir='ltr'>ἀναμιγνύντες.</span> 
     </span>
    </p>
   </div>
  </div>
