4042 6428
651 346 759 400 319

1650 337 1711 392 ε..
1758 334 2034 392 CYlllLL.
2075 329 2549 388 ALEXANDRINI
2588 328 2910 385 ARCHIEP.

3834 320 3935 377 5'20

649 464 801 531 cujus
844 461 1087 517 indtcia?
1123 461 1386 525 carnalis,
1434 475 1502 514 an
1549 460 1664 529 ejus
1714 474 1834 528 qua:
1878 460 2047 512 Deum
2078 457 2235 511 decet

2358 453 2666 523 ιηνύματας
2697 450 2996 521 Σαρκικῆς,
3019 448 3051 519 ἢ
3076 444 3413 519 θεοπρεποῦς
3439 442 3780 514 γεννήσεως;
3813 440 3938 493 Ἀλ-

647 556 994 610 nativitatis?
1029 553 1086 606 Et
1123 554 1323 622 alioqui
1362 554 1406 607 si
1445 554 1650 620 absque
1695 552 1965 615 examine,
2003 558 2059 603 et
2092 548 2240 615 judi-

648 650 733 701 cio
767 649 818 700 in
857 647 975 714 ejus
1009 662 1168 699 voces
1214 645 1596 705 illcitiel'ittllls,
1637 654 1691 697 et
1732 642 2143 697 conversionem
2187 650 2241 694 et

654 738 1138 790 commutationem
1171 735 1331 790 Verbi
1367 736 1419 789 in
1454 749 1673 788 carnem
1709 734 2152 802 imaginabimur,
2189 742 2244 786 et

648 830 726 883 sic
758 829 922 882 etiam
950 838 1229 898 peccatum
1252 830 1297 859 "
1315 837 1369 882 et
1394 827 1738 882 maledictum
1770 827 1813 859 δ’
1843 828 2015 893 ipsum
2044 826 2243 879 factum

649 933 767 972 esse
804 919 1212 987 suSpieabimur
1242 936 1254 971 :
1292 919 1335 972 si
1368 919 1584 987 quidem
1616 921 1796 972 minus
1830 920 1896 971 ad
1932 918 2240 985 sequentia,

648 1009 733 1063 vel
780 1010 1142 1079 praecedentia
1180 1020 1471 1064 contextus
1514 1010 1807 1074 sermonis,
1852 1018 1906 1063 et
1956 1008 2021 1061 ad
2073 1009 2242 1075 ipsam

647 1102 1099 1156 consuetudinem
1156 1100 1454 1171 Scriptura:
1493 1103 1911 1156 attenderitnus.
1970 1099 2241 1155 Caeterum

647 1206 864 1247 carnem
906 1208 1029 1247 esse
1079 1191 1279 1247 factum
1319 1192 1577 1255 Verbum,
1628 1192 1954 1260 rectejnxta
1996 1192 2245 1260 Evange-

649 1281 842 1346 liorum
883 1292 1144 1349 mentem,
1179 1282 1573 1338 habitationem
1612 1283 1664 1335 in
1697 1297 1861 1337 carne
1894 1282 2239 1351 exponimus.

1197 1410 1445 1481 Defensio
1474 1410 1688 1481 Cyrilli.

720 1540 1151 1611 Dispensationis
1184 1544 1448 1616 unigeniti
1481 1544 1602 1600 Filii
1640 1544 1733 1599 Dei
1772 1544 1826 1599 in
1857 1560 2027 1601 carne
2057 1561 2246 1601 saera—

649 1643 889 1687 mentum
923 1635 1358 1704 sapientissimus
1386 1635 1627 1692 Joannes
1661 1637 1923 1702 declarat,
1958 1638 2240 1693 scribens:

654 1740 671 1772 ι
686 1722 748 1775 Ει
768 1724 1000 1779 Verbum
1021 1739 1149 1778 caro
1168 1725 1366 1780 factum
1390 1735 1495 1793 est,
1523 1736 1577 1780 et
1600 1726 1868 1782 habitavit
1888 1729 1937 1782 in
1962 1727 2118 1783 nobis
2138 1728 2203 1785 “.
2220 1749 2239 1781 ι

2342 544 2448 607 λως
2496 560 2555 597 τε
2586 545 2636 596 εί
2687 542 3069 605 άΰασανίστως
3108 542 3229 603 ταῖς
3276 538 3483 608 φωναῖς
3531 534 3867 605 ὲμόάλοιμεν
3892 533 3937 595 ι),

2344 638 2439 690 καὶ
2468 635 2676 706 τροπὴν
2710 634 2806 687 τοῦ
2837 622 3029 702 λόγου,
3055 632 3149 685 καὶ
3188 629 3496 700 μεταϐολὴν
3521 627 3619 698 τὴν
3650 626 3729 688 εἰς
3762 627 3940 695 σάρκα

2344 726 2873 798 φαντασθησόμεθαο
2901 726 2996 779 καὶ
3022 724 3195 786 οὕτως
3222 722 3317 776 καὶ
3339 719 3615 791 ἁμαρτίαν
3638 718 3824 781 αὑτὸν,
3855 717 3944 768 καὶ

2345 820 2591 890 κατάραν
2645 812 2981 887 γεγενῆσθαι
3030 812 3457 886 ὑποληψόμεθα,
3502 811 3549 862 εί
3583 810 3697 871 τοῖς
3742 806 3944 876 ἑπομέ-

2343 928 2474 974 νοιςν
2505 910 2537 981 ἢ
2580 908 2904 980 ἡγουμένοις
2934 907 3044 961 τῶν
3085 907 3377 976 κειμένων,
3407 903 3503 957 καὶ
3545 901 3683 970 αὐτῇ
3714 901 3780 969 τῇ
3820 914 3946 949 συν-

2341 1001 2503 1072 ηοείᾳ
2554 1002 2653 1071 τῆς
2702 1001 2739 1052 Γ
2743 1000 2927 1071 ραφῆς
2965 1001 3037 1070 μὴ
3103 999 3490 1070 προσέχοιμεν.
3531 992 3697 1048 Ἀλλὰ
3742 991 3854 1061 γὰρ
3887 990 3945 1042 τὸ

2347 1092 2606 1161 γενέσθαι
2636 1094 2815 1162 σάρκα
2842 1092 2933 1144 τὸν
2961 1092 3155 1159 Λόγον,
3185 1090 3282 1160 τὴν
3307 1091 3365 1142 tv
3388 1089 3454 1157 τῇ
3482 1084 3647 1157 σαρκὶ
3670 1085 3947 1151 σκήνωσιν

2347 1183 2527 1247 καλῶς
2551 1184 2968 1253 ὲκλαμ“6άνομεν
2997 1182 3140 1236 κατὰ
3168 1180 3265 1251 τὴν
3300 1179 3408 1232 τῶν
3438 1176 3789 1245 Εὑαγγελίων
3828 1172 3945 1226 διὰο

2345 1294 2511 1331 νοιαν.

2810 1408 3122 1477 Ἀπολογία
3156 1406 3487 1473 Κυρίλλου.

2418 1543 2530 1611 Τῆς
2559 1538 2699 1612 μετὰ
2733 1540 2934 1610 σαρκὸς
2973 1537 3285 1607 οἰκονομίας
3318 1536 3409 1589 τοῦ
3453 1534 3781 1604 μονογενοῦς
3815 1533 3950 1587 Υίοῦ

2346 1632 2440 1686 τοῦ
2471 1632 2606 1684 Θεοῦ
2638 1617 2696 1684 τὸ
2734 1632 3033 1702 μυστήριον
3062 1632 3090 1683 ὁ
3121 1631 3397 1699 πάνσοφος
3430 1628 3687 1698 Ἰωάννης
3715 1628 3949 1699 διατρα-

2348 1726 2431 1778 νοῖ
2464 1723 2867 1794 γεγραφηκὼς·
2906 1740 2923 1774 t
2958 1723 3067 1776 Kal.
3112 1722 3335 1790 όΛόγος
3380 1720 3519 1792 σὰρξ
3568 1722 3807 1789 ἐγένετο,
3846 1720 3947 1773 καὶ

649 1814 772 1869 Ηιυρ
806 1827 952 1870 recte
988 1817 1348 1887 iulelligentes
1397 1819 1538 1874 beati
1574 1818 1762 1874 Patres
1794 1821 1923 1876 olim
1962 1821 2016 1875 in
2062 1820 2239 1876 Nicaea

2358 1815 2652 1884 :3x-qvwosv
2682 1814 2740 1865 tv
2772 1815 2925 1882 ἡμῖν.
2956 1830 2974 1863 ι
3011 1811 3199 1865 Ταῦτα
3235 1810 3509 1868 συνιέντες
3538 1810 3716 1880 ὀρθῶς
3746 1812 3795 1863 oi.
3834 1827 3948 1879 μα-

648 1910 965 1978 c0ngregati
999 1910 1276 1975 dixerunt,
1327 1912 1499 1980 ipsum
1548 1910 1787 1967 Verbum
1843 1929 1908 1967 ex
1944 1914 2053 1967 Deo
2088 1912 2247 1969 Patre

648 2011 858 2062 nattnn,
893 2015 989 2068 per
1018 2002 1162 2071 quod
1204 2002 1385 2057 omnia
1438 2001 1567 2057 fecit
1613 2004 1791 2070 Pater,
1828 2006 2014 2058 lumen
2056 2006 2122 2059 de
2164 2005 2247 2058 lu-

647 2090 815 2153 mine,
847 2089 1014 2144 Deutn
1047 2106 1231 2145 verum
1264 2092 1328 2146 de
1358 2092 1466 2146 Deo
1500 2109 1651 2157 vero,
1704 2095 2045 2151 iuearnatum
2077 2106 2130 2151 et
2161 2098 2246 2150 in-

651 2180 1005 2234 humanatttm
1059 2196 1201 2246 esse,
1251 2183 1354 2236 hoc
1402 2194 1507 2249 est,
1555 2186 1767 2238 unitum
1816 2187 1966 2240 carui
2011 2188 2247 2241 animam

648 2271 870 2325 habenti
930 2273 1276 2338 rationalem,
1314 2284 1368 2329 et
1412 2276 1691 2330 hominem
1742 2278 1941 2331 factum
1990 2293 2139 2343 esse;
2197 2289 2249 2333 et

646 2376 768 2413 cum
805 2360 908 2415 hoc
934 2362 1097 2416 etiam
1132 2364 1400 2419 mansisse
1429 2364 1617 2421 Deum.
1654 2366 1807 2433 Quod
1839 2378 2018 2421 autem
2045 2368 2251 2437 absque

644 2456 1007 2510 conversione
1032 2466 1085 2510 et
1113 2457 1437 2514 confusione
1464 2459 1682 2515 unionis
1710 2461 1870 2531 160
1888 2477 2024 2529 opus
2044 2462 2247 2517 factum

646 2548 753 2607 est,
790 2554 1067 2610 manente,
1107 2555 1163 2597 ut
1204 2546 1339 2611 dixi,
1394 2546 1505 2601 Deo
1541 2548 1717 2603 Verbo
1758 2551 1807 2603 id
1852 2552 1995 2619 quod
2025 2560 2125 2615 est,
2166 2563 2248 2604 ta-

648 2634 804 2689 metsi
846 2634 1048 2690 factum
1085 2638 1155 2692 sit
1187 2653 1317 2692 caro
1347 2640 1726 2709 (immutabile
1759 2641 1903 2695 enim
1951 2646 2249 2696 secundum

649 2735 902 2780 naturam
941 2728 1088 2793 est),
1120 2728 1251 2783 nulli
1289 2730 1537 2783 dubium.
1578 2730 1712 2784 Natu
1746 2736 1888 2799 quod
1922 2731 2122 2785 dicitur
2169 2733 2252 2785 itt-

2349 1906 2528 1975 κάριον
2557 1905 2822 1975 Πατέρες,
2842 1907 2889 1958 οἱ
2928 1903 3070 1957 κατὰ
3100 1904 3327 1975 καιροὺς
3348 1905 3405 1955 tv
3434 1905 3500 1973 τῇ
3536 1902 3789 1956 Νικαέων
3818 1919 3951 1955 συν-

2349 1997 2675 2065 ειλεγμένοι,
2703 1995 2866 2049 αὐτὸν
2899 1995 3109 2064 ἔφασαν
3140 1994 3232 2046 τὸν
3260 1994 3325 2046 ὲκ
3358 1992 3494 2046 Θεοῦ
3526 1993 3741 2065 Πατρδς
3772 1993 3955 2063 φύντα

2350 2084 2544 2154 Λόγον,
2582 2085 2673 2137 τὸν
2717 2085 2785 2136 δι’
2811 2079 2870 2137 οῦ
2908 2086 2977 2136 τά
3012 2084 3193 2138 πάντα
3236 2083 3537 2155 πεποίηκεν
3567 2086 3595 2138 ό
3628 2084 3858 2155 Πατὴρ,
3894 2084 3955 2136 τὸ

2350 2178 2465 2245 φῶς
2499 2178 2557 2229 τὸ
2590 2180 2655 2230 ὲκ
2702 2176 2797 2229 τοῦ
2835 2176 3044 2245 φωτὸς,
3096 2175 3188 2227 τδν
3231 2174 3364 2227 Θεὸν
3404 2174 3662 2245 ἀληθινὸν
3703 2176 3769 2228 ὲκ
3808 2174 3955 2228 Θεοῦ

2350 2269 2631 2339 ἀληθινοῦ,
2664 2267 3017 2339 σαρκωθῆναί
3046 2284 3107 2319 τε
3139 2267 3233 2320 καὶ
3276 2266 3735 2337 ὲνανθρωπῆσαι’
3782 2284 3955 2320 τουτ-

2351 2360 2499 2413 έστιν
2540 2360 2807 2429 ὲνωθῆναι
2859 2359 3027 2429 σαρκὶ
3075 2359 3255 2429 ψυχὴν
3306 2358 3507 2430 ἐχούσῃ
3552 2359 3652 2431 τὴν
3698 2359 3955 2430 λογικὴν,

2352 2454 2446 2505 καὶ
2469 2453 2757 2523 ἄνθρωπον
2784 2450 3040 2520 γενέσθαι
3073 2450 3211 2521 μετὰ
3233 2450 3329 2502 τοῦ
3354 2451 3445 2503 καὶ
3472 2452 3767 2520 άπομεῖναι
3790 2450 3954 2505 Θεόν.

2354 2546 2479 2597 Ὅτι
2506 2544 2564 2595 δὲ
2598 2545 2889 2614 ἀτρέπτως
2918 2559 2977 2595 τε
3006 2543 3099 2595 καὶ
3129 2541 3453 2609 ἀσυγχῦτως
3484 2542 3544 2594 τὸ
3569 2542 3671 2611 τῆς
3702 2540 3959 2606 ὲνώσεως

2352 2636 2667 2707 πέπρακται
2698 2636 2909 2705 χρῆμα,
2956 2634 3352 2704 μεμενηκότος,
3378 2634 3453 2695 ὡς
3488 2632 3644 2703 ἔφην,
3687 2634 3782 2686 τοῦ
3811 2634 3961 2688 Θεοῦ

2351 2728 2529 2795 Λόγου
2579 2726 2725 2778 τοῦθ’
2754 2728 2893 2795 ὅπερ
2924 2724 3075 2789 ἐστὶ,
3123 2725 3217 2776 καὶ
3246 2726 3296 2778 εἰ
3343 2724 3534 2793 γέγονε
3571 2724 3742 2793 σὰρξ,
3790 2726 3961 2778 ἀναλ-

649 2818 891 2882 carnari,
924 2833 1028 2873 non
1064 2820 1118 2873 in
1160 2820 1344 2875 carnis
1388 2831 1637 2875 naturam
1679 2823 1930 2887 vertitur,
1972 2824 2067 2877 sed
2104 2823 2250 2876 aliud

2358 2819 2571 2882 λοίωτος
2601 2818 2709 2887 γάρ
2740 2817 2881 2870 κατὰ
2910 2815 3071 2885 φύσιν
3104 2816 3274 2880 ἐστὶν,
3302 2815 3481 2868 οὐδενὶ
3509 2815 3619 2868 τῶν
3650 2816 3819 2867 ὄντων
3857 2818 3965 2885 ἀμ-

649 2910 905 2978 quiddam
944 2911 1013 2965 ab
1045 2910 1156 2976 illa,
1188 2920 1244 2966 et
1286 2912 1334 2965 ei
1369 2914 1575 2965 unitum
1611 2912 1953 2982 intelligitur.
1994 2912 2087 2967 Sic
2126 2928 2252 2967 sen-

2358 2909 2595 2979 φίὸολον.
2621 2909 2696 2961 Τὸ
2725 2906 2834 2977 γὰρ
2871 2904 3208 2977 σαρκοῦσθαι
3240 2906 3556 2975 λεγόμενον,
3584 2908 3685 2959 οὐκ
3715 2907 3795 2970 είς
3828 2924 3965 2977 σαρ-

651 3002 850 3055 tientes
892 3002 1035 3056 beati
1089 3001 1281 3057 Patres
1329 3004 1425 3058 Dei
1457 3004 1777 3074 genitricem
1832 2989 2252 3058 nominaverunt

2358 2998 2449 3060 κὸς
2482 2996 2748 3068 τρέπεται
2784 2995 2968 3065 φύσιν,
3014 2996 3128 3049 ἀλλ’
3160 2996 3349 3066 ἕτερόν
3380 3014 3431 3049 τι
3462 2998 3724 3049 ἐννοεῖται
3756 3010 3777 3036 ε
3821 3000 3964 3067 παρ’

651 3105 902 3148 sanctam
931 3094 1224 3164 virginem.
1261 3094 1627 3149 Crediderunt
1672 3096 1841 3161 enim,
1889 3095 2030 3165 quod
2069 3096 2251 3149 incar-

2358 3091 2529 3161 αὐτὴν
2560 3090 2830 3161 ὑπάρχον,
2872 3088 2967 3141 καὶ
2999 3088 3198 3141 ὲνωθὲν
3230 3089 3393 3160 αὐτῇ.
3425 3088 3584 3143 Οὕτω
3629 3091 3966 3159 φρονοῦντες

652 3196 841 3239 natum
877 3197 931 3241 et
970 3186 1249 3240 hominem
1289 3186 1493 3240 factum
1526 3186 1778 3256 genuerit
1830 3185 2026 3241 Filium
2071 3185 2247 3251 illum,

2358 3184 2403 3235 oi.
2437 3182 2696 3254 μακάριοι
2740 3180 3002 3251 Πατέρες,
3036 3180 3299 3235 Θεοτόκον
3332 3181 3625 3250 ὠνόμασαν
3657 3183 3756 3253 τὴν
3792 3185 3969 3253 ἁγίαν

651 3292 749 3341 per
778 3293 937 3347 quem
975 3280 1158 3334 omnia
1191 3277 1321 3334 fecit
1363 3280 1546 3335 Pater.
1584 3276 1785 3334 Verum
1825 3277 2109 3333 Nestorius
2152 3294 2251 3331 no-

2358 3275 2651 3347 Παρθένον.
2697 3272 3108 3327 Πεπιστεύκασι
3164 3272 3274 3345 γὰρ
3328 3275 3409 3327 ὅτι
3464 3275 3816 3346 σαρκωθέντα
3869 3279 3971 3331 καὶ

652 3370 915 3423 vellarttm
942 3370 1398 3441 blasphemiarum
1420 3372 1672 3426 inventor
1701 3387 1823 3425 cum
1849 3371 1949 3425 hac
1975 3372 2250 3425 sententia

2358 3367 2861 3438 ὲνανθρωπήσαντα
2892 3367 3195 3435 γεγέννηκε
3239 3368 3330 3419 τὸν
3383 3368 3532 3429 Υίὺν,
3578 3369 3670 3421 τὸν
3702 3370 3768 3422 δι’
3795 3362 3861 3423 οὗ
3896 3372 3971 3423 τά

653 3474 923 3529 pugnans,
967 3461 1240 3527 improbat
1279 3461 1499 3530 quidem
1549 3477 1737 3518 vocem
1784 3462 1943 3525 hanc,
1978 3460 2069 3514 Dei
2102 3464 2249 3530 geni-

2358 3459 2539 3512 πάντα
2580 3459 2883 3529 πεποίηκεν
2926 3461 2954 3511 ό
3000 3459 3213 3529 Πατήρ.
3263 3459 3321 3512 Ὀ
3356 3459 3413 3511 δὲ
3472 3459 3582 3511 τῶν
3632 3460 3768 3512 νέων
3829 3463 3974 3531 ἡμῖν

656 3551 785 3616 trix,
819 3554 977 3623 quasi
1022 3570 1129 3607 non
1165 3554 1239 3608 sit
1268 3571 1395 3610 vere
1428 3556 1606 3617 dicta;
1653 3554 1866 3608 dicebat
1902 3563 2083 3606 autem
2113 3555 2192 3608 sic
2237 3571 2251 3607 :

2358 3551 2683 3620 δυσφημιῶν
2764 3552 2994 3621 εὑρετὴς
3068 3552 3367 3621 Nsce-opto;
3418 3551 3595 3621 τοιᾷδε
3658 3553 3977 3623 μαχόμενος

655 3640 1013 3713 Interrogavi,
1055 3643 1251 3712 inquit,
1295 3660 1439 3714 saepe
1476 3659 1571 3700 eos
1610 3662 1624 3699 :
1664 3645 2018 3700 Divinitatem
2071 3654 2252 3698 natam

2359 3641 2511 3713 δόξῃ,
2542 3640 2993 3712 κατακιόδηλεύει
3027 3642 3123 3711 μὲν
3147 3640 3172 3680 δ
3205 3642 3281 3706 ὡς
3307 3643 3407 3696 οὐκ
3439 3639 3609 3697 οὖσαν
3643 3645 3827 3715 ἀληθῆ
3866 3648 3976 3717 τὴν

656 3731 835 3788 dicitis
875 3748 906 3787 e
952 3732 1111 3788 beata
1158 3733 1424 3806 Virgine?
1474 3734 1740 3789 Resiliunt
1781 3736 1964 3790 statim
2008 3736 2073 3789 ad
2118 3738 2252 3791 hanc

2365 3737 2629 3799 Θεότοκος
2672 3737 2889 3807 φωνήν·
2928 3736 3031 3806 ἔφη
3101 3735 3159 3788 δὲ
3204 3735 3405 3799 οὕτως’
3448 3736 3761 3809 Ἠρώτησα,
3794 3742 3977 3811 φησὶ,

658 3837 870 3877 vocem.
912 3822 978 3877 Et
1022 3824 1166 3894 quis,
1225 3826 1420 3895 inquit,
1471 3836 1620 3879 tanto
1664 3826 2020 3893 blasphemia:
2070 3829 2260 3882 morbo

658 3911 897 3975 laborat,
927 3923 986 3965 ut
1020 3928 1143 3982 qua:
1171 3915 1356 3983 genuit
1385 3914 1668 3983 templum,
1700 3916 1752 3967 in
1787 3914 1875 3968 illa
1902 3917 2048 3970 dicat
2081 3934 2107 3967 a
2140 3914 2260 3985 Spi-

658 4005 766 4058 ritu
796 4015 987 4059 sancto
1021 4004 1190 4059 Deum
1224 4014 1472 4060 creatum
1502 4005 1665 4059 esse?
1697 4005 1899 4059 Deinde
1924 4008 2142 4074 quando
2181 4008 2264 4059 iu-

662 4100 933 4154 lerimus:
979 4097 1118 4164 Quid
1161 4098 1325 4167 igitur
1356 4100 1654 4153 absurdum
1703 4113 1798 4151 nos
1831 4098 2087 4162 dicimus,
2132 4113 2265 4154 cutt-

660 4186 901 4241 suleules
932 4186 1239 4255 fugiendam
1267 4186 1412 4241 illam
1449 4202 1658 4249 vocem,
1684 4198 1737 4242 et
1756 4187 1993 4242 eundum
2022 4189 2088 4241 ad
2116 4203 2265 4243 com-

660 4292 880 4331 munem
915 4278 1203 4344 ntriusque
1235 4288 1443 4331 naturte
1474 4278 1842 4347 signiﬁcatum
1863 4279 1885 4331 ?
1907 4279 1957 4333 id
1986 4288 2115 4333 tunc
2144 4280 2266 4335 bla-

663 4368 885 4437 spheme
932 4368 1138 4423 dictum
1196 4378 1415 4436 putant.
1478 4370 1574 4422 Vel
1633 4371 1897 4427 conﬁtere
1949 4372 2265 4439 manifeste,

2364 3828 2625 3889 πολλάκις
2665 3827 2890 3890 αὐτούς·
2928 3826 3039 3897 Τὴν
3070 3826 3312 3894 Θεότητα
3362 3827 3549 3896 λέγετε
3600 3830 3978 3901 γεγεννῆσθαι

2365 3920 2428 3971 ἐκ
2449 3920 2547 3989 τῆς
2576 3902 2855 3989 μακαρίας
2882 3919 3163 3989 Παρθένου
3190 3936 3204 3984 ;
3240 3920 3621 3988 Ἀποπηδῶσιν
3642 3920 3805 3985 εὐθὺς
3829 3924 3981 3994 πρὸς

2364 4008 2426 4059 τὸ
2454 4008 2628 4077 ρἧα³
2655 3999 2899 4075 Καΐτίς,
2930 4010 3085 4079 φησὶ,
3111 4009 3383 4080 τοσαύτην
3412 4010 3767 4081 βλασφημίαν
3795 4015 3979 4079 νοσεῖ,

2364 4098 2441 4161 ὼς
2470 4099 2687 4170 ἐκείνην
2714 4102 2815 4170 τὴν
2844 4103 3187 4171 γεννήσασαν
3216 4102 3307 4155 τὸν
3332 4102 3461 4155 ναὸν
3485 4103 3667 4171 λέγειν
3691 4104 3847 4173 παρὰ
3878 4106 3982 4159 τοῦ

2370 4186 2689 4258 Πνεῦματος
2722 4190 2811 4243 τὸν
2842 4191 2975 4245 Θεὸν
3006 4194 3063 4244 tv
3098 4193 3283 4265 ἐκείνῃ
3310 4194 3559 4247 ἐκτίσθαι
3586 4206 3644 4259 °;
3682 4192 3815 4249 Εἶτα
3840 4198 3987 4252 ὅταν

2370 4281 2744 4349 ὲπαγάγωμεν
2772 4280 2815 4319 ί·
2844 4283 2908 4335 Τί
2940 4278 3033 4336 οὖν
3063 4284 3265 4337 ἄτοπον
3310 4286 3473 4354 ἡμεῖς
3514 4284 3771 4357 λέγομεν,
3832 4306 3986 4359 συμ-

2372 4369 2723 4433 ϐουλεύοντες
2762 4374 2957 4439 φυγεῖν
2994 4374 3094 4443 τὴν
3126 4374 3329 4444 φωνὴν,
3360 4375 3456 4428 καὶ
3487 4375 3745 4447 ἔρχεσθαι
3778 4380 3878 4433 ἐπὶ
3918 4382 3988 4434 τὺ

662 4460 917 4514 deitatem
956 4474 1023 4514 ex
1059 4460 1216 4514 beata
1265 4459 1433 4515 Maria
1458 4470 1637 4518 natam
1678 4476 1845 4520 esse:
1880 4463 1990 4528 vel,
2028 4463 2074 4519 si
2119 4465 2252 4535 iugis

2372 4462 2549 4517 κοινὸν
2601 4464 3003 4533 σημαινόμενον
3047 4467 3157 4519 τῶν
3190 4466 3284 4520 δύο
3326 4468 3584 4536 φύσεων;
3626 4470 3762 4523 Τότε
3812 4476 3983 4544 νομίο

662 4552 804 4607 hane
846 4551 1215 4620 blasphemam
1251 4566 1460 4617 vocem,
1508 4568 1607 4607 cur
1642 4557 1733 4623 qui
1781 4555 1971 4611 eadem
2015 4554 2181 4621 dicis,
2212 4566 2252 4608 ιε

2370 4550 2522 4615 ζεται
2555 4553 2769 4617 ἑαυτοῖς
2801 4550 2938 4607 εἶναι
2978 4554 3298 4626 βλάσφημον
3325 4560 3387 4611 τὸ
3414 4559 3827 4630 λεγόμενον·“Η
3850 4566 3989 4635 ὀμο-

669 4657 773 4695 non
807 4642 989 4696 dicere
1018 4640 1285 4697 simulas?
1319 4642 1489 4713 Igitur
1529 4643 1618 4697 illo
1651 4654 1894 4713 urgente,
1946 4647 2055 4703 imo
2090 4646 2267 4700 incul-

666 4744 823 4787 cante
853 4734 1039 4803 impie,
1073 4745 1128 4787 ut
1152 4735 1187 4789 ii
1219 4744 1465 4789 sanctam
1495 4734 1772 4805 Virginem
1810 4738 1905 4793 Dei
1935 4739 2256 4807 genitricem

665 4827 876 4895 dicunt,
909 4827 1069 4883 fateri
1100 4828 1351 4895 debeant,
1378 4829 1565 4886 carnis
1589 4829 1761 4885 fuisse
1793 4830 2025 4886 fructum
2063 4830 2262 4886 nudam

668 4928 719 4973 et
745 4934 991 4974 seorsum
1029 4918 1261 4988 positam
1298 4918 1516 4975 deitatis
1562 4928 1834 4982 naturam,
1872 4926 1926 4975 et
1960 4919 2262 4973 subsisten-

668 5011 753 5065 tiae
791 5010 1006 5065 initium
1035 5027 1102 5065 ex
1138 5010 1365 5067 muliere
1397 5010 1655 5065 habuisse
1696 5009 1791 5064 Dei
1825 5009 2099 5075 Verbum;
2138 5026 2259 5078 pro-

666 5104 798 5157 bare
822 5102 1087 5165 volentes,
1124 5117 1221 5157 nos
1271 5104 1338 5158 ab
1374 5102 1477 5157 hac
1505 5101 1762 5170 Opinione
1793 5116 2019 5171 prorsus
2051 5100 2260 5156 alienos

665 5209 789 5248 esse
833 5208 971 5263 (non
1019 5194 1162 5248 enim
1201 5194 1273 5249 ita
1328 5194 1644 5257 deliramus,
1693 5203 1751 5247 ιιι
1793 5192 2023 5247 velimus
2069 5207 2261 5260 sapere

666 5281 829 5343 aliud,
860 5297 1019 5349 quam
1052 5284 1196 5351 quod
1234 5292 1448 5351 oportet
1488 5284 1743 5351 sapere),
1770 5281 2054 5355 Virginem
2092 5299 2259 5353 pepe-

738 5455 785 5489 “
814 5454 851 5507 ll
882 5456 1005 5511 Cor.
1036 5456 1200 5522 v,2|.
1281 5458 1319 5489 ⁸⁷
1352 5457 1528 5512 Galat.
1568 5473 1648 5525 ιιι,
1678 5458 1765 5513 l5.
1844 5458 1889 5489 "'
1918 5458 2075 5513 Joan.
2106 5472 2143 5523 I,
2173 5459 2263 5513 14.

2368 4643 2603 4714 λόγησον
2656 4645 2845 4715 σαφῶς
2877 4647 3108 4717 θεότητα
3145 4651 3507 4721 γεγεννῆσθαι
3539 4656 3604 4706 ἐκ
3650 4655 3750 4726 τῆς
3786 4672 3987 4725 μακα-

2373 4734 2494 4803 ρίας
2536 4735 2776 4804 Μαρίας,
2820 4737 2853 4805 ἢ
2889 4738 3105 4805 φεύγων
3142 4738 3467 4810 βλάσφημον
3514 4743 3613 4813 τὴν
3664 4745 3879 4816 φωνὴν,
3931 4752 3990 4803 τί

2368 4825 2543 4879 ταῦτά
2580 4844 2671 4895 μοι
2710 4826 2907 4895 λέγων,
2937 4829 3208 4901 ὑποκρίνῃ
3247 4833 3320 4902 μὴ
3346 4832 3565 4900 λέγειν;
3600 4836 3991 4905 Περιστάντος

2369 4916 2545 4970 τοίνυν
2577 4917 2811 4983 ἐκείνου,
2851 4920 3051 4988 μᾶλλον
3076 4920 3134 4973 δὲ
3167 4924 3556 4988 άναπείθοντος
3583 4926 3821 4990 ἀνοσίως
3846 4933 3991 4995 τοὺς

2368 5007 2634 5061 Θεοτόκον
2668 5010 2926 5076 λέγοντας
2953 5012 3052 5084 τὴν
3085 5014 3361 5085 Παρθένον
3400 5017 3482 5078 είς
3522 5017 3583 5069 τὸ
3621 5018 3730 5071 δεῖν
3774 5020 3991 5087 ὁμολο-

2367 5102 2484 5169 γεῖν
2520 5102 2722 5171 σαρκὸς
2774 5103 3030 5169 γενέσθαι
3066 5106 3278 5175 καρπὸν
3317 5108 3533 5178 γυμνήν
3566 5126 3624 5162 τε
3666 5110 3761 5164 καὶ
3799 5130 3991 5167 κατα-

2372 5192 2539 5263 μόνας
2585 5193 2681 5262 τὴν
2715 5194 2970 5264 θεότητος
3016 5196 3198 5265 φύσιν,
3246 5198 3337 5251 καὶ
3380 5200 3479 5269 τῆς
3524 5201 3819 5272 ὑπάρξεως
3877 5206 3992 5277 τὴν

2369 5285 2545 5355 ἀρχὴν
2584 5287 2647 5337 ὲκ
2684 5288 2943 5353 γυναικὸς
2988 5290 3280 5359 ἐσχηκέναι
3326 5290 3420 5358 τὸν
3460 5292 3552 5346 τοῦ
3595 5293 3733 5347 Θεοῦ
3770 5295 3985 5365 Λόγον,

1732 5608 1904 5667 Varia:
1931 5612 2199 5670 lectiones
2221 5630 2285 5671 ex
2311 5615 2498 5671 codice
2524 5615 2896 5687 chttiertano.

753 5766 783 5807 δ
810 5765 1200 5837 συμϐάλωμεν.
1281 5777 1301 5805 ο
1337 5769 1557 5821 νοεῖται.
1635 5767 1662 5807 ἀ
1699 5770 1819 5823 κατ’
1857 5770 2022 5825 αὐτοῦ
2060 5764 2367 5833 κιῦδηλεύει
2395 5771 2520 5825 μέν.
2601 5781 2623 5808 ε
2650 5769 2949 5833 κεκτίσθαι.
3032 5765 3051 5809 τ
3086 5769 3373 5840 ἐπαγάγω.
