4042 6462
123 381 213 435 Sil

751 375 1287 434 APOLOGETICUS
1328 376 1465 432 PRO
1505 376 1598 432 Xll
1639 372 2010 434 CAPlTlBUS
2048 378 2327 436 CONTRA
2369 379 2829 439 ORIENTALES.

3317 386 3424 443 522

121 495 499 565 πληροφορεῖν
543 493 845 557 ἐθέλοντες,
884 495 966 545 ὅτι
996 496 1094 557 τῆς
1138 494 1352 546 τοιᾶσδε
1379 492 1534 565 δόξης
1571 494 1712 547 ἀλλό·

1832 495 1968 549 risse
2036 496 2269 552 dicimus
2323 498 2416 553 Dei
2473 499 2705 556 Verbum
2759 499 3058 555 secundum
3112 499 3427 571 Scripturas

116 602 249 653 τριοι
297 584 603 648 παντελῶς
638 584 1105 656 καθεστήκαμεν·’
1130 586 1192 637 οὑ
1232 586 1341 656 γὰρ
1392 586 1536 640 οὑτω
1568 586 1725 656 λελη·

120 679 398 745 ρήκαμεν,
448 674 530 738 ὡς
578 674 799 728 ἑλέσθαι
853 678 1071 747 φρονεῖν
1108 678 1240 747 παρ’
1267 677 1294 728 ὃ
1340 677 1419 729 δεῖ
1465 681 1722 747 φρονεῖν·

114 770 408 819 ἀποτεκεῖν
431 765 651 837 ἔφημεν
670 766 770 838 τὴν
794 767 1070 837 Παρθένον
1093 768 1272 839 σάρκα
1294 770 1558 837 γεγονότα
1585 771 1727 823 κατὰ

114 858 202 920 τὰς
236 858 477 927 Γραφὰς
507 858 602 912 τὸν
647 858 743 911 τοῦ
789 857 927 911 Θεοῦ
967 859 1160 927 Λόγον,
1191 860 1473 914 τουτέστιν
1519 861 1727 933 ἄνθρω-

114 966 242 1002 πον·
274 950 586 1003 ἀποτεκεῖν
631 949 689 1003 δὲ
723 951 889 1004 αὑτὸν
938 954 1253 1025 σαρκικῶς,
1303 953 1549 1006 τουτέστι
1587 955 1727 1007 κατὰ

114 1043 293 1111 σάρκα
315 1059 328 1070 ·
362 1044 393 1095 ὁ
427 1042 533 1113 μὲν
566 1042 677 1114 γὰρ
708 1042 843 1108 Θεὸς
902 1046 996 1098 καὶ
1029 1045 1220 1116 Πατὴρ
1248 1046 1443 1109 θεῖκῶς
1474 1047 1727 1117 γεγέννη-

112 1152 201 1187 κεν
233 1134 296 1198 EE
327 1134 510 1188 αὑτοῦ
546 1135 683 1189 Θεὸν
726 1136 857 1189 ὄντα
899 1137 992 1191 τὸν
1034 1138 1158 1191 Υἱόν
1180 1155 1192 1167 ο
1226 1139 1414 1209 ἐπειδὴ
1447 1139 1504 1191 δὲ
1533 1139 1594 1192 τὸ
1630 1156 1724 1208 γε·

112 1228 455 1298 γεννημένον
485 1229 552 1280 ἐκ
586 1228 687 1297 τῆς
718 1229 944 1300 σαρκὸς,
987 1231 1124 1301 σάρξ
1152 1232 1293 1295 ἐστι,
1325 1231 1656 1301 γεγέννηκεν
1691 1232 1724 1301 ἡ

113 1318 421 1390 Παρθένος,
443 1319 525 1383 ὡς
558 1318 698 1391 σὰρξ
729 1320 1069 1393 ὑπάρχουσα,
1098 1324 1376 1393 σαρκικῶς
1396 1341 1408 1353 ·
1429 1324 1491 1377 τὸ
1511 1325 1567 1377 δὲ
1593 1342 1725 1396 σαρ-

112 1412 281 1475 γικῶς
312 1412 642 1477 είπεῖν,οὑκ
675 1412 1029 1482 ἁναιροῦντός
1053 1416 1170 1467 ἐστι
1201 1416 1302 1486 τῆς
1327 1417 1637 1486 γεννήσεως
1663 1418 1725 1469 τὸ

112 1501 447 1572 παράδοξον,
480 1500 606 1555 οὔτε
634 1501 743 1571 μὴν
780 1502 1181 1573 ἀνατρέποντος
1223 1505 1316 1557 τοῦ
1352 1507 1513 1573 ἁγίου
1552 1507 1725 1559 Πνεῦ-

113 1610 278 1662 ματος
317 1594 427 1664 τὴν
472 1594 798 1667 ἐνέργειαν,
849 1595 915 1649 δι’
946 1592 1015 1669 ἦς
1061 1598 1120 1649 ἐν
1156 1598 1340 1668 μήτρᾳ
1372 1597 1627 1651 διέπλασε
1663 1600 1725 1652 τὸ

108 1684 331 1754 τεχθέν
370 1685 728 1751 διδάσκοντος
756 1686 816 1739 δὲ
856 1687 1083 1756 μᾶλλον,
1125 1689 1208 1740 ὅτι
1252 1688 1443 1759 ῶσπερ
1476 1690 1611 1753 Θεὸς
1640 1690 1725 1742 τί-

105 1795 222 1830 κτει
255 1778 496 1842 θεῖκῶς,
532 1780 652 1849 ἦτοι
686 1778 1012 1850 θεοπρεπῶς
1052 1780 1195 1834 κατὰ
1228 1780 1325 1852 τὴν
1359 1781 1496 1836 ἰδίαν
1532 1782 1717 1851 φύσιν,

1832 599 2055 640 carnem
2090 587 2314 651 factum,
2347 589 2447 643 hoc
2471 599 2574 655 est,
2605 591 2875 643 hominem
2899 606 2912 654 ;
2940 590 3214 658 peperisse
3241 596 3421 645 autem

1832 674 1980 729 illum
2024 680 2340 743 carnaliter,
2375 681 2477 735 hoc
2514 690 2620 747 est,
2670 681 2966 735 secundum
2995 696 3237 736 carnem.
3284 681 3418 735 Nam

1834 767 1973 822 Deus
2013 779 2069 823 et
2114 769 2277 825 Pater
2321 775 2617 827 secundum
2655 774 2995 828 divinitatem
3031 775 3217 842 genuit
3263 788 3327 827 ex
3368 790 3428 829 se

1834 857 2002 912 Deum
2054 863 2410 917 exsistentetn
2462 863 2679 917 Filium.
2734 864 3003 930 Quoniam
3054 875 3235 917 autem
3283 866 3425 933 quod

1831 961 2015 1006 natum
2063 963 2146 1007 est
2182 970 2250 1008 ex
2295 970 2478 1020 carne,
2526 972 2654 1010 caro
2685 968 2767 1011 est
2795 957 2875 1021 ‘9;
2926 958 3112 1027 genuit
3146 957 3334 1027 Virgo,
3370 966 3428 1011 ut

1828 1058 1957 1097 caro
1992 1045 2286 1107 exsistens,
2324 1047 2635 1101 carnaliter.
2664 1046 2974 1103 Carnaliter
3010 1061 3193 1102 autem
3217 1050 3422 1110 dicere,

1831 1150 1937 1188 non
1983 1147 2065 1189 est
2120 1137 2362 1193 tollentis
2409 1138 2786 1193 admirabilem
2839 1140 3198 1205 nativitatem,
3252 1156 3426 1209 neque

1828 1228 2125 1282 evertentis
2192 1228 2429 1297 Spiritus
2490 1231 2663 1283 sancti
2733 1234 3141 1300 operationem,
3202 1247 3306 1300 qua
3368 1233 3420 1285 in

1829 1328 1983 1372 utero
2024 1319 2278 1374 formavit
2317 1332 2536 1391 partum
2581 1339 2595 1377 :
2639 1324 2733 1376 sed
2778 1324 3023 1377 ducentis
3064 1325 3244 1392 potius
3279 1325 3425 1394 quod

1827 1411 1969 1465 sicut
1999 1412 2138 1466 Deus
2164 1414 2335 1484 gignit
2365 1415 2569 1476 divine,
2605 1415 2705 1468 hoc
2735 1425 2839 1479 est,
2876 1417 3035 1484 digne
3076 1417 3183 1470 Deo
3222 1430 3424 1470 secun-

1827 1501 1952 1553 dum
1995 1516 2148 1554 suam
2193 1514 2481 1567 naturam;
2530 1503 2684 1573 161
2732 1504 2802 1556 ita
2843 1513 2898 1557 et
2953 1506 3115 1559 homo
3166 1506 3421 1572 humane,

1830 1592 1930 1645 boc
1993 1604 2107 1655 est,
2155 1608 2284 1647 caro
2330 1595 2644 1649 carnaliter.
2713 1594 2857 1650 Deus
2911 1605 3089 1652 autem
3152 1598 3423 1651 exsistens

1825 1686 2119 1738 secundum
2156 1694 2401 1740 naturam
2434 1686 2704 1754 Verbum,
2742 1688 2990 1756 quamvis
3020 1704 3150 1745 caro
3194 1688 3422 1755 factum,

1827 1776 2007 1830 divine
2034 1779 2333 1845 processit,
2370 1779 2471 1834 hoc
2502 1788 2584 1834 est
2604 1818 2619 1845 ,
2647 1788 2706 1833 ut
2737 1780 2894 1835 decet
2913 1795 3035 1834 eum
3062 1820 3078 1845 ,
3108 1781 3196 1848 qui
3224 1796 3418 1835 secun-

105 1870 243 1924 οὖτω
284 1872 389 1925 καὶ
436 1871 732 1943 ἄνθρωπος
763 1870 1143 1942 ἀνθρωπίνως,
1178 1872 1297 1942 ἦτοι
1338 1872 1477 1944 σὰρξ
1525 1891 1712 1946 σαρκι-

1824 1867 1949 1922 dum
1987 1870 2268 1926 veritatem
2293 1880 2377 1925 est
2398 1871 2559 1926 Deus.
2595 1870 2754 1927 Solus
2784 1873 2928 1927 enim
2962 1872 3155 1927 habuit
3186 1882 3417 1927 matrem

105 1962 235 2025 κῶς.
288 1963 433 2026 Θεὸς
463 1963 524 2015 δὲ
558 1961 636 2015 ῶν
667 1961 813 2015 κατὰ
863 1961 1025 2032 φύσιν
1073 1965 1102 2016 ό
1152 1962 1347 2030 Λόγος,
1376 1964 1494 2033 ἦτοι
1528 1967 1552 2003 ε
1578 1964 1716 2034 σὰρξ

102 2055 373 2122 γεγονὼς,
404 2056 650 2126 προῆλθε
682 2055 1027 2127 θεοπρεπῶς,
1049 2058 1348 2121 τουτέστιν,
1383 2058 1458 2123 ὼς
1486 2059 1551 2113 ἂν
1586 2060 1717 2131 πρέ-

104 2164 191 2199 ποι
220 2145 306 2216 τῷ
339 2162 413 2213 γε
446 2148 565 2199 δντι
597 2147 742 2200 κατὰ
774 2148 876 2218 τὴν
918 2148 1179 2219 ἀλήθειαν
1209 2149 1350 2220 Θεῷ.
1392 2152 1569 2214 Μόνος
1607 2153 1715 2223 γὰρ

102 2242 222 2309 ἔσχε
260 2238 498 2311 μητέρα
550 2238 651 2309 τὴν
681 2238 1095 2312 ἀπειρόγαμον,
1129 2241 1222 2295 καὶ
1252 2244 1524 2313 τετήρηκε
1574 2262 1717 2315 παρ-

103 2330 253 2382 θένον
289 2332 403 2401 τὴν
434 2328 711 2383 τεκοῦσαν
740 2330 905 2385 αὑτὸν
932 2332 1073 2386 κατὰ
1099 2332 1299 2403 σάρκα.
1328 2334 1607 2403 Θαυμάζω
1635 2335 1712 2403 δὲ,

102 2424 179 2473 ὅτι
223 2421 517 2474 Θεοτόκον
546 2422 836 2486 ὀκνοῦντες
859 2425 1037 2477 εἰπεῖν
1063 2424 1163 2496 τὴν
1202 2426 1366 2494 ἁγίαν
1412 2428 1712 2496 Παρθένον,

102 2510 439 2582 θεοπρεπῶς
469 2512 638 2565 αὑτὸν
674 2514 1041 2583 γεγεννῆσθαί
1076 2533 1241 2583 φασιν
1268 2517 1318 2569 ιι.
1354 2518 1427 2570 Οὑ
1472 2518 1581 2589 γὰρ
1622 2520 1715 2571 ἄν·

102 2606 323 2676 θρωπος
376 2605 567 2668 κοινὸς
604 2605 850 2661 τίκτεται
884 2606 1224 2677 θεοπρεπῶς.
1266 2608 1425 2679 Δῶρα
1456 2610 1512 2663 δὲ
1550 2628 1716 2681 προσ-

101 2698 441 2770 κεκομίσθαι
478 2700 617 2767 φασὶ
645 2698 798 2770 παρὰ
833 2698 943 2752 τῶν
977 2700 1170 2770 μάγων
1197 2700 1268 2753 τὰ
1296 2703 1583 2773 πρόσφορα
1620 2703 1716 2757 καὶ

100 2786 171 2853 τῷ
197 2787 518 2858 νοουμένῳ,
544 2788 640 2841 καὶ
674 2787 753 2857 τῷ
784 2789 1118 2859 φαινομένῳ,
1146 2789 1484 2861 διαιροῦντες
1514 2793 1594 2855 εἰς
1621 2792 1716 2845 δύο

102 2873 157 2940 δὴ
184 2872 358 2927 πάλιν
393 2872 540 2943 μετὰ
562 2874 662 2944 τὴν
687 2874 886 2928 ἕνωσιν
914 2876 1006 2930 τὸν
1042 2876 1249 2950 Κύριον
1279 2880 1295 2918 ί
1338 2880 1545 2950 Ἰησοῦν
1576 2881 1713 2951 Χρι-

104 2964 257 3016 στόνο
291 2965 324 3016 ὁ
360 2964 481 3034 γὰρ
514 2963 811 3035 νοούμενος
850 2966 1078 3035 γέγονεν
1108 2972 1303 3041 όρατὸς
1349 2973 1409 3025 οὑ
1442 2972 1710 3044 μεταϐολῇ

102 3056 339 3123 φύσεως,
374 3055 502 3110 ἀλλ’
531 3055 723 3109 ἑνώσει
748 3059 813 3127 τῇ
848 3058 984 3127 πρὸς
1014 3058 1075 3111 τὸ
1100 3060 1375 3130 ὁρώμενον
1399 3064 1577 3132 σῶμα.
1602 3066 1713 3119 Καὶ

102 3147 227 3214 γοῦν
273 3148 596 3211 αὐτόπτας,
641 3148 738 3200 καὶ
790 3149 1070 3219 ὑπηρέτας
1113 3152 1365 3219 γενέσθαι
1403 3153 1497 3206 τοῦ
1534 3155 1709 3223 Λόγου

1820 1961 2036 2030 nuptias
2081 1977 2190 2016 non
2223 1972 2544 2033 expertam;
2584 1972 2641 2018 et
2687 1964 2926 2018 servavit
2961 1964 3224 2033 virginem
3272 1980 3411 2033 eam,

1822 2065 1943 2121 quae
1996 2051 2170 2121 ipsum
2222 2052 2435 2122 peperit
2492 2053 2789 2108 secundum
2844 2068 3087 2108 carnem.
3156 2055 3419 2109 Admiror

1816 2151 2016 2207 autem,
2045 2143 2186 2212 quod
2213 2158 2318 2199 non
2347 2143 2609 2199 audentes
2638 2144 2822 2199 dicere
2852 2153 3102 2198 sanctam
3135 2142 3415 2213 Virginem

1817 2232 1907 2286 Dei
1944 2232 2294 2299 Genitricem,
2323 2250 2445 2289 cum
2470 2234 2581 2289 Deo
2610 2234 2771 2304 digne
2802 2234 2978 2303 ipsum
3015 2248 3136 2286 esse
3167 2233 3407 2301 genitum

1817 2320 2071 2375 fatentur.
2126 2320 2244 2376 Non
2280 2324 2422 2376 enim
2465 2325 2626 2377 homo
2672 2321 2979 2377 communis
3024 2321 3261 2391 gignitur
3309 2322 3418 2376 Deo

1815 2414 1994 2482 digne.
2021 2413 2167 2467 Dona
2199 2428 2326 2468 vero
2355 2413 2517 2467 allata
2551 2428 2671 2469 esse
2701 2412 2891 2468 dicunt
2921 2427 2984 2466 ac
3016 2412 3187 2483 magis
3222 2426 3417 2467 conve-

1816 2505 2019 2560 nientia
2046 2516 2097 2559 et
2124 2506 2173 2560 ei
2213 2506 2302 2573 qui
2332 2505 2768 2575 intelligebatur,
2795 2513 2850 2559 et
2887 2505 2936 2559 ei
2963 2504 3055 2573 qui
3109 2504 3414 2570 videbatur,

1815 2596 2117 2651 dividentes
2160 2599 2210 2651 in
2237 2601 2371 2651 duos
2410 2598 2603 2653 iterum
2638 2608 2761 2669 post
2787 2599 3092 2653 unitioncm
3133 2600 3416 2653 Dominum

1816 2696 2061 2743 nostrum
2097 2688 2278 2743 Jesum
2301 2689 2603 2746 ChriStum.
2652 2687 2752 2757 Qui
2784 2692 2928 2745 enim
2956 2690 3305 2760 intelligitur,
3334 2688 3416 2743 fa-

1815 2785 1935 2834 ctus
1967 2789 2054 2834 est
2096 2780 2325 2835 visibilis
2364 2797 2470 2837 non
2500 2782 2875 2836 immutatione
2906 2791 3132 2845 natum,
3169 2783 3263 2835 sed
3295 2781 3416 2835 uni-

1816 2868 1958 2921 tione
1974 2883 2095 2923 cum
2115 2884 2359 2936 corpore,
2385 2871 2526 2939 quod
2552 2872 2854 2926 videbatur.
2881 2870 2945 2926 Et
2978 2880 3125 2926 certe
3148 2880 3419 2939 spectatu-

1815 2973 1902 3013 res
1919 2960 2263 3014 etministros
2288 2960 2457 3015 fuisse
2485 2960 2643 3016 Verbi
2684 2973 2903 3017 sanctos
2935 2962 3080 3031 ipsos
3114 2962 3410 3031 apostolos,

1814 3065 1967 3103 sacra
1989 3050 2265 3119 Scriptura
2292 3054 2529 3107 ostendit
2548 3053 2593 3084 ⁸⁰
2626 3069 2639 3104 :
2674 3055 2923 3123 quamvis
2942 3054 3027 3108 cui
3058 3070 3162 3108 non
3189 3052 3414 3108 manife-

1814 3150 1954 3195 stum
1982 3151 2082 3205 est,
2105 3144 2247 3212 quod
2274 3144 2670 3212 incorporeum,
2699 3160 2762 3199 ac
2783 3144 3118 3215 intangibile,
3146 3155 3199 3199 et
3219 3144 3412 3199 invisi-

104 3213 219 3303 τοὺς
257 3242 465 3309 ἁγίους
502 3240 867 3305 ἀποστόλους,
889 3213 954 3294 τὸ
988 3213 1230 3312 Γράμμα
1269 3246 1402 3315 φησι
1434 3246 1494 3297 τὸ
1530 3213 1671 3316 ἱερόν
1698 3263 1709 3275 ·

1819 3232 1923 3287 bile
1947 3234 2015 3288 sit
2037 3235 2211 3303 ipsum
2238 3235 2328 3289 Dei
2354 3234 2533 3291 Patris
2566 3235 2843 3290 Verbum?
2876 3213 3036 3307 Atqui
3074 3237 3293 3291 invenio
3324 3237 3408 3289 di-

102 3332 273 3386 καίτοι
304 3333 434 3397 πῶς
465 3332 533 3385 οὑ
561 3334 743 3403 πάντη
772 3333 835 3386 τὸ
862 3335 1030 3403 σαφὲς
1055 3345 1101 3399 1,
1153 3336 1227 3398 ὠς
1253 3335 1397 3389 ἔστιν
1423 3337 1713 3409 ἁσώματός

102 3439 155 3473 τε
183 3425 279 3476 καὶ
316 3423 571 3492 ἀναφὴς,
612 3425 710 3475 καὶ
756 3424 991 3493 ἀόρατος
1030 3428 1058 3478 ό
1088 3427 1151 3478 ὲκ
1183 3427 1317 3479 Θεοῦ
1356 3430 1569 3500 [ἰατρὸς
1610 3431 1713 3483 Λό-

104 3530 222 3579 γοςς
268 3515 424 3567 Ἀλλ’
462 3514 713 3583 εὑρίσκω
766 3515 1025 3582 λέγοντας
1073 3517 1199 3580 τοὺς
1242 3519 1431 3583 ἁγίους
1476 3520 1712 3572 ἀποστό-

103 3605 246 3668 λους⁸
294 3624 314 3655 ‹
352 3605 424 3656 Ὃ
458 3600 531 3674 ἦν
581 3605 678 3656 ἀπ’
711 3604 910 3675 ἀρχῆς,
944 3605 971 3657 ὃ
1012 3606 1354 3675 ἀκηκόαμεν,
1386 3608 1413 3659 ὂ
1460 3609 1711 3676 ἑωράκα-

103 3696 278 3763 μενηὸ
330 3694 705 3765 ἐθεασάμεθα
740 3698 854 3757 τοῖς
905 3696 1205 3765 ὀφθαλμοῖς
1258 3698 1414 3767 ἡμῶν
1446 3742 1459 3763 ,
1507 3701 1600 3752 καὶ
1654 3703 1711 3754 αἱ

98 3790 270 3857 χεῖρες
298 3786 474 3857 ἡμῶν
508 3786 877 3857 ἐψηλάφησαν
901 3788 1029 3857 περὶ
1063 3786 1157 3839 τοῦ
1181 3789 1354 3856 Λόγου
1382 3789 1478 3857 τῆς
1510 3791 1705 3860 ζωῆς.»

100 3879 399 3949 Ιιρόσφορα
424 3878 618 3931 τοίνυν
650 3876 719 3930 τὰ
758 3877 908 3950 δῶρα
938 3878 1015 3947 τῷ
1046 3879 1145 3942 ἐνὶ,
1180 3880 1428 3931 τουτέστι
1467 3880 1544 3949 τῷ
1576 3882 1711 3953 Χρι-

101 3970 232 4040 στῷ·
261 3971 365 4024 καὶ
405 3970 522 4041 γάρ
557 3971 709 4023 ἐστιν
744 3972 804 4023 ἐν
850 3970 1034 4039 ταυτῴ
1061 3971 1195 4034 Θεός
1229 3988 1285 4023 τε
1320 3971 1455 4041 ὁμοῦ
1490 3974 1583 4026 καὶ
1617 3974 1709 4026 άν-

100 4063 313 4133 Ερωπος
348 4066 381 4116 ὁ
432 4063 627 4126 αὑτός.
678 4061 949 4135 Ταύτῃτοι
1001 4063 1288 4132 τεχθέντος
1333 4064 1501 4117 αὑτοῦ
1548 4083 1708 4138 χορο-

100 4157 308 4210 στασίαι
348 4155 460 4225 μὲν
504 4149 650 4223 ἦσαν
695 4153 810 4206 τῶν
851 4154 1023 4221 ἁγίων
1061 4155 1330 4223 ἀγγέλων,
1370 4159 1619 4227 στρατιαὶ
1650 4160 1709 4211 δὲ

99 4247 453 4317 πνευμάτων,
495 4245 731 4315 Σωτῆρα
774 4246 869 4297 καὶ
896 4246 1191 4316 Λυτρωτὴν
1221 4246 1487 4315 λεγόντων
1520 4250 1703 4304 αὐτόν.

108 4335 318 4407 Ἐπειδὴ
356 4337 420 4388 δὲ
476 4334 575 4387 τοῦ
619 4334 1013 4403 εὐαγγελιστοῦ
1064 4335 1342 4404 λέγοντος*
1384 4357 1401 4388 ι
1442 4338 1498 4391 Ὀ
1532 4340 1706 4407 Λόγος

99 4430 229 4499 τὰρξ
271 4429 534 4497 ἐγένετο,
570 4445 587 4475 ι
624 4426 861 4479 δεδιέναι
916 4427 1072 4493 φασὶ,
1127 4428 1204 4496 μὴ
1258 4429 1364 4500 ἄρα
1421 4446 1557 4494 πως,
1611 4430 1704 4483 τοῦ

1817 3336 2002 3381 centes
2032 3338 2253 3383 sanctos
2281 3328 2552 3397 apostolos
2580 3347 2592 3382 :
2626 3348 2643 3380 ι
2670 3328 2821 3395 Quod
2849 3329 2947 3382 fuit
2969 3331 3036 3384 ab
3060 3329 3211 3384 initio
3230 3372 3245 3396 ,
3268 3329 3411 3398 quod

1816 3417 2142 3482 audivimus,
2179 3421 2323 3490 quod
2351 3420 2587 3475 vidimus
2612 3459 2625 3484 ,
2658 3420 2801 3489 quod
2839 3422 3212 3491 perspeximus
3234 3421 3411 3477 oculis

1818 3513 2036 3575 nostris,
2058 3514 2196 3579 quod
2216 3529 2406 3567 manus
2426 3522 2623 3567 nostra:
2648 3521 3121 3568 contrectaverunt
3147 3513 3213 3568 de
3228 3511 3409 3569 Verbo

1816 3600 1939 3654 vitm
1974 3602 2040 3653 ³¹.
2107 3619 2125 3651 ι
2172 3599 2562 3655 Convenientia
2633 3604 2796 3671 igitur
2860 3602 3081 3657 fuerunt
3123 3603 3258 3656 dona
3316 3603 3406 3657 illa

1816 3694 1904 3747 uni
1928 3737 1941 3756 ,
1975 3694 2074 3747 hoc
2100 3704 2182 3748 est
2203 3695 2439 3749 Christo.
2493 3694 2704 3749 Etenim
2732 3704 2813 3748 est
2838 3696 3042 3761 pariter
3070 3693 3210 3749 Dens
3237 3696 3401 3749 simul

1814 3796 1866 3840 et
1894 3787 2052 3839 homo
2088 3787 2251 3840 idem.
2301 3785 2412 3841 liae
2446 3787 2654 3841 ratione
2678 3794 2806 3840 nato
2840 3786 2957 3855 ipso
2988 3786 3139 3840 ebori
3173 3786 3394 3855 quidem

1813 3877 2126 3931 cecinerunt
2163 3888 2474 3931 sanctorum
2503 3877 2839 3946 angelorum,
2881 3878 3153 3930 exercitus
3184 3892 3403 3947 quoque

1811 3969 2096 4037 spirituum
2116 3970 2408 4023 dicentium
2434 3970 2610 4037 ipsum
2631 3969 2967 4024 Salvatorem
2994 3986 3057 4024 ac
3078 3970 3403 4040 Redempto-

1812 4078 1947 4117 rem.
1990 4063 2123 4128 Quia
2156 4077 2317 4130 porro
2343 4078 2465 4117 cum
2494 4063 2826 4133 evangelista
2867 4063 3013 4117 dicat
3048 4079 3061 4116 :
3098 4083 3117 4115 ι
3164 4064 3403 4119 Verbum

1811 4167 1936 4207 caro
1965 4152 2165 4207 faetum
2189 4162 2295 4219 est;
2337 4172 2355 4202 ι
2391 4152 2686 4207 formidare
2713 4167 2771 4207 se
2794 4152 2999 4217 dicunt,
3025 4168 3112 4217 ne,
3144 4154 3187 4209 si
3216 4156 3401 4218 dictio,

1818 4263 1835 4296 ι
1868 4245 2090 4300 Factum
2113 4256 2220 4309 est,
2258 4264 2275 4293 ι
2303 4246 2575 4314 propriam
2594 4245 3401 4313 servetsignificationem,ver-

1811 4338 1892 4392 sio
1920 4339 2162 4407 qumdam
2200 4336 2531 4407 intelligatur
2584 4339 2729 4391 circa
2762 4336 3007 4390 divinam
3034 4335 3199 4391 Verbi
3233 4347 3393 4391 natu-

1813 4447 1925 4483 ram
1960 4430 2125 4483 fuisse
2159 4446 2174 4494 ;
2209 4428 2370 4482 laudo
2430 4430 2645 4498 quidem
2696 4439 2934 4492 metum,
2970 4430 3159 4489 _miror
3194 4440 3398 4493 autem,

102 4522 368 4589 ιὲγὲνετο
402 4540 421 4571 3
459 4519 560 4589 τὴν
619 4519 756 4571 ἰδίαν
794 4517 1059 4582 σώζοντος
1090 4518 1345 4586 δήλωσιν,
1380 4522 1579 4590 τρόπος
1620 4539 1704 4587 τις

1818 4523 1948 4589 quod
1974 4530 2232 4575 caventes
2272 4520 2602 4582 dictionem,
2636 4533 2927 4586 veramque
2952 4528 3004 4572 et
3029 4520 3396 4573 necessariam

100 4614 257 4663 ¹ιωῖτο
321 4609 465 4679 περὶ
513 4608 611 4678 τὴν
653 4606 806 4661 θείαν
837 4606 928 4660 τοῦ
982 4608 1160 4675 Λόγου
1213 4608 1465 4675 γενέσθαι
1502 4610 1697 4678 φύσιν⁹

98 4700 294 4751 ἐπαινῶ
336 4700 446 4769 μὲν
473 4698 537 4750 τὸ
572 4698 739 4767 δεῖμα
759 4741 773 4765 ,
809 4697 1076 4768 θαυμάζω
1097 4698 1177 4762 δὲ,
1204 4699 1283 4751 ὅτι
1326 4702 1700 4770 παραιτούμε-

97 4808 161 4842 νοι
207 4792 310 4861 τὴν
358 4789 537 4853 λέξιν,
575 4788 673 4859 τὴν
714 4789 891 4859 ἀληθῆ
933 4806 992 4841 τε
1036 4789 1131 4842 καὶ
1188 4790 1496 4857 ἀναγκαίαν
1526 4791 1700 4861 δήλω-

99 4899 188 4941 ςιν.
220 4882 375 4934 οῦτω
408 4880 671 4947 γενέσθαι
699 4884 833 4950 φασὶ
878 4883 1056 4953 σάρκα
1090 4883 1180 4935 τὸν
1217 4885 1408 4951 Λόγον,
1442 4886 1517 4948 ὡς
1549 4887 1614 4938 ἂν
1650 4888 1697 4939 εἰ

95 4976 298 5041 λέγοιτο
334 4971 601 5039 γενέσθαι
650 4974 893 5045 κατάρα,
942 4978 1038 5027 καὶ
1086 4976 1349 5045 ἁμαρτία.
1408 4973 1537 5029 Εἶτα
1580 4979 1697 5041 πῶς

93 5068 179 5116 ςᾷκ
232 5065 346 5117 ἔδει
394 5063 525 5116 νοῦν
571 5064 796 5133 ἔχοντας
844 5067 977 5135 όρᾷν
1008 5067 1054 5130 li,
1097 5068 1177 5119 ὅτι
1231 5068 1309 5130 τὸ,
1351 5087 1367 5117 t
1406 5069 1641 5133 ἐγένετο,
1675 5088 1691 5118 ι

94 5158 350 5220 τεθεικὼς
399 5158 428 5208 ὁ
460 5158 738 5227 μακάριος
774 5157 1192 5229 εὐαγγελιστὴς,
1236 5160 1452 5228 ἁπάσης
1489 5161 1697 5229 τροπῆς

101 5252 344 5303 ζπὸιοιαν
405 5250 661 5320 ἀναιρεῖ,
714 5252 1177 5322 προσεπενεγκὼν
1242 5252 1403 5315 εὐθὺς
1458 5254 1550 5303 καὶ
1601 5252 1689 5303 τό·

156 5432 197 5461 "
222 5431 388 5486 Joan.
431 5444 515 5495 ut,
544 5429 597 5483 6.
680 5429 725 5461 '°
750 5428 880 5484 Luc.
918 5447 953 5496 ι,
991 5430 1046 5484 2.
1125 5431 1167 5462 ⁸¹
1203 5429 1221 5482 l
1256 5429 1413 5485 Joan.
1450 5446 1489 5493 ι,
1520 5430 1570 5484 l.

1808 4612 2259 4681 significationem
2286 4650 2299 4674 ,
2332 4611 2410 4664 sic
2462 4609 2661 4664 factum
2703 4608 2869 4663 fuisse
2901 4622 3120 4662 carnem
3162 4606 3396 4662 Verbum

1809 4707 2012 4767 dicunt,
2047 4704 2269 4770 perinde
2309 4716 2372 4755 ac
2407 4700 2449 4756 si
2481 4701 2727 4763 dicatur,
2756 4698 2960 4752 factum
2998 4697 3169 4753 fuisse
3216 4698 3391 4753 male-

1809 4796 2008 4848 dictum
2044 4805 2096 4848 ct
2130 4804 2433 4862 peccatum.
2493 4790 2696 4845 Deinde
2732 4803 2837 4856 quo
2869 4798 3028 4856 pacto
3063 4804 3165 4842 non
3215 4789 3397 4843 vident

1810 4896 1989 4940 tuente
2036 4885 2249 4954 przediti
2302 4881 2756 4955 [prudentissimi
2790 4881 2887 4931 viri
2930 4878 3146 4949 ],quod
3205 4878 3396 4932 beatus

1805 4977 2131 5047 evangelista
2164 4990 2369 5045 ponens
2393 4974 2710 5036 dictionem,
2746 4989 2763 5021 ι
2795 4970 3019 5023 Factum
3056 4979 3159 5031 est,
3198 4989 3216 5020 ›
3259 4985 3385 5024 mox

1804 5071 1980 5122 cunnis
2032 5067 2406 5122 conversionis
2459 5066 2823 5131 suspicionem
2866 5065 3037 5129 tollit,
3091 5064 3388 5132 atljiciens:

1810 5180 1826 5210 t
1876 5159 1939 5213 Et.
1992 5159 2257 5211 habitavit
2304 5158 2353 5210 in
2388 5159 2543 5210 nobis
2589 5158 2663 5208 ?l
2705 5158 3012 5208 Absurdunt
3072 5166 3249 5209 autem
3286 5156 3389 5209 alia

1805 5267 2019 5322 quoque
2053 5252 2264 5305 ratione
2296 5258 2398 5313 est,
2437 5253 2479 5303 si
2514 5250 2635 5317 quis
2666 5250 2825 5301 audet
2849 5250 3050 5312 dicere,
3084 5249 3160 5301 sic
3190 5246 3388 5299 factum

1160 5584 1335 5642 Variae
1361 5586 1621 5641 lectiones
1646 5599 1708 5639 ex
1738 5581 1923 5639 codice
1949 5581 2320 5653 Seguieriano.

164 5744 187 5785 8
217 5745 417 5797 καίτοι.

495 5742 520 5781 ιι
556 5744 731 5816 αὐτὴν
770 5744 1031 5815 γεννῆσαί
1076 5764 1259 5816 φασιν.

108 5814 247 5877 Cum;
278 5816 437 5886 ὀρᾷν.

1344 5749 1361 5787 ί
1402 5748 1493 5801 τὸν
1536 5747 1633 5800 ἕνα
1681 5747 1906 5819 Κύριον.

1990 5747 2001 5795 i
2044 5743 2219 5807 ἴσως,
2258 5739 2417 5794 παντί
2444 5756 2520 5808 τῳ
2556 5753 2743 5806 σαφες.
2849 5736 2873 5773 ιι
2911 5740 3373 5806 νουνεχεστάτους
