4042 6432
659 341 764 394 323

1691 335 1749 388 S.
1793 333 2072 388 CVRII.”
2103 335 2577 391 ALEXANDle
2614 337 2934 395 ARCll’IEl‘.

3827 347 3936 399 3‘24

664 473 789 512 esse
820 471 1038 512 carnem
1079 457 1311 513 Verbum
1341 495 1354 519 ,
1382 465 1439 509 ut
1473 455 1670 510 factum
1697 470 1816 510 esse
1860 457 2058 509 dicitur
2081 456 2246 511 male-

2361 476 2378 506 ι
2419 458 2756 527 Ἑσκήνωσεν
2785 459 2840 508 ὲν
2872 459 3036 527 ἡμῖν;
3069 475 3085 506 ι
3125 460 3361 510 Ἄτοπον
3411 456 3469 510 δὲ
3518 459 3613 512 καὶ
3646 457 3847 529 ἑτέρως
3882 460 3940 513 τὸ

662 553 867 604 dictum
901 559 956 604 et
997 561 1301 621 peccatum.
1345 549 1459 603 Non
1499 549 1641 602 enim
1698 548 1991 616 ipsummet
2035 548 2256 600 maledi-

659 655 808 696 ctum
832 643 916 696 vel
936 652 1214 711 peccatum
1244 642 1565 705 factumest,
1598 640 1692 694 sed
1723 656 1845 694 cum
1868 640 2068 708 iniquis
2100 655 2256 709 repn.

665 747 812 789 tatus
829 733 1189 802 est",justus
1218 734 1486 788 exsistens
1513 742 1571 786 ut
1595 732 1806 787 aboleat
1838 742 2118 800 peccatum
2150 748 2164 793 ;
2201 740 2254 784 et

660 826 959 896 appellatus
999 836 1081 880 est
1113 825 1430 879 maledictus
1452 864 1466 886 ,
1501 827 1592 894 qui
1628 824 1897 879 benedicit
1926 832 2250 885 creaturam,

665 919 822 988 162
838 929 891 971 ut
916 918 1091 971 solvat
1108 926 1351 972 nostrum
1371 915 1741 978 maledictum,
1761 923 1814 969 et
1833 914 2023 968 liberet
2040 930 2066 966 a
2093 929 2251 983 poena

662 1011 947 1063 credentes
973 1011 1024 1062 in
1057 1008 1252 1076 ipsum.
1294 1007 1458 1076 Igitur
1496 1021 1603 1060 non
1629 1013 1715 1060 est
1759 1005 1932 1058 factus
1958 1005 2250 1058 secundum

661 1101 946 1152 veritatem
990 1097 1334 1151 maledictum
1367 1105 1421 1149 et
1467 1104 1745 1162 peccatum
1780 1109 1795 1146 ε
1838 1093 2140 1162 appellatus
2171 1100 2253 1146 est

663 1197 841 1241 autem
897 1187 981 1240 liis
1041 1187 1385 1249 nominibus,
1436 1196 1495 1239 ut
1548 1184 1764 1238 aboleat
1811 1185 2156 1237 maledictum
2199 1192 2250 1235 et

663 1291 966 1349 peccatum.
1039 1278 1204 1349 Igitur
1247 1280 1290 1332 si
1328 1279 1407 1332 sic
1455 1277 1654 1331 factum
1705 1289 1788 1332 est
1827 1292 1992 1340 caro,
2020 1276 2252 1330 abolevit

663 1373 849 1442 utique
881 1387 1135 1434 carnem,
1191 1371 1333 1424 sicut
1363 1382 1418 1423 ct
1449 1367 1794 1422 maledictum
1837 1379 1890 1422 et
1918 1379 2197 1436 peccatum
2231 1384 2247 1432 ;

662 1475 716 1518 et
748 1480 920 1533 neque
960 1462 1158 1517 factum
1190 1471 1277 1516 est
1325 1463 1485 1515 homo
1510 1505 1524 1527 ,
1579 1475 1756 1529 neque
1799 1461 2141 1514 incarnatum
2167 1468 2250 1514 est

663 1558 956 1610 secundum
1001 1553 1282 1607 veritatem
1325 1570 1337 1606 :
1371 1552 1464 1606 sed
1491 1552 1545 1606 in
1573 1551 1979 1607 existimatione
2025 1550 2134 1604 sola
2167 1559 2249 1604 est

665 1655 1061 1703 sacramentum
1086 1685 1101 1708 ,
1130 1655 1184 1698 et
1218 1643 1269 1697 in
1307 1643 1468 1697 nudis
1501 1642 1814 1697 nominibus
1844 1640 2119 1696 invenitur
2163 1643 2246 1696 in-

2357 548 2534 616 λέγειν
2568 549 2902 618 ἀποτολμᾷν,
2936 549 3078 601 οὕτω
3104 549 3361 616 γενέσθαι
3398 549 3581 620 σάρκα
3608 549 3701 603 τὸν
3743 551 3936 619 Λόγον,

2355 639 2429 702 ὡς
2461 639 2711 704 γενέσθαι
2762 639 2983 706 λέγεται
3018 639 3258 709 κατάρα,
3293 639 3386 691 καὶ
3425 639 3704 708 ἁμαρτία·
3745 639 3803 691 οὐ
3833 639 3940 708 γὰρ

2356 731 2681 801 αὐτόχρημα
2711 731 2902 798 γέγονε
2934 722 3186 800 κατάρα,’
3207 730 3330 783 οὔτε
3366 732 3472 803 μὴν
3508 731 3788 800 ἁμαρτίαν
3823 731 3939 784 ἀλλ’

2357 823 2415 874 ὲν
2443 824 2556 884 τοῖς
2589 821 2815 890 ἀνόμοις
2859 821 3112 892 ἐλογίσθη
3141 822 3347 886 δίκαιος
3376 821 3474 885 ὢν,
3501 824 3590 876 ἵνα
3618 825 3944 894 καταργήσῃ

2354 910 2454 978 τὴν
2508 911 2815 978 ἁμαρτίαν·
2853 910 2949 962 καὶ
3001 910 3409 980 κεχρημάτικεν
3464 912 3867 981 ὲπικατάρατος
3917 914 3942 964 ό

2355 1000 2592 1068 εὐλογῶν
2624 999 2721 1070 τὴν
2756 1001 2957 1065 κτίσιν,
2997 1001 3085 1053 ἵνα
3112 1001 3251 1073 λύσῃ
3280 1003 3380 1073 τὴν
3422 1001 3544 1056 καθ’
3579 1002 3738 1072 ἡμῶν
3777 1003 3940 1072 ἀρὰν,

2356 1094 2449 1147 καὶ
2479 1092 2767 1164 ἀπαλλάξῃ
2801 1093 2956 1164 δίκης
2986 1094 3111 1157 τοὺς
3142 1094 3496 1158 πιστεύοντας
3522 1095 3602 1158 εἰς
3627 1095 3807 1148 αὐτόν.
3837 1098 3944 1149 Οὐ-

2354 1183 2485 1237 κοῦν
2517 1184 2580 1235 οὑ
2609 1184 2799 1251 γέγονε
2829 1183 2969 1236 κατὰ
3005 1183 3264 1255 ἀλήθειαν
3285 1186 3524 1255 κατάρα,
3555 1185 3646 1238 καὶ
3675 1186 3941 1256 ἁμαρτία·

2354 1280 2732 1348 κεχρημάτικε
2782 1277 2839 1329 δὲ
2892 1276 3104 1340 ταῦτα,
3163 1279 3250 1330 ἴνα
3297 1278 3433 1347 λύσῃ
3475 1277 3491 1316 ι
3543 1278 3810 1347 κατάραν.
3852 1280 3946 1330 καὶ

2351 1369 2648 1438 ἁμαρτίαν.
2681 1365 2889 1420 Οὐκοῦν
2918 1367 2966 1418 εἰ
3000 1367 3141 1419 οὕτω
3172 1370 3362 1435 γέγονε
3399 1368 3558 1439 σὰρξ,
3596 1370 3947 1438 κατήργηκεν

2352 1461 2460 1529 ἄρα
2493 1460 2592 1530 τὴν
2638 1459 2836 1530 σάρκα,
2872 1459 3015 1512 καθά
3045 1462 3138 1512 καὶ
3167 1461 3265 1530 τὴν
3318 1461 3479 1530 ἀρὰν,
3509 1460 3601 1512 καὶ
3632 1460 3728 1531 τὴν
3759 1463 3949 1529 άμαρ-

2350 1553 2471 1604 τίαν
2496 1567 2510 1580 ο
2554 1553 2648 1603 καὶ
2680 1551 2805 1603 οὔτε
2850 1551 3074 1620 γέγονεν
3122 1551 3432 1620 ἄνθρωπος,
3462 1551 3588 1604 οὗτε
3641 1552 3746 1622 μὴν
3781 1554 3949 1622 ἐσαρ-

2352 1639 2504 1710 κώθη
2532 1639 2674 1692 κατὰ
2707 1639 3000 1711 ἀλήθειαν
3039 1640 3154 1692 ἀλλ’
3192 1643 3248 1691 ὲν
3295 1640 3514 1711 δοκήσει
3565 1641 3702 1714 μόνῃ
3743 1641 3806 1692 τὸ
3845 1660 3948 1711 μυ-

664 1739 1002 1793 carnzrtionis
1050 1737 1266 1789 modus.
1322 1733 1554 1788 Tollitur
1606 1744 1788 1788 autem
1834 1735 2054 1788 omnino
2083 1743 2138 1788 et
2163 1749 2249 1787 re-

2365 1733 2609 1804 στήριον,
2650 1734 2744 1786 καὶ
2775 1735 2834 1785 ἐν
2874 1732 3049 1802 ψιλοῖς
3081 1733 3341 1800 ὀνόμασιν
3377 1735 3405 1786 ό
3454 1735 3553 1804 τῆς
3589 1734 3951 1806 ὲνανθρωπὴ-

663 1829 1018 1884 surrectionis
1049 1842 1194 1897 spes.
1241 1825 1296 1878 In
1344 1827 1496 1896 cujus
1529 1825 1693 1893 igitur
1725 1835 1957 1879 mortem
1988 1827 2248 1894 baptizati

665 1937 850 1976 sumus
878 1922 924 1952 ⁸³
951 1920 973 1972 ?
1004 1919 1105 1974 Ubi
1159 1920 1384 1973 verbum
1442 1918 1604 1982 ﬁdei,
1637 1918 1779 1988 quod
1827 1917 2190 1988 praedicamus
2231 1919 2252 1970 ?

664 2015 912 2068 Confessi
941 2014 1082 2068 enim
1107 2014 1249 2082 quod
1285 2011 1542 2067 Dominus
1570 2020 1655 2065 est
1704 2009 1864 2065 Jesus
1891 2019 1944 2064 et
1971 2011 2252 2065 credentes

665 2107 807 2176 quod
857 2109 992 2160 Dens
1042 2107 1214 2174 ipsum
1241 2104 1495 2158 excitavit
1539 2118 1566 2156 a
1619 2105 1888 2167 mortuis,
1946 2103 2246 2156 salvamnr.

667 2195 834 2264 Igitur
866 2198 916 2250 in
954 2212 1119 2250 unum
1153 2198 1384 2250 similem
1421 2196 1597 2259 nobis,
1632 2206 1685 2249 et
1713 2211 2050 2249 communem
2077 2196 2253 2249 homi-

665 2301 789 2340 nem
841 2288 944 2339 erit
1004 2287 1169 2349 ﬁdes,
1222 2302 1318 2338 nec
1371 2286 1482 2353 jam
1536 2285 1768 2353 amplius
1810 2285 2074 2347 Verbum,
2108 2283 2250 2351 quod

668 2378 718 2429 in
757 2379 987 2430 humana
1025 2376 1195 2429 forma
1224 2385 1445 2444 propter
1477 2392 1578 2430 nos
1609 2377 1880 2445 apparuit,
1915 2375 2251 2429 adoramus?

665 2469 745 2520 An
782 2483 884 2520 non
917 2468 1121 2535 accepit
1156 2468 1296 2521 servi
1331 2466 1582 2531 formam,
1615 2469 1814 2534 quiest
1849 2469 2059 2521 liberut
2082 2467 2252 2520 Deus?

667 2574 773 2610 non
809 2559 1110 2611 ltumiliavit
1152 2559 1385 2626 seipsum
1413 2598 1427 2622 ,
1463 2557 1550 2624 qui
1588 2557 1894 2611 divinitatis
1926 2557 2250 2612 excellentia

665 2651 988 2718 conspicuus
1036 2649 1162 2703 est?
1213 2651 1301 2718 qui
1373 2651 1422 2701 in
1461 2648 1631 2701 forma
1681 2659 1735 2702 et
1778 2650 2084 2717 aequalitate
2133 2648 2251 2702 Pa—

667 2743 798 2800 tris.
855 2758 957 2794 non
1009 2741 1225 2795 demisit
1262 2757 1317 2795 se
1370 2743 1422 2794 in
1470 2742 1899 2795 exinanitiouem
1931 2783 1944 2804 ,
1995 2744 2250 2810 quamvis

669 2834 956 2886 distribuat
1013 2835 1077 2886 de
1131 2848 1225 2886 sua
1275 2832 1607 2902 plenitudine
1662 2844 1928 2887 creatura:
1987 2835 2126 2887 bona
2155 2835 2252 2886 “1'

667 2924 850 2993 Apage
883 2939 908 2974 a
944 2921 1083 2975 malo
1120 2923 1223 2975 isto
1253 2922 1504 2975 consilio.
1559 2923 1732 2976 Aliter
1779 2939 1878 2977 nos
1917 2924 2253 2980 edocuerunt

670 3012 810 3065 beati
841 3010 1033 3065 Patres
1072 3013 1412 3065 incarnatum
1437 3026 1562 3067 esse
1586 3053 1602 3078 ,
1637 3022 1692 3067 et
1727 3014 2000 3068 hominem
2050 3015 2249 3070 factum

669 3103 964 3158 secundum
1003 3104 1280 3156 veritatem
1318 3104 1489 3172 ipsum
1529 3105 1621 3158 Dei
1653 3104 1832 3158 Patris
1891 3099 2137 3160 Verbum
2170 3107 2253 3160 di-

670 3203 890 3254 xerunt,
923 3194 1124 3261 absque
1153 3194 1505 3246 conversione
1535 3205 1588 3247 et
1614 3193 2253 3250 conﬁtsioneJneﬁabilis

672 3294 849 3334 autem
909 3283 1130 3334 omnino
1177 3292 1261 3335 est
1319 3282 1741 3350 dispensationis
1793 3288 2003 3338 modus.
2070 3283 2255 3338 Testes

673 3390 798 3427 vero
822 3389 1028 3435 eorum,
1053 3389 1172 3442 qute
1197 3375 1339 3427 dicta
1365 3384 1512 3439 sunt,
1536 3389 1816 3429 sermones
1840 3376 2252 3432 illorumerunt.

918 3637 1064 3692 Petri
1105 3641 1353 3707 martyri:
1390 3639 1616 3708 episwpi
1649 3639 2007 3694 Alexandria.

745 3752 895 3809 Unde
912 3764 965 3806 et
992 3752 1322 3820 evangelista
1350 3766 1477 3806 vere
1498 3753 1771 3821 loquitur,
1801 3754 1987 3807 dicens
2021 3771 2034 3808 :
2073 3772 2092 3804 ι
2123 3752 2254 3807 Ver-

672 3845 796 3898 bum
828 3860 954 3899 caro
985 3843 1184 3898 factum
1210 3854 1311 3910 est,
1346 3855 1401 3899 et
1430 3845 1697 3899 habitavit
1726 3847 1778 3900 in
1813 3847 1970 3901 nobis
2005 3862 2020 3909 ;
2065 3865 2082 3897 ι
2126 3857 2253 3899 tunc

671 3937 951 4001 videlicet,
979 3952 1045 3990 ex
1075 3951 1182 4005 quo
1237 3936 1462 4006 angelus
1516 3935 1771 3991 salutavit
1831 3936 2136 4007 Virginem,
2175 3939 2254 3991 in-

672 4031 912 4100 quiens:
954 4048 972 4080 ι
999 4031 1132 4092 Ave,
1161 4028 1335 4098 gratia
1363 4028 1540 4098 plena,
1579 4029 1837 4084 Dominus
1894 4039 2069 4084 tecum
2109 4031 2174 4083 ⁵⁵.
2233 4048 2250 4081 ι

672 4123 825 4188 Quod
867 4122 998 4176 dicit
1025 4121 1242 4176 Gabriel
1279 4141 1292 4176 :
1333 4139 1352 4173 ι
1404 4123 1662 4175 Dominus
1704 4131 1912 4184 tecum,
1959 4141 1976 4172 )
2010 4138 2105 4189 pro
2154 4121 2256 4176 hoc

673 4223 756 4266 est
809 4214 1047 4278 dictum,
1101 4212 1361 4266 Dominus
1420 4211 1658 4267 Verbum
1719 4223 1936 4276 tecum,
1987 4214 2257 4283 signiﬁcat

673 4305 818 4358 enim
853 4305 1028 4373 ipsum
1076 4305 1219 4373 gigni
1264 4305 1316 4358 in
1349 4317 1537 4369 utero,
1578 4314 1631 4359 et
1687 4305 1799 4359 ﬁeri
1845 4320 2085 4370 carnem,
2119 4308 2256 4359 sicut

2278 3054 2321 3110 C

2355 1839 2493 1885 σεως
2541 1823 2862 1892 εὑρίσκεται
2919 1824 3204 1894 τρόποςω.
3252 1824 3546 1894 ’Λνῃρηται
3592 1825 3649 1876 δὲ
3693 1826 3773 1886 εἰς
3802 1826 3954 1878 ἅπαν

2354 1914 2448 1967 καὶ
2480 1916 2514 1983 ἡ
2549 1918 2647 1985 τῆς
2674 1915 3028 1977 ἀναστάσεως
3062 1914 3239 1977 ἐλπίς.
3272 1915 3363 1977 Εἰς
3402 1916 3494 1966 τὸν
3530 1917 3677 1978 τίνος
3707 1912 3801 1968 οὖν
3837 1918 3951 1983 ἄρα

2354 2007 2582 2060 θάνατον
2617 2006 3065 2076 βεϐαπτίσμεϐα;
3103 2005 3212 2058 Ποῦ
3252 2007 3313 2058 τὸ
3347 2007 3498 2076 ῥῆμα
3547 2007 3645 2076 τῆς
3679 2007 3948 2071 πίστεως,

2351 2097 2379 2149 ὃ
2425 2098 2816 2168 κηρύσσομεν;
2884 2097 3350 2167 Ὀμολογήσαντες
3409 2098 3552 2167 γὰρ,
3608 2099 3689 2150 ὅτι
3737 2099 3949 2169 Κύριος

2365 2191 2596 2259 Ἰησοῦς,
2637 2192 2731 2243 καὶ
2780 2190 3177 2252 πιστεύσαντες
3233 2191 3314 2242 ὃτι
3357 2189 3487 2252 Θεὸς
3519 2189 3684 2241 αὑτὸν
3730 2191 3960 2261 ἤγειρεν

2353 2284 2416 2334 ὲκ
2463 2282 2711 2352 νεκρῶν,
2755 2281 3064 2351 σωζόμεοα.
3111 2276 3238 2352 τΛρ’
3275 2276 3366 2334 οὖν
3402 2283 3481 2342 εἱς
3521 2280 3616 2331 ἕνα
3650 2280 3741 2331 τὸν
3772 2291 3795 2316 ο
3827 2281 3959 2333 καθ’

2353 2371 2523 2440 ἡμᾶς,
2559 2373 2654 2422 καὶ
2696 2373 2876 2424 κοινὸν
2905 2370 3194 2441 ἄνθρωπον
3227 2372 3259 2439 ἡ
3297 2368 3496 2431 πίστις,
3543 2367 3727 2421 οὐκέτι
3772 2368 3830 2421 δὲ
3865 2369 3958 2420 τὸν

2352 2463 2410 2514 ἐν
2441 2463 2763 2534 ἀνθρωπεία
2799 2467 2982 2534 μορφῇ
3019 2462 3297 2531 πεφηνότα
3332 2461 3398 2514 δι’
3432 2463 3580 2533 ἡμᾶς
3612 2461 3956 2532 προσκυνοῦ-

2355 2572 2453 2624 μεν
2483 2556 2658 2621 Λόγον
2688 2573 2700 2619 ;
2736 2557 2848 2606 Οὐκ
2877 2555 3035 2607 ἔλαόε
3060 2557 3157 2624 τὴν
3179 2556 3270 2606 τοῦ
3291 2555 3479 2607 δούλου
3515 2554 3728 2624 μορφὴν
3753 2555 3780 2604 ὁ
3806 2554 3959 2606 ὲλεύ·

2353 2645 2510 2716 Οερος
2544 2646 2619 2708 ὡς
2646 2646 2777 2708 Θεός
2807 2653 2862 2710 °;
2901 2647 2960 2698 ού
2997 2646 3399 2698 τεταπείνωκεν
3440 2645 3631 2698 ἑαυτὸν
3658 2648 3686 2699 6
3713 2648 3826 2714 τοῖς
3858 2647 3958 2714 τῆς

2353 2734 2607 2805 θεότητος
2648 2737 2906 2806 ύψώμασι
2939 2739 3291 2807 διαπρέπων;
3328 2738 3354 2789 6
3381 2738 3436 2790 ὲν
3481 2740 3683 2807 μορφῇ,
3717 2738 3810 2790 καὶ
3847 2739 3960 2789 ἰσό-

2353 2846 2474 2898 τητι
2523 2826 2616 2879 τοῦ
2665 2830 2878 2899 Πατρός
2913 2831 2975 2880 οὐ
3032 2828 3273 2897 καθῆκεν
3320 2827 3512 2880 ἑαυτὸν
3553 2829 3631 2890 είς
3695 2828 3957 2889 κένωσιν,

2353 2919 2530 2972 καίτοι
2568 2919 2841 2988 διανέμων
2875 2920 2933 2982 ἐξ
2979 2919 3110 2972 ἰδίου
3155 2919 3531 2991 πληρώματος
3575 2922 3640 2990 τῇ
3679 2920 3855 2972 κτίσει
3892 2924 3963 2973 τὰ

2354 3009 2562 3076 άγαθά;
2601 3011 2812 3076 ’Λπαγε
2848 3011 2949 3078 τῆς
3009 3011 3372 3074 δυσϐουλίας’
3415 3011 3617 3078 ἑτέρως
3660 3012 3808 3077 ἡμᾶς
3854 3028 3960 3078 με-

2361 3105 2860 3171 μυσταγιυγήκασιν
2891 3104 2939 3154 0i
2971 3105 3231 3172 μακάριοι
3280 3102 3558 3172 Πατέρες’
3599 3104 3964 3171 σαρκωΟῆναι

2357 3195 2489 3264 γὰρ,
2526 3196 2617 3246 καὶ
2648 3195 3068 3263 ὲνανθρωπῆσαι
3099 3196 3238 3248 κατὰ
3267 3195 3526 3264 ἀλήθειαν
3554 3195 3718 3247 αὐτὸν
3743 3195 3965 3263 ἔφασαν

2357 3287 2448 3337 τὸν
2490 3288 2552 3337 ἐκ
2583 3283 2718 3336 Θεοῦ
2763 3286 2974 3354 Πατρὸς
2999 3286 3174 3352 Λόγον
3217 3285 3529 3355 ἀτρέπτως,
3577 3285 3672 3338 καὶ
3706 3286 3961 3355 ἀσυγχύ-

2357 3394 2481 3440 τως.
2523 3377 2859 3448 ’Λπόρῤητος
2879 3378 2935 3428 δὲ
2976 3378 3256 3441 παντελῶς
3295 3377 3395 3447 τῆς
3425 3378 3741 3448 οἰκονομίας
3768 3382 3795 3431 ό
3833 3381 3966 3447 τρό-

2359 3486 2475 3532 πος.
2509 3469 2812 3540 Μάρτυρας
2843 3470 2898 3522 δὲ
2940 3469 3050 3523 τῶν
3085 3470 3394 3541 εἰρημένων
3420 3471 3545 3534 τοὺς
3582 3470 3763 3524 αὐτῶν
3799 3475 3966 3540 ποιή-

2361 3575 2523 3626 σομαι
2560 3558 2775 3626 λόγους.

2430 3648 2653 3716 Πέτρου
2677 3649 2979 3716 μάρτυρος
3027 3651 3371 3705 ἐπισκόπου
3409 3653 3886 3721 Ἀλεξανδρείας.

2432 3761 2594 3813 Ὅθεν
2620 3764 2712 3814 καὶ
2738 3763 2765 3813 ό
2788 3764 3180 3835 εὐαγγελιστὴς
3211 3765 3465 3836 ἀληθεύει
3493 3768 3694 3835 λέγων’
3729 3789 3746 3818 ι
3775 3771 3834 3822 'U
3863 3772 3970 3822 Λό-

2358 3870 2451 3920 γος
2489 3853 2625 3923 σὰρξ,
2669 3855 2919 3921 ἐγένετο,
2957 3857 3052 3908 καὶ
3097 3859 3410 3926 ἐσκήνωσεν
3451 3861 3508 3910 ὲν
3554 3863 3720 3928 ἡμῖν·
3773 3876 3791 3912 ι
3839 3864 3970 3914 τότε

2363 3945 2631 4014 δηλονότι,
2659 3948 2752 4015 ἀφ’
2783 3942 2842 4001 οὗ
2870 3950 2896 4000 6
2931 3949 3160 4016 ἄγγελος
3193 3950 3483 4017 ἠσπάσατο
3521 3952 3619 4020 τὴν
3654 3952 3968 4022 Παρθένον,

2359 4037 2548 4089 εἰπών·
2572 4056 2589 4087 ι
2618 4039 2814 4108 Χαῖρε,
2843 4040 3287 4109 κεχαριτωμένη,
3338 4043 3366 4094 ό
3390 4042 3593 4111 Κύριος
3623 4044 3762 4113 μετὰ
3790 4045 3892 4098 σοῦ
3919 4065 3930 4074 ι
3949 4065 3966 4096 ι

2357 4129 2418 4181 τὸ
2447 4129 2574 4196 γὰρ,
2613 4147 2630 4178 ι
2677 4127 2881 4199 Κύριος
2913 4130 3052 4200 μετὰ
3084 4130 3202 4194 σού,
3232 4150 3248 4181 ι
3280 4131 3378 4185 νῦν
3416 4131 3564 4186 ἔστιν
3594 4134 3833 4188 ἀκοῦσαι
3870 4137 3972 4188 τοῦ

2359 4220 2624 4290 Γαϐριὴλ,
2655 4221 2776 4273 ἀντὶ
2804 4221 2920 4284 τοῦ,
2955 4223 3014 4274 '0
3037 4223 3166 4285 Θεὸς
3183 4224 3355 4292 Λόγος
3385 4225 3522 4295 μετὰ
3552 4227 3674 4279 σού·
3697 4231 3975 4299 σημαίνει

2360 4313 2467 4378 γὰρ
2520 4309 2684 4362 αὐτὸν
2718 4311 3058 4382 γεννώμενον
3104 4315 3162 4366 ἐν
3201 4316 3402 4386 μήτρᾳ,
3449 4317 3546 4370 καὶ
3593 4318 3773 4388 σάρκα
3810 4324 3976 4389 γινόε

675 4396 931 4463 scriptum
969 4401 1052 4448 est
1093 4409 1104 4445 :
1146 4410 1165 4443 ι
1201 4391 1436 4461 Spiritus
1467 4403 1686 4446 sanctus
1721 4393 2067 4461 superveniet
2095 4392 2146 4444 in
2179 4401 2248 4452 te,

2362 4420 2541 4473 μενον,
2588 4403 2769 4466 καθὼς
2815 4405 3164 4473 γέγραπταιο
3209 4428 3226 4458 ι
3259 4408 3483 4478 Πνεῦμα
3532 4410 3688 4478 ἅγιον
3728 4413 3977 4468 ἐπελεύ-

674 4496 728 4539 et
757 4487 926 4538 virtus
971 4485 1232 4538 Altissimi
1291 4485 1636 4538 obumbrabit
1691 4485 1785 4538 tibi
1818 4501 1832 4538 :
1868 4484 1988 4538 ideo
2021 4493 2074 4537 et
2115 4483 2256 4551 quod

676 4591 930 4633 nascetur
955 4589 1225 4643 sanctum,
1256 4578 1533 4632 vocabitur
1567 4577 1737 4632 Filius
1767 4577 1860 4630 Dei
1882 4577 1950 4627 ⁸⁸.
1982 4597 1998 4627 ι

1002 4695 1277 4749 Athanasii
1315 4695 1540 4764 episcopi
1567 4693 1925 4747 Alexandrina

749 4808 899 4863 Unde
930 4817 1128 4861 etcum
1173 4816 1491 4862 nasceretur
1515 4821 1644 4860 caro
1685 4820 1749 4859 ex
1787 4804 1879 4858 Dei
1917 4803 2072 4873 163
2105 4803 2253 4872 geni-

675 4903 809 4956 trice
865 4900 1070 4964 Maria,
1125 4902 1238 4969 ipse
1295 4901 1492 4955 dicitur
1546 4908 1703 4954 natus
1760 4913 1914 4960 esse,
1990 4898 2078 4965 qui
2138 4896 2259 4949 aliis

674 4994 1014 5048 nativitatem
1050 5004 1108 5046 ut
1143 4995 1252 5047 sint
1281 4994 1529 5057 exhibet,
1559 5002 1617 5045 ut
1649 5001 1887 5045 nostram
1918 4990 1968 5042 in
2002 5005 2060 5042 se
2087 4996 2265 5040 trans-

677 5083 843 5136 ferret
867 5083 1225 5137 nativitatem.

935 5196 1188 5265 Ejusdem
1215 5212 1277 5249 ea:
1308 5198 1527 5263 epistola
1567 5197 1635 5248 ad
1671 5195 1987 5263 Epictetum.

751 5309 1035 5376 Quomodo
1064 5319 1118 5366 et
1153 5311 1426 5379 ambigere
1472 5310 1586 5364 ausi
1625 5321 1786 5374 sunt,
1830 5310 1919 5378 qui
1957 5309 2251 5366 Christiani

2362 4512 2512 4548 σεται
2543 4496 2635 4547 ἐπὶ
2676 4495 2758 4562 σὲ,
2791 4498 2884 4550 καὶ
2931 4498 3160 4568 δύναμις
3190 4499 3449 4569 Ὑψίστου
3490 4501 3808 4556 ἐπισκιάσει
3845 4522 3972 4557 σοι·

2356 4587 2437 4638 διὸ
2472 4587 2566 4639 καὶ
2594 4587 2654 4639 τὸ
2674 4588 3015 4659 γεννώμενον
3044 4591 3218 4658 ἅγιον,
3243 4592 3575 4664 κληθήσεται
3605 4595 3729 4658 Υἱὸς
3755 4597 3931 4650 Θεοῦ.
3952 4618 3968 4648 ι

2511 4702 2864 4755 Ἀθανασίου
2897 4703 3239 4758 ἐπισκόπου
3268 4717 3292 4754 ι’
3336 4706 3813 4775 Ἀλεξανδρείας.

2440 4813 2604 4866 ὊΟεν
2637 4815 2730 4866 καὶ
2767 4816 3113 4884 γεννωμένης
3147 4818 3245 4884 τῆς
3287 4818 3489 4888 σαρκὸς
3527 4820 3590 4870 ἐκ
3628 4819 3727 4888 τῆς
3765 4820 3977 4876 Θεοτό-

2367 4922 2463 4956 κε’.)
2481 4904 2716 4972 Μαρίας,
2737 4904 2898 4966 αὐτὸς
2925 4905 3176 4958 λέλεκται
3196 4907 3564 4976 γεγεννῆσθαι
3589 4910 3615 4960 ό
3631 4912 3741 4966 τοῖς
3775 4911 3977 4975 ἄλλοις

2361 4998 2574 5063 γένεσιν
2606 4999 2684 5058 εἰς
2719 4997 2774 5047 τὸ
2802 4993 2941 5049 εἶναι
2979 4999 3258 5069 παρέχων,
3292 5001 3376 5052 ἵνα
3409 5001 3504 5070 τὴν
3530 5001 3687 5070 ἡμῶν
3724 5005 3808 5064 εἰς
3833 5007 3977 5057 ἑαυ-

2358 5089 2449 5138 τὸν
2484 5088 2692 5157 μεταθῇ
2724 5087 2999 5158 γέννησιν.

2400 5200 2508 5252 Τοῦ
2538 5201 2724 5253 αὑτοῦ
2751 5201 2818 5253 ἐκ
2846 5202 2954 5269 τῆς
2986 5205 3138 5268 πρὸς
3179 5206 3532 5272 Ἑπίκτητον
3559 5206 3935 5274 ἐπιστολῆς.

2425 5311 2548 5375 Πῶς
2594 5313 2650 5365 δὲ
2685 5315 2776 5365 καὶ
2824 5315 3190 5384 ἁμιριῦάλλειν
3234 5317 3545 5389 ἐτόλμησαν
3571 5321 3621 5371 0i
3665 5319 3982 5391 λεγόμενοι.

749 5466 792 5496 ⁸¹
824 5464 925 5520 Isa.
953 5480 1070 5529 Lm,
1101 5464 1207 5530 ης
1242 5462 1404 5518 Marc.
1430 5480 1517 5529 xv,
1553 5463 1643 5516 28.
1722 5464 1768 5493 ⁸³
1806 5463 1959 5516 Rom.
1995 5479 2070 5527 Vl,
2103 5465 2158 5518 5.
2193 5464 2240 5495 ⁸⁵
2274 5463 2511 5535 Philipp.
2551 5482 2609 5532 ιι,
2654 5468 2685 5520 6
2714 5483 2865 5537 seqq.
2944 5469 2989 5500 "
3025 5468 3159 5524 Luc.
3197 5486 3237 5537 ι,
3267 5470 3358 5527 28.
3435 5472 3481 5502 "
3512 5472 3642 5527 ibid.
3676 5472 3748 5527 35

1728 5622 1902 5676 Variae
1929 5621 2186 5677 lectiones
2212 5639 2275 5677 ex
2299 5625 2486 5678 codice
2518 5624 2893 5695 Segnieriano.

1600 5777 1624 5789 ο

756 5782 771 5819 'I
805 5777 1104 5852 καταλύσῃ.
1181 5789 1216 5815 ω
1239 5777 1418 5847 λόγος.
1496 5787 1521 5814 ³
1557 5777 1685 5831 τῶν.
1767 5784 1792 5812 °
1825 5777 2107 5848 ἐλεύθερος
2141 5779 2292 5842 Θεός.

2373 5792 2399 5830 Ρ
2430 5783 2581 5851 ἁρχιε
2596 5783 2887 5837 πισκόπού.
