4042 6446
171 371 272 428 525

791 369 1327 426 APOLUGETICUS
1365 369 1500 424 PRO
1535 368 1629 422 Xll
1671 367 2040 424 CAPITIBUS
2072 368 2353 425 CONTRA
2389 369 2849 429 OlllENTALES.

3352 380 3458 436 526

167 491 496 563 Χριστιανοὶ
517 529 532 553 ,
565 490 614 540 εί
653 489 682 541 ό
709 488 771 540 ὲκ
802 487 1022 559 Μαρίας
1054 486 1333 558 προελθὼν
1377 485 1601 552 Κύριος,
1643 485 1740 537 Tib

1877 495 2172 550 vocantur,
2235 502 2362 540 num
2422 488 2713 554 Dominus,
2766 489 3109 558 quieMaria
3168 498 3455 564 processit.

169 586 261 653 μὲν
287 586 358 654 τῇ
388 580 576 652 οὐσίᾳ,
609 582 706 634 καὶ
733 585 796 652 τῇ
824 581 985 650 φύσει
1007 580 1099 634 τοῦ
1123 579 1258 633 Θεοῦ
1283 583 1424 632 ἐστι·
1451 579 1513 631 τὸ
1540 578 1596 630 δὲ
1627 577 1767 631 κατὰ

166 675 372 745 σάρκα,
419 674 486 725 ἐκ
543 673 865 742 σπέρματός
912 672 1026 725 ἐστι
1078 671 1259 733 Δαυῖδ,
1299 669 1499 741 σαρκὸς
1553 670 1612 722 δὲ
1665 670 1766 740 τῆς

161 769 325 833 ἁγίας
355 765 626 835 Magi-xc;
663 765 817 828 Τίνες
851 765 908 819 δὲ
935 765 1042 836 ἄρα
1072 763 1213 817 οὕτω
1243 762 1505 833 τολμηροὶ
1539 764 1766 830 γεγόνα-

161 873 264 918 σιν,
294 855 447 908 ὥστε
482 857 658 906 εἰπεῖν
688 855 779 906 τὸν
811 855 1046 920 Χριστὸν
1085 854 1178 906 τὸν
1201 853 1367 923 σαρκὶ
1402 853 1644 906 παθόντα
1669 852 1764 907 καὶ

159 945 594 1018 ἐσταυρωμένον
631 945 706 1014 μὴ
759 941 901 998 εἶναι
950 946 1180 1014 Κύριον,
1224 944 1318 996 καὶ
1369 944 1628 1014 Σωτῆρα,
1669 943 1764 996 καὶ

155 1036 308 1101 Θεὸν,
352 1037 457 1090 καὶ
487 1036 618 1090 Υἰὸν
654 1036 751 1089 τοῦ
798 1036 1046 1107 Πατρός;
1083 1036 1115 1105 ἦ
1153 1035 1271 1100 πῶς
1311 1037 1632 1106 Χριστιανοὶ
1675 1036 1762 1090 θέ-

155 1130 341 1183 λουσιν
387 1128 763 1199 ὀνομάζεσθαι
792 1129 843 1181 οἱ
882 1128 1132 1195 λέγοντες
1170 1129 1248 1190 εἰς
1271 1127 1557 1196 ἄνθρωπον
1582 1127 1755 1196 ἅγιον,

153 1221 224 1284 ὡς
253 1223 351 1273 ἐπὶ
386 1221 490 1275 ἕνα
525 1220 634 1274 τῶν
667 1220 962 1289 προφητῶν
987 1218 1304 1290 ἐληλυθέναι
1326 1219 1415 1271 τὸν
1449 1219 1638 1287 Λόγον,
1665 1219 1760 1272 καὶ

156 1315 226 1383 μὴ
243 1313 419 1365 αὐτὴν
451 1313 748 1382 ἄνθρωπον
777 1311 1085 1380 γεγονέναι,
1111 1311 1345 1364 λαϐόντα
1375 1314 1439 1364 ὲκ
1460 1311 1674 1381 Μαρίας
1696 1311 1758 1364 τὸ

152 1406 338 1472 σῶμα,
357 1405 480 1458 ἀλλ’
499 1404 690 1475 ἕτερον
707 1401 848 1456 εἶναι
863 1403 953 1456 τὸν
972 1403 1226 1472 Χριστὸν,
1243 1405 1335 1456 καὶ
1351 1403 1435 1455 ἒτε
1445 1420 1536 1473 ρον
1559 1403 1648 1455 τὸν
1665 1402 1757 1455 τοῦ

148 1498 282 1550 Θεοῦ
299 1498 512 1564 Λόγον,
531 1497 624 1550 τὸν
647 1498 752 1567 προ
766 1497 1004 1568 Μαρίας,
1020 1497 1237 1567 καὶπρὸ
1259 1496 1470 1549 αἰώνων
1487 1497 1612 1550 Υἱὸν
1630 1497 1759 1550 ὄντα

145 1589 236 1642 τοῦ
256 1591 484 1660 Πατρός
505 1607 522 1656 ;
543 1590 574 1660 ἢ
598 1590 714 1652 πῶς
727 1586 1204 1658 εἶναιΧριστιανοὶ
1229 1588 1483 1642 δύνανται
1511 1591 1559 1642 oi
1579 1590 1758 1657 λέγονο

145 1697 232 1742 τες
250 1678 424 1732 ἄλλον
441 1675 588 1732 εἶναι
604 1679 696 1731 τὸν
713 1679 862 1742 Υἰδν,
878 1680 972 1731 καλ¹
993 1678 1151 1732 ἄλλον
1171 1679 1262 1732 τὸν
1280 1678 1375 1732 τοῦ
1396 1678 1532 1732 Θεοῦ
1546 1679 1717 1747 Λόγον
1737 1698 1751 1745 ;

212 1771 472 1833 Ταύταις
508 1772 675 1839 ἡμεῖς
701 1773 822 1832 ταῖς
846 1771 956 1822 τῶν
997 1771 1169 1836 ἁγίων
1215 1769 1474 1839 Πατέρων
1510 1770 1753 1839 ἑψόμεθα

1870 574 2042 628 Filius
2087 575 2302 644 quidem
2359 578 2660 632 substantia
2695 589 2750 633 et
2791 590 2982 635 natura
3027 581 3120 636 Dei
3155 583 3256 646 sit,
3311 588 3456 654 quod

1868 681 1993 719 vero
2027 667 2323 720 secundum
2354 682 2596 734 carnem,
2627 684 2691 723 ex
2726 673 2929 725 semine
2960 672 3032 725 sit
3066 673 3258 739 David,
3285 687 3451 730 came

1867 766 2043 810 autent
2099 767 2303 811 sancta:
2362 759 2607 813 Marhe?
2659 761 2764 827 Qui
2828 772 3006 818 autem
3051 775 3158 818 tam
3225 769 3456 823 audaces

1868 847 2016 902 fuere
2038 888 2052 914 ,
2081 857 2142 902 ιιι
2171 850 2437 915 dicerent,
2471 851 2781 917 Christum,
2815 855 2907 925 qui
2951 871 3113 910 carne
3154 873 3344 927 passus
3371 870 3454 914 est

1865 948 1916 992 et
1950 940 2279 1005 cruciﬁxus,
2313 957 2415 996 non
2461 958 2581 999 esse
2607 944 2890 1000 Dominum
2922 959 2975 1001 et
2998 947 3330 1005 Salvatnrem
3356 989 3370 1015 ,
3400 965 3454 1007 et

1863 1028 2030 1083 Deum
2062 1040 2114 1085 et
2141 1030 2333 1085 Filium
2359 1032 2535 1089 Patris
2572 1052 2586 1099 ;
2626 1037 2705 1091 vel
2735 1054 2840 1106 quo
2875 1051 3034 1108 pacto
3068 1042 3251 1095 volunt
3274 1046 3446 1099 nomi—

1864 1121 1981 1173 nari
2029 1121 2353 1191 Christiani,
2398 1128 2486 1194 qui
2536 1129 2721 1182 dicunt
2775 1130 2827 1183 in
2864 1132 3132 1185 liniuinem
3180 1146 3448 1205 sanetum,

1862 1211 2001 1264 sicut
2040 1211 2093 1264 in
2125 1228 2288 1265 unum
2344 1215 2763 1283 prophetarum,
2821 1222 3034 1275 venisse
3089 1221 3320 1279 Verbum
3347 1267 3360 1291 ,
3395 1238 3451 1282 et

1862 1316 1965 1356 non
2000 1302 2172 1372 ipsum
2205 1305 2475 1360 hominem
2514 1306 2737 1372 factum,
2766 1326 2887 1364 cum
2920 1316 3148 1382 sumpsit
3180 1330 3244 1369 ex
3274 1317 3444 1374 Maria

1861 1409 2100 1463 corpus:
2131 1396 2224 1450 sed
2282 1396 2443 1450 alium
2494 1414 2614 1454 esse
2664 1399 2979 1468 Christum,
3020 1418 3073 1458 et
3118 1407 3284 1461 alium
3352 1411 3444 1464 Dei

1861 1481 2096 1538 Verbum
2143 1487 2283 1554 quod
2335 1497 2461 1542 ante
2499 1488 2720 1542 Mariam
2789 1504 2842 1546 et
2870 1506 2996 1548 ante
3031 1498 3224 1551 saecula
3275 1500 3444 1556 Filius

1857 1584 1975 1628 erat
2009 1574 2183 1630 Patris
2212 1577 2340 1632 ivel
2373 1582 2640 1647 quomodo
2686 1580 2980 1638 Christiani
3018 1602 3137 1641 esse
3191 1603 3441 1658 possunt,

1859 1666 2101 1722 dicentes
2137 1667 2300 1721 alium
2323 1684 2442 1725 esse
2466 1669 2661 1724 Filium
2685 1711 2700 1735 ,
2735 1682 2790 1727 et
2815 1674 2978 1728 alium
3018 1677 3107 1731 Dei
3161 1679 3444 1736 Verbum?

1930 1756 2039 1810 Has
2073 1774 2172 1814 nos
2204 1771 2516 1815 sanctorum
2543 1761 2767 1819 Patrum
2800 1781 3094 1835 sequemur
3123 1776 3438 1830 sententias.

142 1860 348 1926 δόξαις.
391 1828 468 1912 Εἰ.
611 1828 696 1922 τίς
745 1828 1253 1928 ἑτεροδιδασκαλεῖ,
1292 1828 1386 1912 καί
1441 1828 1740 1932 medippe»

1862 1847 1916 1902 Si
1949 1858 2129 1903 autem
2190 1854 2313 1919 quis
2343 1853 2620 1909 diversum
2661 1857 2854 1922 docet,
2889 1870 2942 1913 et
2967 1861 3240 1915 diversum
3273 1866 3437 1934 sapit,

144 1953 314 2014 ἐστὶν,
360 1952 476 2015 ἔξω
505 1952 606 2019 τῆς
643 1954 724 2013 είς
762 1953 914 2011 εὐθὺ.
953 1951 1048 2004 καὶ
1083 1950 1369 2021 βασιλικῆς
1395 1951 1618 2021 φέρεται
1645 1953 1754 2023 τρί-

142 2045 256 2096 ϐου.
294 2045 429 2096 Ὀτι
473 2043 533 2095 δὲ
566 2044 662 2095 καὶ
698 2043 758 2096 τὸ
790 2043 1069 2113 σαρκικῶς
1114 2042 1371 2110 λέγεσθαι
1424 2043 1753 2114 γεννηθῆναι

139 2137 414 2206 Χριστὸν,
478 2135 581 2186 οὐκ
614 2133 885 2204 ἀσύνηθες
919 2137 1031 2197 τοῖς
1063 2133 1240 2201 ἁγίοις
1298 2134 1598 2203 Πατράσιν,
1637 2134 1753 2187 ἐστι

137 2227 191 2278 δὲ
222 2227 292 2295 δὴ
327 2224 546 2295 μᾶλλον
593 2225 688 2277 καὶ
738 2227 949 2295 ἑτέροις
1006 2223 1262 2294 ἐντριϐὴς
1311 2225 1342 2291 ἡ
1382 2225 1546 2289 λέξις,
1599 2225 1752 2279 οὐδὲν

136 2311 299 2384 ἦττον
336 2317 478 2382 ἡμῖν
526 2313 737 2384 ἀληθὲς
774 2315 1022 2386 ὑπάρχον
1067 2313 1358 2366 ἀποφαίνει
1390 2315 1449 2365 τὸ
1486 2315 1746 2366 ὑποτετα-

136 2406 340 2476 γμένον
380 2405 556 2474 ῥητόν
575 2421 589 2435 ·
625 2404 737 2474 ἔχει
760 2405 816 2458 δὲ
844 2406 1038 2468 οὓτως·

410 2517 800 2585 Ἀμφιλοχίου
839 2517 1181 2570 ἐπισκόπου
1220 2517 1491 2569 Ἰκονίου.

202 2604 264 2654 Et
304 2604 388 2672 μὴ
424 2607 541 2673 γάρ
579 2605 794 2666 ἐκεῖνος·
823 2605 1085 2674 ἐγεννήθη
1121 2605 1422 2674 σαρκικῶς,
1450 2605 1550 2658 οὐκ
1582 2606 1647 2658 ἂν
1681 2605 1744 2658 σὺ

134 2697 444 2765 ἐγεννήθης
475 2696 872 2764 πνευματικῶς
897 2713 910 2725 ·
941 2699 990 2748 εἰ
1021 2698 1096 2768 μὴ
1126 2699 1332 2761 ἐκεῖνος
1361 2699 1618 2767 ἠνέσχετο
1645 2698 1745 2766 τῆς

132 2786 221 2838 τοῦ
246 2787 456 2839 δούλου
506 2786 747 2855 μορφῆς,
788 2787 889 2839 οὐκ
919 2788 985 2840 ἂν
1018 2792 1082 2840 σὺ
1111 2790 1208 2859 τὴν
1240 2789 1398 2852 δόξαν
1429 2789 1527 2858 τῆς
1564 2788 1740 2840 υίοθε-

136 2879 252 2939 σίας
283 2877 626 2946 ἐκέρδανας.
679 2879 845 2950 Δηλοί
884 2880 940 2932 δὲ
990 2880 1269 2933 κάνταῦθα
1308 2880 1390 2944 τὸ,
1438 2879 1738 2949 σαρκικῶς,

132 2970 207 3031 τὸ,
241 2969 396 3023 κατὰ
452 2971 672 3041 σάρκα·
723 2971 977 3024 καθάπεο
1025 2973 1218 3025 άιιέλει
1281 2972 1342 3024 τὸ
1408 2971 1626 3033 θεῖκῶς,
1656 2971 1735 3035 τὸ,

135 3060 275 3112 κατά
298 3061 575 3128 θεότητα.

584 3175 1176 3229 ΑΝΑΘΕΜΑΤΙΣΜΟΣ
1215 3177 1286 3230 Γ.

197 3290 265 3343 Et
301 3309 390 3354 τις
425 3290 526 3343 ἐπὶ
554 3289 653 3341 τοῦ
695 3289 816 3352 ἑνὸς
855 3290 1093 3359 Χριστοῦ
1136 3290 1337 3361 διαιρεῖ
1376 3291 1472 3355 τὰς
1499 3292 1736 3346 ὑποστά-

133 3396 237 3443 σεις
268 3380 418 3450 μετὰ
481 3378 583 3449 τὴν
615 3377 831 3443 ἕνωσιν,
893 3379 1031 3450 μόνῃ
1067 3380 1356 3433 συνάπτων
1407 3381 1575 3443 αὐτὰς
1614 3399 1737 3432 συν-

128 3473 290 3542 «ipsi;
321 3476 392 3543 τῇ
432 3473 581 3525 κατὰ
613 3470 713 3540 τὴν
739 3471 897 3535 ἀξίαν
927 3511 941 3534 ,
974 3471 1141 3540 ῆγουν
1173 3473 1481 3536 αύθεντίαν,
1512 3473 1544 3543 ἢ
1579 3471 1738 3526 δυνα-

129 3565 311 3616 στείαν
338 3606 352 3627 ,
399 3564 498 3615 καὶ
535 3564 659 3632 οὐχὶ
690 3561 756 3630 δὴ
807 3561 1010 3630 μᾶλλον
1043 3562 1245 3632 συνόδῳ
1276 3566 1341 3614 τῆ
1381 3563 1501 3616 καθ’
1543 3564 1736 3618 ἕνωσιν

128 3655 369 3724 φυσικήν
396 3671 410 3683 ·
441 3653 701 3722 ἀνάθεμα
733 3651 892 3707 ἔστω.

455 3764 849 3832 Ἀντίρῤησις
874 3763 992 3817 τῶν
1025 3766 1434 3822 Ἀνατολικῶν.

193 3859 373 3912 Πάλιν
411 3857 584 3909 αὑτὸν
606 3855 716 3908 τῶν
747 3855 914 3908 αὑτοῦ
947 3857 1336 3926 ὑπομνήσομεν
1358 3869 1385 3906 ει
1413 3857 1607 3924 λόγων,
1633 3860 1734 3912 δειε

125 3950 350 4011 κνύντες
379 3947 555 4000 αὑτὸν
595 3945 690 3998 δύο
721 3947 1048 4010 ὑποστάσεις
1077 3948 1323 4016 λέγοντα,
1361 3949 1417 4000 ὲν
1454 3943 1536 4010 οἷς
1569 3967 1731 4019 φησιν

123 4048 173 4098 ὲν
195 4044 276 4113 τῷ
301 4043 521 4112 πρώτῳ
546 4042 724 4109 τόμῳ·
760 4040 966 4094 Οὐκοῦν
993 4041 1114 4093 ὅσον
1141 4043 1216 4103 είς
1261 4040 1394 4092 ἰδίαν
1421 4041 1603 4109 φύσιν,
1633 4043 1730 4112 οὐχ

119 4137 390 4204 ηγίασται
425 4134 594 4202 μόνος
629 4134 657 4185 ὁ
699 4135 764 4185 ὲκ
817 4131 951 4185 Θεοῦ
988 4134 1204 4203 Πατρὺς
1245 4133 1417 4199 Λόγος
1441 4149 1453 4161 ·
1496 4136 1543 4186 εί
1578 4134 1634 4185 δὲ
1663 4135 1726 4205 δή

118 4243 194 4290 τις
224 4228 406 4278 οἴοιτο
437 4224 536 4276 τὸν
579 4225 646 4275 ἐκ
677 4224 775 4292 τῆς
823 4223 985 4291 ἁγίας
1033 4224 1306 4294 Παρθένου
1332 4225 1728 4294 γεγεννημένον

121 4315 418 4386 κεχρίσθαί
476 4330 539 4364 τε
605 4313 698 4364 καὶ
749 4313 1006 4381 ἡγιάσθαι
1090 4313 1268 4383 μόνον,
1327 4315 1582 4385 ταύτῃτοι
1633 4317 1727 4367 καὶ

119 4408 448 4477 ὠνομάσθαι
503 4404 640 4456 Θεόν
666 4414 687 4441 ι’
721 4419 733 4431 ·
770 4403 889 4467 πῶς
932 4399 1024 4456 οῦν
1047 4405 1122 4466 ὼς
1178 4405 1567 4474 ἐπιλαθόμενος
1618 4408 1725 4460 τῶν

1857 1948 2007 1993 extra
2038 1951 2236 1996 rectam
2256 1951 2310 1996 et
2334 1944 2536 2014 regiam
2572 1947 2711 2000 viam
2741 1948 2935 2004 fertur.
2994 1952 3145 2017 Quod
3181 1963 3361 2009 autem
3384 1968 3439 2010 et

1857 2032 2150 2087 carnaliter
2177 2034 2281 2088 dici
2313 2047 2497 2089 natum
2544 2053 2667 2094 esse
2699 2039 2997 2108 Christum,
3023 2059 3127 2096 non
3162 2045 3434 2102 insolitum

1859 2122 1932 2176 sit
1975 2125 2178 2179 sanctis
2227 2125 2516 2194 Patribus,
2549 2130 2658 2184 imo
2701 2147 2829 2187 vero
2863 2135 3025 2188 etiam
3066 2135 3191 2191 aliis
3246 2139 3434 2194 tritum

1857 2216 2111 2279 verbum,
2160 2233 2263 2271 non
2302 2220 2480 2274 minus
2525 2237 2714 2278 verum
2767 2227 2922 2282 nobis
2969 2243 3093 2283 esse
3150 2230 3437 2302 suhjuncta

1855 2305 2014 2359 verba
2059 2307 2450 2365 demonstrant.
2495 2311 2567 2366 Ea
2596 2314 2674 2368 sic
2701 2315 2907 2371 habent

2222 2508 2574 2578 Antphilocltii
2607 2515 2841 2582 episcopi
2884 2514 3073 2570 lcanii.

1920 2595 2033 2649 Nisi
2067 2597 2210 2650 enim
2243 2598 2328 2652 ille
2387 2609 2546 2655 natus
2583 2614 2729 2656 esset
2771 2607 3097 2672 carnaliter,
3150 2624 3321 2678 neque
3373 2622 3428 2666 tu

1850 2696 2005 2740 natus
2041 2703 2190 2742 esses
2225 2690 2539 2758 spiritaliter
2573 2708 2586 2746 :
2625 2694 2724 2748 nisi
2756 2695 2843 2750 ille
2872 2698 3083 2753 tulisset
3125 2704 3264 2755 servi
3316 2703 3429 2757 for-

1847 2794 2019 2845 mam,
2055 2795 2231 2849 neque
2271 2791 2324 2835 tu
2367 2784 2592 2852 gloriam
2629 2787 2934 2857 adoptionis
2975 2790 3203 2847 ﬁliorum
3242 2807 3432 2851 nactus

1843 2883 2018 2923 esses.
2085 2870 2369 2941 Signiﬁcat
2429 2883 2608 2929 autem
2661 2888 2713 2931 et
2769 2881 2868 2933 hoc
2926 2881 3045 2936 loco
3099 2887 3426 2952 carnaliter,

1843 2959 1984 3014 idem
2017 2963 2158 3029 quod
2189 2964 2486 3019 secundum
2517 2982 2760 3035 carnem,
2787 2972 2930 3025 sicut
2962 2973 3174 3030 scilicet
3225 2978 3427 3045 divine,

1843 3051 2145 3106 secundum
2178 3053 2541 3113 divinitatem.

2256 3166 2896 3231 ANATHEMATISMUS
2937 3175 3026 3232 ΙΙΙ.

1913 3273 1970 3327 Si
2008 3275 2129 3343 quis
2161 3276 2211 3329 in
2255 3293 2360 3332 uno
2395 3279 2613 3336 Christo
2642 3294 2765 3352 post
2811 3288 3069 3343 unionem
3100 3293 3285 3347 dividit
3328 3294 3429 3364 hy-

1841 3373 2119 3432 postases,
2175 3369 2429 3439 ipsasque
2472 3381 2682 3428 tantum
2733 3378 3118 3447 conjunctione
3173 3384 3313 3439 inter
3367 3401 3430 3441 se

1840 3458 2136 3523 connectit,
2172 3474 2290 3528 qua:
2324 3466 2621 3518 secundum
2657 3468 2996 3537 dignitatem,
3031 3470 3144 3528 sive
3185 3477 3426 3531 auctori-

1843 3556 2030 3614 tatem,
2063 3549 2145 3604 vel
2182 3561 2528 3618 p0testatem,
2558 3565 2610 3609 et
2648 3573 2749 3610 non
2785 3562 2961 3626 potius
3001 3579 3293 3631 concursu,
3332 3572 3423 3638 qui

1838 3648 1923 3692 est
1957 3641 2252 3694 secundum
2287 3644 2590 3698 naturalem
2624 3648 2906 3703 unionem:
2939 3657 3224 3710 anathema
3256 3658 3348 3716 sit.

2215 3753 2374 3826 164
2419 3755 2771 3812 Orientalium
2816 3763 3058 3831 objectio.

1909 3843 2104 3898 lterum
2128 3845 2276 3900 illum
2301 3864 2520 3903 suorum
2540 3855 3092 3913 comtnonefaciemus
3107 3876 3417 3927 verborum,

1835 3937 2184 3992 ostendentes
2231 3941 2404 4007 ipsum
2435 3943 2571 3996 duas
2597 3944 2977 4003 subsistentias
3013 3952 3232 4006 dixisse.
3260 3954 3420 4010 'Dicit

1833 4027 1976 4080 enim
2007 4029 2058 4080 in
2083 4029 2254 4097 primo
2287 4041 2432 4085 tomo
2471 4052 2482 4086 :
2525 4033 2705 4103 Itaque
2733 4051 2994 4105 quantum
3021 4044 3086 4095 ad
3128 4059 3280 4097 suam
3317 4063 3413 4100 na,

1837 4126 2034 4180 turam,
2066 4135 2171 4172 non
2208 4122 2610 4178 sanctiﬁcatum
2644 4135 2728 4180 est
2750 4130 2922 4183 solum
2952 4129 3043 4184 Dei
3078 4132 3255 4188 Patris
3285 4137 3417 4190 Ver-

1833 4209 1981 4262 bum.
2012 4208 2066 4262 Si
2099 4219 2278 4265 autem
2312 4214 2435 4282 quis
2470 4217 2765 4285 putaverit,
2811 4235 2957 4286 cum,
2992 4225 3080 4292 qui
3117 4240 3181 4278 ex
3221 4239 3410 4290 sancta

1832 4299 2052 4370 Virgine
2100 4304 2313 4370 genitus
2358 4315 2462 4370 est,
2497 4315 2718 4361 unctum
2755 4324 2872 4364 esse
2919 4322 2970 4366 et
3018 4317 3412 4372 sanctificatum

1831 4389 2023 4456 solum,
2045 4393 2144 4446 hac
2167 4395 2374 4450 ratione
2397 4398 2560 4450 etiam
2591 4401 2923 4456 nominatum
2943 4405 3234 4465 Christum.
3272 4409 3413 4476 Quo-

120 4499 338 4566 ἑαυτοῦ,
367 4501 453 4560 εἰς
487 4496 620 4568 μίαν
652 4497 949 4549 ὑπόστασιν
976 4497 1194 4565 συνάγει
1222 4498 1464 4566 συγχέων
1491 4499 1587 4561 τὰς
1618 4499 1718 4567 φύ-

1850 4484 1990 4538 nodo
2039 4485 2224 4554 igitur,
2273 4490 2429 4556 quasi
2465 4492 2667 4546 oblitus
2714 4510 2936 4550 suorum
2990 4501 3294 4568 verborum,
3344 4506 3410 4557 ad

120 4610 252 4656 σεις,
288 4591 546 4659 φυσικὴν
580 4589 680 4658 τὴν
716 4587 867 4641 θείαν
895 4589 1088 4641 ἕνωσιν
1127 4590 1450 4651 ἀποκα>.ιῖ)ν;
1500 4591 1608 4642 Καὶ
1638 4591 1721 4654 τίς

115 4702 242 4737 ποτε
279 4681 662 4752 παραδέξεται
696 4681 933 4750 φυσικὴν
962 4681 1058 4751 τὴν
1095 4681 1245 4734 θείαν
1268 4682 1460 4733 ἕνωσιν
1489 4681 1583 4734 τοῦ
1621 4701 1720 4752 μυ⁹

114 4777 345 4846 στηρίου
391 4774 498 4842 τῆς
547 4772 900 4840 οἱκονομίας;
935 4773 996 4824 Εἰ
1043 4771 1154 4842 γὰρ
1192 4774 1395 4842 φυσικὴ
1439 4774 1715 4842 ἡὲνωσις,

112 4869 210 4921 τεοῦ
241 4871 276 4937 ἠ
321 4867 530 4938 χάριςς
562 4863 667 4918 ποῦ
703 4865 766 4917 τὸ
821 4863 963 4916 θεῖον
1003 4865 1334 4935 μυστήριονς
1363 4867 1429 4918 Αἱ
1469 4867 1577 4935 γὰρ
1612 4867 1716 4934 φύ-

111 4979 246 5025 σεις,
283 4961 366 5022 ὡς
399 4955 792 5027 δεδιδάγμεθα,
821 4953 966 5021 ἅπαξ
995 4955 1145 5025 παρὰ
1183 4955 1276 5009 τοῦ
1293 4957 1552 5021 τάξαντος
1580 4957 1714 5010 Θεοῦ

107 5055 404 5116 πατεῖσαι,
443 5047 697 5116 ἀνάγκης
745 5045 1038 5117 ἀκολουθία
1065 5055 1085 5082 ⁸
1129 5046 1501 5100 δουλεύουσιν·
1553 5049 1585 5117 ἢ
1620 5051 1715 5101 καὶ

107 5145 263 5196 ἔσται
301 5143 476 5195 πάλιν
511 5138 655 5192 κατὰ
689 5137 1084 5207 ἀνακύκλησιν,
1120 5139 1212 5190 καὶ
1253 5138 1465 5206 φύσεως
1490 5140 1713 5192 ἀκολου-

108 5234 225 5285 θίαν
263 5234 328 5285 τὸ
358 5232 465 5301 τῆς
507 5230 826 5298 οίκονομίας
869 5232 1056 5301 χρῆμα
1095 5230 1235 5282 κατὰ
1265 5230 1354 5282 τὸν
1384 5230 1566 5301 λῆρον,
1617 5232 1709 5283 καὶ

111 5322 330 5392 μυθώδη
381 5322 490 5390 τῆς
531 5320 1026 5391 χιλιονταετηρίδος
1054 5319 1150 5373 τοῦ
1185 5319 1502 5387 δυσωνύμου
1547 5320 1707 5373 Ἀπο-

107 5414 356 5488 ἓιναρίου
389 5413 678 5483 δόγματα,

1831 4593 1991 4629 unum
2038 4579 2350 4647 hypostasin
2398 4584 2563 4650 cogit,
2599 4594 2818 4640 naturas
2850 4588 3205 4656 confundens,
3253 4607 3412 4647 natu-

1825 4670 1991 4725 ralem
2029 4673 2264 4726 divinam
2319 4675 2613 4730 unitionem
2661 4681 2988 4736 nominans?
3032 4683 3093 4736 Et
3145 4686 3266 4754 quis
3312 4705 3431 4743 un-.

1823 4777 1983 4830 quam
2021 4763 2269 4817 admittet
2304 4767 2603 4821 naturalem
2633 4769 2868 4822 divinam
2905 4773 3202 4829 unitiouem
3241 4777 3290 4829 in
3322 4794 3408 4832 sa-

1823 4865 2101 4908 cramento
2131 4857 2594 4923 dispensationis?
2640 4860 2695 4914 Si
2734 4862 2878 4915 enim
2921 4867 3183 4919 naturalis
3213 4870 3402 4934 unitio,

1826 4947 1912 4998 uhi
1970 4947 2181 5014 gratia?
2247 4948 2334 5001 ubi
2389 4949 2628 5003 divinum
2684 4959 3127 5010 sacramentum?
3189 4956 3405 5015 Natura:

1823 5037 1988 5101 enim,
2027 5047 2082 5090 ut
2111 5039 2289 5092 edocti
2325 5054 2532 5105 sumus,
2558 5043 2724 5096 semel
2756 5044 2824 5097 ab
2846 5046 3134 5102 ordinante
3170 5049 3277 5103 Deo
3308 5068 3401 5105 or-

1822 5130 2053 5192 dinatis,
2121 5131 2445 5184 necessariis
2494 5137 2896 5202 consequentiis
2944 5139 3211 5194 serviunt.
3263 5141 3398 5197 Num

1819 5221 1980 5273 etiam
2019 5220 2214 5273 iterum
2244 5223 2351 5276 erit
2383 5227 2675 5278 secundum
2707 5229 3095 5283 revolutionem
3119 5244 3172 5286 et
3196 5245 3399 5290 natura:

1817 5313 2260 5379 consequentiam
2316 5315 2736 5384 dispensationis
2797 5336 2930 5389 Optls
2987 5323 3138 5390 juxta
3199 5327 3395 5381 delira-

1818 5409 2020 5468 menta,
2056 5403 2409 5475 fabulosaque
2449 5408 2594 5463 mille
2626 5425 2888 5467 annorum
2936 5413 3156 5470 infausti
3188 5417 3395 5488 Apolli-

1818 5493 1954 5549 narii
1986 5494 2275 5566 dogmata?

1176 5632 1351 5686 Varia:
1374 5634 1630 5687 lectiones
1664 5648 1725 5687 ex
1754 5632 1941 5687 codice
1968 5631 2340 5700 Seguieriano.

170 5803 195 5841 ιι
228 5791 670 5862 ὑπομνήσωμεν,
757 5797 778 5825 τ
813 5788 1064 5860 Χριστόν.
1150 5799 1170 5825 ³
1204 5790 1476 5856 ταγεῖσαι,
1512 5787 1775 5856 ἀνάγκαις
1808 5787 2152 5859 ἀκολουθίας,
2181 5793 2219 5861 ἢ
2252 5793 2417 5860 ἴσως,
2464 5796 2800 5866 ἀναγκαίαις
2825 5801 3185 5866 ἀκολουθίαις.
