4042 6530
593 432 699 488 321
1593 427 1654 484 S.
1693 424 1971 483 CYlil-LLI
2011 424 2481 485 ALEXANDRINI
2519 430 2839 488 ARCHIEP.
3766 432 3870 494 538

1147 540 1338 613 Cyrilli
1379 541 1634 610 defensio.
2221 546 2267 602 Α

2221 546 2267 602 Α
2763 545 3072 616 Ἀπολογία
3100 546 3422 614 Κιιοίλλου.

672 654 900 711 Divinus
934 652 1153 718 Paulus,
1178 653 1448 723 quomodo
1478 652 1676 708 factum
1706 655 1777 708 sit
1805 655 1966 708 homo
2001 654 2186 724 unige-

2371 656 2427 709 Ὀ
2458 656 2743 721 Θεσπέσιος
2790 659 3000 722 Παῦλος
3029 659 3108 722 τὸ,
3155 660 3279 713 τίνα
3309 660 3373 731 δὴ
3411 676 3616 730 τροπον
3649 662 3871 731 γέγονεν

599 748 772 802 nitum
809 745 902 802 Dei
943 745 1200 811 Verbum,
1226 757 1282 799 ut
1310 745 1481 800 ﬁdelis
1504 745 1846 815 dispensator
1881 760 2188 801 sacramen-

2288 746 2575 817 ἄνθρωπος
2629 749 2658 800 ὁ
2709 750 3008 819 μονογενὴς
3052 748 3147 802 τοῦ
3203 749 3338 802 Θεοῦ
3387 751 3590 818 Λόγος,
3644 753 3872 824 ἐναργὲς

600 849 774 892 torum
807 836 896 891 Dei
922 837 1063 902 ",et
1091 837 1262 906 ipsum
1287 835 1490 890 habens
1521 837 1573 889 in
1606 851 1666 890 se
1692 836 1997 902 loquentem
2026 836 2185 889 Chri-

2287 837 2459 890 ἅπασι
2491 837 2770 903 καθιστὰς,
2809 839 2885 902 ὡς
2918 839 3200 909 οἰκονόμος
3233 842 3551 911 μυστηρίων
3583 841 3739 907 Θεοῦ,
3775 844 3870 896 καὶ

597 941 740 984 stunt
767 928 835 994 ⁸⁸,
872 928 1157 984 manifeste
1188 928 1442 983 omnibus
1469 929 1768 984 ostendens
1801 948 1813 982 :
1849 947 1866 980 ι
1896 926 2012 982 Νοιι
2040 929 2184 982 enim

2287 929 2447 981 αὑτὸν
2496 928 2634 998 ἔχων
2668 932 2726 982 ὲν
2783 931 2961 999 ἑαυτῷ
2995 930 3261 984 λαλοῦντα
3291 933 3525 1002 Χριστόν
3547 949 3560 963 ·
3599 953 3616 980 ι
3643 936 3717 987 Οὐ
3759 937 3871 1006 γὰρ

598 1021 818 1090 angelos
849 1019 1227 1090 apprehendit,
1251 1020 1452 1089 inquit,
1482 1020 1575 1074 sed
1609 1033 1790 1074 semen
1827 1019 2060 1073 Abrahae
2090 1035 2184 1088 ap-

2284 1017 2348 1087 δή
2388 1035 2488 1070 που
2518 1018 2766 1086 ἀγγέλων
2817 1020 3269 1090 ἐπιλαμϐάνεται,
3311 1022 3498 1090 φησὶν,
3525 1022 3662 1076 ἀλλὰ
3698 1024 3869 1094 σπέρ-

597 1113 969 1180 prehendit".
1001 1131 1019 1165 ι
1046 1111 1200 1168 Unde
1217 1112 1476 1180 Oportuit.
1500 1127 1624 1166 eum
1660 1127 1755 1181 per
1788 1113 1969 1166 omnia
2001 1111 2184 1166 fratri-

2289 1126 2458 1178 ματος
2493 1110 2743 1180 Ἀϐραὰμ
2783 1111 3248 1181 ἐπιλαμϐάνεται·
3293 1130 3311 1163 ι
3355 1113 3475 1165 ὅθεν
3501 1112 3698 1182 ὤφειλε
3726 1117 3868 1170 κατά

596 1206 697 1260 bus
727 1204 956 1258 similem
991 1202 1138 1269 ﬁeri,
1170 1211 1227 1256 ut
1262 1201 1572 1257 misericors
1593 1211 1645 1256 et
1679 1202 1848 1256 ﬁdelis
1869 1202 2020 1255 ﬁeret
2055 1217 2184 1270 pon-

2285 1202 2462 1256 πάντα
2495 1205 2606 1265 τοῖς
2635 1203 2884 1273 ἀδελφοῖς
2910 1205 3272 1274 ὁμοιωθῆναι,
3306 1205 3392 1258 ἵνα
3422 1207 3671 1278 ἐλεήμων
3703 1210 3869 1279 γένη-

598 1295 727 1350 til'ex
761 1295 812 1349 in
848 1295 954 1356 his,
991 1308 1110 1362 qua:
1139 1293 1206 1346 ad
1242 1293 1410 1347 Deum
1444 1292 1509 1346 ⁸ο.
1549 1291 1657 1346 Nos
1683 1307 1814 1344 vero
1846 1301 1903 1343 ut
1939 1290 2182 1345 rectissi-

2283 1311 2390 1354 ται,
2411 1295 2505 1346 καὶ
2532 1295 2722 1358 πιστὸς
2754 1296 3044 1366 ἀρχιερεὺς
3073 1297 3141 1349 τὰ
3175 1296 3312 1367 πρὸς
3325 1298 3417 1351 τὸν
3438 1299 3589 1352 Θεόν.
3609 1299 3798 1370 Ἡμεῖς
3811 1299 3869 1355 δὲ

597 1405 684 1444 me
733 1389 1004 1456 prolatum
1038 1387 1138 1440 hoc
1173 1384 1392 1441 dictum'
1424 1393 1609 1439 nostra
1664 1384 1933 1438 sententia
1984 1383 2178 1451 proba-

2281 1386 2402 1445 ταῖς
2443 1387 2521 1445 εἰς
2557 1385 2826 1456 ὀρθότητα
2873 1385 3074 1454 ψήφοις
3129 1388 3518 1456 στεφανοῦντες
3551 1390 3610 1442 τὸ
3640 1393 3871 1461 εἰρημὲ-

595 1493 736 1544 mus,
766 1482 1057 1545 sequentes
1087 1473 1289 1542 ubique
1324 1472 1586 1526 divinitus
1615 1471 1907 1540 inspiratas
1929 1471 2182 1540 Scriptu-

2282 1490 2392 1535 vov,
2417 1475 2675 1544 ἑπόμενοί
2703 1493 2763 1528 τε
2787 1478 3035 1548 πανταχῆ
3056 1481 3174 1540 ταῖς
3196 1477 3572 1543 θεοπνεύστοις
3601 1481 3869 1550 Γραφαῖς,

595 1584 706 1633 ras,
744 1578 797 1623 et
839 1567 994 1620 valde
1036 1564 1372 1619 admirantes
1421 1562 1796 1632 theologorum
1847 1575 2029 1625 voces,
2076 1561 2182 1614 imo

2282 1568 2375 1620 καὶ
2406 1568 2506 1630 τὰς
2554 1566 2660 1620 τῶν
2695 1566 2975 1640 θεηγόρων
3008 1570 3194 1638 φωνὰς
3227 1571 3321 1623 τοῦ
3359 1573 3562 1635 παντὸς
3590 1574 3871 1638 ἀξιοῦντες

593 1675 686 1714 eas
723 1674 818 1727 pro
861 1657 1064 1712 divinis
1111 1656 1319 1726 legibus
1356 1654 1642 1719 habentes,
1682 1653 1914 1708 dicimus
1946 1651 2039 1706 Dei
2075 1650 2180 1705 Pa-

2283 1657 2580 1728 θαύματος,
2615 1660 2813 1730 μᾶλλον
2851 1660 2908 1714 δὲ
2957 1662 3052 1714 καὶ
3102 1662 3280 1726 θείους
3319 1663 3613 1734 ἡγούμενοι
3646 1667 3866 1735 νόμους,

593 1749 691 1802 tris
723 1747 956 1801 Verbum
1007 1759 1114 1798 non
1164 1743 1595 1814 apprehendisse
1639 1755 1818 1810 neque
1867 1751 2178 1795 sanctorum

2280 1751 2344 1802 οὐ
2374 1750 2475 1820 τῆς
2518 1751 2630 1803 τῶν
2683 1752 2855 1820 ἁγίων
2909 1753 3179 1821 ἀγγέλων,
3208 1754 3331 1807 οὕτε
3375 1757 3482 1826 μὴν
3522 1760 3621 1828 τῆς
3665 1759 3868 1812 ἑαυτοῦ

593 1840 932 1910 angelorum,
969 1853 1143 1909 neque
1166 1854 1318 1892 suam
1350 1846 1600 1890 naturam
1635 1854 1648 1889 :
1675 1835 1950 1890 credimus
1976 1845 2177 1898 autem,

2282 1840 2495 1908 φύσεως
2531 1842 2885 1896 ἐπιλαϐέσθαι
2921 1845 3102 1914 φαμὲν
3131 1846 3224 1898 τὸν
3258 1849 3322 1899 ὲκ
3352 1846 3487 1899 Θεοῦ
3521 1849 3735 1917 Πατρδς
3763 1851 3871 1904 Λό-

592 1933 889 1988 secundum
915 1932 1056 2001 quod
1084 1929 1257 1985 sacris
1289 1927 1512 1982 Litteris
1548 1927 1784 1992 videtur,
1815 1927 1957 1996 quod
1987 1926 2180 1981 obum-

2295 1891 2307 1908 Ι
2401 1891 2494 1905 η-υ
2537 1891 2551 1893 ν
2590 1891 2884 1896 η--ν-ν-’νη
2927 1891 3094 1914 r'r‘"
3144 1891 3217 1898 ’ν’
3258 1891 3322 1899 ’⁷⁷
3358 1891 3485 1899 ""
3521 1891 3732 1917 “'"l'"
3763 1891 3844 1904 “"

2283 1950 2410 2000 γον·
2461 1934 2907 2006 πεπιστεύκαμεν
2967 1935 3046 2000 δὲ,
3101 1937 3185 1989 ὅτι
3232 1938 3373 1991 κατά
3425 1937 3484 1990 τὸ
3529 1942 3640 2001 τοῖς
3698 1941 3872 2010 ἱεροῖς

591 2027 757 2080 brans
790 2035 991 2079 sanctae
1023 2025 1260 2093 Virgini,
1305 2032 1491 2092 utpote
1523 2021 1697 2074 virtus
1723 2020 1992 2074 exsistens
2025 2020 2179 2073 altis-

2281 2027 2320 2078 Γ
2327 2027 2577 2096 ράμμασι
2606 2026 2817 2088 δοκοῦν,
2846 2028 3174 2091 ὲπισκιάσας
3198 2033 3264 2100 τῇ
3299 2030 3432 2100 ἁγία
3461 2031 3740 2102 Παρθένῳ,
3766 2033 3870 2086 ἆτε

589 2116 713 2168 simi
753 2113 950 2178 Patris,
988 2113 1244 2167 formavit
1278 2110 1380 2166 sibi
1420 2124 1619 2177 corpus
1650 2123 1716 2162 ex
1755 2107 1866 2173 illa,
1906 2118 2179 2162 verumta-

2279 2119 2342 2190 δὴ
2385 2120 2476 2173 καὶ
2528 2119 2760 2190 δύναμις
2803 2118 2880 2174 ὢν
2914 2120 3009 2174 τοῦ
3066 2121 3290 2190 ὑψίστου
3346 2122 3582 2192 [ἰατρὸς.
3630 2124 3872 2179 ἔπλασεν

589 2221 712 2260 men
740 2222 836 2275 per
866 2206 1240 2273 operationem
1270 2201 1445 2258 sancti
1479 2201 1744 2272 Spiritus;
1780 2211 1833 2255 et
1861 2200 2058 2256 factum
2094 2210 2179 2256 est

2281 2211 2459 2281 ἐαυτῷ
2492 2211 2554 2263 τὸ
2594 2211 2754 2282 σῶμα
2782 2212 2844 2264 τὸ
2877 2211 2936 2276 ὲξ
2966 2212 3160 2282 αὐτῆς,
3197 2213 3336 2284 πλὴν
3364 2213 3431 2266 δι’
3459 2214 3736 2283 ἐνεργείας
3767 2217 3869 2269 τοῦ

591 2301 771 2366 homo,
807 2297 1246 2367 appellatumque
1287 2302 1372 2349 est
1408 2293 1548 2348 ﬁlius
1578 2293 1808 2348 Abrabte
1844 2303 1898 2347 et
1926 2293 2175 2358 Davidis;

2281 2303 2438 2371 ἁγίου
2480 2301 2796 2371 Πνεύματος
2819 2320 2834 2334 ο
2875 2304 2971 2356 καὶ
3004 2304 3229 2372 γέγονεν
3243 2304 3552 2375 ἄνθρωπος.
3580 2307 3874 2376 κεχρημά-

589 2406 693 2445 ιιοιι
733 2390 990 2444 amittens
1029 2398 1249 2458 prepter
1280 2385 1700 2451 humanitatem,
1726 2384 1869 2454 quod
1911 2384 1982 2439 sit
2010 2383 2177 2439 Filius

2280 2396 2396 2448 τικέ
2423 2412 2480 2448 τε
2539 2395 2635 2448 καὶ
2673 2395 2786 2456 υἱὸς
2827 2394 3098 2464 Ἀϐραὰμ,
3132 2396 3225 2448 καὶ
3248 2395 3442 2448 Δαυῒδ·
3479 2395 3580 2449 οὐκ
3617 2397 3876 2465 ἀπεμπο-

591 2482 681 2536 Dei
710 2490 764 2535 et
802 2479 979 2534 Patris
1022 2477 1320 2533 secundum
1368 2476 1691 2539 veritatem;
1739 2490 1965 2530 manens
1995 2486 2175 2531 autem

2279 2488 2447 2555 λήσας
2481 2487 2569 2540 διὰ
2634 2488 2695 2539 τὸ
2739 2485 3080 2557 ἀνθρώπινον
3123 2489 3185 2541 τὸ
3239 2484 3379 2541 εἶναι
3414 2491 3555 2541 κατά
3604 2489 3873 2558 ἀλήθειαν

590 2573 792 2640 potius,
825 2571 1076 2641 quamvis
1103 2568 1307 2623 factum
1339 2568 1412 2622 sit
1443 2580 1594 2628 caro,
1632 2564 1789 2635 165
1825 2565 1875 2619 in
1907 2576 2098 2621 natura
2122 2577 2178 2621 et

2281 2578 2408 2640 Υἱὸς
2439 2577 2532 2629 τοῦ
2566 2576 2727 2640 Θεοῦ,
2776 2579 2870 2630 καὶ
2916 2579 3151 2648 Πατρὸς,
3190 2579 3516 2650 μεμενηκὼς
3549 2581 3605 2634 δὲ
3636 2582 3870 2650 μᾶλλον.

585 2661 877 2717 eminentia
897 2668 950 2713 et
973 2657 1143 2728 gloria
1163 2657 1402 2710 deitatis.
1437 2654 1794 2708 lmmutabilis
1821 2655 1964 2708 enim
1998 2663 2102 2717 est,
2122 2663 2177 2708 et

2279 2669 2373 2721 καὶ
2413 2671 2463 2720 εί
2513 2667 2707 2737 γέγονε
2746 2669 2902 2740 σὰρξ,
2933 2671 2989 2722 ἐν
3042 2671 3204 2739 φύσει
3231 2688 3290 2724 τε
3336 2675 3432 2726 καὶ
3466 2673 3728 2744 ὑπεροχῇ,
3767 2675 3874 2728 καὶ

585 2753 938 2809 conversione
954 2747 1248 2819 potentior,
1263 2757 1323 2801 ut
1343 2745 1503 2800 Deus.
1522 2745 1615 2799 Est
1629 2745 1792 2815 igitur
1809 2758 1948 2799 unus
1964 2755 2018 2798 et
2032 2743 2174 2799 idem

2278 2758 2402 2832 δόξῃ
2453 2759 2734 2828 θεότητος*
2769 2761 3124 2824 ἀναλλοίωτος
3153 2762 3260 2833 γάρ
3312 2765 3450 2828 ἐστι,
3504 2743 3597 2817 καλ.
3651 2743 3874 2835 τροπῆς

583 2852 637 2897 et
658 2840 828 2896 Filius
850 2849 904 2894 et
928 2838 1187 2892 Dominus
1215 2845 1269 2891 et
1311 2845 1437 2889 ante
1473 2845 1528 2890 et
1566 2845 1688 2903 post
1721 2835 2172 2890 incarnationem.

2277 2852 2538 2921 ἀμείνων,
2565 2851 2640 2912 ὡς
2661 2851 2814 2914 Θεός.
2845 2850 3004 2904 Ἐστι
3041 2854 3059 2887 ι
3091 2851 3271 2904 τοίνυν
3299 2849 3381 2915 εἷς
3405 2872 3464 2906 τε
3515 2856 3608 2910 καὶ
3641 2856 3670 2907 δ
3696 2856 3873 2919 αὐτὸς

586 2934 836 2989 Dividere
858 2941 1039 2986 autem
1071 2944 1236 2983 unum
1272 2928 1326 2981 in
1353 2927 1490 2981 duos
1519 2926 1677 2993 ﬁlios,
1706 2935 1762 2980 et
1788 2926 2001 2981 solvere
2034 2941 2176 2980 vera:

2281 2943 2426 3008 Υἱὸς,
2455 2944 2548 2996 καὶ
2577 2943 2783 3014 Κύριος
2813 2943 2907 2996 καὶ
2934 2943 3071 3011 πρὸς
3091 2944 3191 3012 τῆς
3221 2944 3570 3016 σαρκώσεως,
3592 2946 3688 3000 καὶ
3719 2947 3877 3018 μετὰ

586 3025 845 3081 unitionis
888 3037 1050 3093 opus,
1083 3021 1468 3090 distinguendo
1509 3033 1777 3084 seorsum,
1826 3027 1881 3074 et
1926 3020 2174 3090 ponendo

2276 3035 2374 3106 τὴν
2400 3036 2698 3107 σάρκωσιν.
2723 3035 2835 3089 Καὶ
2858 3035 2920 3088 τὸ
2947 3035 3176 3106 διαιρεῖν
3207 3038 3286 3100 είς
3321 3038 3469 3099 υίοὺς
3499 3038 3592 3092 δύο
3620 3038 3710 3092 τὸν
3737 3040 3872 3106 ἕνα,

585 3117 836 3187 privatim
857 3115 1157 3177 hominem,
1175 3122 1229 3166 et
1257 3110 1510 3180 privatim
1538 3111 1726 3178 Deum,
1752 3111 1924 3165 crime
1949 3127 1980 3163 ιι
2008 3119 2093 3165 est
2117 3109 2171 3164 in

2281 3127 2374 3180 καὶ
2400 3128 2460 3180 τὸ
2497 3128 2597 3197 τῆς
2628 3125 2863 3196 ἀληθοῦς
2894 3125 3140 3190 ἐνώσεως
3185 3127 3490 3197 παραλύειν
3533 3129 3743 3199 χρῆμα,
3783 3131 3877 3183 δι-

585 3213 773 3281 primis
806 3211 1049 3277 impium.
1080 3205 1249 3261 Porro
1271 3203 1554 3259 Nestorius
1581 3204 1684 3258 ista
1717 3219 1904 3272 parum
1943 3219 2169 3272 curans,

2282 3217 2538 3279 ιστάντας
2569 3216 2681 3270 ἀνάι
2712 3215 2900 3286 μέρος,
2938 3215 3034 3269 κα)⁸
3064 3215 3312 3280 τιθέντας
3339 3215 3521 3279 ίδικῶς
3548 3217 3874 3288 ἄνθρωπον,

583 3303 744 3357 audet
779 3300 909 3371 ipsis
938 3297 1206 3354 verbissic
1230 3296 1414 3351 dicere
1447 3313 1460 3348 :
1496 3313 1515 3346 ι
1543 3295 1655 3349 lloe
1684 3295 1958 3349 sentitein
1989 3295 2171 3362 vobis,

2279 3309 2371 3360 καὶ
2399 3305 2583 3368 ἰδικῶς
2603 3305 2757 3367 Θεὸν,
2788 3303 3108 3367 δυσσεϐείας
3139 3303 3251 3374 ἔχει
3285 3304 3387 3372 τῆς
3426 3306 3688 3359 ἀνωτάτω
3719 3324 3875 3378 γρα-

583 3395 727 3465 quod
760 3392 884 3446 etin
914 3389 1133 3444 Christo
1157 3385 1307 3452 Jesu,
1343 3384 1511 3456 quiin
1544 3384 1716 3440 forma
1751 3384 1844 3440 Dei
1875 3385 2170 3451 exsistens,

2277 3403 2402 3472 φήν.
2448 3397 2636 3466 Ὀλίγα
2659 3408 2688 3435 ιι
2720 3395 2778 3448 δὲ
2820 3396 3012 3449 τούτου
3066 3396 3447 3468 πεφροντικὼς
3471 3398 3499 3451 ὀ
3534 3397 3873 3470 Νεστόριος,

583 3487 820 3556 seipsum
848 3480 1168 3545 exinanivit,
1199 3479 1428 3532 formam
1451 3477 1592 3531 servi
1619 3473 1893 3546 accipiens
1913 3478 2012 3531 ⁸⁸.)
2056 3477 2170 3533 Non

2275 3490 2608 3561 τετόλμηκεν
2629 3486 2804 3540 εἰπεῖν
2835 3488 3029 3549 αὐταῖς
3047 3486 3260 3550 λέξεσιν
3285 3488 3480 3550 οὕτως·
3504 3488 3704 3542 ιΤοῦτο
3723 3506 3871 3560 φρο-

582 3578 721 3632 dixit
762 3593 778 3631 :
825 3575 936 3629 Hoc
969 3574 1170 3629 sentite
1204 3571 1256 3623 in
1289 3567 1460 3633 vobis,
1486 3569 1628 3637 quod
1659 3579 1714 3623 ct
1746 3569 1797 3623 in
1835 3569 1942 3623 Deo
1970 3567 2168 3634 Verbo,

2283 3581 2471 3636 νείσθω
2499 3583 2555 3633 ὲν
2593 3580 2742 3652 ὑμῖν,
2769 3579 2799 3632 ὃ
2831 3579 2922 3633 καὶ
2948 3579 3007 3632 ὲν
3038 3578 3264 3649 Χριστῷ
3305 3578 3480 3648 Ἰησοῦ
3506 3595 3519 3610 ·
3555 3579 3614 3644 ὃς
3643 3581 3701 3632 ὲν
3729 3597 3879 3652 μορ-

580 3668 724 3738 quod
752 3668 801 3720 in
823 3667 994 3720 forma
1022 3663 1112 3717 Dei
1133 3661 1426 3726 exsistens,
1460 3661 1602 3714 servi
1632 3660 1862 3733 formam
1895 3660 2166 3729 suscepit:

2279 3678 2347 3745 φῇ
2400 3673 2535 3727 Θεοῦ
2564 3672 2851 3744 ὑπάρχων,
2899 3671 3092 3724 ἑαυτὸν
3119 3673 3376 3736 ὲκένωσε,
3417 3672 3633 3744 μορφὴν
3664 3672 3875 3728 δούλου

581 3763 675 3816 sed
700 3776 822 3815 cum
853 3758 1158 3827 accepisset
1190 3754 1292 3809 hoc
1313 3767 1535 3816 nomen,
1568 3751 1838 3816 Christus,
1869 3753 2167 3807 utduarum

2283 3767 2472 3822 λαϐὼν.
2503 3785 2522 3819 ι
2559 3767 2673 3820 Οὐκ
2702 3760 2844 3829 εἷπε,
2876 3762 3048 3817 Τοῦτο
3083 3764 3386 3834 φρονείσθω
3427 3767 3483 3817 ὲν
3521 3765 3670 3834 ὑμῖν,
3701 3765 3729 3818 ὃ
3763 3765 3879 3821 καὶ

581 3862 893 3906 naturarum
910 3847 1324 3919 appellationem
1349 3844 1786 3915 signiﬁeativam,
1803 3845 1919 3898 sine
1933 3843 2170 3912 periculo

2281 3860 2330 3911 ὲν
2364 3855 2442 3928 τῷ
2470 3856 2590 3926 Θεῷ
2620 3855 2810 3924 Λόγῳ,
2843 3852 2900 3915 ὃς
2939 3854 2996 3904 ὲν
3039 3854 3221 3923 μορφῇ
3256 3851 3391 3905 Θεοῦ
3424 3853 3710 3925 ὑπάρχων,
3741 3853 3877 3908 δού-

580 3949 754 4017 ipsum
807 3955 862 3998 et
906 3942 1046 3998 servi
1093 3941 1321 3996 formam
1362 3940 1497 3994 dicit
1544 3941 1872 4007 suscepisse,
1911 3949 1962 3993 et
1997 3939 2165 3993 Deum

2282 3947 2362 3996 λου
2397 3943 2612 4014 μορφὴν
2643 3942 2834 3994 ἔλαϐεν
2855 3939 3033 3993 eam
3060 3940 3240 3994 λαϐὼν
3258 3941 3341 4002 τὸ,
3372 3943 3626 4012 Χριστὸς,
3648 3943 3723 4007 ὡς
3744 3945 3878 3998 τῶν

583 4038 846 4100 nominat,
899 4036 1028 4090 dum
1069 4049 1157 4098 ea,
1198 4047 1315 4102 qua:
1346 4034 1624 4094 dicuntur,
1679 4032 1730 4084 in
1767 4035 1900 4084 duas
1947 4041 2168 4087 naturas

2284 4037 2364 4089 5ύο
2394 4037 2609 4104 φύσεων
2649 4035 3022 4106 προσηγορίαν
3051 4034 3414 4104 σημαντικὴν,
3435 4034 3733 4097 ἀκινδύνως
3765 4037 3880 4089 αὐ·

578 4130 695 4183 sine
719 4127 1140 4197 reprehensione
1161 4124 1498 4178 dividuntur.
1532 4123 1586 4176 In
1611 4123 1778 4177 altera
1803 4131 1982 4176 autem
2010 4138 2168 4177 enar-

2278 4128 2359 4180 τὺν
2393 4129 2487 4180 καὶ
2527 4126 2716 4178 δούλου
2772 4125 2987 4197 μορφὴν
3017 4125 3223 4188 λαϐεῖν,
3258 4126 3352 4177 καὶ¹
3400 4125 3530 4180 Θεὸν
3557 4125 3834 4196 ὀνομάζει
3857 4145 3874 4158 ·

577 4222 787 4275 ratione
832 4219 1027 4273 iterntn
1076 4217 1207 4271 dicit
1264 4233 1278 4268 :
1336 4235 1353 4267 ι
1389 4215 1458 4271 Ut
1489 4217 1543 4270 in
1581 4215 1799 4269 nomine
1839 4212 1965 4269 Jesu
2007 4229 2168 4269 omne

2285 4217 2374 4270 τῶν
2404 4218 2461 4269 δὲ
2493 4216 2725 4286 λεγομὲν
2739 4235 2813 4270 ων
2847 4227 2871 4254 ν
2901 4218 2981 4280 εἰς
3009 4216 3070 4269 τὺ
3092 4217 3200 4270 τῶν
3233 4215 3448 4284 φύσεων
3475 4216 3732 4286 ἀλήπτως
3764 4235 3881 4287 με-

574 4330 712 4385 genu
737 4292 1325 4374 ﬂectaturcmlestium,
1343 4309 1682 4363 terrestrium
1706 4321 1760 4362 et
1787 4307 2121 4361 infernarum
2148 4325 2162 4361 :

2283 4307 2572 4377 οιζομὲνων
2593 4307 2834 4360 διπλοῦν.
2884 4308 2972 4360 Ἐν
3004 4307 3168 4377 ἑτέρᾳ
3195 4306 3250 4359 δὲ
3273 4307 3434 4359 πάλιν
3461 4305 3720 4376 ἐξηγήσει
3750 4325 3879 4378 φη-

574 4418 630 4460 et
662 4404 838 4459 onmis
865 4402 1044 4471 lingua
1069 4401 1416 4463 conﬁteatur,
1445 4401 1588 4468 quod
1615 4399 1878 4453 Dominus
1907 4408 1987 4453 est
2011 4397 2166 4453 Jesus

2282 4401 2388 4454 τίν·
2425 4419 2442 4450 ι
2474 4400 2594 4452 Ἵνα
2630 4402 2687 4452 ἐν
2737 4399 2814 4468 τῷ
2853 4399 3078 4468 ὀνόματι
3119 4397 3292 4468 Ἰησοῦ
3328 4399 3437 4450 πᾶν
3482 4399 3610 4464 γόνυ
3655 4399 3878 4472 κάμψῃ

574 4497 826 4553 Christus
847 4497 916 4546 θ’.
956 4513 974 4545 ι
1010 4492 1238 4561 Propter
1273 4501 1603 4561 gestantem,
1642 4506 1764 4545 eum
1796 4491 1888 4559 qui
1922 4498 2166 4560 gestatur

2285 4490 2633 4560 :mupaviwv,
2699 4489 2794 4540 καὶ
2849 4486 3127 4554 ἐπιγείων,
3172 4487 3264 4539 καὶ
3311 4485 3712 4555 καταχθονίων,
3758 4489 3881 4540 καὶ

573 4602 804 4641 veneror
845 4604 857 4638 :
912 4594 1130 4654 propter
1175 4583 1458 4644 latentem,
1499 4583 1642 4651 quod
1691 4594 1918 4650 apparet
1965 4581 2158 4635 adoro.

2284 4551 2423 4634 πᾶσα
2462 4581 2686 4648 γλῶσσα
2730 4551 3232 4649 ἐξομολογήσηται,
3279 4579 3361 4630 ὃτι
3397 4551 3600 4648 Κύριος
3641 4577 3880 4647 Ἰησοῦς

578 4675 962 4746 Inseparabilis
989 4673 1089 4728 est
1135 4675 1202 4728 ab
1240 4689 1304 4728 eo
1333 4673 1426 4742 qui
1459 4673 1674 4726 videtur
1706 4670 1887 4735 Deus;
1941 4683 2164 4739 propter

2279 4672 2517 4744 ¹(ριστὸς.
2559 4689 2577 4722 ι
2606 4669 2704 4722 Διά
2738 4672 2827 4722 τὸν
2859 4669 3149 4740 φοροῦντα,
3196 4669 3257 4721 τὸ
3289 4667 3626 4738 φορούμενον
3667 4667 3832 4720 σέϐω
3860 4685 3875 4698 ·

576 4774 680 4826 hoc
711 4770 848 4839 ejus,
881 4771 972 4838 qui
1008 4785 1113 4823 non
1152 4776 1461 4838 separatur,
1495 4767 1758 4820 honorent
1793 4779 1899 4819 non
1938 4778 2161 4833 separo;

2289 4766 2351 4819 ιὰ
2376 4766 2465 4818 τὸν
2493 4764 2878 4835 κεκρυμμένον
2913 4761 3205 4834 προσκυνῶ
3234 4762 3295 4816 τὸ
3325 4761 3681 4829 φαινόμενονα
3715 4762 3885 4832 ἀχώο

573 4877 770 4931 separo
806 4873 1046 4924 naturas,
1079 4861 1173 4915 sed
1209 4861 1336 4913 ttnio
1381 4859 1774 4912 adorationent.
1811 4857 1913 4925 (Et
1963 4857 2159 4910 iterum

2288 4871 2442 4916 μιστος
2476 4852 2569 4905 τοῦ
2600 4853 2924 4922 φαινομένου
2951 4851 3112 4914 Θεός·
3148 4852 3234 4904 διὰ
3257 4851 3417 4904 τοῦτο
3442 4851 3537 4904 τοῦ
3577 4852 3652 4922 μὴ
3685 4869 3884 4920 χωρι-

575 4955 630 5009 in
668 4953 773 5007 alia
802 4951 1161 5021 ettplicatione
1193 4969 1205 5003 :
1245 4949 1340 5004 Die
1387 4951 1453 5002 de
1482 4965 1546 5003 eo
1586 4949 1677 5018 qui
1711 4948 1969 5017 suscepit,
2018 4948 2160 5014 quod

2286 4947 2492 5014 ῗομένου
2533 4944 2631 5014 τὴν
2660 4945 2826 5016 τιμὴν
2857 4945 2918 4996 ού
2954 4942 3190 5014 χωρίζω.
3232 4943 3465 5011 Χωρίζω
3493 4942 3593 5005 τὰς
3632 4944 3882 5010 φύσεις,

574 5049 645 5101 sit
675 5045 854 5111 Deus;
884 5058 1095 5112 appone
1119 5043 1269 5097 illum
1295 5043 1385 5111 qui
1418 5053 1701 5110 susceptus
1731 5049 1833 5104 est,
1864 5040 1988 5108 quia
2013 5040 2155 5094 servi

2290 5035 2383 5086 ιλλ⁹
2422 5035 2525 5086 ἐνῶ
2571 5034 2669 5103 τὴν
2705 5033 3097 5104 προσκύνησιν.
3129 5033 3239 5085 Καὶ
3288 5035 3345 5085 ὲν
3397 5033 3656 5103 ἐξηγήσει
3689 5033 3886 5087 πάλιν

576 5143 777 5201 l'ertna;
811 5138 983 5206 adjice
1009 5139 1248 5205 posthmc
1272 5133 1638 5188 connexionis
1660 5133 2005 5203 dignitatem,
2031 5132 2153 5200 quia

2303 5126 2453 5195 τέρᾳ·
2493 5126 2626 5177 Εἰπὲ
2659 5126 2748 5178 τὸν
2779 5125 3140 5177 ἀναλαϐόντα·
3175 5127 3256 5177 ὅτι
3289 5124 3440 5188 Θεός.
3476 5123 3722 5195 Πρόσθες
3767 5127 3889 5178 τὸν

574 5230 803 5280 duorum
843 5226 1142 5279 auctoritas
1171 5225 1498 5285 communis,
1531 5220 1655 5290 quia
1694 5223 1924 5276 duorum
1967 5222 2154 5275 eadem

2305 5219 2671 5288 ναληφοέντα,
2705 5220 2785 5271 ὅτι
2817 5217 3003 5270 δούλου
3035 5217 3214 5288 μορφή
3237 5233 3249 5247 ο
3289 5218 3536 5285 ἐπάγαγε
3564 5218 3704 5286 μετὰ
3730 5218 3893 5270 ταῦ-

575 5320 837 5390 dignitas;
869 5317 1082 5372 naturis
1114 5315 1482 5378 manentibus,
1518 5314 1689 5368 fatere
1719 5313 1997 5382 dignitatis
2034 5314 2155 5365 nni-

2301 5329 2334 5363 α
2368 5311 2428 5362 τὸ
2455 5310 2554 5378 τῆς
2583 5310 2877 5377 συναφείας
2899 5308 3139 5377 ἀξίωμα,
3161 5308 3244 5360 ὅτι
3278 5307 3386 5360 τῶν
3405 5307 3497 5360 δύο
3528 5309 3559 5377 ἡ
3591 5306 3893 5362 αὑθεντία

647 5496 691 5527 ⁸⁷
725 5500 737 5548 1
771 5498 893 5550 Cor.
933 5513 982 5550 tv
1038 5497 1088 5550 l.
1167 5495 1212 5526 ⁵⁸
1246 5494 1285 5549 Il
1315 5495 1438 5550 Cor.
1473 5510 1589 5558 )‘lll,
1619 5494 1651 5547 5
1748 5489 1793 5519 ⁸⁸
1825 5488 1986 5542 llebr.
2020 5504 2078 5550 II,
2117 5487 2198 5540 lli.

2149 5488 2198 5539 ti.
2279 5487 2322 5517 σο
2349 5484 2510 5540 llebr.
2541 5502 2600 5550 ιι,
2639 5486 2725 5538 17.
2804 5486 2844 5516 ⁶¹
2876 5484 3106 5554 Philipp.
3136 5501 3191 5550 ιι,
3240 5485 3294 5543 5.
3319 5484 3367 5540 6.
3447 5484 3491 5514 ⁶²
3521 5481 3651 5537 ibid.
3685 5482 3745 5540 8.

1629 5667 1800 5720 Varia:
1825 5667 2084 5719 lectiones
2109 5680 2172 5717 ex
2207 5663 2391 5716 codice
2417 5663 2789 5730 Seguieriano.

653 5834 670 5869 ί
705 5832 878 5887 ἔσται.
952 5838 980 5868 π
1011 5828 1207 5898 ὀλίγον.
1275 5835 1298 5865 ν
1324 5826 1430 5879 τῶν
1459 5823 1790 5894 λεγομένων,
1824 5821 1860 5889 ἢ
1897 5821 2066 5887 ἴσως,
2096 5819 2204 5872 τῶν
2233 5818 2294 5891 δὴ
2333 5819 2658 5888 λεγομένων.
