4042 6480
99 366 182 419 529
705 362 1231 421 APOLOGETICUS
1269 364 1406 422 ιηιο
1452 347 1542 424 XII
1582 364 1949 425 CAPITIBUS
1989 366 2269 425 CONTRA
2310 365 2775 425 ORIENTALES.

3258 368 3362 427 3‘50

98 484 249 553 κοινὴ,
285 483 376 537 ὅτι
402 481 519 537 τῶν
551 480 649 537 δύο
675 483 876 538 ταυτὸν
907 482 971 536 τὸ
1014 481 1235 555 ἀξίωμα
1255 527 1267 549 ,
1300 486 1410 541 τῶν
1446 487 1668 556 φύσεων

1787 488 2007 559 tatem.)
2042 486 2208 543 Vides
2236 486 2435 556 ubique
2479 496 2828 555 separantem
2863 485 3081 556 quidem
3130 486 3271 541 inter
3305 504 3363 541 se

98 576 363 646 μενουσῶν
424 576 688 647 ὁμολόγει
736 576 837 647 τὴν
875 575 972 645 τῆς
1010 575 1168 642 ἀξίας
1218 578 1465 649 ἑνότητα.
1517 580 1680 650 Ὁρᾷς

96 670 331 739 πανταχῆ
354 670 674 741 διορίζοντα
701 669 799 740 μὲν
830 656 1076 743 ἀλλήλων
1102 672 1197 736 τὰς
1220 671 1429 740 φύσεις,
1456 672 1681 726 ὲνοῦντα

93 759 154 821 δέ,
187 761 260 823 ὦς
290 779 459 831 φησι,
500 761 599 832 τὴν
626 762 1019 834 προσκύνησιν,
1047 765 1136 818 καὶ
1169 764 1353 834 κοινὴν
1394 764 1681 818 αὑθεντίαν

91 854 444 923 ἀιομάζοντα,
481 856 579 908 καὶ
601 855 701 925 τὴν
732 855 830 923 τῆς
865 856 1020 922 ἀξίας
1059 857 1288 927 ἑνότητα
1312 857 1497 927 μόνης.
1521 857 1595 909 Τὸ
1624 856 1682 909 δὲ

91 945 252 997 κοινὸν
283 946 392 1015 οὐχ
429 945 514 1008 ἓν,
552 948 599 998 εί
652 946 834 999 κοινὸν
882 960 929 1013 ι,
980 948 1064 1016 είη
1100 949 1164 1000 ἂν
1192 958 1241 1012 γ,
1284 948 1419 1001 ἀλλὰ
1450 948 1541 1000 δύο
1578 965 1679 1000 που

89 1036 321 1101 πάντως,
356 1037 393 1108 ἦ
427 1037 677 1092 πλείοσιν
716 1036 900 1101 ἰδικῶς
924 1055 980 1090 τε
1014 1039 1108 1093 καὶ
1135 1039 1239 1093 ἀνὰ
1263 1040 1423 1110 μέρος
1444 1041 1681 1112 θεωρου-

91 1128 280 1195 μένοις.
328 1128 486 1180 Ἀνθ’
524 1130 649 1181 ὅτου
683 1129 747 1199 δὴ
782 1126 874 1185 οὖν
899 1130 1169 1201 τοσαύτην
1218 1131 1494 1184 ποιοῦνται
1531 1140 1552 1167 ι
1582 1132 1682 1201 τὴν

86 1221 431 1291 καταρῤησιν
476 1219 576 1274 τοῦ
621 1221 691 1274 τὰ
738 1220 919 1275 τοιάδε
961 1222 1141 1284 καλῶς
1190 1222 1682 1291 ᾁναθεματίσαντος

84 1311 268 1377 λόγου;
310 1314 383 1365 Τί
421 1314 486 1365 τὸ
516 1313 738 1377 ἄτοπον,
779 1316 829 1369 εί
866 1318 977 1378 τοῖς
1030 1314 1302 1385 βδελυροῖς
1334 1315 1427 1367 καὶ
1483 1315 1685 1385 ἀπηχερ

85 1405 289 1468 στάτοις
337 1406 652 1476 Νεστορίου
683 1406 863 1475 λόγοις
900 1407 967 1459 τὰ
1008 1409 1106 1477 τῆς
1136 1405 1419 1469 εὐσεδείας
1442 1406 1691 1475 ἀντεγεί-“

84 1515 262 1567 ροντες
292 1498 583 1568 δόγματα,
610 1499 710 1569 τῆς
751 1499 862 1552 τῶν
913 1498 1157 1567 ἀδελφῶν
1189 1497 1489 1567 ἀσφαλείας
1532 1514 1685 1567 φρον-

83 1591 188 1643 τίδα
217 1591 325 1660 τὴν
350 1590 594 1643 δέουσαν
624 1590 1011 1661 πεποιήμεθα;
1059 1590 1277 1660 Ἐπειδὴ
1311 1589 1368 1642 δέ
1397 1606 1559 1659 φασιν
1584 1589 1683 1659 ἐμὲ

82 1684 181 1744 τοῖς
208 1680 388 1734 αὑτοῦ
440 1680 721 1751 μάχεσθαι
762 1681 963 1749 λόγοις,
989 1680 1431 1750 παρακομίζουσι
1462 1679 1518 1732 δὲ
1536 1679 1683 1750 πρὸς

81 1770 354 1834 ἀπόδειξιν
382 1772 557 1841 μέρος
584 1770 681 1838 τῆς
708 1769 1016 1838 ἐπιστολῆς,
1040 1764 1106 1840 ἧς
1125 1769 1378 1837 γέγραφα
1406 1767 1540 1838 πρὸς
1561 1768 1684 1831 τοὺς

1784 589 2026 643 naturas,
2065 579 2338 632 unientem
2374 586 2576 641 autem,
2626 586 2683 629 ut
2721 576 2872 638 dicit,
2908 577 3283 630 adorationem
3310 588 3365 629 et

1784 686 2127 724 communem
2157 669 2539 724 auctoritatem
2570 668 2962 732 nominantem,
3000 677 3055 723 et
3087 664 3254 723 sclius
3282 669 3364 721 ili-

1783 762 2008 833 gnitatis
2035 763 2325 816 unitatem.
2356 760 2508 826 Quod
2554 769 2732 813 autem
2775 772 3085 825 commune,
3125 774 3229 813 non
3260 761 3365 811 uti.

1783 868 1889 922 que
1930 852 2019 906 uni
2046 841 2480 915 commune'est,
2506 849 2599 904 sed
2628 850 2835 904 duobus
2867 864 3109 918 prorsus,
3142 850 3222 903 vel
3246 850 3367 919 plu-

1787 944 1953 1005 ribus,
1986 942 2076 1011 qui
2111 955 2359 995 seorsum
2384 951 2439 995 et
2472 940 2760 1009 separatim
2794 939 3228 993 considerantur.
3258 939 3367 992 Cur

1786 1035 1953 1105 igitur
1976 1040 2125 1087 tanta
2150 1031 2289 1087 facta
2315 1040 2401 1086 est
2423 1031 2748 1086 declamatio
2771 1032 3030 1086 adversus
3058 1045 3364 1086 sermonem

1788 1136 1933 1181 recte
1969 1128 2081 1180 [nec
2126 1124 2726 1179 anatltematizautem?
2768 1123 2906 1190 Quid
2943 1124 3261 1189 absurdum,
3293 1124 3363 1188 si,

1784 1218 2209 1274 exsecrabilibus
2235 1227 2291 1272 et
2321 1216 2731 1271 absurdissimis
2758 1215 2992 1270 Nestorii
3022 1215 3366 1270 sermonibus

1786 1310 1871 1378 pia
1902 1310 2155 1377 dogmata
2183 1317 2539 1378 Opponentes,
2575 1310 2641 1362 de
2682 1307 2912 1363 fratrum
2960 1306 3133 1362 salute
3164 1307 3365 1377 justam

1784 1417 1971 1456 curam
1996 1401 2299 1473 gessimus?
2323 1400 2588 1467 Quoniam
2618 1400 2804 1454 dicunt
2850 1414 2969 1455 mea
2992 1400 3155 1455 verba
3182 1415 3365 1454 secum

1787 1508 2048 1562 pugnare,
2073 1502 2127 1548 et
2156 1491 2387 1547 afferunt
2413 1493 2478 1547 ad
2509 1492 3030 1547 demonstrationem
3064 1491 3223 1563 166
3244 1506 3370 1560 paro
3426 1548 3427 1551 η

1787 1592 1894 1639 tem
1944 1584 2187 1653 epistolae
2227 1598 2389 1654 quam
2435 1584 2625 1653 scripsi
2675 1586 2742 1638 ad
2787 1593 3012 1640 sanctos
3050 1585 3368 1647 monachos,

1786 1692 1965 1746 operae
1996 1680 2229 1746 pretium
2264 1676 2507 1732 arbitror
2548 1687 2601 1733 et
2630 1678 2694 1729 ad
2728 1675 2831 1731 hoc
2874 1678 3254 1731 convenientia
3288 1677 3372 1730 di-

1786 1782 1932 1822 cere.
1968 1765 2167 1823 Dicunt
2192 1768 2341 1823 enim
2375 1768 2518 1837 quod
2568 1769 2707 1823 duas
2736 1769 2897 1822 etiam
2937 1768 3052 1837 ipse
3094 1767 3369 1823 nominavi

83 1832 617 1929 dyiouqvpovaozdg,
641 1832 757 1913 ’δεῖν
794 1832 976 1929 ᾠήθην
1004 1832 1074 1912 τά
1101 1832 1288 1912 είκότα
1317 1832 1420 1911 καὶ
1449 1832 1585 1927 πρός
1614 1874 1678 1926 γε

1787 1859 2190 1925 subsistentias,
2239 1867 2295 1914 et
2351 1857 2597 1913 sullicere
2652 1860 2732 1914 eis
2787 1858 2855 1912 ad
2913 1859 3369 1928 redarguendum,

78 1952 225 2005 τοῦτο
263 1954 460 2005 εἰπεῖν
484 1968 499 1981 ·
536 1952 671 2020 φασὶ
695 1950 806 2021 γὰρ
840 1951 918 2003 ὅτι
947 1950 1038 2003 δύο
1080 1951 1172 2004 καὶ
1192 1950 1352 2013 αὐτὸς
1377 1950 1677 2021 ὠνόμασαα

80 2046 442 2109 ὑποστάσεις·
479 2045 579 2099 καὶ
609 2045 944 2115 ἀποχρήσειν
964 2044 988 2083 ιι
1012 2044 1199 2106 αὐτοῖς
1229 2044 1309 2106 εἰς
1337 2042 1557 2115 ἔλεγχον
1585 2045 1680 2099 τοῦ

78 2140 160 2193 καὶ
191 2140 353 2209 ἡμᾶς
384 2136 615 2190 ἑλέσθαι
643 2136 809 2190 ταυτδ
853 2137 1026 2189 εἰπεῖν
1069 2137 1180 2198 τοῖς
1206 2145 1227 2173 ο
1266 2133 1399 2189 αὐτὸ
1440 2134 1503 2206 δὴ
1528 2135 1684 2189 τοῦτο

78 2230 384 2297 νομίζουσι.
410 2226 696 2298 Παραθεὶς
726 2222 819 2281 οὖν
842 2226 1156 2295 ἀναγκαίως
1184 2225 1246 2279 τὸ
1276 2226 1376 2296 τῆς
1396 2226 1682 2297 ἐπιστολῆς

81 2319 260 2387 μέρος,
292 2316 666 2387 προσεποίσῳ
700 2317 843 2387 μετά
881 2314 1040 2368 τοῦτο
1068 2315 1134 2367 τὰ
1164 2314 1230 2367 δι’
1273 2306 1347 2368 ὧν
1374 2315 1441 2368 ἂν
1472 2317 1683 2382 γένοιτο

77 2409 451 2481 ψευδομυθεῖν
488 2407 808 2479 ᾑρημένους
859 2408 1135 2476 ἀποφῆναι
1191 2405 1489 2475 πανταχοῦι
1528 2407 1682 2477 Ἔχει

77 2501 124 2553 δὲ
169 2501 395 2564 οὕτως’
440 2498 657 2552 Οὐκοῦν
704 2498 827 2551 ὅσον
868 2492 1002 2567 ἧκεν
1053 2497 1131 2558 εἰς
1192 2495 1329 2549 ἰδίαν
1364 2494 1551 2563 φύσιν,
1586 2497 1683 2567 οὐχ

80 2592 339 2659 ἡγίασται
375 2590 707 2657 καταμόνας
736 2591 763 2641 ό
792 2591 855 2640 ἐκ
899 2586 1033 2639 Θεοῦ
1064 2587 1278 2657 Πατρός
1314 2587 1516 2655 Λόγος*
1546 2590 1595 2641 εί
1629 2590 1685 2643 δὲ

78 2685 132 2756 δή
166 2704 254 2748 τις
283 2687 468 2738 οἴοιτο
504 2682 597 2734 τὸν
629 2682 693 2733 ἐκ
730 2681 830 2749 τῆς
859 2680 1020 2747 ἀγίας
1049 2680 1328 2752 Παρθένου
1357 2682 1687 2753 γεγεννημέ-

77 2794 155 2829 νον
182 2774 498 2846 κεκρίσθαι
530 2790 587 2825 τε
622 2772 717 2824 καὶ
748 2771 1011 2842 ἡγιάσθαι
1046 2772 1230 2842 μόνον,
1270 2773 1442 2845 ταύτῃ
1474 2790 1556 2826 τοι
1592 2775 1686 2826 καὶ

76 2866 403 2936 ὠνομάσθαι
438 2864 703 2934 Χριστὸν,
727 2863 935 2932 λεγέτω
966 2863 1273 2935 παρελθὼν,
1303 2866 1351 2915 εί
1379 2865 1596 2936 ἀπόχρη
1627 2865 1687 2919 τὸ

77 2962 284 3031 χρίσμα
316 2958 466 3029 πρὸς
498 2956 561 3010 τὸ
586 2956 865 3025 ἀποφῆναι
896 2956 985 3008 τὸν
1007 2956 1295 3027 χριόμενον
1331 2956 1548 3008 ίσοκλεᾶ
1592 2956 1687 3009 καὶ

76 3051 377 3119 όμόθρονον
431 3047 513 3116 τῷ
549 3048 770 3101 πάντων
828 3045 1084 3097 ἐπέκεινα
1135 3044 1273 3115 Θεῷ.
1333 3046 1549 3115 Ἐπειδὴ
1579 3044 1687 3117 γὰρ

76 3143 158 3194 τὸν
185 3144 255 3194 ἐκ
289 3138 441 3193 Θεοῦ
478 3138 655 3205 Λόγον
690 3136 871 3199 ίδικῶς
898 3134 1211 3206 ὠνομάσθαι
1242 3137 1495 3208 Χριστὸν,
1526 3140 1554 3189 ὁ
1579 3138 1686 3189 τῶν

76 3233 205 3286 νέων
269 3234 418 3301 ἡμῖν
479 3228 847 3299 βλασφημιῶν
908 3228 1133 3299 εὑρετὴς
1178 3229 1470 3299 Νεστόριος
1502 3229 1685 3281 διαϐε-

78 3324 333 3379 ϐαιοῦται
363 3320 584 3393 συχνῶς
604 3336 616 3348 ⁸
660 3319 846 3382 ίδικῶς
895 3320 973 3384 δέ,
1003 3322 1098 3372 καὶ
1126 3319 1229 3373 ἀνὰ
1258 3321 1421 3391 μέρος
1453 3320 1686 3391 Χριστὸν

78 3419 266 3487 ἕτερον
314 3416 420 3468 τὸν
472 3417 540 3467 ἐκ
586 3413 684 3484 τῆς
724 3412 889 3481 ἁγίας
940 3410 1219 3482 Παρθένου
1260 3412 1683 3483 γεγεννημένον·

76 3505 661 3577 ητακιόδηλεύοντες
684 3505 785 3573 τὴν
809 3503 986 3569 δόξαν,
1021 3504 1094 3565 ὼς
1124 3502 1334 3573 ἀκαλλῆ
1386 3505 1479 3557 καὶ
1513 3502 1688 3573 ἀσύμ-

76 3596 239 3663 φυλον
262 3595 291 3635 d
317 3596 426 3647 καὶ
455 3594 557 3664 τῆς
588 3591 853 3662 ἀληθείας
899 3591 1294 3662 ἐξῳκισμένην,
1315 3592 1437 3646 οὔτε
1458 3593 1511 3646 δὲ
1543 3604 1565 3632 θ
1596 3594 1687 3647 τὸν

74 3686 133 3737 ὲκ
164 3684 312 3738 Θεοῦ
348 3684 579 3755 Πατρὸς
609 3684 786 3750 Λόγον
814 3683 957 3736 κατὰ
986 3683 1153 3752 μόνας
1188 3683 1475 3755 νοούμενον
1507 3684 1689 3755 κεχρί-

76 3775 199 3828 σθαι
260 3776 348 3846 τῷ
408 3774 584 3844 ἐλαίῳ
632 3775 732 3843 τῆς
778 3774 1154 3841 ἀγαλλιάσεως
1208 3776 1685 3848 διαὸεόαιούμεθα,

71 3868 193 3921 οὔτε
230 3868 348 3939 μὴν
392 3867 506 3937 ίδία
546 3882 608 3918 τε
641 3866 735 3917 καὶ
768 3866 913 3919 κατὰ
946 3866 1114 3936 μόνας
1146 3865 1220 3929 ὡς
1257 3867 1560 3938 ἄνθρωπον,
1594 3872 1687 3923 καὶ

72 3960 263 4030 ἕτερον
300 3958 442 4010 ὄντα
502 3956 634 4009 Υἱὸν
666 3956 820 4026 παρὰ
869 3956 961 4010 τὸν
990 3959 1054 4011 ἐκ
1105 3957 1239 4011 Θεοῦ
1281 3959 1471 4028 Λόγον,
1509 3960 1597 4013 τὸν
1625 3964 1687 4014 ἐκ

73 4051 168 4119 τῆς
218 4050 397 4117 ἁγίας
440 4048 751 4121 Παρθένου.
787 4048 927 4103 Ἕνα
975 4050 1031 4102 δέ
1066 4051 1265 4121 μᾶλλον
1303 4052 1498 4122 χρῆναι
1550 4054 1688 4125 πρὸς

72 4144 343 4196 ἁπάντων
367 4140 833 4213 διισχυριζόμεθα
859 4142 1241 4211 ὁμολογεῖσθαι
1265 4144 1521 4214 Χριστὸν,
1550 4163 1687 4218 σαρ-

74 4232 332 4286 κωθέντα
372 4233 477 4286 καὶ
526 4231 1067 4302 ἐνανθρωπήσαντα,
1119 4234 1213 4287 τὸν
1273 4238 1535 4306 μονογενῆ
1594 4236 1686 4290 τοῦ

72 4325 209 4378 Θεοῦ
245 4325 476 4392 Λόγοψ
523 4341 543 4373 ‹
574 4317 667 4385 Εἷς
700 4322 811 4393 γὰρ
851 4322 1077 4394 Κύριος,
1127 4325 1225 4394 μία
1265 4326 1467 4391 πίστις,
1500 4326 1557 4379 ἓν
1594 4326 1689 4396 βά-

74 4433 316 4487 τττισμα.
354 4435 375 4469 ι
412 4414 577 4468 Ἐστι
598 4413 781 4467 τοίνυν
810 4413 985 4468 οὐδέν)⁵
1018 4415 1127 4469 τῶν
1161 4415 1298 4487 ὀρθὰ
1316 4421 1532 4489 φρονεῖν
1567 4422 1690 4472 είω-

1783 1953 1927 2021 quod
1969 1967 2068 2007 nos
2115 1952 2257 2008 idem
2306 1963 2471 2022 atque
2508 1952 2607 2021 ipsi
2641 1952 2821 2007 dicere
2865 1966 2971 2005 non
3007 1952 3370 2017 renuerimus,

1785 2045 1873 2114 qui
1932 2046 2076 2101 istud
2145 2046 2320 2117 ipsum
2382 2047 2593 2101 scilicet
2662 2054 2877 2115 putant.
2952 2045 3210 2115 Apposita
3273 2045 3373 2114 igi-

1788 2149 1873 2192 tur
1901 2139 2209 2193 necessario
2250 2154 2315 2192 ea
2363 2150 2517 2207 parte
2566 2138 2834 2207 epistolae,
2887 2137 3223 2192 subinl'eram
3255 2147 3376 2208 post

1788 2232 1901 2285 haec
1933 2245 2019 2297 ea,
2065 2230 2261 2299 quibus
2294 2230 2495 2299 ubique
2534 2230 2672 2284 falso
2719 2229 2910 2299 nugari
2958 2230 3096 2283 velle
3144 2232 3374 2283 demun-

1786 2330 2046 2377 strentur.
2077 2322 2250 2375 Habet
2271 2332 2447 2375 autem
2473 2322 2553 2376 sic
2579 2340 2591 2375 :
2624 2320 2812 2389 Itaque
2833 2330 3096 2389 quantum
3124 2318 3191 2373 ad
3219 2334 3373 2374 suam

1788 2423 2060 2477 naturam,
2098 2429 2200 2467 non
2241 2413 2644 2467 sanctiﬁcatum
2675 2420 2759 2467 est
2789 2412 3085 2480 separatim
3134 2411 3227 2466 Dei
3275 2410 3375 2465 Pa-

1790 2503 1887 2559 tris
1914 2501 2178 2560 Verbum.
2210 2501 2264 2556 Si
2292 2512 2471 2557 autem
2504 2503 2628 2572 quis
2660 2502 2947 2557 existimet
2994 2515 3140 2568 eum,
3169 2501 3262 2570 qui
3293 2510 3376 2555 est

1788 2610 1854 2650 ex
1886 2602 2075 2649 saneta
2110 2591 2332 2663 Virgine
2364 2602 2546 2656 natus,
2582 2603 2806 2647 unctum
2832 2606 2953 2647 esse
2984 2598 3039 2646 et
3064 2593 3376 2647 sanctillca-

1788 2695 1900 2740 tum
1944 2685 2137 2750 solum,
2188 2694 2242 2739 et
2298 2684 2399 2739 bac
2453 2684 2663 2738 ratione
2697 2686 3037 2741 nominatum
3074 2684 3373 2749 Christum,

1790 2778 2014 2845 prodeat
2052 2785 2107 2828 et
2154 2775 2318 2839 dicat,
2373 2789 2499 2828 num
2537 2772 2767 2829 sulliciat
2809 2776 2995 2830 unctio
3028 2777 3095 2829 ad
3141 2776 3266 2840 hoc,
3318 2787 3377 2829 ut

1789 2868 2004 2933 eﬂiciat,
2043 2867 2184 2936 quod
2234 2876 2429 2920 unctus
2473 2866 2697 2936 aqualis
2744 2866 2931 2936 gloriae
2974 2874 3029 2920 et
3073 2866 3376 2933 majestatis

1790 2962 1861 3015 sit
1901 2975 2021 3012 cum
2072 2973 2156 3021 eo,
2192 2959 2281 3026 qui
2330 2967 2414 3011 est
2456 2971 2620 3026 super
2649 2958 2852 3021 omnia,
2905 2956 3068 3011 Deus.
3108 2958 3373 3022 Quoniam

1791 3054 1933 3106 enim
1974 3050 2067 3104 Dei
2098 3048 2335 3104 Verbum
2368 3050 2593 3104 seorsim
2620 3047 2892 3102 nominari
2927 3046 3226 3111 Christum,
3264 3044 3374 3100 Ne-

1716 3164 1758 3218 c
1792 3142 2014 3203 storius,
2066 3141 2403 3194 novellarum
2438 3139 2593 3193 nobis
2620 3138 3083 3206 blasphemiarum
3128 3138 3377 3191 inventor

1794 3233 2009 3286 assidue
2035 3229 2293 3296 aﬂirmat;
2329 3244 2382 3287 et
2412 3230 2641 3287 seors’tm
2675 3230 2951 3283 Christum
2986 3228 3244 3293 alterttm,
3280 3229 3372 3299 qui

1790 3338 1856 3377 ex
1892 3332 2078 3377 sancta
2110 3321 2331 3390 Virgine
2376 3323 2591 3392 genitus
2632 3328 2710 3373 est
2758 3337 2771 3373 :
2808 3326 2865 3372 ut
2899 3319 3037 3373 hanc
3064 3318 3373 3387 Opinionem

1792 3422 2111 3468 notaremus
2156 3423 2417 3481 tanquam
2462 3410 2872 3481 improbandam
2899 3425 2965 3464 ac
3003 3411 3373 3475 temerariam,

1791 3516 1846 3561 et
1892 3522 1918 3560 a
1972 3508 2201 3561 veritate
2235 3506 2499 3566 alienam,
2545 3518 2719 3572 neque
2772 3502 3010 3556 Verbum
3065 3504 3155 3556 Dei
3197 3502 3377 3558 Patris

1790 3614 2034 3653 seorsum
2083 3600 2511 3664 consideratuut,
2551 3605 2775 3651 unctum
2820 3611 2940 3652 esse
2986 3596 3106 3649 oleo
3138 3596 3376 3649 exsulta-

1792 3690 1957 3744 tiouis
2003 3687 2375 3752 aIIirmantus,
2413 3700 2587 3755 neque
2634 3700 2881 3740 seorsum
2924 3696 2977 3739 et
3014 3686 3266 3754 privatim
3320 3697 3378 3739 ut

1791 3779 2086 3844 hominem,
2114 3790 2167 3833 et
2191 3778 2354 3832 alium
2386 3776 2581 3831 Filium
2614 3778 2679 3831 ab
2701 3761 2788 3843 eo,
2811 3779 2900 3847 qui
2934 3787 3018 3832 est
3046 3776 3281 3832 Verbum
3307 3792 3375 3831 ex

1791 3870 1925 3934 Deo,
1968 3885 2090 3924 eum
2139 3870 2229 3938 qui
2275 3884 2305 3923 e
2341 3879 2527 3924 sancta
2573 3868 2824 3937 Virgine;
2867 3871 3161 3924 asserimus
3195 3879 3373 3924 autem

1791 3962 2161 4017 necessarium
2216 3974 2360 4026 esse,
2414 3969 2477 4014 ut
2533 3974 2726 4015 omnes
2790 3961 3152 4015 conﬁteantur
3207 3977 3373 4015 unum

1791 4051 2092 4116 Christum,
2131 4053 2472 4107 incarnatum
2515 4062 2571 4107 et
2618 4052 2894 4107 hominem
2948 4052 3148 4107 factum
3186 4054 3378 4120 unige-

1792 4142 1967 4195 nitum
1995 4140 2091 4195 Dei
2125 4139 2412 4197 Verbum:
2472 4160 2489 4192 ι
2527 4142 2675 4197 Unus
2728 4142 2873 4196 enim
2927 4142 3209 4207 Dominus,
3268 4160 3374 4197 una

1791 4231 1943 4296 ﬁdes,
2007 4248 2172 4286 unum
2215 4234 2483 4302 baptisma
2528 4233 2593 4285 ⁸³.
2627 4251 2645 4283 ι
2692 4231 2858 4303 Igitur
2912 4234 3064 4299 nulli,
3100 4235 3189 4303 qui
3229 4245 3377 4289 recte

1794 4326 1997 4378 sentire
2036 4324 2192 4390 solet,
2248 4326 2538 4378 obscurum
2581 4334 2684 4390 est,
2744 4325 2886 4394 quod
2930 4327 3121 4380 vitiant
3157 4343 3373 4381 sensum

1792 4432 1980 4471 eorum
2034 4432 2155 4485 qua:
2202 4434 2230 4470 a
2284 4433 2368 4471 tne
2440 4420 2640 4484 scripta
2692 4428 2836 4481 sunt,
2882 4431 2936 4474 et
2972 4421 3377 4474 calumniantur

73 4511 249 4564 θότων
309 4508 669 4579 ἀσυμφανές,
725 4509 807 4561 ὅτι
868 4510 1355 4580 παραχαράττουσι
1394 4513 1502 4564 τῶν
1556 4512 1684 4584 παρ’

1797 4509 1960 4562 etiam
1997 4508 2049 4562 in
2087 4510 2190 4563 hoc
2224 4511 2531 4564 veritatem.
2560 4512 2664 4564 Sed
2696 4511 2877 4564 etalio
2911 4514 3071 4565 modo
3098 4513 3250 4581 culpa
3282 4528 3375 4563 vu-

72 4601 209 4671 ἐμοῦ
242 4599 680 4672 γεγραμμένων
713 4599 815 4670 τὴν
848 4598 1110 4663 διάνοιαν,
1149 4602 1245 4654 καὶ
1288 4605 1684 4672 συκοφαντοῦσι

1793 4611 1944 4654 caret
1990 4609 2044 4653 et
2100 4602 2244 4654 omni
2299 4602 2744 4669 reprehensione,
2780 4601 2940 4670 idque
2978 4602 3194 4665 merito,
3234 4603 3377 4656 scire

70 4695 171 4746 κάν
207 4693 405 4763 τούτῳ
435 4692 537 4762 τὴν
576 4689 858 4761 ἀλήθειαν.
894 4691 1003 4745 Καὶ
1034 4692 1155 4745 καθ’
1187 4692 1375 4764 ἕτερον
1403 4695 1460 4748 δὲ
1489 4696 1687 4765 τρόπον

67 4781 458 4856 ἐπλημμελὲς
505 4780 594 4850 εἴη
627 4780 717 4843 ἂν,
760 4780 857 4835 καὶ
890 4782 1036 4850 μάλα
1082 4784 1327 4850 εἰκότως,
1366 4785 1689 4858 ἀμοιρήσειε

66 4873 106 4924 δ’
145 4872 215 4926 ἂν
247 4872 354 4925 καὶ
404 4868 607 4939 μώμου
633 4870 838 4933 παντὸς
872 4870 942 4924 τὸ,
971 4871 1170 4927 ειδέναι
1197 4874 1382 4944 τυχὸν,
1418 4875 1493 4939 ὡς
1524 4876 1688 4950 ἑτέρα

72 4971 170 5035 μὶν
204 4969 335 5022 ἐστι
371 4965 523 5020 κατά
564 4963 728 5033 φύσιν
776 4964 916 5019 [δίαν
949 4968 982 5036 ἡ
1027 4965 1165 5038 σὰρξ
1213 4969 1365 5040 παρά
1403 4985 1466 5037 γε
1496 4969 1588 5023 τὸν
1624 4973 1689 5025 ἐκ

68 5058 207 5111 Θεοῦ
246 5057 482 5129 Πατρὸς
527 5054 707 5125 φύντα
734 5054 753 5097 ί
781 5056 976 5124 Λόγον,
1008 5058 1193 5129 ἕτερος
1231 5058 1288 5111 δέ
1334 5054 1400 5113 αὖ
1442 5062 1583 5113 κατά
1627 5079 1689 5129 γε

68 5155 155 5204 τιν
188 5150 304 5219 τῆς
357 5149 503 5213 ιδίας
539 5147 759 5217 φύσεως
807 5148 965 5217 λόγον
1010 5151 1038 5202 ὁ
1079 5152 1412 5223 Μονογενής.
1449 5153 1587 5207 Ἀλλ’
1628 5155 1684 5208 οὐ

1796 5169 1906 5212 tem
1938 5167 2131 5212 exacto
2158 5157 2355 5211 mentis
2385 5154 2543 5210 oculo
2567 5157 2934 5219 considerare,
2964 5157 3160 5210 videbit
3191 5157 3377 5225 utique

68 5248 123 5296 τι
160 5240 596 5307 εἰδέναιταῦτα,
635 5240 879 5313 μερίζειν
910 5242 1028 5296 ἐστὶ
1068 5242 1167 5307 τὰς
1200 5244 1393 5313 φύσεις
1422 5247 1561 5315 μετὰ
1593 5246 1684 5319 τὴν

1803 5247 1945 5317 quod
1977 5246 2153 5315 (sicut
2206 5246 2314 5300 dixi
2351 5245 2403 5300 in
2441 5246 2744 5316 principio)
2790 5261 2898 5300 non
2934 5260 3084 5300 suam
3125 5258 3372 5300 naturam

1793 4691 2042 4755 forsitan,
2076 4694 2219 4761 quod
2268 4692 2372 4745 alia
2409 4693 2626 4761 quidem
2670 4700 2754 4745 est
2794 4693 3087 4747 secundum
3124 4704 3374 4746 naturam

1792 4785 2070 4855 propriam
2095 4799 2225 4838 caro
2261 4798 2288 4836 a
2328 4782 2507 4838 Verbo
2558 4782 2669 4837 Deo
2722 4783 2881 4837 Patre
2930 4793 3081 4846 nato.
3134 4794 3187 4838 et
3241 4786 3377 4838 alius

1790 4893 1987 4932 rursus
2018 4875 2349 4945 Unigenitus
2385 4878 2683 4930 secundmn
2717 4886 2923 4929 natura:
2956 4877 3185 4944 propria:
3208 4878 3374 4929 ratio-

1792 4986 1932 5024 nem.
1969 4969 2071 5024 Sed
2108 4968 2251 5023 scire
2281 4970 2417 5033 haec,
2455 4983 2557 5021 non
2596 4978 2678 5022 est
2715 4968 2956 5021 dividere
2992 4979 3216 5022 naturas
3254 4977 3375 5038 post

1792 5066 2114 5120 unitionem.
2163 5062 2280 5117 Jam
2318 5067 2361 5117 si
2409 5064 2534 5132 quis
2565 5063 2796 5117 voluerit
2845 5065 3167 5117 sacramenti
3206 5065 3376 5117 virtu-

136 5399 183 5430 “
220 5396 431 5465 Ephes.
473 5412 547 5457 tv,
582 5396 631 5449 5.

1169 5548 1341 5603 \‘arizn
1375 5549 1635 5606 lectiones
1660 5568 1725 5605 ex
1754 5552 1939 5607 codice
1975 5551 2359 5624 Seguieriano.

136 5724 161 5753 ι
200 5712 265 5763 τὸ
290 5710 347 5762 δέ
378 5706 595 5775 κοινὴν,
624 5703 784 5777 ’ἴσως
821 5700 920 5777 οῦκ
954 5701 1152 5777 ἐννοεὶξθ
1201 5705 1404 5777 κοινήν.
1484 5713 1511 5777 ξ
1550 5744 1563 5765 ,
1591 5706 1688 5775 οὐχ
1718 5706 1797 5759 ἐνὶ
1832 5708 2010 5761 κοινὸν
2032 5708 2139 5777 εἴη.

72 5798 171 5837 εἰν,
261 5794 283 5818 ς
320 5771 537 5838 αὐτοῖς,
612 5772 637 5812 d
671 5771 967 5839 ἀσύφηλον.
1052 5783 1074 5809 θ
1109 5772 1275 5838 τσιυς,
1311 5771 1392 5845 δη.
1482 5774 1498 5814 ί
1540 5771 1834 5846 πεφηνότα.

413 5872 693 5929 Pyrum.
730 5864 846 5923 Gn.
877 5862 1143 5924 LXXVI.
2896 5874 2957 5936 ῃ

2221 5718 2240 5745 ι
2274 5712 2617 5780 πεποίηνται.
2698 5725 2719 5750 ιι
2752 5714 3086 5783 ὼνόμασεν.δ
3118 5716 3361 5793 ἀπόχρη..
