4042 6434
693 345 788 402 331

1721 338 1779 395 S.
1820 334 2092 394 CYRILLI
2129 330 2598 388 ALEXANDRINI
2641 328 2959 384 ARCHIEP.

3847 331 3951 388 539.

692 456 1049 528 apprehendit
1093 454 1235 511 Deus
1280 453 1551 509 exsistens
1610 450 1883 516 Verbum,
1936 449 2030 503 sed
2083 460 2266 502 semen

2373 442 2585 495 ἕνωσιν.
2616 441 2678 495 Εἰ
2710 440 2768 494 δὲ
2793 439 2857 511 δή
2888 457 2974 503 τις
3005 438 3247 511 βούλοιτο
3269 439 3370 510 τὴν
3400 438 3495 493 τοῦ
3527 442 3831 513 μυστηρίου
3860 445 3950 498 δύ-

691 549 946 603 Abrahae.
976 546 1091 601 Non
1125 554 1208 601 est
1249 554 1429 599 autem
1466 540 1927 599 consubstantiale
1979 538 2160 593 Verbo
2202 551 2272 591 ex

695 639 803 695 Deo
834 646 981 701 nato,
1011 636 1154 705 quod
1187 650 1253 691 ex
1279 635 1483 690 semine
1508 632 1740 688 Abrahae
1770 640 2016 686 sanctum
2050 642 2270 697 corpus,

692 730 832 800 quod
864 728 1021 798 167
1052 744 1082 781 e
1108 727 1265 783 beata
1303 723 1522 795 Virgine
1555 724 1806 792 sumpsit,
1843 720 2140 792 procedens
2171 719 2270 774 bo-

691 835 804 886 mo,
842 828 897 872 ut
936 818 1195 873 fratribus
1238 818 1429 872 similis
1465 824 1632 879 esset,
1664 824 1720 869 et
1759 813 2128 883 appellaretur
2158 811 2272 880 pri-

692 910 999 979 mogenitus
1034 909 1125 979 qui
1154 918 1269 963 erat
1295 908 1623 979 nnigenitus.
1650 905 1906 972 Quamvis
1932 914 2111 957 autem
2143 903 2275 956 alte-

691 1002 805 1054 rius
839 1008 1045 1053 natura:
1074 998 1144 1053 sit
1171 1012 1367 1065 corpus
1392 1011 1421 1049 a
1448 995 1629 1051 Verbo
1664 994 1753 1049 Dei
1785 994 1988 1057 Patris;
2024 1007 2162 1045 unus
2189 1001 2273 1045 ta-

691 1105 813 1145 men
841 1099 924 1145 est
958 1089 1229 1155 Christus,
1265 1097 1321 1143 et
1352 1086 1544 1149 Filius,
1581 1095 1636 1142 et
1673 1086 1839 1153 Deus,
1886 1093 1938 1139 et
1989 1084 2267 1148 Dominus,

693 1179 903 1234 tametsi
954 1177 1131 1234 factus
1180 1179 1255 1232 sit
1297 1192 1449 1231 caro.
1492 1175 1607 1230 Non
1655 1184 1805 1230 caret
1838 1185 2018 1229 autem
2051 1175 2267 1239 damno,

690 1255 986 1326 dissolvere
1022 1283 1165 1324 verte
1200 1269 1461 1322 unitionis
1505 1268 1746 1329 modum,
1782 1278 1838 1321 et
1874 1266 2112 1321 dividere
2144 1270 2270 1320 sub-

688 1360 972 1414 sistentias
1020 1373 1049 1412 a
1100 1372 1159 1413 se
1191 1369 1379 1411 mutuo
1428 1356 1703 1426 sejunctas
1738 1357 1789 1408 in
1835 1357 1969 1410 duos
2005 1355 2165 1419 iilios,
2216 1363 2273 1407 ut

687 1451 940 1521 privatim
977 1459 1031 1504 et
1078 1462 1323 1504 seorsmn
1382 1448 1515 1511 sint,
1568 1447 1833 1501 habentes
1877 1458 2055 1501 autem
2098 1447 2269 1500 solum

687 1550 969 1593 externam
998 1539 1415 1602 connexionem,
1455 1547 1509 1593 et
1563 1547 1621 1591 ut
1659 1538 1712 1591 in
1756 1537 1946 1591 ordine
1970 1538 2269 1608 dignitatis.

688 1630 842 1695 Quod
876 1628 918 1684 si
963 1628 1264 1682 naturalem
1301 1628 1557 1681 unionem
1602 1627 1924 1693 dixerimus,
1968 1641 2152 1682 veram
2189 1628 2273 1680 in-

692 1721 1004 1793 telligimus.
1036 1720 1210 1775 Habet
1236 1721 1381 1774 enim
1416 1718 1696 1789 Scriptura
1722 1719 1977 1774 divinitus
2013 1720 2273 1788 inspirata

2373 551 2538 603 ναμιν
2572 532 2791 604 ἀκριϐεῖ
2822 532 3061 595 διανοίας
3094 531 3302 603 ὄμματι
3324 532 3823 600 κατασκέπτεσθαι,
3854 555 3955 590 κα-

2374 624 2699 694 ταθρήσειεν
2726 622 2815 685 ἂν,
2842 621 2945 685 ὅτι,
2973 620 3225 691 καθάπερ
3259 618 3396 689 ἔφην
3425 620 3484 672 ὲν
3517 621 3736 691 ἀρχαῖς,
3770 623 3833 675 ού
3857 623 3956 693 τῆς

2374 715 2537 770 αὑτοῦ
2551 715 2763 784 φύσεως
2786 713 3080 767 ἐπελάϐετο
3099 712 3232 776 Θεὸς
3265 712 3340 766 ὣν
3361 715 3389 767 6
3416 713 3610 782 Λόγος,
3629 712 3766 767 ἀλλὰ
3794 716 3956 787 σπέρ-

2379 823 2545 875 ματος
2579 804 2830 875 Ἀϐραάμ
2854 819 2868 834 ·
2900 804 2997 873 ούχ
3022 802 3308 873 ὁμοούσιον
3333 803 3391 856 δὲ
3421 804 3499 875 τῷ
3532 808 3594 859 ὲκ
3626 805 3761 859 Θεοῦ
3796 806 3957 873 φύντι

2375 898 2551 967 Λόγῳ,
2576 896 2635 949 τὸ
2664 898 2728 949 ἐκ
2756 896 3070 966 σπέρματος
3104 895 3359 966 Ἀϐραὰμ
3399 896 3554 965 ἆγιον
3585 897 3746 969 σῶμα
3816 900 3956 970 ὅπερ

2375 988 2439 1040 ὲκ
2463 986 2561 1056 τῆς
2596 988 2873 1055 μακαρίας
2898 983 3178 1054 Παρθένου
3216 982 3417 1051 λαΰὼν,
3438 983 3708 1054 προῆλθεν
3740 984 3955 1055 ἀνθρω-

2376 1094 2495 1141 πος,
2522 1078 2609 1129 ἴνα
2638 1078 2748 1139 τοῖς
2767 1074 3016 1144 ἀδελφοῖς
3043 1075 3305 1145 ὁμοιωθῇ,
3331 1075 3425 1128 καὶ
3462 1077 3775 1150 χρηματίσῃ
3809 1093 3960 1147 πρω-

2373 1171 2592 1233 τότοκος
2612 1170 2641 1222 6
2670 1170 2986 1241 μονογενής.
3024 1170 3167 1224 Ἀλλ’
3197 1172 3246 1223 εἰ
3280 1170 3374 1224 κα)⁸
3399 1169 3545 1223 ἐστιν
3571 1170 3867 1241 ὲτεροφυὲς
3898 1170 3960 1222 τὸ

2377 1261 2536 1333 σῶμα
2571 1261 2724 1331 παρά
2750 1260 2940 1329 γε”τδν
2981 1262 3046 1314 ὲκ
3078 1260 3216 1313 Θεοῦ
3251 1260 3465 1330 Πατρδς
3491 1260 3684 1329 Λόγον,
3718 1259 3836 1312 ἀλλ’
3867 1255 3961 1312 οὖν

2376 1348 2456 1417 εἷς
2484 1352 2741 1423 Χριστὸς,
2774 1352 2870 1406 καὶ
2895 1351 3042 1416 Υἱὸς,
3078 1352 3174 1405 καὶ¹
3203 1352 3357 1416 Θεὸς,
3387 1353 3482 1405 καὶ
3513 1351 3753 1421 Κύριος,
3784 1351 3884 1404 καὶ
3914 1350 3962 1403 εί

2375 1445 2567 1513 γέγονε
2608 1443 2764 1515 σάρξ.
2802 1445 2913 1497 Καὶ
2943 1444 3035 1497 τὸν
3074 1444 3174 1511 τῆς
3203 1442 3441 1515 ἀληθοῦς
3470 1443 3715 1506 ἑνώσεως
3758 1442 3964 1511 τρόπον

2377 1534 2682 1607 παραλύειν
2711 1537 2811 1589 οὐκ
2840 1535 3094 1607 ἀζήμιον,
3118 1536 3427 1599 διιστάντας
3456 1536 3535 1598 είς
3562 1535 3710 1598 υἱοὺς
3740 1534 3835 1587 δύο
3864 1534 3963 1596 τὰς

2377 1628 2729 1693 ὑποστάσεις,
2770 1626 3159 1698 ἀποφοιτώσας
3217 1628 3314 1698 μὲν
3345 1627 3594 1697 ἀλλήλων
3636 1628 3715 1689 εὶς
3748 1624 3811 1679 τὸ
3860 1626 3967 1697 ἰδίᾳ

2376 1737 2435 1773 τε
2467 1716 2608 1772 εἶναι
2656 1720 2751 1773 καὶ
2774 1719 2879 1774 άνά
2904 1718 3336 1791 μέρος,ὲχούσας
3364 1718 3422 1772 δὲ
3451 1718 3622 1788 μόνην
3662 1718 3966 1785 συνάφειαν

687 1813 834 1868 Ιιυιιο
864 1826 1091 1877 morem,
1119 1812 1222 1866 hac
1244 1811 1480 1866 dictione
1503 1812 1552 1865 in
1583 1812 1727 1867 hunc
1755 1827 1971 1867 sensum
1994 1813 2090 1867 uti.
2119 1812 2268 1867 Scri-

2373 1810 2471 1880 τὴν
2506 1808 2703 1874 ἔξωθέν
2734 1827 2793 1863 τε
2825 1811 2918 1864 καὶ
2950 1811 3027 1875 ώς
3064 1812 3123 1863 ἐν
3174 1809 3328 1876 τάξει
3367 1810 3557 1879 τιμῆς.
3600 1808 3664 1861 Εἰ
3693 1807 3751 1861 δὲ
3782 1808 3853 1878 δὴ
3882 1807 3969 1861 λέ-

688 1905 768 1959 bit
800 1905 944 1960 enim
996 1904 1195 1959 alicubi
1230 1904 1560 1973 quibusdam
1605 1904 1820 1959 divinus
1855 1903 2060 1958 Paulus
2094 1920 2108 1959 :
2151 1922 2170 1955 ι
2208 1904 2274 1958 Ει

684 2010 908 2051 eramus
945 2004 1137 2050 natura
1164 1993 1259 2050 iilii
1292 1995 1407 2060 irae,
1441 1994 1584 2049 sicut
1607 2002 1659 2049 et
1688 1994 1873 2049 caeteri
1896 1992 1973 2061 “;
2004 2012 2023 2045 ι
2062 2002 2117 2049 et
2142 2008 2273 2047 nen-

688 2089 892 2156 tiquam
941 2087 1143 2141 dixerit
1172 2086 1437 2155 quispiam
1474 2086 1772 2141 subsistere
1803 2095 2051 2140 naturam
2081 2087 2273 2140 divinze

686 2178 803 2241 irae,
852 2178 922 2231 ita
976 2186 1035 2231 ut
1088 2187 1403 2246 peccatores
1439 2177 1581 2232 illius
1609 2178 1717 2233 sint
1763 2178 1978 2233 soboles
2028 2178 2270 2245 :aliani

676 2284 909 2338 prorsus
938 2278 993 2323 et
1022 2269 1273 2323 omnibus
1308 2270 1485 2324 modis
1535 2270 1935 2324 consentiemus
1972 2269 2274 2323 laboranti-

684 2363 786 2415 bus
841 2360 1051 2414 insania
1101 2358 1549 2414 Manichzeornrn.
1595 2360 1699 2414 Sed
1732 2360 1827 2424 ibi,
1872 2371 2083 2424 natura,
2130 2360 2270 2412 idem

676 2457 768 2503 est
798 2448 964 2517 quod,
1016 2462 1165 2503 vere.
1211 2447 1328 2504 Non
1384 2450 1547 2519 igitur
1576 2449 1974 2505 confundentes
2026 2458 2269 2512 naturas,

688 2554 865 2609 neque
894 2540 1043 2609 ipsas
1074 2544 1216 2594 inter
1248 2555 1306 2595 se
1343 2541 1656 2606 miscentes,
1688 2541 1834 2595 sicut
1859 2542 2044 2596 dicunt
2075 2543 2271 2594 adver-

686 2630 836 2695 sarii,
857 2630 1155 2686 naturalem
1182 2632 1413 2685 dicimus
1440 2630 1637 2686 factam
1657 2645 1779 2687 esse
1807 2633 2142 2697 unitionem;
2178 2631 2270 2686 sed

685 2735 752 2775 ex
789 2720 1002 2775 duabus
1045 2720 1209 2774 rebus
1242 2720 1614 2786 dissimilibus,
1668 2722 1889 2787 deitate,
1928 2721 2171 2789 inquam,
2221 2730 2274 2774 et

693 2812 1058 2874 humanitate,
1093 2825 1255 2863 unmn
1295 2808 1498 2863 factum
1534 2825 1654 2865 esse
1676 2809 2272 2875 Christum,etFilium,

690 2910 743 2955 et
770 2900 1076 2966 Dominmn,
1103 2901 1301 2968 ubique
1324 2898 1678 2956 aiiirmamus.
1710 2901 1933 2956 Demum
1958 2916 2079 2956 cum
2110 2901 2274 2970 Apol-

686 2994 867 3049 linarii
913 2996 1180 3064 dogmatis
1226 2994 1386 3064 plane
1432 2995 1567 3049 nihil
1624 2996 1779 3051 nobis
1833 3010 2119 3051 commune
2168 3007 2269 3049 est.

685 3087 866 3141 Semel
896 3088 1040 3142 enim
1075 3089 1489 3144 condemnatos.
1524 3098 1779 3157 tanquam
1810 3087 2093 3141 veritatem
2122 3087 2272 3141 adul-

690 3187 925 3232 terantes
956 3178 1193 3232 aversari
1221 3187 1458 3247 oportet.

2374 1918 2571 1971 γοιμεν
2603 1902 2840 1972 φυσικὴν
2870 1902 2970 1969 τὴν
3012 1901 3228 1967 ἕνωσιν,
3256 1902 3355 1971 τὴν
3389 1900 3567 1973 ἀληθῆ
3607 1917 3814 1971 φαμεν,
3848 1900 3968 1963 ἔθος

2375 1993 2609 2064 ἐχούσης
2637 1994 2739 2063 τῆς
2792 1994 3154 2047 θεοπνεύστου
3199 1994 3426 2063 Γραφῆς
3478 1994 3620 2047 οὕτω
3657 1992 3968 2065 κεχρῆσθαι

2372 2088 2438 2157 τῇ
2477 2085 2643 2152 λέξει.
2680 2086 2887 2157 Γράφει
2910 2086 3019 2156 γάρ
3044 2084 3144 2139 πού
3174 2102 3317 2138 τισιν
3342 2086 3370 2137 6
3395 2084 3681 2147 θεσπέσιος
3713 2084 3965 2149 Παῦλος·

2381 2194 2400 2227 ι
2442 2177 2552 2230 Καὶ
2592 2172 2737 2246 ἦμεν
2765 2175 2932 2230 τέκνα
2960 2177 3121 2245 φύσει
3162 2175 3356 2247 ὀργῆς,
3388 2176 3466 2239 ώς
3497 2177 3592 2230 καὶ
3614 2179 3663 2230 οἱ
3696 2176 3909 2229 λοιποί·
3944 2194 3963 2228 ι

2375 2266 2469 2320 καὶ
2511 2267 2572 2319 οὐ
2604 2268 2775 2339 δήπου
2805 2268 2940 2337 φαίη
2971 2285 3055 2331 τις
3081 2266 3147 2321 ἂν
3169 2267 3471 2336 ὑφεστάναι
3511 2270 3654 2323 κατὰ
3682 2267 3850 2337 φύσιν
3872 2268 3968 2339 τὴν

2375 2356 2525 2409 θείαν
2560 2356 2754 2427 ὀργὴν,
2813 2356 2957 2410 ὥστε
3013 2357 3109 2410 καὶ
3143 2357 3312 2427 αὐτῆς
3368 2358 3688 2428 γεννήματα
3717 2357 3967 2411 νοεῖσθαι

2372 2450 2500 2512 τοὺς
2522 2449 2945 2518 ἁμαρτάνοντας
2968 2465 2982 2478 ·
3008 2450 3040 2519 ἢ
3066 2451 3246 2520 πάντη
3269 2466 3328 2502 τε
3357 2450 3451 2503 καὶ⁸
3480 2450 3697 2513 πάντως
3724 2449 3972 2521 ἐσόμεθα

2376 2539 2694 2609 σύμφρονες
2724 2541 2750 2580 8
2782 2542 2897 2603 τοῖς
2944 2540 3043 2610 τὴν
3092 2540 3415 2609 Μανιχαίων
3477 2539 3693 2595 νοσοῦσι
3742 2543 3967 2612 μανίαν.

2386 2631 2549 2684 Ἀ).λά
2576 2631 2656 2695 τὸ,
2691 2631 2874 2699 φύσει,
2899 2631 3052 2702 δηλοῖ
3084 2632 3146 2684 τὸ
3175 2632 3315 2686 κατὰ
3344 2632 3626 2704 ἀλήθειαν.
3661 2633 3879 2687 Οὐκοῦν
3909 2635 3971 2687 οὐ

2375 2723 2702 2793 συγχέοντες
2746 2722 2846 2786 τάς
2891 2723 3120 2792 φύσεις,
3160 2723 3285 2778 οὔτε
3336 2725 3443 2795 μὴν
3489 2725 3748 2797 ἀλλήλαις
3793 2727 3971 2788 αὐτὰς

2375 2815 2748 2884 ἀναφύροντες
2770 2854 2786 2878 ,
2823 2814 2968 2869 καθά
3000 2833 3163 2885 φασιν
3194 2819 3243 2870 οἱ
3285 2817 3353 2869 δι’
3406 2817 3675 2882 ἐναντίας,
3725 2818 3973 2888 φυσικήν

2376 2923 2557 2977 φαμεν
2589 2906 2842 2973 γενέσθαι
2866 2908 2964 2977 τὴν
2996 2907 3218 2961 ἓνωσιψ
3252 2908 3367 2961 ἀλλ’
3401 2910 3465 2962 ὲκ
3490 2909 3585 2963 δύο
3616 2912 3972 2983 πραγμάτων

2375 2996 2668 3066 ἀνομοίων,
2711 2996 2964 3066 θεότητός
2992 3014 3052 3049 τε
3109 3000 3203 3050 καὶ
3236 2998 3675 3070 ἀνθρωπότητος,
3723 2999 3820 3053 τὸν
3874 3002 3972 3053 ἕνα

2375 3087 2631 3158 γενέσθαι
2660 3089 2915 3159 Χριστὸν,
2949 3091 3042 3142 καὶ
3074 3089 3223 3153 Υἰὸν,
3254 3092 3348 3143 καὶ
3381 3091 3586 3162 Κύριον
3618 3092 3971 3146 διαϐεϐαιού-

2301 3161 2341 3215 C
2379 3178 2523 3246 μεθα
2552 3178 2849 3248 πανταχοῦ.
2892 3180 3015 3232 Τῶν
3042 3181 3096 3233 δὲ
3147 3161 3523 3254 ’Λπολιναρίου
3562 3184 3853 3256 δογμάτων
3881 3185 3972 3238 ού-

680 3274 797 3337 δεὶς
832 3273 1112 3337 παντελῶς
1181 3276 1313 3345 ήμῖν
1343 3276 1371 3328 6
1404 3274 1598 3344 λόγος’
1659 3277 1787 3340 τοὺς
1829 3276 1938 3347 γὰρ
2004 3274 2152 3340 ἅπαξ
2222 3276 2758 3346 κατακεκριμένους,
2810 3277 2885 3340 ώς
2951 3280 3478 3348 παραχαράττοντας
3526 3280 3626 3352 τὴν
3679 3280 3968 3351 ἀλήθειαν,

680 3355 1151 3437 ἀποστρέφεσθαιὶ
1173 3367 1302 3437 χρή.

1095 3457 1731 3516 ANATHEMATISMUS
1771 3461 1862 3515 ιν.

762 3573 819 3627 Si
856 3573 976 3640 quis
1025 3571 1234 3625 duabus
1268 3572 1534 3639 personis,
1560 3574 1673 3628 sive
1708 3574 2117 3644 hypostasibus,
2174 3590 2267 3628 eas

688 3682 848 3721 voces
894 3664 1162 3726 attribuit,
1214 3678 1333 3731 quae
1377 3664 1428 3716 in
1483 3665 1809 3734 evangelicis
1854 3676 1909 3720 et
1952 3666 2265 3736 apostolicis

693 3758 991 3825 Scriptnris
1035 3755 1234 3823 passim
1288 3766 1603 3819 occurrunt,
1655 3773 1843 3825 quaeve
1882 3774 1909 3810 a
1950 3760 2155 3811 sanctis
2200 3762 2266 3809 de

686 3849 927 3910 Christo,
959 3845 1040 3898 vel
1072 3846 1136 3897 ab
1162 3845 1277 3912 ipso
1304 3858 1519 3913 quoque
1559 3845 1779 3898 Christo
1808 3848 1873 3898 de
1904 3847 2082 3913 scipso
2112 3847 2267 3898 dicta:

688 3953 850 4004 sunt;
896 3949 950 3995 et
989 3939 1124 3992 alias
1156 3936 1373 4005 quidem
1405 3934 1607 3987 homini
1656 3944 1911 4002 tanquam
1943 3950 2187 3987 seorsum
2235 3951 2265 3989 a

685 4034 798 4087 Deo
822 4032 997 4087 Verbo
1018 4029 1360 4084 considerato
1390 4027 1644 4089 ascribit;
1679 4026 1813 4079 alias
1846 4040 1974 4079 vero
2007 4034 2263 4092 tanquam

689 4127 796 4180 Deo
834 4122 1241 4184 convenientes,
1291 4118 1391 4174 soli
1448 4119 1539 4173 Dci
1589 4117 1765 4172 Patris
1812 4117 1989 4172 Verbo
2010 4116 2262 4185 adaptat;

683 4216 970 4270 anathema
1010 4212 1104 4268 sit.

1142 4322 1497 4376 Orientalium
1531 4322 1805 4390 oppositio.

754 4437 1127 4505 Congruenter
1188 4435 1346 4488 etiam
1400 4436 1501 4489 hoc
1556 4435 1675 4490 loco
1726 4434 1797 4487 illi
1839 4448 1931 4487 sna
1964 4434 2135 4504 ipsius
2175 4434 2266 4488 dc-

681 4535 830 4581 creta
884 4523 1217 4592 suggerenda
1270 4532 1414 4577 sunt.
1451 4524 1596 4576 Dixit
1633 4524 1775 4577 enim
1825 4542 1837 4577 :
1870 4522 2128 4589 Quamvis
2164 4538 2261 4575 ξιιμ

683 4617 799 4669 dias
845 4614 984 4683 quod
1036 4613 1325 4682 profecerit
1352 4622 1509 4666 aetate
1540 4622 1593 4665 et
1620 4612 1883 4680 Sapientia
1908 4621 1961 4664 et
1992 4612 2162 4678 gratia
2191 4612 2257 4673 ⁸⁵,

683 4721 749 4761 ne
780 4714 934 4773 pntcs
970 4705 1185 4772 sapiens
1230 4717 1297 4756 ex
1345 4704 1677 4756 incremento
1713 4702 1910 4756 factum
1952 4703 2111 4774 168
2144 4717 2262 4756 esse

679 4794 916 4850 Verbum
956 4794 1050 4847 Dei
1090 4810 1103 4845 :
1153 4809 1327 4860 neque
1375 4808 1562 4847 rursus
1606 4794 1733 4847 illud
1791 4796 2069 4864 nngaciter
2113 4797 2262 4849 ansis

684 4889 882 4951 dicere,
918 4887 1078 4955 quod,
1111 4885 1373 4952 proiicere
1403 4884 1453 4937 in
1490 4894 1645 4938 rotate
1672 4896 1725 4939 et
1757 4887 2018 4955 sapientia
2055 4894 2109 4938 et
2140 4902 2263 4955 gra-

684 4979 782 5042 tia,
828 4978 1030 5031 Ιιοιιιίιιί
1074 4976 1401 5042 aptabimus.
1451 4976 1680 5043 (Verum
1716 4978 1925 5031 tametsi
1967 4988 2125 5045 neget
2162 4978 2261 5031 hoc

687 5070 805 5123 loco
848 5070 1144 5136 Scriptura:
1189 5067 1584 5128 testimonium,
1622 5082 1727 5134 quo
1765 5068 2041 5131 docemur,
2084 5068 2261 5135 profe-

681 5171 829 5216 ctum
861 5160 1009 5213 illum
1046 5159 1197 5227 juxta
1231 5138 1485 5210 naturani
1517 5157 1701 5211 carnis
1733 5157 1969 5222 Domini,
2017 5174 2135 5226 qua:
2178 5159 2259 5209 vi-

683 5254 931 5317 debatur,
962 5250 1160 5315 fuisse;
1192 5264 1334 5303 nunc
1369 5257 1545 5302 tamen
1575 5263 1679 5302 non
1714 5260 1796 5304 est
1830 5259 2039 5319 tempus
2072 5251 2258 5305 redar-

754 5410 797 5441 δδ
823 5409 1015 5479 Ephes.
1049 5421 1110 5470 ιι,
1140 5405 1191 5458 '5.
1270 5405 1313 5437 ⁸⁵
1354 5403 1483 5459 Luc.
1529 5422 1584 5472 tt,
1626 5405 1714 5461 52.

2802 3454 3400 3512 ΑΝΑΘΕΜΛΤΙΣΜΟΣ
3461 3463 3534 3514 Δ’.

2451 3567 2518 3620 Εἴ
2551 3584 2630 3630 τις
2659 3568 2974 3638 προσώποις
3001 3570 3172 3632 δυσὶν,
3205 3573 3372 3642 ἦγουν
3401 3574 3754 3643 ὑποστάσεσι,
3779 3582 3888 3646 τάς
3911 3600 3971 3636 τε

2375 3661 2434 3713 ἐν
2458 3664 2567 3723 τοῖς
2606 3660 2983 3728 εύαγγελικοῖς
3029 3664 3121 3715 καὶ
3150 3665 3527 3731 ἀποστολικοῖς
3566 3673 3973 3743 συγγράμμασι

2374 3752 2619 3821 διανέμει
2674 3753 2879 3820 φωνὰς,
2938 3756 2969 3825 ἢ
3030 3756 3121 3807 ἐπὶ
3174 3758 3396 3828 Χριστῷ
3446 3763 3596 3831 παρὰ
3632 3764 3743 3816 τῶν
3795 3768 3972 3834 ἁγίων

2377 3840 2697 3912 λεγομένας,
2733 3843 2765 3911 ἢ
2796 3845 2925 3914 παρ’
2956 3845 3124 3897 αὐτοῦ
3169 3848 3294 3917 περὶ
3337 3849 3529 3902 ἑαυτοῦ
3557 3868 3579 3890 ·›
3612 3854 3833 3921 καὶτὰς
3875 3859 3972 3927 μὲν

2374 3932 2449 3994 ώς
2477 3933 2749 4002 ἀνθρώπῳ
2784 3934 2935 4004 παρά
2967 3935 3057 3987 τὸν
3088 3938 3151 3990 ἐκ
3181 3937 3314 3990 Θεοῦ
3350 3940 3562 4012 Πατρὸς
3589 3943 3760 4012 Λόγον
3782 3947 3972 4010 ἰδικῶς

2375 4026 2648 4095 νοουμένῳ
2688 4031 3012 4095 προσάπτει,
3041 4032 3139 4094 τὰς
3172 4032 3229 4083 δὲ
3256 4034 3331 4097 ώς
3361 4035 3684 4105 θεοπρεπεῖς
3709 4044 3863 4113 μόνῳ
3893 4044 3971 4114 τῷ

2374 4118 2438 4170 ἐκ
2476 4117 2609 4170 Θεοῦ
2642 4119 2853 4189 Πατρὸς
2878 4121 3037 4191 Λόγῳ
3056 4138 3069 4151 ·
3096 4123 3343 4193 ἀνάθεμα
3373 4126 3532 4183 ἔστω.

2647 4319 3024 4389 Ἀντίρῤησις
3080 4324 3200 4377 τῶν
3266 4327 3673 4385 Ἀνατολικῶν.

2457 4430 2776 4482 Ἀκόλουθον
2852 4434 3132 4489 κάνταῦθα
3180 4438 3286 4491 τῶν
3344 4442 3508 4494 αὑτοῦ
3570 4444 3971 4518 θεσπισμάτων

2372 4520 2532 4572 αὑτὸν
2578 4522 2914 4592 ὑπομνῆσαι,
2967 4528 3022 4579 ἐν
3071 4523 3153 4592 οἷς
3190 4548 3350 4601 φησι·
3402 4532 3517 4587 Κᾶν
3567 4537 3837 4611 ἀκούσῃς,
3890 4522 3973 4597 δτὶ

2374 4612 2682 4680 προέκοπτε
2722 4614 2904 4685 σοφίᾳ,
2938 4618 3030 4668 καὶ
3063 4620 3270 4690 ἡλικίᾳ,
3308 4623 3400 4674 καὶ
3430 4624 3634 4693 χάριτι,
3670 4627 3747 4699 μὴ
3802 4633 3971 4697 σοφὸν

2366 4703 2426 4768 ἐξ
2450 4706 2741 4767 ἐπιδόσεως
2776 4709 3029 4774 γενέσθαι
3060 4713 3289 4783 νομίσῃς
3322 4715 3413 4767 τὸν
3458 4716 3553 4769 τοῦ
3588 4718 3723 4772 Θεοῦ
3755 4723 3965 4792 Λόγον·

2369 4795 2490 4865 μηδ’
2523 4792 2590 4848 αὖ
2631 4797 2809 4850 ἐκεῖνο
2863 4799 3158 4870 φληνάφως
3206 4805 3487 4877 τολμήσῃς
3528 4811 3729 4873 εἰπεῖν,
3772 4814 3859 4866 ὅτι
3908 4816 3968 4866 τὸ

2366 4888 2698 4957 προκόπτειν
2755 4891 2813 4941 ἐν
2870 4892 3077 4963 ἡλικίᾳ,
3128 4895 3222 4947 καὶ
3271 4897 3451 4968 σοφίᾳ,
3507 4901 3601 4951 καὶ
3658 4903 3850 4972 χάριτι
3891 4906 3967 4975 τῷ

2366 4976 2636 5046 ἀνθρώπῳ
2656 4979 3009 5050 προσάψομεν
3034 5000 3046 5012 ο
3071 4982 3243 5045 (Ἀλλ’
3261 4987 3308 5037 εί
3327 4987 3419 5039 καὶ
3448 4988 3691 5058 ἀρνεῖται
3725 4993 3967 5048 ἐνταῦθα

2362 5068 2461 5137 τὴν
2484 5072 2580 5137 τῆς
2611 5070 2833 5139 Γραφῆς
2859 5073 3168 5143 μαρτυρίαν
3193 5075 3551 5132 διδάσκουσαν
3583 5081 3664 5133 ὅτι
3698 5086 3844 5137 κατὰ
3871 5086 3969 5155 τὴν

2363 5162 2459 5228 τῆς
2495 5161 2829 5229 φαινομένης
2877 5165 3079 5234 σαρκὸς
3121 5165 3282 5234 φύσιν
3333 5169 3427 5222 τοῦ
3485 5172 3696 5239 Κυρίου
3747 5176 3818 5227 τὰ
3866 5178 3968 5245 τῆς

2365 5250 2649 5321 προκοπῆς
2698 5253 2909 5321 ἐγίνετο
2970 5257 3019 5321 ιι,
3076 5258 3194 5311 ἀλλ’
3225 5260 3283 5313 ού
3321 5262 3513 5334 καιρὸς
3551 5263 3645 5319 νῦν
3674 5266 3839 5321 τοῦτο
3891 5269 3968 5321 δι-

1740 5558 1911 5615 Varia:
1946 5560 2203 5617 lectiones
2234 5576 2294 5617 ex
2326 5562 2511 5619 codice
2544 5564 2920 5635 chnieriano.

738 5718 779 5757 -κ
803 5716 1102 5787 ίσόφρονες.
1177 5712 1200 5750 δ
1229 5714 1446 5783 ἐγένετο.
