  <div class='ocr_page' id='page_1' title='image "/cluster/home/n/w/nwhite01/storage/ocr_20150623/76/ien.35556001661040/178.png"; bbox 0 0 4042 6460; ppageno 0'>
   <div class='ocr_carea' id='block_1_1' title="bbox 131 379 218 432">
    <p class='ocr_par' dir='ltr' id='par_1_1' title="bbox 131 379 218 432">
     <span class='ocr_line' id='line_1_1' title="bbox 131 379 218 432; baseline 0 0"><span class='ocrx_word' id='word_1_1' title='bbox 131 379 218 432; x_wconf 75' lang='grc'><strong>335</strong></span> 
     </span>
    </p>
   </div>
   <div class='ocr_carea' id='block_1_2' title="bbox 731 376 2770 443">
    <p class='ocr_par' dir='ltr' id='par_1_2' title="bbox 731 376 2770 443">
     <span class='ocr_line' id='line_1_2' title="bbox 731 376 2770 443; baseline 0.006 -13"><span class='ocrx_word' id='word_1_2' title='bbox 731 376 1255 439; x_wconf 80' lang='lat' dir='ltr'><strong>APOLOGETICUS</strong></span> <span class='ocrx_word' id='word_1_3' title='bbox 1292 381 1428 439; x_wconf 80' lang='lat' dir='ltr'><strong>PRO</strong></span> <span class='ocrx_word' id='word_1_4' title='bbox 1465 380 1559 437; x_wconf 81' lang='lat' dir='ltr'><strong>XII</strong></span> <span class='ocrx_word' id='word_1_5' title='bbox 1596 377 1958 439; x_wconf 82' lang='lat' dir='ltr'><strong>CAPITIBUS</strong></span> <span class='ocrx_word' id='word_1_6' title='bbox 1993 384 2269 442; x_wconf 80' lang='lat' dir='ltr'><strong>CONTRA</strong></span> <span class='ocrx_word' id='word_1_7' title='bbox 2309 385 2770 443; x_wconf 77' lang='lat' dir='ltr'><strong>ORIENTALES.</strong></span> 
     </span>
    </p>
   </div>
   <div class='ocr_carea' id='block_1_3' title="bbox 3269 392 3374 447">
    <p class='ocr_par' dir='ltr' id='par_1_3' title="bbox 3269 392 3374 447">
     <span class='ocr_line' id='line_1_3' title="bbox 3269 392 3374 447; baseline 0.01 -1"><span class='ocrx_word' id='word_1_8' title='bbox 3269 392 3374 447; x_wconf 71' lang='grc'><strong>554</strong></span> 
     </span>
    </p>
   </div>
   <div class='ocr_carea' id='block_1_4' title="bbox 132 495 1718 577">
    <p class='ocr_par' dir='ltr' id='par_1_4' title="bbox 132 495 1696 572">
     <span class='ocr_line' id='line_1_4' title="bbox 132 495 1696 572; baseline 0.003 -24"><span class='ocrx_word' id='word_1_9' title='bbox 132 497 382 565; x_wconf 62' lang='grc' dir='ltr'>ελέγςιειν,</span> <span class='ocrx_word' id='word_1_10' title='bbox 406 495 790 566; x_wconf 78' lang='grc' dir='ltr'><strong>ἐπειγομένοις</strong></span> <span class='ocrx_word' id='word_1_11' title='bbox 817 499 908 551; x_wconf 75' lang='grc' dir='ltr'>ἐπὶ</span> <span class='ocrx_word' id='word_1_12' title='bbox 925 501 984 552; x_wconf 83' lang='grc' dir='ltr'><strong>τὸ</strong></span> <span class='ocrx_word' id='word_1_13' title='bbox 1001 501 1359 571; x_wconf 83' lang='grc' dir='ltr'>προκείμενον</span> <span class='ocrx_word' id='word_1_14' title='bbox 1381 502 1696 572; x_wconf 80' lang='grc' dir='ltr'>κεφάλαιον·</span> 
     </span>
    </p>
   </div>
   <div class='ocr_carea' id='block_1_5' title="bbox 1822 495 3364 577">
    <p class='ocr_par' dir='ltr' id='par_1_5' title="bbox 1822 504 3364 577">
     <span class='ocr_line' id='line_1_5' title="bbox 1822 504 3364 577; baseline 0.006 -22"><span class='ocrx_word' id='word_1_15' title='bbox 1822 504 1996 568; x_wconf 72' lang='grc' dir='ltr'>ςιιοηὰἱ</span> <span class='ocrx_word' id='word_1_16' title='bbox 2024 505 2146 572; x_wconf 91' lang='lat' dir='ltr'><strong>hoc,</strong></span> <span class='ocrx_word' id='word_1_17' title='bbox 2185 508 2567 563; x_wconf 73' lang='lat' dir='ltr'><strong>festinantibus</strong></span> <span class='ocrx_word' id='word_1_18' title='bbox 2611 509 2677 562; x_wconf 90' lang='lat' dir='ltr'><strong>ad</strong></span> <span class='ocrx_word' id='word_1_19' title='bbox 2697 507 3028 577; x_wconf 86' lang='lat' dir='ltr'><strong>propositum</strong></span> <span class='ocrx_word' id='word_1_20' title='bbox 3056 509 3364 577; x_wconf 90' lang='lat' dir='ltr'><strong>capitulum.</strong></span> 
     </span>
    </p>
   </div>
   <div class='ocr_carea' id='block_1_6' title="bbox 128 587 1706 659">
    <p class='ocr_par' dir='ltr' id='par_1_6' title="bbox 128 587 1706 659">
     <span class='ocr_line' id='line_1_6' title="bbox 128 587 1706 659; baseline 0.004 -20"><span class='ocrx_word' id='word_1_21' title='bbox 128 588 204 639; x_wconf 68' lang='grc' dir='ltr'>τοῦ</span> <span class='ocrx_word' id='word_1_22' title='bbox 235 589 351 657; x_wconf 75' lang='grc' dir='ltr'><strong>γὰρ</strong></span> <span class='ocrx_word' id='word_1_23' title='bbox 389 587 569 653; x_wconf 80' lang='grc' dir='ltr'>δεῖξαι</span> <span class='ocrx_word' id='word_1_24' title='bbox 608 587 704 641; x_wconf 80' lang='grc' dir='ltr'><strong>δύο</strong></span> <span class='ocrx_word' id='word_1_25' title='bbox 744 589 1070 654; x_wconf 80' lang='grc' dir='ltr'><strong>ὑποστάσεις</strong></span> <span class='ocrx_word' id='word_1_26' title='bbox 1113 592 1276 645; x_wconf 80' lang='grc' dir='ltr'>αὑτὸν</span> <span class='ocrx_word' id='word_1_27' title='bbox 1314 592 1561 659; x_wconf 84' lang='grc' dir='ltr'>λέγοντα,</span> <span class='ocrx_word' id='word_1_28' title='bbox 1610 591 1706 645; x_wconf 76' lang='grc' dir='ltr'><strong>καὶ</strong></span> 
     </span>
    </p>
   </div>
   <div class='ocr_carea' id='block_1_7' title="bbox 130 679 1706 754">
    <p class='ocr_par' dir='ltr' id='par_1_7' title="bbox 130 679 1706 754">
     <span class='ocr_line' id='line_1_7' title="bbox 130 679 1706 754; baseline 0.003 -23"><span class='ocrx_word' id='word_1_29' title='bbox 130 679 288 748; x_wconf 72' lang='grc' dir='ltr'>ἐαυτῷ</span> <span class='ocrx_word' id='word_1_30' title='bbox 319 679 770 748; x_wconf 75' lang='grc' dir='ltr'>ἐναντιούμενον,</span> <span class='ocrx_word' id='word_1_31' title='bbox 807 682 1202 752; x_wconf 79' lang='grc' dir='ltr'><strong>παρεθήκαμεν</strong></span> <span class='ocrx_word' id='word_1_32' title='bbox 1249 685 1318 737; x_wconf 84' lang='grc' dir='ltr'>τὰ</span> <span class='ocrx_word' id='word_1_33' title='bbox 1359 685 1527 738; x_wconf 86' lang='grc' dir='ltr'>πάλαι</span> <span class='ocrx_word' id='word_1_34' title='bbox 1557 683 1706 754; x_wconf 82' lang='grc' dir='ltr'>αὑτῷ</span> 
     </span>
    </p>
   </div>
   <div class='ocr_carea' id='block_1_8' title="bbox 128 771 1703 843">
    <p class='ocr_par' dir='ltr' id='par_1_8' title="bbox 128 771 1703 843">
     <span class='ocr_line' id='line_1_8' title="bbox 128 771 1703 843; baseline 0.001 -20"><span class='ocrx_word' id='word_1_35' title='bbox 128 771 404 838; x_wconf 67' lang='grc' dir='ltr'>εἰρημένα.</span> <span class='ocrx_word' id='word_1_36' title='bbox 450 771 544 832; x_wconf 83' lang='grc' dir='ltr'>Ὠς</span> <span class='ocrx_word' id='word_1_37' title='bbox 570 771 626 822; x_wconf 81' lang='grc' dir='ltr'><strong>δὲ</strong></span> <span class='ocrx_word' id='word_1_38' title='bbox 667 772 682 810; x_wconf 80' lang='grc' dir='ltr'><strong>ί</strong></span> <span class='ocrx_word' id='word_1_39' title='bbox 720 777 1028 842; x_wconf 80' lang='grc' dir='ltr'>προσώποις</span> <span class='ocrx_word' id='word_1_40' title='bbox 1057 773 1230 838; x_wconf 73' lang='grc' dir='ltr'>δυσὶν,</span> <span class='ocrx_word' id='word_1_41' title='bbox 1259 775 1290 843; x_wconf 79' lang='grc' dir='ltr'>ἦ</span> <span class='ocrx_word' id='word_1_42' title='bbox 1325 774 1703 840; x_wconf 85' lang='grc' dir='ltr'>ὑποστάσεσιν,</span> 
     </span>
    </p>
   </div>
   <div class='ocr_carea' id='block_1_9' title="bbox 127 864 1707 940">
    <p class='ocr_par' dir='ltr' id='par_1_9' title="bbox 127 864 1707 940">
     <span class='ocr_line' id='line_1_9' title="bbox 127 864 1707 940; baseline 0.005 -25"><span class='ocrx_word' id='word_1_43' title='bbox 127 867 150 935; x_wconf 78' lang='grc' dir='ltr'><strong>ἦ</strong></span> <span class='ocrx_word' id='word_1_44' title='bbox 180 867 311 927; x_wconf 69' lang='grc' dir='ltr'>υἱοῖς</span> <span class='ocrx_word' id='word_1_45' title='bbox 343 866 473 916; x_wconf 77' lang='grc' dir='ltr'>δυσὶ</span> <span class='ocrx_word' id='word_1_46' title='bbox 519 864 865 935; x_wconf 75' lang='grc' dir='ltr'>διαιροῦντας</span> <span class='ocrx_word' id='word_1_47' title='bbox 895 869 992 938; x_wconf 81' lang='grc' dir='ltr'><strong>τὴν</strong></span> <span class='ocrx_word' id='word_1_48' title='bbox 1020 869 1234 935; x_wconf 79' lang='grc' dir='ltr'>ἕνωσιν,</span> <span class='ocrx_word' id='word_1_49' title='bbox 1267 871 1433 940; x_wconf 76' lang='grc' dir='ltr'>ἤγουν</span> <span class='ocrx_word' id='word_1_50' title='bbox 1473 872 1563 924; x_wconf 76' lang='grc' dir='ltr'><strong>τὸν</strong></span> <span class='ocrx_word' id='word_1_51' title='bbox 1612 871 1707 923; x_wconf 74' lang='grc' dir='ltr'><strong>ἕνα</strong></span> 
     </span>
    </p>
   </div>
   <div class='ocr_carea' id='block_1_10' title="bbox 128 959 1708 1034">
    <p class='ocr_par' dir='ltr' id='par_1_10' title="bbox 128 959 1708 1034">
     <span class='ocr_line' id='line_1_10' title="bbox 128 959 1708 1034; baseline -0.006 -10"><span class='ocrx_word' id='word_1_52' title='bbox 128 961 260 1023; x_wconf 64' lang='grc' dir='ltr'>Υἰὸν,</span> <span class='ocrx_word' id='word_1_53' title='bbox 293 959 402 1022; x_wconf 71' lang='grc' dir='ltr'><strong>τὰς</strong></span> <span class='ocrx_word' id='word_1_54' title='bbox 435 960 626 1028; x_wconf 75' lang='grc' dir='ltr'>φωνὰς</span> <span class='ocrx_word' id='word_1_55' title='bbox 656 961 986 1030; x_wconf 76' lang='grc' dir='ltr'>ἐφαρμόζειν</span> <span class='ocrx_word' id='word_1_56' title='bbox 1007 963 1068 1014; x_wconf 76' lang='grc' dir='ltr'><strong>οὐ</strong></span> <span class='ocrx_word' id='word_1_57' title='bbox 1093 962 1196 1015; x_wconf 68' lang='grc' dir='ltr'><strong>δεῖἱ</strong></span> <span class='ocrx_word' id='word_1_58' title='bbox 1237 979 1249 994; x_wconf 92' lang='grc'><strong>·</strong></span> <span class='ocrx_word' id='word_1_59' title='bbox 1280 965 1582 1033; x_wconf 81' lang='grc' dir='ltr'>ἀδιαίρετος</span> <span class='ocrx_word' id='word_1_60' title='bbox 1601 965 1708 1034; x_wconf 80' lang='grc' dir='ltr'>γὰρ</span> 
     </span>
    </p>
   </div>
   <div class='ocr_carea' id='block_1_11' title="bbox 122 1049 1706 1121">
    <p class='ocr_par' dir='ltr' id='par_1_11' title="bbox 122 1049 1706 1121">
     <span class='ocr_line' id='line_1_11' title="bbox 122 1049 1706 1121; baseline 0.004 -20"><span class='ocrx_word' id='word_1_61' title='bbox 122 1054 201 1104; x_wconf 77' lang='grc' dir='ltr'><strong>καὶ</strong></span> <span class='ocrx_word' id='word_1_62' title='bbox 247 1050 576 1120; x_wconf 77' lang='grc' dir='ltr'>ἀχώριστος</span> <span class='ocrx_word' id='word_1_63' title='bbox 625 1052 657 1119; x_wconf 88' lang='grc' dir='ltr'>ἠ</span> <span class='ocrx_word' id='word_1_64' title='bbox 706 1051 848 1121; x_wconf 83' lang='grc' dir='ltr'>ἄκρα</span> <span class='ocrx_word' id='word_1_65' title='bbox 892 1052 1112 1115; x_wconf 76' lang='grc' dir='ltr'>ἓνωσιςο</span> <span class='ocrx_word' id='word_1_66' title='bbox 1168 1054 1262 1107; x_wconf 75' lang='grc' dir='ltr'><strong>καὶ</strong></span> <span class='ocrx_word' id='word_1_67' title='bbox 1310 1057 1338 1107; x_wconf 89' lang='grc' dir='ltr'><strong>ὁ</strong></span> <span class='ocrx_word' id='word_1_68' title='bbox 1388 1049 1465 1118; x_wconf 72' lang='grc' dir='ltr'>εἷς</span> <span class='ocrx_word' id='word_1_69' title='bbox 1512 1056 1640 1117; x_wconf 78' lang='grc' dir='ltr'>Υἱὸς</span> <span class='ocrx_word' id='word_1_70' title='bbox 1681 1057 1706 1094; x_wconf 80' lang='grc' dir='ltr'><strong>¹ι</strong></span> 
     </span>
    </p>
   </div>
   <div class='ocr_carea' id='block_1_12' title="bbox 119 1143 1704 1214">
    <p class='ocr_par' dir='ltr' id='par_1_12' title="bbox 119 1143 1704 1214">
     <span class='ocr_line' id='line_1_12' title="bbox 119 1143 1704 1214; baseline 0.004 -20"><span class='ocrx_word' id='word_1_71' title='bbox 119 1145 243 1195; x_wconf 71' lang='grc' dir='ltr'>κατὰ</span> <span class='ocrx_word' id='word_1_72' title='bbox 272 1146 468 1195; x_wconf 75' lang='grc' dir='ltr'>πάντα</span> <span class='ocrx_word' id='word_1_73' title='bbox 506 1144 599 1194; x_wconf 75' lang='grc' dir='ltr'><strong>καὶ</strong></span> <span class='ocrx_word' id='word_1_74' title='bbox 625 1143 804 1210; x_wconf 79' lang='grc' dir='ltr'>λόγον,</span> <span class='ocrx_word' id='word_1_75' title='bbox 848 1144 939 1196; x_wconf 73' lang='grc' dir='ltr'><strong>καὶ</strong></span> <span class='ocrx_word' id='word_1_76' title='bbox 967 1146 1183 1214; x_wconf 74' lang='grc' dir='ltr'>τρόπον,</span> <span class='ocrx_word' id='word_1_77' title='bbox 1209 1147 1300 1199; x_wconf 77' lang='grc' dir='ltr'><strong>καὶ</strong></span> <span class='ocrx_word' id='word_1_78' title='bbox 1334 1147 1540 1200; x_wconf 78' lang='grc' dir='ltr'>ἔννοιάν</span> <span class='ocrx_word' id='word_1_79' title='bbox 1570 1149 1704 1201; x_wconf 81' lang='grc' dir='ltr'>ἐστι.</span> 
     </span>
    </p>
   </div>
   <div class='ocr_carea' id='block_1_13' title="bbox 120 1235 1710 1309">
    <p class='ocr_par' dir='ltr' id='par_1_13' title="bbox 120 1235 1710 1309">
     <span class='ocr_line' id='line_1_13' title="bbox 120 1235 1710 1309; baseline 0.005 -24"><span class='ocrx_word' id='word_1_80' title='bbox 120 1238 214 1296; x_wconf 56' lang='lat' dir='ltr'><strong>Tn;</strong></span> <span class='ocrx_word' id='word_1_81' title='bbox 241 1236 297 1287; x_wconf 81' lang='grc' dir='ltr'><strong>δὲ</strong></span> <span class='ocrx_word' id='word_1_82' title='bbox 331 1237 522 1304; x_wconf 82' lang='grc' dir='ltr'>ἄκροις</span> <span class='ocrx_word' id='word_1_83' title='bbox 562 1235 809 1297; x_wconf 76' lang='grc' dir='ltr'>ένὼσεως</span> <span class='ocrx_word' id='word_1_84' title='bbox 854 1236 1280 1309; x_wconf 71' lang='grc' dir='ltr'>φυλαττομένης,</span> <span class='ocrx_word' id='word_1_85' title='bbox 1329 1240 1420 1293; x_wconf 75' lang='grc' dir='ltr'><strong>καὶ</strong></span> <span class='ocrx_word' id='word_1_86' title='bbox 1467 1240 1558 1292; x_wconf 80' lang='grc' dir='ltr'>τοῦ</span> <span class='ocrx_word' id='word_1_87' title='bbox 1594 1241 1710 1303; x_wconf 83' lang='grc' dir='ltr'>ἐνὸς</span> 
     </span>
    </p>
   </div>
   <div class='ocr_carea' id='block_1_14' title="bbox 119 1320 1708 1401">
    <p class='ocr_par' dir='ltr' id='par_1_14' title="bbox 119 1320 1708 1401">
     <span class='ocr_line' id='line_1_14' title="bbox 119 1320 1708 1401; baseline 0.005 -25"><span class='ocrx_word' id='word_1_88' title='bbox 119 1326 233 1378; x_wconf 76' lang='grc' dir='ltr'><strong>Υῐοῦ</strong></span> <span class='ocrx_word' id='word_1_89' title='bbox 283 1325 330 1387; x_wconf 76' lang='grc' dir='ltr'><strong>Ῑ,</strong></span> <span class='ocrx_word' id='word_1_90' title='bbox 391 1327 493 1377; x_wconf 75' lang='grc' dir='ltr'><strong>καὶ</strong></span> <span class='ocrx_word' id='word_1_91' title='bbox 536 1320 798 1394; x_wconf 75' lang='grc' dir='ltr'>Χριστοῦ,</span> <span class='ocrx_word' id='word_1_92' title='bbox 858 1327 951 1378; x_wconf 78' lang='grc' dir='ltr'><strong>καὶ</strong></span> <span class='ocrx_word' id='word_1_93' title='bbox 1001 1330 1204 1398; x_wconf 78' lang='grc' dir='ltr'>Κυρίου</span> <span class='ocrx_word' id='word_1_94' title='bbox 1257 1331 1708 1401; x_wconf 80' lang='grc' dir='ltr'>ὁμολογουμένου,</span> 
     </span>
    </p>
   </div>
   <div class='ocr_carea' id='block_1_15' title="bbox 117 1419 1710 1496">
    <p class='ocr_par' dir='ltr' id='par_1_15' title="bbox 117 1419 1710 1496">
     <span class='ocr_line' id='line_1_15' title="bbox 117 1419 1710 1496; baseline 0.005 -28"><span class='ocrx_word' id='word_1_95' title='bbox 117 1420 232 1487; x_wconf 70' lang='grc' dir='ltr'>περὶ</span> <span class='ocrx_word' id='word_1_96' title='bbox 263 1419 361 1470; x_wconf 79' lang='grc' dir='ltr'><strong>τὸν</strong></span> <span class='ocrx_word' id='word_1_97' title='bbox 393 1419 500 1470; x_wconf 77' lang='grc' dir='ltr'><strong>ἕνα</strong></span> <span class='ocrx_word' id='word_1_98' title='bbox 560 1421 653 1470; x_wconf 67' lang='grc' dir='ltr'><strong>καὶ</strong></span> <span class='ocrx_word' id='word_1_99' title='bbox 688 1419 778 1470; x_wconf 79' lang='grc' dir='ltr'><strong>τὸν</strong></span> <span class='ocrx_word' id='word_1_100' title='bbox 806 1419 965 1471; x_wconf 81' lang='grc' dir='ltr'>αὑτὸν</span> <span class='ocrx_word' id='word_1_101' title='bbox 998 1420 1121 1473; x_wconf 82' lang='grc' dir='ltr'>Υἱὸν</span> <span class='ocrx_word' id='word_1_102' title='bbox 1146 1423 1582 1490; x_wconf 63' lang='grc' dir='ltr'>ἐπιλαμϐάνεσθαι</span> <span class='ocrx_word' id='word_1_103' title='bbox 1607 1424 1710 1496; x_wconf 81' lang='grc' dir='ltr'>χρὴ</span> 
     </span>
    </p>
   </div>
   <div class='ocr_carea' id='block_1_16' title="bbox 115 1510 1711 1583">
    <p class='ocr_par' dir='ltr' id='par_1_16' title="bbox 115 1510 1711 1583">
     <span class='ocr_line' id='line_1_16' title="bbox 115 1510 1711 1583; baseline 0.003 -22"><span class='ocrx_word' id='word_1_104' title='bbox 115 1512 172 1561; x_wconf 66' lang='grc' dir='ltr'><strong>τὰ</strong></span> <span class='ocrx_word' id='word_1_105' title='bbox 228 1511 539 1580; x_wconf 72' lang='grc' dir='ltr'>λεγόμενα.</span> <span class='ocrx_word' id='word_1_106' title='bbox 621 1510 780 1563; x_wconf 79' lang='grc' dir='ltr'>Κατὰ</span> <span class='ocrx_word' id='word_1_107' title='bbox 841 1510 1024 1579; x_wconf 86' lang='grc' dir='ltr'>μέντοι</span> <span class='ocrx_word' id='word_1_108' title='bbox 1079 1512 1179 1583; x_wconf 83' lang='grc' dir='ltr'><strong>τὴν</strong></span> <span class='ocrx_word' id='word_1_109' title='bbox 1246 1513 1356 1568; x_wconf 89' lang='grc' dir='ltr'><strong>τῶν</strong></span> <span class='ocrx_word' id='word_1_110' title='bbox 1409 1515 1711 1567; x_wconf 84' lang='grc' dir='ltr'>ὲνωθεισῶν</span> 
     </span>
    </p>
   </div>
   <div class='ocr_carea' id='block_1_17' title="bbox 115 1601 1713 1674">
    <p class='ocr_par' dir='ltr' id='par_1_17' title="bbox 115 1601 1713 1674">
     <span class='ocr_line' id='line_1_17' title="bbox 115 1601 1713 1674; baseline 0.003 -22"><span class='ocrx_word' id='word_1_111' title='bbox 115 1602 326 1668; x_wconf 49' lang='lat' dir='ltr'><strong>ciosum</strong></span> <span class='ocrx_word' id='word_1_112' title='bbox 371 1601 616 1670; x_wconf 77' lang='grc' dir='ltr'>δύναμιν</span> <span class='ocrx_word' id='word_1_113' title='bbox 649 1602 1057 1671; x_wconf 74' lang='grc' dir='ltr'>ἐφαρμόζεσθαι</span> <span class='ocrx_word' id='word_1_114' title='bbox 1097 1603 1297 1673; x_wconf 84' lang='grc' dir='ltr'>πρέπει</span> <span class='ocrx_word' id='word_1_115' title='bbox 1345 1603 1421 1674; x_wconf 80' lang='grc' dir='ltr'><strong>τῷ</strong></span> <span class='ocrx_word' id='word_1_116' title='bbox 1468 1607 1547 1657; x_wconf 75' lang='grc' dir='ltr'>ἑνὶ</span> <span class='ocrx_word' id='word_1_117' title='bbox 1600 1605 1713 1674; x_wconf 84' lang='grc' dir='ltr'><strong>Υἱῷ</strong></span> 
     </span>
    </p>
   </div>
   <div class='ocr_carea' id='block_1_18' title="bbox 113 1693 1712 1765">
    <p class='ocr_par' dir='ltr' id='par_1_18' title="bbox 113 1693 1712 1765">
     <span class='ocr_line' id='line_1_18' title="bbox 113 1693 1712 1765; baseline 0.004 -21"><span class='ocrx_word' id='word_1_118' title='bbox 113 1697 172 1746; x_wconf 72' lang='grc' dir='ltr'><strong>τὰ</strong></span> <span class='ocrx_word' id='word_1_119' title='bbox 201 1694 540 1762; x_wconf 79' lang='grc' dir='ltr'>λεγόμενοι.)</span> <span class='ocrx_word' id='word_1_120' title='bbox 566 1693 639 1744; x_wconf 87' lang='grc' dir='ltr'>Τὸ</span> <span class='ocrx_word' id='word_1_121' title='bbox 671 1693 728 1745; x_wconf 81' lang='grc' dir='ltr'><strong>δὲ</strong></span> <span class='ocrx_word' id='word_1_122' title='bbox 770 1693 843 1763; x_wconf 83' lang='grc' dir='ltr'><strong>μὴ</strong></span> <span class='ocrx_word' id='word_1_123' title='bbox 877 1696 1020 1764; x_wconf 82' lang='grc' dir='ltr'>ὲρεῖν</span> <span class='ocrx_word' id='word_1_124' title='bbox 1051 1705 1088 1731; x_wconf 77' lang='grc' dir='ltr'>ιη</span> <span class='ocrx_word' id='word_1_125' title='bbox 1119 1697 1217 1759; x_wconf 87' lang='grc' dir='ltr'>τὰς</span> <span class='ocrx_word' id='word_1_126' title='bbox 1247 1698 1302 1748; x_wconf 84' lang='grc' dir='ltr'>ὲν</span> <span class='ocrx_word' id='word_1_127' title='bbox 1331 1701 1442 1760; x_wconf 83' lang='grc' dir='ltr'>τοῖς</span> <span class='ocrx_word' id='word_1_128' title='bbox 1464 1699 1712 1765; x_wconf 85' lang='grc' dir='ltr'>Εὑαγγε·</span> 
     </span>
    </p>
   </div>
   <div class='ocr_carea' id='block_1_19' title="bbox 115 1784 1715 1858">
    <p class='ocr_par' dir='ltr' id='par_1_19' title="bbox 115 1784 1715 1858">
     <span class='ocr_line' id='line_1_19' title="bbox 115 1784 1715 1858; baseline 0.005 -25"><span class='ocrx_word' id='word_1_129' title='bbox 115 1785 240 1847; x_wconf 77' lang='grc' dir='ltr'>λὶοις</span> <span class='ocrx_word' id='word_1_130' title='bbox 271 1784 500 1852; x_wconf 71' lang='grc' dir='ltr'>φωνὰς,</span> <span class='ocrx_word' id='word_1_131' title='bbox 534 1784 568 1854; x_wconf 86' lang='grc' dir='ltr'><strong>ἦ</strong></span> <span class='ocrx_word' id='word_1_132' title='bbox 597 1785 696 1846; x_wconf 76' lang='grc' dir='ltr'>τὰς</span> <span class='ocrx_word' id='word_1_133' title='bbox 730 1787 858 1854; x_wconf 83' lang='grc' dir='ltr'>παρ’</span> <span class='ocrx_word' id='word_1_134' title='bbox 889 1785 1051 1838; x_wconf 74' lang='grc' dir='ltr'>αὑτοῦ</span> <span class='ocrx_word' id='word_1_135' title='bbox 1081 1786 1172 1839; x_wconf 83' lang='grc' dir='ltr'>τοῦ</span> <span class='ocrx_word' id='word_1_136' title='bbox 1208 1787 1409 1856; x_wconf 77' lang='grc' dir='ltr'>Κυρίου</span> <span class='ocrx_word' id='word_1_137' title='bbox 1439 1788 1566 1858; x_wconf 70' lang='grc' dir='ltr'>περὶ</span> <span class='ocrx_word' id='word_1_138' title='bbox 1591 1789 1715 1841; x_wconf 80' lang='grc' dir='ltr'>ἐαυ-</span> 
     </span>
    </p>
   </div>
   <div class='ocr_carea' id='block_1_20' title="bbox 113 1875 1710 1948">
    <p class='ocr_par' dir='ltr' id='par_1_20' title="bbox 113 1875 1710 1948">
     <span class='ocr_line' id='line_1_20' title="bbox 113 1875 1710 1948; baseline 0.003 -21"><span class='ocrx_word' id='word_1_139' title='bbox 113 1877 195 1928; x_wconf 72' lang='grc' dir='ltr'>τοῦ</span> <span class='ocrx_word' id='word_1_140' title='bbox 225 1875 566 1947; x_wconf 75' lang='grc' dir='ltr'>εἰρημένας,</span> <span class='ocrx_word' id='word_1_141' title='bbox 596 1876 627 1946; x_wconf 79' lang='grc' dir='ltr'><strong>ἢ</strong></span> <span class='ocrx_word' id='word_1_142' title='bbox 657 1875 757 1939; x_wconf 79' lang='grc' dir='ltr'>τὰς</span> <span class='ocrx_word' id='word_1_143' title='bbox 800 1879 856 1929; x_wconf 83' lang='grc' dir='ltr'><strong>ἐν</strong></span> <span class='ocrx_word' id='word_1_144' title='bbox 886 1879 996 1940; x_wconf 85' lang='grc' dir='ltr'>τοῖς</span> <span class='ocrx_word' id='word_1_145' title='bbox 1024 1877 1398 1942; x_wconf 78' lang='grc' dir='ltr'>ἁποστολικοῖς</span> <span class='ocrx_word' id='word_1_146' title='bbox 1429 1880 1710 1948; x_wconf 72' lang='grc' dir='ltr'>συγγράμο</span> 
     </span>
    </p>
   </div>
   <div class='ocr_carea' id='block_1_21' title="bbox 114 1968 1710 2041">
    <p class='ocr_par' dir='ltr' id='par_1_21' title="bbox 114 1968 1710 2041">
     <span class='ocr_line' id='line_1_21' title="bbox 114 1968 1710 2041; baseline 0.003 -22"><span class='ocrx_word' id='word_1_147' title='bbox 114 1986 237 2036; x_wconf 68' lang='grc' dir='ltr'>μασι</span> <span class='ocrx_word' id='word_1_148' title='bbox 299 1970 607 2037; x_wconf 84' lang='grc' dir='ltr'>κειμένας,</span> <span class='ocrx_word' id='word_1_149' title='bbox 655 1968 816 2022; x_wconf 80' lang='grc' dir='ltr'>ποίαν</span> <span class='ocrx_word' id='word_1_150' title='bbox 864 1969 1167 2041; x_wconf 75' lang='grc' dir='ltr'>ὑπερϐολὴν</span> <span class='ocrx_word' id='word_1_151' title='bbox 1219 1971 1567 2041; x_wconf 76' lang='grc' dir='ltr'>βλασφημίας</span> <span class='ocrx_word' id='word_1_152' title='bbox 1612 1972 1710 2041; x_wconf 81' lang='grc' dir='ltr'>οὐχ</span> 
     </span>
    </p>
   </div>
   <div class='ocr_carea' id='block_1_22' title="bbox 112 2059 1712 2132">
    <p class='ocr_par' dir='ltr' id='par_1_22' title="bbox 112 2059 1712 2132">
     <span class='ocr_line' id='line_1_22' title="bbox 112 2059 1712 2132; baseline 0.003 -22"><span class='ocrx_word' id='word_1_153' title='bbox 112 2060 444 2129; x_wconf 75' lang='grc' dir='ltr'>ὑπεραίρει;</span> <span class='ocrx_word' id='word_1_154' title='bbox 504 2060 566 2110; x_wconf 85' lang='grc' dir='ltr'><strong>Εἰ</strong></span> <span class='ocrx_word' id='word_1_155' title='bbox 598 2059 704 2128; x_wconf 79' lang='grc' dir='ltr'>γὰρ</span> <span class='ocrx_word' id='word_1_156' title='bbox 745 2061 820 2128; x_wconf 82' lang='grc' dir='ltr'>μὴ</span> <span class='ocrx_word' id='word_1_157' title='bbox 860 2061 1176 2132; x_wconf 82' lang='grc' dir='ltr'>διαιροῦμεν</span> <span class='ocrx_word' id='word_1_158' title='bbox 1213 2064 1309 2126; x_wconf 83' lang='grc' dir='ltr'><strong>τὰς</strong></span> <span class='ocrx_word' id='word_1_159' title='bbox 1357 2063 1559 2132; x_wconf 85' lang='grc' dir='ltr'>φωνὰς,</span> <span class='ocrx_word' id='word_1_160' title='bbox 1594 2064 1712 2127; x_wconf 91' lang='grc' dir='ltr'><strong>πῶς</strong></span> 
     </span>
    </p>
   </div>
   <div class='ocr_carea' id='block_1_23' title="bbox 110 2152 1713 2226">
    <p class='ocr_par' dir='ltr' id='par_1_23' title="bbox 110 2152 1713 2226">
     <span class='ocr_line' id='line_1_23' title="bbox 110 2152 1713 2226; baseline 0.002 -21"><span class='ocrx_word' id='word_1_161' title='bbox 110 2154 169 2206; x_wconf 81' lang='grc' dir='ltr'><strong>ἂν</strong></span> <span class='ocrx_word' id='word_1_162' title='bbox 199 2152 651 2220; x_wconf 67' lang='grc' dir='ltr'>ἀντιϐλέψαιμεν</span> <span class='ocrx_word' id='word_1_163' title='bbox 680 2155 792 2214; x_wconf 81' lang='grc' dir='ltr'>τοῖς</span> <span class='ocrx_word' id='word_1_164' title='bbox 822 2154 1084 2222; x_wconf 80' lang='grc' dir='ltr'>Εὑνομὶου</span> <span class='ocrx_word' id='word_1_165' title='bbox 1135 2157 1229 2208; x_wconf 76' lang='grc' dir='ltr'><strong>καὶ</strong></span> <span class='ocrx_word' id='word_1_166' title='bbox 1262 2156 1497 2226; x_wconf 85' lang='grc' dir='ltr'>Ἀρείου,</span> <span class='ocrx_word' id='word_1_167' title='bbox 1537 2157 1713 2210; x_wconf 85' lang='grc' dir='ltr'>πάντα</span> 
     </span>
    </p>
   </div>
   <div class='ocr_carea' id='block_1_24' title="bbox 109 2241 1714 2316">
    <p class='ocr_par' dir='ltr' id='par_1_24' title="bbox 109 2241 1714 2316">
     <span class='ocr_line' id='line_1_24' title="bbox 109 2241 1714 2316; baseline 0.003 -20"><span class='ocrx_word' id='word_1_168' title='bbox 109 2245 176 2306; x_wconf 76' lang='grc' dir='ltr'>ὡς</span> <span class='ocrx_word' id='word_1_169' title='bbox 230 2245 318 2306; x_wconf 77' lang='grc' dir='ltr'><strong>εἰς</strong></span> <span class='ocrx_word' id='word_1_170' title='bbox 371 2243 512 2312; x_wconf 80' lang='grc' dir='ltr'>μίαν</span> <span class='ocrx_word' id='word_1_171' title='bbox 563 2241 726 2310; x_wconf 73' lang='grc' dir='ltr'>φύσιν</span> <span class='ocrx_word' id='word_1_172' title='bbox 772 2243 1040 2313; x_wconf 61' lang='grc' dir='ltr'>εξρτ,μένα</span> <span class='ocrx_word' id='word_1_173' title='bbox 1083 2246 1448 2316; x_wconf 69' lang='grc' dir='ltr'>συμφύρουσι,</span> <span class='ocrx_word' id='word_1_174' title='bbox 1500 2247 1593 2300; x_wconf 80' lang='grc' dir='ltr'>καὶ</span> <span class='ocrx_word' id='word_1_175' title='bbox 1644 2247 1714 2301; x_wconf 84' lang='grc' dir='ltr'>τὰ</span> 
     </span>
    </p>
   </div>
   <div class='ocr_carea' id='block_1_25' title="bbox 108 2334 1714 2408">
    <p class='ocr_par' dir='ltr' id='par_1_25' title="bbox 108 2334 1714 2408">
     <span class='ocr_line' id='line_1_25' title="bbox 108 2334 1714 2408; baseline 0.001 -21"><span class='ocrx_word' id='word_1_176' title='bbox 108 2336 344 2387; x_wconf 78' lang='grc' dir='ltr'>ταπεινὰ.</span> <span class='ocrx_word' id='word_1_177' title='bbox 392 2337 502 2403; x_wconf 80' lang='grc' dir='ltr'>τῆς</span> <span class='ocrx_word' id='word_1_178' title='bbox 545 2334 968 2406; x_wconf 81' lang='grc' dir='ltr'>ἀνθρωπότητος</span> <span class='ocrx_word' id='word_1_179' title='bbox 1014 2337 1092 2399; x_wconf 77' lang='grc' dir='ltr'>εἰς</span> <span class='ocrx_word' id='word_1_180' title='bbox 1120 2338 1218 2408; x_wconf 78' lang='grc' dir='ltr'><strong>τὴν</strong></span> <span class='ocrx_word' id='word_1_181' title='bbox 1248 2337 1588 2408; x_wconf 67' lang='grc' dir='ltr'>ὑψηλοτάτην</span> <span class='ocrx_word' id='word_1_182' title='bbox 1617 2339 1714 2407; x_wconf 84' lang='grc' dir='ltr'>τῆς</span> 
     </span>
    </p>
   </div>
   <div class='ocr_carea' id='block_1_26' title="bbox 108 2427 1712 2499">
    <p class='ocr_par' dir='ltr' id='par_1_26' title="bbox 108 2427 1712 2499">
     <span class='ocr_line' id='line_1_26' title="bbox 108 2427 1712 2499; baseline 0.002 -20"><span class='ocrx_word' id='word_1_183' title='bbox 108 2428 400 2496; x_wconf 72' lang='grc' dir='ltr'>ἀκηράτου</span> <span class='ocrx_word' id='word_1_184' title='bbox 471 2427 746 2495; x_wconf 77' lang='grc' dir='ltr'>Θεότητος</span> <span class='ocrx_word' id='word_1_185' title='bbox 782 2429 943 2496; x_wconf 74' lang='grc' dir='ltr'>φύσιν</span> <span class='ocrx_word' id='word_1_186' title='bbox 993 2428 1327 2499; x_wconf 73' lang='grc' dir='ltr'>βλασφήμως</span> <span class='ocrx_word' id='word_1_187' title='bbox 1383 2429 1712 2496; x_wconf 82' lang='grc' dir='ltr'>ἁνὰγουσιν;</span> 
     </span>
    </p>
   </div>
   <div class='ocr_carea' id='block_1_27' title="bbox 109 2518 1717 2590">
    <p class='ocr_par' dir='ltr' id='par_1_27' title="bbox 109 2518 1717 2590">
     <span class='ocr_line' id='line_1_27' title="bbox 109 2518 1717 2590; baseline 0.001 -18"><span class='ocrx_word' id='word_1_188' title='bbox 109 2523 175 2572; x_wconf 85' lang='grc'><strong>’11</strong></span> <span class='ocrx_word' id='word_1_189' title='bbox 202 2521 326 2581; x_wconf 83' lang='grc' dir='ltr'><strong>πῶς</strong></span> <span class='ocrx_word' id='word_1_190' title='bbox 358 2520 640 2587; x_wconf 82' lang='grc' dir='ltr'>νοὴσομεν</span> <span class='ocrx_word' id='word_1_191' title='bbox 668 2521 761 2579; x_wconf 79' lang='grc' dir='ltr'><strong>τὰς</strong></span> <span class='ocrx_word' id='word_1_192' title='bbox 797 2518 887 2569; x_wconf 75' lang='grc' dir='ltr'>τοῦ</span> <span class='ocrx_word' id='word_1_193' title='bbox 924 2520 1127 2588; x_wconf 80' lang='grc' dir='ltr'>Κυρίου</span> <span class='ocrx_word' id='word_1_194' title='bbox 1160 2520 1362 2588; x_wconf 70' lang='grc' dir='ltr'>φωνὰς,</span> <span class='ocrx_word' id='word_1_195' title='bbox 1387 2521 1472 2571; x_wconf 77' lang='grc' dir='ltr'><strong>διὰ</strong></span> <span class='ocrx_word' id='word_1_196' title='bbox 1494 2521 1590 2590; x_wconf 81' lang='grc' dir='ltr'>τὴν</span> <span class='ocrx_word' id='word_1_197' title='bbox 1619 2522 1717 2589; x_wconf 83' lang='grc' dir='ltr'><strong>τῆς</strong></span> 
     </span>
    </p>
   </div>
   <div class='ocr_carea' id='block_1_28' title="bbox 109 2605 1719 2679">
    <p class='ocr_par' dir='ltr' id='par_1_28' title="bbox 109 2605 1719 2679">
     <span class='ocr_line' id='line_1_28' title="bbox 109 2605 1719 2679; baseline 0.002 -19"><span class='ocrx_word' id='word_1_198' title='bbox 109 2608 460 2678; x_wconf 58' lang='grc' dir='ltr'>φαινομένης</span> <span class='ocrx_word' id='word_1_199' title='bbox 510 2607 713 2676; x_wconf 84' lang='grc' dir='ltr'>σαρκὸς</span> <span class='ocrx_word' id='word_1_200' title='bbox 748 2606 910 2674; x_wconf 72' lang='grc' dir='ltr'>φύσιν</span> <span class='ocrx_word' id='word_1_201' title='bbox 956 2608 1229 2670; x_wconf 71' lang='grc' dir='ltr'>εἰπόντος’</span> <span class='ocrx_word' id='word_1_202' title='bbox 1271 2629 1286 2658; x_wconf 81' lang='grc' dir='ltr'><strong>ι</strong></span> <span class='ocrx_word' id='word_1_203' title='bbox 1318 2610 1431 2661; x_wconf 69' lang='grc' dir='ltr'><strong>Οὐκ</strong></span> <span class='ocrx_word' id='word_1_204' title='bbox 1469 2605 1628 2679; x_wconf 80' lang='grc' dir='ltr'>ἦλθον</span> <span class='ocrx_word' id='word_1_205' title='bbox 1657 2612 1719 2663; x_wconf 83' lang='grc' dir='ltr'><strong>τὸ</strong></span> 
     </span>
    </p>
   </div>
   <div class='ocr_carea' id='block_1_29' title="bbox 109 2699 1718 2770">
    <p class='ocr_par' dir='ltr' id='par_1_29' title="bbox 109 2699 1718 2770">
     <span class='ocr_line' id='line_1_29' title="bbox 109 2699 1718 2770; baseline 0.001 -16"><span class='ocrx_word' id='word_1_206' title='bbox 109 2703 235 2770; x_wconf 82' lang='grc' dir='ltr'>ἐμὸν</span> <span class='ocrx_word' id='word_1_207' title='bbox 273 2702 509 2770; x_wconf 74' lang='grc' dir='ltr'>θέλημα</span> <span class='ocrx_word' id='word_1_208' title='bbox 529 2699 756 2768; x_wconf 84' lang='grc' dir='ltr'>ποιῆσαι</span> <span class='ocrx_word' id='word_1_209' title='bbox 787 2715 800 2761; x_wconf 89' lang='grc'><strong>;</strong></span> <span class='ocrx_word' id='word_1_210' title='bbox 828 2717 845 2748; x_wconf 73' lang='grc'><strong>1</strong></span> <span class='ocrx_word' id='word_1_211' title='bbox 878 2699 970 2750; x_wconf 79' lang='grc' dir='ltr'><strong>καὶ</strong></span> <span class='ocrx_word' id='word_1_212' title='bbox 1004 2699 1064 2750; x_wconf 89' lang='grc' dir='ltr'><strong>τὸ</strong></span> <span class='ocrx_word' id='word_1_213' title='bbox 1084 2740 1098 2763; x_wconf 95' lang='grc'><strong>,</strong></span> <span class='ocrx_word' id='word_1_214' title='bbox 1133 2719 1150 2749; x_wconf 78' lang='grc'><strong>1</strong></span> <span class='ocrx_word' id='word_1_215' title='bbox 1177 2700 1425 2770; x_wconf 81' lang='grc' dir='ltr'>Ἑντολὴν</span> <span class='ocrx_word' id='word_1_216' title='bbox 1452 2701 1644 2756; x_wconf 72' lang='grc' dir='ltr'>ἔλαϐον</span> <span class='ocrx_word' id='word_1_217' title='bbox 1667 2703 1718 2755; x_wconf 81' lang='grc' dir='ltr'>τί</span> 
     </span>
    </p>
   </div>
   <div class='ocr_carea' id='block_1_30' title="bbox 109 2790 1718 2863">
    <p class='ocr_par' dir='ltr' id='par_1_30' title="bbox 109 2790 1718 2863">
     <span class='ocr_line' id='line_1_30' title="bbox 109 2790 1718 2863; baseline 0.001 -18"><span class='ocrx_word' id='word_1_218' title='bbox 109 2796 264 2856; x_wconf 75' lang='grc' dir='ltr'>εἴπω,</span> <span class='ocrx_word' id='word_1_219' title='bbox 299 2793 404 2845; x_wconf 70' lang='grc' dir='ltr'>καὶ</span> <span class='ocrx_word' id='word_1_220' title='bbox 449 2790 506 2843; x_wconf 78' lang='grc' dir='ltr'>τί</span> <span class='ocrx_word' id='word_1_221' title='bbox 541 2791 802 2859; x_wconf 76' lang='grc' dir='ltr'>λαλήσω;</span> <span class='ocrx_word' id='word_1_222' title='bbox 841 2811 857 2841; x_wconf 75' lang='grc' dir='ltr'><strong>ι</strong></span> <span class='ocrx_word' id='word_1_223' title='bbox 897 2793 990 2844; x_wconf 74' lang='grc' dir='ltr'><strong>καὶ</strong></span> <span class='ocrx_word' id='word_1_224' title='bbox 1017 2790 1077 2843; x_wconf 85' lang='grc' dir='ltr'><strong>τὸ</strong></span> <span class='ocrx_word' id='word_1_225' title='bbox 1103 2831 1117 2853; x_wconf 96' lang='grc'><strong>,</strong></span> <span class='ocrx_word' id='word_1_226' title='bbox 1158 2810 1176 2843; x_wconf 72' lang='grc'><strong>1</strong></span> <span class='ocrx_word' id='word_1_227' title='bbox 1222 2791 1363 2860; x_wconf 82' lang='grc' dir='ltr'><strong>Ἐγὼ</strong></span> <span class='ocrx_word' id='word_1_228' title='bbox 1404 2792 1498 2845; x_wconf 79' lang='grc' dir='ltr'><strong>ἀπ’</strong></span> <span class='ocrx_word' id='word_1_229' title='bbox 1545 2796 1718 2863; x_wconf 80' lang='grc' dir='ltr'>ἐμαυ-</span> 
     </span>
    </p>
   </div>
   <div class='ocr_carea' id='block_1_31' title="bbox 109 2883 1721 2956">
    <p class='ocr_par' dir='ltr' id='par_1_31' title="bbox 109 2883 1721 2956">
     <span class='ocr_line' id='line_1_31' title="bbox 109 2883 1721 2956; baseline 0.002 -19"><span class='ocrx_word' id='word_1_230' title='bbox 109 2885 196 2937; x_wconf 78' lang='grc' dir='ltr'>τοῦ</span> <span class='ocrx_word' id='word_1_231' title='bbox 249 2886 420 2937; x_wconf 66' lang='grc' dir='ltr'>οὐδὲν</span> <span class='ocrx_word' id='word_1_232' title='bbox 473 2883 646 2946; x_wconf 89' lang='grc' dir='ltr'>ποιῶ;</span> <span class='ocrx_word' id='word_1_233' title='bbox 683 2903 700 2934; x_wconf 74' lang='grc' dir='ltr'><strong>ι</strong></span> <span class='ocrx_word' id='word_1_234' title='bbox 754 2885 847 2935; x_wconf 72' lang='grc' dir='ltr'><strong>καὶ</strong></span> <span class='ocrx_word' id='word_1_235' title='bbox 884 2885 979 2946; x_wconf 86' lang='grc' dir='ltr'><strong>τὸ,</strong></span> <span class='ocrx_word' id='word_1_236' title='bbox 1039 2885 1395 2954; x_wconf 75' lang='grc' dir='ltr'>«Πορεύομαι</span> <span class='ocrx_word' id='word_1_237' title='bbox 1445 2886 1582 2956; x_wconf 83' lang='grc' dir='ltr'>πρὸς</span> <span class='ocrx_word' id='word_1_238' title='bbox 1629 2887 1721 2940; x_wconf 87' lang='grc' dir='ltr'><strong>τὸν</strong></span> 
     </span>
    </p>
   </div>
   <div class='ocr_carea' id='block_1_32' title="bbox 111 2973 1721 3047">
    <p class='ocr_par' dir='ltr' id='par_1_32' title="bbox 111 2973 1721 3047">
     <span class='ocr_line' id='line_1_32' title="bbox 111 2973 1721 3047; baseline 0.002 -20"><span class='ocrx_word' id='word_1_239' title='bbox 111 2976 334 3042; x_wconf 84' lang='grc' dir='ltr'>Πατέρα</span> <span class='ocrx_word' id='word_1_240' title='bbox 369 2991 503 3042; x_wconf 81' lang='grc' dir='ltr'>μου,</span> <span class='ocrx_word' id='word_1_241' title='bbox 538 2975 631 3024; x_wconf 70' lang='grc' dir='ltr'><strong>καὶ</strong></span> <span class='ocrx_word' id='word_1_242' title='bbox 677 2973 898 3042; x_wconf 82' lang='grc' dir='ltr'>Πατέρα</span> <span class='ocrx_word' id='word_1_243' title='bbox 937 2974 1110 3042; x_wconf 84' lang='grc' dir='ltr'>ὑμῶν,</span> <span class='ocrx_word' id='word_1_244' title='bbox 1147 2977 1241 3028; x_wconf 76' lang='grc' dir='ltr'><strong>καὶ</strong></span> <span class='ocrx_word' id='word_1_245' title='bbox 1289 2976 1421 3029; x_wconf 82' lang='grc' dir='ltr'>Θεόν</span> <span class='ocrx_word' id='word_1_246' title='bbox 1458 2995 1579 3047; x_wconf 90' lang='grc' dir='ltr'>μου,</span> <span class='ocrx_word' id='word_1_247' title='bbox 1625 2981 1721 3032; x_wconf 72' lang='grc' dir='ltr'><strong>καὶ</strong></span> 
     </span>
    </p>
   </div>
   <div class='ocr_carea' id='block_1_33' title="bbox 111 3063 1722 3139">
    <p class='ocr_par' dir='ltr' id='par_1_33' title="bbox 111 3063 1722 3139">
     <span class='ocr_line' id='line_1_33' title="bbox 111 3063 1722 3139; baseline 0.002 -22"><span class='ocrx_word' id='word_1_248' title='bbox 111 3066 239 3117; x_wconf 74' lang='grc' dir='ltr'>Θεὸν</span> <span class='ocrx_word' id='word_1_249' title='bbox 268 3065 472 3134; x_wconf 79' lang='grc' dir='ltr'>ὑμῶν·</span> <span class='ocrx_word' id='word_1_250' title='bbox 511 3083 527 3114; x_wconf 77' lang='grc'><strong>1</strong></span> <span class='ocrx_word' id='word_1_251' title='bbox 562 3064 657 3116; x_wconf 71' lang='grc' dir='ltr'><strong>καὶ</strong></span> <span class='ocrx_word' id='word_1_252' title='bbox 690 3063 755 3115; x_wconf 77' lang='grc' dir='ltr'>τὰ</span> <span class='ocrx_word' id='word_1_253' title='bbox 779 3063 940 3114; x_wconf 75' lang='grc' dir='ltr'>λοιπὰ</span> <span class='ocrx_word' id='word_1_254' title='bbox 963 3065 1338 3129; x_wconf 53' lang='lat' dir='ltr'><strong>deamicitia;</strong></span> <span class='ocrx_word' id='word_1_255' title='bbox 1380 3067 1722 3139; x_wconf 83' lang='grc' dir='ltr'>Ἀδιαιρέτων</span> 
     </span>
    </p>
   </div>
   <div class='ocr_carea' id='block_1_34' title="bbox 112 3155 1722 3227">
    <p class='ocr_par' dir='ltr' id='par_1_34' title="bbox 112 3155 1722 3227">
     <span class='ocr_line' id='line_1_34' title="bbox 112 3155 1722 3227; baseline 0.001 -17"><span class='ocrx_word' id='word_1_256' title='bbox 112 3158 213 3210; x_wconf 80' lang='grc' dir='ltr'><strong>τῶν</strong></span> <span class='ocrx_word' id='word_1_257' title='bbox 251 3157 484 3226; x_wconf 73' lang='grc' dir='ltr'>φωνῶν,</span> <span class='ocrx_word' id='word_1_258' title='bbox 519 3155 709 3227; x_wconf 80' lang='grc' dir='ltr'>ὥσπερ</span> <span class='ocrx_word' id='word_1_259' title='bbox 733 3156 826 3209; x_wconf 71' lang='grc' dir='ltr'>καὶ</span> <span class='ocrx_word' id='word_1_260' title='bbox 851 3156 955 3208; x_wconf 85' lang='grc' dir='ltr'><strong>τῶν</strong></span> <span class='ocrx_word' id='word_1_261' title='bbox 982 3155 1216 3223; x_wconf 78' lang='grc' dir='ltr'>φύσεων,</span> <span class='ocrx_word' id='word_1_262' title='bbox 1249 3159 1545 3226; x_wconf 80' lang='grc' dir='ltr'>μενουσῶν,</span> <span class='ocrx_word' id='word_1_263' title='bbox 1571 3160 1722 3212; x_wconf 81' lang='grc' dir='ltr'>ἕσται</span> 
     </span>
    </p>
   </div>
   <div class='ocr_carea' id='block_1_35' title="bbox 117 3247 1722 3321">
    <p class='ocr_par' dir='ltr' id='par_1_35' title="bbox 117 3247 1722 3321">
     <span class='ocr_line' id='line_1_35' title="bbox 117 3247 1722 3321; baseline 0.004 -23"><span class='ocrx_word' id='word_1_264' title='bbox 117 3253 233 3301; x_wconf 80' lang='grc' dir='ltr'>κατ’</span> <span class='ocrx_word' id='word_1_265' title='bbox 272 3250 450 3301; x_wconf 68' lang='grc' dir='ltr'>αὑτὸν</span> <span class='ocrx_word' id='word_1_266' title='bbox 525 3247 619 3300; x_wconf 79' lang='grc' dir='ltr'>τοῦ</span> <span class='ocrx_word' id='word_1_267' title='bbox 687 3249 1008 3318; x_wconf 73' lang='grc' dir='ltr'>μονογενοῦς</span> <span class='ocrx_word' id='word_1_268' title='bbox 1045 3248 1178 3300; x_wconf 79' lang='grc' dir='ltr'>Θεοῦ</span> <span class='ocrx_word' id='word_1_269' title='bbox 1219 3247 1375 3314; x_wconf 86' lang='grc' dir='ltr'>Θεὸς,</span> <span class='ocrx_word' id='word_1_270' title='bbox 1417 3251 1445 3302; x_wconf 85' lang='grc' dir='ltr'>ὁ</span> <span class='ocrx_word' id='word_1_271' title='bbox 1494 3251 1722 3321; x_wconf 83' lang='grc' dir='ltr'>Πατήρ·</span> 
     </span>
    </p>
   </div>
   <div class='ocr_carea' id='block_1_36' title="bbox 116 3339 1725 3413">
    <p class='ocr_par' dir='ltr' id='par_1_36' title="bbox 116 3339 1725 3413">
     <span class='ocr_line' id='line_1_36' title="bbox 116 3339 1725 3413; baseline 0.004 -24"><span class='ocrx_word' id='word_1_272' title='bbox 116 3339 441 3410; x_wconf 77' lang='grc' dir='ltr'>λειτουργὸς</span> <span class='ocrx_word' id='word_1_273' title='bbox 491 3339 548 3391; x_wconf 83' lang='grc' dir='ltr'>δὲ</span> <span class='ocrx_word' id='word_1_274' title='bbox 607 3341 704 3391; x_wconf 75' lang='grc' dir='ltr'><strong>καὶ</strong></span> <span class='ocrx_word' id='word_1_275' title='bbox 761 3339 1004 3401; x_wconf 80' lang='grc' dir='ltr'>διάκονος</span> <span class='ocrx_word' id='word_1_276' title='bbox 1047 3339 1156 3392; x_wconf 89' lang='grc' dir='ltr'><strong>τῶν</strong></span> <span class='ocrx_word' id='word_1_277' title='bbox 1214 3339 1497 3412; x_wconf 84' lang='grc' dir='ltr'>πατρικῶν</span> <span class='ocrx_word' id='word_1_278' title='bbox 1556 3360 1725 3413; x_wconf 87' lang='grc' dir='ltr'>προσ-</span> 
     </span>
    </p>
   </div>
   <div class='ocr_carea' id='block_1_37' title="bbox 115 3429 1729 3500">
    <p class='ocr_par' dir='ltr' id='par_1_37' title="bbox 115 3429 1729 3500">
     <span class='ocr_line' id='line_1_37' title="bbox 115 3429 1729 3500; baseline 0.004 -20"><span class='ocrx_word' id='word_1_279' title='bbox 115 3431 445 3499; x_wconf 72' lang='grc' dir='ltr'>ταγμάτων,</span> <span class='ocrx_word' id='word_1_280' title='bbox 467 3431 497 3480; x_wconf 81' lang='grc' dir='ltr'>ὁ</span> <span class='ocrx_word' id='word_1_281' title='bbox 522 3429 648 3488; x_wconf 83' lang='grc' dir='ltr'>Υἱὸς</span> <span class='ocrx_word' id='word_1_282' title='bbox 666 3429 806 3480; x_wconf 76' lang='grc' dir='ltr'>κατὰ</span> <span class='ocrx_word' id='word_1_283' title='bbox 823 3431 919 3498; x_wconf 80' lang='grc' dir='ltr'><strong>τὴν</strong></span> <span class='ocrx_word' id='word_1_284' title='bbox 937 3430 1165 3500; x_wconf 77' lang='grc' dir='ltr'>θεότητα</span> <span class='ocrx_word' id='word_1_285' title='bbox 1183 3447 1196 3462; x_wconf 90' lang='grc'>·</span> <span class='ocrx_word' id='word_1_286' title='bbox 1223 3433 1318 3485; x_wconf 78' lang='grc' dir='ltr'>καὶ</span> <span class='ocrx_word' id='word_1_287' title='bbox 1341 3435 1387 3485; x_wconf 76' lang='grc' dir='ltr'>εἰ</span> <span class='ocrx_word' id='word_1_288' title='bbox 1410 3433 1476 3486; x_wconf 79' lang='grc' dir='ltr'><strong>τὰ</strong></span> <span class='ocrx_word' id='word_1_289' title='bbox 1499 3436 1729 3488; x_wconf 74' lang='grc' dir='ltr'>ταπεινὰ</span> 
     </span>
    </p>
   </div>
   <div class='ocr_carea' id='block_1_38' title="bbox 116 3517 1724 3590">
    <p class='ocr_par' dir='ltr' id='par_1_38' title="bbox 116 3517 1724 3590">
     <span class='ocr_line' id='line_1_38' title="bbox 116 3517 1724 3590; baseline 0.002 -18"><span class='ocrx_word' id='word_1_290' title='bbox 116 3523 189 3580; x_wconf 79' lang='grc' dir='ltr'>εἰς</span> <span class='ocrx_word' id='word_1_291' title='bbox 215 3523 320 3588; x_wconf 78' lang='grc' dir='ltr'><strong>τὴν</strong></span> <span class='ocrx_word' id='word_1_292' title='bbox 353 3523 463 3587; x_wconf 80' lang='grc' dir='ltr'><strong>τῆς</strong></span> <span class='ocrx_word' id='word_1_293' title='bbox 488 3517 742 3586; x_wconf 77' lang='grc' dir='ltr'>θεότητος</span> <span class='ocrx_word' id='word_1_294' title='bbox 772 3518 932 3586; x_wconf 75' lang='grc' dir='ltr'>φύσιν</span> <span class='ocrx_word' id='word_1_295' title='bbox 972 3520 1318 3590; x_wconf 72' lang='grc' dir='ltr'>ὲκλάῧοιμεν,</span> <span class='ocrx_word' id='word_1_296' title='bbox 1347 3522 1452 3576; x_wconf 82' lang='grc' dir='ltr'>τίνι</span> <span class='ocrx_word' id='word_1_297' title='bbox 1493 3524 1584 3576; x_wconf 67' lang='grc' dir='ltr'><strong>καὶ</strong></span> <span class='ocrx_word' id='word_1_298' title='bbox 1621 3524 1681 3575; x_wconf 85' lang='grc' dir='ltr'><strong>τὸ</strong></span> <span class='ocrx_word' id='word_1_299' title='bbox 1710 3565 1724 3589; x_wconf 94' lang='grc'><strong>,</strong></span> 
     </span>
    </p>
   </div>
   <div class='ocr_carea' id='block_1_39' title="bbox 126 3609 1726 3685">
    <p class='ocr_par' dir='ltr' id='par_1_39' title="bbox 126 3609 1726 3685">
     <span class='ocr_line' id='line_1_39' title="bbox 126 3609 1726 3685; baseline 0.005 -25"><span class='ocrx_word' id='word_1_300' title='bbox 126 3631 141 3660; x_wconf 71' lang='grc'><strong>1</strong></span> <span class='ocrx_word' id='word_1_301' title='bbox 164 3609 308 3679; x_wconf 82' lang='grc' dir='ltr'><strong>Ἐγὼ</strong></span> <span class='ocrx_word' id='word_1_302' title='bbox 353 3609 456 3662; x_wconf 70' lang='grc' dir='ltr'>καὶ</span> <span class='ocrx_word' id='word_1_303' title='bbox 489 3610 519 3661; x_wconf 82' lang='grc' dir='ltr'>ὁ</span> <span class='ocrx_word' id='word_1_304' title='bbox 548 3611 739 3680; x_wconf 78' lang='grc' dir='ltr'>Πατὴρ</span> <span class='ocrx_word' id='word_1_305' title='bbox 771 3610 828 3662; x_wconf 81' lang='grc' dir='ltr'>ἓν</span> <span class='ocrx_word' id='word_1_306' title='bbox 860 3613 1047 3680; x_wconf 84' lang='grc' dir='ltr'>ὲσμεν,</span> <span class='ocrx_word' id='word_1_307' title='bbox 1079 3630 1098 3662; x_wconf 74' lang='grc' dir='ltr'><strong>ι</strong></span> <span class='ocrx_word' id='word_1_308' title='bbox 1132 3613 1480 3685; x_wconf 83' lang='grc' dir='ltr'>ἁρμόσομεν;</span> <span class='ocrx_word' id='word_1_309' title='bbox 1524 3616 1617 3668; x_wconf 71' lang='grc' dir='ltr'><strong>καὶ</strong></span> <span class='ocrx_word' id='word_1_310' title='bbox 1647 3617 1726 3681; x_wconf 80' lang='grc' dir='ltr'><strong>τὸ,</strong></span> 
     </span>
    </p>
   </div>
   <div class='ocr_carea' id='block_1_40' title="bbox 118 3702 1728 3778">
    <p class='ocr_par' dir='ltr' id='par_1_40' title="bbox 118 3702 1728 3778">
     <span class='ocr_line' id='line_1_40' title="bbox 118 3702 1728 3778; baseline 0.003 -23"><span class='ocrx_word' id='word_1_311' title='bbox 118 3705 323 3773; x_wconf 73' lang='grc' dir='ltr'>ὁμοίως</span> <span class='ocrx_word' id='word_1_312' title='bbox 389 3702 556 3754; x_wconf 82' lang='grc' dir='ltr'>αὐτὸν</span> <span class='ocrx_word' id='word_1_313' title='bbox 615 3704 790 3755; x_wconf 81' lang='grc' dir='ltr'>ποιεῖν</span> <span class='ocrx_word' id='word_1_314' title='bbox 825 3702 903 3770; x_wconf 83' lang='grc' dir='ltr'>τῷ</span> <span class='ocrx_word' id='word_1_315' title='bbox 935 3703 1140 3773; x_wconf 70' lang='lat' dir='ltr'><strong>Ila-cpi;</strong></span> <span class='ocrx_word' id='word_1_316' title='bbox 1179 3705 1274 3758; x_wconf 74' lang='grc' dir='ltr'><strong>καὶ</strong></span> <span class='ocrx_word' id='word_1_317' title='bbox 1319 3707 1416 3772; x_wconf 86' lang='grc' dir='ltr'><strong>τὸ,</strong></span> <span class='ocrx_word' id='word_1_318' title='bbox 1477 3709 1728 3778; x_wconf 76' lang='grc' dir='ltr'>ι”Ωσπερ</span> 
     </span>
    </p>
   </div>
   <div class='ocr_carea' id='block_1_41' title="bbox 117 3794 1728 3866">
    <p class='ocr_par' dir='ltr' id='par_1_41' title="bbox 117 3794 1728 3866">
     <span class='ocr_line' id='line_1_41' title="bbox 117 3794 1728 3866; baseline 0.005 -20"><span class='ocrx_word' id='word_1_319' title='bbox 117 3796 224 3866; x_wconf 73' lang='grc' dir='ltr'><strong>γὰρ</strong></span> <span class='ocrx_word' id='word_1_320' title='bbox 263 3795 293 3845; x_wconf 83' lang='grc' dir='ltr'>ὁ</span> <span class='ocrx_word' id='word_1_321' title='bbox 338 3795 540 3862; x_wconf 84' lang='grc' dir='ltr'>Πατὴρ</span> <span class='ocrx_word' id='word_1_322' title='bbox 567 3794 773 3860; x_wconf 80' lang='grc' dir='ltr'>ἐγείρει</span> <span class='ocrx_word' id='word_1_323' title='bbox 805 3795 931 3856; x_wconf 82' lang='grc' dir='ltr'>τοὺς</span> <span class='ocrx_word' id='word_1_324' title='bbox 952 3797 1202 3866; x_wconf 77' lang='grc' dir='ltr'>νεκροὺς,</span> <span class='ocrx_word' id='word_1_325' title='bbox 1239 3796 1382 3851; x_wconf 77' lang='grc' dir='ltr'>οὕτω</span> <span class='ocrx_word' id='word_1_326' title='bbox 1414 3800 1506 3853; x_wconf 78' lang='grc' dir='ltr'>καὶ</span> <span class='ocrx_word' id='word_1_327' title='bbox 1537 3803 1563 3853; x_wconf 85' lang='grc' dir='ltr'>ὁ</span> <span class='ocrx_word' id='word_1_328' title='bbox 1601 3802 1728 3864; x_wconf 70' lang='grc' dir='ltr'>Υἱὸς</span> 
     </span>
    </p>
   </div>
   <div class='ocr_carea' id='block_1_42' title="bbox 115 3883 1721 3959">
    <p class='ocr_par' dir='ltr' id='par_1_42' title="bbox 115 3883 1721 3959">
     <span class='ocr_line' id='line_1_42' title="bbox 115 3883 1721 3959; baseline 0.006 -24"><span class='ocrx_word' id='word_1_329' title='bbox 115 3883 206 3946; x_wconf 76' lang='grc' dir='ltr'>οὓς</span> <span class='ocrx_word' id='word_1_330' title='bbox 259 3883 435 3946; x_wconf 85' lang='grc' dir='ltr'>θέλει,</span> <span class='ocrx_word' id='word_1_331' title='bbox 502 3886 598 3935; x_wconf 76' lang='grc' dir='ltr'><strong>καὶ</strong></span> <span class='ocrx_word' id='word_1_332' title='bbox 655 3884 751 3953; x_wconf 77' lang='grc' dir='ltr'><strong>οὐχ</strong></span> <span class='ocrx_word' id='word_1_333' title='bbox 796 3885 890 3948; x_wconf 80' lang='grc' dir='ltr'><strong>οὓς</strong></span> <span class='ocrx_word' id='word_1_334' title='bbox 921 3887 1340 3955; x_wconf 81' lang='grc' dir='ltr'>προστάσσεται,</span> <span class='ocrx_word' id='word_1_335' title='bbox 1397 3890 1721 3959; x_wconf 77' lang='grc' dir='ltr'>ζωοποιεῖ;ι</span> 
     </span>
    </p>
   </div>
   <div class='ocr_carea' id='block_1_43' title="bbox 127 3977 1726 4056">
    <p class='ocr_par' dir='ltr' id='par_1_43' title="bbox 127 3977 1726 4056">
     <span class='ocr_line' id='line_1_43' title="bbox 127 3977 1726 4056; baseline 0.005 -26"><span class='ocrx_word' id='word_1_336' title='bbox 127 3977 272 4030; x_wconf 78' lang='grc' dir='ltr'>Ἀλλ’</span> <span class='ocrx_word' id='word_1_337' title='bbox 306 3979 464 4030; x_wconf 74' lang='grc' dir='ltr'>ἔστιν</span> <span class='ocrx_word' id='word_1_338' title='bbox 490 3977 666 4045; x_wconf 83' lang='grc' dir='ltr'>ὀρθῶς</span> <span class='ocrx_word' id='word_1_339' title='bbox 698 3979 838 4031; x_wconf 79' lang='grc' dir='ltr'>κατὰ</span> <span class='ocrx_word' id='word_1_340' title='bbox 868 3979 963 4047; x_wconf 80' lang='grc' dir='ltr'><strong>τὴν</strong></span> <span class='ocrx_word' id='word_1_341' title='bbox 994 3980 1158 4034; x_wconf 76' lang='grc' dir='ltr'>αὐτοῦ</span> <span class='ocrx_word' id='word_1_342' title='bbox 1184 3981 1278 4034; x_wconf 80' lang='grc' dir='ltr'>τοῦ</span> <span class='ocrx_word' id='word_1_343' title='bbox 1305 3984 1513 4054; x_wconf 84' lang='grc' dir='ltr'>Κυρίου</span> <span class='ocrx_word' id='word_1_344' title='bbox 1543 3986 1726 4056; x_wconf 82' lang='grc' dir='ltr'>φωνὴν</span> 
     </span>
    </p>
   </div>
   <div class='ocr_carea' id='block_1_44' title="bbox 117 4068 1727 4141">
    <p class='ocr_par' dir='ltr' id='par_1_44' title="bbox 117 4068 1727 4141">
     <span class='ocr_line' id='line_1_44' title="bbox 117 4068 1727 4141; baseline 0.005 -20"><span class='ocrx_word' id='word_1_345' title='bbox 117 4069 339 4139; x_wconf 76' lang='grc' dir='ltr'>Πατὴρ,</span> <span class='ocrx_word' id='word_1_346' title='bbox 375 4069 475 4121; x_wconf 56' lang='grc' dir='ltr'><strong>καλ⁸</strong></span> <span class='ocrx_word' id='word_1_347' title='bbox 505 4068 659 4131; x_wconf 79' lang='grc' dir='ltr'>Θεὸς,</span> <span class='ocrx_word' id='word_1_348' title='bbox 698 4070 726 4120; x_wconf 88' lang='grc' dir='ltr'>ὁ</span> <span class='ocrx_word' id='word_1_349' title='bbox 758 4070 977 4139; x_wconf 79' lang='grc' dir='ltr'>Πατήρο</span> <span class='ocrx_word' id='word_1_350' title='bbox 1012 4071 1144 4134; x_wconf 80' lang='grc' dir='ltr'>Θεὸς</span> <span class='ocrx_word' id='word_1_351' title='bbox 1180 4074 1274 4141; x_wconf 78' lang='grc' dir='ltr'><strong>μὲν</strong></span> <span class='ocrx_word' id='word_1_352' title='bbox 1304 4074 1398 4126; x_wconf 79' lang='grc' dir='ltr'>τοῦ</span> <span class='ocrx_word' id='word_1_353' title='bbox 1429 4085 1453 4111; x_wconf 79' lang='grc' dir='ltr'><strong>η</strong></span> <span class='ocrx_word' id='word_1_354' title='bbox 1487 4077 1543 4127; x_wconf 84' lang='grc' dir='ltr'><strong>ἐν</strong></span> <span class='ocrx_word' id='word_1_355' title='bbox 1575 4077 1727 4128; x_wconf 80' lang='grc' dir='ltr'>ὑστέ-</span> 
     </span>
    </p>
   </div>
   <div class='ocr_carea' id='block_1_45' title="bbox 120 4158 1722 4232">
    <p class='ocr_par' dir='ltr' id='par_1_45' title="bbox 120 4158 1722 4232">
     <span class='ocr_line' id='line_1_45' title="bbox 120 4158 1722 4232; baseline 0.003 -20"><span class='ocrx_word' id='word_1_356' title='bbox 120 4179 235 4229; x_wconf 82' lang='grc' dir='ltr'>ροις</span> <span class='ocrx_word' id='word_1_357' title='bbox 283 4161 508 4228; x_wconf 81' lang='grc' dir='ltr'>καιροῖς</span> <span class='ocrx_word' id='word_1_358' title='bbox 554 4158 618 4209; x_wconf 79' lang='grc' dir='ltr'>ὲκ</span> <span class='ocrx_word' id='word_1_359' title='bbox 665 4158 979 4228; x_wconf 83' lang='grc' dir='ltr'>σπέρματος</span> <span class='ocrx_word' id='word_1_360' title='bbox 1015 4161 1178 4212; x_wconf 76' lang='grc' dir='ltr'><strong>Δαυῖδ</strong></span> <span class='ocrx_word' id='word_1_361' title='bbox 1231 4163 1370 4230; x_wconf 77' lang='grc' dir='ltr'>μετὰ</span> <span class='ocrx_word' id='word_1_362' title='bbox 1415 4165 1614 4232; x_wconf 86' lang='grc' dir='ltr'>σαρκὸς</span> <span class='ocrx_word' id='word_1_363' title='bbox 1666 4174 1722 4230; x_wconf 85' lang='grc' dir='ltr'><strong>ο,</strong></span> 
     </span>
    </p>
   </div>
   <div class='ocr_carea' id='block_1_46' title="bbox 118 4249 1728 4325">
    <p class='ocr_par' dir='ltr' id='par_1_46' title="bbox 118 4249 1728 4325">
     <span class='ocr_line' id='line_1_46' title="bbox 118 4249 1728 4325; baseline 0.002 -21"><span class='ocrx_word' id='word_1_364' title='bbox 118 4254 320 4322; x_wconf 74' lang='grc' dir='ltr'>Πατὴρ</span> <span class='ocrx_word' id='word_1_365' title='bbox 356 4252 417 4303; x_wconf 76' lang='grc' dir='ltr'><strong>δὲ</strong></span> <span class='ocrx_word' id='word_1_366' title='bbox 443 4249 539 4301; x_wconf 74' lang='grc' dir='ltr'>τοῦ</span> <span class='ocrx_word' id='word_1_367' title='bbox 569 4250 627 4314; x_wconf 80' lang='grc' dir='ltr'>ἐξ</span> <span class='ocrx_word' id='word_1_368' title='bbox 653 4249 816 4301; x_wconf 72' lang='grc' dir='ltr'>αὑτοῦ</span> <span class='ocrx_word' id='word_1_369' title='bbox 841 4249 1068 4313; x_wconf 80' lang='grc' dir='ltr'>ἀπαθῶς</span> <span class='ocrx_word' id='word_1_370' title='bbox 1095 4269 1154 4304; x_wconf 85' lang='grc' dir='ltr'><strong>τε</strong></span> <span class='ocrx_word' id='word_1_371' title='bbox 1187 4253 1281 4305; x_wconf 73' lang='grc' dir='ltr'><strong>καὶ</strong></span> <span class='ocrx_word' id='word_1_372' title='bbox 1308 4254 1493 4316; x_wconf 78' lang='grc' dir='ltr'>ἁϊδίως</span> <span class='ocrx_word' id='word_1_373' title='bbox 1536 4273 1728 4325; x_wconf 84' lang='grc' dir='ltr'>γεννη-</span> 
     </span>
    </p>
   </div>
   <div class='ocr_carea' id='block_1_47' title="bbox 118 4342 1726 4418">
    <p class='ocr_par' dir='ltr' id='par_1_47' title="bbox 118 4342 1726 4418">
     <span class='ocr_line' id='line_1_47' title="bbox 118 4342 1726 4418; baseline 0.005 -26"><span class='ocrx_word' id='word_1_374' title='bbox 118 4346 313 4408; x_wconf 74' lang='grc' dir='ltr'>θέντος</span> <span class='ocrx_word' id='word_1_375' title='bbox 364 4344 504 4395; x_wconf 75' lang='grc' dir='ltr'>Θεοῦ</span> <span class='ocrx_word' id='word_1_376' title='bbox 552 4343 753 4409; x_wconf 74' lang='grc' dir='ltr'>Λόγου,</span> <span class='ocrx_word' id='word_1_377' title='bbox 793 4342 892 4412; x_wconf 77' lang='grc' dir='ltr'><strong>τῆς</strong></span> <span class='ocrx_word' id='word_1_378' title='bbox 940 4344 1187 4414; x_wconf 78' lang='grc' dir='ltr'>υἱὸτητος</span> <span class='ocrx_word' id='word_1_379' title='bbox 1224 4345 1282 4397; x_wconf 85' lang='grc' dir='ltr'>ὲν</span> <span class='ocrx_word' id='word_1_380' title='bbox 1329 4345 1404 4415; x_wconf 83' lang='grc' dir='ltr'>τῷ</span> <span class='ocrx_word' id='word_1_381' title='bbox 1455 4348 1726 4418; x_wconf 78' lang='grc' dir='ltr'>μοναδικῷ</span> 
     </span>
    </p>
   </div>
   <div class='ocr_carea' id='block_1_48' title="bbox 117 4435 1724 4507">
    <p class='ocr_par' dir='ltr' id='par_1_48' title="bbox 117 4435 1724 4507">
     <span class='ocr_line' id='line_1_48' title="bbox 117 4435 1724 4507; baseline 0.002 -19"><span class='ocrx_word' id='word_1_382' title='bbox 117 4439 283 4507; x_wconf 58' lang='lat' dir='ltr'><strong>time</strong></span> <span class='ocrx_word' id='word_1_383' title='bbox 331 4435 752 4503; x_wconf 71' lang='grc' dir='ltr'>φυλαττομένης</span> <span class='ocrx_word' id='word_1_384' title='bbox 795 4451 853 4485; x_wconf 90' lang='grc' dir='ltr'><strong>τε</strong></span> <span class='ocrx_word' id='word_1_385' title='bbox 886 4436 978 4487; x_wconf 76' lang='grc' dir='ltr'><strong>καὶ</strong></span> <span class='ocrx_word' id='word_1_386' title='bbox 1005 4435 1466 4507; x_wconf 77' lang='grc' dir='ltr'>ὁμολογουμένης.</span> <span class='ocrx_word' id='word_1_387' title='bbox 1512 4440 1632 4501; x_wconf 85' lang='grc' dir='ltr'>Πῶς</span> <span class='ocrx_word' id='word_1_388' title='bbox 1681 4440 1724 4490; x_wconf 84' lang='grc' dir='ltr'><strong>δ’</strong></span> 
     </span>
    </p>
   </div>
   <div class='ocr_carea' id='block_1_49' title="bbox 1805 591 3373 669">
    <p class='ocr_par' dir='ltr' id='par_1_49' title="bbox 1805 591 3373 669">
     <span class='ocr_line' id='line_1_49' title="bbox 1805 591 3373 669; baseline 0.006 -22"><span class='ocrx_word' id='word_1_389' title='bbox 1805 591 1963 658; x_wconf 84' lang='lat' dir='ltr'><strong>Nam,</strong></span> <span class='ocrx_word' id='word_1_390' title='bbox 1994 598 2050 649; x_wconf 82' lang='lat' dir='ltr'><strong>ut</strong></span> <span class='ocrx_word' id='word_1_391' title='bbox 2071 599 2480 653; x_wconf 79' lang='lat' dir='ltr'><strong>ostenderemus</strong></span> <span class='ocrx_word' id='word_1_392' title='bbox 2513 612 2635 652; x_wconf 89' lang='lat' dir='ltr'><strong>cum</strong></span> <span class='ocrx_word' id='word_1_393' title='bbox 2664 599 2846 653; x_wconf 86' lang='lat' dir='ltr'><strong>dicere</strong></span> <span class='ocrx_word' id='word_1_394' title='bbox 2879 600 3010 652; x_wconf 89' lang='lat' dir='ltr'><strong>duas</strong></span> <span class='ocrx_word' id='word_1_395' title='bbox 3033 600 3373 669; x_wconf 79' lang='lat' dir='ltr'><strong>hypostases,</strong></span> 
     </span>
    </p>
   </div>
   <div class='ocr_carea' id='block_1_50' title="bbox 1806 687 3377 758">
    <p class='ocr_par' dir='ltr' id='par_1_50' title="bbox 1806 687 3377 758">
     <span class='ocr_line' id='line_1_50' title="bbox 1806 687 3377 758; baseline 0.004 -20"><span class='ocrx_word' id='word_1_396' title='bbox 1806 688 1860 739; x_wconf 85' lang='lat' dir='ltr'><strong>et</strong></span> <span class='ocrx_word' id='word_1_397' title='bbox 1894 687 1991 741; x_wconf 90' lang='lat' dir='ltr'><strong>sibi</strong></span> <span class='ocrx_word' id='word_1_398' title='bbox 2028 688 2128 757; x_wconf 89' lang='lat' dir='ltr'><strong>ipsi</strong></span> <span class='ocrx_word' id='word_1_399' title='bbox 2159 703 2280 744; x_wconf 89' lang='lat' dir='ltr'><strong>esse</strong></span> <span class='ocrx_word' id='word_1_400' title='bbox 2325 690 2680 754; x_wconf 89' lang='lat' dir='ltr'><strong>contrarium,</strong></span> <span class='ocrx_word' id='word_1_401' title='bbox 2731 689 3078 758; x_wconf 88' lang='lat' dir='ltr'><strong>apposuimus</strong></span> <span class='ocrx_word' id='word_1_402' title='bbox 3121 704 3207 754; x_wconf 90' lang='lat' dir='ltr'><strong>ea,</strong></span> <span class='ocrx_word' id='word_1_403' title='bbox 3258 704 3377 758; x_wconf 67' lang='lat' dir='ltr'><strong>quae</strong></span> 
     </span>
    </p>
   </div>
   <div class='ocr_carea' id='block_1_51' title="bbox 1809 777 3376 852">
    <p class='ocr_par' dir='ltr' id='par_1_51' title="bbox 1809 777 3376 852">
     <span class='ocr_line' id='line_1_51' title="bbox 1809 777 3376 852; baseline 0.002 -21"><span class='ocrx_word' id='word_1_404' title='bbox 1809 777 1934 831; x_wconf 90' lang='lat' dir='ltr'><strong>olim</strong></span> <span class='ocrx_word' id='word_1_405' title='bbox 1968 780 2036 833; x_wconf 91' lang='lat' dir='ltr'><strong>ab</strong></span> <span class='ocrx_word' id='word_1_406' title='bbox 2068 781 2184 848; x_wconf 92' lang='lat' dir='ltr'><strong>ipso</strong></span> <span class='ocrx_word' id='word_1_407' title='bbox 2213 782 2351 835; x_wconf 89' lang='lat' dir='ltr'><strong>dicta</strong></span> <span class='ocrx_word' id='word_1_408' title='bbox 2389 791 2538 836; x_wconf 89' lang='lat' dir='ltr'><strong>sunt.</strong></span> <span class='ocrx_word' id='word_1_409' title='bbox 2570 780 2853 852; x_wconf 84' lang='lat' dir='ltr'><strong>Tanquam</strong></span> <span class='ocrx_word' id='word_1_410' title='bbox 2881 798 3007 836; x_wconf 89' lang='lat' dir='ltr'><strong>vero</strong></span> <span class='ocrx_word' id='word_1_411' title='bbox 3029 783 3236 836; x_wconf 88' lang='lat' dir='ltr'><strong>duabus</strong></span> <span class='ocrx_word' id='word_1_412' title='bbox 3258 797 3376 850; x_wconf 88' lang='lat' dir='ltr'><strong>per-</strong></span> 
     </span>
    </p>
   </div>
   <div class='ocr_carea' id='block_1_52' title="bbox 1809 867 3379 937">
    <p class='ocr_par' dir='ltr' id='par_1_52' title="bbox 1809 867 3379 937">
     <span class='ocr_line' id='line_1_52' title="bbox 1809 867 3379 937; baseline 0.003 -19"><span class='ocrx_word' id='word_1_413' title='bbox 1809 867 1975 933; x_wconf 88' lang='lat' dir='ltr'><strong>sonis,</strong></span> <span class='ocrx_word' id='word_1_414' title='bbox 2013 870 2098 922; x_wconf 88' lang='lat' dir='ltr'><strong>vel</strong></span> <span class='ocrx_word' id='word_1_415' title='bbox 2133 871 2342 924; x_wconf 91' lang='lat' dir='ltr'><strong>duabus</strong></span> <span class='ocrx_word' id='word_1_416' title='bbox 2373 872 2712 936; x_wconf 87' lang='lat' dir='ltr'><strong>substantiis,</strong></span> <span class='ocrx_word' id='word_1_417' title='bbox 2749 871 2832 926; x_wconf 83' lang='lat' dir='ltr'><strong>vel</strong></span> <span class='ocrx_word' id='word_1_418' title='bbox 2878 872 3083 925; x_wconf 89' lang='lat' dir='ltr'><strong>duobus</strong></span> <span class='ocrx_word' id='word_1_419' title='bbox 3125 872 3269 937; x_wconf 90' lang='lat' dir='ltr'><strong>liliis,</strong></span> <span class='ocrx_word' id='word_1_420' title='bbox 3300 875 3379 924; x_wconf 84' lang='lat' dir='ltr'><strong>di-</strong></span> 
     </span>
    </p>
   </div>
   <div class='ocr_carea' id='block_1_53' title="bbox 1809 959 3381 1027">
    <p class='ocr_par' dir='ltr' id='par_1_53' title="bbox 1809 959 3381 1027">
     <span class='ocr_line' id='line_1_53' title="bbox 1809 959 3381 1027; baseline 0.003 -18"><span class='ocrx_word' id='word_1_421' title='bbox 1809 959 2037 1013; x_wconf 85' lang='lat' dir='ltr'><strong>videndo</strong></span> <span class='ocrx_word' id='word_1_422' title='bbox 2088 962 2411 1026; x_wconf 89' lang='lat' dir='ltr'><strong>nnitionem,</strong></span> <span class='ocrx_word' id='word_1_423' title='bbox 2446 963 2547 1017; x_wconf 90' lang='lat' dir='ltr'><strong>hoc</strong></span> <span class='ocrx_word' id='word_1_424' title='bbox 2608 972 2689 1016; x_wconf 90' lang='lat' dir='ltr'><strong>est</strong></span> <span class='ocrx_word' id='word_1_425' title='bbox 2748 977 2912 1016; x_wconf 90' lang='lat' dir='ltr'><strong>unum</strong></span> <span class='ocrx_word' id='word_1_426' title='bbox 2941 961 3161 1027; x_wconf 87' lang='lat' dir='ltr'><strong>Filium,</strong></span> <span class='ocrx_word' id='word_1_427' title='bbox 3218 976 3381 1015; x_wconf 79' lang='lat' dir='ltr'><strong>voees</strong></span> 
     </span>
    </p>
   </div>
   <div class='ocr_carea' id='block_1_54' title="bbox 1810 1052 3383 1122">
    <p class='ocr_par' dir='ltr' id='par_1_54' title="bbox 1810 1052 3383 1122">
     <span class='ocr_line' id='line_1_54' title="bbox 1810 1052 3383 1122; baseline 0.004 -24"><span class='ocrx_word' id='word_1_428' title='bbox 1810 1059 1992 1115; x_wconf 83' lang='lat' dir='ltr'><strong>aptare</strong></span> <span class='ocrx_word' id='word_1_429' title='bbox 2023 1065 2127 1103; x_wconf 91' lang='lat' dir='ltr'><strong>non</strong></span> <span class='ocrx_word' id='word_1_430' title='bbox 2164 1062 2380 1119; x_wconf 83' lang='lat' dir='ltr'><strong>oportet</strong></span> <span class='ocrx_word' id='word_1_431' title='bbox 2420 1067 2434 1105; x_wconf 90' lang='lat'><strong>:</strong></span> <span class='ocrx_word' id='word_1_432' title='bbox 2473 1052 2815 1106; x_wconf 88' lang='lat' dir='ltr'><strong>indivisibilis</strong></span> <span class='ocrx_word' id='word_1_433' title='bbox 2844 1052 2986 1105; x_wconf 90' lang='lat' dir='ltr'><strong>enim</strong></span> <span class='ocrx_word' id='word_1_434' title='bbox 3022 1061 3076 1105; x_wconf 89' lang='lat' dir='ltr'><strong>et</strong></span> <span class='ocrx_word' id='word_1_435' title='bbox 3106 1053 3383 1122; x_wconf 86' lang='lat' dir='ltr'><strong>insepara-</strong></span> 
     </span>
    </p>
   </div>
   <div class='ocr_carea' id='block_1_55' title="bbox 1810 1140 3384 1207">
    <p class='ocr_par' dir='ltr' id='par_1_55' title="bbox 1810 1140 3384 1207">
     <span class='ocr_line' id='line_1_55' title="bbox 1810 1140 3384 1207; baseline 0.001 -15"><span class='ocrx_word' id='word_1_436' title='bbox 1810 1140 1932 1193; x_wconf 85' lang='lat' dir='ltr'><strong>bilis</strong></span> <span class='ocrx_word' id='word_1_437' title='bbox 1965 1152 2045 1196; x_wconf 86' lang='lat' dir='ltr'><strong>est</strong></span> <span class='ocrx_word' id='word_1_438' title='bbox 2078 1158 2281 1195; x_wconf 88' lang='lat' dir='ltr'><strong>summa</strong></span> <span class='ocrx_word' id='word_1_439' title='bbox 2312 1144 2518 1207; x_wconf 87' lang='lat' dir='ltr'><strong>nnitio;</strong></span> <span class='ocrx_word' id='word_1_440' title='bbox 2548 1157 2600 1196; x_wconf 87' lang='lat' dir='ltr'><strong>et</strong></span> <span class='ocrx_word' id='word_1_441' title='bbox 2625 1157 2764 1197; x_wconf 92' lang='lat' dir='ltr'><strong>unus</strong></span> <span class='ocrx_word' id='word_1_442' title='bbox 2795 1142 2964 1197; x_wconf 88' lang='lat' dir='ltr'><strong>Filius</strong></span> <span class='ocrx_word' id='word_1_443' title='bbox 2997 1143 3246 1197; x_wconf 91' lang='lat' dir='ltr'><strong>omnibus</strong></span> <span class='ocrx_word' id='word_1_444' title='bbox 3273 1158 3384 1194; x_wconf 78' lang='lat' dir='ltr'><strong>nio-</strong></span> 
     </span>
    </p>
   </div>
   <div class='ocr_carea' id='block_1_56' title="bbox 1812 1234 3382 1306">
    <p class='ocr_par' dir='ltr' id='par_1_56' title="bbox 1812 1234 3382 1306">
     <span class='ocr_line' id='line_1_56' title="bbox 1812 1234 3382 1306; baseline 0.003 -22"><span class='ocrx_word' id='word_1_445' title='bbox 1812 1234 1892 1285; x_wconf 90' lang='lat' dir='ltr'><strong>dis</strong></span> <span class='ocrx_word' id='word_1_446' title='bbox 1922 1246 1976 1286; x_wconf 90' lang='lat' dir='ltr'><strong>et</strong></span> <span class='ocrx_word' id='word_1_447' title='bbox 2002 1234 2297 1290; x_wconf 86' lang='lat' dir='ltr'><strong>rationibus</strong></span> <span class='ocrx_word' id='word_1_448' title='bbox 2325 1245 2379 1289; x_wconf 89' lang='lat' dir='ltr'><strong>et</strong></span> <span class='ocrx_word' id='word_1_449' title='bbox 2415 1235 2833 1306; x_wconf 77' lang='lat' dir='ltr'><strong>cogitationibus</strong></span> <span class='ocrx_word' id='word_1_450' title='bbox 2859 1245 2938 1290; x_wconf 89' lang='lat' dir='ltr'><strong>est</strong></span> <span class='ocrx_word' id='word_1_451' title='bbox 2989 1253 3002 1289; x_wconf 88' lang='lat'><strong>:</strong></span> <span class='ocrx_word' id='word_1_452' title='bbox 3036 1237 3128 1291; x_wconf 89' lang='lat' dir='ltr'><strong>sed</strong></span> <span class='ocrx_word' id='word_1_453' title='bbox 3173 1251 3382 1289; x_wconf 86' lang='lat' dir='ltr'><strong>summa</strong></span> 
     </span>
    </p>
   </div>
   <div class='ocr_carea' id='block_1_57' title="bbox 1812 1325 3388 1393">
    <p class='ocr_par' dir='ltr' id='par_1_57' title="bbox 1812 1325 3388 1393">
     <span class='ocr_line' id='line_1_57' title="bbox 1812 1325 3388 1393; baseline 0 -16"><span class='ocrx_word' id='word_1_454' title='bbox 1812 1325 2052 1380; x_wconf 89' lang='lat' dir='ltr'><strong>unitione</strong></span> <span class='ocrx_word' id='word_1_455' title='bbox 2081 1336 2314 1393; x_wconf 82' lang='lat' dir='ltr'><strong>servata,</strong></span> <span class='ocrx_word' id='word_1_456' title='bbox 2334 1337 2386 1381; x_wconf 92' lang='lat' dir='ltr'><strong>et</strong></span> <span class='ocrx_word' id='word_1_457' title='bbox 2405 1327 2712 1383; x_wconf 77' lang='lat' dir='ltr'><strong>confitendo</strong></span> <span class='ocrx_word' id='word_1_458' title='bbox 2737 1343 2898 1381; x_wconf 90' lang='lat' dir='ltr'><strong>unum</strong></span> <span class='ocrx_word' id='word_1_459' title='bbox 2918 1327 3108 1381; x_wconf 84' lang='lat' dir='ltr'><strong>Filium</strong></span> <span class='ocrx_word' id='word_1_460' title='bbox 3149 1336 3196 1382; x_wconf 90' lang='lat' dir='ltr'><strong>el</strong></span> <span class='ocrx_word' id='word_1_461' title='bbox 3228 1327 3388 1380; x_wconf 86' lang='lat' dir='ltr'><strong>Chri-</strong></span> 
     </span>
    </p>
   </div>
   <div class='ocr_carea' id='block_1_58' title="bbox 1813 1417 3385 1485">
    <p class='ocr_par' dir='ltr' id='par_1_58' title="bbox 1813 1417 3385 1485">
     <span class='ocr_line' id='line_1_58' title="bbox 1813 1417 3385 1485; baseline 0 -15"><span class='ocrx_word' id='word_1_462' title='bbox 1813 1425 1952 1470; x_wconf 89' lang='lat' dir='ltr'><strong>stum</strong></span> <span class='ocrx_word' id='word_1_463' title='bbox 1975 1427 2028 1472; x_wconf 89' lang='lat' dir='ltr'><strong>et</strong></span> <span class='ocrx_word' id='word_1_464' title='bbox 2052 1418 2360 1481; x_wconf 89' lang='lat' dir='ltr'><strong>Dominum,</strong></span> <span class='ocrx_word' id='word_1_465' title='bbox 2387 1419 2452 1473; x_wconf 91' lang='lat' dir='ltr'><strong>de</strong></span> <span class='ocrx_word' id='word_1_466' title='bbox 2478 1435 2583 1473; x_wconf 90' lang='lat' dir='ltr'><strong>uno</strong></span> <span class='ocrx_word' id='word_1_467' title='bbox 2609 1427 2664 1473; x_wconf 92' lang='lat' dir='ltr'><strong>et</strong></span> <span class='ocrx_word' id='word_1_468' title='bbox 2685 1421 2874 1472; x_wconf 90' lang='lat' dir='ltr'><strong>eodem</strong></span> <span class='ocrx_word' id='word_1_469' title='bbox 2911 1417 3049 1472; x_wconf 92' lang='lat' dir='ltr'><strong>Filio</strong></span> <span class='ocrx_word' id='word_1_470' title='bbox 3074 1418 3385 1485; x_wconf 87' lang='lat' dir='ltr'><strong>accipienda</strong></span> 
     </span>
    </p>
   </div>
   <div class='ocr_carea' id='block_1_59' title="bbox 1813 1511 3389 1580">
    <p class='ocr_par' dir='ltr' id='par_1_59' title="bbox 1813 1511 3389 1580">
     <span class='ocr_line' id='line_1_59' title="bbox 1813 1511 3389 1580; baseline -0.002 -18"><span class='ocrx_word' id='word_1_471' title='bbox 1813 1520 1939 1563; x_wconf 88' lang='lat' dir='ltr'><strong>sunt</strong></span> <span class='ocrx_word' id='word_1_472' title='bbox 1979 1525 2098 1579; x_wconf 76' lang='lat' dir='ltr'><strong>qua:</strong></span> <span class='ocrx_word' id='word_1_473' title='bbox 2133 1512 2385 1565; x_wconf 88' lang='lat' dir='ltr'><strong>dicuntur</strong></span> <span class='ocrx_word' id='word_1_474' title='bbox 2417 1529 2431 1564; x_wconf 90' lang='lat'><strong>:</strong></span> <span class='ocrx_word' id='word_1_475' title='bbox 2467 1519 2707 1564; x_wconf 88' lang='lat' dir='ltr'><strong>attamen</strong></span> <span class='ocrx_word' id='word_1_476' title='bbox 2741 1511 2891 1580; x_wconf 84' lang='lat' dir='ltr'><strong>juxta</strong></span> <span class='ocrx_word' id='word_1_477' title='bbox 2929 1511 3184 1563; x_wconf 80' lang='lat' dir='ltr'><strong>virtutem</strong></span> <span class='ocrx_word' id='word_1_478' title='bbox 3233 1521 3389 1562; x_wconf 84' lang='lat' dir='ltr'><strong>natu-</strong></span> 
     </span>
    </p>
   </div>
   <div class='ocr_carea' id='block_1_60' title="bbox 1815 1600 3390 1669">
    <p class='ocr_par' dir='ltr' id='par_1_60' title="bbox 1815 1600 3390 1669">
     <span class='ocr_line' id='line_1_60' title="bbox 1815 1600 3390 1669; baseline -0.001 -16"><span class='ocrx_word' id='word_1_479' title='bbox 1815 1614 1996 1654; x_wconf 84' lang='lat' dir='ltr'><strong>rarum</strong></span> <span class='ocrx_word' id='word_1_480' title='bbox 2038 1602 2310 1654; x_wconf 91' lang='lat' dir='ltr'><strong>unitarum</strong></span> <span class='ocrx_word' id='word_1_481' title='bbox 2357 1603 2615 1669; x_wconf 89' lang='lat' dir='ltr'><strong>adaplare</strong></span> <span class='ocrx_word' id='word_1_482' title='bbox 2651 1601 2905 1655; x_wconf 86' lang='lat' dir='ltr'><strong>convenit</strong></span> <span class='ocrx_word' id='word_1_483' title='bbox 2949 1601 3039 1654; x_wconf 87' lang='lat' dir='ltr'><strong>uni</strong></span> <span class='ocrx_word' id='word_1_484' title='bbox 3089 1600 3226 1655; x_wconf 84' lang='lat' dir='ltr'><strong>Filio</strong></span> <span class='ocrx_word' id='word_1_485' title='bbox 3270 1615 3390 1668; x_wconf 71' lang='lat' dir='ltr'><strong>quae</strong></span> 
     </span>
    </p>
   </div>
   <div class='ocr_carea' id='block_1_61' title="bbox 1815 1692 3390 1764">
    <p class='ocr_par' dir='ltr' id='par_1_61' title="bbox 1815 1692 3390 1764">
     <span class='ocr_line' id='line_1_61' title="bbox 1815 1692 3390 1764; baseline -0.001 -18"><span class='ocrx_word' id='word_1_486' title='bbox 1815 1692 2128 1764; x_wconf 90' lang='lat' dir='ltr'><strong>dicuntur.)</strong></span> <span class='ocrx_word' id='word_1_487' title='bbox 2159 1692 2430 1748; x_wconf 68' lang='lat' dir='ltr'><strong>Caeterum</strong></span> <span class='ocrx_word' id='word_1_488' title='bbox 2464 1710 2567 1747; x_wconf 92' lang='lat' dir='ltr'><strong>non</strong></span> <span class='ocrx_word' id='word_1_489' title='bbox 2601 1709 2858 1761; x_wconf 84' lang='lat' dir='ltr'><strong>separare</strong></span> <span class='ocrx_word' id='word_1_490' title='bbox 2919 1708 3079 1747; x_wconf 85' lang='lat' dir='ltr'><strong>voces</strong></span> <span class='ocrx_word' id='word_1_491' title='bbox 3115 1708 3234 1761; x_wconf 66' lang='lat' dir='ltr'><strong>qua:</strong></span> <span class='ocrx_word' id='word_1_492' title='bbox 3265 1703 3390 1746; x_wconf 87' lang='lat' dir='ltr'><strong>sunt</strong></span> 
     </span>
    </p>
   </div>
   <div class='ocr_carea' id='block_1_62' title="bbox 1817 1781 3389 1852">
    <p class='ocr_par' dir='ltr' id='par_1_62' title="bbox 1817 1781 3389 1852">
     <span class='ocr_line' id='line_1_62' title="bbox 1817 1781 3389 1852; baseline -0.001 -17"><span class='ocrx_word' id='word_1_493' title='bbox 1817 1781 1869 1835; x_wconf 91' lang='lat' dir='ltr'><strong>in</strong></span> <span class='ocrx_word' id='word_1_494' title='bbox 1906 1782 2234 1851; x_wconf 80' lang='lat' dir='ltr'><strong>Evangeliis,</strong></span> <span class='ocrx_word' id='word_1_495' title='bbox 2266 1798 2400 1850; x_wconf 88' lang='lat' dir='ltr'><strong>quas</strong></span> <span class='ocrx_word' id='word_1_496' title='bbox 2434 1782 2516 1837; x_wconf 89' lang='lat' dir='ltr'><strong>vel</strong></span> <span class='ocrx_word' id='word_1_497' title='bbox 2557 1784 2671 1852; x_wconf 90' lang='lat' dir='ltr'><strong>ipse</strong></span> <span class='ocrx_word' id='word_1_498' title='bbox 2696 1783 2956 1836; x_wconf 89' lang='lat' dir='ltr'><strong>Dominus</strong></span> <span class='ocrx_word' id='word_1_499' title='bbox 2988 1784 3054 1835; x_wconf 90' lang='lat' dir='ltr'><strong>de</strong></span> <span class='ocrx_word' id='word_1_500' title='bbox 3081 1797 3140 1835; x_wconf 90' lang='lat' dir='ltr'><strong>se</strong></span> <span class='ocrx_word' id='word_1_501' title='bbox 3180 1781 3389 1836; x_wconf 83' lang='lat' dir='ltr'><strong>locutus</strong></span> 
     </span>
    </p>
   </div>
   <div class='ocr_carea' id='block_1_63' title="bbox 1816 1871 3394 1942">
    <p class='ocr_par' dir='ltr' id='par_1_63' title="bbox 1816 1871 3394 1942">
     <span class='ocr_line' id='line_1_63' title="bbox 1816 1871 3394 1942; baseline 0.001 -16"><span class='ocrx_word' id='word_1_502' title='bbox 1816 1880 1922 1937; x_wconf 89' lang='lat' dir='ltr'><strong>est,</strong></span> <span class='ocrx_word' id='word_1_503' title='bbox 1967 1871 2051 1926; x_wconf 87' lang='lat' dir='ltr'><strong>vel</strong></span> <span class='ocrx_word' id='word_1_504' title='bbox 2085 1873 2380 1942; x_wconf 88' lang='lat' dir='ltr'><strong>apostolica</strong></span> <span class='ocrx_word' id='word_1_505' title='bbox 2411 1873 2612 1941; x_wconf 88' lang='lat' dir='ltr'><strong>scripta</strong></span> <span class='ocrx_word' id='word_1_506' title='bbox 2659 1873 2881 1938; x_wconf 81' lang='lat' dir='ltr'><strong>habent,</strong></span> <span class='ocrx_word' id='word_1_507' title='bbox 2922 1887 3080 1942; x_wconf 90' lang='lat' dir='ltr'><strong>quam</strong></span> <span class='ocrx_word' id='word_1_508' title='bbox 3123 1874 3394 1942; x_wconf 83' lang='lat' dir='ltr'><strong>hyperbo-</strong></span> 
     </span>
    </p>
   </div>
   <div class='ocr_carea' id='block_1_64' title="bbox 1817 1963 3390 2032">
    <p class='ocr_par' dir='ltr' id='par_1_64' title="bbox 1817 1963 3390 2032">
     <span class='ocr_line' id='line_1_64' title="bbox 1817 1963 3390 2032; baseline 0.001 -16"><span class='ocrx_word' id='word_1_509' title='bbox 1817 1963 1902 2017; x_wconf 89' lang='lat' dir='ltr'><strong>len</strong></span> <span class='ocrx_word' id='word_1_510' title='bbox 1930 1963 2278 2032; x_wconf 76' lang='lat' dir='ltr'><strong>blasphemia:</strong></span> <span class='ocrx_word' id='word_1_511' title='bbox 2309 1979 2414 2019; x_wconf 92' lang='lat' dir='ltr'><strong>non</strong></span> <span class='ocrx_word' id='word_1_512' title='bbox 2448 1965 2824 2019; x_wconf 89' lang='lat' dir='ltr'><strong>transcendit?</strong></span> <span class='ocrx_word' id='word_1_513' title='bbox 2854 1963 2984 2018; x_wconf 82' lang='lat' dir='ltr'><strong>Nam</strong></span> <span class='ocrx_word' id='word_1_514' title='bbox 3017 1965 3060 2019; x_wconf 90' lang='lat' dir='ltr'><strong>si</strong></span> <span class='ocrx_word' id='word_1_515' title='bbox 3086 1979 3249 2019; x_wconf 89' lang='lat' dir='ltr'><strong>voces</strong></span> <span class='ocrx_word' id='word_1_516' title='bbox 3285 1981 3390 2017; x_wconf 83' lang='lat' dir='ltr'><strong>non</strong></span> 
     </span>
    </p>
   </div>
   <div class='ocr_carea' id='block_1_65' title="bbox 1820 2055 3392 2126">
    <p class='ocr_par' dir='ltr' id='par_1_65' title="bbox 1820 2055 3392 2126">
     <span class='ocr_line' id='line_1_65' title="bbox 1820 2055 3392 2126; baseline 0 -17"><span class='ocrx_word' id='word_1_517' title='bbox 1820 2055 2218 2121; x_wconf 76' lang='lat' dir='ltr'><strong>diStingniinus,</strong></span> <span class='ocrx_word' id='word_1_518' title='bbox 2244 2057 2515 2126; x_wconf 90' lang='lat' dir='ltr'><strong>quomodo</strong></span> <span class='ocrx_word' id='word_1_519' title='bbox 2541 2058 2868 2113; x_wconf 89' lang='lat' dir='ltr'><strong>obsistemus</strong></span> <span class='ocrx_word' id='word_1_520' title='bbox 2883 2057 3014 2112; x_wconf 82' lang='lat' dir='ltr'><strong>Ario</strong></span> <span class='ocrx_word' id='word_1_521' title='bbox 3036 2065 3091 2111; x_wconf 83' lang='lat' dir='ltr'><strong>et</strong></span> <span class='ocrx_word' id='word_1_522' title='bbox 3108 2057 3392 2122; x_wconf 82' lang='lat' dir='ltr'><strong>Eunomia,</strong></span> 
     </span>
    </p>
   </div>
   <div class='ocr_carea' id='block_1_66' title="bbox 1820 2148 3394 2217">
    <p class='ocr_par' dir='ltr' id='par_1_66' title="bbox 1820 2148 3394 2217">
     <span class='ocr_line' id='line_1_66' title="bbox 1820 2148 3394 2217; baseline 0.003 -18"><span class='ocrx_word' id='word_1_523' title='bbox 1820 2148 1999 2199; x_wconf 87' lang='lat' dir='ltr'><strong>omnia</strong></span> <span class='ocrx_word' id='word_1_524' title='bbox 2033 2156 2286 2217; x_wconf 88' lang='lat' dir='ltr'><strong>tanquam</strong></span> <span class='ocrx_word' id='word_1_525' title='bbox 2336 2150 2390 2203; x_wconf 91' lang='lat' dir='ltr'><strong>in</strong></span> <span class='ocrx_word' id='word_1_526' title='bbox 2419 2164 2581 2204; x_wconf 91' lang='lat' dir='ltr'><strong>unam</strong></span> <span class='ocrx_word' id='word_1_527' title='bbox 2610 2157 2856 2204; x_wconf 90' lang='lat' dir='ltr'><strong>naturam</strong></span> <span class='ocrx_word' id='word_1_528' title='bbox 2883 2150 3027 2204; x_wconf 88' lang='lat' dir='ltr'><strong>dicta</strong></span> <span class='ocrx_word' id='word_1_529' title='bbox 3053 2150 3394 2205; x_wconf 80' lang='lat' dir='ltr'><strong>confunden-</strong></span> 
     </span>
    </p>
   </div>
   <div class='ocr_carea' id='block_1_67' title="bbox 1823 2238 3395 2303">
    <p class='ocr_par' dir='ltr' id='par_1_67' title="bbox 1823 2238 3395 2303">
     <span class='ocr_line' id='line_1_67' title="bbox 1823 2238 3395 2303; baseline 0.003 -13"><span class='ocrx_word' id='word_1_530' title='bbox 1823 2238 1988 2303; x_wconf 89' lang='lat' dir='ltr'><strong>tibus,</strong></span> <span class='ocrx_word' id='word_1_531' title='bbox 2021 2246 2076 2292; x_wconf 89' lang='lat' dir='ltr'><strong>et</strong></span> <span class='ocrx_word' id='word_1_532' title='bbox 2109 2238 2329 2294; x_wconf 87' lang='lat' dir='ltr'><strong>humilia</strong></span> <span class='ocrx_word' id='word_1_533' title='bbox 2362 2239 2719 2296; x_wconf 88' lang='lat' dir='ltr'><strong>humanitatis</strong></span> <span class='ocrx_word' id='word_1_534' title='bbox 2746 2239 2806 2295; x_wconf 88' lang='lat' dir='ltr'><strong>in</strong></span> <span class='ocrx_word' id='word_1_535' title='bbox 2838 2254 3106 2296; x_wconf 88' lang='lat' dir='ltr'><strong>summam</strong></span> <span class='ocrx_word' id='word_1_536' title='bbox 3146 2241 3395 2295; x_wconf 87' lang='lat' dir='ltr'><strong>incorru-</strong></span> 
     </span>
    </p>
   </div>
   <div class='ocr_carea' id='block_1_68' title="bbox 1823 2329 3399 2400">
    <p class='ocr_par' dir='ltr' id='par_1_68' title="bbox 1823 2329 3399 2400">
     <span class='ocr_line' id='line_1_68' title="bbox 1823 2329 3399 2400; baseline 0.006 -21"><span class='ocrx_word' id='word_1_537' title='bbox 1823 2329 2028 2397; x_wconf 80' lang='lat' dir='ltr'><strong>ptibilis</strong></span> <span class='ocrx_word' id='word_1_538' title='bbox 2062 2330 2280 2386; x_wconf 89' lang='lat' dir='ltr'><strong>deitatis</strong></span> <span class='ocrx_word' id='word_1_539' title='bbox 2329 2341 2582 2386; x_wconf 86' lang='lat' dir='ltr'><strong>naturam</strong></span> <span class='ocrx_word' id='word_1_540' title='bbox 2635 2330 2800 2400; x_wconf 87' lang='lat' dir='ltr'><strong>impie</strong></span> <span class='ocrx_word' id='word_1_541' title='bbox 2847 2331 3248 2388; x_wconf 78' lang='lat' dir='ltr'><strong>referentibus?</strong></span> <span class='ocrx_word' id='word_1_542' title='bbox 3305 2331 3399 2388; x_wconf 82' lang='lat' dir='ltr'><strong>Vel</strong></span> 
     </span>
    </p>
   </div>
   <div class='ocr_carea' id='block_1_69' title="bbox 1823 2421 3404 2496">
    <p class='ocr_par' dir='ltr' id='par_1_69' title="bbox 1823 2421 3404 2496">
     <span class='ocr_line' id='line_1_69' title="bbox 1823 2421 3404 2496; baseline 0.005 -24"><span class='ocrx_word' id='word_1_543' title='bbox 1823 2421 2092 2487; x_wconf 91' lang='lat' dir='ltr'><strong>quomodo</strong></span> <span class='ocrx_word' id='word_1_544' title='bbox 2129 2421 2492 2493; x_wconf 79' lang='lat' dir='ltr'><strong>intelligemus</strong></span> <span class='ocrx_word' id='word_1_545' title='bbox 2536 2424 2750 2479; x_wconf 89' lang='lat' dir='ltr'><strong>Domini</strong></span> <span class='ocrx_word' id='word_1_546' title='bbox 2781 2439 2965 2488; x_wconf 84' lang='lat' dir='ltr'><strong>voces,</strong></span> <span class='ocrx_word' id='word_1_547' title='bbox 2991 2435 3212 2496; x_wconf 87' lang='lat' dir='ltr'><strong>propter</strong></span> <span class='ocrx_word' id='word_1_548' title='bbox 3243 2434 3404 2482; x_wconf 85' lang='lat' dir='ltr'><strong>natu-</strong></span> 
     </span>
    </p>
   </div>
   <div class='ocr_carea' id='block_1_70' title="bbox 1825 2513 3401 2584">
    <p class='ocr_par' dir='ltr' id='par_1_70' title="bbox 1825 2513 3401 2584">
     <span class='ocr_line' id='line_1_70' title="bbox 1825 2513 3401 2584; baseline 0.006 -19"><span class='ocrx_word' id='word_1_549' title='bbox 1825 2527 1940 2566; x_wconf 86' lang='lat' dir='ltr'><strong>ram</strong></span> <span class='ocrx_word' id='word_1_550' title='bbox 1990 2513 2194 2579; x_wconf 86' lang='lat' dir='ltr'><strong>carnis,</strong></span> <span class='ocrx_word' id='word_1_551' title='bbox 2256 2530 2376 2584; x_wconf 58' lang='lat' dir='ltr'><strong>quae.</strong></span> <span class='ocrx_word' id='word_1_552' title='bbox 2424 2517 2660 2582; x_wconf 86' lang='lat' dir='ltr'><strong>videtur,</strong></span> <span class='ocrx_word' id='word_1_553' title='bbox 2713 2518 2941 2574; x_wconf 86' lang='lat' dir='ltr'><strong>dicentis</strong></span> <span class='ocrx_word' id='word_1_554' title='bbox 2981 2537 2995 2573; x_wconf 89' lang='lat'><strong>:</strong></span> <span class='ocrx_word' id='word_1_555' title='bbox 3050 2537 3069 2571; x_wconf 82' lang='grc'><strong>1</strong></span> <span class='ocrx_word' id='word_1_556' title='bbox 3110 2518 3228 2574; x_wconf 82' lang='grc' dir='ltr'><strong>Νοη</strong></span> <span class='ocrx_word' id='word_1_557' title='bbox 3280 2520 3401 2576; x_wconf 82' lang='lat' dir='ltr'><strong>veni</strong></span> 
     </span>
    </p>
   </div>
   <div class='ocr_carea' id='block_1_71' title="bbox 1825 2607 3403 2675">
    <p class='ocr_par' dir='ltr' id='par_1_71' title="bbox 1825 2607 3403 2675">
     <span class='ocr_line' id='line_1_71' title="bbox 1825 2607 3403 2675; baseline 0.004 -18"><span class='ocrx_word' id='word_1_558' title='bbox 1825 2617 2001 2657; x_wconf 87' lang='lat' dir='ltr'><strong>meam</strong></span> <span class='ocrx_word' id='word_1_559' title='bbox 2028 2607 2362 2662; x_wconf 86' lang='lat' dir='ltr'><strong>voluntatem</strong></span> <span class='ocrx_word' id='word_1_560' title='bbox 2400 2607 2586 2664; x_wconf 85' lang='lat' dir='ltr'><strong>facere</strong></span> <span class='ocrx_word' id='word_1_561' title='bbox 2618 2609 2695 2675; x_wconf 83' lang='grc'><strong>⁶⁶;</strong></span> <span class='ocrx_word' id='word_1_562' title='bbox 2732 2628 2751 2662; x_wconf 75' lang='grc' dir='ltr'><strong>ι</strong></span> <span class='ocrx_word' id='word_1_563' title='bbox 2785 2620 2838 2665; x_wconf 92' lang='lat' dir='ltr'><strong>et</strong></span> <span class='ocrx_word' id='word_1_564' title='bbox 2869 2625 2885 2662; x_wconf 89' lang='lat'><strong>:</strong></span> <span class='ocrx_word' id='word_1_565' title='bbox 2923 2628 2942 2661; x_wconf 72' lang='grc' dir='ltr'><strong>ι</strong></span> <span class='ocrx_word' id='word_1_566' title='bbox 2974 2609 3281 2666; x_wconf 83' lang='lat' dir='ltr'><strong>Mandatum</strong></span> <span class='ocrx_word' id='word_1_567' title='bbox 3311 2627 3403 2664; x_wconf 82' lang='lat' dir='ltr'><strong>ac-</strong></span> 
     </span>
    </p>
   </div>
   <div class='ocr_carea' id='block_1_72' title="bbox 1826 2695 3403 2772">
    <p class='ocr_par' dir='ltr' id='par_1_72' title="bbox 1826 2695 3403 2772">
     <span class='ocr_line' id='line_1_72' title="bbox 1826 2695 3403 2772; baseline 0.008 -25"><span class='ocrx_word' id='word_1_568' title='bbox 1826 2695 1941 2764; x_wconf 91' lang='lat' dir='ltr'><strong>cepi</strong></span> <span class='ocrx_word' id='word_1_569' title='bbox 1972 2696 2099 2761; x_wconf 84' lang='lat' dir='ltr'><strong>quid</strong></span> <span class='ocrx_word' id='word_1_570' title='bbox 2139 2697 2336 2763; x_wconf 89' lang='lat' dir='ltr'><strong>dicam,</strong></span> <span class='ocrx_word' id='word_1_571' title='bbox 2366 2707 2421 2753; x_wconf 89' lang='lat' dir='ltr'><strong>et</strong></span> <span class='ocrx_word' id='word_1_572' title='bbox 2471 2699 2602 2769; x_wconf 90' lang='lat' dir='ltr'><strong>quid</strong></span> <span class='ocrx_word' id='word_1_573' title='bbox 2641 2699 2835 2770; x_wconf 90' lang='lat' dir='ltr'><strong>loquar</strong></span> <span class='ocrx_word' id='word_1_574' title='bbox 2871 2703 2952 2768; x_wconf 74' lang='lat'><strong>‘7;</strong></span> <span class='ocrx_word' id='word_1_575' title='bbox 2993 2721 3012 2755; x_wconf 76' lang='grc' dir='ltr'><strong>ι</strong></span> <span class='ocrx_word' id='word_1_576' title='bbox 3042 2712 3135 2758; x_wconf 89' lang='lat' dir='ltr'><strong>et:</strong></span> <span class='ocrx_word' id='word_1_577' title='bbox 3180 2723 3197 2756; x_wconf 80' lang='grc' dir='ltr'><strong>ι</strong></span> <span class='ocrx_word' id='word_1_578' title='bbox 3233 2704 3344 2772; x_wconf 71' lang='lat' dir='ltr'><strong>Ego</strong></span> <span class='ocrx_word' id='word_1_579' title='bbox 3373 2725 3403 2758; x_wconf 72' lang='grc' dir='ltr'>τι</span> 
     </span>
    </p>
   </div>
   <div class='ocr_carea' id='block_1_73' title="bbox 1827 2787 3402 2858">
    <p class='ocr_par' dir='ltr' id='par_1_73' title="bbox 1827 2787 3402 2858">
     <span class='ocr_line' id='line_1_73' title="bbox 1827 2787 3402 2858; baseline 0.006 -17"><span class='ocrx_word' id='word_1_580' title='bbox 1827 2787 2031 2854; x_wconf 89' lang='lat' dir='ltr'><strong>meipso</strong></span> <span class='ocrx_word' id='word_1_581' title='bbox 2087 2790 2218 2843; x_wconf 91' lang='lat' dir='ltr'><strong>nihil</strong></span> <span class='ocrx_word' id='word_1_582' title='bbox 2254 2790 2392 2846; x_wconf 77' lang='lat' dir='ltr'><strong>facio</strong></span> <span class='ocrx_word' id='word_1_583' title='bbox 2416 2791 2494 2858; x_wconf 65' lang='lat'><strong>‘5;</strong></span> <span class='ocrx_word' id='word_1_584' title='bbox 2526 2810 2543 2843; x_wconf 76' lang='grc' dir='ltr'><strong>ι</strong></span> <span class='ocrx_word' id='word_1_585' title='bbox 2570 2801 2623 2846; x_wconf 90' lang='lat' dir='ltr'><strong>et</strong></span> <span class='ocrx_word' id='word_1_586' title='bbox 2647 2809 2661 2846; x_wconf 91' lang='lat'><strong>:</strong></span> <span class='ocrx_word' id='word_1_587' title='bbox 2691 2793 2871 2849; x_wconf 67' lang='lat' dir='ltr'><strong>«Vado</strong></span> <span class='ocrx_word' id='word_1_588' title='bbox 2894 2795 2959 2849; x_wconf 92' lang='lat' dir='ltr'><strong>ad</strong></span> <span class='ocrx_word' id='word_1_589' title='bbox 2986 2794 3198 2850; x_wconf 88' lang='lat' dir='ltr'><strong>Patrem</strong></span> <span class='ocrx_word' id='word_1_590' title='bbox 3225 2811 3402 2852; x_wconf 89' lang='lat' dir='ltr'><strong>meum</strong></span> 
     </span>
    </p>
   </div>
   <div class='ocr_carea' id='block_1_74' title="bbox 1826 2875 3408 2947">
    <p class='ocr_par' dir='ltr' id='par_1_74' title="bbox 1826 2875 3408 2947">
     <span class='ocr_line' id='line_1_74' title="bbox 1826 2875 3408 2947; baseline 0.006 -16"><span class='ocrx_word' id='word_1_591' title='bbox 1826 2886 1882 2931; x_wconf 90' lang='lat' dir='ltr'><strong>ct</strong></span> <span class='ocrx_word' id='word_1_592' title='bbox 1912 2875 2128 2932; x_wconf 85' lang='lat' dir='ltr'><strong>Patrem</strong></span> <span class='ocrx_word' id='word_1_593' title='bbox 2163 2889 2428 2947; x_wconf 90' lang='lat' dir='ltr'><strong>vestrum,</strong></span> <span class='ocrx_word' id='word_1_594' title='bbox 2473 2893 2527 2938; x_wconf 89' lang='lat' dir='ltr'><strong>et</strong></span> <span class='ocrx_word' id='word_1_595' title='bbox 2563 2883 2733 2938; x_wconf 90' lang='lat' dir='ltr'><strong>Deum</strong></span> <span class='ocrx_word' id='word_1_596' title='bbox 2775 2900 2953 2940; x_wconf 91' lang='lat' dir='ltr'><strong>meum</strong></span> <span class='ocrx_word' id='word_1_597' title='bbox 2999 2894 3054 2941; x_wconf 90' lang='lat' dir='ltr'><strong>et</strong></span> <span class='ocrx_word' id='word_1_598' title='bbox 3101 2886 3270 2942; x_wconf 92' lang='lat' dir='ltr'><strong>Deum</strong></span> <span class='ocrx_word' id='word_1_599' title='bbox 3313 2902 3408 2941; x_wconf 87' lang='lat' dir='ltr'><strong>ve-</strong></span> 
     </span>
    </p>
   </div>
   <div class='ocr_carea' id='block_1_75' title="bbox 1829 2970 3406 3045">
    <p class='ocr_par' dir='ltr' id='par_1_75' title="bbox 1829 2970 3406 3045">
     <span class='ocr_line' id='line_1_75' title="bbox 1829 2970 3406 3045; baseline 0.008 -25"><span class='ocrx_word' id='word_1_600' title='bbox 1829 2975 1997 3021; x_wconf 91' lang='lat' dir='ltr'><strong>strum</strong></span> <span class='ocrx_word' id='word_1_601' title='bbox 2032 2970 2111 3037; x_wconf 68' lang='lat'><strong>‘9;</strong></span> <span class='ocrx_word' id='word_1_602' title='bbox 2146 2989 2163 3021; x_wconf 78' lang='grc' dir='ltr'><strong>ι</strong></span> <span class='ocrx_word' id='word_1_603' title='bbox 2202 2979 2256 3026; x_wconf 91' lang='lat' dir='ltr'><strong>et</strong></span> <span class='ocrx_word' id='word_1_604' title='bbox 2298 2981 2496 3028; x_wconf 81' lang='lat' dir='ltr'><strong>caetera</strong></span> <span class='ocrx_word' id='word_1_605' title='bbox 2539 2989 2875 3045; x_wconf 70' lang='lat' dir='ltr'><strong>quaacunque</strong></span> <span class='ocrx_word' id='word_1_606' title='bbox 2901 2977 3026 3031; x_wconf 88' lang='lat' dir='ltr'><strong>talia</strong></span> <span class='ocrx_word' id='word_1_607' title='bbox 3069 2978 3237 3032; x_wconf 77' lang='lat' dir='ltr'><strong>sunt?</strong></span> <span class='ocrx_word' id='word_1_608' title='bbox 3263 2977 3406 3033; x_wconf 89' lang='lat' dir='ltr'><strong>Indi-</strong></span> 
     </span>
    </p>
   </div>
   <div class='ocr_carea' id='block_1_76' title="bbox 1829 3058 3405 3134">
    <p class='ocr_par' dir='ltr' id='par_1_76' title="bbox 1829 3058 3405 3134">
     <span class='ocr_line' id='line_1_76' title="bbox 1829 3058 3405 3134; baseline 0.01 -26"><span class='ocrx_word' id='word_1_609' title='bbox 1829 3058 1959 3112; x_wconf 88' lang='lat' dir='ltr'><strong>visis</strong></span> <span class='ocrx_word' id='word_1_610' title='bbox 1993 3060 2138 3112; x_wconf 91' lang='lat' dir='ltr'><strong>enim</strong></span> <span class='ocrx_word' id='word_1_611' title='bbox 2186 3063 2430 3126; x_wconf 90' lang='lat' dir='ltr'><strong>vocibus,</strong></span> <span class='ocrx_word' id='word_1_612' title='bbox 2473 3064 2616 3118; x_wconf 89' lang='lat' dir='ltr'><strong>sicut</strong></span> <span class='ocrx_word' id='word_1_613' title='bbox 2663 3074 2715 3119; x_wconf 91' lang='lat' dir='ltr'><strong>et</strong></span> <span class='ocrx_word' id='word_1_614' title='bbox 2771 3067 2984 3121; x_wconf 89' lang='lat' dir='ltr'><strong>naturis</strong></span> <span class='ocrx_word' id='word_1_615' title='bbox 3037 3068 3405 3134; x_wconf 87' lang='lat' dir='ltr'><strong>manentibus,</strong></span> 
     </span>
    </p>
   </div>
   <div class='ocr_carea' id='block_1_77' title="bbox 1753 3149 3409 3249">
    <p class='ocr_par' dir='ltr' id='par_1_77' title="bbox 1753 3149 3409 3249">
     <span class='ocr_line' id='line_1_77' title="bbox 1753 3149 3409 3249; baseline 0.007 -48"><span class='ocrx_word' id='word_1_616' title='bbox 1753 3191 1796 3249; x_wconf 71' lang='lat' dir='ltr'><strong><em>C</em></strong></span> <span class='ocrx_word' id='word_1_617' title='bbox 1831 3149 1936 3202; x_wconf 88' lang='lat' dir='ltr'><strong>erit</strong></span> <span class='ocrx_word' id='word_1_618' title='bbox 1965 3154 2256 3206; x_wconf 89' lang='lat' dir='ltr'><strong>secundum</strong></span> <span class='ocrx_word' id='word_1_619' title='bbox 2291 3153 2439 3207; x_wconf 92' lang='lat' dir='ltr'><strong>illum</strong></span> <span class='ocrx_word' id='word_1_620' title='bbox 2469 3156 2732 3225; x_wconf 82' lang='lat' dir='ltr'><strong>unigeniti</strong></span> <span class='ocrx_word' id='word_1_621' title='bbox 2771 3158 2866 3212; x_wconf 91' lang='lat' dir='ltr'><strong>Dei</strong></span> <span class='ocrx_word' id='word_1_622' title='bbox 2903 3157 3045 3212; x_wconf 90' lang='lat' dir='ltr'><strong>Deus</strong></span> <span class='ocrx_word' id='word_1_623' title='bbox 3087 3157 3268 3225; x_wconf 85' lang='lat' dir='ltr'><strong>Pater,</strong></span> <span class='ocrx_word' id='word_1_624' title='bbox 3304 3162 3409 3215; x_wconf 89' lang='lat' dir='ltr'><strong>mi-</strong></span> 
     </span>
    </p>
   </div>
   <div class='ocr_carea' id='block_1_78' title="bbox 1831 3241 3405 3317">
    <p class='ocr_par' dir='ltr' id='par_1_78' title="bbox 1831 3241 3405 3317">
     <span class='ocr_line' id='line_1_78' title="bbox 1831 3241 3405 3317; baseline 0.008 -23"><span class='ocrx_word' id='word_1_625' title='bbox 1831 3241 2005 3296; x_wconf 86' lang='lat' dir='ltr'><strong>nister</strong></span> <span class='ocrx_word' id='word_1_626' title='bbox 2027 3253 2203 3298; x_wconf 88' lang='lat' dir='ltr'><strong>autem</strong></span> <span class='ocrx_word' id='word_1_627' title='bbox 2242 3255 2296 3312; x_wconf 78' lang='lat' dir='ltr'><strong>et</strong></span> <span class='ocrx_word' id='word_1_628' title='bbox 2329 3256 2617 3303; x_wconf 80' lang='lat' dir='ltr'><strong>exsecutor</strong></span> <span class='ocrx_word' id='word_1_629' title='bbox 2645 3257 2992 3317; x_wconf 86' lang='lat' dir='ltr'><strong>paternorum</strong></span> <span class='ocrx_word' id='word_1_630' title='bbox 3029 3252 3405 3306; x_wconf 83' lang='lat' dir='ltr'><strong>mandatorum</strong></span> 
     </span>
    </p>
   </div>
   <div class='ocr_carea' id='block_1_79' title="bbox 1830 3335 3406 3398">
    <p class='ocr_par' dir='ltr' id='par_1_79' title="bbox 1830 3335 3406 3398">
     <span class='ocr_line' id='line_1_79' title="bbox 1830 3335 3406 3398; baseline 0.004 -9"><span class='ocrx_word' id='word_1_631' title='bbox 1830 3335 1997 3390; x_wconf 84' lang='lat' dir='ltr'><strong>Filius</strong></span> <span class='ocrx_word' id='word_1_632' title='bbox 2028 3336 2320 3392; x_wconf 87' lang='lat' dir='ltr'><strong>secundum</strong></span> <span class='ocrx_word' id='word_1_633' title='bbox 2353 3337 2710 3395; x_wconf 86' lang='lat' dir='ltr'><strong>divinitatem.</strong></span> <span class='ocrx_word' id='word_1_634' title='bbox 2747 3340 2815 3396; x_wconf 87' lang='lat' dir='ltr'><strong>Et</strong></span> <span class='ocrx_word' id='word_1_635' title='bbox 2852 3343 2894 3396; x_wconf 92' lang='lat' dir='ltr'><strong>si</strong></span> <span class='ocrx_word' id='word_1_636' title='bbox 2940 3343 3160 3396; x_wconf 87' lang='lat' dir='ltr'><strong>humilia</strong></span> <span class='ocrx_word' id='word_1_637' title='bbox 3200 3346 3249 3397; x_wconf 92' lang='lat' dir='ltr'><strong>in</strong></span> <span class='ocrx_word' id='word_1_638' title='bbox 3289 3346 3406 3398; x_wconf 90' lang='lat' dir='ltr'><strong>dei-</strong></span> 
     </span>
    </p>
   </div>
   <div class='ocr_carea' id='block_1_80' title="bbox 1833 3428 3404 3500">
    <p class='ocr_par' dir='ltr' id='par_1_80' title="bbox 1833 3428 3404 3500">
     <span class='ocr_line' id='line_1_80' title="bbox 1833 3428 3404 3500; baseline 0.006 -20"><span class='ocrx_word' id='word_1_639' title='bbox 1833 3428 1959 3480; x_wconf 86' lang='lat' dir='ltr'><strong>tatis</strong></span> <span class='ocrx_word' id='word_1_640' title='bbox 2007 3439 2253 3482; x_wconf 86' lang='lat' dir='ltr'><strong>natnram</strong></span> <span class='ocrx_word' id='word_1_641' title='bbox 2303 3432 2694 3500; x_wconf 87' lang='lat' dir='ltr'><strong>acceperimus,</strong></span> <span class='ocrx_word' id='word_1_642' title='bbox 2746 3433 2833 3486; x_wconf 92' lang='lat' dir='ltr'><strong>cui</strong></span> <span class='ocrx_word' id='word_1_643' title='bbox 2879 3434 3181 3500; x_wconf 84' lang='lat' dir='ltr'><strong>aptabimus</strong></span> <span class='ocrx_word' id='word_1_644' title='bbox 3225 3433 3353 3487; x_wconf 89' lang='lat' dir='ltr'><strong>illud</strong></span> <span class='ocrx_word' id='word_1_645' title='bbox 3390 3451 3404 3489; x_wconf 90' lang='lat'><strong>:</strong></span> 
     </span>
    </p>
   </div>
   <div class='ocr_carea' id='block_1_81' title="bbox 1838 3518 3410 3590">
    <p class='ocr_par' dir='ltr' id='par_1_81' title="bbox 1838 3518 3410 3590">
     <span class='ocr_line' id='line_1_81' title="bbox 1838 3518 3410 3590; baseline 0.007 -21"><span class='ocrx_word' id='word_1_646' title='bbox 1838 3536 1855 3569; x_wconf 79' lang='lat'><strong>(</strong></span> <span class='ocrx_word' id='word_1_647' title='bbox 1885 3518 1995 3588; x_wconf 80' lang='lat' dir='ltr'><strong>Ego</strong></span> <span class='ocrx_word' id='word_1_648' title='bbox 2025 3531 2078 3573; x_wconf 89' lang='lat' dir='ltr'><strong>et</strong></span> <span class='ocrx_word' id='word_1_649' title='bbox 2103 3519 2264 3573; x_wconf 81' lang='lat' dir='ltr'><strong>Pater</strong></span> <span class='ocrx_word' id='word_1_650' title='bbox 2296 3539 2458 3576; x_wconf 87' lang='lat' dir='ltr'><strong>unum</strong></span> <span class='ocrx_word' id='word_1_651' title='bbox 2495 3539 2682 3577; x_wconf 89' lang='lat' dir='ltr'><strong>sumus</strong></span> <span class='ocrx_word' id='word_1_652' title='bbox 2710 3525 2796 3577; x_wconf 68' lang='lat'><strong>7°?</strong></span> <span class='ocrx_word' id='word_1_653' title='bbox 2827 3544 2844 3575; x_wconf 73' lang='grc' dir='ltr'><strong>ι</strong></span> <span class='ocrx_word' id='word_1_654' title='bbox 2875 3536 2930 3577; x_wconf 87' lang='lat' dir='ltr'><strong>et.</strong></span> <span class='ocrx_word' id='word_1_655' title='bbox 2962 3523 3110 3590; x_wconf 81' lang='lat' dir='ltr'><strong>illud,</strong></span> <span class='ocrx_word' id='word_1_656' title='bbox 3157 3525 3410 3580; x_wconf 85' lang='lat' dir='ltr'><strong>similiter</strong></span> 
     </span>
    </p>
   </div>
   <div class='ocr_carea' id='block_1_82' title="bbox 1829 3610 3408 3682">
    <p class='ocr_par' dir='ltr' id='par_1_82' title="bbox 1829 3610 3408 3682">
     <span class='ocr_line' id='line_1_82' title="bbox 1829 3610 3408 3682; baseline 0.006 -21"><span class='ocrx_word' id='word_1_657' title='bbox 1829 3624 1894 3664; x_wconf 89' lang='lat' dir='ltr'><strong>ac</strong></span> <span class='ocrx_word' id='word_1_658' title='bbox 1937 3610 2172 3678; x_wconf 74' lang='lat' dir='ltr'><strong>Patrem,</strong></span> <span class='ocrx_word' id='word_1_659' title='bbox 2207 3613 2378 3682; x_wconf 91' lang='lat' dir='ltr'><strong>ipsum</strong></span> <span class='ocrx_word' id='word_1_660' title='bbox 2422 3616 2680 3682; x_wconf 87' lang='lat' dir='ltr'><strong>operari?</strong></span> <span class='ocrx_word' id='word_1_661' title='bbox 2712 3626 2766 3669; x_wconf 89' lang='lat' dir='ltr'><strong>et</strong></span> <span class='ocrx_word' id='word_1_662' title='bbox 2803 3615 2933 3670; x_wconf 89' lang='lat' dir='ltr'><strong>illud</strong></span> <span class='ocrx_word' id='word_1_663' title='bbox 2970 3634 2982 3668; x_wconf 92' lang='lat'>:</span> <span class='ocrx_word' id='word_1_664' title='bbox 3024 3635 3040 3667; x_wconf 80' lang='grc' dir='ltr'><strong>ι</strong></span> <span class='ocrx_word' id='word_1_665' title='bbox 3073 3616 3227 3669; x_wconf 89' lang='lat' dir='ltr'><strong>Sicut</strong></span> <span class='ocrx_word' id='word_1_666' title='bbox 3264 3616 3408 3671; x_wconf 88' lang='lat' dir='ltr'><strong>enim</strong></span> 
     </span>
    </p>
   </div>
   <div class='ocr_carea' id='block_1_83' title="bbox 1830 3700 3411 3777">
    <p class='ocr_par' dir='ltr' id='par_1_83' title="bbox 1830 3700 3411 3777">
     <span class='ocr_line' id='line_1_83' title="bbox 1830 3700 3411 3777; baseline 0.005 -23"><span class='ocrx_word' id='word_1_667' title='bbox 1830 3700 1990 3755; x_wconf 85' lang='lat' dir='ltr'><strong>Pater</strong></span> <span class='ocrx_word' id='word_1_668' title='bbox 2027 3705 2228 3757; x_wconf 81' lang='lat' dir='ltr'><strong>cxcilat</strong></span> <span class='ocrx_word' id='word_1_669' title='bbox 2261 3717 2521 3773; x_wconf 86' lang='lat' dir='ltr'><strong>mortuos,</strong></span> <span class='ocrx_word' id='word_1_670' title='bbox 2555 3709 2625 3760; x_wconf 90' lang='lat' dir='ltr'><strong>ita</strong></span> <span class='ocrx_word' id='word_1_671' title='bbox 2670 3716 2720 3760; x_wconf 87' lang='lat' dir='ltr'><strong>et</strong></span> <span class='ocrx_word' id='word_1_672' title='bbox 2771 3705 2937 3760; x_wconf 88' lang='lat' dir='ltr'><strong>Filius</strong></span> <span class='ocrx_word' id='word_1_673' title='bbox 2970 3723 3105 3777; x_wconf 90' lang='lat' dir='ltr'><strong>quos</strong></span> <span class='ocrx_word' id='word_1_674' title='bbox 3153 3707 3285 3774; x_wconf 86' lang='lat' dir='ltr'><strong>vult,</strong></span> <span class='ocrx_word' id='word_1_675' title='bbox 3318 3726 3335 3759; x_wconf 75' lang='grc' dir='ltr'><strong>ι</strong></span> <span class='ocrx_word' id='word_1_676' title='bbox 3357 3718 3411 3762; x_wconf 86' lang='lat' dir='ltr'><strong>et</strong></span> 
     </span>
    </p>
   </div>
   <div class='ocr_carea' id='block_1_84' title="bbox 1832 3796 3413 3865">
    <p class='ocr_par' dir='ltr' id='par_1_84' title="bbox 1832 3796 3413 3865">
     <span class='ocr_line' id='line_1_84' title="bbox 1832 3796 3413 3865; baseline 0.003 -17"><span class='ocrx_word' id='word_1_677' title='bbox 1832 3809 1935 3848; x_wconf 92' lang='lat' dir='ltr'><strong>non</strong></span> <span class='ocrx_word' id='word_1_678' title='bbox 1953 3810 2086 3860; x_wconf 87' lang='lat' dir='ltr'><strong>quos</strong></span> <span class='ocrx_word' id='word_1_679' title='bbox 2111 3796 2183 3847; x_wconf 93' lang='lat' dir='ltr'><strong>illi</strong></span> <span class='ocrx_word' id='word_1_680' title='bbox 2212 3799 2539 3865; x_wconf 58' lang='lat' dir='ltr'><strong>praccipitur,</strong></span> <span class='ocrx_word' id='word_1_681' title='bbox 2567 3818 2584 3849; x_wconf 86' lang='grc'><strong>‹</strong></span> <span class='ocrx_word' id='word_1_682' title='bbox 2606 3798 2898 3852; x_wconf 84' lang='lat' dir='ltr'><strong>vivilieat&#39;“</strong></span> <span class='ocrx_word' id='word_1_683' title='bbox 2923 3800 2945 3852; x_wconf 90' lang='lat'><strong>?</strong></span> <span class='ocrx_word' id='word_1_684' title='bbox 2975 3818 2992 3850; x_wconf 74' lang='grc'><strong>1</strong></span> <span class='ocrx_word' id='word_1_685' title='bbox 3027 3799 3132 3854; x_wconf 91' lang='lat' dir='ltr'><strong>Sed</strong></span> <span class='ocrx_word' id='word_1_686' title='bbox 3157 3809 3241 3853; x_wconf 90' lang='lat' dir='ltr'><strong>est</strong></span> <span class='ocrx_word' id='word_1_687' title='bbox 3267 3809 3413 3854; x_wconf 87' lang='lat' dir='ltr'><strong>recte</strong></span> 
     </span>
    </p>
   </div>
   <div class='ocr_carea' id='block_1_85' title="bbox 1831 3886 3414 3959">
    <p class='ocr_par' dir='ltr' id='par_1_85' title="bbox 1831 3886 3414 3959">
     <span class='ocr_line' id='line_1_85' title="bbox 1831 3886 3414 3959; baseline 0.003 -20"><span class='ocrx_word' id='word_1_688' title='bbox 1831 3886 2121 3940; x_wconf 88' lang='lat' dir='ltr'><strong>secundum</strong></span> <span class='ocrx_word' id='word_1_689' title='bbox 2159 3887 2326 3955; x_wconf 88' lang='lat' dir='ltr'><strong>ipsius</strong></span> <span class='ocrx_word' id='word_1_690' title='bbox 2362 3888 2580 3942; x_wconf 90' lang='lat' dir='ltr'><strong>Domini</strong></span> <span class='ocrx_word' id='word_1_691' title='bbox 2609 3905 2820 3952; x_wconf 90' lang='lat' dir='ltr'><strong>vocem,</strong></span> <span class='ocrx_word' id='word_1_692' title='bbox 2854 3889 3014 3944; x_wconf 89' lang='lat' dir='ltr'><strong>Pater</strong></span> <span class='ocrx_word' id='word_1_693' title='bbox 3047 3901 3101 3944; x_wconf 90' lang='lat' dir='ltr'><strong>et</strong></span> <span class='ocrx_word' id='word_1_694' title='bbox 3129 3889 3271 3945; x_wconf 91' lang='lat' dir='ltr'><strong>Deus</strong></span> <span class='ocrx_word' id='word_1_695' title='bbox 3299 3890 3414 3959; x_wconf 86' lang='lat' dir='ltr'><strong>ipse</strong></span> 
     </span>
    </p>
   </div>
   <div class='ocr_carea' id='block_1_86' title="bbox 1828 3977 3414 4050">
    <p class='ocr_par' dir='ltr' id='par_1_86' title="bbox 1828 3977 3414 4050">
     <span class='ocr_line' id='line_1_86' title="bbox 1828 3977 3414 4050; baseline 0.003 -19"><span class='ocrx_word' id='word_1_696' title='bbox 1828 3977 2008 4032; x_wconf 87' lang='lat' dir='ltr'><strong>Pater.</strong></span> <span class='ocrx_word' id='word_1_697' title='bbox 2048 3978 2190 4032; x_wconf 90' lang='lat' dir='ltr'><strong>Deus</strong></span> <span class='ocrx_word' id='word_1_698' title='bbox 2222 3980 2434 4048; x_wconf 80' lang='lat' dir='ltr'><strong>quidem</strong></span> <span class='ocrx_word' id='word_1_699' title='bbox 2472 3981 2635 4043; x_wconf 90' lang='lat' dir='ltr'><strong>illius,</strong></span> <span class='ocrx_word' id='word_1_700' title='bbox 2675 3981 2833 4050; x_wconf 79' lang='lat'><strong>169</strong></span> <span class='ocrx_word' id='word_1_701' title='bbox 2882 3981 2971 4049; x_wconf 86' lang='lat' dir='ltr'><strong>qui</strong></span> <span class='ocrx_word' id='word_1_702' title='bbox 3010 3983 3060 4034; x_wconf 93' lang='lat' dir='ltr'><strong>in</strong></span> <span class='ocrx_word' id='word_1_703' title='bbox 3102 3981 3414 4035; x_wconf 83' lang='lat' dir='ltr'><strong>novissimis</strong></span> 
     </span>
    </p>
   </div>
   <div class='ocr_carea' id='block_1_87' title="bbox 1830 4072 3413 4140">
    <p class='ocr_par' dir='ltr' id='par_1_87' title="bbox 1830 4072 3413 4140">
     <span class='ocr_line' id='line_1_87' title="bbox 1830 4072 3413 4140; baseline 0.001 -16"><span class='ocrx_word' id='word_1_704' title='bbox 1830 4072 2162 4140; x_wconf 89' lang='lat' dir='ltr'><strong>temporibus</strong></span> <span class='ocrx_word' id='word_1_705' title='bbox 2194 4086 2258 4126; x_wconf 81' lang='lat' dir='ltr'><strong>ex</strong></span> <span class='ocrx_word' id='word_1_706' title='bbox 2292 4074 2497 4125; x_wconf 89' lang='lat' dir='ltr'><strong>semine</strong></span> <span class='ocrx_word' id='word_1_707' title='bbox 2526 4073 2692 4126; x_wconf 88' lang='lat' dir='ltr'><strong>David</strong></span> <span class='ocrx_word' id='word_1_708' title='bbox 2722 4075 2928 4127; x_wconf 84' lang='lat' dir='ltr'><strong>exstitit</strong></span> <span class='ocrx_word' id='word_1_709' title='bbox 2970 4078 3266 4128; x_wconf 90' lang='lat' dir='ltr'><strong>secundum</strong></span> <span class='ocrx_word' id='word_1_710' title='bbox 3290 4089 3413 4129; x_wconf 79' lang='lat' dir='ltr'><strong>car-</strong></span> 
     </span>
    </p>
   </div>
   <div class='ocr_carea' id='block_1_88' title="bbox 1829 4161 3415 4235">
    <p class='ocr_par' dir='ltr' id='par_1_88' title="bbox 1829 4161 3415 4235">
     <span class='ocr_line' id='line_1_88' title="bbox 1829 4161 3415 4235; baseline 0.003 -21"><span class='ocrx_word' id='word_1_711' title='bbox 1829 4177 1950 4216; x_wconf 93' lang='lat' dir='ltr'><strong>nem</strong></span> <span class='ocrx_word' id='word_1_712' title='bbox 1996 4161 2200 4216; x_wconf 85' lang='lat' dir='ltr'><strong>:Paler</strong></span> <span class='ocrx_word' id='word_1_713' title='bbox 2241 4172 2421 4216; x_wconf 86' lang='lat' dir='ltr'><strong>autem</strong></span> <span class='ocrx_word' id='word_1_714' title='bbox 2465 4165 2603 4233; x_wconf 83' lang='lat' dir='ltr'><strong>ejus,</strong></span> <span class='ocrx_word' id='word_1_715' title='bbox 2647 4166 2737 4232; x_wconf 91' lang='lat' dir='ltr'><strong>qui</strong></span> <span class='ocrx_word' id='word_1_716' title='bbox 2771 4181 2836 4218; x_wconf 82' lang='lat' dir='ltr'><strong>ex</strong></span> <span class='ocrx_word' id='word_1_717' title='bbox 2888 4165 3005 4233; x_wconf 85' lang='lat' dir='ltr'><strong>ipso</strong></span> <span class='ocrx_word' id='word_1_718' title='bbox 3051 4166 3254 4235; x_wconf 84' lang='lat' dir='ltr'><strong>absque</strong></span> <span class='ocrx_word' id='word_1_719' title='bbox 3289 4180 3415 4234; x_wconf 84' lang='lat' dir='ltr'><strong>pas-</strong></span> 
     </span>
    </p>
   </div>
   <div class='ocr_carea' id='block_1_89' title="bbox 1829 4255 3410 4318">
    <p class='ocr_par' dir='ltr' id='par_1_89' title="bbox 1829 4255 3410 4318">
     <span class='ocr_line' id='line_1_89' title="bbox 1829 4255 3410 4318; baseline 0.003 -14"><span class='ocrx_word' id='word_1_720' title='bbox 1829 4255 1982 4306; x_wconf 90' lang='lat' dir='ltr'><strong>sione</strong></span> <span class='ocrx_word' id='word_1_721' title='bbox 2013 4264 2065 4304; x_wconf 87' lang='lat' dir='ltr'><strong>et</strong></span> <span class='ocrx_word' id='word_1_722' title='bbox 2097 4262 2300 4306; x_wconf 69' lang='lat' dir='ltr'><strong>mtcrne</strong></span> <span class='ocrx_word' id='word_1_723' title='bbox 2333 4265 2488 4307; x_wconf 78' lang='lat' dir='ltr'><strong>natus</strong></span> <span class='ocrx_word' id='word_1_724' title='bbox 2511 4266 2612 4318; x_wconf 87' lang='lat' dir='ltr'><strong>est,</strong></span> <span class='ocrx_word' id='word_1_725' title='bbox 2643 4255 2732 4308; x_wconf 89' lang='lat' dir='ltr'><strong>Dei</strong></span> <span class='ocrx_word' id='word_1_726' title='bbox 2766 4255 2928 4308; x_wconf 82' lang='lat' dir='ltr'><strong>Verbi</strong></span> <span class='ocrx_word' id='word_1_727' title='bbox 2959 4273 2970 4309; x_wconf 93' lang='lat'>:</span> <span class='ocrx_word' id='word_1_728' title='bbox 3005 4267 3065 4308; x_wconf 87' lang='lat' dir='ltr'><strong>ut</strong></span> <span class='ocrx_word' id='word_1_729' title='bbox 3099 4256 3410 4310; x_wconf 79' lang='lat' dir='ltr'><strong>liliationem</strong></span> 
     </span>
    </p>
   </div>
   <div class='ocr_carea' id='block_1_90' title="bbox 1831 4343 3410 4414">
    <p class='ocr_par' dir='ltr' id='par_1_90' title="bbox 1831 4343 3410 4414">
     <span class='ocr_line' id='line_1_90' title="bbox 1831 4343 3410 4414; baseline 0.005 -19"><span class='ocrx_word' id='word_1_730' title='bbox 1831 4343 1968 4395; x_wconf 83' lang='lat' dir='ltr'><strong>intra</strong></span> <span class='ocrx_word' id='word_1_731' title='bbox 1996 4344 2216 4397; x_wconf 76' lang='lat' dir='ltr'><strong>unitatis</strong></span> <span class='ocrx_word' id='word_1_732' title='bbox 2240 4346 2609 4414; x_wconf 64' lang='lat' dir='ltr'><strong>praescriptum</strong></span> <span class='ocrx_word' id='word_1_733' title='bbox 2637 4361 2911 4400; x_wconf 89' lang='lat' dir='ltr'><strong>servemus</strong></span> <span class='ocrx_word' id='word_1_734' title='bbox 2953 4357 3008 4400; x_wconf 88' lang='lat' dir='ltr'><strong>et</strong></span> <span class='ocrx_word' id='word_1_735' title='bbox 3031 4347 3410 4404; x_wconf 82' lang='lat' dir='ltr'><strong>conﬁteamur.</strong></span> 
     </span>
    </p>
   </div>
   <div class='ocr_carea' id='block_1_91' title="bbox 1829 4435 3409 4502">
    <p class='ocr_par' dir='ltr' id='par_1_91' title="bbox 1829 4435 3409 4502">
     <span class='ocr_line' id='line_1_91' title="bbox 1829 4435 3409 4502; baseline 0.005 -18"><span class='ocrx_word' id='word_1_736' title='bbox 1829 4435 2109 4499; x_wconf 85' lang='lat' dir='ltr'><strong>Quomodo</strong></span> <span class='ocrx_word' id='word_1_737' title='bbox 2153 4445 2332 4488; x_wconf 85' lang='lat' dir='ltr'><strong>autem</strong></span> <span class='ocrx_word' id='word_1_738' title='bbox 2370 4437 2734 4502; x_wconf 77' lang='lat' dir='ltr'><strong>intelligemus</strong></span> <span class='ocrx_word' id='word_1_739' title='bbox 2761 4437 2889 4488; x_wconf 90' lang='lat' dir='ltr'><strong>illud</strong></span> <span class='ocrx_word' id='word_1_740' title='bbox 2923 4454 2936 4488; x_wconf 90' lang='lat'><strong>:</strong></span> <span class='ocrx_word' id='word_1_741' title='bbox 2974 4454 2991 4486; x_wconf 77' lang='grc' dir='ltr'><strong>ι</strong></span> <span class='ocrx_word' id='word_1_742' title='bbox 3023 4438 3219 4502; x_wconf 83' lang='lat' dir='ltr'><strong>Amen,</strong></span> <span class='ocrx_word' id='word_1_743' title='bbox 3251 4453 3409 4492; x_wconf 89' lang='lat' dir='ltr'><strong>amen</strong></span> 
     </span>
    </p>
   </div>
   <div class='ocr_carea' id='block_1_92' title="bbox 119 4524 1718 4598">
    <p class='ocr_par' dir='ltr' id='par_1_92' title="bbox 119 4525 1718 4598">
     <span class='ocr_line' id='line_1_92' title="bbox 119 4525 1718 4598; baseline 0.001 -18"><span class='ocrx_word' id='word_1_744' title='bbox 119 4531 185 4582; x_wconf 78' lang='grc' dir='ltr'>ἂν</span> <span class='ocrx_word' id='word_1_745' title='bbox 239 4539 268 4576; x_wconf 86' lang='lat' dir='ltr'><strong>P</strong></span> <span class='ocrx_word' id='word_1_746' title='bbox 304 4529 584 4595; x_wconf 77' lang='grc' dir='ltr'>νοήσομεν</span> <span class='ocrx_word' id='word_1_747' title='bbox 620 4525 717 4588; x_wconf 77' lang='grc' dir='ltr'><strong>τὸ,</strong></span> <span class='ocrx_word' id='word_1_748' title='bbox 778 4543 796 4575; x_wconf 74' lang='grc'><strong>1</strong></span> <span class='ocrx_word' id='word_1_749' title='bbox 820 4525 990 4595; x_wconf 82' lang='grc' dir='ltr'>Ἀμὴν</span> <span class='ocrx_word' id='word_1_750' title='bbox 1027 4525 1173 4595; x_wconf 84' lang='grc' dir='ltr'>ἀμὴν</span> <span class='ocrx_word' id='word_1_751' title='bbox 1221 4525 1360 4592; x_wconf 83' lang='grc' dir='ltr'>λέγω</span> <span class='ocrx_word' id='word_1_752' title='bbox 1400 4528 1548 4596; x_wconf 85' lang='grc' dir='ltr'>ὑμῖν,</span> <span class='ocrx_word' id='word_1_753' title='bbox 1595 4529 1718 4598; x_wconf 63' lang='grc' dir='ltr'>πρὶν</span> 
     </span>
    </p>
   </div>
   <div class='ocr_carea' id='block_1_93' title="bbox 1822 4524 3404 4598">
    <p class='ocr_par' dir='ltr' id='par_1_93' title="bbox 1835 4524 3404 4594">
     <span class='ocr_line' id='line_1_93' title="bbox 1835 4524 3404 4594; baseline 0.001 -18"><span class='ocrx_word' id='word_1_754' title='bbox 1835 4524 1951 4576; x_wconf 83' lang='lat' dir='ltr'><strong>dico</strong></span> <span class='ocrx_word' id='word_1_755' title='bbox 1974 4524 2148 4583; x_wconf 82' lang='lat' dir='ltr'><strong>vobis,</strong></span> <span class='ocrx_word' id='word_1_756' title='bbox 2179 4525 2487 4592; x_wconf 74' lang='lat' dir='ltr'><strong>priusquam</strong></span> <span class='ocrx_word' id='word_1_757' title='bbox 2521 4525 2795 4578; x_wconf 77' lang='lat' dir='ltr'><strong>Abraham</strong></span> <span class='ocrx_word' id='word_1_758' title='bbox 2831 4526 2981 4580; x_wconf 83' lang='lat' dir='ltr'><strong>ﬁeret</strong></span> <span class='ocrx_word' id='word_1_759' title='bbox 3017 4541 3115 4594; x_wconf 85' lang='lat' dir='ltr'><strong>ego</strong></span> <span class='ocrx_word' id='word_1_760' title='bbox 3137 4542 3255 4580; x_wconf 90' lang='lat' dir='ltr'><strong>sum</strong></span> <span class='ocrx_word' id='word_1_761' title='bbox 3279 4529 3363 4580; x_wconf 70' lang='lat'><strong>7’?</strong></span> <span class='ocrx_word' id='word_1_762' title='bbox 3385 4547 3404 4578; x_wconf 71' lang='grc' dir='ltr'><strong>ι</strong></span> 
     </span>
    </p>
   </div>
   <div class='ocr_carea' id='block_1_94' title="bbox 118 4614 1726 4690">
    <p class='ocr_par' dir='ltr' id='par_1_94' title="bbox 118 4614 1726 4690">
     <span class='ocr_line' id='line_1_94' title="bbox 118 4614 1726 4690; baseline -0.001 -19"><span class='ocrx_word' id='word_1_763' title='bbox 118 4618 388 4690; x_wconf 70' lang='grc' dir='ltr'>Ἀϐραὰμ</span> <span class='ocrx_word' id='word_1_764' title='bbox 404 4615 661 4684; x_wconf 73' lang='grc' dir='ltr'>γενέσθαι</span> <span class='ocrx_word' id='word_1_765' title='bbox 684 4614 792 4682; x_wconf 78' lang='grc' dir='ltr'><strong>ἐγώ</strong></span> <span class='ocrx_word' id='word_1_766' title='bbox 815 4617 954 4684; x_wconf 89' lang='grc' dir='ltr'>εἰμι;</span> <span class='ocrx_word' id='word_1_767' title='bbox 987 4634 1004 4666; x_wconf 73' lang='grc' dir='ltr'><strong>ι</strong></span> <span class='ocrx_word' id='word_1_768' title='bbox 1030 4616 1123 4667; x_wconf 72' lang='grc' dir='ltr'><strong>καὶ</strong></span> <span class='ocrx_word' id='word_1_769' title='bbox 1144 4615 1224 4680; x_wconf 84' lang='grc' dir='ltr'><strong>τὸ,</strong></span> <span class='ocrx_word' id='word_1_770' title='bbox 1249 4634 1265 4666; x_wconf 77' lang='grc'><strong>1</strong></span> <span class='ocrx_word' id='word_1_771' title='bbox 1292 4617 1726 4671; x_wconf 75' lang='grc' dir='ltr'>Πάντοιδι”αὑτοῦ</span> 
     </span>
    </p>
   </div>
   <div class='ocr_carea' id='block_1_95' title="bbox 117 4706 1727 4781">
    <p class='ocr_par' dir='ltr' id='par_1_95' title="bbox 117 4706 1727 4781">
     <span class='ocr_line' id='line_1_95' title="bbox 117 4706 1727 4781; baseline 0 -19"><span class='ocrx_word' id='word_1_772' title='bbox 117 4712 348 4777; x_wconf 69' lang='grc' dir='ltr'>ἐγένετο</span> <span class='ocrx_word' id='word_1_773' title='bbox 374 4727 390 4775; x_wconf 89' lang='grc'><strong>;</strong></span> <span class='ocrx_word' id='word_1_774' title='bbox 420 4727 438 4760; x_wconf 74' lang='grc' dir='ltr'><strong>ι</strong></span> <span class='ocrx_word' id='word_1_775' title='bbox 493 4707 839 4778; x_wconf 85' lang='grc' dir='ltr'>Ἀδιαιρέτων</span> <span class='ocrx_word' id='word_1_776' title='bbox 872 4706 991 4758; x_wconf 57' lang='grc' dir='ltr'>τῶν</span> <span class='ocrx_word' id='word_1_777' title='bbox 1031 4707 1225 4775; x_wconf 76' lang='grc' dir='ltr'>φωνῶν</span> <span class='ocrx_word' id='word_1_778' title='bbox 1264 4708 1572 4777; x_wconf 87' lang='grc' dir='ltr'>μενουσῶν,</span> <span class='ocrx_word' id='word_1_779' title='bbox 1620 4706 1727 4781; x_wconf 79' lang='grc' dir='ltr'>ἆρα</span> 
     </span>
    </p>
   </div>
   <div class='ocr_carea' id='block_1_96' title="bbox 118 4797 1728 4870">
    <p class='ocr_par' dir='ltr' id='par_1_96' title="bbox 118 4797 1728 4870">
     <span class='ocr_line' id='line_1_96' title="bbox 118 4797 1728 4870; baseline 0.005 -26"><span class='ocrx_word' id='word_1_780' title='bbox 118 4802 482 4870; x_wconf 60' lang='grc' dir='ltr'>περιάψομεν</span> <span class='ocrx_word' id='word_1_781' title='bbox 513 4808 540 4846; x_wconf 76' lang='grc' dir='ltr'>ει</span> <span class='ocrx_word' id='word_1_782' title='bbox 575 4797 673 4865; x_wconf 84' lang='grc' dir='ltr'>τὴν</span> <span class='ocrx_word' id='word_1_783' title='bbox 707 4799 890 4867; x_wconf 77' lang='grc' dir='ltr'>φωνὴν</span> <span class='ocrx_word' id='word_1_784' title='bbox 915 4800 980 4866; x_wconf 82' lang='grc' dir='ltr'>τῇ</span> <span class='ocrx_word' id='word_1_785' title='bbox 1008 4798 1187 4866; x_wconf 78' lang='grc' dir='ltr'>φύσει,</span> <span class='ocrx_word' id='word_1_786' title='bbox 1221 4800 1284 4866; x_wconf 82' lang='grc' dir='ltr'>τῇ</span> <span class='ocrx_word' id='word_1_787' title='bbox 1321 4799 1382 4849; x_wconf 79' lang='grc' dir='ltr'>ἐκ</span> <span class='ocrx_word' id='word_1_788' title='bbox 1413 4799 1728 4868; x_wconf 88' lang='grc' dir='ltr'>σπέρματος</span> 
     </span>
    </p>
   </div>
   <div class='ocr_carea' id='block_1_97' title="bbox 119 4889 1726 4961">
    <p class='ocr_par' dir='ltr' id='par_1_97' title="bbox 119 4889 1726 4961">
     <span class='ocr_line' id='line_1_97' title="bbox 119 4889 1726 4961; baseline -0.001 -17"><span class='ocrx_word' id='word_1_789' title='bbox 119 4892 291 4945; x_wconf 77' lang='grc' dir='ltr'>Δαυῗδ</span> <span class='ocrx_word' id='word_1_790' title='bbox 356 4893 420 4943; x_wconf 80' lang='grc' dir='ltr'>ἐν</span> <span class='ocrx_word' id='word_1_791' title='bbox 475 4889 727 4958; x_wconf 83' lang='grc' dir='ltr'>ὑστέροις</span> <span class='ocrx_word' id='word_1_792' title='bbox 783 4891 992 4958; x_wconf 85' lang='grc' dir='ltr'>καιροῖς</span> <span class='ocrx_word' id='word_1_793' title='bbox 1041 4889 1333 4961; x_wconf 84' lang='grc' dir='ltr'>γενομένῃ,</span> <span class='ocrx_word' id='word_1_794' title='bbox 1367 4890 1427 4941; x_wconf 87' lang='grc' dir='ltr'><strong>τὸ</strong></span> <span class='ocrx_word' id='word_1_795' title='bbox 1481 4892 1586 4960; x_wconf 80' lang='grc' dir='ltr'><strong>πρὸ</strong></span> <span class='ocrx_word' id='word_1_796' title='bbox 1633 4890 1726 4944; x_wconf 79' lang='grc' dir='ltr'>τοῦ</span> 
     </span>
    </p>
   </div>
   <div class='ocr_carea' id='block_1_98' title="bbox 131 4976 1730 5055">
    <p class='ocr_par' dir='ltr' id='par_1_98' title="bbox 131 4976 1730 5055">
     <span class='ocr_line' id='line_1_98' title="bbox 131 4976 1730 5055; baseline -0.003 -17"><span class='ocrx_word' id='word_1_797' title='bbox 131 4984 402 5055; x_wconf 72' lang='grc' dir='ltr'>Ἀϐραὰμ.</span> <span class='ocrx_word' id='word_1_798' title='bbox 455 4983 551 5035; x_wconf 75' lang='grc' dir='ltr'><strong>καὶ</strong></span> <span class='ocrx_word' id='word_1_799' title='bbox 619 4980 783 5033; x_wconf 77' lang='grc' dir='ltr'>Δαυῒδ</span> <span class='ocrx_word' id='word_1_800' title='bbox 832 4976 992 5046; x_wconf 76' lang='grc' dir='ltr'>εἶναι,</span> <span class='ocrx_word' id='word_1_801' title='bbox 1046 4982 1137 5034; x_wconf 70' lang='grc' dir='ltr'>καὶ</span> <span class='ocrx_word' id='word_1_802' title='bbox 1179 4983 1355 5035; x_wconf 80' lang='grc' dir='ltr'>πάντα</span> <span class='ocrx_word' id='word_1_803' title='bbox 1395 4982 1461 5035; x_wconf 86' lang='grc' dir='ltr'><strong>δι’</strong></span> <span class='ocrx_word' id='word_1_804' title='bbox 1501 4983 1669 5052; x_wconf 76' lang='grc' dir='ltr'>αὐτῆς</span> <span class='ocrx_word' id='word_1_805' title='bbox 1709 4993 1730 5019; x_wconf 71' lang='grc' dir='ltr'><em>τ</em></span> 
     </span>
    </p>
   </div>
   <div class='ocr_carea' id='block_1_99' title="bbox 121 5074 1725 5146">
    <p class='ocr_par' dir='ltr' id='par_1_99' title="bbox 121 5074 1725 5146">
     <span class='ocr_line' id='line_1_99' title="bbox 121 5074 1725 5146; baseline -0.002 -17"><span class='ocrx_word' id='word_1_806' title='bbox 121 5079 386 5135; x_wconf 75' lang='grc' dir='ltr'>γενέσθαι</span> <span class='ocrx_word' id='word_1_807' title='bbox 419 5093 430 5140; x_wconf 90' lang='grc'><strong>;</strong></span> <span class='ocrx_word' id='word_1_808' title='bbox 462 5078 494 5146; x_wconf 80' lang='grc' dir='ltr'>ἢ</span> <span class='ocrx_word' id='word_1_809' title='bbox 527 5077 778 5146; x_wconf 74' lang='grc' dir='ltr'>φήσομεν</span> <span class='ocrx_word' id='word_1_810' title='bbox 809 5074 1069 5138; x_wconf 76' lang='grc' dir='ltr'>εὐσεϐῶς,</span> <span class='ocrx_word' id='word_1_811' title='bbox 1098 5074 1206 5127; x_wconf 81' lang='grc' dir='ltr'><strong>τῶν</strong></span> <span class='ocrx_word' id='word_1_812' title='bbox 1239 5074 1455 5142; x_wconf 78' lang='grc' dir='ltr'>φύσεων</span> <span class='ocrx_word' id='word_1_813' title='bbox 1486 5075 1725 5143; x_wconf 78' lang='grc' dir='ltr'>ἀσυγχύ-</span> 
     </span>
    </p>
   </div>
   <div class='ocr_carea' id='block_1_100' title="bbox 120 5165 1729 5238">
    <p class='ocr_par' dir='ltr' id='par_1_100' title="bbox 120 5165 1729 5238">
     <span class='ocr_line' id='line_1_100' title="bbox 120 5165 1729 5238; baseline -0.001 -18"><span class='ocrx_word' id='word_1_814' title='bbox 120 5187 228 5220; x_wconf 76' lang='grc' dir='ltr'><strong>των</strong></span> <span class='ocrx_word' id='word_1_815' title='bbox 266 5181 287 5206; x_wconf 78' lang='grc'>³</span> <span class='ocrx_word' id='word_1_816' title='bbox 327 5166 638 5238; x_wconf 81' lang='grc' dir='ltr'>μενουσῶν,</span> <span class='ocrx_word' id='word_1_817' title='bbox 667 5166 758 5217; x_wconf 81' lang='grc' dir='ltr'><strong>καὶ</strong></span> <span class='ocrx_word' id='word_1_818' title='bbox 785 5165 884 5235; x_wconf 74' lang='grc' dir='ltr'>τῆς</span> <span class='ocrx_word' id='word_1_819' title='bbox 914 5166 1161 5230; x_wconf 81' lang='grc' dir='ltr'>ὲνώσεως</span> <span class='ocrx_word' id='word_1_820' title='bbox 1193 5167 1498 5237; x_wconf 85' lang='grc' dir='ltr'>ἀδιαιρέτου</span> <span class='ocrx_word' id='word_1_821' title='bbox 1538 5167 1729 5235; x_wconf 81' lang='grc' dir='ltr'>ὁμολοο</span> 
     </span>
    </p>
   </div>
   <div class='ocr_carea' id='block_1_101' title="bbox 197 5343 686 5407">
    <p class='ocr_par' dir='ltr' id='par_1_101' title="bbox 197 5343 686 5407">
     <span class='ocr_line' id='line_1_101' title="bbox 197 5343 686 5407; baseline 0.006 -15"><span class='ocrx_word' id='word_1_822' title='bbox 197 5349 240 5376; x_wconf 67' lang='lat'>“</span> <span class='ocrx_word' id='word_1_823' title='bbox 273 5347 438 5399; x_wconf 78' lang='lat' dir='ltr'><strong>Jonn.</strong></span> <span class='ocrx_word' id='word_1_824' title='bbox 483 5360 554 5407; x_wconf 83' lang='lat' dir='ltr'><strong>\‘l,</strong></span> <span class='ocrx_word' id='word_1_825' title='bbox 598 5343 686 5395; x_wconf 81' lang='grc'><strong>58.</strong></span> 
     </span>
    </p>
   </div>
   <div class='ocr_carea' id='block_1_102' title="bbox 122 5414 651 5477">
    <p class='ocr_par' dir='ltr' id='par_1_102' title="bbox 122 5414 651 5477">
     <span class='ocr_line' id='line_1_102' title="bbox 122 5414 651 5477; baseline -0.011 -8"><span class='ocrx_word' id='word_1_826' title='bbox 122 5419 164 5447; x_wconf 76' lang='grc'><strong>⁷³</strong></span> <span class='ocrx_word' id='word_1_827' title='bbox 196 5421 357 5469; x_wconf 70' lang='lat' dir='ltr'><strong>1min.</strong></span> <span class='ocrx_word' id='word_1_828' title='bbox 403 5431 526 5477; x_wconf 75' lang='lat' dir='ltr'><strong>vnn,</strong></span> <span class='ocrx_word' id='word_1_829' title='bbox 560 5414 651 5465; x_wconf 74' lang='grc'><strong>58.</strong></span> 
     </span>
    </p>
   </div>
   <div class='ocr_carea' id='block_1_103' title="bbox 765 5341 1251 5408">
    <p class='ocr_par' dir='ltr' id='par_1_103' title="bbox 765 5341 1251 5408">
     <span class='ocr_line' id='line_1_103' title="bbox 765 5341 1251 5408; baseline 0.008 -15"><span class='ocrx_word' id='word_1_830' title='bbox 765 5342 809 5371; x_wconf 66' lang='grc'><strong>⁸⁷</strong></span> <span class='ocrx_word' id='word_1_831' title='bbox 855 5341 1012 5395; x_wconf 84' lang='lat' dir='ltr'><strong>Joan.</strong></span> <span class='ocrx_word' id='word_1_832' title='bbox 1035 5358 1132 5408; x_wconf 71' lang='grc' dir='ltr'>χιι,</span> <span class='ocrx_word' id='word_1_833' title='bbox 1162 5343 1251 5397; x_wconf 66' lang='grc'><strong>49.</strong></span> 
     </span>
    </p>
   </div>
   <div class='ocr_carea' id='block_1_104' title="bbox 731 5409 1110 5477">
    <p class='ocr_par' dir='ltr' id='par_1_104' title="bbox 731 5409 1110 5477">
     <span class='ocr_line' id='line_1_104' title="bbox 731 5409 1110 5477; baseline 0.005 -13"><span class='ocrx_word' id='word_1_834' title='bbox 731 5412 775 5441; x_wconf 80' lang='grc'><strong>⁷³</strong></span> <span class='ocrx_word' id='word_1_835' title='bbox 805 5409 960 5465; x_wconf 82' lang='lat' dir='ltr'><strong>Joau.</strong></span> <span class='ocrx_word' id='word_1_836' title='bbox 988 5428 1025 5477; x_wconf 89' lang='grc'><strong>1,</strong></span> <span class='ocrx_word' id='word_1_837' title='bbox 1055 5415 1110 5466; x_wconf 83' lang='grc'><strong>5.</strong></span> 
     </span>
    </p>
   </div>
   <div class='ocr_carea' id='block_1_105' title="bbox 1331 5341 1836 5406">
    <p class='ocr_par' dir='ltr' id='par_1_105' title="bbox 1331 5341 1836 5406">
     <span class='ocr_line' id='line_1_105' title="bbox 1331 5341 1836 5406; baseline 0 -10"><span class='ocrx_word' id='word_1_838' title='bbox 1331 5345 1373 5374; x_wconf 78' lang='grc'><strong>⁸⁸</strong></span> <span class='ocrx_word' id='word_1_839' title='bbox 1399 5342 1558 5396; x_wconf 84' lang='lat' dir='ltr'><strong>Joan.</strong></span> <span class='ocrx_word' id='word_1_840' title='bbox 1594 5358 1711 5406; x_wconf 87' lang='lat' dir='ltr'><strong>vm,</strong></span> <span class='ocrx_word' id='word_1_841' title='bbox 1747 5341 1836 5396; x_wconf 72' lang='grc'><strong>28.</strong></span> 
     </span>
    </p>
   </div>
   <div class='ocr_carea' id='block_1_106' title="bbox 1833 4615 3407 4684">
    <p class='ocr_par' dir='ltr' id='par_1_106' title="bbox 1833 4615 3407 4684">
     <span class='ocr_line' id='line_1_106' title="bbox 1833 4615 3407 4684; baseline 0.004 -18"><span class='ocrx_word' id='word_1_842' title='bbox 1833 4624 1884 4667; x_wconf 90' lang='lat' dir='ltr'><strong>et</strong></span> <span class='ocrx_word' id='word_1_843' title='bbox 1923 4615 2022 4667; x_wconf 88' lang='lat' dir='ltr'><strong>hoc</strong></span> <span class='ocrx_word' id='word_1_844' title='bbox 2055 4632 2065 4665; x_wconf 91' lang='lat'><strong>:</strong></span> <span class='ocrx_word' id='word_1_845' title='bbox 2111 4631 2128 4664; x_wconf 76' lang='grc' dir='ltr'><strong>ι</strong></span> <span class='ocrx_word' id='word_1_846' title='bbox 2169 4616 2361 4669; x_wconf 85' lang='lat' dir='ltr'><strong>Onmia</strong></span> <span class='ocrx_word' id='word_1_847' title='bbox 2400 4633 2493 4684; x_wconf 80' lang='lat' dir='ltr'><strong>per</strong></span> <span class='ocrx_word' id='word_1_848' title='bbox 2524 4617 2695 4684; x_wconf 85' lang='lat' dir='ltr'><strong>ipsum</strong></span> <span class='ocrx_word' id='word_1_849' title='bbox 2743 4618 2879 4671; x_wconf 79' lang='lat' dir='ltr'><strong>facta</strong></span> <span class='ocrx_word' id='word_1_850' title='bbox 2913 4631 3039 4671; x_wconf 89' lang='lat' dir='ltr'><strong>sunt</strong></span> <span class='ocrx_word' id='word_1_851' title='bbox 3075 4620 3150 4683; x_wconf 87' lang='grc'><strong>⁷³;</strong></span> <span class='ocrx_word' id='word_1_852' title='bbox 3186 4639 3202 4669; x_wconf 73' lang='grc' dir='ltr'><strong>ι</strong></span> <span class='ocrx_word' id='word_1_853' title='bbox 3242 4620 3285 4673; x_wconf 88' lang='lat' dir='ltr'><strong>si</strong></span> <span class='ocrx_word' id='word_1_854' title='bbox 3323 4620 3407 4672; x_wconf 80' lang='lat' dir='ltr'><strong>in-</strong></span> 
     </span>
    </p>
   </div>
   <div class='ocr_carea' id='block_1_107' title="bbox 1833 4707 3406 4778">
    <p class='ocr_par' dir='ltr' id='par_1_107' title="bbox 1833 4707 3406 4778">
     <span class='ocr_line' id='line_1_107' title="bbox 1833 4707 3406 4778; baseline 0.003 -18"><span class='ocrx_word' id='word_1_855' title='bbox 1833 4707 2080 4760; x_wconf 69' lang='lat' dir='ltr'><strong>discretm</strong></span> <span class='ocrx_word' id='word_1_856' title='bbox 2111 4721 2364 4761; x_wconf 73' lang='lat' dir='ltr'><strong>zzzaiieaiit</strong></span> <span class='ocrx_word' id='word_1_857' title='bbox 2393 4710 2594 4762; x_wconf 85' lang='lat' dir='ltr'><strong>voces?</strong></span> <span class='ocrx_word' id='word_1_858' title='bbox 2619 4710 2754 4763; x_wconf 82' lang='lat' dir='ltr'><strong>Num</strong></span> <span class='ocrx_word' id='word_1_859' title='bbox 2782 4711 3088 4778; x_wconf 85' lang='lat' dir='ltr'><strong>aptabimus</strong></span> <span class='ocrx_word' id='word_1_860' title='bbox 3118 4725 3279 4766; x_wconf 84' lang='lat' dir='ltr'><strong>voces</strong></span> <span class='ocrx_word' id='word_1_861' title='bbox 3308 4712 3406 4764; x_wconf 87' lang='lat' dir='ltr'><strong>has</strong></span> 
     </span>
    </p>
   </div>
   <div class='ocr_carea' id='block_1_108' title="bbox 1833 4799 3411 4871">
    <p class='ocr_par' dir='ltr' id='par_1_108' title="bbox 1833 4799 3411 4871">
     <span class='ocr_line' id='line_1_108' title="bbox 1833 4799 3411 4871; baseline 0.004 -22"><span class='ocrx_word' id='word_1_862' title='bbox 1833 4806 2063 4860; x_wconf 70' lang='lat' dir='ltr'><strong>natum,</strong></span> <span class='ocrx_word' id='word_1_863' title='bbox 2090 4813 2206 4866; x_wconf 72' lang='lat' dir='ltr'><strong>qua:</strong></span> <span class='ocrx_word' id='word_1_864' title='bbox 2229 4814 2292 4851; x_wconf 80' lang='lat' dir='ltr'><strong>ex</strong></span> <span class='ocrx_word' id='word_1_865' title='bbox 2321 4800 2526 4854; x_wconf 88' lang='lat' dir='ltr'><strong>semine</strong></span> <span class='ocrx_word' id='word_1_866' title='bbox 2555 4799 2719 4853; x_wconf 73' lang='lat' dir='ltr'><strong>David</strong></span> <span class='ocrx_word' id='word_1_867' title='bbox 2747 4801 3054 4855; x_wconf 86' lang='lat' dir='ltr'><strong>novissimis</strong></span> <span class='ocrx_word' id='word_1_868' title='bbox 3079 4803 3411 4871; x_wconf 90' lang='lat' dir='ltr'><strong>temporibus</strong></span> 
     </span>
    </p>
   </div>
   <div class='ocr_carea' id='block_1_109' title="bbox 1835 4872 3412 4958">
    <p class='ocr_par' dir='ltr' id='par_1_109' title="bbox 1835 4872 3412 4958">
     <span class='ocr_line' id='line_1_109' title="bbox 1835 4872 3412 4958; baseline 0.003 -19"><span class='ocrx_word' id='word_1_869' title='bbox 1835 4888 1972 4942; x_wconf 84' lang='lat' dir='ltr'><strong>facta</strong></span> <span class='ocrx_word' id='word_1_870' title='bbox 1998 4897 2098 4955; x_wconf 87' lang='lat' dir='ltr'><strong>est,</strong></span> <span class='ocrx_word' id='word_1_871' title='bbox 2133 4903 2324 4958; x_wconf 87' lang='lat' dir='ltr'><strong>nempe</strong></span> <span class='ocrx_word' id='word_1_872' title='bbox 2351 4891 2491 4957; x_wconf 75' lang='lat' dir='ltr'><strong>quod</strong></span> <span class='ocrx_word' id='word_1_873' title='bbox 2525 4892 2737 4946; x_wconf 86' lang='lat' dir='ltr'><strong>silantc</strong></span> <span class='ocrx_word' id='word_1_874' title='bbox 2764 4872 3031 4945; x_wconf 80' lang='lat' dir='ltr'><strong>Abraham</strong></span> <span class='ocrx_word' id='word_1_875' title='bbox 3064 4901 3118 4946; x_wconf 92' lang='lat' dir='ltr'><strong>et</strong></span> <span class='ocrx_word' id='word_1_876' title='bbox 3146 4892 3333 4957; x_wconf 85' lang='lat' dir='ltr'><strong>David,</strong></span> <span class='ocrx_word' id='word_1_877' title='bbox 3359 4904 3412 4946; x_wconf 88' lang='lat' dir='ltr'><strong>et</strong></span> 
     </span>
    </p>
   </div>
   <div class='ocr_carea' id='block_1_110' title="bbox 1834 4978 3410 5050">
    <p class='ocr_par' dir='ltr' id='par_1_110' title="bbox 1834 4978 3410 5050">
     <span class='ocr_line' id='line_1_110' title="bbox 1834 4978 3410 5050; baseline 0.001 -19"><span class='ocrx_word' id='word_1_878' title='bbox 1834 4978 2012 5031; x_wconf 88' lang='lat' dir='ltr'><strong>omnia</strong></span> <span class='ocrx_word' id='word_1_879' title='bbox 2041 4995 2135 5047; x_wconf 91' lang='lat' dir='ltr'><strong>per</strong></span> <span class='ocrx_word' id='word_1_880' title='bbox 2159 4980 2328 5046; x_wconf 91' lang='lat' dir='ltr'><strong>ipsam</strong></span> <span class='ocrx_word' id='word_1_881' title='bbox 2362 4981 2498 5033; x_wconf 83' lang='lat' dir='ltr'><strong>facta</strong></span> <span class='ocrx_word' id='word_1_882' title='bbox 2527 4981 2678 5034; x_wconf 86' lang='lat' dir='ltr'><strong>sint?</strong></span> <span class='ocrx_word' id='word_1_883' title='bbox 2704 4996 2768 5034; x_wconf 91' lang='lat' dir='ltr'><strong>an</strong></span> <span class='ocrx_word' id='word_1_884' title='bbox 2803 4982 3042 5035; x_wconf 89' lang='lat' dir='ltr'><strong>dicemus</strong></span> <span class='ocrx_word' id='word_1_885' title='bbox 3070 4981 3175 5050; x_wconf 88' lang='lat' dir='ltr'><strong>pie,</strong></span> <span class='ocrx_word' id='word_1_886' title='bbox 3205 4983 3410 5035; x_wconf 83' lang='lat' dir='ltr'><strong>naturis</strong></span> 
     </span>
    </p>
   </div>
   <div class='ocr_carea' id='block_1_111' title="bbox 1837 5071 3413 5140">
    <p class='ocr_par' dir='ltr' id='par_1_111' title="bbox 1837 5071 3413 5140">
     <span class='ocr_line' id='line_1_111' title="bbox 1837 5071 3413 5140; baseline -0.001 -15"><span class='ocrx_word' id='word_1_887' title='bbox 1837 5071 2133 5126; x_wconf 78' lang='lat' dir='ltr'><strong>inconfusis</strong></span> <span class='ocrx_word' id='word_1_888' title='bbox 2165 5073 2524 5136; x_wconf 85' lang='lat' dir='ltr'><strong>manentibus,</strong></span> <span class='ocrx_word' id='word_1_889' title='bbox 2555 5081 2610 5124; x_wconf 87' lang='lat' dir='ltr'><strong>et</strong></span> <span class='ocrx_word' id='word_1_890' title='bbox 2643 5072 2883 5124; x_wconf 82' lang='lat' dir='ltr'><strong>unitione</strong></span> <span class='ocrx_word' id='word_1_891' title='bbox 2925 5072 3274 5140; x_wconf 87' lang='lat' dir='ltr'><strong>inseparabili</strong></span> <span class='ocrx_word' id='word_1_892' title='bbox 3319 5088 3413 5140; x_wconf 89' lang='lat' dir='ltr'><strong>po-</strong></span> 
     </span>
    </p>
   </div>
   <div class='ocr_carea' id='block_1_112' title="bbox 1836 5163 3409 5232">
    <p class='ocr_par' dir='ltr' id='par_1_112' title="bbox 1836 5163 3409 5232">
     <span class='ocr_line' id='line_1_112' title="bbox 1836 5163 3409 5232; baseline -0.002 -14"><span class='ocrx_word' id='word_1_893' title='bbox 1836 5167 1960 5228; x_wconf 88' lang='lat' dir='ltr'><strong>sita,</strong></span> <span class='ocrx_word' id='word_1_894' title='bbox 1991 5165 2162 5231; x_wconf 86' lang='lat' dir='ltr'><strong>aptari</strong></span> <span class='ocrx_word' id='word_1_895' title='bbox 2192 5163 2409 5232; x_wconf 90' lang='lat' dir='ltr'><strong>quidem</strong></span> <span class='ocrx_word' id='word_1_896' title='bbox 2454 5163 2550 5216; x_wconf 86' lang='lat' dir='ltr'><strong>has</strong></span> <span class='ocrx_word' id='word_1_897' title='bbox 2599 5179 2757 5216; x_wconf 89' lang='lat' dir='ltr'><strong>voces</strong></span> <span class='ocrx_word' id='word_1_898' title='bbox 2805 5166 3099 5217; x_wconf 89' lang='lat' dir='ltr'><strong>secundum</strong></span> <span class='ocrx_word' id='word_1_899' title='bbox 3139 5165 3409 5216; x_wconf 88' lang='lat' dir='ltr'><strong>unitarnm</strong></span> 
     </span>
    </p>
   </div>
   <div class='ocr_carea' id='block_1_113' title="bbox 1915 5338 3402 5405">
    <p class='ocr_par' dir='ltr' id='par_1_113' title="bbox 1915 5338 3402 5405">
     <span class='ocr_line' id='line_1_113' title="bbox 1915 5338 3402 5405; baseline -0.001 -11"><span class='ocrx_word' id='word_1_900' title='bbox 1915 5340 1959 5371; x_wconf 69' lang='lat'><strong>‘9</strong></span> <span class='ocrx_word' id='word_1_901' title='bbox 1988 5338 2142 5394; x_wconf 85' lang='lat' dir='ltr'><strong>Joan.</strong></span> <span class='ocrx_word' id='word_1_902' title='bbox 2179 5356 2268 5405; x_wconf 83' lang='lat' dir='ltr'><strong>xx,</strong></span> <span class='ocrx_word' id='word_1_903' title='bbox 2301 5340 2385 5394; x_wconf 80' lang='grc'><strong>17.</strong></span> <span class='ocrx_word' id='word_1_904' title='bbox 2463 5341 2508 5371; x_wconf 86' lang='grc'>⁷⁰</span> <span class='ocrx_word' id='word_1_905' title='bbox 2532 5338 2687 5395; x_wconf 86' lang='lat' dir='ltr'><strong>Joan.</strong></span> <span class='ocrx_word' id='word_1_906' title='bbox 2717 5354 2772 5404; x_wconf 79' lang='lat' dir='ltr'><strong>x,</strong></span> <span class='ocrx_word' id='word_1_907' title='bbox 2805 5339 2898 5395; x_wconf 83' lang='lat'><strong>50.</strong></span> <span class='ocrx_word' id='word_1_908' title='bbox 2975 5341 3017 5371; x_wconf 84' lang='lat'>“</span> <span class='ocrx_word' id='word_1_909' title='bbox 3052 5339 3280 5399; x_wconf 84' lang='lat' dir='ltr'><strong>Joan.v.</strong></span> <span class='ocrx_word' id='word_1_910' title='bbox 3312 5343 3402 5395; x_wconf 64' lang='grc' dir='ltr'><strong>ει.</strong></span> 
     </span>
    </p>
   </div>
   <div class='ocr_carea' id='block_1_114' title="bbox 1228 5563 2419 5633">
    <p class='ocr_par' dir='ltr' id='par_1_114' title="bbox 1228 5563 2419 5633">
     <span class='ocr_line' id='line_1_114' title="bbox 1228 5563 2419 5633; baseline 0.003 -17"><span class='ocrx_word' id='word_1_911' title='bbox 1228 5564 1399 5617; x_wconf 66' lang='lat' dir='ltr'><strong>Val-im</strong></span> <span class='ocrx_word' id='word_1_912' title='bbox 1435 5564 1694 5617; x_wconf 86' lang='lat' dir='ltr'><strong>lectiones</strong></span> <span class='ocrx_word' id='word_1_913' title='bbox 1728 5578 1792 5615; x_wconf 76' lang='lat' dir='ltr'><strong>ex</strong></span> <span class='ocrx_word' id='word_1_914' title='bbox 1821 5563 2007 5617; x_wconf 90' lang='lat' dir='ltr'><strong>codice</strong></span> <span class='ocrx_word' id='word_1_915' title='bbox 2039 5563 2419 5633; x_wconf 78' lang='lat' dir='ltr'><strong>Seguieriano.</strong></span> 
     </span>
    </p>
   </div>
   <div class='ocr_carea' id='block_1_115' title="bbox 203 5729 413 5781">
    <p class='ocr_par' dir='ltr' id='par_1_115' title="bbox 203 5729 413 5781">
     <span class='ocr_line' id='line_1_115' title="bbox 203 5729 413 5781; baseline 0 0"><span class='ocrx_word' id='word_1_916' title='bbox 203 5735 220 5774; x_wconf 80' lang='grc' dir='ltr'>ἱ</span> <span class='ocrx_word' id='word_1_917' title='bbox 263 5729 413 5781; x_wconf 68' lang='grc' dir='ltr'>οὐδὲ.</span> 
     </span>
    </p>
   </div>
   <div class='ocr_carea' id='block_1_116' title="bbox 199 5791 1414 5866">
    <p class='ocr_par' dir='ltr' id='par_1_116' title="bbox 199 5791 1414 5866">
     <span class='ocr_line' id='line_1_116' title="bbox 199 5791 1414 5866; baseline -0.004 -16"><span class='ocrx_word' id='word_1_918' title='bbox 199 5812 226 5850; x_wconf 78' lang='grc' dir='ltr'><strong>Ρ</strong></span> <span class='ocrx_word' id='word_1_919' title='bbox 265 5801 442 5866; x_wconf 76' lang='grc' dir='ltr'>ἴσως,</span> <span class='ocrx_word' id='word_1_920' title='bbox 478 5794 568 5850; x_wconf 71' lang='grc' dir='ltr'><strong>αὖ.</strong></span> <span class='ocrx_word' id='word_1_921' title='bbox 649 5806 675 5845; x_wconf 77' lang='grc' dir='ltr'><strong>ει</strong></span> <span class='ocrx_word' id='word_1_922' title='bbox 702 5793 1086 5865; x_wconf 67' lang='grc' dir='ltr'>περιάψωμεν.</span> <span class='ocrx_word' id='word_1_923' title='bbox 1170 5801 1189 5828; x_wconf 74' lang='grc' dir='ltr'><em>τ</em></span> <span class='ocrx_word' id='word_1_924' title='bbox 1230 5791 1414 5845; x_wconf 73' lang='grc' dir='ltr'>αὑτοῦ.</span> 
     </span>
    </p>
   </div>
   <div class='ocr_carea' id='block_1_117' title="bbox 649 5793 1086 5865">
    <p class='ocr_par' dir='ltr' id='par_1_117' title="bbox 649 5793 1086 5865">
     <span class='ocr_line' id='line_1_117' title="bbox 649 5793 1086 5865; baseline 0 -19"><span class='ocrx_word' id='word_1_925' title='bbox 649 5806 675 5845; x_wconf 78' lang='grc' dir='ltr'>ει</span> <span class='ocrx_word' id='word_1_926' title='bbox 702 5793 1086 5865; x_wconf 67' lang='grc' dir='ltr'>περιάψωμεν.</span> 
     </span>
    </p>
   </div>
   <div class='ocr_carea' id='block_1_118' title="bbox 499 5717 3413 5844">
    <p class='ocr_par' dir='ltr' id='par_1_118' title="bbox 499 5717 3413 5844">
     <span class='ocr_line' id='line_1_118' title="bbox 499 5717 3413 5800; baseline 0.008 -39"><span class='ocrx_word' id='word_1_927' title='bbox 499 5739 511 5776; x_wconf 75' lang='grc' dir='ltr'>ι</span> <span class='ocrx_word' id='word_1_928' title='bbox 553 5726 650 5779; x_wconf 55' lang='grc' dir='ltr'>δεῖ,</span> <span class='ocrx_word' id='word_1_929' title='bbox 700 5725 723 5762; x_wconf 82' lang='lat' dir='ltr'><strong>k</strong></span> <span class='ocrx_word' id='word_1_930' title='bbox 762 5723 928 5788; x_wconf 77' lang='grc' dir='ltr'>ἴσως,</span> <span class='ocrx_word' id='word_1_931' title='bbox 956 5723 1049 5776; x_wconf 67' lang='grc' dir='ltr'><strong>κιαᾶ⁷</strong></span> <span class='ocrx_word' id='word_1_932' title='bbox 1082 5717 1160 5784; x_wconf 76' lang='grc' dir='ltr'>εἷς</span> <span class='ocrx_word' id='word_1_933' title='bbox 1188 5724 1214 5773; x_wconf 90' lang='grc' dir='ltr'>ὁ</span> <span class='ocrx_word' id='word_1_934' title='bbox 1245 5721 1392 5782; x_wconf 76' lang='grc' dir='ltr'><strong>Υἱός.</strong></span> <span class='ocrx_word' id='word_1_935' title='bbox 1448 5717 1464 5758; x_wconf 76' lang='grc' dir='ltr'>ι</span> <span class='ocrx_word' id='word_1_936' title='bbox 1501 5720 1592 5772; x_wconf 66' lang='grc' dir='ltr'>καὶ</span> <span class='ocrx_word' id='word_1_937' title='bbox 1626 5721 1741 5781; x_wconf 78' lang='grc' dir='ltr'>ἐνὸς</span> <span class='ocrx_word' id='word_1_938' title='bbox 1768 5719 1919 5774; x_wconf 81' lang='grc' dir='ltr'><strong>Υἱοῦ,</strong></span> <span class='ocrx_word' id='word_1_939' title='bbox 1964 5737 1996 5759; x_wconf 76' lang='grc' dir='ltr'><strong>πη</strong></span> <span class='ocrx_word' id='word_1_940' title='bbox 2027 5721 2271 5793; x_wconf 72' lang='grc' dir='ltr'>διαιρεῖν.</span> <span class='ocrx_word' id='word_1_941' title='bbox 2347 5729 2374 5758; x_wconf 70' lang='grc'><strong><em>³</em></strong></span> <span class='ocrx_word' id='word_1_942' title='bbox 2408 5722 2502 5793; x_wconf 75' lang='grc' dir='ltr'>τῆς</span> <span class='ocrx_word' id='word_1_943' title='bbox 2528 5722 2686 5778; x_wconf 69' lang='grc' dir='ltr'>Δανῒδ</span> <span class='ocrx_word' id='word_1_944' title='bbox 2719 5727 2936 5796; x_wconf 77' lang='grc' dir='ltr'>σαρκός.</span> <span class='ocrx_word' id='word_1_945' title='bbox 2983 5736 3008 5764; x_wconf 78' lang='grc'><strong>’³</strong></span> <span class='ocrx_word' id='word_1_946' title='bbox 3041 5727 3179 5781; x_wconf 83' lang='grc' dir='ltr'>κατὰ</span> <span class='ocrx_word' id='word_1_947' title='bbox 3211 5729 3413 5800; x_wconf 77' lang='grc' dir='ltr'>σάρκα.</span> 
     </span>
     <span class='ocr_line' id='line_1_119' title="bbox 499 5790 1886 5844; baseline 0 0"><span class='ocrx_word' id='word_1_948' title='bbox 499 5794 568 5844; x_wconf 70' lang='grc' dir='ltr'><em>ὦ.</em></span> <span class='ocrx_word' id='word_1_949' title='bbox 649 5806 675 5844; x_wconf 80' lang='grc' dir='ltr'>ιι</span> <span class='ocrx_word' id='word_1_950' title='bbox 702 5793 1086 5844; x_wconf 73' lang='grc' dir='ltr'>πεοιάὼοιιιεν.</span> <span class='ocrx_word' id='word_1_951' title='bbox 1170 5801 1189 5828; x_wconf 74' lang='grc' dir='ltr'><em>τ</em></span> <span class='ocrx_word' id='word_1_952' title='bbox 1230 5791 1414 5844; x_wconf 74' lang='grc' dir='ltr'>αὑτοῦ.</span> <span class='ocrx_word' id='word_1_953' title='bbox 1493 5808 1514 5844; x_wconf 86' lang='grc'><strong>,1</strong></span> <span class='ocrx_word' id='word_1_954' title='bbox 1549 5790 1886 5844; x_wconf 74' lang='grc' dir='ltr'>ἁσυγγύτως.</span> 
     </span>
    </p>
   </div>
   <div class='ocr_carea' id='block_1_119' title="bbox 1493 5807 1886 5859">
    <p class='ocr_par' dir='ltr' id='par_1_119' title="bbox 1493 5807 1886 5859">
     <span class='ocr_line' id='line_1_120' title="bbox 1493 5807 1886 5859; baseline 0 -15"><span class='ocrx_word' id='word_1_955' title='bbox 1493 5808 1514 5844; x_wconf 84' lang='grc'><strong>,1</strong></span> <span class='ocrx_word' id='word_1_956' title='bbox 1549 5807 1886 5859; x_wconf 80' lang='grc' dir='ltr'>ασυγχυτως.</span> 
     </span>
    </p>
   </div>
  </div>
