4042 6448
158 347 257 405 337

778 354 1309 419 APOLOGETICUS
1349 362 1487 422 PRO
1528 366 1623 422 ιιι
1661 367 2028 428 CAPITIBUS
2067 371 2351 430 CONTRA
2388 374 2846 436 ORIENTALES.

3310 388 3414 445 338

155 464 286 516 στόν.
319 465 451 517 Ὅτι
474 466 533 519 δὲ
558 469 654 522 καὶ
683 471 868 537 αὐτοῖς
892 477 1008 540 τοῖς
1035 481 1165 548 παρ’
1196 481 1355 552 ἡμῶν
1378 486 1718 558 συμφέροντα

1842 489 2035 545 eritex
2067 492 2153 549 his
2192 508 2313 563 quas
2340 497 2678 567 scripserunt
2742 509 2800 555 et
2865 502 3130 563 sentiunt.
3198 505 3413 567 Habent

150 552 344 621 λόγοις,
377 556 543 627 δῆλον
572 559 640 614 ἂν
671 561 758 633 εἴη
785 563 1053 634 δήπουθεν
1086 570 1145 633 ἐξ
1183 565 1259 627 ὧν
1284 552 1615 646 γεγράφασι,
1646 584 1718 634 κα

1839 590 2017 636 autem
2054 585 2134 638 sic
2166 601 2180 638 :
2207 585 2487 658 Tanquam
2517 603 2645 645 vero
2668 593 2915 661 personis
2943 593 3258 660 duabus,vel
3278 604 3411 656 sub-

147 650 363 713 φρονεῖν
403 650 717 718 ἐγνώκασιν
743 672 757 686 ·
802 656 917 728 ἔχει
956 660 1014 715 δὲ
1057 662 1233 729 οὕτως
1257 681 1274 699 ο
1342 667 1431 733 Ὦς
1460 670 1518 724 δὲ
1567 689 1735 745 προσ-

144 736 330 803 ώποις,
355 740 392 811 ἢ
421 742 453 782 b
476 744 811 801 ὑποστάσεσι
832 750 1004 819 δυσὶν,
1034 755 1065 825 ἢ
1099 757 1236 821 υίοῐς
1253 758 1375 813 δυσὶ
1398 736 1737 835 διαιροῦντας

141 830 230 899 τὴν
254 831 488 901 ἕνωσιν,
524 837 696 907 ήγουν
725 842 815 894 τὸν
844 844 938 897 ἕνα
964 846 1112 910 Υίὸν,
1135 848 1239 914 τὰς
1273 854 1459 921 φωνὰς
1488 830 1735 929 ἑνιραρμόζ

140 922 248 984 ζειν
277 924 341 976 οὐ
370 924 493 978 δείο
547 929 858 1024 ἀδιαίρετος
892 935 1000 1008 γὰρ
1032 939 1128 993 καὶ
1159 941 1466 1014 άχώριστος
1589 922 1735 1024 άκρα

142 1016 337 1079 ἔνωσις
361 1030 380 1047 ⁸
430 1019 533 1072 καὶ
562 1023 592 1075 ό
622 1017 704 1087 εἷς
739 1024 867 1089 Υἱὸς
892 1028 1035 1083 κατὰ
1078 1031 1257 1089 πάντα
1285 1038 1380 1091 καὶ
1418 1016 1594 1108 λόγον,
1641 1016 1736 1098 καὶ

134 1107 360 1176 τρόπον,
406 1112 510 1163 καὶ
548 1112 759 1168 ἔννοιάν
798 1118 938 1174 ἐστι.
980 1120 1091 1193 Τῆς
1144 1123 1203 1176 δὲ
1264 1126 1442 1199 ἄκρας
1489 1107 1735 1198 ἑνώσεως

132 1196 585 1290 ξυλαττομένης,
627 1204 723 1258 καὶ
754 1206 848 1264 τοῦ
876 1209 994 1273 ἑνὸς
1027 1212 1181 1280 Υίοῦ,
1214 1217 1309 1271 καὶ
1335 1196 1599 1290 Χριστοῦ,
1641 1196 1733 1279 καί

131 1287 339 1359 Κυρίου
372 1293 846 1367 ὁμολογουμένου,
878 1302 1008 1374 περὶ
1046 1305 1138 1360 τὸν
1169 1307 1265 1363 ἕνα
1318 1287 1414 1365 καλ
1448 1314 1541 1369 τὸν
1570 1287 1731 1370 αὑτὸν

130 1378 255 1432 Υίὸν
283 1381 633 1440 ἐπιλαϐέσθαι
675 1398 698 1427 ε
758 1392 865 1463 χρὴ
905 1393 973 1447 τὰ
1005 1395 1308 1469 λεγόμενα’
1358 1406 1498 1457 κατὰ
1549 1406 1729 1476 μέντοι

126 1470 219 1541 τὴν
266 1472 389 1528 τῶν
435 1476 747 1533 ἑνωθεισῶν
794 1484 1013 1552 φύσεων
1052 1488 1281 1561 δύναμιν
1323 1470 1731 1565 ὲφαρμόξεσθαι

126 1564 335 1632 πρέπει
404 1567 491 1638 τῷ
526 1570 609 1624 ἑνὶ
664 1573 779 1645 Υἱῷ
814 1574 883 1629 τὰ
924 1577 1215 1651 λεγόμενα.
1260 1564 1481 1640 Οὐκοῦν
1500 1588 1602 1659 τῆς
1650 1592 1730 1655 εις

124 1655 294 1725 ἄκρον
359 1660 625 1727 ἑνώσεως
713 1667 1050 1740 σωζομένης,
1106 1675 1235 1729 ποία
1293 1655 1641 1748 παρείσδυσις
1694 1685 1728 1754 ἢ

121 1748 251 1815 γοῦν
309 1755 603 1817 φαντασία
652 1761 829 1827 τομῆς
866 1765 1307 1834 παρεισκρίνοιτο
1341 1769 1406 1821 ἂν
1436 1770 1549 1836 Eu;
1579 1776 1671 1826 καὶ

1839 672 2101 729 sistentiis
2135 678 2365 745 duabus,
2402 680 2486 734 vel
2540 681 2670 736 [iliis
2698 682 2929 749 duobus,
2981 686 3271 745 dividendo
3291 693 3413 746 uni—

1818 764 2063 829 tionem,
2090 768 2191 823 hoc
2213 778 2299 823 est
2322 787 2485 826 unum
2518 773 2904 840 Filium,voces
2935 791 3123 847 aptare
3146 796 3253 835 non
3282 798 3405 838 con-

1839 856 2001 909 venit.
2032 856 2384 915 lndivisibilis
2410 863 2553 918 enim
2592 873 2647 919 et
2677 865 3050 937 inseparabilis
3080 879 3163 925 est
3199 886 3407 925 summa

1837 945 2029 1008 unitio,
2069 954 2123 1000 ct
2145 963 2283 1003 unus
2320 949 2491 1006 Filius
2518 961 2603 1008 est
2638 956 2935 1012 secundum
2987 973 3203 1014 omnem
3244 964 3411 1017 ratio-

1836 1050 1958 1089 nem
1987 1045 2041 1089 et
2072 1039 2289 1093 modum
2329 1052 2383 1095 et
2408 1044 2815 1112 cogitationem.
2859 1048 2917 1103 Si
2968 1058 3154 1105 autem
3198 1068 3407 1107 summa

1837 1128 2011 1181 nnitio
2044 1142 2311 1196 servetur,
2347 1144 2401 1188 et
2442 1151 2579 1191 unus
2609 1136 2778 1192 Filius
2798 1150 2853 1193 et
2879 1140 3125 1197 Christus
3146 1153 3203 1197 et
3225 1143 3409 1200 Domi-

1836 1234 1937 1273 nus
1971 1229 2222 1289 ponatur,
2256 1224 2322 1278 de
2355 1240 2460 1280 uno
2490 1237 2545 1280 et
2569 1230 2761 1284 eodem
2796 1229 2932 1285 Filio
2962 1234 3212 1303 accipere
3242 1250 3407 1305 opor-

1838 1318 1934 1374 tet,
1973 1325 2092 1379 quae
2119 1313 2377 1368 dicuntur
2406 1333 2419 1369 :
2452 1317 2546 1371 sed
2581 1327 2760 1374 tamen
2793 1323 3088 1378 secundum
3133 1327 3406 1380 unitarum

1834 1410 2147 1456 naturarum
2193 1405 2446 1461 virtutem
2478 1412 2892 1467 accommodare
2924 1416 3080 1469 decet
3128 1418 3218 1470 uni
3246 1417 3404 1481 Filio,

1832 1504 1955 1559 quae
1981 1492 2257 1549 dicuntur.
2286 1496 2456 1566 Igitur
2489 1499 2615 1553 dum
2639 1512 2890 1556 servatur
2940 1520 3153 1560 summa
3202 1509 3405 1573 unitas,

1831 1582 2006 1649 qualis
2039 1583 2281 1653 irreptio,
2316 1588 2399 1642 vel
2427 1588 2615 1644 saltem
2646 1590 2957 1662 imaginatio
2978 1597 3404 1654 sectionisindu-

1831 1671 2083 1728 cer'etur?
2115 1675 2301 1746 Et‘qui
2337 1681 2499 1735 audet
2526 1682 2793 1751 dividere,
2818 1688 3089 1755 quomodo
3113 1705 3217 1743 non
3253 1699 3406 1745 extra

1834 1770 2039 1817 rectam
2108 1766 2249 1820 viam
2308 1767 2608 1833 incedit,et
2665 1786 2695 1826 a
2737 1773 2950 1840 pietatis
2982 1776 3320 1844 dogmatibus
3349 1780 3405 1832 in

123 1841 375 1908 μερίζειν
402 1843 735 1914 άποτολμῶν
758 1848 873 1913 πῶς
892 1829 992 1905 οὐκ
1014 1829 1120 1919 ἔξω
1146 1857 1372 1928 φέρεται
1394 1862 1491 1933 τῆς
1513 1829 1718 1930 εὐθείας

1834 1854 2142 1910 universum
2184 1829 2585 1925 recedit‘lQuid
2648 1829 2812 1931 igitur
2860 1864 2994 1918 dicit
3045 1829 3406 1922 anathemati-

117 1931 258 1996 ὁδοῦ,
313 1934 419 1987 καὶ
472 1935 587 1989 τῶν
629 1942 730 2009 τῆς
782 1942 1064 2010 εὐσεϐείας
1114 1948 1403 2021 δογμάτων
1450 1931 1532 2020 είς
1584 1940 1729 2013 iactv

116 2024 448 2093 ἁποφοιτῶν
476 2044 490 2093 ;
529 2029 595 2081 Τί
637 2027 732 2084 οὖν
765 2050 931 2103 φησιν
964 2040 993 2091 ὁ
1032 2041 1522 2115 άναθεματισμός;
1555 2050 1623 2101 El’
1648 2066 1729 2113 τις

118 2117 353 2205 μερίζει
377 2118 480 2205 τὰς
525 2121 711 2187 φωνὰς
741 2125 885 2179 κατά
914 2143 977 2194 γε
1003 2132 1214 2183 τουτονὶ
1249 2132 1342 2185 τὸν
1376 2136 1601 2205 τρόπον,
1633 2141 1729 2193 καὶ

114 2201 208 2261 τὰς
237 2200 265 2238 ἀ
293 2203 403 2271 μὲν
426 2204 506 2265 ὼς
534 2206 808 2281 ἀνθρώπῳ
824 2213 975 2285 παρὰ
1001 2216 1092 2269 τὸν
1108 2219 1171 2271 ὲκ
1195 2220 1330 2274 Θεοῦ
1351 2200 1523 2292 Λόγον
1546 2200 1727 2291 teme;

116 2293 405 2363 νοουμένῳ
448 2299 814 2370 προσάπτειν,
872 2306 966 2371 τὰς
1011 2309 1068 2361 δὲ
1111 2310 1187 2374 ὡς
1224 2311 1548 2385 θεοπρεπείς
1579 2320 1726 2389 μόνῳ

113 2382 189 2451 τῷ
223 2385 293 2437 ὲκ
326 2385 475 2440 Θεοῦ
518 2392 714 2461 Λόγῳ·
744 2396 995 2468 ἀνάθεμα
1059 2400 1218 2457 ἔστω.
1268 2406 1332 2458 Ei
1364 2382 1483 2477 pév
1529 2382 1623 2464 οῦν
1674 2382 1727 2465 οἱ

114 2475 434 2543 διιστάντες
465 2493 489 2519 ε
528 2485 623 2535 καὶ
648 2484 980 2557 διορίζοντες
1006 2494 1086 2554 εἰς
1116 2475 1404 2564 ἄνθρωπον
1433 2500 1616 2567 ίδικῶς
1663 2521 1725 2558 τε

115 2567 205 2617 καὶ
242 2568 355 2622 ἀνὰ
404 2570 598 2640 μέρος,
638 2576 732 2627 καὶ
777 2577 856 2638 εἰς
899 2578 1031 2631 Θεὸν
1084 2582 1256 2651 Λόγον
1294 2586 1477 2651 ίδικῶς
1521 2606 1580 2642 τε
1629 2592 1725 2644 καὶ

112 2654 223 2709 ἀνάλ
264 2656 467 2726 μέρος,
502 2660 563 2711 οὐ
602 2663 885 2731 μερίζουσι
918 2668 1007 2720 τὸν
1038 2670 1136 2723 ἕνα
1169 2674 1424 2743 Χριστὸν,
1458 2682 1549 2731 καὶ
1579 2680 1671 2733 δύο
1698 2681 1718 2729 ι

112 2746 376 2811 λέγουσιν
415 2748 592 2813 υἱοὺς,
642 2752 1128 2821 ἁγανακτείτωσαν
1156 2763 1277 2816 καθ’
1302 2767 1461 2836 ήμῶν
1487 2772 1537 2820 οἱ
1596 2772 1719 2839 φιλ-

113 2837 467 2907 εγκλήμονες
495 2856 509 2869 ·
541 2843 591 2896 εί
609 2843 666 2897 δὲ
686 2847 828 2919 τομὴ
851 2852 944 2903 καὶ
969 2851 1229 2921 διαίρεσις
1248 2858 1308 2911 τὸ
1334 2844 1477 2914 οὕτω
1503 2837 1720 2933 φρονεῖν

114 2929 251 2994 ἐστι,
278 2932 435 2987 κατὰ
470 2933 596 2989 τινα
626 2940 829 3009 τρόπον
849 2946 964 3008 τοῖς
993 2950 1121 3011 παρ’
1156 2952 1311 3018 ἡμῶν
1340 2929 1523 3023 λόγοις.
1545 2929 1719 3011 emrt-

115 3022 221 3089 μᾷν
254 3023 565 3092 ἐγνώκασι,
611 3031 792 3084 καίτοι
819 3035 915 3086 καὶ
947 3036 1123 3102 αὐτοὶ,
1159 3042 1303 3095 καθὰ
1324 3062 1504 3111 φασιν,
1539 3050 1715 3103 astat-

1832 1946 2099 2003 smus?Si
2133 1950 2254 2018 quis
2298 1950 2491 2006 dividit
2546 1966 2726 2015 voces,
2756 1955 3053 2010 secundum
3105 1957 3247 2013 hunc
3292 1974 3406 2013 mo-

1832 2037 1980 2102 dum,
2013 2049 2071 2093 ut
2099 2040 2233 2095 alias
2270 2042 2486 2111 quidem
2518 2053 2770 2113 tanquam
2802 2047 3007 2101 homini
3044 2064 3073 2101 a
3118 2047 3228 2105 Deo
3254 2066 3405 2106 seor-

1828 2129 1932 2182 sim
1961 2131 2231 2186 intellecto
2254 2134 2489 2202 adaptet,
2520 2135 2656 2189 alias
2678 2151 2825 2203 vero,
2853 2146 2910 2190 ut
2935 2139 3040 2193 Deo
3060 2140 3271 2207 dignas,
3300 2142 3403 2196 soli

1832 2218 2007 2274 Verbo
2042 2219 2154 2286 Dei,
2194 2223 2484 2277 anathema
2521 2224 2612 2278 sit.
2669 2224 2725 2279 Si
2786 2228 2947 2296 igitur
2995 2239 3312 2296 separantes
3351 2238 3406 2286 et

1828 2307 2226 2378 tlistinguentes
2255 2313 2307 2365 in
2340 2314 2615 2368 hominem
2648 2318 2863 2384 proprie
2902 2328 2956 2369 et
2985 2320 3239 2382 seorsim,
3267 2330 3321 2376 et
3347 2321 3413 2375 in.

1829 2398 2064 2455 Verbum
2097 2403 2187 2458 Dei
2226 2407 2441 2474 proprie
2470 2415 2524 2460 et
2546 2410 2799 2474 seorsim,
2831 2409 2986 2478 171
3012 2425 3117 2464 non
3150 2411 3414 2479 partiun-

1826 2499 1915 2545 tur
1938 2508 2104 2546 unum
2137 2494 2433 2559 Christum,
2460 2513 2565 2551 non
2594 2498 2730 2552 duos
2752 2500 2943 2554 dicunt
2980 2500 3157 2569 ﬁlios;
3183 2516 3414 2558 succen-

1825 2597 1983 2642 seant
2018 2587 2171 2641 nobis
2200 2591 2600 2645 criminatores.
2639 2591 2697 2645 Si
2725 2603 2907 2647 autem
2940 2595 3111 2649 sectio
3145 2602 3200 2649 et
3250 2610 3416 2663 sepa~

1824 2679 1963 2733 ratio
1984 2691 2067 2733 est
2094 2680 2163 2733 ita
2197 2680 2436 2734 sentire:
2468 2683 2767 2737 secundum
2824 2698 2985 2753 quem
3027 2686 3245 2741 modum
3302 2703 3408 2742 no-

1824 2778 1970 2823 atros
2001 2784 2282 2825 sermones
2312 2773 2711 2840 reprehendere
2736 2784 3072 2841 statuerunt,
3106 2779 3323 2845 quando
3347 2787 3403 2832 et

1822 2858 1950 2927 ipsi,
1979 2862 2119 2914 sicut
2146 2862 2351 2927 dicunt,
2380 2861 2760 2918 indivisibilem
2790 2875 2846 2919 et
2897 2882 3061 2921 unum
3094 2870 3402 2925 secundum

1821 2965 2085 3005 summam
2114 2952 2412 3007 unitionem
2436 2955 2801 3010 conﬁteantur
2817 2974 2938 3013 esse
2973 2958 3406 3015 Emmanuelem?

1821 3040 2008 3113 Itaque
2037 3045 2338 3112 prudenter
2380 3062 2819 3118 unamquamque
2845 3065 3053 3117 vocem,
3092 3055 3173 3106 vel
3236 3054 3415 3107 etiam

116 3114 271 3180 ρετόν
311 3133 378 3169 τε
436 3118 533 3172 καὶ
570 3120 668 3173 ἕνα
697 3122 841 3177 κατὰ
887 3127 1061 3198 ἄκραν
1100 3131 1291 3187 ἕνωσιν
1324 3137 1712 3205 ὁμολογοῦντες

1823 3131 1882 3184 ab
1955 3133 2069 3200 ipso
2104 3132 2243 3189 forte
2292 3134 2514 3199 dictam,
2563 3114 2941 3205 accipiendam
3001 3114 3161 3206 esse,
3211 3143 3402 3195 lauda-

112 3206 389 3277 ὑπάρχειν
431 3210 529 3261 τὸν
566 3210 949 3287 Ἐμμανουήλ;
1010 3219 1081 3272 Τὸ
1131 3222 1230 3289 μὲν
1287 3220 1379 3278 οὖν
1429 3229 1712 3298 ἐμφρόνως

113 3299 359 3369 ἑκάστην
393 3301 608 3374 φωνὴν,
636 3307 685 3357 εἰ
710 3307 805 3360 καὶ
840 3310 969 3379 παρ’
1001 3311 1165 3366 αὐτοῦ
1196 3300 1356 3385 τυχὸν
1390 3319 1709 3390 εἰρημένην,

112 3390 573 3458 ἐπιλαμϐάνεσθαι
606 3396 737 3464 δεῖν,
779 3399 1128 3473 ἐπαινέσαιμ’
1159 3404 1225 3458 ἂν
1257 3409 1349 3461 καλ⁹
1382 3411 1540 3475 αὐτὸς
1578 3413 1711 3482 ἐγὼ,

112 3481 203 3533 καὶ
231 3482 606 3551 ἁπαστισοῦν,
626 3483 803 3557 οἶμαι,
835 3490 942 3543 τῶν
976 3493 1109 3563 ὀρθὰ
1142 3502 1360 3564 φρονεῖν
1406 3504 1673 3558 εἰωθότων
1696 3523 1710 3537 ·

110 3574 162 3625 αἱ
207 3575 312 3642 μὲν
342 3578 459 3647 γάρ
500 3579 609 3630 είσι
651 3579 998 3653 θεοπρεπεῖς,
1031 3588 1088 3640 al
1129 3588 1184 3642 δὲ
1233 3594 1298 3660 τῇ
1336 3592 1476 3661 μετὰ
1514 3599 1714 3666 σαρκὸς

107 3669 404 3740 οἰκονομίᾳ
431 3671 636 3739 μᾶλλον
669 3674 1091 3750 ἁρμοδιώτεραι.
1127 3682 1344 3754 Ἐπειδὴ
1373 3686 1430 3738 δέ
1459 3688 1604 3741 ἐστιν
1634 3685 1713 3753 εἷς

109 3763 202 3815 καὶ
232 3766 262 3816 ό
296 3765 493 3827 αὐτὸς,
525 3764 658 3831 Θεός
690 3785 751 3821 τε
778 3770 915 3839 ὁμοῦ
952 3773 1044 3825 καὶ
1078 3774 1387 3842 ἄνθρωπος,
1428 3780 1598 3851 ταύτῃ
1634 3800 1713 3836 τοι

108 3856 199 3907 καὶ
221 3855 351 3907 λίαν
373 3854 579 3925 ὀρθῶς,
598 3859 729 3912 ποτὲ
754 3862 853 3931 μὲν
879 3861 1096 3927 θεῖκῶς,
1126 3867 1253 3919 ποτὲ
1276 3867 1331 3920 δὲ
1357 3868 1713 3940 ἀνθρωπίνως

106 3950 350 3998 ποιεῖται
393 3948 524 4010 τοὺς
553 3950 747 4018 λόγους
772 3970 785 3982 ·
818 3954 956 4024 πλὴν
981 3955 1073 4009 τοῦ
1102 3957 1216 4021 ἐνὸς
1272 3960 1445 4027 Ἰησοῦ
1470 3964 1708 4033 Χριστοῦ

106 4037 312 4099 ταύτας
367 4055 433 4091 τε
490 4041 754 4107 κάκείνας
801 4039 939 4097 εἶναι
1000 4048 1184 4117 φωνὰς
1234 4049 1710 4124 διισχυριζόμεθαο

106 4128 232 4181 οὔτε
266 4129 569 4198 ψιλοῦντες
601 4133 856 4204 θεότητος
893 4137 985 4190 τὸν
1027 4140 1090 4191 ὲκ
1119 4138 1222 4208 τῆς
1249 4144 1524 4210 παναγίας
1559 4147 1709 4215 Παρ-

107 4222 265 4273 Θένου
316 4222 477 4285 ναὸν,
515 4221 641 4277 οὗτε
690 4224 796 4296 μὴν
833 4227 1071 4298 ἄσαρκον
1103 4231 1305 4295 ειδότες
1346 4233 1438 4287 τὸν
1476 4237 1540 4289 ἐκ
1575 4238 1711 4311 Θεοῦ

108 4311 329 4381 Πατρὸς
371 4314 553 4379 Λόγον
596 4315 735 4383 μετὰ
775 4317 873 4387 τὴν
908 4319 1147 4390 ἄρρητον
1186 4321 1397 4379 ἕνωσιν.
1436 4325 1712 4397 Θαυμάζω

108 4402 159 4453 δὲ
202 4404 314 4467 ὅτι,
348 4406 539 4458 καίτοι
566 4406 1153 4479 πολυπραγμονοῦντες
1183 4414 1341 4482 ἄγαν,
1388 4418 1481 4472 καὶ
1528 4419 1601 4483 ὣς
1646 4438 1707 4488 γε

1818 3220 1919 3273 rim
1946 3222 2109 3277 etiam
2144 3237 2261 3293 ego,
2289 3233 2361 3288 et,
2388 3234 2445 3277 ut
2470 3224 2684 3294 Opinor,
2703 3228 2933 3296 quisque
2968 3238 3112 3285 recte
3137 3232 3413 3289 sentiens-

1816 3309 1951 3366 Nam
1984 3313 2106 3366 alia:
2131 3315 2348 3382 quidem
2380 3316 2634 3372 suntDeo
2663 3318 2859 3387 dignm,
2890 3321 3011 3375 alia:
3043 3336 3170 3376 vero
3186 3324 3411 3395 dispen~

1820 3403 2021 3457 sationi
2048 3419 2169 3457 cum
2218 3419 2383 3461 carne
2428 3410 2895 3476 congruentiores.
2923 3412 3186 3479 Quoniam
3218 3428 3397 3472 autem

1816 3503 1896 3551 est
1916 3512 2051 3550 unus
2069 3506 2123 3551 et
2140 3497 2277 3551 idem
2296 3498 2433 3555 Deus
2451 3499 2672 3556 simulet
2708 3502 2888 3567 homo,
2909 3505 3009 3559 hac
3030 3506 3235 3561 ratione
3253 3518 3411 3564 recte

1817 3588 2105 3657 aliquando
2148 3589 2342 3657 divine,
2378 3593 2665 3661 aliquando
2719 3594 2952 3649 humane
2999 3596 3235 3666 loquitur
3271 3615 3406 3655 :ve-

1819 3692 2124 3737 rumtameu
2147 3683 2305 3736 unius
2330 3681 2455 3737 Jesu
2487 3684 2682 3738 Christi
2703 3694 2754 3738 et
2784 3685 2881 3740 has
2900 3696 2952 3741 ct
2967 3687 3084 3743 illas
3103 3704 3261 3745 voces
3279 3705 3414 3745 esse-

1816 3774 2133 3839 asscrimns,
2158 3789 2257 3828 nec
2285 3774 2571 3829 divinitate
2607 3777 2907 3844 spoliantes
2939 3780 3220 3848 templum,
3250 3784 3393 3851 quod

1817 3875 1883 3913 ex
1917 3871 2103 3913 sancta
2135 3860 2360 3931 Virgine
2390 3874 2493 3927 est,
2525 3880 2623 3917 nec
2654 3866 2769 3919 sine
2790 3881 2958 3920 carne
3016 3878 3271 3937 putantes
3301 3870 3391 3924 Dei

1819 3949 1995 4005 Patris
2025 3950 2257 4005 Verbum
2302 3964 2421 4021 post
2457 3954 2780 4009 ineﬂabilem
2837 3958 3157 4013 unitionem.
3208 3962 3394 4014 Admi-

1819 4057 1909 4095 ror
1929 4053 2106 4097 autem
2134 4044 2297 4113 quod,
2334 4046 2579 4113 quamvis
2602 4047 2753 4101 valde
2778 4052 2991 4104 curiose
3028 4051 3389 4119 inquirentes,

1816 4142 1891 4195 et,
1922 4143 1978 4186 ut
2028 4135 2387 4201 arbitrantur,
2440 4138 2713 4191 subtiliter
2783 4142 3157 4197 examinantes
3239 4160 3391 4198 meas

1817 4224 2095 4293 epistolas,
2133 4242 2473 4298 quaecunque
2494 4229 2544 4281 in
2567 4230 2646 4283 eis
2678 4241 2802 4284 sunt
2824 4232 2973 4285 utilia
3004 4242 3057 4286 et
3087 4236 3386 4289 necessaria

1817 4311 1881 4364 ad
1913 4313 2383 4367 demonstrandam
2416 4317 2724 4383 dogmatnm
2752 4319 3129 4373 rectitudinem
3175 4331 3228 4374 et
3277 4323 3393 4377 dili-

1817 4405 2072 4471 gentiam,
2157 4406 2400 4459 volentes
2473 4418 2829 4475 praetereunt;
2904 4411 3148 4465 insiliunt
3207 4424 3387 4468 autem

108 4494 427 4560 νομίζουσι,
464 4494 681 4560 λεπτῶς
732 4497 1111 4566 βασανίζοντες
1128 4503 1224 4566 τὰς
1241 4505 1376 4575 ἐμὰς
1397 4507 1705 4573 ἐπιστολὰς,

1823 4495 2235 4563 promptissime,
2268 4496 2311 4547 si
2338 4511 2440 4563 qua
2493 4497 2623 4564 ipsis
2654 4499 2735 4551 τοι
2777 4500 3057 4553 minimam
3112 4503 3390 4572 conjectu-

107 4583 171 4633 τὰ
210 4584 317 4653 μὲν
354 4585 460 4637 ὅσα
484 4585 635 4637 ἐστὶν
661 4588 719 4638 ὲν
737 4588 927 4651 αὐταῖς
948 4592 1194 4662 χρήσιμά
1223 4610 1280 4645 τε
1311 4595 1403 4647 καὶ
1432 4596 1705 4664 ἀναγκαῖα

111 4676 248 4744 πρὸς
279 4675 570 4740 ἀπόδειξιν
606 4679 705 4748 τῆς
727 4679 835 4731 τῶν
874 4681 1160 4752 δογμάτων
1194 4683 1484 4756 ὀρθότητός
1517 4706 1575 4739 τε
1613 4690 1704 4741 καὶ

110 4766 431 4834 ἀκριόεξας,
472 4766 752 4833 ἐθέλοντες
792 4768 1252 4844 παρατρέχουσιν,
1306 4778 1613 4849 ἐπιπηδῶσι
1649 4780 1704 4833 δὲ

111 4859 198 4909 καὶ
220 4859 377 4927 μάλα
395 4858 617 4927 γοργῶς
654 4862 767 4923 τοῖς
795 4861 900 4915 κᾶν
939 4863 1069 4932 γοῦν
1098 4866 1283 4936 ἰσχνὴν
1339 4867 1549 4938 ἔχουσιν
1599 4872 1703 4923 ὑπ-

110 4951 290 5015 οψίαν,
335 4950 488 5003 κατά
525 4966 588 5018 γε
612 4951 671 5004 τὸ
710 4951 890 5016 αὐτοῖς
918 4954 1127 5015 δοκοῦν,
1155 4958 1233 5018 είς
1264 4958 1324 5010 τὸ
1352 4958 1608 5013 δύνασθαι
1641 4961 1707 5013 δι’

111 5040 291 5091 αὐτῶν
387 5039 489 5101 τὰς
555 5040 678 5094 καθ’
752 5042 907 5111 ἡμῶν
988 5044 1259 5097 ποιεῖσθαι
1320 5049 1702 5115 συκοφαντίας.

111 5131 491 5203 Μεμνήσομαι
517 5130 574 5184 δὲ
601 5132 711 5184 τῶν
732 5132 967 5203 ἐμαυτοῦ
1010 5135 1189 5204 ῥητῶν
1222 5144 1267 5188 κ.
1317 5137 1571 5209 Γέγραφα
1597 5140 1705 5210 γὰρ

113 5222 283 5285 οὓτως
324 5224 388 5275 ἐν
419 5225 487 5293 τῇ
522 5222 658 5294 πρὸς
680 5223 973 5293 Νεστόριον
1010 5227 1299 5297 ἐπιστολῇ·
1323 5228 1431 5292 Τάς
1463 5230 1519 5282 δέ
1553 5247 1615 5298 γε
1644 5234 1700 5285 ἐν

111 5318 214 5377 τοῖς
284 5314 649 5385 Εὑαγγελίοις
702 5315 796 5368 τοῦ
845 5317 1092 5388 Σωτῆρος
1151 5318 1306 5389 ἡμῶν
1352 5320 1534 5389 φωνὰς
1577 5322 1699 5375 οὔτε

1819 4601 1928 4636 ram
1956 4586 2195 4654 praebere
2228 4588 2538 4653 videantur,
2572 4604 2635 4641 ex
2675 4590 2803 4657 ipsis
2822 4603 3011 4645 contra
3048 4609 3148 4649 nos
3181 4596 3387 4649 calum-

1818 4678 1935 4730 nias
1981 4678 2193 4731 contexi
2228 4694 2404 4747 posse.
2434 4681 2884 4737 Cuttmiemorabo
2915 4695 3090 4738 autem
3159 4697 3216 4741 et
3271 4704 3388 4741 mea

1816 4770 2001 4833 verba,
2032 4786 2149 4838 qua:
2174 4772 2250 4824 sic
2281 4772 2333 4824 in
2362 4773 2586 4840 cpistola
2647 4775 2712 4827 ad
2733 4785 2745 4797 ‘
2771 4775 3081 4830 Nestorium
3138 4780 3325 4847 scripsi
3366 4796 3379 4831 :

1819 4861 1985 4916 Voces
2005 4874 2180 4917 autem
2207 4864 2502 4919 Salvatoris
2534 4870 2700 4921 nostri
2729 4869 2780 4922 in
2835 4870 3158 4939 Evangeliis,
3215 4890 3388 4942 neque

1818 4956 2136 5009 substantiis
2170 4958 2396 5017 duabus.
2434 4974 2606 5025 neque
2671 4973 2819 5014 certe
2872 4963 3079 5016 duabus
3143 4966 3388 5033 personis

1815 5046 2188 5102 distribuimus
2252 5049 2380 5119 (non
2410 5052 2553 5103 enim
2588 5053 2782 5120 duplex
2809 5064 2892 5108 est
2947 5071 3085 5109 unus
3138 5067 3192 5109 et
3238 5060 3384 5111 solus

1811 5136 2083 5202 Christus,
2112 5140 2322 5194 etiamsi
2353 5158 2417 5195 ex
2452 5144 2658 5197 duabus
2685 5155 2737 5197 et
2765 5146 2994 5201 diversis
3032 5150 3188 5203 rebus
3228 5150 3384 5204 intel-

1810 5229 2003 5293 ligatur
2040 5230 2090 5283 iu
2116 5234 2370 5285 unitatem
2393 5235 2770 5290 indivisihilent
2800 5240 3173 5306 coadunatus;
3201 5258 3383 5309 quem-

1806 5322 2091 5375 admodum
2152 5326 2357 5384 scilicet
2406 5339 2458 5381 et
2490 5330 2645 5385 humo
2688 5346 2753 5385 ex
2779 5334 2957 5386 anima
2988 5334 3301 5405 intelligitur
3328 5349 3383 5389 et

1199 5535 1368 5590 Varia:
1396 5535 1652 5591 lcclimies
1679 5552 1740 5589 ex
1775 5539 1959 5594 codice
1992 5541 2359 5611 Seguieriano.

204 5740 231 5778 ι
272 5737 593 5808 “modum;
630 5736 803 5803 δυσὶν,
963 5745 983 5775 c
1016 5734 1263 5807 Tibv_x11
1299 5733 1754 5804 ἐκλαμϐάνεσθχι.
1820 5735 1845 5775 ά
1882 5738 1952 5799 ὼς
1980 5755 2087 5801 τις.
2160 5752 2180 5779 ο
2215 5742 2274 5794 οὐ
2306 5743 2619 5809 (Iustina;
2668 5746 2687 5785 ΐ
2714 5747 2772 5799 οὐ
2812 5748 2921 5802 δύο.
3007 5752 3031 5789 ε
3068 5753 3348 5820 ῥημάτων.
