4042 6438
627 342 736 400 339

1623 341 1682 397 S.
1725 341 1997 398 CYRILLI
2037 341 2510 398 ALEXANDRINI
2549 339 2871 399 ARCIIIEP.

3801 335 3920 389 540

629 474 878 529 corpore,
911 467 965 516 et
1001 475 1106 517 non
1131 460 1350 531 duplex,
1383 461 1477 518 sed
1509 464 1682 532 magis
1719 478 1859 516 unus
1911 462 1995 532 (ex
2048 464 2213 516 utris-

2316 462 2650 517 ὑποστάσεσι
2689 466 2863 524 δυσιν,
2885 457 3010 513 οὗτε
3036 457 3142 530 μὴν
3173 455 3488 529 προσώποις
3505 454 3627 508 δυσὶ
3658 467 3919 522 καταμε-

628 553 778 622 que),
803 555 897 609 sed
935 554 1202 610 humanas
1234 564 1284 608 et
1313 555 1525 610 divinas
1553 571 1770 625 quoque
1794 557 1862 610 ab
1899 571 2008 611 uno
2038 555 2210 609 dictas

628 654 750 698 esse
774 647 1177 712 cognoscimus,
1198 656 1344 702 recte
1369 647 1663 714 sapientes.
1694 645 1921 712 Quando
1952 647 2124 710 enim,
2149 655 2208 700 ut

631 734 797 788 Deum
831 735 1005 802 decet,
1038 737 1107 793 de
1135 752 1195 794 se
1222 737 1460 807 loquitur
1497 754 1511 789 :
1542 755 1563 792 ι
1600 736 1701 803 Qui
1740 737 1872 790 vidit
1917 753 2023 804 me,
2078 737 2214 792 vidit

628 835 686 880 et
740 826 958 884 Patrem
988 831 1069 896 7’;
1110 849 1129 883 ι
1188 839 1294 886 et:
1368 848 1388 884 ι
1431 831 1541 901 Ego
1601 839 1657 885 et
1714 829 1872 884 Pater
1917 846 2082 884 unum
2115 845 2211 884 su-

631 917 842 985 mus“;
878 935 901 973 ι
944 919 1180 974 divinam
1220 920 1392 991 ipsius
1416 919 1818 976 etineﬂ‘abilem
1855 920 2213 990 intelligimus

633 1016 905 1078 naturam,
939 1012 1234 1066 secundum
1269 1027 1433 1081 quam
1475 1023 1558 1068 est
1609 1012 1790 1067 Patris
1844 1012 1948 1077 sui,
1990 1021 2214 1081 propter

629 1101 968 1156 identitatem
1002 1103 1340 1168 substantiae,
1381 1114 1437 1158 et
1495 1105 1668 1176 imago
1715 1115 1769 1160 et
1825 1105 2109 1159 character
2159 1113 2214 1158 et

631 1193 886 1263 splendor
911 1195 1094 1265 gloria;
1126 1196 1293 1266 ipsius
1313 1198 1379 1252 ⁸¹.
1401 1199 1560 1267 172
1578 1198 1798 1264 Quando
1821 1207 1999 1251 autem
2018 1197 2212 1250 huma-

630 1286 821 1342 nitatis
844 1302 1154 1343 mensuram
1183 1291 1480 1345 observans
1498 1291 1695 1346 Judaeis
1725 1292 1994 1360 loquitur:
2019 1310 2037 1342 ‹
2063 1290 2213 1346 Nunc

630 1386 811 1432 autem
848 1393 936 1434 me
966 1381 1208 1448 quazritis
1240 1382 1495 1436 occidere
1527 1383 1827 1448 hominem,
1887 1382 1974 1449 qui
2013 1380 2213 1435 verita-

632 1479 740 1524 tem
774 1469 928 1526 vobis
955 1472 1168 1529 locutus
1215 1488 1335 1530 sum
1388 1475 1464 1541 ⁸²;
1512 1495 1529 1526 ι
1591 1491 1806 1528 rursum
1867 1474 2216 1529 nihilominus

630 1563 806 1631 ipsum
834 1565 886 1619 in
919 1566 1234 1634 mqualitate
1302 1576 1359 1622 et
1406 1568 1763 1622 similitudine
1821 1566 1997 1622 Patris
2047 1566 2215 1620 Deum

629 1655 890 1723 Verbum,
930 1669 986 1713 et
1009 1674 1073 1713 ex
1099 1659 1460 1714 humanitatis
1498 1675 1608 1714 sua:
1653 1661 1926 1715 mensuris
1961 1658 2217 1725 agnosci-

629 1764 773 1804 mus.
803 1747 939 1804 Nam
974 1751 1017 1803 si
1049 1751 1424 1806 necessarium
1453 1760 1538 1807 est
1601 1753 1826 1807 credere
1870 1752 2015 1821 quod
2075 1750 2217 1805 Deus

2317 555 2574 626 ρίζομεν·
2609 555 2670 607 οὑ
2712 554 2821 624 γάρ
2857 553 2975 605 ἐστι
3030 552 3253 614 διπλοῦς
3282 551 3310 602 ὁ
3336 544 3418 612 εἷς
3449 549 3545 602 καὶ⁵
3583 547 3738 617 μόνος
3771 546 3920 615 Χρι-

2316 650 2461 711 στὸς,
2483 647 2587 701 κᾶν
2605 647 2669 700 ὲκ
2700 646 2793 699 δύο
2806 645 2994 715 νοῆται
3021 644 3115 697 καὶ
3149 643 3424 714 διαφόρων
3452 639 3798 712 πραγμάτων
3827 640 3922 698 εἰς

2315 741 2544 811 ἑνότητα
2589 740 2684 811 τὴν
2747 737 3038 809 ἀμέριστον
3102 734 3595 804 συνενηνεγμένος·
3651 730 3922 797 καθάπερ

2313 832 2506 903 ἀμέλει
2536 833 2628 885 καὶ
2651 831 2938 903 ἄνθρωπος
2961 831 3025 882 ὲκ
3051 828 3227 900 ψυχῆς
3248 830 3447 882 νοεῖται
3491 825 3586 878 καὶ
3621 823 3916 893 σώματος’

2314 926 2409 979 καὶ
2434 925 2493 978 οὑ
2539 923 2762 987 διπλοῦς
2797 922 3018 993 μᾶλλον,
3068 921 3186 974 ἀλλ’
3223 915 3348 983 εἴςὶι
3387 918 3446 982 ἐξ
3478 917 3679 987 ἀμφοῖν
3703 931 3716 944 ·
3771 913 3924 967 ἀλλὰ

2311 1018 2411 1081 τάς
2442 1034 2500 1069 τε
2535 1016 2904 1087 ἀνθρωπίνας,
2953 1015 3047 1068 καὶ
3085 1013 3224 1084 πρός
3267 1029 3332 1081 γε
3367 1009 3542 1078 τούτῳ
3580 1008 3680 1071 τὰς
3717 1006 3925 1068 θεῖκὰς

2313 1110 2444 1178 παρ’
2483 1108 2604 1171 ἐνὸς
2635 1107 2910 1179 εἰρῆσθαι,
2935 1104 3327 1175 διακεισόμεθα
3353 1100 3677 1173 φρονοῦντες
3707 1097 3918 1169 ὀρθῶς.

2316 1202 2485 1255 Ὅταν
2529 1201 2626 1270 μὲν
2665 1200 2774 1270 γὰρ
2812 1198 3133 1270 θεοπρεπῶς
3175 1197 3309 1267 λέγῃ
3358 1194 3486 1264 περὶ
3515 1191 3710 1246 ἑαυτοῦ
3744 1208 3757 1222 ’
3807 1209 3824 1240 ‹
3851 1189 3923 1241 Ὀ

2315 1293 2575 1366 ἑωρακὼς
2623 1293 2747 1362 ἐμὲ,
2795 1291 3009 1362 ἑώρακε
3042 1291 3134 1344 τὸν
3167 1288 3424 1359 Πατέρα·
3449 1305 3466 1337 ι
3519 1285 3612 1338 καὶ
3634 1322 3651 1350 ,
3714 1301 3730 1335 ι
3765 1281 3926 1350 Ἐγὼ

2315 1389 2411 1441 καὶ
2435 1389 2462 1440 ὁ
2495 1386 2684 1457 Πατὴρ
2717 1385 2774 1437 ἓν
2814 1385 2984 1454 ἐσμεν
3004 1399 3016 1413 ο
3046 1403 3064 1435 ι
3094 1383 3193 1453 τὴν
3229 1381 3377 1435 θείαν
3411 1378 3577 1432 αὑτοῦ
3606 1377 3701 1430 καὶ
3729 1375 3925 1446 ἀπόῤ-

2319 1483 2480 1552 ρητον
2521 1478 2808 1547 ἐννοοῦμεν
2854 1475 3038 1546 φύσιν,
3087 1475 3208 1529 καθ’
3260 1475 3326 1544 ῆν
3386 1474 3506 1525 ἐστι
3547 1473 3564 1512 ί
3621 1470 3760 1541 πρὸς
3817 1467 3928 1521 τὸν

2317 1573 2538 1642 Πατέρα
2583 1570 2674 1622 τὸν
2719 1568 2912 1622 ἑαυτοῦ
2961 1567 3047 1621 διά
3096 1567 3194 1637 τὴν
3237 1564 3556 1636 ταυτότητα’
3576 1563 3677 1633 τῆς
3723 1560 3929 1624 οὐσίας

2318 1663 2484 1717 εἰκών
2524 1679 2584 1730 τε
2615 1662 2710 1715 καὶ
2744 1659 3052 1730 χαρακτὴρ,
3088 1659 3182 1710 καὶ
3231 1656 3578 1724 ἀπαύγασμα
3616 1654 3714 1724 τῆς
3750 1652 3930 1720 δόξης

2318 1757 2686 1811 αὑτοῦ.”οταν
2733 1753 2791 1808 δὲ
2839 1752 2900 1806 τὸ
2933 1752 3034 1822 τῆς
3081 1750 3505 1822 ἀνθρωπότητος
3561 1747 3762 1818 μέτρον
3814 1745 3933 1797 οὐκ

629 1846 900 1901 exsistens
943 1854 1137 1901 natura
1191 1847 1392 1903 factum
1428 1857 1511 1901 est
1553 1863 1682 1901 caro
1707 1888 1720 1912 ,
1766 1852 1869 1902 hoc
1911 1856 1996 1902 est
2028 1847 2208 1908 homo.

2318 1849 2621 1922 ἀτιμάζων,
2674 1851 2789 1911 τοῖς
2833 1846 3110 1908 Ἰουδαίοις
3159 1842 3472 1916 προσλαλῇο
3530 1861 3547 1892 ι
3576 1838 3692 1893 Νῦν
3733 1838 3793 1891 δέ
3847 1854 3929 1907 με

629 1947 794 1986 carne
832 1933 1072 1989 animata
1105 1935 1288 1991 anima
1320 1935 1575 1991 rationali
1613 1953 1625 1989 :
1666 1937 1913 2004 quamam
1947 1937 2082 1991 ratio
2135 1935 2217 1989 ie-

629 2033 736 2089 rat,
760 2032 818 2078 ut
847 2025 970 2094 quis
993 2043 1152 2082 voces
1176 2029 1295 2097 ejus
1349 2028 1662 2093 erubescat,
1703 2029 1749 2083 si
1780 2029 1933 2083 facta:
1961 2038 2086 2083 sunt
2123 2029 2214 2082 ho-

629 2113 760 2170 mini
795 2118 1189 2187 congruentes?
1216 2119 1352 2173 Nam
1381 2119 1425 2173 si
1458 2130 1729 2188 respueret
1796 2134 2076 2174 sermones
2121 2120 2211 2188 qui

630 2203 941 2261 hominibus
967 2219 1297 2276 congruunt,
1328 2209 1451 2277 quis
1487 2209 1750 2276 compulit
1781 2219 1837 2260 ut
1869 2211 2028 2262 homo
2059 2208 2215 2263 ﬁeret

627 2295 822 2351 similis
841 2297 1036 2352 nobis?
1081 2299 1183 2367 Qui
1214 2309 1396 2354 autem
1429 2315 1488 2354 se
1519 2299 1741 2352 demisit
1773 2313 1997 2369 propter
2031 2317 2129 2354 nos
2155 2301 2210 2354 in

626 2390 986 2444 voluntariam
1011 2393 1464 2457 exinanitionem,
1494 2402 1715 2462 propter
1761 2408 1923 2462 quam
1987 2407 2208 2448 causam

629 2493 910 2552 respueret
940 2498 1223 2541 sermones
1255 2500 1369 2540 sum
1397 2486 1765 2541 exiuanitioni
1795 2485 2215 2540 convenientes?

629 2573 796 2644 Igitur
821 2575 912 2630 uni
947 2591 1194 2646 persona:
1213 2591 1404 2633 omnes
1437 2578 1676 2631 vocesin
1720 2575 2048 2647 Evangeliis,
2085 2576 2216 2630 sub-

627 2667 913 2733 sistentiae,
953 2668 1199 2738 inquam,
1233 2670 1326 2724 uni
1360 2668 1525 2725 Verbi
1582 2668 1850 2723 incarnati
1910 2668 2215 2723 tribuenda:

629 2768 754 2814 sunt
810 2758 1094 2831 (Dominus
1127 2762 1272 2816 enim
1333 2776 1474 2816 unus
1509 2759 1669 2816 Jesus
1704 2759 1979 2823 Christus,
2021 2775 2216 2814 secun-

629 2851 753 2904 dum
783 2846 1141 2921 Scripturas).
1183 2850 1372 2922 Igitur,
1400 2862 1664 2921 quantum
1693 2865 1758 2905 ex
1784 2865 1895 2917 1am
1934 2859 2060 2904 ante
2087 2850 2216 2905 scri-

630 2942 758 3011 ptis,
789 2959 893 2998 non
928 2943 1206 3012 ignorasse
1255 2941 2214 3012 deprehendimurdispensationem,

628 3044 684 3087 et
714 3051 840 3089 suas
875 3036 1159 3104 utriusque
1183 3046 1392 3092 natura}
1423 3039 1715 3101 voces,sed
1748 3039 1928 3107 potius
1964 3050 2069 3090 non
2093 3049 2215 3105 per-

2318 1941 2530 2012 ζητεῖτε
2559 1939 2879 1993 ἀποκτεῖναι
2939 1935 3246 2006 ἄνθρωπον,
3283 1933 3340 1996 ὃς
3373 1933 3473 2002 τὴν
3500 1929 3756 2001 ἀλήθειαν
3785 1928 3932 1997 ὑμῖν

2317 2032 2592 2102 λελάληκα
2621 2047 2635 2063 ο
2673 2049 2691 2081 ι
2730 2029 2893 2084 πάλιν
2923 2027 3074 2080 οὐδὲν
3108 2020 3271 2096 ἦττον
3301 2023 3463 2077 αὑτὸν
3494 2023 3586 2075 τὸν
3619 2023 3676 2074 ὲν
3705 2019 3934 2087 ἰσότητί

2316 2141 2376 2177 τε
2407 2124 2499 2176 καὶ
2523 2122 2803 2192 ὁμοιότητι
2831 2118 2925 2174 τοῦ
2955 2117 3168 2188 Πατρδς
3201 2116 3333 2170 Θεὸν
3363 2115 3556 2182 Λόγον,
3581 2113 3676 2166 καὶ
3706 2114 3770 2163 ἐκ
3804 2111 3929 2164 τῶν

2317 2218 2416 2285 τῆς
2447 2214 2867 2284 ἀνθρωπότητος
2901 2209 3066 2263 αὑτοῦ
3098 2207 3314 2279 μέτρων
3355 2202 3817 2271 ὲπιγινώσκομεν.
3853 2201 3929 2252 Εἰ

2319 2307 2426 2376 γάρ
2459 2305 2608 2357 ἐστιν
2655 2305 2953 2371 ἀναγκαῖον
3001 2300 3062 2353 τὸ
3104 2297 3404 2361 πιστεύειν,
3437 2299 3520 2350 ὅτι
3549 2295 3679 2357 Θεὸς
3706 2292 3782 2347 ὢν
3818 2292 3935 2361 φύ-

2321 2416 2432 2464 σει,
2486 2397 2683 2465 γέγονε
2731 2393 2903 2466 σὰρξ,
2958 2394 3126 2464 ῆγουν
3179 2384 3934 2460 ἀνθρωπος,ὲμψυχωμένης

2317 2491 2462 2561 ψυχῇ
2495 2490 2686 2559 λογικῇ
2723 2487 2823 2556 τῆς
2863 2485 3064 2555 σαρκός
3087 2500 3100 2513 ·
3139 2480 3327 2536 ποῖονὶ
3390 2481 3456 2534 ἂν
3501 2479 3612 2549 ἔχοι
3661 2479 3819 2546 λόγον
3854 2476 3933 2528 τὸ

2319 2580 2740 2652 ἐπαισχύνεσθαι
2757 2596 2877 2632 τινα
2897 2579 3016 2640 ταῖς
3036 2577 3166 2646 παρ’
3183 2574 3348 2629 αὑτοῦ
3374 2576 3598 2643 φωναῖς,
3621 2572 3669 2623 εί
3684 2569 3932 2640 γεγόνοι-

2323 2693 2405 2728 σιν
2431 2671 2949 2745 ἀνθρωποπρεπῶς;
2986 2669 3049 2722 El
3085 2668 3194 2738 γὰρ
3228 2669 3528 2738 παρῃτεῖτο
3550 2667 3674 2726 τοὺς
3703 2660 3934 2732 ἀνθρώ-

2323 2783 2409 2836 πῳ
2437 2767 2746 2837 πρέποντας
2768 2763 2978 2831 λόγους,
3005 2761 3085 2825 τίς
3111 2764 3136 2812 ὁ
3160 2761 3478 2827 ἀναγκάσας
3501 2755 3753 2826 γενέσθαι
3781 2755 3897 2807 καθ
3921 2753 3937 2772 ’

2321 2859 2468 2928 ἡμᾶς
2511 2856 2839 2927 ἀνθρωπον;
2885 2855 2941 2907 Ὀ
2973 2854 3029 2906 δὲ
3065 2852 3254 2914 καθεὶς
3301 2852 3492 2904 ἑαυτὸν
3542 2850 3609 2902 δι’
3643 2849 3789 2918 ἡμᾶς
3839 2850 3936 2912 εἰς

2322 2950 2569 3004 ἑκούσιον
2621 2948 2873 3012 κένωσιν,
2905 2946 2994 2999 διὰ
3042 2947 3204 2998 ποίαν
3262 2944 3446 2999 αἰτίαν
3500 2943 3800 3012 παρῃτεῖτο
3853 2941 3935 2992 ἂν

2320 3048 2447 3109 τοὺς
2492 3047 2557 3114 τῇ
2594 3040 2822 3094 κενώσει
2871 3039 3183 3110 πρέποντας
3213 3036 3447 3105 λόγους;
3491 3035 3604 3087 Ἑνὶ
3626 3033 3936 3104 τοιγαροῦν

630 3129 847 3184 mittere
902 3129 1251 3194 animalibus,
1312 3141 1364 3184 et
1411 3130 1662 3199 spiritum
1709 3147 1813 3185 non
1859 3129 2213 3192 habentibus,

2333 3137 2610 3210 προσώπῳ
2643 3133 2741 3197 τὰς
2777 3135 2833 3186 ὲν
2866 3134 2979 3194 τοῖς
3015 3129 3368 3197 Εὑαγγελίοις
3409 3127 3589 3191 πάσας
3627 3125 3935 3179 ἀναθετέον

630 3223 767 3277 duos
789 3222 1034 3292 cogitare
1062 3222 1145 3278 vel
1170 3224 1350 3278 dicere
1379 3223 1566 3288 Filios,
1601 3225 1674 3277 ita
1706 3233 1764 3276 ut
1789 3224 2034 3275 dividant
2066 3224 2210 3276 inter

630 3328 689 3369 se
735 3314 1121 3369 subsistentias
1172 3325 1291 3384 post
1331 3315 1654 3370 indivulsam
1717 3316 2038 3370 unitionem.
2096 3313 2204 3367 Sed

628 3405 758 3476 quia
793 3421 982 3475 parum
1016 3405 1146 3477 quid
1171 3421 1236 3461 ex
1298 3418 1483 3462 nostra
1545 3407 1775 3476 epistola
1809 3413 2112 3474 posuerunt
2160 3405 2212 3457 in

630 3497 904 3566 principio
964 3512 1186 3554 suorum
1258 3514 1595 3564 sermonum,
1626 3507 1683 3552 et
1738 3497 2210 3560 minanturnobis,

629 3590 774 3656 quod
815 3589 867 3642 iu
904 3596 1148 3659 tempore
1173 3590 1675 3660 siutredarguturi,
1736 3591 1888 3660 quasi
1945 3605 2049 3644 non
2103 3604 2216 3642 me-

630 3680 888 3735 diocriter
922 3682 1329 3750 peccaverimus
1354 3682 1406 3737 iu
1433 3682 1670 3737 Verbum
1699 3699 1763 3737 ex
1792 3683 1901 3737 Deo
1932 3681 2098 3736 Patre
2120 3723 2134 3746 ,
2161 3693 2216 3737 et

629 3772 1026 3828 incrementum
1058 3787 1121 3828 ac
1149 3775 1574 3842 profcctum,qui
1605 3774 1672 3827 ad
1703 3789 1924 3829 carnem
1955 3774 2212 3844 pertinet,

630 3875 838 3921 natura:
867 3866 1036 3932 ipsius
1064 3865 1514 3935 iusipientissime
1563 3866 1967 3921 tribuerimus:
2014 3881 2114 3936 age
2163 3875 2217 3920 et

630 3960 697 4014 ad
726 3959 827 4014 hoc
842 3958 1227 4014 convenientia
1252 3957 1520 4022 dicamus,
1557 3956 1860 4025 adiiciendo
1891 3966 2060 4012 totam
2088 3959 2208 4026 epi-

629 4050 782 4103 stolae
816 4058 1046 4118 partem.
1102 4046 1207 4116 Ipsi
1267 4049 1412 4103 enim
1461 4057 1764 4103 metuentes
1810 4050 2121 4115 veritatem,
2161 4057 2218 4105 et

630 4141 907 4194 auditores
951 4139 1220 4206 fallentes,
1277 4149 1482 4208 partem
1529 4141 1820 4209 quamdam
1891 4151 2211 4209 posuerunt,

629 4250 748 4290 eam
776 4247 897 4295 quas
927 4233 1057 4302 ipsis
1095 4232 1385 4286 utilissima
1422 4247 1545 4287 esse
1588 4231 1872 4285 videbatur
1890 4232 1957 4285 ad
1995 4232 2118 4298 hoc,
2156 4243 2218 4288 ut

631 4327 756 4380 inde
816 4333 1036 4395 possent
1064 4338 1128 4378 ac
1151 4323 1637 4393 viderenturjuste
1664 4324 1962 4378 calumnias
2007 4325 2058 4378 in
2117 4341 2214 4381 nos

630 4429 867 4474 struere.
903 4417 1081 4471 Habet
1104 4425 1286 4471 autem
1310 4417 1387 4471 sic
1439 4417 1582 4485 quod
1629 4417 1833 4471 dictum
1880 4426 2008 4475 est:
2047 4419 2113 4473 Et
2169 4419 2213 4473 si

2319 3233 2522 3305 φωνὰς,
2557 3226 2852 3281 ὑποστάσει
2884 3225 2984 3294 μιᾷ
3009 3225 3074 3293 τῇ
3107 3221 3200 3274 τοῦ
3226 3219 3402 3290 Λόγου
3427 3217 3830 3292 σεσαρκωμένῃ
3857 3217 3886 3255 ιι
3913 3235 3930 3248 ο

2319 3327 2521 3394 Κύριος
2553 3320 2663 3390 γάρ
2695 3311 2775 3380 εἷς
2809 3315 3016 3385 Ἰησοῦς
3042 3313 3279 3386 Χριστὸς
3299 3312 3340 3378 ι,
3366 3313 3506 3366 κατά
3534 3312 3633 3374 τάς
3668 3311 3932 3381 Γραφάς.

2318 3417 2528 3474 Οὐκοῦν
2564 3415 2692 3478 ώςιπ
2725 3411 2832 3466 ἀπό
2866 3427 2928 3480 γε
2957 3408 3066 3463 τῶν
3099 3408 3200 3478 ἤδη
3231 3405 3742 3478 προγεγραμμένων
3763 3445 3778 3466 ,
3817 3405 3938 3457 οὐκ

2315 3509 2646 3582 ἠγνοηκότες
2701 3506 2798 3576 μὲν
2839 3501 3160 3573 ἁλωσόμεοα
3188 3502 3289 3572 τὴν
3319 3502 3655 3570 οἰκονομίαν,
3688 3495 3783 3550 καὶ
3817 3496 3935 3566 τὴν

2318 3605 2524 3676 ἑκάστῃ
2578 3600 2738 3670 φύσει
2802 3595 3120 3668 πρέπουσαν
3171 3593 3374 3662 φωνὴν,
3425 3592 3524 3646 οὐκ
3569 3588 3814 3658 ἐφιέντες
3866 3588 3937 3641 δὲ

2320 3696 2521 3767 μᾶλλον
2575 3695 2690 3755 τοῖς
2734 3691 3007 3760 ψυχικοῖς,
3035 3687 3130 3739 καὶ
3161 3686 3379 3755 πνεῦμα
3427 3685 3501 3753 μὴ
3538 3683 3741 3753 έχουσι,
3777 3685 3936 3734 νοεῖν

2317 3789 2410 3842 δύο
2437 3788 2608 3849 υἱοὺς,
2642 3785 2673 3854 ἢ
2707 3784 2911 3851 λέγειν,
2944 3778 3288 3850 διαιροῦντας
3339 3775 3590 3845 ἀλλήλων
3638 3773 3735 3837 τὰς
3780 3775 3934 3826 ὑπο-

2319 3879 2540 3941 στάσεις
2591 3874 2728 3947 μετὰ
2766 3873 2865 3944 τὴν
2909 3873 3324 3925 ἀδιάσπαστονιι
3355 3865 3812 3934 ἓνωσιν.“Επειδὴ
3864 3865 3934 3917 δὲ

2320 3971 2492 4042 βραχύ
2546 3987 2599 4022 τι
2651 3968 2816 4038 μέρος
2849 3964 3108 4026 λαϐόντες
3160 3961 3219 4027 ἐξ
3271 3961 3550 4033 ἡμετέρας
3599 3957 3930 4025 ἐπιστολῆς,

2316 4061 2626 4114 τεθείκασιν
2681 4062 2736 4111 ἐν
2786 4058 2928 4128 ἀρχῇ
2981 4054 3088 4108 τῶν
3145 4053 3289 4106 ἰδίων
3340 4051 3535 4120 λόγων,
3564 4047 3935 4111 ἀπειλοῦντες

2318 4155 2466 4223 ἡμᾶς
2499 4151 2592 4203 ἐπὶ
2621 4147 2813 4217 καιροῦ
2848 4146 3167 4215 διελέγχειν,
3193 4144 3270 4206 ώς
3297 4143 3359 4196 οὑ
3397 4141 3633 4213 μετρίως
3663 4141 3935 4210 ἡμαρτη-

2318 4245 2481 4306 κότας
2511 4243 2590 4304 είς
2623 4240 2714 4292 τὸν
2761 4241 2824 4292 ἐκ
2862 4237 2998 4291 Θεοῦ
3037 4235 3250 4307 Πατρὸς
3283 4234 3474 4302 Λόγον,
3507 4232 3601 4284 καὶ
3634 4235 3699 4302 τῇ
3748 4231 3931 4283 αὑτοῦ

2319 4333 2476 4402 φύσει
2504 4331 2600 4401 τὴν
2627 4331 2692 4398 τῇ
2725 4328 2889 4397 σαρκὶ
2921 4327 3242 4394 πρέπουσαν
3281 4321 3510 4392 αὔξησίν
3549 4339 3608 4374 τε
3643 4321 3736 4374 καὶ
3779 4339 3931 4392 προ-

2319 4417 2492 4487 κοπὴν
2523 4415 2862 4470 ἀϐουλότατα
2888 4413 3436 4484 προσνενεμηκότας·
3483 4411 3616 4482 φέρε
3648 4410 3742 4463 καὶ
3779 4412 3933 4480 πρός

630 4511 868 4565 mulieris
913 4509 1053 4579 quod
1092 4508 1566 4578 profeceritJesus
1601 4517 1762 4563 aetate
1785 4519 1838 4563 et
1862 4511 2128 4580 sapientia
2157 4522 2211 4566 et

2316 4527 2376 4578 γε
2408 4510 2581 4562 ταῦτα
2620 4507 2686 4560 τὰ
2735 4507 2922 4560 εἰκότα
2963 4505 3234 4574 λέγωμεν,
3270 4506 3388 4557 ὅλον
3427 4502 3764 4571 παραθέντες
3818 4501 3931 4571 τῆς

629 4603 802 4673 gratia
836 4601 901 4664 ⁸³,
941 4615 1008 4654 ne
1032 4609 1188 4668 putes
1242 4598 1477 4653 Verbum
1545 4599 1639 4654 Dei
1706 4601 1923 4669 sapiens
1969 4601 2213 4670 profectu

629 4693 1037 4747 ell‘ectumesse.
1074 4691 1523 4747 Commemorabo
1545 4700 1723 4744 autem
1759 4694 1948 4762 magis,
1977 4693 2118 4762 quod
2140 4693 2219 4747 sic

632 4786 848 4839 divinus
898 4782 1097 4837 Paulus
1147 4784 1428 4852 scripserit
1469 4799 1480 4834 :
1523 4800 1540 4832 ι
1578 4782 1828 4838 Christus
1879 4784 1973 4838 Dei
2020 4785 2214 4849 virtus,

631 4889 687 4932 et
723 4877 812 4932 Dei
842 4876 1104 4944 sapientia
1134 4875 1200 4930 ⁸⁸.
1247 4894 1266 4928 ι
1308 4874 1493 4943 Neque
1527 4891 1716 4928 rursus
1747 4876 1872 4929 illud
1936 4880 2217 4947 nugaciter

633 4969 782 5022 ausis
812 4966 1014 5031 dicere,
1040 4966 1180 5035 quod
1205 4966 1471 5034 proﬁcere
1506 4967 1559 5020 in
1578 4978 1735 5020 aztate
1768 4967 2128 5036 etsapientia,
2163 4977 2216 5022 et

634 5059 831 5130 gratia,
864 5057 1064 5111 homini
1096 5057 1455 5112 attribuamus
1491 5077 1503 5112 :
1537 5058 1638 5112 hoc
1676 5057 1831 5128 173
1849 5059 2080 5122 enim,ut
2111 5061 2219 5126 opi-

637 5167 758 5212 nor,
793 5149 927 5203 nihil
953 5148 1094 5202 aliud
1126 5159 1231 5210 est,
1264 5164 1423 5216 quam
1479 5148 1720 5203 dividere
1776 5151 1826 5202 iu
1872 5150 2007 5203 duos
2053 5167 2215 5203 unum

633 5241 908 5294 Christum
941 5258 956 5295 :
988 5243 1105 5306 sed,
1124 5240 1265 5294 sicut
1290 5240 1448 5310 paulo
1476 5250 1600 5294 aute
1639 5241 1774 5308 dixi,
1799 5239 1988 5308 Filius,
2014 5241 2103 5311 qui
2137 5251 2219 5294 est

703 5401 748 5431 τ’
779 5399 931 5454 ioau.
966 5415 1076 5463 XIV,
1105 5399 1158 5452 9.
1238 5399 1281 5429 ⁸ο
1313 5397 1466 5462 .loan,
1497 5413 1528 5451 χ
1578 5401 1664 5452 30.
1740 5397 1783 5428 “
1813 5399 1975 5453 llebr.
2009 5416 2045 5464 ι,
2081 5399 2134 5452 5.

2321 4601 2612 4669 ἐπιστολῆς
2637 4600 2695 4654 τὸ
2729 4599 2912 4670 μέρος.
2950 4598 3256 4659 Δεδοικὸτες
3278 4607 3303 4632 ⁸
3331 4598 3439 4667 γὰρ
3474 4598 3629 4648 αὐτοὶ
3654 4596 3754 4664 τὴν
3785 4594 3933 4665 ἀλὴο

2321 4690 2492 4754 θειαν,
2523 4692 2618 4744 καὶ
2650 4689 3090 4762 συναρπάζοντες
3138 4689 3264 4750 τοὺς
3313 4687 3719 4757 ἀκροωμένους,
3752 4685 3931 4756 μέρος

2318 4800 2371 4834 τι
2401 4783 2735 4845 τεθείκασιν,
2769 4784 2906 4851 ὅπερ
2940 4781 3122 4842 αὐτοῖς
3167 4780 3338 4830 ἐδόκει
3374 4777 3805 4847 χρειωδέστατον
3845 4774 3931 4830 εἴ·

2329 4892 2408 4926 ¹ραι
2443 4875 2578 4943 πρὸς
2599 4875 2661 4925 τὸ
2691 4873 2951 4926 δύνασθαί
2987 4890 3048 4925 τε
3092 4873 3231 4925 κα“ιΡ
3268 4871 3372 4941 μὴν
3405 4871 3499 4923 καὶ
3537 4870 3717 4922 δοκεῖν
3759 4870 3925 4923 εὐλόι

2323 4975 2494 5032 γουςίὶ
2525 4965 2622 5027 τὰς
2653 4963 2775 5014 καθ’
2804 4961 2960 5033 ἡμῶν
2988 4961 3256 5015 ποιεῖσθαι
3289 4960 3652 5028 συκοφαντίας
3672 4976 3686 4988 °
3725 4958 3840 5028 ἔχει
3863 4959 3928 5013 δὲ

2325 5056 2497 5118 οὕτως
2535 5057 2594 5107 τὸ
2633 5055 2924 5125 εἰρημένον
2951 5070 2962 5083 °
3002 5054 3120 5108 Κᾶν
3157 5054 3416 5124 ἀκούσῃς,
3447 5054 3526 5105 ὅτι
3574 5051 3927 5121 προέκοπτεν

2324 5151 2351 5200 ὁ
2390 5148 2593 5217 Ἰησοῦς
2641 5148 2843 5218 “iV-5?:
2881 5147 2973 5200 “1‘-
3026 5148 3206 5216 σοφίᾏν
3241 5147 3335 5199 καί
3379 5147 3580 5214 χάριτι,
3627 5146 3702 5214 μὴ
3752 5147 3926 5214 σοφὸν

2326 5242 2384 5306 ἐξ
2419 5241 2708 5302 ἐπιδόσεως
2739 5239 2964 5310 νομίσῃς
2999 5239 3249 5307 γενέσθαι
3284 5239 3374 5290 τὸν
3403 5237 3495 5289 τοῦ
3531 5237 3666 5289 Θεοῦ
3702 5238 3882 5306 Λόγον
3908 5257 3921 5268 ο

2215 5399 2257 5429 ⁸³
2295 5398 2449 5453 .loan.
2492 5416 2603 5460 vm,
2638 5400 2725 5453 40.
2805 5398 2848 5430 ⁸³
2879 5397 3006 5453 Luc.
3043 5414 3101 5464 ιι,
3127 5397 3215 5454 52.
3291 5397 3338 5427 ⁸⁸
3370 5396 3531 5451 lCor.
3573 5415 3605 5458 ι,
3643 5396 3734 5450 ‘21.

1708 5554 1878 5608 \‘aria‘
1907 5556 2165 5610 lectiones
2198 5571 2261 5609 ex
2298 5556 2480 5610 codice
2515 5555 2886 5626 Seguicriauu.

720 5710 748 5752 ἱ
772 5712 1010 5775 διπλοῦς.
1056 5713 1254 5782 μᾶλλον
1286 5711 1399 5764 ἀλλ’
1423 5707 1522 5774 εἷς.

1611 5713 1623 5752 ί
1667 5713 1788 5766 καθ’
1815 5716 1882 5783 ἣν
1915 5716 2007 5767 καὶ
2034 5714 2093 5765 ἓν
2125 5715 2259 5766 ἐστι.

653 5782 732 5841 Ῑὸ
764 5785 1018 5858 Χριστός.
1096 5793 1131 5815 ⁸
1160 5784 1250 5837 καὶ
1285 5784 1377 5847 ώς.

1459 5794 1484 5821 ι’
1514 5783 1867 5839 ἀδιάστατον.
1952 5793 1975 5819 ο
1999 5787 2251 5848 δεδιότες.

2352 5727 2363 5762 t
2404 5715 2800 5784 ἐμψυχιυμένος
2848 5714 2994 5784 ψυχῇ
3031 5715 3246 5784 λογικῇ.

3326 5711 3350 5752 τί
3387 5715 3848 5788 σεσαρκωμένου.

2339 5797 2363 5836 1'
2397 5788 2482 5844 ἶς’,
2526 5788 2636 5840 ναί.
2719 5797 2746 5836 q
2770 5787 3032 5856 εὐδοκεῖ-λ,
3066 5787 3322 5855 εὐλόγως.
