4042 6482
131 353 204 409 3η
723 359 1250 421 APOLOGETICUS
1288 365 1424 421 PRO
1463 364 1556 421 ΧΗ
1597 365 1969 424 CAPITIBUS
2012 368 2291 426 CONTRA
2332 370 2792 428 ORIENTALES.

3251 371 3357 427 352

129 472 555 544 διαμεμνήσομαι
579 474 636 528 δὲ
661 477 862 546 μᾶλλον
892 481 1226 558 γεγραφότος
1253 482 1352 536 ὡδὶ
1378 484 1471 536 τοῦ
1497 483 1691 537 θεσπε-

1799 496 1921 542 ante
1944 488 2159 554 sarcula,
2195 490 2247 542 in
2284 491 2596 544 novissimis
2663 489 2844 544 saeculi
2900 487 3230 558 temporibus
3305 492 3355 542 in

130 562 213 613 σίου
243 562 469 617 Παύλου
489 581 503 594 ·
546 585 566 618 ‹
599 567 836 637 Χριστὸς
863 553 1284 643 Θεοιῗδύναμις,
1317 575 1409 637 καὶ
1438 574 1573 628 Θεοῦ
1602 593 1690 629 σο-

125 651 214 720 φία.
242 673 260 705 ι
298 656 468 726 Μηδὲ
509 651 578 710 αὖ
613 659 790 712 έκεῖνο
823 660 1115 732 φληνάφως
1167 665 1446 736 τολμήσῃς
1475 669 1647 720 εἰπεῖν
1670 709 1686 735 ,

120 743 178 795 ὅτι
208 745 263 796 τὸ
288 747 642 816 προκόπτειν
671 750 728 801 έν
753 750 938 824 ἡλικίᾳ
966 770 1023 806 τε
1045 755 1135 807 καὶ
1159 755 1339 826 σοφίᾳ,
1372 757 1463 810 καὶ
1486 758 1686 830 χάριτι,

117 833 174 903 τῷ
214 835 508 908 ἀνθρώπῳ
529 842 917 912 προσ-ἁψόμενσ
942 845 1100 899 τοῦτο
1146 848 1256 918 γάρ
1306 849 1475 916 ἐστιν,
1511 845 1682 919 οἶμαι,

114 925 317 996 ἕτερον’
354 927 544 994 οὐδὲν,
577 930 612 1000 ἢ
658 932 854 985 διελεῖν
897 935 975 998 είς
1023 935 1114 988 δύο
1161 938 1250 990 τὸν
1283 936 1378 990 ἕνα
1414 938 1647 1007 Χριστόν
1672 954 1686 968 ·

111 1016 205 1069 ἀλλ’
232 1017 436 1090 ὥσπερ
475 1020 617 1091 ἔφην
647 1023 869 1092 ἀρτίως,
905 1027 1226 1096 προαιώνιος
1273 1027 1350 1080 ὣν
1395 1032 1422 1082 6
1457 1030 1601 1093 Υἱὸς,
1632 1031 1689 1083 ἐν

111 1108 343 1178 ἐσχάτοις
369 1111 476 1164 τοῦ
519 1112 711 1177 αἰῶνος
736 1120 946 1186 καιροῖς
975 1121 1052 1182 είς
1091 1119 1219 1172 Υίὸν
1263 1120 1494 1190 ὡρίσθαι
1537 1121 1688 1188 λέγε-

109 1213 178 1248 ται
207 1197 373 1264 Θεοῦ,
412 1200 523 1269 τῆς
555 1203 690 1266 ιδίας
735 1206 936 1276 σαρκὸς
979 1208 1076 1278 τὴν
1106 1209 1358 1276 γέννησιν
1388 1210 1690 1280 οἰκειούμε-

108 1299 179 1346 νος
202 1286 587 1356 οἰκονομικῶς
613 1305 626 1320 ⁸
654 1291 798 1343 οὕτω
845 1294 940 1345 καὶ
987 1295 1246 1366 ὑπάρχων
1276 1297 1436 1366 σοφία
1465 1298 1560 1351 τοῦ
1596 1316 1690 1366 γε·

106 1378 454 1448 γεννηκότος,
508 1382 842 1452 προκόπτειν
898 1389 956 1439 ὲν
1009 1388 1170 1458 σοφίᾳ
1221 1388 1459 1457 λέγεται,
1512 1393 1688 1446 καίτοι

104 1470 410 1535 παπέλειος
445 1471 532 1524 ὢν
581 1473 657 1538 ὡς
691 1475 843 1542 Θεὸς,
873 1478 940 1532 τὰ
989 1482 1088 1551 τῆς
1134 1480 1552 1553 ἀνθρωπότητος
1583 1486 1690 1538 ἴδια

103 1559 176 1613 διὰ
200 1562 301 1634 τὴν
347 1567 436 1629 εἰς
485 1565 658 1640 ἄκρον
697 1567 890 1623 ἕνωσιν
917 1574 994 1635 εἰς
1021 1573 1212 1626 ἑαυτὸν
1238 1576 1463 1638 εἰκότως
1490 1576 1690 1631 ἁναλαι

104 1651 386 1708 6ὡν.Ἀνθ’
421 1659 552 1712 ὅτου
587 1659 650 1729 δὴ
697 1657 787 1715 οὖν
833 1662 965 1716 Θεοῦ
1012 1665 1291 1733 λέγοντος,
1330 1686 1348 1718 ‹
1384 1669 1573 1740 Κρίμα
1610 1671 1690 1723 δί-

104 1761 240 1799 καιον
271 1747 538 1819 κρίνατε,
580 1771 600 1803 ι
629 1753 1085 1823 παραλογίζονται
1109 1757 1207 1830 τὴν
1231 1757 1524 1829 ἀλήθειαν;
1555 1761 1690 1815 Οὔτε

1791 578 1984 632 Filium
2019 579 2110 632 Dei
2141 581 2551 649 praedestinatus
2583 595 2704 637 esse
2743 581 2941 635 dicitur
2964 579 3033 647 ⁵⁸,
3079 595 3188 633 suae
3236 593 3356 634 car-

1791 669 1876 725 nis
1897 672 2231 726 nativitatem
2266 673 2369 726 sibi
2431 673 2789 742 approprians
2827 671 3209 742 dispensative.
3268 671 3360 722 Sic

1790 770 1844 816 et
1872 763 2136 818 exsistens
2170 763 2433 832 sapientia
2477 764 2615 830 ejus,
2650 765 2738 833 qui
2777 764 2983 832 genuit,
3019 762 3281 834 prolicere
3307 761 3356 812 in

1791 853 2052 923 sapientia
2092 855 2311 919 dicitur,
2351 859 2598 923 quamvis
2641 856 3070 924 perfectissimus
3129 856 3218 917 sit,
3270 862 3353 904 ut-

1791 955 1915 1014 pote
1951 946 2110 1013 Deus,
2136 947 2264 1001 dum
2297 948 2650 1004 humanitatis
2677 950 3033 1018 proprietates
3087 960 3184 1014 per
3210 960 3357 998 smn-

1789 1052 1931 1090 mam
1963 1038 2258 1093 unitionem
2290 1039 2342 1093 in
2374 1053 2436 1094 se
2494 1041 2882 1094 convenienter
2945 1036 3206 1107 suscepit.
3251 1035 3363 1089 Cur

1789 1141 1919 1197 ergo
1945 1142 2067 1182 cum
2121 1128 2262 1184 Deus
2320 1129 2466 1184 dicat
2502 1145 2518 1184 :
2555 1148 2574 1182 ι
2607 1129 2874 1184 Judicium
2902 1127 3105 1196 justum
3160 1125 3364 1194 judica-

1793 1229 1846 1273 te
1882 1219 1960 1272 ⁸⁶ε
2004 1239 2022 1271 ι
2051 1221 2336 1276 veritatem
2367 1220 2517 1276 falsis
2547 1221 2852 1275 rationibus
2873 1218 3228 1275 adur‘nbrant?
3252 1215 3360 1271 Ne-

1792 1323 1895 1378 que
1920 1311 2062 1364 enim
2099 1313 2447 1380 partitionem
2482 1310 2956 1366 subsistentiarum
3006 1316 3129 1378 post
3167 1306 3363 1361 unitio-

1796 1416 1916 1455 nem
1947 1402 2391 1471 dogmatizamus,
2441 1415 2617 1472 neque
2667 1401 2892 1457 Deitatis
2949 1407 3199 1454 naturam
3262 1411 3362 1450 au-

1796 1502 2017 1560 gmcnlo
2035 1501 2087 1547 et
2117 1491 2358 1562 profectu
2382 1508 2519 1563 opus
2545 1493 2799 1548 habuisse
2828 1491 3090 1554 dicimus;
3113 1488 3203 1544 sed
3233 1487 3363 1541 illud

1792 1584 1990 1652 potius,
2025 1587 2168 1653 quod
2197 1586 2494 1640 secundum
2521 1584 2943 1654 dispensativam
2973 1578 3364 1651 appropriatio—

1794 1689 1915 1729 nem
1977 1667 2105 1731 suas
2143 1676 2338 1732 fecerit
2397 1676 2580 1731 carnis
2633 1674 3019 1744 proprietates,
3091 1686 3156 1726 eo
3196 1670 3362 1738 quod,

1800 1784 1818 1816 ι
1850 1767 2079 1822 Verbum
2104 1783 2232 1824 caro
2252 1768 2451 1823 factum
2485 1776 2623 1834 est,»
2651 1767 2945 1822 secundum
2973 1763 3279 1833 Scripturas
3295 1761 3362 1816 ⁸⁷.

100 1837 192 1906 γὰρ
221 1842 509 1912 μερισμὸν
550 1844 661 1897 τῶν
688 1845 1039 1902 ὑποστάσεων
1079 1852 1216 1920 μετά
1247 1851 1345 1922 τὴν
1374 1852 1568 1905 ἕνωσιν
1595 1854 1683 1906 δο-

1799 1858 1945 1923 Quod
1976 1869 2153 1914 autem
2187 1859 2279 1915 tali
2306 1859 2430 1914 lldei
2489 1869 2543 1914 et
2573 1857 2814 1927 opinioni
2851 1857 3014 1911 etiam
3051 1861 3362 1909 sanctorum

101 1932 464 2004 γματίζομεν,
502 1935 630 1990 οὔτε
674 1938 772 2010 τὴν
802 1941 897 2009 τῆς
924 1941 1190 2012 Θεότητος
1206 1942 1366 2012 φύσιν
1407 1941 1688 2014 αὐξήσεως

100 2038 149 2072 τε
175 2023 268 2075 καὶ
287 2030 589 2098 προκοπῆς
622 2030 905 2099 δεδεῆσθαί
929 2051 1109 2103 φαμεν
1134 2049 1146 2062 '
1177 2035 1354 2088 έκεῖνο
1373 2035 1428 2086 δὲ
1456 2035 1653 2103 μᾶλλον
1672 2075 1686 2096 ,

99 2112 165 2164 ὅτι
208 2117 337 2168 κατ’
372 2118 659 2172 οὶκείωσιν
689 2124 1041 2194 οἰκονομικὴν
1071 2125 1262 2177 ἑαυτοῦ
1296 2125 1592 2195 πεποίηται
1621 2126 1689 2178 τὰ

97 2205 191 2257 ἴδια
215 2205 324 2275 τῆς
361 2209 595 2280 σαρκὸς,
628 2211 733 2276 ὡς(
765 2213 898 2284 σὰρξ
928 2215 1187 2284 γεγονὼς,
1215 2235 1233 2267 ι
1263 2217 1402 2269 κατὰ
1423 2217 1523 2278 τὰς
1546 2217 1690 2286 Γρα-

1799 1951 2021 2005 Patrum
2055 1953 2308 2007 concinat
2334 1952 2556 2017 chorus,
2596 1950 2889 2005 ostendere
2917 1947 3195 2002 attentabo
3235 1941 3367 2008 adji-

1792 2042 1940 2096 ciens
1972 2047 2038 2097 ad
2070 2043 2329 2111 majorem
2367 2043 2773 2106 certitudinem,
2807 2050 3014 2110 partem
3075 2035 3368 2092 enarratio-

1797 2133 1879 2186 nis
1907 2134 2032 2187 olim
2065 2137 2132 2189 ab
2160 2137 2338 2192 Attico
2365 2137 2539 2191 beatae
2567 2135 2844 2190 memoriae
2895 2132 3156 2202 episcopo
3187 2125 3368 2181 factm.

1795 2221 1869 2277 Ea
1908 2225 1987 2278 sic
2022 2227 2182 2280 habet
2226 2245 2241 2280 :

94 2299 348 2368 φάς.”οτι
373 2302 436 2356 δὲ
473 2307 542 2375 τῇ
573 2306 750 2377 τοιᾷδε
794 2309 973 2361 πίστει
997 2327 1057 2362 τε
1089 2311 1181 2364 καὶ
1209 2310 1334 2382 δόξῃ
1385 2310 1478 2362 καὶ
1540 2311 1568 2362 6
1612 2313 1717 2366 τῶν
1755 2319 1927 2386 ἁγίων
1962 2321 2221 2392 Πατέρων
2280 2321 2492 2392 συνᾴδει
2519 2320 2699 2392 χορὸς,
2727 2317 2989 2380 ἐπιδεῖξαι
3014 2313 3366 2384 πειράσομαι,

95 2391 364 2463 παραθεὶς
415 2397 500 2459 είς
571 2399 1042 2473 πληροφόρησινε,
1082 2403 1394 2474 ἐξηγήσεως
1460 2401 1645 2472 μέρος.
1683 2411 1982 2481 γενομένης
2012 2391 2154 2467 κατᾶ
2218 2391 2446 2484 καιροθς
2487 2413 2638 2484 παρὰ
2670 2411 2765 2464 τοῦ
2796 2413 2896 2481 τῆς
2926 2405 3203 2479 μακαρίας
3233 2401 3372 2473 μνή-

95 2506 195 2561 μης
230 2491 530 2546 ’Δττικοῦο
567 2493 681 2564 ἔχει
709 2497 768 2548 δὲ
797 2497 969 2562 οὕτως
1000 2514 1017 2531 ο

202 2611 480 2666 Ἀττικοῦ
508 2611 848 2669 ἐπισκόπου
868 2618 1581 2688 Κωνσταντινουπόλεως.

160 2721 426 2793 Σήμερον
457 2724 698 2794 Χριστὸς
730 2726 758 2778 6
785 2727 1064 2800 Δεσπότης
1095 2730 1194 2802 τὴν
1239 2733 1339 2802 τῆς
1392 2735 1696 2806 φιλανθρω-

97 2814 220 2878 πίας
253 2815 527 2882 γέννησιν
565 2818 877 2883 ἀνεδέξατο’
907 2821 1005 2891 τὴν
1036 2821 1143 2894 γὰρ
1173 2824 1272 2894 τῆς
1307 2825 1496 2897 θεῖκῆς
1537 2829 1696 2892 ἀξίας

96 2905 490 2975 πτιοῦπῆρχεν.
534 2903 666 2960 Εἶτα
694 2909 907 2975 τούτοις
957 2913 1210 2984 ἐπιφέρει
1263 2916 1444 2970 πάλιν·
1482 2919 1551 2972 Ὀ
1593 2922 1695 2990 τῆς

97 2994 526 3066 φιλανθρωπίας
575 2999 750 3067 Λόγος
779 3001 1052 3069 κενοῦται,
1085 3006 1354 3070 ἀκένωτος
1391 3010 1489 3079 τὴν
1534 3011 1695 3079 φύσιν

2087 2617 2244 2670 Attici
2271 2615 2495 2686 episcopi
2514 2608 3106 2679 Constantinopolitani.

1867 2729 2036 2785 Hodie
2055 2729 2316 2783 Dominus
2344 2729 2594 2784 Christus
2616 2722 2969 2794 benignitatis
3028 2722 3368 2776 nativitatem

1792 2820 2049 2890 suscepit.
2083 2819 2217 2873 Nam
2267 2820 2562 2874 secundum
2631 2818 2777 2874 illam
2839 2816 3033 2872 divinae
3088 2814 3370 2884 dignitatis

1794 2915 1942 2981 prius
1958 2923 2096 2968 erat.
2133 2913 2335 2968 Deinde
2362 2913 2466 2969 illis
2498 2913 2694 2967 iterum
2717 2913 2959 2966 annectit
2994 2928 3008 2964 :
3053 2908 3372 2962 Humanita-

1794 3007 1862 3059 tis
1912 3006 2142 3060 Verbum
2188 3007 2532 3080 .cxinanitur,
2579 3013 2771 3059 natura
2848 3016 2954 3056 non
3034 2998 3365 3053 exinanibile

96 3086 400 3157 ὑπάρχωνο
451 3087 717 3143 ιἙαυτὸν
761 3092 872 3162 γὰρ
931 3093 1187 3159 έκένωσε,
1246 3099 1460 3170 μορφὴν
1506 3101 1691 3154 δούλου

1799 3098 2086 3150 exsistcns.
2124 3115 2141 3148 ι
2180 3096 2430 3165 Seipsum
2459 3098 2600 3152 enim
2631 3093 2952 3160 exinanivit,
2975 3091 3205 3147 formam
3226 3089 3370 3142 servi

93 3177 294 3234 λαϐὼν.
339 3199 359 3230 ι
395 3178 456 3233 Ὁ
493 3180 738 3253 ἄσαρκος
768 3184 854 3237 διὰ
892 3185 948 3238 σὲ
989 3185 1306 3257 σαρκοῢταιο
1333 3209 1349 3240 ι
1375 3191 1431 3243 '0
1460 3192 1566 3262 γὰρ
1600 3193 1700 3247 Λό-

95 3287 183 3336 γος
218 3271 369 3342 σὰρξ
399 3272 653 3340 ἐγένετο·
689 3293 708 3325 ι
741 3274 800 3328 Ὀ
819 3277 929 3348 ἁφῇ
953 3279 1026 3348 μὴ
1058 3279 1378 3334 ὑποπίπτων
1401 3280 1488 3336 διὰ
1518 3285 1577 3338 τὸ
1598 3285 1698 3355 τῆς

96 3362 311 3428 φύσεως
345 3363 664 3434 ἀσώματον,
686 3358 1026 3436 ψηλαφᾶται.
1048 3372 1104 3424 Ὀ
1127 3371 1382 3442 ἄναρχος,
1398 3375 1501 3426 ὑπὸ
1525 3376 1697 3448 ἀρχὴν

96 3455 305 3519 γίνεται
369 3457 728 3524 σωματικήνο
787 3460 815 3510 6
862 3458 1061 3522 τέλειος
1109 3461 1298 3528 αὔξειν
1357 3467 1385 3516 6
1431 3467 1699 3535 ἄτρεπτος

94 3545 411 3612 προκόπτει
481 3547 510 3598 6
529 3545 806 3612 πλούσιος,
824 3550 882 3601 ὲν
909 3551 1252 3622 καταλύματι
1282 3554 1516 3622 γίνεται⁸
1542 3560 1569 3610 6
1604 3575 1701 3610 πε-

95 3637 374 3705 ριῆἁλλων
411 3638 506 3690 τὸν
539 3639 769 3709 οὐρανὸν
791 3641 847 3693 ὲν
888 3641 1156 3711 νεφέλαις,
1193 3646 1600 3716 σπαργανοῦται
1624 3667 1636 3681 ·
1669 3648 1699 3700 ό

94 3729 380 3797 βασιλεὺς,
426 3731 486 3782 ὲν
516 3730 692 3803 φάτνῃ
728 3731 958 3788 τίθεται.

160 3909 294 3961 Ὅτι
343 3908 406 3961 δὲ
450 3908 683 3978 διαιρεῖν
712 3908 811 3972 τὰς
846 3910 1172 3976 ὑποστάσεις
1204 3913 1340 3983 μετὰ
1373 3915 1472 3986 τὴν
1507 3916 1699 3970 ἕνωσιν

91 4003 189 4054 οὐκ
248 4000 649 4070 ἀπλημμελὲς,
689 4001 892 4072 μᾶλλον
929 3989 985 4056 δὲ
1029 4005 1446 4076 ἀνατρεπόντων
1491 4009 1606 4062 ἐστὶ
1640 4011 1699 4063 τὸ

96 4095 304 4148 σεπτὸν
346 4096 451 4163 τῆς
498 4093 965 4164 ὲνανθρωπήσεως
1001 4099 1321 4168 μυστήριον,
1354 4100 1506 4154 οὐδὲν
1536 4097 1699 4172 ἧττον

95 4185 393 4256 εὲσὸμεθα,
431 4186 547 4246 τοῖς
595 4184 1014 4253 ἐντεταγμένοις
1043 4187 1464 4257 ἐντυγχάνοντες
1517 4192 1700 4260 ῥητοῖς

107 4278 338 4331 Ἰουλίου
397 4291 460 4327 τε
513 4276 609 4326 καὶ
657 4273 912 4344 Φήλικος,
944 4275 1049 4328 τῶν
1083 4277 1529 4350 ἀφηγησαμένων
1561 4282 1700 4335 κατὰ

98 4369 334 4443 καιροὺς
367 4365 476 4436 τῆς
510 4366 802 4434 Ῥωμαίων
836 4365 1180 4436 Ἐκκλησίας.

449 4481 714 4537 Ἰουλίου
752 4480 1088 4535 ἐπισκόπου
1131 4481 1378 4552 Ῥώμης.

165 4598 545 4670 Κηρύσσεται
583 4594 640 4650 δὲ
681 4596 760 4657 είς
791 4593 1181 4666 συμπλήρωσιν
1210 4597 1310 4666 τῆς
1342 4597 1579 4661 πίστεως
1608 4601 1703 4654 καὶ

98 4688 428 4762 σαρκωθεὶς
447 4689 511 4738 ὲκ
544 4685 825 4754 Παρθένου
849 4685 1066 4755 Μαρίας
1094 4686 1120 4736 ὁ
1148 4686 1239 4738 τοῦ
1271 4685 1405 4739 Θεοῦ
1434 4687 1582 4752 Υἱὸς,
1609 4691 1704 4742 καὶ

96 4783 406 4854 σκηνώσεις
456 4781 514 4832 ἐν
563 4777 892 4847 ἀνθρώποις,
927 4780 1025 4832 οὐκ
1072 4781 1129 4831 ἐν
1176 4780 1450 4856 ἀνθρώπῳ
1481 4784 1706 4854 ἐνεργή-

99 4898 196 4942 σας
216 4897 231 4908 ·
263 4876 438 4930 τοῦτο
476 4873 588 4943 γὰρ
619 4872 712 4924 ἐπὶ
747 4873 1040 4943 προφητῶν
1071 4873 1184 4926 ἐστι
1232 4875 1326 4927 καὶ
1351 4875 1699 4929 ἀποστόλων·

95 4975 310 5033 τέλειος
334 4967 475 5030 Θεὸς
498 4969 558 5019 ἐν
587 4967 770 5036 σαρκὶ,
799 4966 893 5018 καὶ
923 4965 1207 5037 ἄνθρωπος
1238 4968 1440 5031 τέλειος
1463 4971 1517 5022 ἐν
1541 4968 1704 5022 πνεύ-

101 5083 274 5136 ματι·
325 5065 392 5117 οὐ
446 5060 542 5113 δύο
597 5059 726 5121 υἱοὶ,
761 5054 840 5121 εἷς
882 5060 980 5129 μὲν
1016 5061 1235 5127 γνήσιος
1264 5060 1391 5124 Υἱὸς
1419 5060 1707 5114 ἀναλαϐὼν

97 5159 425 5227 ἄνθρωπον,
459 5152 650 5221 ἕτερος
700 5150 756 5202 δὲ
801 5149 991 5220 θνητὸς
1044 5150 1329 5222 ἅνθρωπος
1377 5152 1706 5221 ἀναληφθεὶς

99 5252 207 5301 ὑπὸ
239 5245 412 5308 Θεοῦ,
445 5243 564 5296 ἀλλ’
599 5237 680 5302 εἷς
721 5241 749 5292 ὁ
786 5240 1080 5310 μονογενὴς
1120 5242 1178 5292 ἐν
1209 5241 1442 5312 οὐρανῷ,
1478 5243 1570 5296 καὶ
1606 5260 1705 5312 μο..

101 5341 337 5410 uva-{avi};
377 5337 477 5390 ἐπὶ
504 5335 608 5406 τῆς
639 5337 741 5406 γῆς
764 5333 915 5396 θεός.

668 5497 714 5527 ’⁸⁸³
743 5495 896 5548 Deut.
934 5509 988 5553 ι,
1031 5491 1112 5548 i6.
1191 5491 1424 5546 ".Joan.
1466 5508 1506 5555 ι,
1544 5492 1622 5545 14.

171 5503 221 5534 ³⁸
259 5502 424 5558 Rom.
461 5515 499 5565 Ι,
536 5498 585 5550 Α.

1729 4437 1784 4497 D

1701 5493 1746 5523 ⁸⁸
1778 5491 2007 5560 Philipp.
2045 5508 2103 5556 ιι,
2135 5490 2187 5546 6.

1803 3187 2076 3255 accipiens
2105 3185 2172 3240 ⁸⁸.
2212 3206 2230 3237 ι
2267 3187 2366 3253 Qui
2395 3187 2577 3242 carnis
2599 3199 2793 3252 expers
2825 3191 2929 3247 est,
2961 3189 3180 3250 propter
3213 3186 3265 3231 te
3295 3180 3379 3230 in~

1802 3289 2059 3331 carnatnr
2087 3296 2098 3333 :
2130 3296 2146 3327 ι
2186 3276 2420 3332 Verbum
2449 3276 2592 3331 enim
2623 3290 2752 3330 caro
2781 3273 2982 3328 factum
3006 3281 3090 3326 est
3120 3269 3188 3336 ⁸⁵,
3235 3287 3254 3320 ι
3282 3268 3373 3337 qui

1805 3370 1965 3422 tactui
1994 3385 2097 3422 non
2126 3369 2436 3436 snbjacebat
2466 3368 3068 3438 propterincorpoream
3095 3370 3372 3420 naturam,

1802 3458 2071 3526 palpatur.
2106 3457 2205 3523 Qui
2239 3460 2355 3513 sine
2388 3458 2655 3527 principio
2681 3465 2785 3522 est,
2827 3455 2927 3509 sub
2955 3449 3226 3522 principio
3255 3463 3377 3501 cor-

1802 3563 1965 3617 poreo
1991 3548 2084 3602 fuit
2108 3567 2121 3614 ;
2157 3550 2244 3617 qui
2271 3548 2542 3618 perfectus
2559 3557 2663 3612 est,
2683 3547 2920 3609 crescit;
2945 3543 3034 3612 qui
3067 3551 3150 3596 est
3179 3540 3390 3594 immu~~

1801 3638 2002 3702 tabilis,
2023 3640 2268 3707 prolicit;
2292 3640 2382 3710 qui
2404 3641 2554 3694 dives
2578 3648 2680 3702 est,
2711 3637 2763 3690 in
2786 3633 3085 3691 diversorio
3111 3630 3372 3693 nascitur;

1803 3727 1896 3798 qui
1929 3730 2106 3798 aperit
2135 3730 2330 3784 coelum
2364 3730 2416 3783 in
2451 3729 2682 3782 nubibus
2714 3726 2782 3793 ’°,
2813 3724 3008 3794 pannis
3031 3717 3324 3777 involvitur
3355 3735 3372 3780 ;

1803 3819 1895 3890 qui
1931 3835 2020 3876 rex
2049 3830 2154 3885 est,
2188 3821 2406 3889 ponitur
2431 3819 2483 3873 in
2515 3817 2805 3887 praesepio.

1874 3911 1942 3966 At
1968 3912 2108 3980 quod
2132 3919 2254 3981 post
2295 3911 2596 3964 unitionem
2655 3906 3043 3963 subsistentias
3102 3903 3374 3966 dividere,

1803 4005 2001 4059 delicto
2033 4017 2140 4056 non
2165 4011 2366 4066 careat,
2396 4013 2451 4055 et
2473 4001 2546 4055 sit
2568 4001 2746 4068 potius
2773 4000 3092 4055 subvertere
3113 4012 3390 4053 venerari--

1804 4094 2340 4150 dumincarnationis
2387 4101 2817 4157 sacramentum,
2878 4089 3227 4146 nihilominus
3282 4103 3387 4142 co-

1805 4201 2152 4256 gnoseemus,
2193 4186 2434 4254 legentes
2465 4183 2762 4238 sententias
2791 4181 2915 4237 Julii
2941 4192 2996 4238 ct
3040 4181 3258 4247 Felicis,
3289 4179 3391 4248 qui

1804 4280 1931 4336 olim
1955 4279 2210 4334 Romana:
2237 4277 2492 4333 Ecclesiae
2528 4277 2878 4347 praefuerunt.

2257 4492 2392 4546 Julii
2433 4493 2659 4562 episcom’
2681 4491 2922 4546 Romani.

1880 4607 1961 4662 Ad
1995 4605 2117 4660 ﬁdei
2135 4605 2519 4675 plenitudinem
2535 4603 2626 4657 Dei
2656 4603 2821 4656 Filius
2848 4616 2914 4656 ex
2957 4599 3125 4654 Maria
3157 4600 3387 4670 Virgine

1810 4700 2124 4754 incarnatus
2175 4697 2533 4766 praedicatur;
2600 4692 2761 4764 174
2805 4693 2896 4760 qui
2956 4693 3098 4745 inter
3133 4692 3384 4746 homines.

1811 4795 2070 4851 moratus,
2111 4801 2217 4840 non
2252 4783 2480 4857 (potenti
2511 4784 2742 4851 quadam
2781 4782 2853 4850 vi)
2901 4781 2950 4834 in
3007 4780 3225 4834 homine
3257 4795 3384 4849 ope-

1811 4887 1959 4932 ratus
1982 4885 2064 4930 est
2101 4892 2113 4928 :
2146 4876 2246 4929 hoc
2272 4874 2415 4928 enim
2441 4875 2491 4926 in
2523 4870 2798 4940 prophetis
2818 4878 2871 4924 et
2904 4869 3164 4937 apostolis
3206 4869 3380 4923 locum

1814 4970 1991 5022 habet.
2017 4967 2109 5021 Est
2131 4975 2310 5019 autem
2346 4963 2616 5032 perfectus
2642 4963 2780 5016 Deus
2824 4961 2876 5013 in
2915 4975 3104 5026 carne,
3140 4967 3193 5015 et
3224 4962 3385 5015 homo

1812 5057 2078 5127 perfectus
2115 5059 2165 5111 in
2211 5057 2443 5125 spiritu:
2481 5071 2588 5110 non
2632 5055 2737 5108 duo
2791 5052 2906 5117 ﬁlii,
2972 5067 3114 5106 unus
3162 5053 3387 5123 quidem”

1814 5166 2100 5219 germanus
2129 5148 2314 5211 Filius,
2348 5149 2436 5215 qui
2479 5147 2717 5215 suscepit
2742 5144 3037 5207 hominem,
3064 5143 3204 5196 alter
3258 5159 3386 5197 vero

1816 5243 1971 5295 homo
1998 5241 2243 5295 mortalis
2278 5255 2304 5292 a
2343 5240 2447 5293 Deo
2483 5249 2790 5307 assumptus
2818 5254 2833 5290 :
2861 5239 2953 5291 sed
3020 5253 3160 5291 unus
3200 5237 3386 5307 unige-

1817 5335 1958 5388 nitns
1984 5335 2033 5386 in
2065 5331 2226 5398 cwlo,
2256 5342 2306 5385 et
2347 5332 2649 5400 unigenitus
2681 5331 2730 5384 in
2763 5340 2901 5384 terra
2937 5328 3095 5380 Dens.

2274 5493 2315 5523 ⁸⁷³
2346 5489 2501 5545 Joan.
2539 5507 2572 5554 ι,
2610 5492 2689 5544 Η.
2766 5491 2809 5523 ³⁸
2837 5490 2976 5544 Psal.
3015 5505 3195 5554 cum,
3226 5485 3279 5542 8.

1197 5629 1374 5683 Variae
1405 5630 1661 5687 lectiones
1688 5648 1750 5686 ex
1780 5632 1962 5688 codice
1989 5631 2362 5701 Seguicriano.

175 5789 199 5822 τ
236 5773 424 5852 οἶμαι,
462 5774 559 5832 καὶ
585 5777 796 5849 ἕτερον.
879 5779 900 5808 ⁸
939 5773 1030 5828 καί
1069 5771 1451 5842 πληροφορίαν.
