4042 6480
639 406 750 468 343

711 523 910 580 Felicis
942 520 1261 576 sanctissimi
1287 520 1515 588 episcopi
1563 516 1761 582 Bonus,
1786 530 1831 573 et
1867 518 2139 587 martyris.

710 696 785 752 De
806 694 969 751 Verbi
996 702 1175 749 autem
1207 691 1583 748 incarnatione
1613 701 1668 747 et
1702 690 1828 756 ﬁde,
1861 691 2134 747 credimus
2163 692 2215 747 in

640 790 927 846 Dominum
953 796 1198 843 nostrum
1226 784 1411 841 Jesum
1439 783 1718 839 Christum
1756 800 1817 839 ex
1860 782 2079 854 Virgine
2107 784 2218 838 Ma-

640 882 723 934 ria
757 889 963 944 natum,
989 878 1131 947 quod
1160 877 1276 947 ipse
1306 884 1390 931 est
1418 875 1789 946 sempiternus
1814 874 1907 930 Dei
1961 874 2131 930 Filius
2165 884 2219 929 et

640 972 919 1040 Verbum,
976 986 1083 1027 non
1135 979 1316 1024 autem
1366 970 1526 1023 homo
1568 984 1597 1023 a
1641 966 1752 1024 Deo
1812 977 2140 1036 assumptus,
2163 977 2219 1021 ut

637 1064 779 1119 alius
812 1062 885 1120 sit
920 1063 989 1119 ab
1018 1063 1129 1118 illo.
1164 1061 1349 1130 Neque
1407 1062 1551 1115 enim
1612 1061 1887 1115 hominem
1925 1060 2221 1128 assumpsit

640 1158 733 1213 Dei
761 1157 1017 1223 Filius,ut
1041 1158 1179 1212 alius
1209 1158 1277 1210 ab
1304 1156 1422 1225 ipso
1448 1155 1682 1209 exsistat
1714 1170 1727 1207 :
1760 1154 1853 1208 sed
1895 1169 2018 1208 cum
2044 1152 2222 1221 perfe-

637 1262 758 1306 ctus
781 1251 921 1307 Deus
938 1260 1103 1315 esset,
1135 1248 1309 1303 factus
1340 1258 1425 1303 est
1445 1247 1606 1303 simul
1651 1256 1706 1302 et
1734 1247 1894 1302 homo
1923 1244 2219 1317 perfectus,

637 1359 705 1399 ex
733 1342 948 1417 Virgine
979 1345 1316 1399 incarnatus.

1037 1541 1686 1599 ANATHEMATISMUS
1710 1539 1820 1593 VII.

720 1655 780 1712 Si
815 1656 937 1727 quis
975 1653 1161 1710 Jesum
1200 1664 1457 1723 tanquam
1491 1654 1768 1707 hominem
1818 1667 1847 1706 a
1907 1650 2000 1706 Dei
2045 1650 2224 1706 Verbo

640 1748 885 1818 agitante
917 1755 1124 1801 motum
1159 1745 1435 1808 habuisse,
1463 1742 1852 1812 Unigenitique
1884 1742 2110 1812 gloriam
2147 1742 2223 1797 illi

1638 396 1694 452 S.
1737 394 2013 453 CYRILLI
2052 389 2525 449 ALEXANDRINI
2561 386 2883 448 ARCHIEP.

2240 519 2289 574 Δ
2360 514 2621 581 Φήλικος
2650 510 2759 567 τοῦ
2790 502 3121 581 ἁτιωτάξοὺ
3147 503 3487 561 ἐπισκόπου
3514 500 3755 571 Ῥώμης,
3779 502 3878 554 καὶ

3810 383 3918 439 ιιι

2956 579 3274 647 μάρτυροςο

2396 698 2533 770 Περὶ
2583 694 2641 751 δὲ
2680 694 2779 766 τῆς
2829 691 3161 765 σαρκώσεως
3191 688 3287 743 τοῦ
3315 686 3513 755 Λόγου,
3551 682 3648 738 καὶ
3686 682 3790 753 τῆς
3820 682 3917 735 πί-

2330 807 2543 856 στεως,
2586 789 2918 859 πιστεύομεν
2970 786 3051 849 εἰς
3098 783 3190 836 τὸν
3242 778 3454 851 Κύριον
3500 776 3662 848 ἡμῶν
3706 774 3919 847 Ἰησοῦν

2326 883 2585 955 Χριστὸν,
2618 884 2709 937 τὸν
2742 884 2807 936 ὲκ
2841 880 2939 951 τῆς
2976 874 3256 947 Παρθένου
3296 870 3515 943 Μαρίας
3558 867 3917 939 γεννηθέντα,

2325 978 2409 1031 ὅτι
2452 974 2615 1039 αὑτός
2658 974 2807 1027 ἑστιν
2847 973 2875 1025 ὁ
2908 967 3002 1025 τοῦ
3038 965 3175 1021 Θεοῦ
3211 964 3381 1026 ἀΐδιος
3408 960 3536 1024 Υἱὸς
3568 958 3665 1013 καὶ
3717 958 3917 1027 Λόγος,

2326 1070 2545 1126 καὶούκ
2570 1069 2855 1141 ἄνθρωπος
2884 1063 2988 1117 ὑπὸ
3020 1059 3156 1115 Θεοῦ
3187 1055 3538 1127 ἀναληφθεὶς,
3566 1053 3633 1106 ἶν’
3662 1051 3750 1105 tu
3761 1067 3857 1123 ρος

2328 1166 2457 1236 παρ’
2483 1164 2707 1217 ἐκεῖνον.
2728 1158 2863 1214 Οὐδὲ
2890 1157 2999 1226 γὰρ
3024 1153 3309 1225 ἄνθρωπον
3330 1147 3590 1203 ἀνέλαϐεν
3611 1146 3639 1199 ὁ
3660 1144 3756 1236 τοῦ
3778 1144 3922 1197 Θεοῦ

2328 1258 2476 1320 Υἱὸς,
2500 1256 2591 1309 ἴνα
2681 1253 2866 1323 ἕτερος
2890 1247 3020 1318 παρ’
3052 1245 3213 1300 αὐτόν
3234 1260 3247 1275 ο
3277 1241 3413 1295 ἀλλά
3436 1237 3571 1301 Θεὸς
3594 1237 3669 1290 ὢν
3686 1235 3923 1328 τέλειος,

2328 1350 2551 1419 γέγονεν
2590 1327 2706 1418 ἅμα
2758 1345 2851 1396 καὶ
2900 1340 3104 1403 τέλειος
3154 1334 3463 1407 ἄνθρωπος,
3496 1327 3807 1401 σαρκωθεὶς
3861 1328 3927 1381 ὲκ

2329 1440 2630 1515 Παρθένου.

2772 1538 3367 1603 ΑΝΑΘΕΜΑΤΙΣΜΟΣ
3406 1538 3481 1591 Z'.

2402 1670 2471 1724 Εῐ
2508 1666 2591 1731 τίς
2630 1680 2817 1735 φησιν,
2852 1660 2928 1721 ὡς
2963 1654 3250 1726 ἄνθρωπον
3284 1646 3622 1721 ὲνηργῆσθαι
3668 1644 3777 1743 ὑπὸ
3827 1638 3928 1743 τοῦ

2331 1762 2468 1819 Θεοῦ
2499 1759 2672 1827 Λόγου
2698 1754 2790 1809 τὸν
2828 1747 3057 1821 Ἰησοῦν,
3088 1744 3183 1799 καὶ
3213 1744 3313 1815 τὴν
3345 1740 3439 1795 τοῦ
3466 1734 3814 1807 Μονογενοῦς
3836 1734 3932 1787 εύ-

639 1847 897 1907 tanquam
945 1837 1097 1892 alteri
1128 1834 1362 1905 cuipiam
1420 1836 1488 1891 ab
1544 1836 1659 1905 ipso
1716 1834 1913 1901 Verbo,
1939 1835 2225 1891 advenisse

2338 1854 2511 1919 δοείαν
2542 1846 2845 1922 περιῆφθαι
2892 1843 2966 1908 ὼς
3009 1838 3180 1910 ἑτέρῳ
3199 1835 3337 1907 παρ’
3373 1832 3537 1887 αὑτὸν
3578 1828 3888 1900 ὑπάρχοντι
3912 1841 3927 1857 ο

641 1930 843 1987 dixerit
877 1946 889 1982 :
928 1930 1216 1984 anathema
1242 1927 1333 1985 sit.

1096 2042 1453 2098 Orientalium
1473 2042 1722 2113 objectio.

712 2155 1035 2215 Possessum
1068 2156 1236 2214 fuisse
1259 2158 1547 2215 Dominum
1575 2164 1823 2233 nostrum
1844 2156 2030 2212 Jesum
2064 2156 2225 2213 Chri-

641 2261 790 2305 stum
811 2265 840 2304 a
880 2248 1082 2321 Spiritu
1121 2249 1363 2319 agitante
1385 2259 1444 2305 ut
1467 2249 1746 2305 hominem
1778 2249 2123 2319 simpliciter,
2140 2250 2223 2306 vel

645 2354 702 2397 ut
732 2343 1075 2414 prophetam,
1107 2342 1191 2397 vel
1232 2352 1290 2397 ut
1321 2342 1651 2411 apostolum,
1699 2342 1880 2398 nullus
1936 2342 2226 2397 conlitebi-

643 2445 733 2490 tur
770 2438 907 2489 :sed
938 2444 1117 2488 tamen
1149 2433 1482 2503 apostolicas
1538 2448 1699 2489 voces
1751 2432 1818 2487 de
1851 2432 1942 2488 illo
2000 2443 2226 2504 propter

641 2523 871 2580 visibilis
893 2524 1077 2578 carnis
1111 2535 1365 2578 naturam
1389 2525 1583 2586 dictas.
1654 2538 1831 2593 neque
1883 2526 2221 2595 negabimus,

645 2627 819 2683 neque
849 2628 1260 2683 expungemus,
1307 2614 1551 2668 dicentes
1606 2614 1824 2684 quidem
1882 2614 2221 2682 aliquando:

649 2724 666 2756 ι
706 2704 1014 2760 Secundum
1051 2704 1422 2774 operationem
1454 2704 1665 2760 roboris
1681 2705 1897 2760 virtutis
1919 2707 2223 2775 ejus,quam

642 2806 902 2866 operatus
931 2807 1015 2851 est
1054 2797 1107 2850 in
1134 2797 1375 2860 Christo,
1424 2798 1695 2851 suscitans
1744 2796 1917 2867 ipsum
1959 2813 2025 2851 ex
2072 2815 2222 2852 mor-

644 2890 770 2953 tuis,
799 2888 1015 2943 solvens
1043 2888 1259 2944 dolores
1284 2889 1474 2944 mortis
1502 2889 1627 2929 ⁹¹-⁸¹
1655 2899 1769 2956 μοι
1795 2888 1989 2943 iterum
2019 2910 2031 2944 :
2064 2889 2223 2945 «Vir-

646 2989 759 3035 tute
778 2979 870 3033 Dei
898 2980 1168 3034 exaltatus
1201 2980 1285 3047 ⁸¹;
1323 2999 1341 3032 ι
1364 2990 1418 3036 et
1445 2995 1783 3051 qualcunque
1817 2981 1965 3035 talia.
2025 2981 2223 3036 Verum

643 3071 894 3139 quamvis
918 3071 1036 3126 haec
1072 3072 1245 3142 posita
1306 3072 1414 3126 sint
1444 3082 1670 3142 propter
1704 3072 1775 3135 id,
1813 3073 1956 3142 quod
1996 3082 2115 3127 erat
2146 3073 2224 3127 vi-

2332 1944 2584 2015 ἀνάθεμα
2617 1939 2778 1993 ἔστω.

2636 2052 3009 2121 nrt/p.611th
3048 2045 3169 2101 τῶν
3220 2034 3634 2098 Ἀνατολιχῶν.

2417 2166 2785 2242 Ἐνηργῆσθαι
2829 2165 2920 2218 τὸν
2973 2160 3179 2233 Κύριον
3228 2155 3386 2229 ἡμῶν
3429 2148 3638 2222 Ἰησοῦν
3684 2145 3936 2218 Χριστὸν

2332 2269 2439 2324 ὑπὸ
2472 2265 2569 2320 τοῦ
2609 2261 2928 2331 Πνεύματος
2958 2257 3033 2321 ὡς
3066 2255 3354 2325 ἄνθρωπον
3386 2245 3594 2309 ἁπλῶς,
3624 2242 3659 2309 ἢ
3689 2242 3769 2305 ὡς
3792 2256 3937 2331 προ·

2332 2362 2532 2433 φήτην,
2561 2357 2596 2429 ἢ
2627 2356 2702 2419 ὡς
2738 2330 3061 2413 ἀπόστολον,
3094 2346 3273 2408 οὐδεὶς
3302 2337 3753 2433 ἂν-ὸμολογησειε
3776 2349 3791 2362 ⁸
3830 2330 3936 2433 sit;

2335 2425 2524 2525 μέντοι⁷
2564 2425 2928 2506 ἀποστολικὰς
2962 2437 3145 2510 φωνὰς
3176 2436 3305 2505 περ).
3332 2429 3497 2485 αὑτοῦ
3545 2425 3778 2525 διὰ-τὴν
3830 2425 3938 2525 της

2332 2514 2665 2615 φαινομένης
2716 2535 2917 2607 σαρκὸς
2964 2531 3125 2602 φύσιν
3179 2526 3513 2615 εἰρημένας,
3547 2514 3937 2615 οὒτ’ἀρνησόο

2336 2607 2510 2709 μεθα,
2545 2607 2656 2687 οὔτ’
2694 2630 2759 2685 ἂν
2797 2626 3185 2697 ἐξαλείψαιμεν
3208 2622 3253 2684 ῑ,
3287 2617 3417 2671 ποτὲ
3608 2607 3936 2709 λεγούσαςὶ

2338 2698 2357 2777 ἓ
2388 2698 2543 2779 Κατά
2574 2722 2671 2793 τὴν
2708 2720 2991 2790 ἐνέργειαν
3026 2714 3120 2767 τοῦ
3152 2711 3387 2783 κράτους
3419 2706 3518 2775 τῆς
3555 2700 3736 2771 ἰσχύος
3759 2698 3940 2753 αὐτοῦ

2331 2818 2397 2889 ἣν
2422 2816 2730 2886 ἐνήργησεν
2778 2812 2836 2864 ἐν
2866 2809 2944 2880 τῷ
2977 2803 3221 2878 Χριστῷ,
3256 2800 3478 2869 ἐγείρας
3521 2794 3682 2889 αὑτὸν
3728 2794 3939 2889 ἐδίνε-

2331 2883 2705 2975 διρῶν,”λύσας
2740 2904 2837 2966 τὰς
2863 2900 3056 2962 ὀδύνας
3085 2896 3177 2951 τοῦ
3213 2894 3474 2948 θανάτουο
3516 2908 3532 2939 ι
3590 2886 3685 2940 καὶ
3727 2883 3902 2937 πάλιν
3924 2924 3938 2946 ,

2338 3018 2355 3049 ι
2390 2999 2468 3067 Τῇ
2498 2995 2726 3065 δυνάμει
2759 2993 2854 3046 τοῦ
2888 2990 3025 3044 Θεοῦ
3054 2986 3321 3058 ύψωθείς·
3358 3005 3374 3036 ι
3412 2982 3507 3035 καὶ
3540 2982 3638 3033 ὅσα
3673 2974 3942 3029 τοιαῦτα.

2345 3066 2483 3142 Ἀλλ’
2515 3092 2564 3142 εἰ
2612 3088 2707 3142 καὶ
2754 3084 2932 3139 ταῦτα
2980 3084 3302 3155 πρόσκειται
3352 3075 3441 3128 διὰ
3481 3072 3541 3123 τὸ
3577 3066 3941 3136 φαινόμενον,

643 3162 821 3227 sibile,
851 3178 1010 3218 nemo
1037 3173 1218 3218 tamen
1250 3164 1321 3217 ita
1347 3164 1598 3233 accipiet,
1641 3179 1704 3219 ac
1729 3165 1772 3221 si
1814 3165 1892 3219 vel
1948 3175 2005 3217 ut
2064 3166 2225 3219 homo

2338 3180 2507 3242 οὐδεὶς
2550 3178 2616 3232 ἂν
2667 3175 2890 3229 ὲκλάὅοι
2939 3175 2973 3245 ἢ
3034 3175 3105 3235 ὼς
3153 3169 3440 3240 ἄνθρωπον
3476 3162 3662 3223 ἁπλῶς
3695 3158 3943 3212 έαυτὸνιι

644 3257 965 3326 simpliciter
988 3268 1133 3314 esset
1176 3258 1369 3314 alienae
1400 3260 1734 3329 Operationis
1792 3259 1843 3312 vi
1906 3268 2112 3322 motus,
2144 3257 2227 3310 vel

2338 3267 2745 3337 ὲνεργούμενον,
2777 3266 2810 3338 ἢ
2853 3267 2928 3328 ὼς
2972 3265 3206 3323 δίκαιον,
3239 3261 3273 3331 ἢ
3311 3259 3385 3321 ὡς
3430 3255 3743 3328 προφήτην,
3788 3251 3826 3324 ἢ
3863 3251 3946 3313 ὼς

647 3359 703 3402 ιιι
724 3348 924 3419 justus,
951 3349 1033 3404 vel
1068 3359 1125 3405 ut
1156 3354 1441 3421 propheta,
1470 3351 1552 3406 vel
1583 3361 1638 3404 ut
1688 3351 2001 3419 apostolus:
2056 3362 2230 3417 neque

647 3454 835 3495 rursus
864 3440 1080 3497 divinas
1110 3457 1271 3497 voces
1301 3450 1395 3495 aut
1436 3442 1679 3498 delemus
1722 3452 1815 3496 aut
1881 3441 2226 3505 inliciamur;

646 3545 823 3600 neque
858 3531 1106 3600 imperite
1132 3533 1293 3587 simul
1328 3542 1381 3587 et
1414 3533 1735 3603 blaspheme
1789 3533 2230 3586 anathematiza-

647 3639 767 3679 nms
800 3622 974 3679 dictas
1014 3635 1067 3679 et
1093 3624 1253 3695 175
1283 3625 1491 3695 positas
1515 3634 1737 3696 propter
1769 3624 2001 3678 visibilis
2049 3624 2229 3678 carnis

648 3729 932 3783 naturam;
960 3732 1137 3787 neque
1162 3726 1220 3772 ut
1252 3720 1525 3774 hominem
1554 3718 1896 3788 simpliciter,
1928 3717 2008 3772 vel
2048 3727 2105 3771 ut
2134 3716 2228 3787 ju-

644 3816 814 3874 stum,
844 3806 927 3861 vel
953 3806 1295 3877 prephetam,
1346 3810 1427 3864 vel
1493 3809 1821 3877 apostolum.
1880 3808 2231 3878 Operationes

645 3900 821 3955 aliena
854 3902 1053 3955 virtute
1080 3904 1390 3956 exercuisse
1413 3902 1678 3956 dicemus.
1743 3899 1858 3954 Non
1911 3899 2055 3953 enim
2084 3900 2232 3955 dice-

643 3990 774 4048 bat:
817 3990 940 4045 Haec
977 3991 1107 4046 dicit
1132 3991 1391 4047 Dominus
1417 4010 1430 4055 ς
1458 3992 1550 4047 sed
1598 4001 1656 4047 ut
1691 3988 1860 4046 Filius
1901 3988 2178 4059 legislator
2212 4008 2227 4043 :

652 4100 672 4135 ι
706 4080 819 4152 Ego
850 4094 1029 4139 autem
1061 4084 1181 4140 dico
1201 4085 1353 4139 vobis
1388 4082 1455 4138 ⁸³.
1486 4103 1504 4136 ι

1163 4195 1353 4267 Cyrilli
1393 4196 1650 4265 defensio.

718 4313 784 4368 Et
813 4328 956 4367 nunc
984 4326 1200 4382 quoque
1249 4313 1443 4366 iisdem
1492 4312 1838 4365 sermonibus
1897 4312 2230 4366 defensionis

2333 3360 2659 3414 ἀπόστολον
2714 3358 2826 3413 οὒτ’
2855 3351 2921 3411 αὖ
2958 3356 3096 3421 τάςν
3132 3355 3281 3416 θείας
3324 3350 3510 3420 φωνὰς
3543 3345 3943 3415 ἐξαλείφομεν,

2332 3452 2364 3523 ἢ
2410 3449 2743 3523 ἀρνούμεθα,
2788 3447 3089 3522 ῆάμαθῶς
3140 3464 3197 3498 τε
3242 3442 3380 3514 ὁμοῦ
3437 3441 3530 3495 καὶ
3588 3438 3946 3508 βλασφήμως

2332 3543 2827 3615 ἀναθεματίζομεν,
2890 3539 3191 3611 εἰρημένας
3235 3537 3329 3589 καὶ
3388 3532 3645 3603 κειμένας
3694 3529 3785 3582 διά
3840 3528 3948 3598 τὴν

2330 3637 2428 3707 τῆς
2478 3634 2815 3703 φαινομένης
2862 3631 3067 3701 σαρκὸς
3120 3629 3303 3698 φύσιν,
3340 3626 3465 3679 οῦτε
3513 3626 3587 3688 ὡς
3643 3622 3948 3693 ἄνθρωπον

2331 3726 2539 3790 ἁπλῶς,
2569 3726 2601 3797 ἦ
2631 3727 2707 3789 ὡς
2736 3726 2968 3789 δίκαιον,
3004 3724 3036 3794 ἢ
3072 3723 3148 3784 ὡς
3179 3721 3490 3791 προφήτην,
3527 3717 3560 3787 ἦ
3589 3717 3664 3779 ὡς
3696 3716 3949 3769 ἀπόστο-

2331 3818 2421 3871 λον
2460 3817 2795 3888 ὲνηργῆσθαι
2843 3815 3117 3885 φήσομεν·
3151 3812 3213 3864 ού
3243 3812 3353 3881 γὰρ
3384 3809 3562 3875 ἔλεγε·
3606 3806 3747 3859 Τάδε
3782 3805 3947 3872 λέγει

2334 3910 2569 3983 Κύριοςο
2605 3909 2720 3964 ἀλλ’
2750 3907 2825 3974 ὠς
2874 3907 3004 3971 Υἱὸς
3051 3903 3394 3976 νομοθετῶνο
3444 3898 3630 3969 «Ἐγὼ
3677 3898 3733 3951 δὲ
3788 3897 3948 3966 λέγω

2334 4022 2483 4075 υμιν.
2518 4021 2537 4055 ι

2790 4196 3121 4264 Ἀπολογία
3148 4192 3479 4262 Κυρίλλου.

2402 4312 2513 4366 Καὶ
2546 4311 2643 4366 νῦν
2688 4311 2820 4383 ἡμῖν
2870 4310 3024 4364 οὐδὲν
3053 4304 3216 4381 ἦττον
3253 4306 3346 4360 διέι
3392 4303 3505 4357 τῶν
3544 4301 3675 4355 τσων
3707 4300 3949 4372 ἔρχεται

649 4407 842 4461 modus
874 4405 1105 4459 incedet.
1144 4403 1278 4457 Nam
1318 4418 1456 4456 unus
1480 4403 1697 4472 quidem
1741 4412 1824 4457 est
1844 4404 2047 4473 absque
2075 4404 2230 4458 dubi-

2338 4404 2504 4473 λόγων
2534 4404 2634 4475 τῆς
2679 4402 2980 4471 ἀπολογίας
3007 4405 3036 4454 ὸ
3066 4400 3297 4472 τρόπος·
3348 4392 3429 4461 εἷς
3479 4397 3578 4468 μὲν
3625 4395 3735 4466 γάρ
3784 4397 3949 4448 ἐστιν

651 4499 855 4551 ratione
883 4496 1146 4551 Dominus
1172 4506 1355 4550 noster
1406 4493 1564 4548 .lesus
1620 4493 1893 4557 Christus,
1929 4496 2021 4565 qui
2086 4496 2227 4551 idem

2338 4496 2779 4567 ὁμολογουμένως
2833 4497 2861 4549 ὸ
2910 4493 3115 4565 Κύριος
3163 4493 3320 4565 ἡμῶν
3357 4490 3567 4563 Ἰησοῦς
3615 4488 3889 4560 Χριστὸς,
3922 4490 3950 4540 ὁ

647 4588 886 4643 creditus
912 4598 1135 4642 estesse
1165 4594 1220 4641 et
1254 4600 1320 4641 ex
1353 4584 1463 4640 Deo
1496 4585 1655 4639 Patre
1697 4586 1933 4640 Verbum
1966 4597 2229 4643 aeternum

2338 4587 2496 4651 αὐτὸς
2544 4582 2733 4640 εἷναιι
2783 4585 3216 4657 πεπιστευμένος
3258 4584 3353 4637 καὶ
3406 4583 3471 4635 ὲκ
3523 4578 3658 4632 Θεοῦ
3714 4579 3949 4650 Πατρὸς

649 4687 852 4734 etante
872 4678 1176 4739 smcula;el
1211 4677 1262 4730 in
1315 4677 1625 4730 novissimis
1664 4678 1845 4732 sasculi
1895 4681 2228 4749 temporibus

2338 4679 2505 4749 Λόγος
2535 4678 2705 4742 ἀϊδιός
2736 4696 2795 4731 τε
2822 4670 2919 4732 καὶ
2947 4676 3294 4750 προαιώνιος,
3337 4674 3435 4727 καὶ
3467 4675 3523 4725 ὲν
3551 4671 3811 4741 ἐσχάτοις
3845 4670 3948 4723 τοῦ

651 4770 816 4827 homo
844 4783 906 4823 ex
930 4769 1176 4834 muliere,
1213 4768 1303 4837 qui
1361 4768 1735 4822 admirabilem
1798 4770 1977 4822 habuit
2037 4786 2229 4825 secun-

2338 4769 2528 4832 αἰῶνος
2577 4771 2789 4840 καιροῖς
2841 4768 3124 4838 ἄνθρωπος
3176 4768 3240 4819 ἐκ
3282 4763 3577 4834 γυναικὸς,
3626 4760 3952 4832 παράδοξον

653 4865 778 4915 dum
812 4875 1030 4915 carnem
1068 4860 1428 4913 nativitatem.
1469 4854 1855 4914 Verumtamen
1911 4877 2027 4915 cum
2093 4878 2230 4917 unus

2338 4859 2581 4931 ἐσχηκὼς
2612 4861 2708 4931 τὴν
2743 4859 2886 4913 κατὰ
2935 4859 3119 4929 σάρκα
3166 4852 3605 4926 γέννησιν.Ἀλλ’
3637 4846 3718 4914 εἷς
3751 4852 3953 4923 ὑπάρ-

652 4964 793 5008 essct
833 4949 1001 5006 Filius
1034 4962 1089 5007 et
1130 4951 1270 5006 Deus
1298 4960 1352 5005 et
1389 4951 1667 5018 Dominus,
1717 4955 2047 5022 operabatur
2075 4955 2227 5024 signa

2338 4970 2443 5022 κων
2474 4952 2621 5018 Υἱὸς,
2652 4953 2745 5005 καὶ
2790 4951 2946 5017 Θεὸς,
2978 4952 3074 5003 καὶ
3114 4949 3342 5021 Κύριος,
3369 4943 3660 5017 εἰργάζετο
3684 4943 3788 5008 τὰς
3823 4944 3953 4998 θεο-

653 5062 747 5115 per
784 5046 1037 5099 virtutem
1105 5044 1391 5114 plusquam
1452 5044 1777 5111 humanam;
1841 5046 2230 5101 suliicientibus

2338 5044 2571 5115 σημείας
2611 5044 2697 5097 διὰ
2744 5046 2844 5116 τῆς
2893 5044 3036 5115 ὑπὲρ
3069 5041 3361 5112 ἄνθρωπον
3399 5037 3617 5109 ἱσχύος’
3652 5036 3952 5108 πληροφο-

652 5137 985 5205 argumentis
1016 5136 1238 5198 docens,
1276 5135 1419 5203 quod
1451 5137 1698 5205 quamvis
1754 5135 1929 5193 factus
1962 5139 2033 5192 sit
2080 5153 2230 5203 caro,

2340 5137 2449 5207 ρῶν
2478 5137 2581 5202 ὅτι,
2614 5137 2707 5189 καὶ
2751 5140 2799 5190 εἰ
2844 5137 3041 5205 γέγονε
3082 5134 3238 5204 σὰρξ,
3281 5131 3395 5187 ἀλλ’
3433 5130 3585 5186 οὐδὲν
3616 5122 3783 5200 ἦττόν
3818 5132 3951 5184 ἐστι

656 5229 1008 5283 nihilominus
1031 5238 1209 5281 tamen
1244 5228 1312 5281 sit
1338 5228 1501 5281 etiam
1538 5229 1616 5282 sic
1651 5228 1789 5283 Deus
1831 5246 2016 5296 verus,
2047 5242 2099 5285 et
2127 5232 2230 5285 vir-

2339 5229 2433 5282 xa‘t
2476 5227 2617 5282 οὕτω
2654 5229 2787 5292 Θεὸς
2819 5229 3075 5301 ἀληθινὸς
3109 5230 3203 5281 καὶ
3254 5226 3491 5295 δύναμις
3540 5222 3635 5275 τοῦ
3670 5223 3905 5293 Πατρός
3931 5241 3945 5255 σ

659 5330 744 5373 tus
779 5318 976 5373 Patris.
1013 5318 1127 5372 Non
1166 5319 1308 5373 enim
1341 5319 1690 5374 destititesse
1711 5322 1853 5387 quod
1891 5332 2029 5385 erat,
2062 5322 2230 5377 iactus

2339 5324 2400 5375 ού
2436 5322 2543 5395 γὰρ
2574 5321 2848 5375 πέπαυται
2887 5321 2980 5375 τοῦ
3016 5317 3155 5375 εἶναι
3200 5318 3228 5372 ὃ
3269 5314 3357 5390 ἦν,
3390 5314 3686 5385 γενόμενος
3716 5313 3949 5387 ἀνθρω-

716 5495 839 5534 ﬂ-"
867 5494 1066 5565 Ephcs.
1102 5512 1139 5559 ι,
1169 5495 1256 5549 19.
1319 5496 1362 5526 ⁸³
1399 5497 1518 5548 Act.
1561 5510 1619 5556 ll,
1654 5497 1734 5549 '53.
1823 5496 1867 5527 ⁸³
1902 5497 2089 5551 Matth.
2131 5512 2185 5561 ν,
2214 5498 2305 5555 2:2.

1723 5653 1897 5709 Varia!
1934 5656 2194 5711 lectiones
2224 5672 2289 5708 cx
2327 5657 2509 5713 codice
2536 5655 2906 5728 Seguicriano.

729 5803 751 5842 ⁸
779 5798 846 5859 αὖ
875 5804 1250 5875 ἐξαλειψομεν.
1326 5816 1352 5846 ιι
1389 5810 1471 5862 ϊσ.
1506 5810 1685 5865 αὐτόν.
1760 5821 1782 5849 ν
1817 5806 1907 5863 οὖν
1938 5810 2055 5875 τὰς.
2137 5818 2159 5845 ι
2190 5804 2303 5862 οὖν.
