4042 6434
165 332 272 393 545

797 340 1328 404 APOLOGETlCUS
1365 350 1502 408 PRO
1536 348 1635 406 XII
1675 350 2039 410 CAPITIBUS
2076 354 2355 411 CONTRA
2397 355 2851 414 ORIENTALES.

3334 357 3439 414 546

162 454 591 527 Ἐπλήρου
632 460 923 531 τοιγαροῦν
978 463 1043 516 τὰ
1092 468 1399 537 παράδοξαο
1453 468 1613 523 τοῦτο
1668 468 1744 540 pe

1874 471 2054 526 homo.
2081 473 2337 528 Faciebat
2367 474 2532 542 igitur
2561 473 2800 541 insolita,
2852 482 2965 526 tum
3010 475 3151 541 quod
3171 474 3438 527 darmonia

158 545 473 615 δαιμονίοις
522 548 813 620 ἐπιτιμῶν,
842 553 936 606 καὶ
986 557 1283 628 συντρίϐων
1328 560 1416 612 τὸν
1476 562 1756 614 Σατανᾶν

160 639 320 691 τοῦτο
352 640 414 692 δὲ
444 640 673 710 τυφλοῖς
701 644 763 695 τὸ
792 645 907 713 φῶς
939 647 1129 712 ὲνιείς·
1164 653 1401 723 νεκροὺς
1436 652 1666 707 ἀνιστῶν
1687 660 1714 700 γ
1741 667 1755 682 ·

160 731 450 786 Θάλασσαν
485 734 882 804 ἀγριαίνουσαν
924 739 1003 791 ἑνὶ
1032 743 1378 808 κατευνάζων
1407 747 1473 813 ρή
1485 761 1628 797 ιιατι’
1657 745 1755 815 οὐχ

157 822 229 884 ὡς
261 822 568 891 ἄνθρωπόν
601 844 744 893 τινα,
776 830 872 883 καὶ
908 830 1091 902 ἕτερον
1121 834 1249 888 ὄντα
1280 837 1591 904 καταμόνας
1622 839 1755 908 Χρι-

158 914 306 980 στὸν,
346 914 679 980 δοξάζεσθαι
711 919 901 985 ποιῶν,
920 923 1171 995 καθάπερ
1188 925 1379 993 ἀμέλει
1410 929 1500 980 καὶ
1531 927 1625 980 ἕνα
1649 927 1755 980 τῶν

155 1005 333 1071 ἀγίων
383 1009 708 1079 προφητῶν,
752 1010 785 1081 ἢ
833 1012 959 1081 γοῦν
1003 1015 1381 1069 ἀποστόλωντ·
1439 1018 1551 1071 ἀλλ’
1583 1018 1758 1088 ἑαυτῷ

154 1097 252 1165 τὴν
304 1097 477 1165 δόξαν
524 1105 1072 1175 πραγματευόμενος,
1109 1109 1194 1160 ἵνα
1232 1108 1384 1179 παρᾶ
1417 1111 1634 1164 πάντων
1666 1129 1756 1164 πι-

157 1187 426 1259 στεῦηται
476 1190 613 1255 Θεὸς
658 1191 735 1246 ὢν
777 1194 959 1263 φύσει,
991 1199 1086 1251 καὶ
1120 1200 1169 1251 εί
1201 1200 1421 1269 γέγονεν
1450 1202 1751 1271 ἄνθρωπος.

156 1274 262 1332 Ἦν
296 1276 399 1334 οὖν
429 1281 550 1352 ἀρα
591 1282 701 1336 τῶν
743 1284 1133 1341 ὲκτοπωτάτων
1182 1290 1512 1360 ἀνασχέσθαι
1555 1293 1757 1345 Νεστο-

154 1370 273 1440 ρίου
305 1370 573 1440 λέγοντος
592 1388 606 1400 ·
635 1374 828 1427 Κοιναὶ
858 1376 967 1447 γὰρ
998 1377 1053 1431 αἱ
1074 1378 1175 1449 τῆς
1206 1381 1433 1451 Τριάδος
1460 1382 1751 1454 ἐνέργειαι,

152 1458 249 1512 καὶ
282 1460 490 1529 μόναις
518 1462 849 1518 ὑποστάσεσι
884 1466 983 1537 τὴν
1007 1467 1270 1540 διαίρεσιν
1298 1471 1517 1543 ἔχουσαι
1542 1491 1554 1504 ⁸
1584 1475 1755 1544 ἤγουν

149 1548 245 1603 τοῦ
274 1551 637 1620 Μονογενοῦς
667 1557 702 1626 ἡ
735 1556 946 1621 εὐδοξία
972 1559 1098 1613 ποτὲ
1136 1560 1236 1631 μὲν
1267 1563 1345 1634 τῷ
1393 1565 1567 1635 Πατρὶ
1594 1583 1753 1637 περι-

147 1641 351 1710 ἧπται,
371 1643 527 1696 ποτὲ
553 1644 611 1696 δὲ
638 1645 716 1716 τῷ
749 1648 1045 1719 Πνεῦματι,
1069 1652 1200 1705 ποτὲ
1224 1651 1279 1705 δὲ
1308 1655 1373 1724 τῇ
1397 1653 1487 1707 τοῦ
1516 1654 1752 1726 Χριστοῦ

146 1731 471 1806 δυναστεία.
509 1735 719 1789 υὺκοῦν
768 1737 800 1809 ἢ
848 1739 1302 1810 δεικνύτωσαν,οἱ
1348 1746 1607 1817 ἐπιτιμᾷν
1637 1746 1753 1801 ἐθέ-

147 1822 360 1893 λοντες,
402 1827 596 1899 ἕτερον
628 1830 759 1900 ἡμῖν
792 1831 1024 1901 Χριστὸν
1058 1834 1162 1904 ἰδίᾳ
1195 1835 1285 1888 καὶ
1311 1836 1416 1890 ἀνά
1454 1839 1617 1909 μέρος
1647 1839 1751 1891 ὑπ.-
1784 1822 1824 1877 Β

146 1915 397 1985 ἀρχοντα
456 1920 554 1972 καὶ
596 1922 918 1991 νοούμενον,
948 1916 992 1991 ᾧ
1037 1925 1135 1994 τὴν
1183 1926 1377 1978 ἑαυτοῦ
1434 1928 1751 1983 δυναστείαν

145 2007 434 2078 περιῆψεν
457 2012 487 2061 ὀ
524 2014 821 2083 μονογενὴς
849 2014 943 2068 τοῦ
976 2014 1111 2068 Θεοῦ
1144 2016 1336 2086 Λόγος,
1364 2018 1439 2081 ὡς
1466 2018 1651 2091 ἔτερος
1675 2022 1751 2075 ὢν

143 2098 278 2169 παρ’
313 2100 486 2153 αὐτὸν
520 2101 703 2166 ίδικῶς
731 2105 759 2156 6
788 2105 910 2169 Υἱός
930 2123 943 2137 ·
974 2108 1066 2160 καὶ
1093 2107 1125 2178 ἦ
1151 2110 1241 2161 εί⁸
1268 2113 1341 2180 μή
1370 2112 1516 2165 ἐστιν
1540 2110 1747 2183 ἕτερος,

142 2195 237 2244 καὶ
275 2191 499 2261 ἕτερος,
529 2192 644 2246 ἀλλ’
672 2188 754 2257 εἷς
787 2212 848 2248 τε
877 2199 969 2249 καὶ
1008 2200 1037 2250 6
1079 2200 1262 2267 αὐτὸς,
1298 2203 1391 2254 καὶ
1428 2204 1492 2256 ἐκ
1536 2204 1750 2276 Πατρὸς

142 2283 477 2354 μονογενὴς,
512 2286 604 2338 καὶ
635 2288 896 2355 γυναικὸς
925 2288 1207 2360 ἄνθρωπος
1241 2292 1382 2345 κατά
1406 2294 1601 2364 σάρκα,
1631 2297 1749 2360 πῶς

136 2368 208 2445 ἦν
236 2374 547 2430 ἀκόλουθον
578 2378 793 2431 ἑλέσθαι
819 2381 996 2450 σιγᾷν,
1022 2382 1115 2435 καὶ⁵
1148 2383 1269 2452 οὐχὶ
1291 2384 1355 2453 δὴ
1389 2385 1586 2453 μᾶλλον
1618 2387 1748 2438 ἀντ-

134 2468 497 2537 αναστῆναι1⁵
546 2468 709 2521 πάλιν
751 2471 853 2541 τῆς
899 2474 1156 2543 ἀληθείας
1200 2476 1298 2545 τὴν
1347 2475 1574 2545 δύναμιν
1639 2482 1749 2542 τοῖς

137 2560 275 2629 παρ’
318 2558 544 2616 ἐκείνου
600 2558 1012 2633 βατταρισμοῖς,
1041 2565 1149 2625 τῶν
1202 2568 1301 2633 τῆς
1348 2567 1630 2632 εὐσεϐείας
1663 2569 1748 2622 δο-

134 2653 376 2722 γμάτων
404 2651 468 2705 τὸ
491 2652 686 2717 κάλλος
716 2656 1196 2726 παρασημαίνουσι
1218 2676 1232 2723 ;
1257 2654 1365 2710 Ἦν
1395 2659 1494 2729 μὲν
1517 2656 1610 2711 οὖν
1655 2662 1747 2714 καὶ

133 2741 254 2794 ἐστι
289 2740 433 2805 Θεὸς
460 2745 489 2795 6
526 2742 673 2807 Υίός.
693 2743 912 2817 Ἐπειδὴ
939 2746 993 2799 δὲ
1024 2745 1169 2813 ἅπαξ
1192 2748 1251 2801 τὸ
1274 2751 1370 2820 τῆς
1394 2750 1748 2822 ἀνθρωπότη-

130 2848 228 2895 τος
279 2833 458 2885 ὑπέδυ
516 2833 734 2904 μέτρον,
773 2837 867 2889 καὶ
917 2839 1057 2891 οὺκο
1109 2840 1416 2913 ἀπόδλητον
1455 2844 1763 2914 ἐποιήσατο.

132 2922 234 2991 τὴν
265 2924 611 2993 οἰκονομίαν,
647 2927 906 2995 ὑπέμεινε
947 2929 1002 2981 δὲ
1033 2931 1207 2984 πάντα
1245 2933 1331 2985 διὰ
1369 2934 1468 3004 τὴν
1516 2935 1744 2988 κένωσιν

132 3014 430 3068 ἐθελοντὶά
487 3016 555 3069 δι’
586 3019 733 3088 ἡμᾶς
756 3035 768 3048 ·
826 3019 999 3091 ταύτῃ
1031 3039 1134 3085 τοι,
1193 3024 1374 3077 καίτοι
1414 3026 1553 3078 κατά
1584 3026 1744 3093 φύσιν

1863 566 2198 633 increpabat,
2226 576 2280 621 et
2326 565 2583 622 Satanam
2643 567 2960 622 conterebat
2998 566 3083 629 “;
3141 576 3250 619 tum
3297 570 3439 636 quod

1861 658 2017 712 caecis
2049 658 2223 711 lumen
2252 659 2543 728 praestabat
2572 660 2642 727 ⁸⁸,
2668 668 2911 716 mortuos
2964 660 3330 715 resuscitabat
3367 660 3437 722 “,

1863 761 2012 801 mare
2036 748 2390 817 procellosum
2411 765 2520 804 uno
2550 752 2716 806 verbo
2760 750 3093 817 sedabat";
3142 765 3249 804 non
3299 751 3442 805 sicut

1863 838 2131 893 hominem
2149 841 2541 911 quempiam,et
2558 842 2785 895 alterum
2808 842 3157 897 exsistentem
3210 841 3438 894 seorsim

1859 923 2131 980 Christum
2151 927 2437 996 glorilicari
2504 928 2733 993 faciens,
2766 931 3231 999 quemadmodum
3290 930 3440 984 scili-

1858 1024 1945 1070 cet
1973 1026 2027 1071 et
2074 1033 2234 1083 unum
2271 1035 2335 1074 ex
2366 1022 2568 1076 sanctis
2596 1023 2872 1090 prophetis
2909 1021 2992 1077 vel
3028 1022 3319 1089 apostolis:
3343 1023 3438 1077 sed

1857 1108 1955 1163 sibi
1975 1109 2196 1180 gloriam
2224 1126 2542 1180 procurans,
2578 1123 2635 1168 ut
2681 1114 2751 1168 ab
2815 1113 3074 1168 omnibus
3119 1115 3439 1169 crederetur

1856 1199 1998 1255 Deus
2030 1202 2297 1258 exsistens
2326 1214 2539 1269 natura,
2567 1204 2785 1259 tametsi
2831 1205 3007 1259 factus
3063 1214 3208 1259 esset
3247 1205 3435 1259 homo.

1857 1290 2250 1363 Fuissetigitur
2273 1295 2725 1351 absurdissimum
2797 1296 2943 1350 ferre
3006 1295 3310 1350 Nestorium
3352 1295 3439 1350 di-

1853 1394 2063 1440 centem
2099 1403 2114 1440 :
2154 1387 2482 1443 Communes
2507 1388 2651 1442 enim
2679 1387 2969 1442 Trinitatis
3003 1398 3131 1442 sunt
3167 1389 3438 1456 operatio-

1853 1493 1971 1542 nes,
2005 1488 2057 1533 et
2081 1480 2212 1533 solis
2260 1480 2635 1535 subsistentiis
2679 1480 3088 1535 distinctionem
3145 1480 3434 1533 habentes.

1854 1566 2084 1622 Proinde
2111 1566 2384 1638 Uuigeuiti
2418 1570 2589 1640 gloria
2627 1572 2903 1625 interdum
2939 1568 3086 1623 Patri
3119 1568 3435 1636 adaptatur,

1854 1659 2121 1714 interdum
2156 1657 2401 1729 Spiritui,
2439 1661 2709 1716 interdum
2742 1661 2941 1716 Christi
3005 1660 3285 1729 potentiae.
3348 1656 3435 1713 ld-

1856 1749 2002 1804 eirco
2030 1752 2119 1819 qui
2158 1751 2556 1821 reprehendere
2593 1751 2802 1816 volunt,
2832 1750 2916 1806 vel
2948 1751 3243 1806 ostendant
3279 1748 3437 1804 nobis

1855 1838 2018 1893 alium
2043 1840 2341 1908 Christum,
2371 1843 2463 1910 qui
2493 1842 2744 1910 privatim
2806 1840 3036 1896 seorsim
3087 1840 3321 1894 exsistat
3381 1849 3437 1893 et

1853 1928 2205 1999 intelligatur,
2235 1931 2321 1985 cui
2346 1947 2498 1985 suam
2531 1932 2830 2001 potentiam
2863 1930 3190 2000 applicuerit
3243 1930 3436 1999 unige-

1852 2021 2024 2075 nitum
2048 2020 2138 2075 Dei
2158 2019 2421 2087 Verbum,
2466 2024 2622 2091 quasi
2670 2023 2905 2078 seursim
2961 2022 3212 2075 diversus
3242 2023 3315 2075 sit
3368 2021 3438 2073 ah

1853 2112 1970 2181 ipso
1996 2110 2203 2179 Filius;
2233 2111 2437 2168 velnisi
2473 2113 2546 2167 sit
2574 2114 2713 2167 alius
2741 2122 2794 2166 et
2853 2113 3014 2176 alius,
3060 2113 3154 2166 sed
3197 2125 3337 2165 unus
3382 2118 3439 2164 et

1853 2198 1993 2254 idem
2024 2208 2078 2253 et
2098 2215 2165 2254 ex
2205 2199 2364 2256 Patre
2389 2202 2720 2271 unigenitus,
2752 2210 2806 2257 et
2839 2216 2904 2256 ex
2941 2211 3113 2255 matre
3165 2200 3326 2255 homo
3350 2215 3439 2255 se-

1849 2290 2082 2346 cundum
2107 2305 2355 2357 carnem,
2391 2293 2662 2361 quomodo
2701 2292 2898 2346 silendi
2948 2291 3100 2346 locus
3156 2300 3326 2357 esset,
3377 2301 3434 2343 et

1851 2397 1955 2435 non
1986 2382 2156 2450 magis
2184 2383 2430 2438 veritatis
2452 2383 2692 2453 potentia
2727 2383 2873 2437 illius
2906 2382 3063 2451 nugis
3086 2382 3433 2451 opponenda,

1851 2471 2068 2539 pulchra
2095 2472 2313 2540 pietatis
2367 2474 2620 2541 dogmata
2688 2472 3202 2540 corrumpentibus?
3251 2471 3438 2542 Itaque

1850 2563 2200 2631 eratquidem
2237 2577 2291 2618 et
2315 2573 2397 2618 est
2430 2565 2569 2618 Deus
2594 2565 2709 2633 ipse
2753 2563 2914 2635 [78
2950 2563 3139 2619 Filius.
3168 2562 3435 2629 Quoniam

1849 2663 2025 2707 autem
2057 2654 2221 2708 semel
2247 2654 2413 2709 subiit
2449 2655 2801 2709 humanitatis
2849 2670 3184 2718 mensuram,
3213 2663 3268 2708 et
3322 2654 3438 2709 dis-

1848 2742 2215 2809 pensationem
2270 2744 2411 2798 haud
2443 2743 2797 2812 rejiciendam
2849 2744 3087 2809 censuit,
3141 2743 3210 2796 ob
3249 2743 3439 2796 exina-

1847 2835 2106 2888 nitionem
2140 2841 2321 2888 autem
2346 2835 2607 2889 sustinuit
2671 2836 2857 2889 omnia
2910 2834 3220 2889 voluntarie
3252 2835 3433 2888 nostri

1846 2941 2007 2981 causa
2035 2926 2080 2958 ⁸⁸
2106 2942 2120 2979 :
2147 2936 2436 2996 eapropter
2463 2965 2479 2991 ,
2522 2928 2771 2996 quamvis
2821 2928 2894 2981 sit
2952 2926 3252 2981 secundum
3279 2939 3437 2981 natu-

1846 3033 1961 3070 ram
1994 3019 2126 3080 vita,
2164 3019 2431 3072 viviﬁcari
2456 3018 2656 3072 dicitur
2688 3033 2715 3071 a
2748 3017 2951 3072 Patre:
2988 3027 3187 3073 etcum
3216 3020 3290 3073 sit
3321 3019 3436 3087 glo-

134 3108 411 3179 ὑπάρχων
440 3105 577 3180 ζωὴ,
611 3110 993 3175 ζωοποιεῖσοαι
1024 3113 1239 3181 λέγεται
1288 3116 1440 3186 παρά
1488 3117 1581 3170 τοῦ
1628 3120 1744 3171 Πα-

1849 3108 1940 3161 ria:
1975 3107 2236 3163 Dominus
2260 3109 2329 3173 ",
2350 3108 2550 3163 dicitur
2573 3108 2802 3178 gloriam
2830 3110 3126 3177 accepisse.
3170 3108 3305 3163 llinc
3331 3108 3437 3163 lic-

132 3201 297 3272 τρός·
336 3200 436 3254 καὶ
480 3201 581 3267 τῆς
612 3201 770 3273 δόξης
803 3203 1007 3273 Κύριος
1044 3204 1140 3268 ὢν,
1176 3207 1334 3280 δόξαν
1381 3207 1602 3276 λέγεται
1646 3210 1743 3263 λα-

135 3292 273 3344 ϐεῖν.
296 3291 448 3360 Ἔφη
479 3290 614 3358 γοῦν
642 3292 670 3343 6
705 3292 951 3363 Ἐϐραῖος
975 3295 1035 3359 ἐξ
1064 3294 1350 3366 Ἐϐραίων,
1377 3298 1405 3349 6
1428 3297 1744 3370 νομομαθὴς

133 3382 385 3450 ἀληθῶς,
422 3382 519 3435 καὶ
549 3384 614 3434 ὲκ
640 3385 814 3453 φυλῆς
846 3384 1130 3454 Βενιαμίν·
1169 3405 1187 3437 ι
1217 3386 1424 3449 Παῦλος
1446 3388 1743 3453 ἀπόστολος

131 3473 238 3526 οὐκ
270 3472 371 3525 ἀπ’
413 3470 743 3542 ἀνθρώπων,
779 3474 899 3525 οὐδὲ
927 3474 991 3526 δι’
1015 3474 1323 3547 ἀνθρώπου,
1352 3477 1485 3530 ἀλλά
1514 3478 1600 3531 διὰ
1636 3480 1741 3549 Ἰη-

134 3564 232 3617 σοῦ
273 3564 551 3635 Χριστοῦ,
592 3565 688 3617 καὶ
730 3564 866 3618 Θεοῦ
906 3568 1139 3638 Πατρὸς,
1169 3567 1260 3621 τοῦ
1292 3570 1605 3639 ἐγείραντος
1645 3572 1745 3625 αὑ-

129 3656 224 3708 τὸν
252 3657 320 3707 ἐκ
361 3654 599 3725 νεκρῶν,
629 3654 724 3707 καὶ
752 3655 908 3719 δόξαν
938 3657 1086 3727 αὐτῷ
1114 3658 1313 3720 δόντος.
1352 3678 1370 3710 ι
1411 3660 1571 3713 Ἀλλά
1617 3661 1739 3715 καίει

128 3762 214 3797 τοι
259 3744 567 3813 λεγόμενος
621 3743 775 3809 δόξαν
815 3743 998 3798 λαϐεῖν
1046 3746 1197 3817 παρά
1242 3747 1335 3800 τοῦ
1389 3749 1620 3818 Πατρὸς,
1655 3750 1737 3803 δια

127 3836 370 3907 ήκοντος
418 3833 516 3889 τοῦ
564 3835 893 3908 πράγματος
948 3837 1039 3889 ἐπὶ
1088 3838 1147 3891 τὸ
1191 3839 1288 3909 τῆς
1314 3840 1738 3911 ἀνθρωπότητος

130 3928 360 4000 μέτρον,
390 3923 537 3981 οἶδεν
570 3929 761 3981 ἑαυτὸν
811 3928 1022 3998 ἔχοντα,
1053 3929 1189 3983 καθὸ
1234 3934 1437 3986 νοεῖται
1490 3933 1579 3985 καὶ
1621 3933 1737 3987 ἐστι

126 4021 289 4084 Θεὸς,
334 4020 403 4073 τὸ
450 4021 595 4088 ὑπὲρ
647 4020 823 4074 κτίσιν
870 4021 1257 4094 ἀξίωμα.Ἐφη
1302 4023 1463 4091 γοῦν
1503 4044 1521 4075 ι
1553 4026 1735 4079 Πάντα

130 4131 223 4183 μοι
258 4112 543 4184 παρεδόθη
573 4111 727 4181 παρά
749 4111 844 4165 τοῦ
876 4113 1087 4184 Πατρός
1122 4131 1224 4183 μου
1244 4131 1257 4145 ·
1288 4116 1381 4168 κα)⁸
1412 4115 1590 4179 οὐδεὶς
1615 4120 1736 4170 ἑπι-

126 4202 403 4272 γινὼσκει
436 4203 523 4267 τίς
553 4206 703 4257 ἐστιν
731 4205 759 4257 6
788 4202 935 4269 Υἱὸς,
982 4206 1031 4257 εί
1076 4205 1152 4276 μὴ
1181 4208 1209 4260 6
1240 4208 1431 4279 Πατήρ
1454 4226 1465 4238 ·
1499 4210 1619 4263 οὐδὲ
1644 4212 1736 4263 τὸν

127 4298 358 4367 Πατέρα
393 4313 480 4359 τις
510 4297 869 4365 ἐπιγινώσκει
897 4298 979 4361 τίς
1017 4299 1187 4360 ἐστιν,
1218 4301 1267 4353 si
1296 4302 1369 4372 μὴ
1405 4304 1433 4355 6
1456 4303 1602 4367 Υίὸς,
1636 4305 1733 4357 καὶ

124 4381 168 4456 ᾧ
216 4389 287 4441 ἂν
314 4390 345 4441 6
379 4387 511 4450 Υἱὸς
555 4388 903 4461 ἀποκαλύψῃ.
937 4408 955 4439 t
993 4390 1130 4443 Ἀλλ’
1159 4389 1290 4455 ἴσως
1340 4395 1456 4462 ἐρεῖ
1496 4412 1580 4457 τις
1623 4396 1731 4448 τῶν

1851 3199 2025 3252 ιιτιειιε
2047 3214 2111 3253 ex
2148 3197 2411 3266 Hebraeis,
2437 3213 2565 3253 vere
2595 3199 2791 3254 doctus
2829 3200 2883 3254 in
2912 3200 3048 3270 lege,
3078 3208 3132 3255 et
3189 3215 3256 3254 ex
3288 3200 3433 3254 tribu

1845 3289 2153 3358 Benjamin,
2181 3290 2396 3346 dicebat
2432 3308 2446 3346 :
2486 3309 2504 3341 ι
2542 3290 2741 3346 Paulus
2767 3291 3050 3359 apostolus
3082 3306 3190 3345 non
3229 3293 3296 3345 ab
3331 3292 3432 3345 ho-

1845 3382 2104 3447 minibus,
2141 3396 2316 3452 neque
2338 3398 2434 3451 per
2466 3382 2765 3445 hominem,
2801 3381 2899 3437 sed
2926 3397 3021 3451 per
3061 3381 3246 3435 Jesum
3274 3380 3435 3437 Cbrio

1844 3482 2009 3535 stum,
2044 3484 2094 3525 et
2128 3473 2293 3525 Deum
2320 3471 2559 3537 Patrem,
2594 3472 2684 3540 qui
2715 3473 3002 3525 suscitavit
3043 3488 3168 3527 eum
3219 3486 3249 3526 a
3286 3489 3433 3528 mor—

1845 3566 2046 3629 tuis",
2079 3574 2133 3619 et
2167 3565 2393 3633 gloriam
2415 3564 2491 3619 illi
2528 3564 2678 3619 dedit
2707 3565 2809 3617 οι.»
2844 3563 3041 3617 Verum
3069 3564 3318 3632 quamvis
3350 3564 3434 3618 di-

1841 3670 1997 3714 entur
2024 3657 2255 3727 gloriam
2315 3658 2592 3726 accepisse
2643 3670 2673 3709 a
2732 3654 2912 3719 Patre,
2964 3670 3087 3709 cum
3139 3669 3200 3708 ea
3236 3670 3322 3710 res
3364 3654 3433 3711 ad

1843 3748 2192 3802 humanitatis
2228 3764 2535 3804 mensuram
2567 3747 2874 3817 perveniat,
2912 3748 3062 3801 novit
3117 3759 3297 3801 tamen
3351 3760 3433 3801 se-

1838 3837 2014 3907 ipsum
2077 3838 2276 3891 habere
2304 3836 2621 3905 dignitatem
2662 3837 2803 3890 ultra
2856 3847 3189 3900 creaturam,
3229 3850 3429 3890 secun-

1838 3929 1962 3984 dum
1997 3929 2141 3997 quod
2177 3926 2490 3999 intelligitur
2522 3938 2577 3982 et
2610 3937 2693 3981 est
2722 3926 2884 3982 Deus.
2916 3927 3150 3982 Proinde
3176 3928 3427 3984 dicebat:

1843 4039 1862 4073 ι
1892 4021 2085 4075 Omnia
2127 4020 2257 4073 mihi
2288 4020 2488 4074 tradita
2523 4030 2651 4073 sunt
2682 4037 2710 4073 a
2772 4018 2929 4072 Patre
2963 4036 3122 4074 meo:
3155 4028 3212 4075 et
3268 4034 3429 4075 nemo

1836 4111 2113 4177 cognoscit
2139 4112 2260 4179 quis
2289 4110 2361 4165 sit
2394 4108 2590 4173 Filius,
2620 4109 2723 4163 nisi
2772 4107 2937 4163 Pater
2962 4126 2977 4175 ;
3006 4125 3183 4179 neque
3209 4107 3425 4164 Patrem

1835 4207 1955 4273 quis
1978 4204 2220 4273 agnoscit
2247 4203 2371 4272 quis
2406 4204 2496 4267 sit,
2530 4201 2633 4255 uisi
2668 4200 2857 4262 Filius,
2899 4211 2951 4254 et
3001 4201 3085 4253 cui
3114 4199 3284 4255 Filius
3328 4215 3420 4254 re-

1834 4295 2095 4349 velaverit
2131 4296 2223 4351 “'.
2268 4312 2285 4345 ι
2322 4292 2575 4348 Fortasse
2610 4292 2880 4360 quispiam
2917 4291 3307 4346 studiosiorum
3338 4293 3425 4347 in-

1833 4387 2171 4457 terrogabit:
2227 4386 2282 4440 Si
2336 4387 2516 4440 omnia
2579 4385 2673 4437 tibi
2719 4385 2919 4437 tradita
2973 4393 3107 4437 sunt
3162 4398 3190 4436 a
3230 4383 3415 4451 Patre,

128 4477 620 4549 φιλομαθεστέρων
639 4494 654 4509 ⁸
707 4479 768 4531 Εἰ
815 4481 994 4534 πάντα
1025 4498 1107 4533 σοι
1137 4482 1409 4554 παρεδόθη
1457 4486 1610 4556 παρά
1639 4485 1731 4539 τοῦ

1846 4479 1989 4547 quasi
2050 4478 2098 4532 ei
2135 4479 2223 4547 qui
2262 4477 2434 4548 gloria
2472 4476 2799 4545 indigneris,
2835 4486 2890 4531 et
2943 4475 3197 4530 debueris
3224 4477 3425 4530 habere

126 4571 369 4642 Πατρὸς,
398 4570 475 4634 ὡς
497 4569 654 4642 δόξης
683 4570 1008 4643 δεδεημένῳ,
1037 4573 1131 4625 καί
1158 4573 1307 4627 δοτὸν
1332 4575 1474 4645 ἔχειν
1492 4576 1732 4645 ὀφείλον-

124 4680 179 4716 τι
216 4663 282 4717 τὸ
309 4662 460 4717 κατά
492 4662 749 4715 πάντωνθ
781 4664 980 4734 κράτος
1009 4665 1095 4719 διὰ
1117 4666 1177 4719 τὸ
1203 4666 1543 4738 ἀνθρώπινον
1561 4685 1575 4699 ·
1614 4669 1729 4733 πῶς

126 4752 429 4821 ἀνέφικτον
452 4753 575 4813 ταῖς
619 4750 923 4822 ἀνθρώπων
955 4753 1215 4818 διανοίαις
1247 4750 1387 4807 εἶναι
1417 4755 1526 4823 φὴς
1560 4754 1621 4806 τὸ
1651 4756 1730 4807 εἰ·

125 4845 278 4897 δέναι
325 4860 414 4906 σε,
442 4841 697 4912 καθάπερ
747 4843 942 4911 ἀμέλει
987 4846 1080 4897 καὶ
1120 4845 1211 4898 τὸν
1256 4845 1509 4916 Πατέρα;
1568 4845 1728 4899 ’Λλλά

127 4936 239 4999 ναὶ,
282 4935 480 5004 φησὶν,
507 4933 567 4986 οὐ
608 4934 769 5004 μέχρι
820 4934 927 4986 τῶν
974 4936 1325 5006 όρωμένωνή
1360 4936 1445 4989 ἐπ’
1480 4937 1601 5006 ἐμοὶ
1630 4954 1725 4989 συ-

129 5026 417 5081 στέλλεται
456 5024 679 5094 γνῶσις.
712 5026 843 5094 Είμὶ
891 5026 998 5098 γὰρ
1046 5026 1177 5089 Θεὸς
1213 5029 1270 5079 ἐν
1305 5028 1467 5094 σαρκὶ
1514 5028 1606 5081 καὶ
1637 5026 1725 5079 αἶ-

132 5138 282 5189 ματι,
317 5117 465 5172 κατά
522 5116 623 5188 μὲν
672 5118 772 5187 τὴν
807 5118 984 5187 σάρκα
1026 5119 1445 5189 γινωσκόμενος.
1484 5119 1623 5172 κατά
1667 5120 1724 5171 δὲ

130 5213 224 5282 τὴν
251 5211 517 5281 Θεότητος
559 5208 721 5279 φύσιν
749 5226 810 5264 τε
837 5212 932 5264 καὶ
961 5210 1120 5275 δόξαν
1150 5210 1449 5281 ίσομὲτρως
1478 5211 1615 5280 ἔχων
1648 5209 1724 5279 τῷ

1833 4571 2017 4625 datum
2050 4570 2337 4639 imperium
2375 4570 2427 4624 in
2458 4585 2648 4624 omnes
2716 4578 2949 4637 propter
2982 4567 3419 4631 humanitatem;

1831 4662 2101 4731 quomodo
2127 4663 2378 4715 humanis
2405 4661 2678 4715 mentibus
2716 4658 3056 4730 impossibile
3116 4674 3239 4712 esse
3284 4658 3420 4713 dicis

1831 4753 1971 4808 scire
1997 4762 2064 4816 te,
2096 4753 2551 4821 quemadmodum
2609 4753 2751 4807 scire
2806 4761 2857 4804 et
2920 4750 3181 4803 Patrem?
3233 4748 3415 4816 Certe,

1831 4844 2022 4915 inquit,
2052 4846 2153 4899 mei
2180 4844 2419 4913 cognitio
2450 4860 2558 4897 non
2596 4858 2767 4913 usque
2803 4843 2869 4895 ad
2932 4842 3203 4895 visibilem
3254 4850 3417 4895 natu-

1834 4952 1946 4991 ram
1968 4947 2299 4993 coarctatnr.
2333 4935 2468 4989 Nam
2491 4936 2631 4990 Deus
2654 4951 2771 4989 sum
2795 4935 2844 4988 in
2870 4950 3034 4988 carne
3058 4942 3111 4989 et
3128 4934 3412 5002 sanguine,

1831 5039 1885 5083 et
1915 5030 2211 5084 secundum
2241 5043 2459 5082 carnem
2490 5029 2706 5097 quidem
2732 5042 3063 5094 cognoscor,
3108 5027 3410 5080 secundum

1832 5128 2079 5172 naturam
2110 5129 2289 5173 autem
2320 5127 2374 5173 et
2394 5119 2621 5189 gloriam
2658 5119 3265 5188 divinitatis,aequalem
3288 5132 3410 5172 cum

1834 5211 1942 5265 Deo
1965 5220 2017 5265 et
2048 5210 2205 5264 Patre
2244 5226 2550 5266 mensuram
2586 5212 2781 5275 habeo,
2817 5212 3061 5266 omnium
3103 5219 3339 5265 mentem
3357 5221 3410 5265 et

182 5370 229 5400 ν’
266 5368 311 5421 Μ
335 5368 464 5420 mh.
513 5383 585 5429 tv,
619 5368 651 5419 ιι
687 5382 841 5435 seqq.
913 5365 957 5438 ξ’
981 5364 1136 5422 Joan.
1175 5381 1246 5419 ιτ.
1286 5365 1303 5419 l
1336 5381 1489 5438 _se_qq.
1561 5365 1605 5395 ⁸⁵
1632 5362 1744 5438 .loa:

1846 5368 1958 5438 :I,__l
1994 5380 2149 5438 seqq.
2221 5366 2271 5438 ἐζ
2296 5366 2480 5420 Matth.
2521 5382 2630 5429 xlv,
2662 5365 2731 5418 26
2757 5382 2909 5438 seqq.
2978 5364 3023 5394 ³⁸
3054 5362 3283 5433 Philipp.
3322 5378 3405 5431 ιιι,

129 5440 244 5493 5-7.

321 5440 368 5468 ³³
397 5438 415 5491 l
444 5439 575 5493 Cor.
614 5454 673 5501 ll,
696 5438 749 5491 8.
830 5438 875 5469 ⁹⁰
899 5436 1073 5492 Galat.
1103 5454 1141 5503 t,
1179 5438 1225 5490 Ι.
1258 5438 1299 5468 ⁹¹
1334 5436 1347 5489 Ι
1383 5436 1521 5489 Petr.
1561 5454 1595 5500 ι,
1622 5436 1709 5490 2|.

1846 5440 1853 5454 '
1890 5436 2082 5490 Matth.
2115 5451 2175 5501 tt,
2206 5436 2297 5489 ‘27.

1225 5597 1398 5653 Variae
1430 5598 1687 5654 lectiones
1716 5612 1778 5653 cs
1818 5598 2003 5653 codice
2039 5596 2412 5667 Seguieriauo.

169 5772 195 5814 1
225 5760 479 5825 ἀνιστάς.
564 5767 585 5797 ⁸
616 5758 649 5830 ἦ
678 5754 1011 5811 ἀποστόλων.
1056 5768 1079 5797 ι
1119 5754 1299 5819 ἰδικῶς
1326 5755 1471 5819 Υἱός·
1504 5754 1534 5826 ἢ
1570 5756 1638 5809 εἰ.

1718 5754 1745 5796 ιι
1780 5754 2205 5823 ἀνταναστῆσαι.

2287 5764 2307 5792 ⁸
2343 5753 2537 5827 μέτρον
2568 5754 2685 5813 οὐκ.
2754 5753 3106 5828 ἤθελοντής.
3153 5769 3176 5796 ⁸
3204 5759 3398 5819 πάντα.
