4042 6442
564 346 672 403 347

1601 346 1658 401 S.
1687 345 1964 401 CYRILLI
2019 339 2490 398 ALEXANDRINI
2521 336 2841 394 ARCHIEP.

3734 319 3850 375 548

565 481 872 519 sermonem
910 468 1248 522 transcendo.
1289 467 1518 521 Proinde
1559 467 1830 535 (revertor
1881 466 2022 520 enim
2077 465 2141 520 ad

2265 461 2370 532 ὒεῷ
2403 461 2496 515 καὶ
2529 459 2724 529 Πατρὶ,
2757 458 2850 511 καὶ
2881 455 2972 508 νοῦ
3037 453 3130 506 καὶ
3159 449 3319 518 λόγου
3347 445 3552 509 παντὸς
3580 442 3854 496 ἐπέκεινα

567 557 860 624 propositae
891 557 961 610 rei
991 558 1340 628 sententiam)
1373 570 1548 625 neque
1593 556 1924 624 apostolicas
1983 568 2146 606 voces

569 645 824 712 toilimus,
888 649 1070 702 absit!
1140 664 1313 718 neque
1358 651 1480 702 dum
1530 649 1632 701 alia
1695 648 1938 717 quaedam
1973 646 2150 698 minus

566 748 930 793 consentanea
963 742 1278 805 sentientes,
1317 741 1398 794 vel
1433 741 1737 808 loquentes,
1759 737 2150 792 incarnationis

567 833 870 886 ratiOuibus
938 835 1311 887 adversamur.
1374 832 1664 901 Sequimur
1705 843 1886 885 autem
1954 831 2150 896 ubique

567 937 753 977 sacras
785 923 1178 991 Scripturas,et
1211 927 1584 995 theologorum
1623 925 1846 979 vocihus
1877 938 2148 977 smnmum

561 1015 649 1084 jus
668 1019 1055 1079 Concedentes,
1084 1019 1401 1072 obsistimus
1434 1020 1564 1074 solis
1595 1020 1734 1084 istis,
1755 1021 1842 1087 qui
1874 1027 2019 1071 recta
2051 1017 2151 1071 EC-

567 1107 750 1161 clesite
792 1109 1041 1178 dogmata
1089 1121 1423 1178 pervertunt.
1457 1112 1607 1177 Quod
1652 1122 1831 1164 autem
1872 1109 2033 1162 Pater
2083 1125 2148 1162 ex

567 1200 796 1252 mortuis
821 1200 1178 1255 resuscitasse
1200 1202 1490 1255 Dominum
1515 1212 1758 1256 nostrum
1779 1201 1960 1255 Jesum
1988 1201 2140 1254 Chri-

565 1299 705 1342 stum
748 1292 968 1354 dicitur,
1005 1307 1068 1346 eo
1098 1308 1263 1360 opere
1290 1294 1494 1347 scilicet
1542 1295 1690 1348 circa
1751 1293 1870 1363 ejus
1923 1308 2146 1346 carnem

565 1381 781 1449 eﬂ'ecto,
807 1399 965 1439 nemo
992 1393 1075 1439 est
1106 1385 1198 1454 qui
1238 1385 1500 1455 ambigat.
1527 1386 1645 1456 Ipse
1679 1395 1883 1446 autem,
1914 1401 2035 1438 cum
2078 1386 2152 1437 sit

565 1476 694 1538 vita,
719 1484 772 1529 et
810 1477 1131 1542 viviﬁcalor,
1157 1486 1210 1531 et
1237 1481 1544 1546 operatoria
1570 1482 1748 1532 virtus
1779 1479 2148 1540 Patris,suum

566 1565 880 1621 viviﬁcabat
917 1569 1198 1637 templum,
1224 1570 1378 1639 juxta
1406 1572 1531 1625 illud
1560 1590 1574 1626 :
1620 1591 1637 1622 ι
1668 1570 1871 1626 Solvite
1895 1571 2150 1638 templum

567 1658 691 1720 hoc,
724 1659 851 1712 etin
880 1660 1051 1715 tribus
1086 1662 1275 1716 diebus
1310 1664 1562 1718 excitabo
1624 1664 1752 1718 illud
1787 1667 1859 1713 θ’.
1903 1681 1920 1714 ι
1962 1664 2152 1732 Itaque

565 1752 709 1819 quod
747 1752 1145 1818 viviﬁcabatur,
1181 1772 1288 1809 non
1321 1767 1437 1809 erat
1471 1756 1727 1819 alienum,
1766 1772 1940 1825 neque
1982 1756 2152 1808 alicu-

2252 552 2481 623 τρέχων.
2515 549 2724 603 Ούκοῦν
2757 545 3071 617 (ἀνθέξομαι
3107 543 3214 614 γὰρ
3257 542 3357 610 τῆς
3387 537 3497 591 τῶν
3538 533 3850 604 προκειμέ-

2253 662 2358 698 νων
2392 642 2618 711 ὲννοίας)
2653 640 2775 694 οὔτε
2830 639 2928 702 τὰς
2974 635 3337 694 ἁποστολικὰς
3368 627 3697 699 ἁναιροῦμεν
3727 643 3846 695 φω-

2253 738 2367 799 νὰς,
2402 735 2474 806 μὴ
2503 736 2731 802 γένοιτο,
2760 731 2883 785 οὔτε
2915 730 3018 801 μὴν
3052 730 3214 799 ἕτερα
3249 729 3382 780 ἄττα
3423 722 3574 793 παρὰ
3598 722 3658 774 τὸ
3692 718 3850 780 εἰκὸς

2252 828 2284 897 ἢ
2327 825 2671 897 φρονοῦντες.
2708 824 2740 893 ἦ
2773 823 3043 891 λέγοντες,
3075 822 3187 883 τοῖς
3230 821 3327 887 τῆς
3371 813 3851 884 ἐνανθρωπήσεως

2253 915 2690 986 ἁντιπράττομεν
2737 913 2948 980 λόγοις·
2998 911 3252 980 ἑπόμενοι
3297 909 3353 960 δὲ
3403 900 3674 972 πανταχοῦ
3726 903 3853 960 τοῖς

2256 1009 2422 1076 ἱεροῖς
2453 1006 2768 1075 Γράμμασιι
2799 1007 2892 1057 καί
2931 1007 3049 1066 ταῖς
3090 1002 3197 1054 τῶν
3237 1000 3514 1070 οεηγόρων
3545 995 3750 1064 φωναῖς
3782 993 3855 1042 τὸ

2254 1097 2452 1172 χρῆναι
2500 1100 2722 1164 κρατεῖν
2765 1096 3154 1165 ἀπονέμοντες.
3190 1085 3627 1152 ἁντανιστάμεθα
3659 1085 3856 1155 μόνοις

2251 1193 2364 1251 τοῖς
2396 1188 2465 1241 τὰ
2493 1188 2627 1259 ὀρθὰ
2649 1191 2749 1257 τῆς
2780 1187 3101 1255 Ἑκκλησίας
3129 1185 3376 1252 δόγματα
3401 1179 3852 1248 διαστρέφουσιν.

2255 1282 2376 1333 ’Ὁτι
2407 1281 2461 1332 δὲ
2510 1283 2537 1332 ὁ
2584 1281 2772 1348 Πατὴρ
2807 1281 2870 1331 ἐκ
2917 1278 3126 1348 νεκρῶν
3170 1275 3471 1344 ἀναστῆσαι
3506 1271 3594 1323 τὸν
3635 1268 3856 1338 Κύριον

2254 1372 2410 1442 ἡμῶν
2446 1371 2652 1441 Ἰησοῦν
2680 1371 2915 1441 Χριστὸν
2961 1369 3200 1436 λέγεται,
3238 1363 3630 1439 ὲνεργουμένου
3656 1359 3857 1430 δηλον-

2253 1464 2334 1516 ὁτι
2376 1465 2502 1532 περὶ
2531 1466 2630 1533 τὴν
2666 1464 2846 1533 σάρκα
2888 1459 3054 1515 αὑτοῦ
3103 1459 3196 1512 τοῦ
3248 1459 3595 1528 πράγματος,
3627 1455 3728 1506 οὐκ
3777 1454 3857 1504 ἄν

2255 1554 2546 1608 ὲνδοιάσειέ
2581 1571 2683 1616 τις.
2719 1553 2889 1615 Αὐτὸς
2936 1552 2994 1604 δὲ
3029 1549 3290 1619 ὑπάρχων
3345 1549 3378 1618 ή
3410 1545 3544 1616 ζωὴ,
3579 1543 3859 1608 ζωοποιρς

2253 1665 2310 1699 τε
2345 1648 2436 1699 καὶ
2490 1645 2718 1716 ἐνεργὴς
2745 1644 2973 1713 δύναμις
3001 1641 3094 1694 τοῦ
3127 1640 3361 1710 Πατρὸς,
3392 1638 3483 1690 τὸν
3517 1637 3646 1689 ἴδιον
3675 1635 3857 1698 ἐζωο-

2256 1740 2396 1791 ποίει
2432 1739 2585 1790 ναόν·
2620 1757 2637 1788 ι
2670 1735 3066 1790 Καταλύσατεί
3116 1735 3206 1787 τὸν
3252 1733 3377 1786 ναὸν
3433 1730 3640 1794 τοῦτον,
3685 1729 3857 1800 φησὶ,

575 1802 598 1819 κ.
650 1802 706 1805 --
759 1802 1145 1818 ν-κ-ρνητ--η,
1181 1802 1288 1809 --νη
1325 1802 1437 1809 ν--η
1766 1802 1939 1825 πυτ-ν
1982 1802 2121 1808 --ηκ

563 1844 650 1910 jus
686 1845 843 1914 177
873 1861 934 1899 ex
966 1847 1276 1901 hominibus
1344 1848 1499 1902 nobis
1543 1848 1831 1912 similibus,
1883 1849 1976 1901 sed
2023 1863 2147 1912 pro-

2265 1831 2350 1880 ιιαὶ
2383 1831 2438 1880 ὲν
2467 1828 2646 1898 τρισίν
2677 1828 2913 1899 ἡμέραις
2943 1825 3117 1895 ἐγερῶ
3157 1825 3337 1877 αὐτόν.
3373 1802 3508 1879 »ἾΙν
3534 1815 3626 1873 οὗν
3648 1819 3759 1891 ἄρα
3786 1819 3862 1871 τὸ

566 1936 742 2005 prium
775 1937 943 2008 ipsius
966 1937 1129 1993 Verbi
1159 1953 1374 2009 corpus.

940 2253 1596 2314 ANATHEMATISMUS
1637 2254 1776 2308 Vlll.

643 2370 698 2425 Si
730 2370 851 2441 quis
884 2371 1064 2425 dicere
1098 2370 1261 2424 audet
1316 2368 1596 2422 hominem
1661 2374 2000 2430 assumptum
2046 2377 2152 2414 una

565 2478 687 2516 eum
731 2463 821 2516 Dei
861 2462 1042 2518 Verbo
1066 2460 1426 2523 adorandum,
1478 2466 1534 2512 et
1598 2454 2150 2525 congloritlcandum,

566 2562 617 2609 et
644 2555 832 2620 Deum,
866 2565 1118 2623 tanquam
1155 2553 1384 2607 alterum
1415 2565 1539 2605 cum
1561 2548 1732 2602 altero
1762 2547 2154 2601 conuominan-

565 2645 693 2698 dum
729 2660 851 2700 esse
878 2645 1042 2716 (hunc
1071 2644 1215 2699 enim
1259 2642 1596 2696 intellectum
1656 2638 1941 2707 particula,
2003 2651 2148 2699 cum,

565 2736 800 2805 adjecta,
827 2745 1088 2805 perpetuo
1117 2750 1180 2788 ac
1205 2732 1513 2788 necessario
1545 2729 1725 2800 κεῖθι-ι)
1753 2738 1806 2782 et
1834 2744 1939 2782 non
1975 2728 2153 2796 potius

567 2846 673 2883 una
723 2830 1040 2884 adoratione
1082 2827 1492 2881 Emmanuelem
1547 2825 1808 2888 honorat,
1875 2835 2153 2889 unamque

568 2915 646 2968 illi
706 2915 1159 2985 gloriﬁcationem
1235 2914 1508 2977 attribuit,
1579 2923 1846 2983 quatenus
1913 2910 2151 2965 Verbum

568 3005 768 3062 factum
804 3017 888 3064 est
916 3023 1085 3073 caro;
1123 3009 1413 3061 anathema
1443 3009 1533 3061 sit.

1028 3118 1384 3172 Orientalium
1421 3117 1698 3185 appositio.

641 3228 936 3283 Coadorari
997 3237 1051 3283 et
1086 3227 1510 3294 congloriﬁcari,
1544 3226 1700 3295 quasi
1761 3226 1828 3280 de
1881 3226 2150 3294 personis,

569 3319 654 3375 vel
678 3320 1064 3384 subsistentiis,
1142 3319 1225 3374 vel
1286 3320 1409 3372 filiis
1478 3321 1688 3372 duobus
1747 3332 1853 3370 non
1900 3318 2152 3382 dicimus,

570 3413 722 3482 quasi
780 3412 938 3466 aliter
988 3411 1080 3464 ﬁat
1125 3412 1373 3465 adoratio
1430 3413 1538 3464 Deo
1602 3407 1815 3473 Verbo,
1871 3419 1922 3464 et
1999 3409 2158 3462 aliter

571 3506 754 3570 carni;
785 3505 878 3560 sed
912 3520 1072 3558 unam
1099 3505 1279 3574 potius
1321 3503 1717 3566 adorationem,
1767 3512 1819 3556 et
1853 3511 2048 3558 cmlera
2100 3510 2159 3556 ut

573 3599 668 3652 uni
706 3598 843 3652 Filio
887 3598 1184 3661 offerimus,
1217 3608 1271 3652 et
1315 3598 1487 3666 ipsum
1542 3598 1852 3661 coadorari,
1898 3599 2040 3652 sicut
2105 3605 2160 3648 et

572 3689 688 3756 ipse
720 3690 772 3742 in
799 3690 976 3757 primo
1006 3698 1152 3745 tomo
1182 3691 1333 3744 dicit.
1362 3690 1493 3742 Nam
1546 3689 1795 3758 quamvis
1842 3703 2059 3756 semper
2103 3698 2162 3742 ut

572 3777 810 3833 Verbum
845 3796 965 3835 cum
991 3781 1155 3836 Patre
1184 3797 1284 3836 suo
1317 3779 1620 3848 consident,
1655 3790 1709 3836 et
1739 3796 1802 3834 ex
1847 3781 1964 3848 ipso
2021 3790 2075 3834 et
2107 3782 2158 3834 in

575 3873 690 3942 ipso
720 3873 1015 3928 secundum
1076 3884 1322 3928 naturam
1362 3875 1613 3938 exsistat,
1669 3883 1848 3928 tamen
1909 3873 2163 3927 audiebat

572 3966 737 4019 etiam
783 3980 905 4018 cum
961 3980 1125 4018 carne
1192 3965 1464 4019 exsisteus
1514 3965 1838 4018 dicentem:
1878 3983 1895 4016 ι
1937 3962 2076 4017 Sede
2130 3979 2158 4018 a

575 4058 780 4111 dextris
821 4058 976 4122 meis,
1008 4057 1181 4111 donec
1207 4037 1401 4125 ponam
1439 4057 1689 4111 inimicos
1715 4067 1834 4110 tuos
1864 4055 2158 4112 scabellum

573 4151 769 4218 pedum
795 4161 1012 4204 tuorum
1029 4150 1097 4203 ”.
1145 4169 1163 4200 ι
1192 4150 1270 4204 Ita
1305 4158 1358 4204 et
1383 4151 1596 4204 adorari
1637 4150 1870 4203 dicimus
1908 4150 2081 4216 ipsum
2108 4158 2162 4202 et

578 4258 608 4295 a
643 4243 798 4296 nobis
827 4242 962 4311 ipsis
1009 4252 1060 4296 et
1090 4243 1342 4296 asanctis
1379 4244 1605 4311 angelis.
1659 4243 1892 4295 Proinde
1923 4242 1988 4294 ad
2048 4241 2163 4294 haec

576 4334 844 4397 dicimus,
878 4333 1020 4401 quod
1046 4333 1183 4388 scite
1241 4333 1531 4387 admodum
1588 4334 1846 4402 przecepit
1901 4333 2008 4393 his,
2070 4330 2161 4399 qui

577 4439 700 4478 cum
722 4439 887 4478 carne
913 4439 1079 4477 unum
1115 4431 1167 4478 et
1194 4423 1440 4478 eumdem
1470 4422 1664 4476 Filium
1693 4424 1921 4477 adorare
1948 4422 2158 4484 volunt,

2257 1920 2690 1991 ζωοποιούμενον
2736 1920 2834 1971 οὐκ
2885 1918 3187 1987 ἀλλότριον,
3237 1915 3363 1967 οὔτε
3411 1917 3515 1984 μὴν
3568 1913 3684 1975 ἐνὸς
3735 1911 3860 1964 τῶν

2255 2010 2375 2062 καθ’
2416 2011 2562 2080 ἡμᾶς
2611 2007 2946 2078 ἀνθρώπων,
2988 2007 3102 2059 ἀλλ’
3132 2005 3261 2057 ἴδιον
3316 2003 3483 2057 αὑτοῦ
3532 2002 3627 2056 τοῦ
3668 2001 3859 2070 Λόγου

2259 2102 2439 2172 σῶμα.

2696 2229 3292 2283 ΑΝΑΘΕΜΑΤΙΣΜΟΣ
3331 2229 3412 2281 H'.

2327 2348 2396 2400 Εἴ
2439 2364 2522 2411 τις
2571 2346 2747 2416 τολμᾷ
2787 2346 2965 2412 λέγειν
3000 2345 3089 2396 τὸν
3132 2339 3516 2410 ἀναληφθέντα
3561 2337 3866 2408 ἄνθρωπον

2258 2439 2794 2511 συμπροσκυνεῖσθαι
2823 2436 2932 2488 δεῖν
2961 2434 3036 2504 τῷ
3070 2435 3188 2503 Θεῷ
3236 2435 3415 2502 Λόγῳ,
3450 2432 3543 2483 καὶ
3593 2429 3862 2493 συνδοξα-

2255 2533 2464 2596 ζεσθαι,
2501 2532 2597 2584 καὶ
2628 2526 3095 2599 συγχρηματίζειν
3129 2525 3294 2588 Θεὸν,
3342 2524 3414 2586 ὡς
3446 2523 3632 2591 ἕτερον
3675 2519 3864 2590 ἑτέρῳ

2257 2627 2335 2695 (τὸ
2366 2625 2477 2694 γὰρ
2508 2624 2650 2686 σὺν,
2678 2623 2766 2676 ἀεὶ.
2788 2619 3213 2691 προστιθέμενον
3246 2616 3404 2670 τοῦτο
3432 2617 3569 2668 νοεῖν
3597 2612 3859 2678 ἀναγκά-

2258 2715 2360 2786 σει)
2392 2734 2408 2746 ο
2445 2715 2537 2767 καὶ
2572 2714 2691 2782 οὐχι¹
2724 2713 2788 2782 δὴ
2828 2709 3026 2782 μᾶλλον
3062 2709 3158 2777 μιᾷ
3186 2707 3551 2778 προσκυνήσει
3586 2704 3718 2773 τιμᾷ
3760 2702 3865 2754 τὸν

2268 2805 2656 2876 Ἐμμανουὴλ,
2707 2804 2802 2857 καὶ
2856 2802 2984 2872 μίαν
3035 2798 3183 2869 αὑτῷ
3232 2799 3331 2867 τὴν
3377 2794 3669 2867 ὁμολογίαν
3720 2811 3858 2846 συν-

2257 2898 2482 2962 ἀπτειε,
2522 2894 2656 2948 καθὸ
2687 2894 2876 2962 γέγονε
2917 2887 3055 2959 σὰρξ
3092 2891 3120 2941 ὁ
3148 2889 3316 2956 Λόγος
3342 2903 3356 2917 υ
3398 2886 3646 2956 ἀνάθεμα
3683 2885 3860 2937 ἔστω.

2571 3097 2940 3164 ἏντΙρῤησις
2977 3091 3096 3146 τῶν
3143 3085 3559 3144 Ἀνατολικῶν.

2330 3212 2404 3266 To
2435 3205 2994 3280 συμπροσκυνεῖσθαι,
3031 3203 3124 3256 καὶ
3156 3197 3596 3263 συνδοξάζεσθαι,
3617 3195 3691 3260 ὡς
3716 3212 3864 3265 περ.

2257 3302 2586 3376 προσώπων,
2620 3300 2652 3370 ἢ
2689 3298 3040 3351 ὑποστάσεων
3094 3294 3127 3365 ἢ
3172 3292 3304 3345 υἱῶν
3353 3290 3446 3343 δύο
3483 3289 3544 3341 οὐ
3595 3287 3861 3356 λέγομεν,

2258 3399 2333 3460 ὼς
2381 3399 2446 3467 τῇ
2491 3393 2656 3464 σαρκὶ
2698 3391 2900 3462 ἑτέρως
2955 3387 3378 3458 προσκυνήσεως
3411 3381 3727 3453 γινομένης,
3759 3379 3870 3433 καὶ

2259 3490 2336 3560 τῷ
2364 3487 2484 3558 Θεῴ
2520 3486 2678 3554 Λόγῳ
2710 3483 2942 3552 ἑτέρως·
2972 3480 3107 3533 ἀλλὰ
3141 3478 3342 3548 μᾶλλον
3376 3477 3506 3546 μίαν
3543 3471 3870 3543 προσκύνη⁹

2263 3597 2366 3643 σιν,
2399 3579 2493 3631 καὶ
2520 3577 2586 3630 τὰ
2612 3574 2777 3627 λοιπὰ
2803 3573 2879 3635 ὼς
2923 3573 3005 3625 ἐνὶ
3063 3569 3178 3640 Υἱῷ
3231 3569 3636 3639 προσφέρομεν,
3671 3565 3766 3618 καὶ
3798 3564 3873 3617 τὸ

2264 3667 2825 3743 συμπροσκυνεῖσθαι,
2855 3665 2930 3728 ὡς
2961 3665 3056 3717 καὶ
3083 3662 3244 3725 αὐτὸς
3279 3662 3336 3713 ὲν
3362 3660 3440 3730 τῷ
3474 3657 3676 3730 πρώτῳ
3699 3657 3871 3727 τόμῳ

2265 3765 2435 3833 λέγει.
2479 3763 2675 3816 Καίτοι
2701 3759 2810 3830 γὰρ
2839 3759 2926 3811 ἀεὶ
2959 3754 3294 3826 συνεδρεύων
3320 3753 3395 3815 ὡς
3425 3752 3597 3818 Λόγος
3630 3751 3707 3820 τῷ
3742 3750 3874 3819 ἰδίῳ

2263 3856 2462 3927 Πατρὶ,
2491 3855 2585 3908 καὶ
2627 3853 2687 3916 ἐξ
2712 3848 2878 3905 αὐτοῦ
2907 3865 2965 3900 τε
3001 3847 3095 3900 καὶ
3124 3848 3181 3897 ἐν
3208 3842 3358 3913 αὐτῷ
3382 3841 3525 3896 κατὰ
3559 3840 3719 3910 φύσιν
3755 3841 3873 3892 ὐπ-

2265 3948 2469 4018 ἁρχων,
2510 3945 2671 3999 πάλιν
2722 3945 2888 4014 ἧκουε
2933 3940 3221 4009 λέγοντοςῆ
3285 3938 3373 3992 καὶ
3425 3933 3564 4005 μετὰ
3615 3933 3820 4004 σαρκός
3847 3951 3868 3966 ο

2272 4057 2289 4090 ι
2324 4037 2506 4091 Κάθου
2538 4037 2602 4088 ὲκ
2639 4031 2826 4097 δεξιῶν
2863 4047 2984 4100 μου,
3019 4029 3120 4091 ἓως
3155 4026 3220 4080 ἂν
3244 4024 3322 4079 θῶ
3344 4023 3470 4086 τοὺς
3502 4019 3731 4092 ἐχθρούς
3761 4036 3870 4072 σου

2266 4129 2557 4183 ὑποπόδιον
2590 4124 2697 4177 τῶν
2747 4123 2923 4175 ποδῶν
2972 4137 3089 4172 σου.
3130 4137 3147 4167 ι
3214 4115 3370 4170 Οὕτω
3409 4114 3503 4166 καὶ
3535 4115 3876 4182 προσκυνεῖ-

2268 4220 2392 4275 σθαί
2440 4235 2619 4289 φαμεν
2658 4215 2820 4270 αὑτὸν
2870 4213 3007 4284 πρός
3057 4226 3115 4262 τε
3171 4206 3329 4278 ἡμῶν
3371 4203 3573 4267 αὐτῶν,
3605 4202 3700 4256 καὶ
3750 4202 3874 4257 τῶν

2267 4311 2437 4379 ἁγίων
2487 4307 2755 4376 ἀγγέλων.
2792 4302 2938 4374 Πρὸς
2983 4295 3076 4354 οὖν
3128 4296 3302 4350 ταῦτά
3356 4311 3557 4363 φαμεν,
3589 4293 3664 4356 ὡς
3714 4293 3870 4345 πάνυ

2268 4396 2707 4470 ὲπιστημονικῶς
2743 4391 3028 4461 ἐπέσκηψε
3073 4391 3184 4452 τοῖς
3226 4389 3323 4440 σὺν
3361 4389 3425 4456 τῇ
3480 4385 3646 4453 σαρκὶ
3686 4399 3871 4453 προσ-

580 4525 833 4583 tanquam
897 4515 1041 4569 aliud
1094 4517 1349 4585 quiddam
1412 4516 1480 4568 sit
1524 4515 1689 4585 μετὰ,
1744 4531 1907 4585 quam
1957 4516 2076 4576 σὺν,
2106 4515 2154 4567 id

2269 4495 2447 4546 κυνεῖν
2495 4490 2572 4559 τῷ
2625 4489 2705 4541 ἐνὶ
2769 4486 2862 4540 καὶ
2910 4483 2987 4555 τῷ
3032 4480 3182 4550 αὐτῷ
3217 4478 3334 4549 Υἱῴ
3367 4476 3743 4548 βουλομένοις·
3789 4476 3874 4538 ὡς

2585 4582 2594 4585 -
2699 4580 2720 4585 _
3007 4576 3016 4585 .
3111 4574 3122 4585 .
3235 4573 3244 4585 .
3420 4570 3444 4579 -
3628 4567 3638 4584 .
3728 4567 3750 4578 ..
3808 4583 3854 4585 ,ν

580 4607 722 4674 quod
744 4606 932 4674 etipse
978 4608 1181 4675 posuit,
1229 4607 1369 4659 sicut
1418 4607 1734 4673 praedictum
1784 4614 1890 4669 est,
1950 4606 2157 4668 dicens,

581 4697 755 4762 ipsum
787 4711 909 4750 cum
937 4711 1106 4750 carne
1123 4696 1478 4760 adorandum,
1503 4713 1713 4767 negans
1740 4708 1919 4752 autem
1956 4697 2156 4750 condo-

582 4790 808 4842 randam
842 4803 964 4842 cum
992 4787 1274 4841 divinitate
1298 4804 1541 4844 carnem.

1128 4988 1316 5060 Cyrillt'
1352 4989 1606 5060 defensio.

658 5106 839 5161 Mente
889 5105 1252 5160 attentissima
1323 5121 1420 5160 nos
1483 5121 1606 5160 esse
1660 5106 1909 5158 hortatur
1953 5104 2171 5158 divinus

593 5199 811 5261 Paulus,
857 5199 1082 5253 dicens:
1123 5216 1140 5248 ι
1180 5197 1414 5252 Probate
1437 5213 1533 5252 vos
1577 5198 1749 5266 ipsos,
1790 5212 1917 5249 num
1963 5196 2082 5250 sitis
2117 5197 2168 5250 in

592 5292 698 5348 ﬁde
717 5293 784 5343 “.
849 5309 867 5343 ι
924 5289 1058 5344 Nam
1099 5305 1252 5344 meus
1293 5291 1550 5355 humana,
1599 5289 1724 5344 licet
1773 5301 2163 5356 nonnunquam

2273 4586 2462 4655 ἐτέρου
2496 4582 2641 4646 τινὸς
2696 4580 2851 4641 ὄντος
2881 4576 3032 4648 παρὰ
3080 4574 3136 4626 τὸ
3179 4573 3321 4634 σὺν,
3353 4570 3448 4623 τοῦ
3490 4567 3677 4636 μετὰ,
3724 4567 3870 4635 ὅπερ

2270 4679 2432 4740 αὐτὸς
2485 4675 2713 4744 ἔθηκεν,
2751 4671 2827 4734 ὼς
2877 4667 3222 4739 προείρηται,
3273 4663 3447 4729 λέγων
3502 4658 3665 4711 αὐτὸν
3724 4657 3873 4727 μετὰ

2274 4772 2476 4840 σαρκὸς
2501 4771 2609 4823 δεῖν
2638 4762 3079 4836 προσκυνεῖσθαι,
3100 4756 3459 4829 ἀπαγορεύων
3487 4755 3544 4808 δὲ
3575 4770 3872 4825 συμπροσ-

2275 4866 2552 4920 κυνεῖσθαι
2591 4864 2657 4932 τῇ
2687 4859 2920 4928 Θεότητι
2951 4855 3050 4926 τὴν
3091 4853 3291 4921 σάρκα.

2744 4968 3056 5038 Ἀπολογία
3088 4964 3411 5032 Κυρίλλου.

2352 5088 2817 5161 Νουνεχεστάτους
2846 5098 2859 5124 ι
2895 5084 3040 5155 ἡμᾶς
3080 5082 3108 5134 6
3141 5079 3426 5140 θεσπέσιος
3475 5075 3689 5138 Παῦλος
3724 5079 3870 5132 ἀπο-

2280 5187 2479 5255 φαίνει,
2499 5182 2702 5249 λέγωνο
2743 5199 2759 5230 ι
2800 5176 3056 5237 Ἑαυτοὺς
3086 5170 3434 5242 δοκιμάζετε,
3463 5169 3509 5219 εξ
3540 5166 3668 5218 ἐστὲ
3700 5169 3759 5220 ὲν
3794 5169 3869 5240 τῇ

2276 5281 2477 5332 πίστει.
2506 5295 2524 5329 ι
2561 5273 2703 5336 Νοῦς
2740 5271 2837 5342 μὲν
2877 5269 2985 5338 γὰρ
3014 5269 3041 5320 ὁ
3074 5261 3412 5337 ἀνθρώπινος
3444 5258 3546 5312 ὑπὸ
3575 5259 3867 5329 φιλαυτίας

663 5475 708 5505 ἰ
737 5470 897 5526 Joan.
943 5488 1007 5539 ιι,
1039 5472 1121 5528 19.
1202 5471 1246 5502 "
1280 5470 1422 5526 Psal.
1452 5486 1560 5536 etx,
1594 5433 1650 5532 il,
1691 5470 1746 5525 2.
1826 5469 1873 5500 °‘*
1906 5466 1943 5518 ll
1979 5466 2104 5520 Cor.
2135 5479 2233 5519 χιιι
2257 5509 2270 5531 ,
2303 5462 2354 5516 5.

1652 5626 1825 5680 Variae
1858 5625 2116 5679 lectiones
2149 5639 2213 5676 ex
2243 5620 2426 5677 codice
2458 5616 2835 5689 Seguieriauo.

673 5787 693 5830 ί
740 5788 879 5842 κατὰ
906 5790 998 5854 τὸς
1023 5788 1221 5846 λύσατε
1250 5790 1339 5846 τὸν
1362 5791 1506 5846 ναόν.
1588 5790 1612 5831 δ
1643 5788 1891 5852 ἀνάπτει,
1930 5784 1963 5854 ἢ
1993 5782 2331 5852 ἀναπέμπει.
2410 5781 2438 5821 h
2469 5777 2712 5848 λέγοντα.
2796 5775 2811 5816 Ι
2845 5771 3276 5844 Νοννεχέστατα.
