4042 6440
119 356 212 412 349

757 353 1298 412 APOLOGETICUS
1336 355 1473 412 PRO
1515 355 1605 412 XII
1645 357 2012 417 CAPITIBUS
2051 359 2338 417 CONTRA
2378 358 2840 417 ORiENTALES.

3307 358 3413 416 ’550

119 473 223 526 ἐσθ’
253 473 382 536 ὅτε,
426 473 538 526 κᾶν
581 473 630 526 εί
665 470 772 538 ἔξω
806 474 1025 546 φέροιτο
1053 474 1153 544 τῆς
1188 475 1403 539 εὐθείας
1444 477 1588 543 ὁδοῦ,
1633 478 1716 532 καί

1830 489 2053 549 propter
2100 495 2341 536 amorem
2398 481 2477 537 sui
2517 497 2546 536 a
2594 491 2743 538 recta
2787 481 2871 536 via
2929 480 3259 552 egrediatur,
3295 493 3349 533 et
3379 495 3407 532 a

116 564 210 616 τῶν
245 565 358 635 τῆς
411 563 684 635 ἀληθείας
714 565 999 635 δογμάτων
1048 567 1434 635 ἀποφοιτῶσαν
1464 568 1578 638 ἒχοι
1624 569 1722 642 τὴν

117 658 354 727 κίνησιν,
405 657 525 711 τῶν
575 656 724 711 ίδίων
773 657 994 711 ἐννοιῶν
1048 659 1358 730 καθορίζειν
1400 659 1463 712 τὸ
1514 662 1725 732 ἀπηχὲς

113 752 254 803 ὀκνεῖ
289 767 430 814 πως
458 750 552 804 ἀεὶ
577 749 675 803 καὶ
701 749 874 803 δέδιεν
894 768 908 780 ·
941 751 1131 804 ἑαυτόν
1163 768 1228 819 γε
1265 751 1371 824 μὴν
1413 751 1726 823 ἐπανορθώ-

114 859 261 894 σεται
309 841 426 895 καὶ
462 840 611 911 μάλα
648 841 880 911 ῥᾳδίως,
925 840 1052 904 τοὺς
1102 840 1211 894 τῶν
1243 841 1418 909 ἁγίων
1465 842 1724 911 Πατέρων

112 934 677 1006 πολυπραγμονήσας
729 935 960 1000 πόνους,
1002 936 1052 988 οἱ
1083 937 1179 990 καὶ
1232 937 1321 989 ἐπ’
1369 936 1622 1008 ὀρθότητι
1665 954 1723 990 τε

117 1029 197 1081 tat
227 1027 516 1100 ἀκριὸείᾳ
551 1028 838 1100 δογμάτων
877 1029 1162 1101 διαϐόητον
1187 1028 1371 1100 έχουσι
1409 1030 1560 1102 παρὰ
1589 1031 1723 1084 πάν-

108 1137 211 1173 των
245 1120 358 1191 τὴν
410 1121 716 1192 εὐφημίαν.
743 1121 878 1174 Τότε
907 1121 1004 1193 τὴν
1030 1122 1240 1176 οἰκείαν
1272 1122 1539 1193 εὐτέχνως
1581 1122 1724 1175 δοκι-

111 1213 274 1281 μάσει
322 1214 554 1267 πίστινο
589 1213 792 1278 σκοπὸς
841 1215 950 1283 γὰρ
998 1213 1169 1268 ἅπασι
1212 1217 1326 1278 τοῖς
1381 1217 1590 1287 ἀρτίοις
1625 1215 1724 1286 τὴν

109 1303 316 1372 φρένα,
363 1308 495 1367 ταῖς
545 1304 770 1358 ἐκείνων
817 1305 1047 1358 ἔπεσθαι
1080 1305 1292 1371 δόξαις·
1322 1306 1405 1358 ὅτι
1445 1305 1540 1359 καὶ
1571 1305 1725 1358 αὐτοὶ

106 1398 200 1465 τῆς
249 1414 313 1449 τε
377 1397 752 1467 ἀποστολικῆς
813 1395 910 1450 καὶ
953 1396 1316 1468 εὐαγγελικῆς
1371 1396 1725 1466 παραδόσεως

107 1486 192 1539 τὸν
220 1489 446 1540 οἰκεῖον
476 1487 864 1559 ἐμπλήσαντες
893 1486 1040 1552 νοῦν,
1067 1488 1162 1541 καὶ
1189 1487 1298 1540 τῶν
1328 1487 1422 1541 ἐπὶ
1448 1489 1515 1558 τῇ
1544 1486 1724 1539 πίστει

106 1579 280 1648 λόγων
310 1578 325 1630 i
367 1580 557 1652 ὀρθῶς
583 1598 644 1634 τε
675 1582 769 1634 καὶ
794 1581 1110 1652 ἀμωμήτως
1133 1583 1197 1634 ἐκ
1221 1581 1331 1634 τῶν
1355 1581 1516 1652 ἱερῶν
1540 1582 1725 1653 Γραμ-

110 1671 300 1737 μάτων
350 1664 419 1723 εὖ
459 1669 610 1740 μάλα
660 1671 1111 1739 κατωρθωκότες,
1147 1672 1432 1742 φωστῆρες
1481 1667 1623 1742 ἦσαν
1665 1674 1724 1725 ἐν

107 1760 328 1830 κόσμῳ,
364 1759 534 1828 λόγον
551 1759 698 1831 ζωῆς
728 1761 1036 1830 ἐπέχοντες,
1069 1761 1212 1814 κατὰ
1228 1762 1288 1814 τὸ
1308 1763 1717 1832 γεγραμμένον.

101 1850 315 1920 Γράφει
339 1849 532 1903 τοίνυν
551 1852 579 1902 6
596 1849 699 1919 τῆς
720 1850 892 1903 ἀϊδίου
938 1851 1157 1922 μνήμης
1180 1851 1207 1890 ιι
1229 1849 1419 1922 Πατὴρ
1441 1851 1600 1922 ἡμῶν
1624 1853 1716 1906 καὶ

101 1941 428 2007 ἐπίσκοπος
483 1943 806 2007 Ἀθανάσιος
868 1943 997 2014 περὶ⁵
1034 1942 1128 1996 τοῦ
1175 1942 1392 1997 πάντων
1421 1944 1580 2015 ἡμῶν
1605 1946 1721 1998 Σω-

101 2033 266 2105 τῆρος
293 2035 553 2106 Χριστοῦ
581 2037 640 2089 ἐν
660 2038 774 2101 τοῖς
799 2035 932 2108 περὶ
961 2037 1062 2107 τῆς
1098 2036 1458 2108 σαρκώσεως·
1499 2038 1718 2110 Ὁμολο-

99 2125 193 2192 γοῦ
202 2143 313 2195 μεν
346 2127 451 2179 καὶ
477 2122 620 2180 εἴναι
645 2128 808 2181 αὐτὸν
834 2127 963 2183 Υίὸν
989 2127 1082 2181 τοῦ
1115 2127 1275 2192 Θεοῦ,
1300 2129 1393 2181 καὶ
1421 2127 1554 2180 Θεὸν
1577 2129 1720 2183 κατὰ

98 2216 327 2287 πνεῦμα
349 2260 367 2284 ,
414 2218 532 2271 υἱὸν
561 2217 855 2290 ἀνθρώπου
886 2219 1027 2274 κατὰ
1055 2219 1256 2290 σάρκα.
1287 2219 1362 2271 Οὐ
1398 2218 1492 2271 δύο
1528 2219 1720 2287 φύσεις

99 2309 186 2360 τὸν
216 2311 324 2363 ἕνα
360 2310 522 2375 Υίδν,
554 2310 685 2380 μίαν
718 2311 1127 2381 προσκυνητὴν,
1153 2311 1248 2362 καὶ
1279 2309 1409 2380 μίαν
1439 2309 1717 2381 ἀπροσκύ-

97 2418 282 2470 νητον,
313 2400 468 2454 ἀλλά
508 2400 639 2470 μίαν
670 2401 831 2470 φύσιν
855 2400 950 2453 τοῦ
985 2400 1120 2454 Θεοῦ
1149 2401 1325 2469 Λόγου
1363 2400 1717 2472 σεσαρκωμέ-

98 2510 216 2560 νην,
247 2494 354 2546 καὶ
387 2491 869 2562 προσκυνούμενον
907 2492 1047 2561 μετὰ
1070 2493 1168 2564 τῆς
1194 2493 1396 2566 σαρκὸς
1421 2492 1586 2547 αὐτοῦ
1621 2495 1718 2564 μιᾷ

99 2582 531 2652 προσκυνήσει·
565 2583 686 2635 οὐδὲ
727 2583 822 2636 δύο
853 2585 1023 2650 υἱοὺς,
1063 2584 1222 2638 ἄλλον
1271 2586 1368 2656 μὲν
1413 2585 1542 2638 Υίὸν
1585 2585 1717 2638 Θεοῦ

100 2673 368 2740 ἀληθινὸν
399 2674 496 2724 καὶ
528 2673 1027 2744 προσκυνούμενον,
1049 2675 1207 2729 ἄλλον
1229 2675 1286 2728 δὲ
1307 2677 1371 2728 ἐκ
1391 2675 1612 2745 Μαρίας
1634 2676 1720 2729 ἀν-

101 2767 329 2832 θρωπον
359 2764 438 2834 μὴ
471 2765 968 2836 προσκυνούμενον,
993 2767 1135 2820 κατά
1163 2769 1325 2839 χάριν
1350 2767 1405 2819 δὲ
1433 2768 1559 2822 Υίὸν
1581 2767 1716 2821 Θεοῦ

99 2857 431 2927 γενόμενον,
459 2857 538 2920 ὠς
567 2858 659 2911 καὶ
697 2858 996 2930 ἄνθρωποι.
1027 2861 1137 2913 Καὶ
1181 2860 1298 2930 μεθ’
1329 2861 1494 2930 ἔτερα
1534 2861 1714 2914 πάλιν·

112 2946 166 2998 Ὀ
211 2948 412 3002 τοίνυν
443 2949 732 3017 γεννηθεὶς
763 2954 827 3004 ἐκ
857 2952 960 3020 τῆς
987 2951 1271 3023 Παρθένου
1304 2953 1546 3024 Μαρίας,
1593 2952 1719 3016 Υἱὸς

100 3037 237 3092 Θεοῦ
268 3037 460 3106 φύσει,
483 3039 728 3102 καὶΘεὸς
756 3042 1030 3109 ἀληθινὸς,
1051 3044 1143 3096 καὶ
1170 3044 1232 3096 οὐ
1250 3044 1438 3114 χάριτι
1468 3044 1559 3096 καὶ
1586 3060 1718 3113 μετ-

99 3131 284 3201 ουσία,
349 3131 498 3183 κατὰ
531 3132 712 3201 σάρκα
744 3133 914 3201 μόνην
941 3133 1040 3204 τὴν
1070 3136 1133 3185 ἐκ
1157 3135 1378 3206 Μαρίας
1408 3135 1715 3205 ἄνθρωπος,
1745 3168 1789 3226 C

101 3223 246 3275 κατά
267 3223 330 3275 δέ
353 3221 580 3289 πνεῦμα
603 3221 765 3284 αὐτὸς
784 3221 910 3286 Υἱὸς
929 3223 1064 3276 Θεοῦ
1112 3227 1207 3278 καὶ
1227 3226 1360 3288 Θεός
1376 3243 1389 3256 ο
1413 3227 1508 3279 καὶ
1527 3227 1713 3281 πάλιψ

101 3313 160 3365 Ei
192 3315 252 3368 δέ
278 3329 373 3375 τις
400 3311 556 3382 παρὰ
586 3311 758 3365 ταῦτα
785 3313 847 3366 ἐκ
874 3312 982 3367 τῶν
1009 3315 1168 3368 θείων
1198 3316 1431 3388 Γραφῶν
1451 3317 1715 3381 διδάσκει,

101 3404 295 3474 ἕτερον
334 3401 523 3470 λέγων
556 3403 684 3456 Υίὸν
708 3406 802 3456 τοῦ
847 3404 1006 3470 Θεοῦ,
1047 3408 1137 3460 καὶ
1171 3407 1356 3479 ἕτερον
1389 3408 1478 3462 τὸν
1511 3410 1576 3462 ὲκ
1618 3408 1718 3480 τῆς

100 3496 354 3567 Μαρίας,
387 3494 532 3548 κατά
559 3496 722 3567 χάριν
745 3497 1129 3568 υίοποιηθέντα
1149 3499 1224 3562 ὡς
1249 3501 1414 3569 ἡμεῖς
1432 3516 1447 3531 ⁸
1473 3501 1547 3565 ὡς
1577 3497 1718 3556 εἶναι

97 3583 190 3635 δύο
219 3586 401 3646 υἱοὺς,
429 3583 529 3636 ἕνα
555 3585 699 3638 κατὰ
726 3584 887 3654 φύσιν
913 3586 1038 3639 Υίὸν
1065 3587 1222 3652 Θεοῦ,
1252 3589 1345 3643 τὸν
1368 3592 1432 3643 ἐκ
1450 3591 1608 3656 Θεοῦ,
1627 3593 1717 3644 καὶ

99 3676 195 3727 ἕνα
216 3677 371 3728 κατὰ
402 3677 565 3746 χάριν
590 3676 682 3728 τὸν
709 3679 774 3730 ἐκ
800 3677 1020 3747 Μαρίας
1042 3677 1359 3751 ἄνθρωπον’
1382 3680 1414 3751 ἢ
1445 3681 1597 3745 εἴτις
1617 3684 1715 3753 τὴν

98 3767 191 3818 τοῦ
227 3767 443 3839 Κυρίου
467 3767 629 3836 ἡμῶν
661 3768 843 3839 σάρκα
866 3767 1070 3822 ἄνωθεν
1093 3769 1265 3838 λέγει,
1291 3771 1386 3824 καὶ
1418 3773 1492 3842 μὴ
1523 3775 1588 3826 ἐκ
1616 3773 1715 3843 τῆς

100 3860 394 3930 Παρθένου
409 3859 633 3928 Μαρίας
651 3876 664 3888 ⁸
684 3861 716 3930 ἢ
734 3865 1036 3932 τραπεῖσαν
1050 3864 1150 3936 τὴν
1168 3864 1396 3935 θεότητα
1413 3867 1493 3927 είς
1513 3866 1711 3937 σάρκα,

98 3951 129 4017 ἦ
177 3949 645 4021 συγχυθεῖσαν,ἢ
682 3951 1090 4019 ἀλλοιωθεῖσαν,
1130 3955 1164 4025 ἢ
1211 3954 1461 4026 παθητὴν
1489 3954 1586 4026 τὴν
1619 3956 1712 4009 τοῦ

98 4043 312 4111 Κυρίου
367 4041 604 4113 θεότητα
630 4061 642 4074 ο
685 4043 717 4113 ἢ
775 4044 1189 4115 ἀπροσκύνητον
1238 4049 1337 4118 τὴν
1365 4049 1459 4101 τοῦ
1504 4049 1711 4119 Κυρίου

99 4133 257 4201 ἡμῶν
290 4135 482 4204 σάρκα
515 4135 592 4198 ὡς
625 4134 937 4205 ἀνθρώπου,
970 4139 1066 4192 καὶ
1098 4139 1174 4210 μὴ
1207 4141 1610 4211 προσκυνητὴν,
1637 4141 1713 4204 ὡς

100 4227 306 4293 Κυρίου
368 4225 467 4278 καὶ
488 4225 626 4278 Θεοῦ
648 4227 827 4296 σάρκα
849 4244 860 4255 ·
886 4228 1075 4282 τοῦτον
1098 4230 1485 4300 ἀναθεματίξει
1507 4233 1537 4299 ἠ
1561 4232 1708 4298 ἁγία,

99 4320 193 4368 καὶ
227 4318 507 4388 γαθολικὴ
543 4317 843 4388 Ἐκκλησία
866 4361 880 4384 ,
930 4322 1230 4392 πειθομένη
1271 4323 1349 4392 τῷ
1381 4324 1511 4394 θείῳ
1543 4325 1709 4376 Ἀπο·⁸

101 4405 275 4474 στόλῳ
309 4404 568 4473 λέγοντι⁶
607 4423 624 4454 t
660 4406 727 4458 Εἴ
765 4426 850 4471 τις
886 4411 1030 4480 ὑμᾶς
1075 4413 1491 4479 εὐαγγελίζεται
1527 4415 1656 4484 παρ’
1683 4414 1710 4466 ὃ

1827 573 1972 628 veris
2002 574 2343 644 dogmatibus
2376 576 2642 638 discedat,
2687 590 2911 630 suarum
2970 584 3152 630 tamen
3207 575 3412 644 cogita-

1827 664 2032 718 tionum
2090 666 2486 721 absurditatem
2545 677 2785 722 statuere
2848 666 3252 737 quodammodo
3303 682 3409 719 nun

1826 755 2007 808 audet.
2043 754 2151 810 Sed
2188 765 2364 812 tamen
2394 759 2627 827 seipsam
2655 758 2811 812 facile
2833 759 3092 827 corriget,
3122 758 3166 812 si
3193 758 3410 810 labores

1825 855 2065 899 scrutata
2123 846 2286 902 fuerit
2350 859 2662 914 sanctorum
2722 849 2967 910 Patrum,
3013 848 3176 918 178
3214 850 3302 914 qui
3343 850 3410 900 ah

1826 939 2082 994 omnibus
2139 941 2207 994 de
2272 944 2600 998 rectitudine
2635 955 2687 998 et
2716 944 3044 998 certitudine
3095 944 3408 1006 dngntatntn

1828 1031 2195 1095 celebrantur,
2258 1043 2371 1086 tum
2424 1049 2576 1088 suam
2624 1046 2828 1089 rectam
2875 1035 3031 1087 Iidem
3084 1033 3408 1100 explorabit.

1827 1123 2029 1179 Omnes
2049 1127 2215 1190 enim,
2244 1128 2443 1196 quibus
2475 1129 2744 1198 integrum
2771 1143 2865 1181 cor
2901 1139 3006 1191 est,
3044 1126 3258 1179 illorum
3285 1142 3412 1179 sen-

1826 1217 2025 1271 tentias
2053 1218 2204 1286 sequi
2260 1221 2599 1272 contendunt
2636 1238 2648 1272 :
2691 1220 2818 1288 quia
2863 1229 2917 1273 et
2968 1218 3066 1286 ipsi
3110 1216 3408 1286 apostolica

1827 1317 1883 1361 et
1911 1308 2221 1378 evangelica
2275 1310 2568 1363 traditione
2601 1325 2754 1363 suam
2789 1319 3027 1362 mentem
3055 1322 3178 1362 cum
3216 1307 3414 1375 imple-

1828 1398 2053 1466 vissent,
2080 1407 2135 1453 et
2162 1414 2227 1453 ex
2255 1401 2427 1454 sacris
2459 1399 2760 1469 Scripturis
2797 1414 3082 1471 sermones
3112 1398 3234 1452 ﬁdei
3265 1407 3412 1453 recte

1831 1498 1886 1542 et
1919 1491 2058 1543 citra
2113 1490 2592 1558 reprehensionem
2634 1498 2988 1553 tractassent,
3027 1488 3215 1541 mundi
3257 1485 3412 1541 fuere

1826 1578 2193 1644 lmninariam,
2222 1594 2527 1635 sermonem
2560 1581 2684 1634 vita:
2713 1576 3409 1648 eontinentes,proutscri-

1825 1675 1972 1738 ptum
2013 1677 2096 1722 est
2126 1670 2193 1722 ’⁸.
2226 1667 2412 1737 Itaque
2455 1669 2646 1725 scribit
2679 1681 2895 1724 aeternae
2935 1670 3211 1723 memoriae
3248 1663 3412 1723 Pater

1828 1769 2011 1814 noster
2045 1768 2098 1812 et
2128 1761 2417 1830 episc0pus
2454 1761 2786 1818 Athanasius
2823 1763 2889 1817 de
2947 1761 3120 1816 nostri
3165 1759 3410 1814 omnium

1753 1831 1794 1886 Β
1828 1848 2109 1905 Salvatore
2154 1850 2372 1905 Christo
2418 1852 2470 1905 in
2515 1852 2671 1906 libris
2706 1854 2771 1906 de
2807 1853 3182 1908 incarnatione
3212 1869 3225 1906 :
3263 1851 3410 1905 Con-

1822 1942 2044 1999 ﬁtentur
2092 1943 2257 1998 etiam
2285 1958 2407 1998 esse
2456 1943 2606 1997 illum
2651 1942 2846 1997 Filium
2881 1943 2997 2008 Dei,
3027 1952 3081 1997 et
3112 1943 3280 1998 Deum
3321 1957 3410 1996 se-

1821 2037 2055 2092 cundum
2089 2038 2366 2107 spirituum,
2405 2035 2603 2092 Filium
2663 2036 2903 2091 hominis
2956 2039 3250 2091 secundum
3283 2051 3402 2090 car-

1821 2142 1968 2191 nem,
1998 2141 2103 2182 non
2145 2129 2280 2182 duas
2317 2136 2564 2194 naturas,
2605 2143 2769 2182 unum
2806 2127 3001 2182 Filium
3035 2144 3050 2196 ;
3093 2141 3256 2180 unam
3288 2141 3409 2194 qua:

1821 2219 2101 2283 adoretur,
2135 2227 2191 2272 et
2211 2219 2441 2272 alteram
2481 2235 2600 2286 quae
2626 2233 2730 2273 non
2767 2218 3023 2272 adoretur
3053 2235 3068 2276 :
3110 2218 3207 2272 sed
3245 2233 3406 2270 unam

1821 2319 2073 2364 naturam
2107 2307 2201 2362 Dei
2243 2309 2404 2364 Verbi
2449 2309 2788 2362 incarnatam
2819 2318 2874 2363 et
2902 2309 3238 2362 adorandam
3285 2323 3407 2362 cum

1819 2417 1986 2457 carne
2027 2416 2123 2456 sua
2153 2417 2258 2454 una
2292 2401 2642 2456 adoratione:
2666 2415 2842 2470 neque
2879 2403 3013 2454 duos
3047 2400 3185 2454 ﬁlios
3207 2418 3220 2467 ;
3242 2400 3408 2454 alium

1820 2495 2039 2564 quidem
2096 2493 2293 2548 Filium
2360 2492 2454 2546 Dei
2501 2508 2687 2548 verum
2730 2503 2785 2546 et
2825 2494 3202 2558 adorandum;
3241 2492 3407 2546 alium

1822 2598 1953 2639 vero
1986 2599 2052 2638 ex
2089 2582 2260 2637 Maria
2316 2583 2586 2637 hominem
2622 2598 2726 2636 non
2770 2583 3104 2637 adorandum
3146 2600 3161 2648 ;
3199 2582 3409 2636 scilicet

1821 2675 2115 2730 secundum
2155 2675 2391 2744 gratiam
2434 2674 2632 2727 Filium
2668 2673 2762 2726 Dei
2805 2672 3006 2726 factum
3058 2675 3277 2727 sicntet
3306 2673 3408 2726 ho-

1824 2767 1995 2820 mines
2036 2765 2164 2835 (i).
2209 2765 2275 2818 Et
2304 2775 2424 2835 post
2477 2766 2580 2828 alia
2617 2767 2813 2817 iterum
2852 2784 2866 2820 :
2907 2766 3076 2834 igitur
3125 2766 3215 2833 qui
3246 2775 3408 2818 natus

1822 2872 1891 2912 ex
1930 2855 2156 2926 Virgine
2210 2856 2400 2921 Maria,
2461 2867 2655 2911 natura
2694 2856 2862 2910 Filius
2915 2857 3004 2908 Dei
3042 2864 3148 2917 est,
3185 2865 3238 2910 et
3265 2855 3408 2911 Dens

1822 2965 2002 3014 verus,
2045 2961 2099 3002 et
2154 2965 2258 3003 non
2292 2951 2461 3017 gratia
2515 2959 2566 3002 et
2615 2947 3057 3017 participatione,
3105 2948 3405 3000 secundum

1822 3056 2043 3096 carnem
2079 3041 2249 3096 solam
2279 3056 2344 3092 ex
2364 3041 2532 3094 Maria
2563 3041 2724 3094 homo
2757 3057 2771 3104 ;
2815 3039 3114 3093 secundum
3152 3038 3403 3107 Spiritum

1823 3142 2028 3197 autem,
2070 3133 2184 3201 ipse
2251 3133 2422 3186 Filius
2477 3133 2566 3200 Dei
2626 3141 2679 3185 et
2730 3133 2890 3184 Dens.
2959 3129 3023 3183 Et
3064 3131 3312 3184 iterum:
3351 3128 3409 3183 Si

1822 3223 1944 3293 quis
1985 3233 2163 3277 autem
2196 3233 2392 3290 praeter
2431 3223 2543 3275 hate
2569 3238 2632 3275 ex
2670 3222 2868 3275 divinis
2907 3220 3204 3289 Scriptnris
3228 3224 3410 3287 docet,

1823 3313 1988 3367 alium
2029 3313 2216 3368 dicens
2256 3313 2453 3367 Filium
2483 3313 2600 3376 Dei,
2631 3315 2794 3368 alium
2824 3330 2889 3368 ex
2913 3313 3079 3372 Maria
3112 3316 3409 3368 secundum

1821 3404 2049 3472 gratiam
2092 3401 2260 3455 ﬁlium
2308 3403 2650 3471 adoptatum,
2700 3403 2848 3456 sicut
2892 3417 3011 3464 nos,
3066 3409 3124 3453 ut
3167 3401 3274 3454 sint
3304 3401 3410 3454 duo

1823 3497 1939 3561 ﬁlii,
1974 3511 2113 3549 unus
2164 3496 2460 3550 secundum
2501 3505 2751 3547 naturam
2801 3493 2973 3547 Filius
3032 3493 3147 3554 Dei,
3208 3493 3298 3561 qui
3343 3506 3408 3544 ex

1822 3589 1930 3643 Deo
1955 3605 1970 3652 ;
1998 3598 2050 3641 et
2095 3603 2234 3642 unus
2281 3588 2580 3641 secundum
2615 3587 2871 3654 gratiam,
2899 3588 3060 3640 homo
3093 3600 3161 3639 ex
3199 3586 3408 3638 Maria:

1821 3681 1904 3735 vel
1927 3681 1972 3735 si
2003 3681 2123 3749 quis
2150 3679 2366 3732 Domini
2390 3680 2563 3732 nostri
2598 3694 2818 3733 carnem
2846 3694 3080 3744 superne
3106 3693 3231 3732 esse
3251 3680 3404 3740 dicit,

1819 3784 1874 3828 et
1919 3787 2026 3826 non
2055 3785 2118 3824 ex
2152 3767 2373 3840 Virgine
2425 3767 2632 3832 Maria;
2671 3768 2752 3821 vel
2791 3783 3110 3821 conversam
3151 3767 3408 3819 divinita-

1821 3875 1924 3919 tem
1959 3865 2010 3916 in
2043 3877 2287 3928 carnem,
2325 3872 2414 3916 aut
2449 3860 2754 3925 confusam,
2793 3871 2886 3913 aut
2923 3863 3300 3926 innnntatam;
3328 3860 3408 3914 vel

1819 3956 2128 4026 passibilem
2176 3953 2387 4009 Domini
2434 3954 2737 4018 deitatem;
2775 3953 2855 4006 vel
2910 3968 3015 4006 non
3072 3954 3404 4006 adorandam

1818 4047 2028 4102 Domini
2056 4046 2224 4100 nostri
2260 4060 2506 4110 carnem,
2545 4054 2604 4098 ut
2628 4044 2884 4106 hominis,
2934 4052 2986 4096 et
3014 4057 3118 4095 non
3169 4045 3407 4095 adoran-

1816 4142 1938 4194 dam
1975 4149 2033 4193 ut
2060 4137 2269 4193 Domini
2301 4146 2356 4191 et
2388 4137 2482 4191 Dei
2530 4152 2753 4191 carnem
2785 4153 2800 4201 ;
2836 4137 2980 4188 hunc
3035 4135 3403 4188 anathemati-

1815 4239 2114 4285 zatsancta
2172 4238 2229 4283 et
2271 4228 2549 4282 catholica
2610 4225 2854 4280 Ecclesia
2904 4226 3091 4279 divino
3142 4225 3404 4294 Apostulo

1814 4321 2218 4390 obtemperans,
2271 4319 2365 4388 qui
2407 4320 2537 4373 dicit
2569 4336 2583 4374 :
2627 4337 2645 4369 ι
2699 4317 2754 4371 Si
2792 4318 2913 4385 quis
2947 4316 3101 4370 vobis
3127 4317 3402 4385 evangeli-

1815 4415 2018 4469 zaverit
2043 4422 2239 4483 praeter
2260 4413 2335 4479 id,
2355 4412 2498 4481 quod
2527 4409 2843 4479 accepisns,
2870 4409 3161 4461 anathema
3185 4408 3254 4462 sit
3273 4409 3339 4463 ’°.
3378 4428 3396 4460 ι

103 4492 478 4562 παρελάβετε,
512 4492 764 4563 ἀνάθεμα
797 4496 957 4552 ἔστω.
981 4519 999 4549 ι
1036 4500 1220 4553 Ταῦτα
1250 4504 1574 4572 φρονοῦντος
1611 4507 1702 4557 καὶ

1819 4507 1967 4576 [Hace
2007 4522 2126 4560 cum
2152 4505 2235 4557 vir
2268 4504 2357 4559 ille
2388 4502 2628 4559 senserit
2661 4513 2716 4557 et
2743 4502 3029 4572 scripserit
3077 4501 3258 4563 nobis,
3293 4499 3401 4553 Ne-

101 4587 416 4655 γράφοντος
448 4586 463 4623 ί
501 4588 632 4657 ἡμῖν
657 4589 752 4641 τοῦ
784 4589 996 4658 ἀνδρὸς,
1028 4593 1055 4645 ό
1079 4595 1144 4662 τῇ
1179 4594 1414 4664 Χριστοῦ
1448 4595 1575 4666 δόξῃ
1607 4614 1703 4648 πο-

99 4679 290 4749 λεμεῖν
335 4679 662 4749 ᾑρημένος,
715 4683 813 4734 καὶ
861 4683 1145 4738 ἀπύλωτον
1199 4688 1285 4739 ἐπ’
1333 4687 1546 4757 αὐτῷΙΙι
1604 4688 1702 4760 τὴν

99 4767 363 4835 γλῶσσαν
395 4768 550 4830 ἀνεὶς
597 4770 891 4840 Νεστόριος
913 4813 928 4838 ,
977 4773 1121 4827 οὕτω
1155 4794 1257 4829 που
1295 4777 1458 4831 πάλιν
1497 4779 1662 4848 φησίν
1687 4796 1699 4808 ·

114 4861 528 4931 Ὁμολογοῦμεν
547 4861 639 4915 τον
662 4865 719 4916 ἐν
742 4863 1013 4936 ἀνθρώπῳ
1036 4867 1188 4932 Θεὸν,
1213 4869 1443 4940 σέϐομεν
1491 4875 1554 4941 τῇ
1585 4872 1704 4944 θείᾳ

108 4953 381 5024 συναφείᾳ
409 4951 490 5021 τῷ
523 4951 642 5022 Θεῷ
673 4953 833 5024 Λόγῳ
877 4957 1462 5030 συμπροσκυνεύμενον
1495 4963 1704 5031 ἄνθρω-

107 5061 234 5098 πον,
259 5040 390 5117 Ἆρ’
417 5044 522 5096 οὐκ
549 5044 800 5115 ἐναργῶς
851 5045 1111 5117 θεοφόρον
1137 5050 1422 5122 ἄνθρωπον
1447 5054 1704 5124 ὀνομάζει

105 5137 363 5206 Χριστὸν,
402 5136 501 5188 καὶ
551 5137 847 5206 συνάφειαν
878 5140 1063 5205 ἁπλῶς
1114 5142 1400 5214 ἀνθρώπου
1445 5146 1578 5217 φησὶ
1609 5163 1702 5215 γε-

176 5298 220 5330 ⁹⁸
244 5297 486 5370 Philipp.
531 5313 597 5362 ιι,
627 5296 718 5355 15.
795 5296 840 5329 ’⁸
881 5295 1057 5351 Galat.
1094 5315 1132 5365 ι,
1162 5297 1214 5353 9.

1810 4599 2009 4653 storius
2032 4598 2255 4667 gloriam
2275 4596 2478 4652 Christi
2511 4610 2827 4666 oppugnare
2850 4594 3059 4659 volens,
3088 4602 3142 4646 et
3169 4590 3402 4645 eﬂ‘rena—

1812 4700 1919 4743 tam
1960 4690 2200 4760 linguam
2235 4691 2446 4757 laxans,
2477 4707 2696 4746 rursum
2730 4691 2808 4745 sic
2852 4688 3027 4743 dicit:
3063 4685 3402 4742 Conﬁtemur

1810 4783 1864 4837 in
1922 4783 2141 4837 homine
2209 4782 2377 4838 Deum
2420 4802 2434 4851 ;
2478 4784 2641 4855 179
2661 4783 2887 4838 colimus
2939 4780 3122 4834 divina
3167 4776 3398 4844 conjun-

1809 4876 1992 4931 ctione
2025 4877 2132 4930 Deo
2166 4874 2344 4931 Verbo
2394 4876 2800 4930 coadorandum
2846 4868 3177 4939 hominem.)
3208 4867 3401 4922 Nonne

1809 4969 1897 5024 hic
1927 4968 2210 5022 manifeste
2241 4970 2514 5024 hominem
2541 4967 2803 5023 deiferum
2830 4967 3072 5021 nominat
3097 4963 3392 5028 Christum,

1808 5067 1860 5112 ct
1895 5057 2330 5124 conjmtctionem
2365 5059 2690 5126 simpliciter
2743 5058 2873 5112 dicit
2909 5054 3145 5109 hominis
3190 5052 3392 5106 factam

1810 5164 1931 5204 esse
1955 5166 2075 5204 cum
2106 5150 2237 5216 Deo,
2263 5152 2558 5205 secundum
2588 5149 2715 5203 illud
2758 5147 3028 5213 fortassis,
3070 5144 3211 5216 quod
3251 5153 3333 5197 est
3363 5157 3394 5198 a

1183 5435 1358 5492 Variae
1393 5438 1657 5493 lectiones
1679 5456 1740 5494 ex
1782 5441 1964 5495 codice
1996 5440 2369 5510 Srguicrianu.

182 5573 196 5626 i
237 5574 408 5640 ῐσως,
447 5572 542 5626 τὸν
577 5571 671 5625 ἐπὶ
697 5574 764 5644 τῇ
809 5573 990 5626 πίστει
1022 5572 1197 5640 λόγον.
1277 5574 1300 5613 ιι
1338 5573 1606 5646 ἀοιδίμου.

1693 5573 1709 5613 ι
1743 5575 2101 5648 γεγραφότος.
2181 5589 2218 5616 m
2253 5577 2444 5650 αὐτήν.

180 5731 255 5798 (ι)
296 5731 371 5784 De
403 5729 490 5805 his
521 5727 738 5805 dicendi
771 5726 945 5784 modis
976 5727 1114 5798 apud
1175 5725 1364 5784 Patres
1396 5744 1534 5800 smpc
1571 5729 1809 5796 usitatis,
1869 5731 1989 5787 vide
2045 5730 2284 5801 Magistr.
2322 5732 2496 5800 Scut.,
2522 5731 2614 5787 lib.
2640 5747 2723 5800 tn,
2751 5733 2875 5788 dist.
2903 5733 2969 5801 5;
2995 5741 3047 5790 et
3076 5731 3134 5788 S.
3162 5732 3331 5790 Thom
3362 5771 3381 5805 ,

118 5815 195 5866 tu,
233 5821 281 5871 p.
306 5818 360 5872 q.
401 5801 456 5866 5,
492 5808 592 5854 art.
637 5799 696 5858 9,
