4042 6506
588 404 693 465 351

588 614 794 670 est"?
835 633 854 668 ι
892 614 1150 681 Quamvis
1187 616 1462 684 quomodo
1503 633 1612 673 non
1638 626 1721 673 est
1784 635 2010 683 verum.
2039 627 2184 692 quod

591 706 707 775 ipse
734 706 901 762 luerit
942 710 1124 779 potius
1153 710 1293 763 Deus
1342 709 1506 764 simul
1536 718 1592 764 et
1632 710 1797 765 homo
1824 752 1839 777 ,
1870 719 1925 767 et
1949 726 2055 768 non
2083 713 2184 767 ho-

590 813 681 853 mo
714 798 957 869 quidam,
1021 800 1112 870 qui
1155 802 1389 855 seorsim
1420 815 1486 856 ac
1514 801 1766 871 privatim
1825 802 2184 874 intelligatur,

590 890 1033 959 conjunctionem
1091 907 1214 946 cum
1278 892 1393 947 Deo
1444 893 1748 947 secundum
1803 893 2183 950 habitudinem

595 981 847 1038 habens?
879 981 1093 1037 Etenim
1144 993 1266 1054 post
1323 984 1654 1041 inelfabilem
1711 987 2039 1049 unitionem.
2069 989 2186 1044 sive

590 1075 715 1143 quis
771 1075 917 1128 dicat
974 1075 1141 1129 Deum
1192 1075 1607 1133 Emmanuelem
1657 1079 1933 1135 hominem
1979 1079 2181 1136 factum

590 1173 646 1218 et
672 1164 1037 1227 incarnatum.
1076 1164 1170 1220 Dei
1212 1166 1451 1223 Verbum
1484 1168 1710 1242 intelligi
1738 1174 2039 1237 convenit;
2068 1173 2183 1229 sive

589 1258 866 1313 hominem
897 1260 1160 1322 nominet,
1198 1263 1407 1317 scimus
1431 1272 1633 1329 tamen,
1665 1281 1789 1319 cum
1817 1266 1985 1321 hocet
2006 1268 2179 1335 ipsum

587 1363 711 1404 esse
770 1349 865 1404 Dei
900 1349 1082 1406 Patris
1129 1350 1391 1409 Verbum.
1442 1355 1539 1411 Est
1595 1357 1760 1427 igitur
1814 1358 1983 1424 aliud,
2015 1376 2179 1414 unum

588 1440 777 1496 dicere
805 1439 1001 1497 Filium
1040 1457 1163 1498 cum
1190 1455 1341 1499 unita
1371 1447 1477 1502 sibi
1503 1462 1670 1502 carne
1700 1446 1794 1503 Dei
1826 1449 2008 1505 Patris
2045 1446 2181 1504 Ver-

588 1531 741 1598 bum,
795 1543 851 1590 et
906 1534 1162 1591 similiter
1185 1537 1355 1605 aliud,
1414 1539 1467 1594 in
1532 1540 1753 1597 homine
1814 1542 1999 1598 dicere
2057 1556 2180 1599 esse

586 1623 1262 1697 Deum,quemadmodum
1290 1630 1551 1688 videlicet
1595 1633 1649 1687 in
1692 1634 1981 1703 prophetis
2034 1644 2175 1703 erat,

585 1716 702 1772 sive
748 1719 913 1774 etiam
967 1721 1019 1775 in
1055 1722 1211 1777 nobis
1262 1722 1397 1793 ipsis
1454 1738 1554 1794 per
1605 1723 1872 1794 Spiritum
1902 1737 2171 1783 sanctum.

587 1806 794 1877 Itaque,
821 1812 1034 1867 utmihi
1061 1814 1298 1880 videtur,
1370 1814 1507 1870 citra
1544 1817 1844 1886 periculum
1879 1827 1935 1874 et
1963 1818 2175 1890 culpam

586 1904 786 1957 dixerit
813 1906 958 1975 quis,
983 1906 1128 1976 quod
1168 1906 1512 1962 incarnatum
1558 1907 1651 1964 Dei
1689 1907 1950 1976 Verbum,
1993 1886 2174 1981 utpote

2281 1911 2453 1974 δύνως
2488 1886 2555 1963 δὲ’
2587 1911 2681 1963 καὶ
2738 1908 3026 1977 ἀλήπτως,
3057 1904 3132 1969 ὣς
3174 1922 3239 1973 γε
3274 1899 3460 1974 οἶμαι,
3496 1903 3628 1973 φαίη
3665 1918 3750 1965 τις
3788 1902 3885 1965 ἂν,
3994 1978 4001 1983 '

586 2009 726 2049 unus
770 1997 1046 2053 exsistens
1088 1999 1280 2063 Filius,
1332 2014 1439 2055 non
1476 2001 1684 2071 absque
1722 2016 1820 2055 sua
1854 2017 2044 2068 carne,
2079 2003 2179 2059 sed

584 2101 706 2140 cum
751 2087 837 2142 illa
865 2090 1042 2159 potius
1063 2091 1401 2145 adorandum
1430 2092 1503 2146 sit
1536 2111 1549 2147 :
1581 2095 2039 2163 quemadmodum
2065 2097 2178 2150 s‘ei-

586 2179 714 2234 lieel
740 2181 907 2235 etiam
940 2182 1176 2239 hominis
1210 2186 1391 2238 anima
1427 2199 1550 2239 cum
1599 2200 1699 2240 suo
1738 2200 1971 2254 corpore
2001 2188 2178 2243 hono-

587 2279 785 2337 ratur;
822 2286 927 2325 una
956 2281 1139 2327 autem
1190 2274 1581 2343 appellatione,
1622 2277 1766 2345 quod
1810 2292 1875 2332 ex
1928 2280 2178 2348 utrisque

584 2370 819 2425 constat,
850 2370 909 2415 ut
939 2378 1105 2417 unum
1131 2364 1354 2429 animal,
1391 2366 1756 2431 significatur.
1796 2366 1967 2437 Igitur
2002 2384 2176 2437 quan-

583 2452 654 2506 do
684 2452 751 2507 de
778 2454 1021 2508 omnium
1059 2465 1304 2510 nostrum
1335 2456 1618 2513 Salvatore
1647 2458 1869 2515 Christo
1890 2475 2174 2518 sermones

583 2541 766 2599 facere
793 2556 1017 2616 paratus
1054 2549 1308 2604 diviseris
1334 2549 1387 2603 in
1420 2549 1527 2605 duo
1567 2566 1731 2604 unum
1765 2568 1779 2617 ;
1814 2559 1869 2606 et
1898 2554 2171 2608 hominem

585 2634 841 2703 privatim
872 2651 937 2692 ac
966 2640 1196 2693 seorsim
1258 2639 1674 2711 intelligendum
1711 2645 2172 2712 pronuntiaveris,

585 2727 779 2783 deinde
802 2728 951 2783 illum
981 2730 1385 2785 coadorandum
1417 2740 1473 2786 et
1500 2732 1945 2802 coappellandum
1980 2734 2170 2803 Deum,

584 2821 739 2890 quasi
779 2820 869 2876 ille
900 2821 1039 2877 alius
1068 2823 1135 2877 sit
1170 2839 1197 2876 a
1240 2824 1458 2878 Christo
1493 2838 1560 2877 ex
1591 2825 1699 2878 Deo
1751 2825 2050 2879 secundum
2076 2842 2173 2880 na-

586 2923 762 2968 turam
803 2915 1008 2983 genito,
1043 2915 1227 2971 dicere
1250 2915 1420 2971 fueris
1450 2918 1649 2984 ausus;
1679 2917 1801 2987 quis
1843 2916 1985 2972 ferre
2019 2930 2175 2987 pote-

587 3006 682 3072 rit,
712 3015 765 3061 et
798 3015 907 3060 tam
939 3008 1282 3077 perspicuam
1318 3019 1510 3065 contra
1550 3010 1699 3063 illum
1735 3011 2173 3067 criminationem

586 3094 807 3151 silentio
853 3099 1181 3167 prazterire?
1214 3098 1400 3154 Potius
1452 3101 1598 3154 enim
1663 3100 1953 3155 dicendum
2011 3114 2171 3158 erat:

1600 403 1665 463 S.
1703 401 1979 463 CYRILLI
2019 403 2493 461 ALEXANDRINI
2534 402 2857 460 ARCHIEP.

592 519 763 576 Paulo
794 522 1002 579 dictum
1037 539 1051 579 :
1096 540 1115 575 ι
1146 521 1249 591 Qui
1273 523 1522 581 adhaeret
1549 524 1777 583 Domino
1794 543 1936 583 unus
1966 529 2174 600 spiritu:

2295 527 2481 581 νέσθαι
2516 527 2654 598 πρὸς
2690 526 2847 589 Θεὸν,
2881 526 3001 579 κατ’
3042 524 3218 576 ἐκεῖνο
3270 522 3409 592 τάχα
3441 537 3545 573 που
3575 519 3635 573 τὸ
3664 519 3755 573 διὰ
3787 522 3889 587 τῆς
3994 554 3999 559 -

2290 620 2504 675 Παύλου
2527 620 2709 687 φωνῆς
2728 635 2740 648 ·
2771 637 2790 669 ι
2813 615 2873 671 Ὀ
2895 612 3235 685 κολλώμενος
3253 612 3332 683 τῷ
3352 612 3562 682 Κυρίῳ,
3586 609 3644 663 ἓν
3665 609 3890 679 πνεῦμά
3986 650 4005 675 ς,

2288 713 2443 775 eam;
2477 729 2495 762 ι
2534 709 2728 763 Καίτοι
2793 706 2908 768 πῶς
2939 706 3040 759 οὐκ
3075 703 3295 774 ἀληθὲς,
3326 703 3407 755 ὅτι
3443 701 3643 772 μᾶλλον
3672 703 3700 754 ό
3726 710 3753 737 ιι
3787 700 3890 753 αὐ-
3990 744 3997 769 η

2287 802 2380 866 τὸς
2416 801 2550 865 Θεός
2580 817 2639 853 τε
2676 798 2812 868 ὁμοῦ
2855 798 2950 852 καὶ
2978 794 3073 851 ἄνθ
3087 812 3287 867 ρωπος,
3315 794 3410 848 καὶ
3448 794 3549 847 οὐκ
3594 792 3889 865 ἄνθρωπός
3992 836 4005 861 έ

3782 398 3891 455 352

2288 860 2377 961 τις
2418 860 2545 949 ἀνὰγ
2569 860 2735 965 μέρος
2781 908 2839 944 τε
2883 890 2979 944 καὶ
3037 860 3223 951 ιδικῶς
3263 887 3577 957 νοούμενος,
3619 860 3713 938 καῖ
3754 902 3885 955 σχε-

2286 989 2447 1058 τικὴν
2477 986 2617 1055 ἔχων
2648 983 2946 1053 συνάφειαν
2983 981 3119 1053 πρὸς
3147 979 3316 1044 Θεόνς
3349 980 3504 1033 Μετὰ
3530 978 3639 1050 γάρ
3670 995 3754 1031 τοι
3782 978 3888 1049 τὴν
3991 1006 4005 1051 ρ

2289 1081 2568 1150 ἄφραστον
2603 1076 2818 1137 ἕνωσιν,
2852 1074 2957 1128 κᾶν
2981 1073 3034 1127 εῐ
3072 1090 3157 1136 τις
3190 1071 3323 1145 λέγῃ
3368 1070 3503 1124 Θεὸν
3534 1071 3627 1124 τὸν
3663 1071 3886 1140 Ἐμμα-

2287 1170 2449 1243 νουήλ
2495 1169 2997 1241 ὲνανθρωπήσαντα
3032 1166 3125 1220 καὶ
3171 1165 3614 1235 σεσαρκωμένον,
3666 1163 3759 1217 τὸν
3785 1161 3889 1216 τοῦ
3998 1210 4005 1236 ,Α

2286 1265 2422 1318 Θεοῦ
2449 1264 2621 1332 Λόγον
2647 1261 2887 1315 νοεῖσθαι
2913 1260 3144 1329 ’πρέπειο
3171 1257 3274 1311 κᾶν
3300 1256 3586 1326 ἄνθρωπον
3611 1255 3887 1326 ὀνομάσῃ,

2286 1359 2400 1414 ἀλλ’
2427 1359 2649 1427 οἴδαμεν
2684 1356 2823 1425 μετὰ
2860 1355 3052 1407 τούτου
3085 1350 3179 1406 καί
3210 1350 3384 1417 Λόγον
3418 1347 3549 1401 ὅντα
3581 1346 3745 1400 αὑτὸν
3786 1346 3890 1399 τοῦ
3992 1390 4005 1419 ὲ

2285 1451 2522 1522 Πατρός.
2547 1450 2705 1502 Ἐστι
2733 1447 2912 1501 τοίνυν
2941 1446 3127 1515 ἕτερον
3159 1443 3219 1495 τὸ
3252 1442 3349 1493 ἕνα
3374 1440 3554 1508 λέγειν
3581 1438 3713 1491 Υἱὸν
3743 1436 3890 1507 μετὰ
4002 1488 4005 1518 1

2282 1545 2383 1614 τῆς
2432 1541 2728 1610 ὲνωθείσης
2777 1538 2926 1609 αὐτῷ
2977 1534 3181 1607 σαρκὸς
3230 1533 3322 1588 τὸν
3362 1535 3425 1586 ὲκ
3475 1530 3609 1585 Θεοῦ
3663 1530 3891 1601 Πατρὸς
4000 1583 4005 1609 Ξ

2285 1606 2478 1705 Λόγον,
2506 1638 2599 1689 καὶ
2623 1606 2823 1705 ὁμοίως
2849 1606 3034 1702 ἕτερον
3056 1606 3119 1684 τὸ
3144 1631 3201 1683 ὲν
3228 1626 3503 1699 ἀνθρώπῳ
3529 1625 3711 1693 λέγειν
3739 1619 3887 1678 εἶναι

2283 1730 2436 1791 Θεὸν,
2484 1727 2737 1797 καθάπερ
2770 1724 2963 1794 ἀμέλει
3006 1722 3100 1775 καὶ
3132 1724 3190 1775 ὲν
3230 1722 3542 1791 προφήταις
3582 1714 3672 1789 ἦν,
3706 1718 3891 1788 ἤγουν

2284 1822 2380 1873 καὶ
2412 1822 2470 1873 ὲν
2504 1821 2636 1889 ήμῖν
2666 1818 2849 1879 αὐτοῖς
2882 1814 2969 1868 διὰ
3002 1812 3096 1867 τοῦ
3132 1813 3289 1881 ἁγίου
3325 1811 3661 1880 Ιινεύματος.
3697 1811 3887 1863 Ἀκιν-

2281 2004 2363 2057 ὄτι
2403 2004 2431 2055 ὁ
2465 2000 2770 2072 σαρκωθεὶς
2803 1999 2897 2052 τοῦ
2932 1996 3069 2051 Θεοῦ
3102 1998 3309 2063 Λόγος,
3353 1996 3430 2059 ὡς
3480 1989 3561 2058 εἷς
3612 1996 3888 2065 ὑπάρχων

2283 2095 2430 2158 Υἱὸς,
2474 2094 2595 2163 οὐχὶ
2625 2094 2749 2163 δίχα
2786 2092 2884 2162 τῆς
2915 2088 3112 2143 ἑαυτοῦ
3143 2087 3367 2158 σαρκὸς,
3408 2086 3548 2157 μετὰ
3579 2086 3790 2155 ταύτης
3824 2088 3888 2139 δὲ

2283 2186 2506 2255 μᾶλλον,
2546 2186 2664 2237 ἐστὶ
2699 2180 3099 2253 προσκυνητός.
3145 2179 3416 2247 Καθάπερ
3454 2178 3648 2247 ἀμέλει
3698 2178 3798 2231 καὶ
3849 2181 3887 2249 ἡ

2278 2279 2372 2333 τοῦ
2418 2277 2709 2349 ἀνθρώπου
2743 2276 2889 2345 ψυχὴ
2926 2274 3059 2343 μετὰ
3093 2273 3187 2326 τοῦ
3226 2273 3358 2326 ἰδίου
3408 2274 3636 2341 τιμᾶται
3688 2270 3889 2338 σῶμα·
3992 2354 3995 2357 ἦ

2276 2390 2389 2437 τος,
2421 2372 2611 2441 κλήσει
2634 2370 2691 2423 δὲ
2726 2371 2824 2440 μιᾷ
2851 2370 2911 2421 τὸ
2946 2367 3005 2431 ἐξ
3031 2369 3255 2436 ἀμφοῖν,
3283 2366 3355 2428 ὼς
3388 2364 3445 2417 ἓν
3473 2362 3632 2429 ζῶον,
3674 2366 3890 2434 σημαί-

2276 2482 2448 2519 νεται.
2475 2465 2643 2515 Ὅταν
2674 2461 2855 2514 τοίνυν
2894 2462 3023 2530 περὶ
3053 2458 3148 2511 τοῦ
3182 2457 3397 2510 πάντων
3428 2457 3587 2526 ήμῶν
3617 2457 3887 2527 Σωτῆρος

2274 2554 2512 2627 Χριστοῦ
2537 2556 2663 2615 τοὺς
2687 2552 2878 2617 λόγους
2908 2548 3177 2602 ποιεῖσθαι
3196 2547 3669 2618 προθυμούμενος,
3688 2546 3886 2618 διέλῃς
3988 2606 3997 2629 γ,

2275 2646 2357 2709 εἰς
2385 2644 2478 2698 δύο
2506 2643 2595 2697 τὸν
2629 2642 2745 2706 ἕνα,
2769 2641 2862 2695 καὶ
2889 2639 3176 2709 ἄνθρωπον
3214 2638 3399 2701 ίδικῶς
3432 2639 3527 2690 καὶ
3568 2638 3670 2690 ἀνὰ
3704 2637 3887 2710 μέρος

2275 2736 2566 2807 νοούμενον
2596 2736 2909 2805 ἀποφήνῃς,
2941 2730 3058 2785 εἶτα
3096 2729 3285 2783 τοῦτον
3324 2747 3386 2782 συ
3398 2729 3887 2800 μπροσχυνεῖσθαι

2276 2830 2385 2882 δεῖν
2438 2829 2530 2881 καὶ
2558 2826 3024 2897 συγχρηματίζειν
3054 2825 3209 2888 Θεὸν,
3232 2824 3309 2885 ὡς
3338 2823 3511 2892 ἑτέρῳ
3547 2823 3675 2892 παρ’
3708 2822 3888 2877 αὑτὸν
3992 2890 4005 2917 ἶ

2278 2922 2577 2992 ὑπάρχοντι
2608 2917 2829 2989 Χριστῷ
2858 2916 2935 2987 τῷ
2967 2919 3031 2969 ὲκ
3061 2915 3195 2968 Θεοῦ
3226 2915 3365 2968 κατά
3397 2915 3555 2983 φύσιν
3582 2914 3718 2984 Υἱῷ,
3752 2916 3889 2967 το).-

2281 3017 2462 3086 μήσῃς
2493 3015 2692 3074 εἰπεῖν,
2732 3012 2815 3074 τίς
2839 3011 2867 3062 ὁ
2906 3009 3252 3079 καρτερῆσαι
3289 3007 3612 3075 δυνάμενος,
3646 3008 3743 3059 καὶ
3774 3010 3889 3077 τὴν

2277 3108 2418 3161 οὑτω
2452 3104 2705 3177 προφανῆ
2736 3101 3117 3173 γλωσσαλγίαν
3154 3100 3276 3153 κατ’
3299 3099 3467 3153 αὐτοῦ
3501 3102 3679 3169 σιωπῇ
3708 3107 3732 3134 ο
3770 3117 3888 3153 ππ-

583 3187 717 3245 Colo
767 3190 986 3259 quidem
1033 3192 1267 3248 Verbum
1314 3192 1408 3247 Dei
1437 3192 1642 3247 factum
1693 3193 1990 3258 hominem,
2024 3197 2167 3265 quod

2284 3199 2593 3272 ρατρέχων;
2624 3196 2772 3248 Ἔδει
2807 3195 2916 3263 γὰρ
2956 3191 3155 3262 μᾶλλον
3196 3193 3403 3243 εἰπεῖν·
3447 3191 3686 3260 Σέϐομεν
3719 3202 3747 3239 P
3784 3191 3889 3245 τὸν

585 3280 891 3349 appellatur
926 3281 1091 3349 Deus,
1127 3295 1183 3337 et
1218 3284 1273 3337 in
1335 3286 1674 3339 humanitate
1718 3286 1976 3341 adoratur
2003 3305 2016 3353 ;
2045 3290 2171 3356 quia

587 3382 780 3427 natura
816 3375 956 3431 Deus
985 3385 1089 3441 est,
1128 3384 1183 3431 et
1210 3392 1273 3430 ex
1294 3376 1405 3431 Deo
1428 3377 1591 3432 Patre
1622 3379 1894 3447 apparuit.
1929 3379 2003 3433 At
2027 3382 2173 3458 enim

586 3464 773 3520 dicunt
820 3468 1118 3522 adversarii
1152 3467 1357 3524 :Certe
1412 3470 1836 3536 deprehenderis
1888 3481 1941 3525 et
1976 3473 2173 3540 ipsein

585 3559 818 3627 epistola
862 3562 1130 3625 scribens,
1184 3562 1326 3632 quod
1378 3563 1584 3617 sederit
1638 3562 1808 3618 Filius
1855 3579 1978 3617 cum
2013 3564 2177 3619 Patre

587 3665 711 3704 eum
752 3654 968 3723 pr0pr-ia
995 3669 1185 3710 carne:
1209 3656 1483 3725 quomodo
1528 3671 1660 3726 ergo
1696 3658 2053 3724 reprehendis
2093 3659 2175 3713 di-

587 3753 822 3810 centem,
864 3747 1007 3815 quod
1063 3762 1186 3802 cum
1241 3750 1349 3803 Deo
1380 3747 1560 3802 Verbo
1608 3748 1882 3802 hominem
1931 3752 2173 3815 adorari,

584 3846 641 3891 et
674 3837 835 3893 simul
863 3838 1033 3894 Deum
1060 3841 1243 3895 vocari
1271 3850 1523 3909 oporteat
1552 3840 1576 3894 ?
1610 3841 1755 3895 Idem
1782 3843 1926 3895 enim
1966 3852 2051 3897 est
2093 3844 2177 3898 di-

584 3943 710 3985 cere
740 3931 860 3996 σὺν,
896 3942 951 3987 et
981 3934 1136 4003 μετά.
1190 3934 1423 3989 Proinde
1455 3936 1850 4003 redarguamus
1896 3950 1989 3990 eos
2019 3937 2174 4006 igno-

584 4036 710 4077 rare
766 4023 1037 4078 dictorum
1081 4026 1208 4090 vim,
1242 4035 1298 4079 et
1332 4041 1513 4080 rerum
1550 4034 1802 4080 naturam
1850 4044 1955 4081 non
2000 4029 2175 4100 iuspi-

584 4127 731 4167 cere.
794 4114 958 4185 180
1009 4115 1225 4170 Etenim
1286 4119 1505 4186 quando
1544 4117 1598 4172 iu
1645 4135 1752 4172 una
1825 4135 2059 4189 persona
2121 4133 2178 4178 et

586 4214 803 4269 natura,
832 4207 937 4262 hoe
972 4217 1075 4274 est,
1111 4208 1467 4265 subsistentia
1512 4226 1639 4274 una,
1680 4227 1860 4266 sermo
1886 4214 2176 4283 diligenter

583 4299 907 4354 examinans
935 4316 1020 4366 ea,
1052 4316 1119 4355 ex
1140 4304 1337 4372 quibus
1359 4313 1465 4366 est,
1493 4303 1596 4359 hoc
1621 4313 1728 4366 est,
1770 4315 1987 4360 constat
2018 4317 2177 4361 natu-

584 4393 793 4457 raliter,
829 4395 1107 4468 suhjungit
1140 4400 1580 4468 praepositionem
1625 4402 1722 4454 σὺν
1751 4401 1833 4455 vel
1869 4401 2029 4471 μετὰ,
2057 4416 2174 4455 ser-

582 4485 729 4539 vavit
762 4486 927 4541 etiam
979 4489 1059 4544 sic
1113 4490 1165 4544 in
1229 4506 1289 4547 re
1334 4491 1663 4561 significata,
1733 4495 1873 4562 quod
1904 4510 2068 4546 unum
2103 4493 2173 4548 sit

2278 3264 2371 3345 τοῦ
2390 3264 2539 3342 Θεοῦ
2569 3288 2762 3354 Λόγον,
2798 3285 3088 3353 γενόμενον
3128 3282 3433 3350 ἄνθρωπον,
3464 3282 3561 3334 καὶ
3599 3284 3889 3352 χρηματί·
3992 3264 4005 3361 ἱ]

2278 3385 2440 3449 ζοντα
2469 3383 2623 3445 Θεὸν,
2653 3381 2749 3433 καὶ
2778 3381 2835 3431 ὲν
2867 3376 3220 3446 ἀθρωπότητι
3259 3375 3763 3445 προσκυνούμενον,
3794 3376 3889 3429 ὅτι

2279 3477 2372 3529 καὶ
2409 3477 2567 3543 φύσει
2607 3472 2738 3533 Θεός
2780 3473 2897 3523 ἐστι
2921 3510 2935 3533 ,
2974 3469 3070 3522 καὶ
3103 3468 3168 3519 ἐκ
3202 3466 3338 3519 Θεοῦ
3380 3466 3590 3536 πέφηνε
3634 3468 3886 3538 Πατρός.

2292 3567 2453 3620 Ἀλλὰ
2494 3566 2602 3637 γὰρ
2646 3563 2733 3617 ναὶ
2754 3602 2769 3627 ,
2811 3561 2977 3629 φασὶν
3004 3563 3052 3614 οἱ
3103 3560 3170 3613 δι’
3196 3559 3470 3623 ἐναντίας,
3504 3558 3688 3629 ἁλώσῃ
3722 3576 3834 3612 που
3856 3571 3888 3612 (ι

2279 3661 2372 3713 καὶ
2398 3659 2561 3721 αὐτὸς
2602 3660 2659 3710 ὲν
2691 3654 2947 3724 ἐπιστολῇ
2980 3649 3300 3720 γεγραφὼς,
3340 3651 3422 3703 ὅτι
3454 3650 3824 3721 συνήδρευσεν
3859 3656 3892 3705 ὁ
4003 3681 4005 3709 ]

2279 3752 2407 3814 Υἱὸς
2459 3750 2537 3821 τῷ
2586 3748 2765 3819 Πατρὶ
2809 3746 2946 3817 μετὰ
2987 3746 3087 3815 τῆς
3123 3744 3257 3806 ἰδίας
3291 3746 3522 3814 σαρκός.
3572 3741 3703 3799 Εἶτα
3756 3748 3890 3812 πῶς
3984 3788 3987 3791 ,

2278 3841 2625 3912 ὲπιλαμὸάνῃ
2650 3840 2744 3893 τοῦ
2774 3839 3045 3907 λέγοντος,
3072 3837 3153 3891 ὅτι
3186 3836 3292 3908 χρὴ
3328 3837 3888 3907 συμπροσκυνεῖσθαι
3986 3862 4005 3897 η

2279 3936 2367 3988 τὸν
2418 3933 2706 4004 ἄνθρωπον
2758 3930 2835 4001 τῷ
2874 3929 2993 4000 Θεῷ
3030 3929 3209 3997 Λόγῳ,
3262 3928 3356 3980 καὶ
3401 3929 3889 3999 συγχρηματίξειν

2277 4028 2445 4095 Θεόν;
2475 4026 2684 4079 Ταυτὸν
2713 4024 2821 4094 γάρ
2847 4025 2994 4076 ἐστιν
3023 4024 3198 4075 εἰπεῖν
3241 4020 3425 4075 καὶτὸ
3468 4021 3612 4087 σὺν,
3674 4023 3773 4076 καὶ
3816 4025 3889 4076 τὸ
3978 4058 4005 4069 ρ

2273 4120 2443 4192 μετά.
2473 4118 2682 4173 Οὐκοῦν
2709 4115 3048 4187 ἠγνοηκότας
3077 4116 3393 4186 ὲλέγχωμεν
3419 4114 3529 4167 τῶν
3559 4115 3887 4185 εἰρημένων

2277 4214 2376 4285 τὴν
2407 4213 2660 4282 δύναμιν,
2710 4211 2804 4263 καὶ
2836 4212 2902 4278 τῇ
2930 4218 2951 4245 ι’
2980 4208 3091 4261 τῶν
3124 4206 3469 4277 πραγμάτων
3508 4207 3608 4259 οὐκ
3638 4207 3887 4278 ἐνορῶν-

2276 4324 2375 4370 τας
2445 4305 2675 4374 φύσειε.
2741 4302 2911 4354 Ὅταν
2966 4298 3204 4370 μὲνγὰρ
3255 4300 3342 4367 ἐφ’
3396 4299 3515 4361 ἑνὸς
3546 4297 3884 4369 προσώπου,

2278 4399 2373 4453 καὶ
2407 4397 2651 4467 φύσεως,
2688 4395 2857 4464 ήγουν
2903 4390 3256 4454 ὑποστάσεως
3308 4391 3457 4460 μιᾶς,
3487 4389 3796 4460 βασανίζων
3852 4396 3888 4446 ὁ

2276 4492 2433 4559 λόγος
2470 4490 2538 4542 τὰ
2570 4487 2628 4553 ἐξ
2659 4480 2733 4539 ὧν
2767 4485 2934 4548 ἔστιν,
2972 4486 3089 4546 ἦτοι
3121 4482 3406 4550 σύγκειται
3441 4481 3706 4551 φυσικῶς,
3750 4485 3887 4537 sm-

581 4577 881 4633 secundum
907 4582 1381 4652 compositionem,
1412 4594 1466 4639 et
1518 4601 1627 4639 non
1671 4585 1724 4639 in
1753 4586 1860 4640 duo
1910 4587 2168 4640 distincte

2279 4584 2416 4655 φέρῃ
2443 4582 2504 4636 τὸ
2532 4581 2673 4642 σὺν,
2700 4580 2818 4649 ’ήτοι
2853 4576 2913 4630 τὸ
2964 4577 3115 4645 μετὰ
3135 4616 3149 4641 ,
3197 4577 3466 4645 τετήρηκε
3495 4574 3572 4645 τῷ
3605 4591 3888 4645 σημαινο-

584 4665 869 4723 discernit.
891 4670 1118 4736 Quando
1147 4685 1327 4729 autem
1357 4685 1483 4730 ante
1506 4677 1778 4732 distinetis
1801 4678 2171 4733 subsistentiis

586 4755 641 4809 in
676 4759 803 4826 duo,
828 4771 969 4816 etut
1017 4779 1264 4821 seorsum
1316 4778 1605 4839 utrumque
1642 4780 1695 4825 et
1726 4770 1979 4839 privatim
2003 4771 2169 4825 intel-

586 4848 809 4919 ligatur,
864 4859 1179 4925 praepositio
1260 4862 1378 4928 σὺν,
1436 4863 1519 4917 vel
1586 4865 1726 4935 μετὰ
1774 4864 1991 4929 dicitur,
2047 4875 2173 4918 tunc

585 4942 717 5009 duo,
764 4946 850 4999 vel
908 4949 1070 5003 etiam
1120 4952 1295 5019 plura,
1353 4967 1409 5007 et
1470 4972 1575 5009 non
1642 4973 1807 5009 unum
1875 4958 2169 5011 secundum

585 5039 1038 5107 compositionem
1071 5045 1365 5115 signiﬁcari
1398 5048 1926 5118 dicimus..Exempli
1951 5050 2119 5117 gratia
2152 5090 2166 5114 ,

584 5134 627 5188 si
666 5132 804 5187 forte
836 5134 1103 5199 dicamus,
1135 5141 1457 5194 cohonorari
1492 5142 1728 5196 animam
1767 5142 2003 5197 hominis
2046 5156 2166 5194 cum

584 5241 682 5280 suo
720 5242 973 5295 corpore,
1016 5228 1061 5283 si
1111 5232 1234 5298 quis
1270 5233 1443 5287 honor
1475 5242 1622 5287 certe
1669 5234 1825 5287 ﬁeret
1850 5248 1877 5285 a
1909 5233 2165 5302 quopiam

583 5334 711 5388 erga
739 5335 902 5375 unum
934 5322 1231 5389 hominem,
1269 5326 1359 5395 qui
1384 5334 1468 5381 est
1496 5342 1559 5381 ex
1596 5327 1881 5395 utrisque:
1916 5326 2015 5380 hoc
2046 5338 2151 5386 est.

651 5481 695 5512 "
736 5483 749 5535 Ι
787 5483 914 5539 Cor.
944 5501 1017 5549 VI,
1056 5486 1134 5538 l7.

2280 4679 2447 4749 μένῳ,
2476 4675 2567 4728 καὶ
2601 4672 2745 4727 οὑτω
2781 4672 2841 4723 τὸ
2886 4671 2944 4723 ἓν
2974 4667 3114 4724 εἶναι
3155 4668 3297 4721 κατὰ
3327 4667 3598 4732 σύνθεσιν,
3644 4668 3740 4721 καὶ
3770 4670 3886 4723 οὐκ

2274 4774 2355 4834 εἰς
2393 4770 2486 4821 δύο
2532 4765 2876 4838 διῃρημένως
2925 4763 3116 4833 διοριεῖ
3143 4762 3196 4797 ⁸·
3237 4762 3365 4855 ὅταν
3399 4760 3454 4812 δὲ
3494 4760 3884 4855 προδιῃρημέ-

2276 4881 2380 4916 νων
2406 4875 2432 4901 ιι
2466 4860 2821 4914 ὑποστάσεων
2852 4859 2929 4919 εἰς
2960 4854 3074 4929 δύο,
3103 4854 3198 4909 καὶ
3230 4853 3366 4924 πρός
3401 4869 3463 4921 γε
3502 4854 3563 4906 τὸ
3605 4854 3719 4906 δεῖν
3766 4856 3887 4912 ἀνὰ
3984 4853 4005 4873 ³

2279 4954 2445 5024 μέρος
2477 4952 2736 5021 ἑκάτερον
2771 4946 3011 4999 νοεῖσθαι
3041 4946 3133 4997 καὶ
3168 4945 3349 5009 ἰδικῶς
3379 4945 3437 4997 τὸ
3481 4944 3623 5007 σὺν,
3648 4946 3825 5015 ήγουν
3851 4958 3883 4987 ν

2279 5048 2338 5098 τὸ
2399 5045 2546 5113 μετὰ
2587 5043 2846 5111 λέγηται,
2892 5038 3013 5091 τότε
3048 5037 3279 5107 δυοῖν,ἢ
3331 5038 3425 5089 καὶ
3468 5036 3548 5088 ἔτι
3603 5037 3884 5093 πλειόνων
3990 5038 4005 5061 η

2277 5137 2429 5199 αὐτὸ,
2461 5137 2554 5189 καὶ
2584 5136 2680 5204 οὑχ
2728 5133 2842 5195 ἐνὸς
2884 5148 3024 5184 κατα
3074 5129 3325 5182 σύνθεσιν
3369 5129 3645 5182 ποιεῖσθαί
3689 5147 3882 5201 φαμεν

2278 5229 2376 5299 τὴν
2405 5227 2653 5298 δήλωσιν,
2689 5218 2831 5285 Οἷον,
2856 5224 2903 5274 εἰ
2935 5221 3189 5292 λέγοιμεν
3216 5219 3379 5289 τυχὸν
3398 5221 3765 5290 συντιμᾶσθαι
3794 5224 3883 5293 τῷ

2266 5322 2380 5390 ἰδίῳ
2416 5319 2627 5388 σώματι
2662 5316 2758 5385 τὴν
2788 5313 2877 5369 τοῦ
2908 5312 3197 5385 ἀνθρώπου
3226 5312 3425 5381 ψη(ὴῆ
3460 5311 3511 5363 εἴ
3537 5330 3622 5375 τις
3654 5314 3883 5381 γένοιτο
3990 5312 4005 5348 Δ

1657 5617 1830 5671 Varia:
1868 5617 2124 5671 lectiones
2156 5633 2219 5669 ex
2251 5618 2436 5671 codice
2468 5616 2847 5685 Seguieriuno.

648 5781 677 5811 ³
701 5777 767 5843 ἦν
806 5778 853 5832 ὁ.

584 5855 608 5889 ν
644 5846 779 5914 ﬁrm.

1669 5779 1695 5827 sl
1726 5774 1798 5840 ὦς
1829 5792 1950 5830 που.

935 5787 959 5813 °
992 5781 1139 5849 σιγῇ.
1217 5788 1243 5829 P
1280 5776 1421 5833 σέϐω
1448 5777 1564 5848 μέν.

2063 5783 2084 5811 ι’
2118 5773 2201 5825 ἴθ’.
2235 5774 2350 5842 τήν.

2470 5784 2488 5810 ε
2526 5772 2609 5826 ia.
2650 5771 2846 5842 eadem:
2930 5774 2945 5808 ¹
2984 5772 3199 5844 διαιρεῖ.
3281 5779 3305 5807 ¹¹
3339 5770 3873 5843 προσδιῃρήμένων,
