4042 6434
108 366 205 423 353

724 363 1250 422 APOLOGETICUS
1291 364 1424 421 PRO
1468 366 1563 422 ΧΠ
1604 366 1973 423 CAPlTlBUS
2012 366 2293 425 CONTRA
2333 366 2791 427 ORIENTALES.

3284 374 3391 432 354

108 486 229 556 παρ’
262 483 440 538 αὑτοῦ
471 494 494 521 ι
529 486 663 556 τιμὴ
713 487 842 557 περὶ
873 486 962 539 τὸν
993 487 1088 538 ’ἐνα
1120 485 1430 557 ἄνθρωπον,
1459 488 1516 550 ὃς
1564 489 1710 540 ἐστιν

1816 489 1863 543 si
1909 490 2033 559 quis
2073 490 2299 553 diceret,
2369 489 2606 542 animam
2670 505 2794 544 cum
2844 505 2943 545 suo
2997 501 3226 563 carpore
3270 512 3393 555 esse

108 580 159 645 ἐξ
203 580 427 648 ἀμφοῖν
451 595 465 607 ’
502 578 694 648 ἡγουν,
732 579 783 631 εἰ
813 596 896 641 τις
942 578 1089 646 λέγει
1135 579 1192 631 ἓν
1222 579 1360 644 ζῶον
1392 574 1533 633 εἶναι
1571 581 1709 650 μετὰ

108 668 191 723 τοῦ
230 670 381 722 ἰδίου
414 670 693 740 σώματος,
740 669 860 740 οὐχὶ
898 671 1117 732 πάντως
1146 672 1225 733 εἰς
1264 669 1583 740 ἀνθρώπους
1617 669 1712 724 δύο

108 764 294 833 διοριεῖ
338 762 439 815 τὸν
474 762 601 815 ἕνα·
650 762 903 831 φαίνεται.
955 764 1011 816 δὲ
1049 763 1252 833 μᾶλλον
1293 764 1393 816 οὐκ
1422 762 1711 833 ἡγνοηκὼς

108 856 169 907 τά
202 858 263 922 ἐξ
304 849 390 909 ὧν
426 856 596 920 ἐστιν,
632 857 753 927 ἦτοι
789 856 1119 909 συντέθειται
1165 856 1431 927 φυσικῶς.
1456 858 1623 910 Ὅταν
1654 857 1711 910 δὲ

110 947 242 997 εῐπω
264 963 275 975 ·
315 946 534 1017 Πέτρος
559 964 616 1000 τε
645 949 740 1000 καὶ
769 947 1021 1017 Ἰωάννης
1055 947 1591 1018 συγχρηματίζουσιν
1620 947 1713 1001 άν-

109 1036 350 1107 θρωποι,
383 1038 417 1109 ἢ
456 1038 609 1106 γοῦν,
648 1040 731 1092 ὅτι
758 1038 915 1092 Μετὰ
950 1038 1159 1110 Πέτρου
1205 1041 1300 1091 καὶ
1333 1038 1581 1110 Ἰωάννης
1615 1041 1709 1092 άν-

109 1128 330 1183 έόαινεν
362 1131 446 1193 είς
466 1130 527 1183 τὸ
557 1131 720 1201 ἱερὸν,
750 1130 933 1183 οὐκέτι
954 1129 1016 1183 τὸ
1033 1130 1230 1200 σὺν-,ἢ
1260 1130 1391 1199 γοῦν
1432 1131 1493 1183 τὸ
1537 1132 1709 1200 μετὰ,

107 1220 201 1289 τὴν
230 1220 369 1283 ἑνὸς
397 1223 638 1273 ποιεῖται
674 1221 926 1291 δήλωσιν.
974 1223 1048 1274 υύ
1097 1220 1207 1290 γὰρ
1240 1221 1577 1275 συντέθειται
1612 1221 1713 1275 Πέ-

105 1325 232 1377 τρος
273 1308 537 1380 Ἰωάννῃ,
581 1308 695 1363 ἀλλ’
718 1309 839 1362 οὐδὲ
875 1311 953 1372 εἰς
981 1308 1099 1372 ἑνὸς
1130 1308 1421 1380 ἀνθρώπου
1454 1308 1712 1363 σύστασιν

106 1404 364 1459 τελοῦσιν
390 1406 716 1476 ἀμφότεροι.
753 1406 817 1458 Τί
844 1405 1022 1458 τοίνυν
1052 1405 1361 1474 σοφίζονται
1385 1413 1413 1453 7
1448 1404 1543 1476 τὴν
1583 1404 1714 1476 ἀλή-

108 1497 277 1563 θειαν,
311 1498 658 1568 διαιροῦντες
689 1496 915 1567 ἀμαθῶς
943 1498 1022 1561 εἰς
1050 1496 1144 1549 δύο
1173 1497 1442 1567 Χριστοὺς
1474 1496 1565 1550 τὸν
1586 1496 1710 1561 ἕνας

109 1591 239 1641 sese
276 1590 630 1659 νομίζουσιν,
655 1590 761 1653 ὅτι,
790 1587 1126 1657 συνεδρεύειν
1153 1587 1404 1655 λέγοντες
1434 1586 1511 1659 τῷ
1540 1588 1715 1657 [Ia-cpi.

108 1683 193 1732 τὸν
232 1682 373 1733 Υἱὸν
424 1682 565 1751 μετὰ
596 1680 690 1734 τοῦ
729 1680 859 1733 ἰδίου
894 1680 1179 1751 σώματος,
1223 1680 1315 1732 δύο
1356 1679 1595 1733 νοεῖσθαι
1626 1678 1712 1730 δε-

104 1773 372 1845 δώκαμεν
429 1774 616 1837 υἱοὺς,
671 1773 1083 1841 ὲρευνάτωσαν,
1125 1774 1174 1825 εἰ
1213 1771 1287 1843 μὴ
1323 1772 1418 1825 ἕνα
1463 1771 1714 1840 λέγοντες

1813 597 1976 635 unum
2000 581 2221 645 animal,
2252 596 2359 635 non
2387 592 2669 650 prapterea
2700 582 2752 635 in
2786 582 2920 638 duos
2949 584 3198 640 homines
3225 603 3389 642 unum

1812 671 2041 737 dividit;
2069 672 2281 726 videtur
2311 681 2489 725 autem
2514 671 2694 738 potius
2747 687 2852 726 non
2905 672 3154 741 ignorare
3186 692 3272 738 ea,
3322 693 3387 730 ex

1812 763 2011 832 quibus
2062 775 2164 825 est,
2203 763 2309 818 hoc
2349 771 2455 828 est,
2503 763 2862 832 compositum
2909 772 2992 819 est
3038 767 3387 821 naturaliter.

1813 854 2039 921 Quando
2066 869 2195 908 vero
2228 854 2372 919 dico,
2400 853 2589 908 Petrus
2618 865 2671 908 et
2704 852 2946 909 Joannes
2982 856 3391 926 coappellantur

1814 946 2084 1009 homines,
2141 944 2225 998 vel
2252 947 2442 1011 etiam,
2477 946 2613 999 Cum
2650 945 2813 1000 Petro
2863 944 3103 1001 Joannes
3145 950 3390 1003 ascendit

1814 1038 1866 1092 in
1910 1036 2213 1108 templum:
2248 1054 2352 1091 non
2406 1036 2517 1105 jam
2564 1038 2681 1103 σὺν,
2727 1037 2811 1092 vel
2860 1038 3021 1108 μετὰ.
3054 1039 3107 1093 id
3138 1050 3221 1093 est
3249 1057 3388 1107 cum,

1814 1144 1979 1181 unum
2021 1130 2275 1197 quiddam
2302 1130 2592 1199 signiﬁcat.
2635 1127 2752 1183 Non
2790 1131 2935 1184 enim
2972 1130 3210 1185 Joannes
3237 1148 3391 1186 com-

1815 1222 2020 1289 positus
2054 1232 2135 1274 est
2160 1236 2279 1275 cum
2312 1220 2489 1286 Petro,
2524 1221 2618 1276 sed
2657 1237 2830 1291 neque
2853 1222 2919 1276 ad
2968 1224 3128 1279 Unius
3157 1224 3394 1278 hominis

1814 1312 2260 1365 constitutionem
2286 1313 2447 1366 ambo
2482 1313 2833 1367 conveniunt.
2874 1313 2983 1368 Cur
3018 1329 3149 1383 ergo
3178 1315 3391 1369 veritati

1816 1404 2065 1467 illudunt,
2106 1405 2408 1459 dividentes
2459 1405 2708 1474 imperite
2754 1421 2918 1460 unum
2960 1406 3011 1460 in
3061 1407 3198 1460 duos
3238 1406 3395 1461 Chri-

1816 1495 1971 1550 stos?
2002 1494 2058 1549 Si
2092 1506 2270 1549 autem
2313 1506 2525 1565 putant,
2574 1497 2717 1566 quod
2764 1498 2996 1553 dicendo
3037 1498 3231 1551 Filium
3268 1513 3392 1553 cum

1816 1589 2035 1654 proprio
2068 1602 2296 1656 corpore
2320 1588 2605 1641 considere
2637 1587 2809 1652 Patri,
2846 1590 2980 1644 duos
3014 1590 3397 1659 intelligendos

1820 1678 1984 1733 Filios
2077 1682 2573 1747 concesserimus;
2630 1680 2926 1748 inquirant,
2997 1697 3067 1735 an
3127 1682 3395 1747 dicamus,

1819 1787 1983 1825 unum
2012 1768 2206 1824 Filiqu
2243 1773 2399 1825 unica
2434 1772 2767 1827 considentia
2819 1774 3141 1829 honoratum
3172 1789 3315 1837 esse,
3342 1784 3397 1830 et

112 1866 255 1926 Υἱὸν,
294 1867 401 1935 μιᾷ
431 1864 776 1933 συνεδρεύσει
802 1864 1128 1934 τετιμῆσθαι
1156 1882 1354 1935 φαμεν,
1382 1864 1477 1917 καὶ
1502 1865 1563 1916 ού
1588 1863 1708 1917 δυσὶ

1819 1880 1922 1918 non
1954 1863 2185 1925 duabus,
2232 1866 2304 1919 ita
2335 1875 2392 1918 ut
2432 1880 2536 1917 una
2571 1875 2624 1919 et
2666 1867 2919 1934 privatim
2952 1866 3153 1919 tributa
3175 1865 3246 1920 sit
3275 1880 3397 1919 cor-

109 1958 354 2022 μάλλον·
387 1958 466 2019 ὼς
519 1957 647 2027 μίαν
692 1957 791 2027 μὲν
835 1958 929 2011 καὶ
964 1957 1136 2028 ἰδικὴν
1187 1956 1587 2027 έκνενεμῆσθαι
1634 1955 1712 2025 τῷ

106 2050 350 2117 σώματι,
394 2050 591 2119 ἑτέραν
626 2050 683 2102 δὲ
724 2049 887 2102 πάλιν
922 2052 1015 2102 καὶ
1049 2050 1219 2119 ιδικὴν
1250 2050 1326 2119 τῷ
1359 2050 1536 2120 Λόγῳ.
1572 2049 1711 2100 Ἀλλ’

102 2141 201 2192 οὐκ
250 2141 323 2193 ἂν
365 2140 545 2209 ἔχοιεν
591 2140 857 2207 ἐπιδεῖξαι
898 2142 1088 2193 τοῦτο·
1124 2142 1241 2202 πῶς
1274 2142 1403 2211 γὰρ,
1443 2142 1477 2212 ἢ
1515 2140 1711 2205 πόθεν;

106 2233 245 2286 Ἕνα
273 2234 392 2305 γὰρ
437 2234 568 2286 ὅντα
605 2234 732 2286 Υἱὸν
766 2233 903 2303 μετὰ
935 2234 1034 2302 τῆς
1071 2234 1207 2294 ιδίας
1237 2234 1437 2303 σαρκὸς
1470 2232 1561 2286 τὸν
1586 2232 1713 2285 Υίὸν

104 2323 235 2376 Θεὸν
267 2343 331 2378 τε
366 2324 507 2395 ὁμοῦ
532 2327 625 2379 καὶ
652 2326 939 2397 ἄνθρωπον
967 2325 1059 2378 τὸν
1092 2326 1278 2386 αὐτὸν,
1307 2327 1404 2397 μιᾷ
1433 2325 1713 2395 συνεδρεύ-

108 2430 184 2465 se:
212 2419 284 2485 τῇ
320 2416 465 2484 πρὸς
494 2416 584 2467 τὸν
616 2417 836 2485 Πατέρα
864 2416 1187 2486 διαπρέπειν
1217 2417 1674 2487 δια6ε6αιούμεθα
1696 2433 1711 2447 '

106 2506 160 2556 τό
192 2524 260 2573 γε
302 2507 419 2576 μὴν
465 2508 1009 2576 συμπροσκυνεῖσθαι
1042 2508 1221 2575 λέγειν
1252 2508 1541 2580 ἄνθρωπον
1571 2508 1708 2578 Θεῷ,

106 2601 195 2651 καὶ
223 2600 710 2670 συγχρηματίζειν
742 2601 895 2666 Θεὸν,
918 2601 1009 2653 δύο
1036 2617 1140 2653 που
1183 2600 1399 2663 πάντως
1432 2602 1716 2671 ὁμολογεῖν

107 2693 220 2743 ἐστι
249 2694 386 2754 τοὺς
413 2693 947 2763 προσκυνουμένους,
972 2692 1004 2762 ἢ
1036 2692 1124 2744 καὶ
1153 2701 1174 2728 ι
1196 2691 1442 2761 ἀλλήλοις
1480 2708 1715 2761 συγχρη-

109 2782 472 2849 ματίζοντας.
514 2782 733 2854 Εὑήθης
774 2783 829 2836 δὲ
860 2782 1000 2847 λὶαν,
1050 2783 1145 2835 καὶ
1185 2782 1291 2834 τῶν
1325 2784 1404 2844 εἰς
1448 2780 1714 2850 ὀρθότητα

106 2878 198 2927 καὶ
248 2874 524 2944 ἀλήθειαν
558 2873 779 2928 ἐννοιῶν
811 2874 1091 2945 ἀλλότριος
1131 2872 1407 2935 παντελῶς
1435 2874 1463 2924 ὁ
1508 2870 1713 2923 τοιόσδε

106 2967 285 3032 λόγος.
333 2967 538 3034 Γέγονε
578 2968 758 3019 τοίνυν
792 2967 1235 3036 άναθεματισμὸς
1283 2964 1424 3018 κατὰ
1457 2962 1565 3015 τῶν
1599 2962 1709 3015 ὀλοο

107 3059 328 3127 τρόπως
371 3057 722 3129 διοριζόντων
767 3058 856 3111 τὸν
904 3056 1254 3127 Ἐμμανουήλ
1301 3058 1378 3117 εἰς
1427 3055 1713 3125 ἄνθρωπον

111 3150 321 3214 ἰδικῶς,
359 3152 459 3203 καὶ
489 3151 621 3204 Θεὸν
652 3151 826 3219 Λόγον
858 3150 1072 3213 ἰδικῶς·
1105 3150 1202 3202 ἕνα
1232 3148 1340 3220 γάρ
1380 3150 1513 3218 ἡμῖν
1548 3147 1711 3199 αὑτὸν

106 3244 131 3294 ὁ
155 3243 266 3295 τῶν
292 3243 585 3313 θεηγόρων
610 3243 845 3313 ἐκήρυξε
878 3243 1054 3310 λόγος,
1083 3242 1178 3295 καὶ¹
1204 3240 1311 3294 τῶν
1339 3240 1499 3311 ἱερῶν
1525 3240 1708 3311 Γραμ-

114 3336 301 3401 μάτων
334 3336 372 3404 ἡ
403 3333 795 3404 άκιόδήλευτος
825 3333 1046 3401 γνῶσις.

562 3444 1157 3498 ΑΝΑΘΕΜΑΤΙΣΜΟΣ
1197 3444 1273 3498 Θ’.

176 3562 247 3615 Et
281 3561 369 3624 τῖς
407 3576 545 3629 φησι
588 3560 680 3612 τὸν
719 3560 813 3612 ἕνα
852 3562 1057 3631 Κύριον
1092 3560 1301 3631 Ἰησοῦν
1353 3561 1589 3631 Χριστὸν
1622 3562 1710 3614 δο-

108 3653 427 3718 ξάζεσθαιι
463 3652 617 3723 παρὰ
660 3652 755 3705 τοῦ
804 3652 1154 3722 Πνεύματος,
1200 3653 1275 3716 ὡς
1319 3653 1577 3725 ἀλλοτρία
1621 3655 1711 3706 δν·

109 3748 273 3815 νάμει
300 3748 375 3815 τῇ
408 3746 520 3814 ἰδίᾳ
548 3744 713 3796 αὐτοῦ
738 3744 765 3783 ι’
794 3742 1095 3813 χρώμενον,
1133 3747 1227 3797 καί
1259 3744 1390 3814 παρ’
1419 3745 1583 3798 αὑτοῦ
1615 3746 1711 3798 λα-

108 3839 272 3890 ϐόντα
289 3838 355 3890 τὺ
382 3838 633 3906 ἐνεργεῖν
659 3834 917 3888 δύνασθαι
945 3836 1085 3887 κατὰ
1114 3837 1442 3905 πνευμάτων
1462 3836 1710 3906 ἀκαθάρ-

108 3947 235 3993 των,
256 3930 358 3983 καὶ
392 3929 456 3981 τὸ
489 3927 733 4000 πληροῦν
762 3930 839 3991 εἰς
864 3927 1183 3998 ἀνθρώπους
1214 3928 1313 3991 τὰς
1348 3928 1674 3998 θεοσημείας
1695 3947 1707 3959 ’

110 4024 201 4076 καὶ
230 4024 358 4093 οὐχὶ
392 4022 458 4093 δὴ
497 4022 701 4092 μᾶλλον
742 4020 871 4073 ἴδιον
910 4020 1074 4073 αὐτοῦ
1103 4022 1164 4073 τὸ
1197 4021 1422 4090 Πνεῦμά
1456 4038 1610 4092 φησι,
1643 4022 1709 4073 δι’

109 4108 167 4168 οὗ
194 4117 292 4169 καὶ
334 4116 617 4185 ἐνήργησε
648 4113 747 4175 τὰς
780 4112 1132 4181 θεοσημείας·
1165 4112 1416 4182 ἀνάθεμα
1441 4112 1601 4165 ἔστω.

430 4314 802 4382 Ἀντίρῤησις
834 4310 955 4366 τῶν
996 4310 1407 4366 Ἀνατολικῶν.

179 4426 351 4493 Αὖθις
406 4428 576 4481 καλὸν
605 4428 675 4481 τὰ
720 4427 887 4480 πάλαι
927 4427 1078 4497 αύτῷ
1125 4428 1395 4497 εἰρημένα
1429 4428 1509 4490 εἰς
1546 4426 1709 4496 μέσον

1817 1958 1959 2027 pori,
1985 1958 2154 2011 altera
2176 1974 2304 2012 vero
2331 1972 2543 2011 rursum
2578 1966 2633 2011 et
2667 1958 2918 2026 privatim
2971 1958 3167 2013 Verbo.
3197 1956 3395 2012 Verum

1822 2048 1926 2102 hoc
1973 2063 2080 2101 non
2117 2058 2374 2117 poterunt
2415 2048 2723 2103 ostendere.
2777 2048 3059 2115 Quomodo
3105 2049 3273 2113 enim,
3315 2048 3399 2103 vel

1818 2138 2007 2193 unde?
2038 2137 2172 2193 Nam
2203 2155 2367 2192 unum
2401 2148 2455 2192 et
2475 2139 2724 2192 eumdem
2758 2139 2926 2193 Deum
2960 2139 3191 2192 simulet
3219 2139 3399 2192 homi-

1820 2244 1941 2283 nem
1997 2245 2098 2282 una
2137 2231 2475 2284 considentia
2512 2231 2654 2299 apud
2697 2229 2911 2283 Patrem
2946 2231 3221 2285 honestari
3255 2230 3399 2283 aﬂir-

1819 2336 2049 2375 mamus.
2095 2319 2369 2375 Czeterutn
2445 2322 2627 2374 dicere
2666 2321 2940 2375 hominem
2999 2322 3212 2375 adorari
3275 2338 3397 2375 cum

1817 2414 1951 2478 Deo,
1985 2424 2039 2469 et
2086 2414 2411 2483 coappellari
2480 2414 2674 2481 Deum,
2748 2416 2970 2469 omnino
3024 2426 3106 2469 est
3151 2415 3397 2471 conﬁteri

1820 2510 1953 2561 duos
1981 2506 2305 2571 adorandos,
2357 2505 2438 2561 vel
2480 2508 2645 2560 etiam
2682 2507 2825 2560 inter
2876 2522 2935 2561 se
2960 2507 3393 2577 coappellandos.

1818 2600 1981 2666 Atqui
2031 2598 2184 2652 valde
2222 2598 2423 2664 fatuus,
2465 2610 2519 2652 et
2562 2614 2590 2651 a
2634 2600 2799 2653 rectis
2835 2606 2891 2653 et
2924 2599 3069 2653 veris
3114 2600 3401 2669 cogitatio-

1820 2689 1977 2743 nibus
2013 2691 2236 2743 omnino
2289 2690 2501 2744 alienus
2545 2699 2628 2743 est
2671 2688 2939 2758 ejusmodi
2986 2705 3187 2744 sermo.
3234 2691 3401 2760 Igitur

1820 2778 1995 2833 factus
2040 2789 2122 2833 est
2158 2779 2649 2833 anathematismus
2698 2788 2889 2833 contra
2925 2792 3039 2843 eos,
3074 2778 3165 2847 qui
3222 2779 3399 2833 modis

1817 2871 2071 2925 omnibus
2123 2872 2371 2924 dividunt
2418 2871 2822 2926 Emmanuelem
2860 2873 2909 2925 in
2944 2871 3217 2926 hominem
3248 2887 3400 2925 seor-

1818 2964 1944 3029 sim,
1986 2972 2039 3017 et
2080 2963 2267 3016 Deum.
2310 2961 2475 3016 Nobis
2517 2964 2660 3016 enim
2713 2979 2878 3016 unum
2932 2964 3105 3033 ipsum
3148 2965 3396 3016 eumdem

1822 3055 2193 3125 theologorum
2227 3069 2407 3107 sermo
2442 3055 2776 3122 praedicavit,
2822 3070 3211 3126 sacrarumque
3250 3054 3401 3109 Scri-

1818 3158 2098 3218 pturarum
2131 3145 2493 3201 inadulterata
2528 3147 2783 3217 cognitio.

2122 3440 2278 3511 181
2315 3436 2964 3493 ANATHEMATISMUS
2996 3436 3087 3493 ΙΧ.

1889 3554 1946 3611 Si
1988 3553 2111 3622 quis
2140 3569 2307 3607 unum
2332 3550 2623 3604 Dominum
2660 3550 2842 3604 Jesum
2890 3550 3169 3604 Christum
3199 3566 3225 3602 a
3270 3551 3397 3619 Spi-

1813 3648 1921 3704 ritu
1959 3646 2315 3703 clarillcatum
2339 3643 2559 3707 dixerit,
2587 3642 2805 3712 propria
2848 3642 3049 3696 virtute
3090 3644 3256 3713 ipsius
3280 3654 3399 3698 tan-

1815 3753 1979 3807 quam
2044 3737 2218 3790 aliena
2278 3743 2568 3798 utentem;
2618 3746 2682 3785 ac
2730 3730 2838 3785 vim
2896 3741 2950 3786 et
2996 3730 3289 3786 etlicaciam
3330 3732 3398 3786 ab

1815 3830 2004 3884 eodem
2044 3827 2339 3895 accepisse,
2388 3825 2515 3892 quia
2566 3834 2759 3876 contra
2809 3823 3116 3878 immundos
3168 3827 3397 3893 spiritus

1815 3928 2158 3990 operaretur,
2206 3926 2261 3971 et
2309 3917 2489 3969 divina
2545 3916 2687 3969 inter
2724 3913 2973 3968 homines
3008 3915 3267 3969 miracula
3305 3931 3399 3984 pa-

1817 4018 2004 4070 traret.
2054 4022 2116 4061 ac
2148 4021 2255 4060 non
2296 4006 2477 4073 potius
2524 4003 2702 4072 ipsum
2764 4002 3045 4072 Spiritum,
3092 4018 3189 4074 per
3233 4020 3396 4074 quem

1814 4102 1994 4157 divina
2023 4100 2175 4166 signa
2200 4097 2387 4160 edidit,
2436 4094 2581 4148 illius
2630 4093 2909 4163 proprium
2944 4108 3067 4147 esse
3112 4092 3398 4149 confessus

1814 4192 1976 4247 fuerit
2000 4209 2013 4257 ;
2034 4190 2322 4244 anathema
2354 4187 2443 4240 sit.

2268 4300 2623 4354 Orientalium
2660 4298 2939 4367 opposilt’o.

1887 4417 2085 4469 lterum
2118 4426 2298 4481 operae
2327 4410 2555 4479 pretium
2592 4407 2754 4461 fuerit
2780 4422 2865 4475 ea,
2907 4422 3027 4476 qua
3055 4408 3183 4461 olim
3214 4408 3281 4461 ab
3304 4409 3397 4464 illo

112 4526 368 4593 ἀγαγεῖν,
407 4524 506 4577 καὶ
542 4522 671 4585 ἴσως
714 4522 1140 4592 ἐπιλελησμένον
1194 4521 1287 4573 τοῦ
1314 4532 1335 4560 ο
1370 4521 1536 4575 αὑτοῦ
1574 4522 1707 4573 ὑπο-

1816 4507 1956 4561 dicta
1988 4512 2135 4569 sunt,
2160 4504 2213 4556 in
2284 4500 2520 4555 medium
2558 4500 2849 4562 adducere,
2897 4512 2951 4552 et
2984 4514 3203 4552 suorum
3229 4500 3397 4553 dicto-

116 4589 322 4689 μνῆσαι
374 4615 544 4669 αὐτόν
565 4630 579 4645 ’
614 4616 674 4669 οὐ
706 4615 815 4685 γὰρ
850 4589 1009 4685 μόνον
1036 4614 1127 4667 τὸν
1158 4614 1366 4683 Κύριον
1397 4613 1465 4666 τὰ
1509 4617 1710 4683 σημεῖα

1820 4616 1935 4653 rum
1971 4598 2220 4652 fortassis
2246 4594 2473 4648 oblitum
2514 4593 2829 4645 admonere.
2890 4589 3007 4644 Non
3040 4592 3184 4644 enim
3223 4591 3395 4644 solum

114 4713 166 4761 ὲν
204 4710 500 4777 Πνεύματι
546 4709 721 4763 ποιεῖν
764 4707 1103 4775 ἀπεφήνατο,
1146 4705 1281 4757 ἀλλὰ
1324 4705 1389 4774 δὴ
1424 4704 1515 4756 καὶ
1551 4705 1712 4756 αὐτὸν

111 4801 199 4853 τὸν
223 4799 479 4853 τεθνῶτα
502 4797 529 4837 ἀ
560 4797 959 4867 ζωποιηθῆναι
1003 4795 1303 4865 Πνεύματι,
1342 4797 1399 4847 ὲν
1436 4788 1522 4872 οἷς.
1547 4811 1712 4863 φησιν

114 4894 167 4944 ὲν
200 4893 276 4962 τῷ
308 4890 524 4961 πρώτῳ
553 4889 732 4960 τόμῳ*
768 4890 831 4942 Et
860 4888 1036 4941 τοίνυν
1066 4887 1127 4940 ού
1163 4886 1397 4940 πέπονθε
1428 4885 1489 4938 τὸ
1523 4885 1713 4938 τεθνά-

116 5000 196 5037 ναι
232 4983 523 5055 σαρκικῶς
568 4982 708 5035 κατά
744 4983 843 5045 τὰς
891 4981 1150 5050 Γραφὰς,
1198 4978 1319 5031 οὐδὲ
1366 4978 1708 5047 ὲζωοποιήθη

120 5072 423 5142 Πνεύματι.
473 5070 707 5123 Σκοπεῖν
747 5070 804 5123 δὲ
844 5070 923 5122 δεῖ
955 5069 1053 5138 τὴν
1097 5066 1289 5120 ἑαυτοῦ
1344 5067 1480 5138 πρὸς
1515 5067 1706 5119 ἑαυτὸν

119 5165 497 5235 ἐναντιότητα,
524 5164 582 5217 ὲν
616 5164 713 5233 μὲν
740 5166 851 5226 τοῖς
881 5160 1350 5232 άναθεματισμοῖς
1382 5158 1547 5211 αὑτοῦ
1605 5159 1706 5210 άπ-

120 5257 524 5326 ιιγορεύσαντος
552 5256 643 5307 τὸν
670 5256 875 5325 Κύριον
893 5255 951 5306 ὲν
982 5249 1413 5323 ΠνεύματιΘεοῦ
1446 5250 1707 5319 δαίμονας

121 5348 426 5409 ἐκϐάλλειν,
468 5350 564 5400 καὶ
596 5348 664 5401 τὰ
709 5347 845 5403 ἀλλα
900 5348 1105 5417 σημεῖα
1145 5345 1344 5407 ποιεῖν,
1389 5344 1481 5396 καὶ
1514 5342 1613 5412 τὴν
1650 5344 1707 5393 ὲν

120 5441 223 5501 τοῖς
254 5438 616 5507 Εύαγγελίοις
644 5437 907 5509 κειμένην
936 5437 1212 5508 ἔγγραφον
1243 5433 1336 5486 τοῦ
1365 5433 1569 5503 Κυρίου
1598 5450 1708 5501 φω-

1818 4692 2108 4745 Dominum
2144 4689 2295 4758 signa
2321 4687 2370 4740 in
2394 4686 2597 4754 Spiritu
2642 4683 2833 4736 fecisse
2872 4682 3396 4751 pronuntiavit;sed

1816 4786 1979 4839 etiam
2012 4784 2188 4854 ipsum
2225 4788 2495 4833 mortuum
2524 4775 2855 4828 viviﬁcatnm
2881 4788 3002 4827 esse
3028 4771 3233 4841 Spiritu
3264 4775 3398 4827 dixit

1816 4879 1989 4949 primo
2023 4886 2189 4939 tomo,
2230 4872 2314 4926 his
2356 4869 2570 4923 verbis:
2595 4866 2765 4935 Igitur
2802 4864 2846 4918 si
2878 4880 2980 4918 non
3014 4865 3234 4934 pertulit
3261 4866 3395 4919 mori

1816 4969 2109 5027 carnaliter
2170 4964 2465 5019 secundum
2516 4959 2853 5028 Scripturas,
2906 4972 3010 5010 non
3060 4958 3187 5011 item
3224 4958 3396 5011 viviti-

1816 5072 1969 5116 catus
1998 5069 2081 5112 est
2117 5055 2345 5124 Spiritu.
2376 5052 2474 5105 Hic
2500 5050 2687 5103 videre
2733 5048 2883 5111 licet,
2925 5058 3183 5116 quantum
3213 5062 3394 5101 secum

1818 5155 1932 5223 ipse
1994 5158 2217 5219 pugnet,
2253 5161 2375 5199 cum
2410 5145 2462 5195 in
2500 5139 2972 5194 anathematismis
3027 5138 3257 5207 negarit,
3293 5138 3395 5192 Do-

1818 5247 2021 5297 minum
2076 5243 2128 5294 in
2171 5239 2375 5307 Spiritu
2432 5237 2705 5288 tlzemones
2757 5232 2974 5298 ejicere,
3022 5240 3075 5285 et
3107 5231 3208 5283 alia
3244 5234 3393 5301 signa

1818 5336 2016 5395 facere,
2060 5344 2117 5386 et
2179 5330 2437 5399 scriptam
2493 5327 2547 5379 in
2590 5324 2897 5393 Evangeliis
2942 5337 3128 5375 vocem
3185 5321 3395 5376 Domini

1817 5426 2135 5497 exploserit,
2184 5421 2446 5478 dicentis:
2483 5439 2498 5469 ι
2536 5418 2589 5472 Si
2624 5428 2803 5470 autem
2837 5417 2886 5469 in
2929 5414 3134 5484 Spiritu
3169 5413 3260 5468 Dei
3295 5430 3395 5484 ego

1208 5612 1379 5667 Varia:
1410 5610 1673 5665 lectiones
1713 5623 1776 5661 ex
1808 5606 1993 5661 codice
2030 5600 2407 5673 Seguieriano.

142 5798 149 5812 ’
184 5777 265 5831 ῖσ.
301 5776 457 5847 παρά
481 5792 594 5827 του.
678 5782 703 5820 γ
737 5770 1002 5840 σοφίζετε.

1105 5779 1125 5805 ²
1164 5785 1359 5839 προσκ.
1406 5766 1497 5819 καί
1600 5777 1622 5805 ι
1660 5760 1989 5828 δεδοξάσθαι.
2069 5759 2096 5799 ι)
2129 5757 2195 5809 δι’
2230 5756 2414 5811 αὐτοῦ.
2494 5766 2513 5793 ε
2550 5756 2633 5807 ἶσ.
2669 5768 2796 5806 των.
2840 5748 2864 5788 δ
2896 5749 3058 5804 αὐτὸν
3096 5746 3389 5802 τεθνεῶτα.
