4042 6434
642 350 749 411 355
1664 345 1721 403 S.
1760 344 2035 402 CYRlLLl
2073 339 2543 401 ALEXANDRINI
2583 336 2903 395 ARClllEP.
3785 334 3896 392 356

640 470 804 538 ejicio
868 464 1132 520 daemonia
1158 463 1223 518 ’⁸.
1274 481 1293 515 ι
1344 462 1413 517 At
1466 476 1563 519 nos
1615 463 1902 519 Dominum
1966 472 2209 519 nostrum

2336 462 2412 532 rip;
2440 457 2779 520 ἀθετοῦντος,
2810 453 3059 517 εἰπόντος
3080 467 3095 482 ⁸
3131 470 3150 505 ι
3179 452 3242 506 Εἰ
3276 451 3333 507 δὲ
3362 452 3418 506 ἐν
3452 450 3726 523 Πνεὺματι
3758 453 3900 507 θεοῦ

642 560 826 615 Jesum
863 556 1140 612 Christum
1179 563 1236 608 et
1283 568 1379 609 sua
1430 555 1631 608 virtute
1677 562 1730 608 et
1761 552 1996 624 Spiritus
2023 567 2216 623 opera-

2336 551 2432 622 ιγὼ
2474 550 2816 604 ἐκϐάλλω.τά
2854 547 3126 619 δαιμόνια.
3154 566 3172 599 ι
3211 547 3353 600 Ἀλλ’
3378 549 3541 618 ἡμεῖς
3568 547 3659 600 τὸν
3694 550 3907 618 Κύριον

647 652 790 707 tione
830 648 1127 720 perfecisse
1179 647 1331 716 signa
1362 645 1712 700 confitemur.
1744 646 1862 700 Non
1884 647 2026 702 enim
2061 646 2215 715 quasi

2336 645 2478 717 ἡμῶν
2510 643 2718 715 Ἰησοῦν
2750 642 2841 697 τὸν
2879 642 3133 714 Χριστὸν,
3180 640 3274 695 καὶ
3303 642 3370 711 τῇ
3416 640 3595 712 οἰκείᾳ
3635 640 3903 711 δυνάμει,

645 749 830 796 careat
873 738 1089 809 pr0pria
1122 738 1345 801 virtute,
1403 738 1475 791 nti
1522 737 1751 791 dicimtts
1794 739 1994 793 virtute
2046 737 2220 807 Spiri-

2336 738 2416 791 ιιαί.
2443 739 2508 807 τῇ
2539 734 2632 789 τοῦ
2659 733 2973 803 Πνεύματος
2995 731 3245 804 ἐνεργείᾳ
3265 732 3578 785 ἐπιτελέσαι
3600 730 3670 784 τὰ
3698 734 3910 801 σημεῖα

648 842 735 886 tus
777 831 971 885 sancti.
1031 828 1146 884 Non
1184 838 1360 882 autem
1417 828 1678 897 Spiritum
1752 838 1997 884 sanctum
2059 828 2219 884 simul

2336 826 2693 898 5μολογοῦμεν
2716 842 2730 858 ο
2766 826 2828 878 οὐ
2880 824 2989 895 γὰρ
3029 825 3103 887 ὡς
3149 824 3249 877 οὐκ
3282 822 3473 893 ἔχοντα
3505 823 3602 894 τὴν
3639 824 3777 876 ἰδίαν
3809 822 3909 875 δύ-

647 923 839 977 adesse
873 922 1075 985 dicere,
1118 935 1303 975 eorum
1353 929 1439 975 est
1478 920 1734 985 arbitror,
1766 922 1857 990 qui
1908 919 2221 990 Scripturas

2336 916 2754 989 ναμιν,χρ’ἠσθαι
2773 918 2839 987 τῇ
2866 915 3091 984 δυνάμει
3115 913 3208 967 τοῦ
3246 914 3422 983 ἁγίου,
3442 913 3758 983 Πνεὺματος
3776 930 3789 943 ·
3829 914 3911 983 μὴ

651 1023 870 1068 sanctas
924 1018 1141 1081 negant.
1200 1011 1333 1065 Nam
1388 1013 1635 1080 quamvis
1692 1012 1888 1067 alicubi
1938 1012 2222 1082 Scriptura

2336 1010 2565 1062 συνεῖναι
2595 1007 2653 1060 δὲ
2680 1007 2742 1060 τὸ
2780 1005 3005 1075 Πνεῦμα
3033 1005 3094 1058 τὸ
3128 1004 3305 1074 ἅγιον,
3331 1005 3683 1075 ἀρνουμένων
3724 1006 3908 1066 ἐστὶν,

646 1109 815 1170 dicat,
856 1105 1072 1160 Patrem
1114 1105 1376 1175 perficere
1421 1119 1582 1173 opera
1630 1105 2038 1170 miraculorum,
2096 1104 2220 1158 dum

649 1198 779 1251 dicit
812 1214 825 1251 :
865 1215 883 1247 (
914 1195 1075 1249 Pater
1115 1195 1206 1265 qui
1252 1206 1433 1250 manet
1461 1196 1513 1249 in
1548 1210 1654 1257 me,
1690 1196 1805 1264 ipse
1874 1196 2005 1250 facit
2055 1210 2220 1266 opera

647 1304 767 1357 qua;
784 1302 883 1357 ego
917 1287 1157 1351 facio”;
1199 1306 1217 1339 ι
1258 1286 1427 1340 Filius
1485 1296 1662 1342 tamen
1701 1289 1898 1355 estqui
1935 1287 2065 1341 facit
2106 1304 2224 1342 om-

650 1381 737 1434 nia
773 1393 937 1447 opera
989 1376 1290 1432 Patriszet
1340 1379 1469 1432 licet
1492 1393 1656 1445 opera
1704 1377 1823 1431 Filii
1868 1378 2105 1446 Spiritus
2139 1380 2224 1432 di-

650 1478 806 1522 etttnr
839 1468 1034 1531 facere,
1068 1467 1194 1520 dum
1216 1467 1390 1520 dicit:
1432 1483 1450 1515 ι
1495 1466 1551 1518 Si
1585 1475 1761 1519 autem
1808 1482 1905 1535 ego
1932 1466 1983 1518 in
2022 1466 2224 1533 Spiritu

2323 1100 2399 1163 ὡς
2438 1095 2614 1170 οἶμαι,
2642 1100 2741 1162 τάς
2789 1097 2941 1161 θείας
2969 1098 3212 1168 Γραφάς.
3256 1096 3376 1149 Κᾶν
3426 1096 3535 1167 γάρ
3577 1098 3741 1165 πουή
3783 1095 3913 1149 θεία

2326 1192 2518 1264 Γραφὴ
2547 1191 2700 1262 λέγῃ,
2719 1190 2811 1243 τὸν
2846 1190 3064 1260 Πατέρα
3095 1187 3361 1242 ἐπιτελεῖν
3392 1188 3461 1240 τὰ
3478 1187 3613 1258 ἔργα
3639 1186 3745 1240 τῶν
3774 1187 3915 1240 θαυ-

2330 1280 2535 1351 μάτων,
2570 1280 2639 1333 δι’
2674 1273 2749 1332 ὧν
2784 1294 2977 1347 φησιν·
3018 1298 3035 1328 ι
3076 1279 3134 1331 '0
3169 1278 3357 1348 Πατὴρ
3385 1280 3413 1330 6
3450 1277 3625 1347 μένων
3656 1279 3712 1329 ὲν
3756 1279 3912 1347 ἐμοὶ,

2328 1371 2490 1435 αὐτὸς
2522 1372 2663 1423 ποιεῖ
2694 1369 2761 1423 τὰ
2786 1369 2953 1439 ἔργα,
2986 1368 3021 1422 ἃ.
3049 1368 3159 1436 ἐγὼ
3204 1368 3343 1420 ποιῶ
3374 1385 3385 1396 ·
3419 1386 3438 1419 ι
3474 1370 3502 1421 ὁ
3533 1367 3658 1429 Υἱός
3691 1370 3842 1420 ἐστιν
3886 1370 3917 1420 ὁ

2329 1464 2499 1517 ποιῶν
2542 1464 2717 1516 πάντα
2747 1462 2814 1515 τά
2847 1461 2983 1531 ἔργα
3016 1461 3109 1513 τοῦ
3146 1462 3355 1532 Πατρός
3375 1478 3386 1490 ·
3417 1461 3521 1514 κᾶν
3553 1462 3622 1515 τὰ
3648 1460 3743 1513 τοῦ
3779 1460 3917 1513 Υἱοῦ

650 1550 745 1613 Dei
784 1558 943 1626 ejicio
960 1556 1222 1611 daemonia
1259 1558 1308 1623 ¹;
1340 1575 1357 1607 ι
1394 1556 1654 1610 Dominus
1676 1566 1852 1609 tamen
1882 1557 2066 1625 estqui
2098 1556 2228 1610 facit

2336 1555 2388 1609 :6
2418 1554 2638 1625 Πνεῦμα
2668 1553 2801 1623 λέγῃ
2837 1555 3029 1617 ποιεῖν,
3060 1552 3127 1605 δι’
3156 1546 3230 1605 ὧν
3268 1569 3432 1621 φησιν
3457 1569 3471 1583 °
3499 1571 3516 1601 ι
3550 1551 3612 1604 Εἰ
3643 1552 3699 1604 δὲ
3724 1551 3836 1620 ἐγὼ
3855 1555 3919 1603 ὲν

654 1646 708 1703 in
744 1647 973 1715 Spiritu.
1023 1645 1142 1699 Non
1178 1645 1325 1700 enim
1356 1645 1622 1699 alienatus
1668 1654 1746 1698 est
1785 1644 1947 1700 Filius
1978 1663 2004 1697 ιι
2043 1644 2222 1709 Patre,

2336 1646 2607 1716 Πνεύματι
2661 1645 2797 1698 Θεοῦ
2852 1644 3096 1697 ἐκϐάλλω
3142 1645 3211 1698 τά
3262 1644 3547 1714 δαιμόνια’
3580 1662 3599 1694 ι
3634 1646 3662 1697 6
3706 1644 3922 1715 Κύριός

656 1738 739 1792 vel
778 1737 1228 1806 Spiritu;neque
1259 1746 1508 1805 separata
1561 1746 1615 1791 et
1671 1739 1899 1791 seorsitn
1958 1737 2224 1806 disjttncla

2336 1742 2477 1793 ἐστιν
2505 1741 2533 1792 ό
2562 1738 2727 1791 ποιῶν
2780 1739 2837 1792 ὲν
2876 1737 3170 1806 Πνεύματι.
3218 1736 3352 1789 Οὐδὲ
3411 1737 3520 1807 γὰρ
3551 1736 3923 1807 ἠλλοτρίωται

652 1842 779 1888 sunt
817 1804 1101 1887 Trinitatis
1139 1804 1353 1900 opera:
1387 1833 1481 1887 sed
1544 1833 1761 1902 propria
1822 1804 2107 1885 Trinitatis
2148 1843 2228 1885 est

2336 1832 2359 1883 6
2389 1831 2510 1893 Υἱὸς
2536 1829 2629 1882 τοῦ
2660 1829 2894 1900 Πατρός,
2919 1831 2951 1900 ἢ
2983 1804 3078 1882 τοῦ
3114 1828 3251 1881 Πνεύ
3262 1845 3428 1898 ματος
3449 1845 3461 1858 ·
3491 1804 3616 1880 οὐδὲ
3673 1804 3922 1898 κεχωρι-

656 1926 1078 1996 uniuscujusque
1099 1925 1483 1989 subsistentiae,
1504 1940 1624 1994 quae
1653 1926 1703 1978 in
1729 1924 2005 1992 Scriptura
2030 1925 2228 1978 dicitur

2336 1924 2529 1993 σμέναι
2559 1923 2653 1975 καὶ
2688 1919 2984 1985 ίδιάζουσαί
3007 1937 3107 1972 που
3135 1921 3191 1972 αἰ
3215 1919 3316 1989 τῆς
3350 1918 3580 1988 Τριάδος
3612 1917 3923 1989 ἐνέργειαι,

653 2018 898 2086 operatio
934 2034 947 2071 :
996 2017 1153 2086 182
1210 2027 1271 2070 ut
1299 2016 1580 2086 Scriptura
1614 2017 1745 2071 dicit
1788 2017 2081 2085 aliquando
2111 2032 2228 2070 om-

2336 2017 2447 2071 ἀλλ’
2474 2018 2649 2069 οἰκεία
2681 2016 2779 2086 τῆς
2808 2017 3038 2086 Τριάδος
3065 2017 3096 2086 ἡ
3125 2016 3362 2087 ἑκάστης
3388 2014 3739 2078 ὑποστάσεως
3765 2015 3824 2068 ὲν
3850 2018 3928 2087 τῇ

654 2125 775 2163 nem
806 2119 1117 2164 creaturam
1142 2108 1265 2162 Filii
1293 2124 1448 2177 opus,
1470 2108 1660 2163 dicens
1689 2127 1702 2162 :
1743 2129 1761 2160 ι
1808 2110 1982 2164 Verbo
2019 2110 2228 2165 Domini

2336 2110 2521 2181 Γραφῇ
2558 2107 2827 2178 λεγομένη
2870 2108 3157 2178 ἐνέργειαν
3190 2108 3377 2175 ὥσπερ
3404 2120 3428 2147 θ
3462 2109 3557 2161 καὶ
3592 2109 3778 2160 πᾶσαν
3812 2108 3927 2177 τὴν

665 2201 788 2255 (τωΙί
814 2200 1014 2254 firmati
1046 2210 1206 2267 sunt;
1241 2219 1261 2252 ι
1286 2200 1575 2269 aliquando
1608 2210 1784 2256 autem
1814 2200 2069 2271 Spiritus,
2099 2202 2227 2256 dum

2336 2203 2509 2254 κτίσιν
2544 2199 2674 2253 ποτὲ
2713 2200 2810 2270 μὲν
2840 2198 3044 2270 λέγειή
3086 2200 3278 2271 Γραφὴ
3303 2199 3398 2253 τοῦ
3434 2199 3567 2252 Υἰοῦ
3608 2199 3795 2270 ἔργον,
3828 2198 3928 2251 λέ-

653 2293 845 2346 infert:
872 2311 891 2344 ι
914 2292 981 2346 Ει
1006 2290 1213 2360 Spiritu
1241 2292 1355 2345 oris
1386 2290 1503 2360 ejus
1518 2293 1695 2347 omnis
1719 2293 1891 2346 virtus
1916 2308 2102 2346 eorum
2120 2295 2162 2345 ².
2203 2311 2223 2344 ι

654 2384 762 2441 Sed
798 2399 902 2438 non
927 2387 1078 2452 quasi
1105 2383 1266 2438 Pater
1298 2399 1402 2437 non
1429 2383 1602 2451 possit
1642 2384 1820 2438 omnia
1864 2385 2064 2448 lacere,
2100 2399 2231 2454 ope-

653 2486 805 2531 ratur
828 2475 994 2529 etiam
1030 2474 1233 2529 Filius:
1287 2484 1341 2529 et
1399 2474 1635 2543 Spiritus
1684 2490 1897 2543 quoque
1931 2476 2231 2530 assumitur

652 2572 724 2623 ad
777 2566 1096 2632 creandum,
1156 2582 1261 2621 non
1305 2571 1459 2636 quasi
1490 2566 1733 2620 infirmus
1773 2569 1844 2621 sit
1872 2566 2229 2637 Filiustvere

651 2660 794 2713 enim
818 2660 1020 2713 dictum
1039 2666 1142 2722 est,
1167 2658 1309 2726 quod
1331 2673 1425 2726 per
1443 2657 1619 2727 ipsum
1644 2657 1785 2713 facta
1803 2669 1927 2713 sunt
1948 2661 2128 2713 omnia
2150 2659 2225 2729 ³),

652 2751 747 2805 sed
780 2759 839 2803 ut
862 2749 1147 2803 Trinitatis
1175 2749 1367 2803 eadem
1402 2750 1726 2815 subStantia,
1773 2750 1914 2803 idem
1949 2751 2141 2812 honor,
2176 2760 2230 2803 et

652 2842 841 2895 eadem
874 2841 1048 2895 virtus
1083 2842 1517 2904 commendetur,
1546 2841 1679 2894 dicit
1713 2841 1901 2894 eadem
1956 2841 2226 2895 interdum

653 2952 681 2987 ιι
712 2934 894 2997 Patre,
921 2933 1188 2987 interdum
1209 2949 1235 2986 a
1265 2933 1424 2998 Filio,
1456 2933 1724 2986 interdum
1756 2947 1784 2984 a
1814 2932 2014 2999 Spiritu
2042 2941 2231 2986 sancto

651 3041 771 3080 esse
820 3025 981 3079 facta.
1023 3022 1113 3078 Sic
1179 3024 1323 3077 enim
1373 3032 1426 3078 et
1473 3024 1540 3078 ab
1588 3040 1691 3076 una
1730 3023 2030 3076 substantia
2050 3024 2229 3077 divina

2329 2308 2529 2361 γουσα·
2572 2311 2589 2343 ι
2621 2291 2712 2360 Τῷ
2760 2292 2917 2362 Λόγῳ
2965 2292 3171 2362 Κυρίου
3214 2293 3263 2344 οἰ
3309 2292 3529 2361 οὐρανοί
3569 2291 3928 2362 ἐστερεώθη-

2333 2400 2462 2437 σαν’
2489 2405 2507 2436 ι
2545 2383 2674 2436 ποτὲ
2708 2383 2764 2436 δὲ
2795 2383 2890 2436 τοῦ
2920 2383 3258 2453 Πνεύματος,
3291 2382 3359 2436 δι’
3382 2377 3458 2435 ὧν
3484 2383 3710 2451 ὲπάγεν
3749 2401 3768 2434 ε
3802 2385 3930 2437 Καὶ

2330 2475 2409 2546 τῷ
2457 2475 2738 2544 Πνεύματι
2797 2474 2892 2527 τοῦ
2929 2475 3197 2544 στόματος
3228 2473 3394 2528 αὐτοῦ
3427 2476 3579 2529 πᾶσα
3609 2477 3643 2545 ή
3680 2474 3929 2544 δύναμις

2330 2566 2533 2621 αὐτῶν.
2562 2585 2579 2616 ι
2620 2565 2758 2618 Ἀλλ’
2780 2565 2878 2633 οὐχ
2907 2565 2982 2627 ὡς
3029 2565 3427 2627 ἀδυνατοῦντος
3471 2564 3565 2617 τοῦ
3600 2565 3816 2634 Πατρδς
3845 2566 3931 2618 ’τά

2332 2659 2513 2712 πάντα
2544 2660 2791 2727 ποιῆσαι,
2822 2657 3149 2727 δημιουργεῖ
3201 2658 3295 2709 καὶ
3320 2658 3347 2708 6
3382 2656 3509 2719 Υἱός
3528 2672 3543 2685 ο
3578 2655 3688 2708 οὐδ’
3712 2651 3780 2709 αὖ
3814 2660 3935 2710 πά-

2331 2752 2437 2815 λιν,
2472 2750 2550 2813 ὼς
2580 2749 2929 2813 ἀσθενοῦντος
2954 2748 3049 2802 τοῦ
3082 2747 3212 2801 Υἰοῦ
3257 2749 3338 2812 εἰς
3383 2748 3482 2817 τὴν
3532 2748 3930 2818 δημιουργίαν,

2334 2840 2941 2913 συμπαραλαμϐάνεται
2991 2840 3055 2895 τὸ
3106 2840 3333 2911 Πνεῦμα
3375 2839 3613 2911 (ἀληθὲς
3653 2840 3763 2911 γὰρ
3812 2841 3885 2894 τὸ
3914 2880 3931 2905 ,

2338 2955 2357 2988 ι
2390 2936 2577 2988 Πάντα
2607 2935 2671 2987 δι’
2695 2936 2860 2989 αὐτοῦ
2884 2934 3103 3003 ἐγένετο
3134 2936 3179 3003 ι)
3199 2952 3210 2964 ·
3232 2934 3347 2987 ἀλλ’
3381 2934 3468 2986 ἵνα
3484 2934 3545 2986 τὸ
3562 2932 3661 3002 τῆς
3684 2933 3935 3002 Τριάδος

2333 3026 2639 3097 ὁμοούσιον,
2663 3032 2756 3081 καὶ
2782 3028 3065 3097 ὁμότιμον,
3097 3028 3188 3079 καὶ
3217 3026 3561 3095 όμοδὺναμον
3582 3026 3711 3094 ἡμῖν
3735 3041 3936 3093 παρα.-

654 3116 888 3184 penderc
915 3114 1096 3167 omnia
1125 3115 1497 3182 intelligimus.
1529 3113 1662 3167 Nam
1689 3126 1746 3167 ut
1779 3111 2012 3168 Verbum
2041 3130 2228 3170 essen-

2336 3119 2532 3189 στήσῃ,
2560 3118 2707 3187 λέγει
2734 3118 2801 3171 τὰ
2826 3117 2968 3171 αὐτά
2988 3118 3119 3170 ποτὲ
3157 3117 3257 3187 μὲν
3276 3116 3383 3169 ὑπὸ
3401 3116 3493 3168 τοῦ
3516 3115 3749 3185 Πατρὺς,
3788 3117 3939 3168 ποτὲ

655 3204 781 3258 tiale
807 3214 857 3257 et
890 3203 1199 3258 subsistens
1223 3204 1337 3272 ipse
1388 3202 1708 3271 Unigenitus
1742 3205 1944 3272 absque
1974 3206 2228 3273 passione

651 3311 715 3350 ex
787 3311 851 3350 eo
904 3296 1116 3365 genitus
1158 3305 1282 3360 est;
1315 3305 1369 3349 et
1429 3296 1663 3363 Spiritus
1716 3308 1935 3350 sant-tus
1986 3312 2051 3350 ex
2114 3297 2230 3366 ipso

653 3388 972 3465 procedens,
1041 3386 1093 3441 in
1147 3388 1364 3456 propria
1451 3389 1806 3441 subsistentia
1865 3389 2229 3454 exsistit;ita

653 3491 710 3530 nt
740 3495 793 3532 tn
820 3481 990 3531 tribus
1018 3478 1388 3533 subsistentiis
1438 3493 1542 3531 una
1573 3478 1879 3533 substantia
1914 3492 2154 3545 notetur,
2178 3490 2233 3536 et

651 3570 800 3624 nulla
838 3572 1077 3639 ipSarum
1115 3571 1168 3624 in
1196 3572 1406 3626 ratione
1465 3572 1781 3627 substantia:
1831 3574 2005 3627 aliena
2048 3576 2230 3630 consi-

652 3658 1063 3727 deretur;so|is
1112 3671 1292 3714 autem
1353 3663 1777 3731 proprietatibus
1825 3665 2229 3732 denotantibus,

654 3753 770 3807 sive
797 3753 1256 3822 distinguentibus
1299 3753 1441 3806 inter
1475 3753 1617 3822 ipsas
1648 3754 2037 3823 intelligantur.
2087 3758 2234 3822 Quo-

654 3843 814 3898 modo
839 3844 1001 3913 igitur
1033 3845 1135 3897 erit
1158 3845 1374 3914 propria
1424 3846 1694 3912 operatio,
1743 3860 1974 3914 quorum
2017 3864 2120 3901 una
2148 3858 2231 3903 est

652 3936 911 3999 essentia,
948 3944 999 3988 et
1023 3934 1352 4003 potentia,et
1385 3934 1675 3988 voluntas?
1704 3935 1838 3989 Nam
1877 3939 2073 4005 quibus
2113 3939 2229 3994 haec

653 4033 777 4077 sunt
799 4022 1130 4087 communia,
1169 4036 1354 4073 eorum
1392 4037 1493 4073 una
1525 4037 1746 4088 prorsus
1773 4030 1854 4076 est
1880 4025 2147 4089 operatio.

2333 3209 2391 3261 δὲ
2430 3209 2534 3261 61:6
2580 3209 2673 3261 τοῦ
2709 3207 2861 3272 Υἱοῦ,
2904 3210 3034 3261 ποτὲ
3063 3209 3120 3261 δὲ
3159 3208 3263 3261 ὑπὸ
3283 3208 3377 3260 τοῦ
3407 3208 3563 3275 ἁγίου
3604 3206 3938 3277 Πνεύματος

2335 3300 2683 3370 γεγενῆσθαι.
2706 3299 2861 3353 Οὕτω
2874 3301 2982 3371 γὰρ
3002 3301 3095 3353 καί
3122 3301 3252 3369 μιᾶς
3275 3315 3420 3362 τινος
3437 3298 3624 3360 οὐσίας
3647 3299 3799 3361 θείας
3827 3300 3940 3367 ἡρ-

2335 3390 2532 3461 τῆσθαι
2571 3391 2750 3444 πάντα
2793 3390 3044 3460 νοοῦμεν.
3083 3391 3173 3454 Ὠς
3209 3390 3316 3460 γὰρ
3359 3388 3647 3452 ὲνοὺσιοςΐ
3701 3390 3795 3441 καὶ
3838 3393 3941 3440 ἐν-

2338 3485 2641 3546 υπόστατος
2672 3485 2700 3535 6
2715 3482 3025 3554 Μονογενὴς
3068 3481 3126 3546 ἐξ
3159 3482 3325 3536 αὑτοῦ
3352 3484 3376 3522 ε
3390 3478 3615 3543 ἀπαθῶς
3633 3480 3941 3551 ἐγεννήθη,

2340 3576 2434 3628 καὶ
2464 3575 2524 3627 τὸ
2554 3574 2779 3643 Πνεῦμα
2808 3575 2864 3626 δὲ
2900 3574 2993 3626 καὶ
3026 3573 3158 3626 αὐτὸ
3190 3573 3250 3637 ἐξ
3295 3572 3460 3625 αὐτοῦ
3486 3573 3513 3611 h
3554 3571 3945 3640 ἐκπορευόμε-

2336 3679 2449 3729 νον,
2477 3665 2534 3717 ὲν
2564 3663 2670 3733 ἰδίᾳ.
2700 3663 2998 3715 ὑποστάσει
3022 3662 3312 3731 τυγχάνει·
3350 3660 3493 3713 ὥστε
3526 3660 3654 3729 μίαν
3687 3661 3702 3699 i
3734 3659 3945 3712 οὐσίαν

2334 3755 2394 3808 ὲν
2442 3755 2621 3825 τρισὶν
2677 3754 3012 3806 ὑποστάσεσι
3071 3751 3599 3823 χαρακτηρίζεσθαι,
3648 3749 3741 3802 καὶ
3789 3751 3934 3819 μηδ-

2334 3844 2528 3915 ετέραν
2574 3844 2753 3899 αὐτῶν
2802 3845 2880 3915 τῷ
2917 3844 3017 3913 τῆς
3060 3845 3247 3906 οὐσίας
3286 3844 3429 3912 λόγῳ
3480 3842 3944 3912 ὴλλοτριωμέντ,ν

2333 3935 2677 4006 θεωρεῖσθαι,
2706 3936 2898 4005 μόναις
2921 3936 2977 3987 δὲ
3004 3936 3227 4005 ἰδιότησι
3249 3934 3802 4005 χαρακτηριστικαῐς,
3831 3934 3946 3985 εἶτ’

2328 4022 2422 4080 οὖν
2459 4027 2839 4097 διοριστικαῖς,
2878 4026 3124 4096 ἀλλήλων
3160 4026 3418 4079 νοεῖσθαι.
3478 4024 3601 4086 Πῶς
3645 4019 3739 4077 οὗν
3791 4022 3944 4074 ἰδιά-

652 4113 821 4181 ζουσαι
861 4114 1131 4183 ἐνέργεια,
1172 4104 1247 4165 ὧν
1287 4111 1386 4182 μία
1418 4111 1514 4165 καὶ
1562 4113 1596 4183 ἡ
1633 4112 1811 4179 οὐσία,
1856 4114 1950 4166 καὶ
1984 4113 2276 4185 ήδύναμις,
2317 4119 2413 4170 καὶ
2450 4121 2483 4189 ή
2542 4118 2834 4189 βούλησις;
2862 4112 2936 4171 ὧν
2968 4118 3076 4188 γὰρ
3136 4117 3312 4170 ταῦτα
3344 4114 3535 4179 κοινὰ,
3571 4113 3666 4185 μία
3704 4113 3943 4176 πάντως

651 4208 920 4279 ἐνέργεια.

1207 4322 1395 4391 Cyrilli
1422 4321 1675 4388 deienst'o.

724 4436 1000 4507 Numquid
1042 4435 1171 4489 mihi
1204 4437 1418 4489 testium
1476 4449 1609 4489 voce
1648 4448 1784 4502 opus
1823 4432 1927 4486 erit
1977 4430 2041 4484 ad
2084 4445 2233 4484 com-

652 4529 1086 4592 munstrandum,
1142 4527 1481 4581 adversarios
1555 4539 1690 4577 vana
1754 4523 1900 4591 loqui
1958 4522 2115 4586 velle,
2179 4531 2233 4575 et

652 4623 942 4674 adversum
977 4633 1074 4674 nos
1124 4628 1328 4672 temere
1360 4616 1709 4683 blasphemiis
1742 4615 1866 4667 uti?
1904 4615 2098 4668 Verum
2129 4614 2231 4667 hoc

654 4710 804 4765 solus
842 4709 1058 4763 illorum
1099 4724 1299 4771 sermo,
1336 4717 1395 4761 ut
1433 4706 1648 4775 opinor,
1691 4705 1974 4760 indicabit.
2004 4705 2136 4758 Nam
2176 4705 2228 4757 in

655 4800 935 4870 proposito
976 4800 1434 4853 anathematismo
1479 4796 1869 4851 allirmavimus
1921 4796 2229 4860 manifeste,

655 4894 933 4965 proprium
988 4908 1106 4947 esse
1152 4892 1276 4946 Filii
1339 4893 1605 4960 Spiritum
1656 4903 1905 4946 sanctum
1940 4906 1955 4955 ;
1995 4901 2050 4944 et
2088 4889 2232 4959 quod

657 5002 753 5056 per
779 4985 1014 5054 seipsum
1067 4983 1358 5055 perfecerit
1397 4984 1579 5038 divina
1611 4984 1784 5052 signa.
1822 4984 1891 5037 At
1920 4984 2015 5046 illi,
2040 4997 2231 5051 quam-

657 5080 737 5133 vis
762 5090 902 5148 satpe
927 5076 1219 5143 aﬂirment,
1252 5091 1337 5130 me
1372 5076 1601 5130 oblitum
1655 5089 1778 5129 esse
1838 5089 2085 5128 meorum
2117 5088 2233 5127 ser-

657 5182 896 5232 monum,
949 5167 1001 5220 in
1032 5181 1152 5222 eam
1193 5166 1612 5237 progrediuntur
1660 5165 2052 5235 stnpiditatem,
2122 5163 2234 5219 imo

726 5340 771 5373 ⁸⁸
793 5337 984 5393 Matth.
1027 5355 1102 5406 ιι,
1129 5338 1221 5393 28.
1298 5338 1343 5370 "
1375 5334 1531 5392 Joan.
1552 5352 1667 5401 xw,
1698 5334 1793 5390 10.

2792 4322 3109 4392 Ἀπολογία
3148 4321 3475 4389 Κυρίλλου.

2410 4433 2559 4505 τΑρά
2595 4453 2683 4505 μοι
2716 4434 3011 4506 μαρτύρων
3050 4434 3232 4505 δεήσει
3271 4431 3458 4501 φωνῆς
3503 4431 3639 4501 πρὸς
3684 4432 3744 4483 1:6
3785 4432 3942 4485 ἀπο-

2341 4533 2506 4601 φῆναι
2559 4529 2686 4589 τοὺς
2726 4528 2792 4580 δι’
2850 4526 3097 4588 ἐναντίας
3146 4525 3516 4592 εἰκαιολόγους
3561 4522 3852 4584 ἐθέλοντας
3882 4523 3937 4586 i,

2340 4619 2435 4671 καὶ
2464 4620 2585 4679 ταῖς
2623 4616 2744 4669 καθ’
2770 4617 2929 4686 ἡμῶν
2955 4613 3287 4684 δυσφημίαις
3325 4611 3748 4682 ἀπερισκέπτως
3780 4629 3945 4681 χρω-

2344 4707 2571 4777 μένουςς
2608 4704 2771 4769 Ἀλλ’,
2803 4701 2978 4773 οἶμαι,
3008 4703 3160 4755 τουτί
3205 4701 3300 4754 καί
3340 4701 3496 4771 μόνος
3525 4702 3552 4752 ὁ
3586 4701 3718 4768 παρ’
3745 4701 3943 4753 αὐτῶν

2338 4796 2590 4860 διαδείξει
2619 4797 2643 4835 k
2671 4796 2848 4863 λόγος.
2893 4796 2981 4847 Ἐν
3026 4794 3123 4864 μὲν
3162 4794 3269 4864 γὰρ
3299 4792 3377 4862 τῷ
3414 4791 3765 4862 προκειμένῳ
3796 4793 3941 4843 ἀναν

2341 4882 2665 4955 θεματισμῷ
2707 4884 3171 4953 διισχυρισάμεθα
3224 4882 3410 4950 σαφῶς
3466 4880 3595 4932 ῐδιον
3638 4877 3781 4934 εἷναι
3832 4882 3941 4934 τοῦ

2341 4978 2472 5031 Υἰοῦ
2487 4977 2545 5030 τὸ
2574 4976 2866 5046 Πνεῦματὸ
2889 4977 3065 5044 ἅγιον,
3097 4975 3195 5028 καὶ
3226 4974 3352 5044 μὴν,
3378 4974 3459 5025 ὅτι
3486 4971 3554 5024 δι’
3580 4971 3748 5024 αὐτοῦ
3778 4976 3944 5025 τετέ-

2339 5071 2465 5123 λεκε
2486 5070 2585 5133 τὰς
2618 5069 2973 5139 θεοσημείας.
3000 5070 3061 5122 Οἱ
3089 5068 3169 5133 δὲ,
3196 5066 3370 5120 καίτοι
3399 5064 3663 5127 πολλάκις
3691 5063 3709 5102 ι
3740 5066 3945 5136 ὲπιλή-

2341 5162 2515 5233 σμονά
2543 5178 2609 5232 με
2632 5161 2740 5214 τῶν
2769 5160 3006 5230 ἐμαυτοῦ
3031 5169 3069 5195 ω
3097 5160 3271 5227 λόγων
3305 5156 3557 5226 γενέσθαι
3597 5156 3945 5228 διισχυριζό-

1872 5337 1888 5366 ¹
1910 5335 2099 5390 Matth.
2126 5349 2226 5401 xu,
2248 5333 2336 5387 ‘28.
2417 5335 2437 5363 ²
2462 5331 2607 5386 Psal.
2650 5345 2823 5395 um,
2856 5328 2909 5383 6.
2988 5329 3007 5359 ³
3043 5324 3198 5380 Joan.
3232 5342 3268 5393 ι,
3299 5326 3350 5379 5.

1726 5493 1898 5546 ναι-ἷξε
1932 5491 2187 5545 lectiones
2218 5504 2283 5544 ex
2314 5487 2501 5543 codicc
2530 5484 2915 5557 Seguieriano.

730 5666 859 5738 €13;
886 5682 1009 5738 πρυ.
1090 5663 1107 5703 ί
1139 5664 1218 5738 ὡς
1248 5661 1353 5730 γὰρ
1374 5661 1563 5738 ᾼόγος.
1642 5666 1665 5703 ε
1698 5663 1886 5733 αὐτῆς.
1963 5662 1988 5701 ιι
2024 5659 2212 5731 αὐτῆς.

1642 5666 1665 5703 ε
1698 5663 1886 5733 αὐτῆς.

663 5735 681 5775 ι
716 5736 1036 5799 πλειστάκις
1132 5746 1171 5773 ιιι
1204 5735 1419 5786 ἑαυτοῦ.

2297 5659 2310 5697 i
2347 5656 2421 5720 ὡς
2451 5656 2547 5726 τὴν
2583 5653 2727 5726 μίαν.
2812 5650 2825 5701 i
2872 5649 3238 5717 εἰκαιολογείν
3263 5648 3566 5709 ἐθέλοντας.

3648 5647 3669 5684 ι
3698 5646 3936 5713 διδάξει.
