4042 6438
168 379 270 432 357

805 368 1340 430 APOLOGETICUS
1379 367 1518 423 PRO
1562 366 1653 423 ΧΗ
1693 365 2059 423 CAPITIBUS
2097 369 2378 427 CONTRA
2417 372 2881 435 ORlENTALES.

3363 390 3468 448 358

169 511 351 567 μενοι,
377 499 729 567 προήκουσιν
754 498 834 559 εἰς
869 496 1028 550 τοῦτο
1045 497 1274 560 νωθείας
1293 496 1468 559 αὐτοὶ,
1502 491 1642 565 [καὶ]
1671 491 1745 563 μὴ

1883 505 2010 546 vero
2049 494 2403 562 dementiam,
2442 505 2499 552 ut
2557 509 2745 568 putent
2776 518 2864 559 me
2889 504 3090 573 dicere,
3132 510 3274 578 quod
3305 511 3464 570 Jesus

166 593 262 643 καὶ
295 588 675 659 ἀϐελτηρίας,
695 588 770 652 ὡς
788 588 994 641 οἴεσθαί
1014 606 1083 658 με
1114 588 1294 656 λέγειν
1312 587 1371 640 οὐ
1388 585 1478 640 διὰ
1492 585 1584 638 τοῦ
1603 583 1774 637 Πνεύ-

167 698 345 747 ματος
394 680 693 733 ἐκϐάλλειν
730 679 822 732 τὸν
860 679 1069 748 Ἰησοῦν
1112 679 1180 732 τὰ
1209 677 1481 747 δαιμόνια.
1515 673 1640 747 Ἆρ’
1675 676 1775 729 οὐκ

165 772 426 842 ἐναργὴς
479 768 816 837 συκοφαντία
871 769 1029 822 τοῦτό
1079 785 1182 836 γε;
1227 770 1287 821 Εἰ
1338 769 1412 839 μὴ
1460 767 1626 839 γάρτι
1673 767 1775 820 οὐκ

163 862 427 925 ἀξιοῦσιν
459 862 743 931 ὁμολογεῖν
785 862 1108 932 θεοσημείας
1144 857 1281 913 εῖναι
1328 863 1529 931 τρόπον
1567 860 1628 912 τὸ
1677 861 1772 912 ἐκ-

163 953 480 1005 ϐάλλεσθαι
509 953 576 1004 τὰ
603 953 876 1022 δαιμόνια,
910 953 1175 1019 λεγόντων
1205 952 1239 1004 δι
1271 951 1571 1021 βούλονται,
1598 952 1771 1004 ποιεί-

161 1061 354 1098 τωσαν
391 1045 517 1096 κατ’
548 1043 683 1114 ἐμοῦ
703 1052 726 1078 °
758 1044 818 1096 τὸ
846 1044 1031 1112 χρῆμα
1077 1043 1319 1113 γραφὴν,
1364 1041 1771 1110 ἐγκαλείτωσαν

160 1134 240 1184 ὅτι
295 1134 388 1203 μὴ
435 1132 598 1186 τοῦτο
627 1132 767 1202 ἔφην
799 1131 1047 1198 ἐναργῶς
1072 1171 1086 1195 ,
1139 1133 1424 1201 σιωπήσας
1452 1131 1549 1192 τὰς
1578 1131 1770 1201 θεοση-

164 1225 360 1293 μείας.
404 1226 468 1277 El
499 1224 554 1276 δὲ
576 1223 712 1294 ὁμοῦ
749 1226 863 1286 τοῖς
899 1221 1080 1285 ἄλλοις
1112 1223 1208 1276 καὶ
1231 1223 1291 1275 τὸ
1320 1222 1677 1276 ἐκϐάλλεσθαι
1701 1221 1769 1275 τὰ

158 1317 436 1386 δαιμόνια
463 1356 478 1380 ,
514 1315 714 1386 τρόπος
756 1313 822 1367 ἂν
873 1315 978 1384 εἴη,
1004 1316 1097 1367 καὶ
1141 1317 1240 1366 οὐκ
1273 1314 1647 1384 ἁθαύμαστος,
1667 1314 1769 1382 τῆς

161 1408 553 1478 θεοσημείας,
616 1407 668 1458 τί
715 1407 918 1476 δήποτε
984 1407 1244 1476 μεθέντες
1299 1405 1373 1469 ὡς
1422 1406 1651 1478 ἀκερδὲς
1707 1405 1768 1458 τὸ

160 1499 398 1552 ἑλέσθαι
436 1499 640 1567 μᾶλλον
665 1500 978 1568 εὐστομεῖν,
1015 1499 1109 1551 καὶ
1131 1499 1192 1550 τὸ
1215 1499 1412 1568 χρῆναι
1448 1497 1631 1551 λαλεῖν
1667 1498 1766 1568 τὴν

159 1595 444 1665 ἀλήθειαν
486 1592 560 1654 ὡς
607 1592 776 1645 ἕωλον
825 1591 1299 1662 παραιτούμενοι,
1352 1591 1413 1642 τὸ
1455 1594 1597 1662 τῆςρ
1644 1590 1765 1644 καθ’

158 1686 322 1755 ήμῶν
360 1683 772 1754 ἀθυροστομίας
818 1682 1146 1750 τετιμήκασι
1173 1681 1359 1749 χρῆμα
1381 1689 1428 1743 1,
1463 1682 1558 1732 καὶ
1580 1681 1680 1733 οὐκ
1709 1682 1765 1732 ἐν

158 1774 356 1846 μικρῷ
387 1775 716 1842 πεποίηνται
750 1773 892 1840 λόγῳ
917 1771 976 1823 τὸ
1003 1770 1146 1824 οῦτω
1180 1771 1584 1841 κατεψεγμένον
1614 1772 1765 1841 παρά

1879 585 2143 641 daemonia
2204 604 2309 644 non
2355 590 2578 658 ejecerit
2635 608 2732 664 per
2796 596 3082 668 Spiritum.
3129 602 3321 659 Annon
3380 617 3462 660 est

1880 677 2166 733 manifesta
2199 680 2469 737 calumnia
2497 683 2664 739 haec?
2712 685 2847 741 Nam
2887 690 2934 744 si
2960 691 3234 763 refugiunt
3285 695 3459 750 confi-

1879 767 2021 832 teri,
2047 769 2350 825 divinorum
2404 773 2678 843 signorum
2729 792 2897 847 genus
2931 795 3050 837 esse
3089 783 3211 853 ejici
3250 786 3460 840 daemo-

1877 859 1985 923 nia,
2056 860 2236 915 dicant
2262 878 2382 931 qua:
2419 865 2620 932 volunt,
2656 867 2706 922 id
2736 870 2864 923 mihi
2899 888 2996 940 pro
3028 876 3256 931 crimine
3289 879 3462 933 ascri-

1876 949 2023 1013 bant,
2070 967 2322 1009 accusem
2380 959 2522 1026 quod
2573 959 2676 1014 hoc
2721 977 2824 1016 nou
2877 966 3164 1021 manifeste
3202 968 3456 1037 dixerim,

1874 1041 2162 1111 divinaque
2194 1045 2345 1114 signa
2379 1049 2599 1104 silentio
2630 1053 3007 1120 prmterierim.
3048 1055 3104 1111 Si
3140 1069 3321 1114 autem
3367 1063 3457 1114 in—

1876 1141 1953 1186 ter
1984 1146 2178 1190 caetera
2207 1136 2407 1204 ejicere
2441 1141 2705 1196 dmmonia
2740 1145 2897 1215 183
2927 1162 3098 1217 genus
3133 1159 3217 1204 est
3243 1152 3454 1206 divino-

1873 1239 1991 1277 rum
2047 1227 2318 1295 signorum
2376 1232 2734 1289 admiratione
2785 1237 3042 1304 dignum,
3109 1255 3207 1294 cur
3258 1243 3454 1313 lingua!

1872 1322 2178 1383 temperare
2213 1327 2466 1387 tanquam
2499 1337 2613 1375 rem
2650 1325 2899 1379 inutilem
2931 1338 3362 1398 contemnentes,
3401 1341 3454 1387 et

1871 1406 2014 1474 loqui
2051 1409 2340 1464 veritatem
2372 1421 2628 1481 tanquam
2677 1430 2791 1469 rem
2823 1418 3063 1486 putidam
3098 1423 3450 1493 refugientes,

1870 1498 2081 1552 dicendi
2110 1499 2543 1569 intemperantia
2574 1506 2860 1560 adversum
2890 1524 2988 1563 nos
3017 1511 3092 1564 uti
3121 1515 3448 1582 maluerunt,

1869 1597 1922 1642 et
1957 1605 2067 1644 rem
2106 1600 2388 1659 tantopere
2421 1597 2566 1662 apud
2604 1597 2768 1650 Deum
2811 1608 2866 1652 et
2898 1601 3145 1657 homines
3176 1603 3448 1674 vitupera-

1872 1689 1977 1734 tam
2012 1681 2145 1735 nihil
2207 1683 2477 1739 interesse
2507 1688 2867 1754 putaverunt?
2905 1691 3011 1746 Sed
3041 1694 3288 1748 videntur
3318 1697 3448 1751 mihi

1867 1785 1991 1824 esse
2034 1773 2188 1826 obliti
2219 1773 2424 1829 Christi
2453 1777 2683 1833 dicentis
2712 1797 2724 1834 :
2757 1801 2775 1832 ‹
2805 1781 3084 1848 Quomodo
3112 1787 3258 1841 dices
3288 1788 3446 1844 fratri

151 1885 210 1920 τε
237 1867 373 1935 Θεῷ
403 1868 500 1918 καὶ
552 1863 893 1934 ἀνθρώποις,
927 1861 1311 1931 Ἐπιλελῆσθαι
1341 1863 1396 1914 δέ
1426 1879 1515 1932 μοι
1545 1861 1750 1914 δοκοῦσι

1870 1863 1960 1908 tuo
1992 1873 2006 1908 :
2038 1856 2254 1923 Frater,
2291 1861 2413 1915 sine
2445 1863 2657 1932 ejiciam
2684 1867 2944 1922 festucam
2975 1872 3039 1926 de
3064 1875 3219 1929 oculo
3250 1884 3359 1940 tuo,
3393 1887 3448 1931 et

151 1958 425 2025 λέγοντος
456 1954 549 2008 τοῦ
581 1955 822 2024 Χριστοῦ
849 1971 860 1981 ·
900 1973 917 2004 ‹
957 1954 1082 2016 Πῶς
1117 1957 1259 2025 ἐρεῖς
1287 1953 1365 2024 τῷ
1400 1954 1615 2024 ἀδελφῷ
1641 1970 1755 2007 σου·

164 2046 427 2115 ’Δδελφὲ,
465 2047 603 2113 ἄφες
635 2045 853 2097 ἐκϐάλω
883 2054 903 2081 τ
930 2045 990 2096 τὸ
1027 2044 1236 2115 κάρφος
1267 2046 1331 2097 ἐκ
1356 2043 1451 2097 τοῦ
1474 2044 1757 2114 ὀφθαλμοῦ

153 2157 271 2203 σου,
295 2140 404 2192 καὶ
429 2140 540 2191 ἰδοῦ
573 2138 780 2208 ήδοκὸς
811 2140 868 2189 ἐν
892 2138 967 2208 τῷ
997 2137 1073 2207 σῷ
1101 2136 1402 2207 ὀφθαλμῷ;
1433 2137 1754 2208 ’Υποκριτὰ,

148 2232 359 2284 ἔκϐαλε
395 2230 614 2300 πρῶτον
642 2230 740 2298 τὴν
765 2230 920 2282 δοκὸν
957 2232 1020 2281 ἐκ
1049 2229 1143 2281 τοῦ
1183 2229 1465 2298 ὀρθαλμοῦ
1507 2248 1623 2296 σου,
1662 2231 1756 2283 καὶ

147 2324 272 2374 τότε
307 2321 616 2390 ἐμϐλέψεις
641 2331 662 2358 ⁸
719 2320 974 2372 ἐκϐαλεῖν
1004 2321 1065 2372 τὸ
1099 2321 1310 2390 κάρφος
1339 2323 1402 2372 ἐκ
1435 2319 1528 2371 τοῦ
1559 2319 1757 2387 ὀρθαλ-

149 2414 256 2483 μοῦ
289 2415 392 2468 τοῦ
437 2414 668 2482 ἀδελφοῦ
703 2431 821 2466 σου.
863 2434 880 2466 ι
919 2416 1040 2466 Ὅτι
1074 2415 1171 2484 μὲν
1200 2414 1306 2481 γὰρ
1366 2414 1652 2482 ὁμοοὺσιός
1691 2413 1751 2464 τέ

146 2509 306 2556 ἐστιν
335 2512 353 2540 ι
384 2506 418 2575 ἡ
455 2504 588 2571 ἁγία
619 2503 813 2574 Τριὰς,
851 2503 1131 2573 ίσοσθενής
1161 2520 1243 2566 τε,
1269 2504 1360 2554 καὶ
1395 2504 1662 2572 ἰσουργὺς,
1695 2504 1754 2556 οὑ

143 2595 234 2648 διὰ
267 2612 339 2663 γε
393 2593 492 2646 τοῦ
525 2595 657 2664 παρ’
694 2595 849 2662 ὑμῶν
880 2592 1200 2661 ἐγνώκαμεν
1236 2592 1396 2659 λόγου
1419 2610 1431 2623 ·
1475 2593 1754 2665 πεπληρο-

145 2683 457 2753 φορήμεθα
506 2683 561 2735 δέ
610 2683 811 2752 μᾶλλον
858 2683 920 2732 ἐκ
954 2681 1052 2750 τῆς
1104 2681 1462 2735 θεοπνεύστου
1507 2683 1750 2754 Γραφῆς.

145 2778 275 2826 Ὀτι
310 2776 371 2826 δὲ
399 2775 523 2826 κατ’
559 2772 748 2824 οὐδένα
779 2772 981 2841 τρόπον
1020 2775 1131 2836 τοῖς
1171 2774 1272 2843 τῆς
1302 2774 1468 2845 ὀρθῆς
1517 2775 1752 2838 πίστεως

141 2866 572 2934 διαλυμανεῖται
612 2861 811 2930 λόγοις,
845 2862 1051 2933 ὀνίνησι
1082 2863 1137 2915 δὲ
1170 2865 1371 2934 μᾶλλον
1401 2868 1428 2918 6
1460 2866 1753 2936 προκείμε-

141 2974 232 3020 νος
268 2954 752 3026 ἁναθεματισμὸς,
782 2957 1170 3026 ἀταλαίπωρον
1204 2957 1350 3011 ἰδεῖν.
1371 2958 1508 3022 Τοὺς
1536 2959 1645 3028 γάρ
1672 2976 1750 3010 τοι

140 3047 508 3118 διαιροῦντας
539 3047 630 3100 τὸν
661 3047 759 3100 ἕνα.
805 3048 1012 3119 Κύριον
1055 3049 1264 3120 Ἰησοῦν
1302 3052 1557 3121 Χριστὸν,
1596 3053 1752 3122 μερί-

141 3143 348 3205 ζοντάς
379 3159 438 3193 τε
471 3141 655 3202 αὐτὸν,
689 3139 762 3201 ὡς
810 3139 908 3209 ἤδη
959 3140 1279 3204 πλειστάκις
1311 3145 1634 3212 εἰρήκαμεν,
1671 3146 1749 3205 εἰς

140 3231 729 3305 ἄνθρωπον,ἰδικῶς,
779 3231 873 3283 καὶ
921 3233 998 3292 είς
1032 3232 1163 3284 Θεὸν
1205 3233 1380 3301 Λόγον
1422 3234 1623 3298 ίδικῶς,
1674 3237 1748 3296 ὡς

140 3327 236 3379 δύο
255 3337 286 3365 ιι
315 3324 564 3378 νοεῖσθαι
592 3323 865 3393 πρόσωπά
891 3341 948 3376 τε
987 3325 1080 3376 καὶ
1109 3325 1437 3387 ὑποστάσεις
1483 3326 1748 3396 διισχυρι-

143 3419 392 3488 ζομένας
427 3417 524 3469 ἀπ’
547 3415 799 3486 ἀλλήλων
813 3426 863 3482 τ’,
883 3415 1041 3469 τοῦτο
1065 3417 1199 3487 δρᾷν
1225 3417 1325 3470 οὐκ
1358 3418 1422 3487 ἐᾷ
1443 3435 1455 3446 ·
1490 3416 1612 3470 οὔτε
1641 3418 1745 3489 μὴν

142 3512 338 3580 ἐφίησι
388 3509 574 3578 λέγειν
622 3510 697 3572 ὡς
741 3509 838 3562 ἕνα
889 3509 1386 3580 κοινὸν-ἄνθρωπον
1420 3510 1747 3580 ἐνηργῆσθαι

144 3604 302 3674 παρὰ
349 3601 448 3656 τοῦ
501 3601 823 3671 Πνεῦματος
846 3600 936 3653 τὸν
979 3601 1206 3670 Ἰησοῦν,
1238 3601 1374 3670 προς
1407 3619 1467 3668 γε
1502 3603 1561 3652 τὸ
1591 3601 1747 3654 δύνα-

143 3698 277 3748 σθαι
331 3693 643 3764 κατορθοῦν
693 3692 792 3754 τὰς
827 3692 1158 3762 θεοσημείας
1183 3708 1196 3720 °
1243 3692 1363 3744 ἐπεὶ
1402 3694 1521 3744 κατ’
1556 3693 1746 3745 οὐδένα

137 3786 579 3868 διοίσειττρόπον
607 3784 715 3835 τῶν
743 3783 913 3849 ἁγίων
943 3784 1281 3848 ἀποστόλων,
1371 3782 1502 3851 γοῦν
1529 3801 1742 3854 προφη-

135 3883 274 3942 τῶν,
312 3878 366 3931 οἳ
414 3878 504 3928 διὰ
543 3877 640 3944 τῆς
676 3874 884 3928 ἄνωθεν
930 3876 1272 3946 ἡμερότητος
1314 3877 1424 3929 τῶν
1455 3877 1615 3929 θείων
1651 3896 1743 3947 χα-

138 3972 438 4040 ρισμάτων
467 3967 955 4037 ἀναπιμπλάμενοι
974 3970 1132 4036 φαῖεν
1159 3968 1224 4020 ἂν
1251 3968 1493 4031 εἰκότως·
1517 3969 1742 4038 «Χάριτι

137 4061 276 4116 Θεοῦ
321 4064 497 4129 ἐσμεν
522 4059 549 4110 ὃ
580 4059 768 4128 ἐσμεν.
806 4079 823 4110 ι
871 4058 1034 4112 Ἀλλὰ
1062 4062 1174 4122 τοῖς
1209 4061 1305 4128 μὲν
1338 4060 1512 4128 ἁγίοις
1541 4061 1739 4130 ἀνδρά-

135 4171 245 4214 σιν,
305 4147 391 4212 οἷς
436 4151 470 4219 ἡ
521 4149 631 4201 τῶν
675 4149 827 4220 παρὰ
877 4149 1012 4201 Θεοῦ
1061 4150 1416 4221 χαρισμάτων
1464 4151 1739 4220 ἐμπρέπει

133 4241 416 4309 διανομὴ,
474 4241 769 4310 ἀρμόσειεν
815 4239 881 4292 ἂν
927 4240 1201 4303 είκότωςιι
1259 4243 1290 4311 ή
1334 4241 1512 4294 τοιάδε
1559 4245 1735 4312 φωνὴ,

135 4331 371 4402 Χριστῷ
397 4331 455 4382 δὲ
487 4329 692 4382 οὐκέτι.
725 4328 885 4380 Ἴδιον
915 4328 1022 4399 γὰρ
1053 4328 1201 4397 αὐτῷ
1226 4338 1254 4376 γ
1283 4330 1341 4381 τὸ
1368 4330 1593 4400 Πνεῦμά
1621 4335 1735 4384 ἐστι

135 4426 194 4475 τὸ
222 4423 409 4489 Ξιγιον,
444 4421 702 4489 καθάπερ
735 4419 929 4488 ἀμέλει
955 4421 1048 4472 καὶ
1073 4420 1166 4472 τοῦ
1196 4420 1331 4472 Θεοῦ
1363 4422 1456 4473 καὶ
1489 4424 1699 4494 Πατρός
1720 4442 1732 4454 ο

1865 1956 1994 1999 ecce
2044 1945 2191 2003 trabs
2241 1959 2322 2002 est
2372 1951 2424 2004 in
2459 1954 2616 2008 oculo
2658 1957 2788 2010 tuo?
2817 1958 3140 2029 Hypocrita,
3174 1965 3309 2034 ejice
3343 1970 3447 2036 pri-

1864 2048 2012 2088 mum
2051 2037 2258 2092 trabem
2302 2041 2368 2093 de
2408 2042 2565 2097 oculo
2608 2053 2719 2110 tuo,
2763 2059 2815 2102 et
2857 2059 2984 2104 tunc
3011 2052 3218 2109 videbis
3245 2057 3444 2126 ejicere

1863 2125 2130 2182 festucam
2171 2131 2237 2184 de
2269 2132 2428 2188 oculo
2461 2134 2646 2192 fratris
2676 2139 2750 2193 tui
2777 2140 2815 2193 ⁸.
2849 2159 2867 2191 ›
2901 2141 3034 2197 Nam
3072 2147 3213 2214 quod
3255 2125 3441 2205 saneta

1863 2217 2107 2273 Trinitas
2154 2219 2394 2287 ejusdem
2449 2226 2519 2278 sit
2567 2230 2906 2299 substantiae,
2940 2235 3180 2304 ejusdem
3233 2239 3444 2296 roboris

1859 2318 1913 2362 et
1960 2311 2315 2379 Operationis,
2360 2329 2467 2368 non
2501 2332 2597 2384 per
2633 2334 2870 2375 vestrum
2909 2325 3195 2383 didicimus
3237 2346 3445 2385 sermo-

1861 2411 2004 2463 nem,
2045 2399 2138 2452 sed
2180 2415 2366 2456 sumus
2395 2406 2571 2458 edocti
2610 2409 2788 2475 potius
2833 2426 2896 2465 ex
2929 2429 3083 2468 sacra
3132 2417 3438 2489 Scriptura.

1859 2487 2013 2553 Quod
2046 2500 2227 2544 autem
2250 2494 2560 2561 propositus
2586 2501 3076 2559 auathematismus
3099 2487 3439 2569 nullo—modo

1860 2588 2025 2633 rectte
2080 2581 2202 2633 ﬁdei
2253 2584 2599 2639 sermonibus
2648 2587 2814 2652 obsit,
2856 2593 2949 2645 sed
2997 2594 3170 2661 prosit
3213 2599 3434 2666 potius,

1860 2671 1978 2724 sine
2007 2671 2194 2726 labore
2222 2674 2409 2729 videre
2431 2675 2575 2731 licet.
2608 2677 2739 2732 Nam
2766 2695 2858 2736 eos
2879 2683 2970 2753 qui
2997 2685 3246 2742 dividunt
3273 2706 3436 2747 unum

1857 2761 2142 2815 Dominum
2186 2761 2367 2816 Jesuui
2401 2765 2711 2836 Christum,
2759 2783 2812 2826 et
2857 2775 3101 2832 dividunt
3149 2779 3344 2847 ipsum,
3381 2797 3439 2838 ut

1850 2853 1960 2919 jam
1992 2855 2291 2921 saepissime
2327 2855 2580 2921 diximus,
2618 2861 2667 2913 iu
2702 2863 2975 2919 hominem
3012 2873 3265 2936 seorsim,
3296 2887 3347 2928 et
3383 2877 3434 2931 in

1858 2944 2025 2997 Deum
2076 2945 2311 3000 Verbum
2370 2951 2622 3014 seorsim,
2682 2953 2754 3006 ita
2808 2966 2860 3008 ιιι
2903 2958 3021 3013 dua:
3067 2961 3437 3034 intelligantur

1854 3051 2098 3103 persona:
2149 3049 2202 3092 et
2253 3040 2624 3096 subsistentia:
2679 3045 2818 3101 inter
2865 3064 2922 3102 se
2970 3052 3271 3120 disjunctm,
3333 3060 3434 3113 hoc

1863 3129 2038 3183 facere
2094 3148 2199 3184 non
2254 3135 2381 3186 sinit
2418 3151 2430 3185 :
2462 3151 2636 3203 neque
2689 3141 2957 3205 permittit
3013 3145 3238 3211 dicere,
3291 3152 3432 3217 quod

1799 3219 1817 3239 λ
1862 3229 2112 3287 tauquam
2145 3239 2283 3277 unus
2316 3226 2622 3278 communis
2651 3227 2812 3282 homo
2839 3231 2996 3286 Jesus
3027 3235 3205 3289 divina
3241 3239 3288 3290 vi
3319 3241 3434 3307 agi-

1858 3321 2006 3365 tante
2045 3325 2222 3367 motus
2258 3316 2422 3372 fuerit
2451 3336 2478 3372 a
2507 3320 2710 3389 Spiritu
2745 3333 2957 3388 sancto,
2991 3332 3047 3376 ut
3088 3328 3259 3392 possit
3289 3331 3434 3382 scili-

1853 3413 1937 3456 cet
1993 3406 2175 3458 divina
2227 3409 2380 3476 signa
2473 3415 2773 3480 perlicere;
2820 3414 3018 3483 alioqui
3075 3418 3222 3472 nullo
3272 3424 3439 3476 modo

1852 3492 2065 3547 differet
2102 3511 2130 3549 a
2186 3501 2390 3554 sanctis
2433 3505 2693 3570 apostolis
2728 3506 2808 3557 vel
2853 3509 3153 3576 prOphetis,
3197 3513 3284 3579 qui
3335 3529 3431 3582 per

1851 3587 2088 3641 divinam
2126 3589 2516 3660 benignitatem
2551 3596 2749 3650 divinis
2784 3598 2986 3667 impleti
3020 3602 3196 3664 donis,
3234 3605 3430 3660 merito

1850 3676 2034 3732 dicere
2101 3694 2368 3747 possunt:
2409 3703 2426 3734 ι
2462 3686 2645 3740 Gratia
2703 3689 2797 3742 Dei
2860 3706 3082 3756 sumus,
3137 3697 3281 3762 quod
3337 3712 3429 3750 su-

1849 3785 1969 3826 mus
1992 3772 2033 3824 ⁵.
2071 3790 2088 3821 ι
2130 3773 2235 3827 Sed
2272 3779 2476 3830 sanetis
2509 3781 2725 3846 quidem
2758 3783 2914 3846 viris,
2951 3785 3222 3852 inquibus
3255 3790 3427 3842 dono-

1851 3878 1968 3916 rum
2003 3868 2176 3919 sancti
2211 3867 2450 3936 Spiritus
2477 3873 2789 3927 distributio
2823 3876 3104 3944 prmccllit,
3138 3879 3271 3933 bene
3293 3897 3424 3935 con-

1845 3956 1990 4023 gruit
2035 3958 2146 4011 hazc
2187 3973 2313 4022 vox,
2346 3960 2568 4016 Christo
2608 3976 2786 4018 autem
2823 3982 2929 4020 non
2979 3969 3130 4022 item.
3169 3969 3427 4040 Proprius

1844 4047 1988 4100 enim
2027 4059 2109 4102 est
2144 4047 2257 4116 cjus
2292 4048 2533 4118 Spiritus
2562 4066 2802 4120 sanctus,
2832 4061 3285 4127 quemadmodum
3319 4065 3425 4117 sci-

1843 4137 1971 4192 licet
2018 4151 2100 4193 est
2148 4142 2239 4195 Dei
2292 4142 2473 4198 Patris
2507 4163 2518 4198 :
2549 4160 2806 4214 Operatur
2854 4160 3034 4204 autem
3082 4153 3223 4206 sicut
3262 4153 3426 4208 Pater

1841 4246 1940 4299 per
1975 4231 2260 4301 Spiritum,
2310 4236 2380 4288 ita
2431 4247 2485 4290 et
2531 4238 2666 4306 ipse.
2705 4239 2892 4308 Itaque
2928 4243 3177 4308 quamvis
3215 4245 3424 4298 diceret

1841 4321 2041 4376 Judaeis
2078 4341 2090 4376 :
2125 4343 2144 4372 ι
2179 4325 2341 4379 Multa
2376 4327 2518 4381 booa
2551 4344 2712 4396 opera
2746 4331 2959 4385 ostendi
2993 4333 3147 4386 vobis
3185 4350 3213 4387 a
3261 4335 3423 4391 Patre

1841 4429 1964 4467 meo
1990 4414 2038 4479 ‘;
2074 4433 2092 4464 ι
2120 4425 2173 4468 et
2207 4434 2219 4470 :
2255 4434 2272 4466 ι
2305 4417 2342 4468 Α
2374 4419 2578 4486 meipso
2636 4435 2738 4473 non
2778 4421 3010 4489 loquor:
3038 4422 3198 4477 Pater
3240 4438 3418 4480 autem

138 4516 362 4582 ἐνεργεῖ
388 4514 446 4566 δέ
474 4512 664 4583 ὥσπερ
701 4514 728 4564 6
767 4512 955 4581 Πατὴρ
984 4511 1070 4564 διὰ
1104 4512 1195 4564 τοῦ
1237 4513 1730 4582 ΙἸνεᾶματοςωῦτω

1861 4523 1896 4560 n
1939 4523 2026 4560 tuo
2072 4523 2317 4570 manens,
2353 4509 2465 4577 ipse
2505 4510 2631 4562 facit
2681 4526 2841 4580 opera
2869 4513 2929 4576 ";
2963 4531 2980 4564 ι
3017 4530 3204 4567 rursus
3240 4527 3418 4570 tamen

135 4607 229 4658 καὶ
255 4605 448 4667 αὐτός.
472 4605 585 4656 Καὶ
608 4602 760 4670 γοῦν,
789 4602 964 4654 καίτοι
993 4602 1163 4670 λέγων
1180 4603 1454 4668 Ἰουδαίοις
1476 4621 1487 4632 ·
1517 4624 1532 4653 ι
1561 4606 1734 4658 Πολλὰ

135 4696 281 4750 καλὰ
314 4695 495 4758 ἔδειξα
524 4696 655 4763 ὑμῖν
687 4693 824 4764 ἔργα
848 4693 999 4762 παρὰ
1030 4693 1122 4745 τοῦ
1158 4695 1370 4762 Πατρός
1407 4712 1507 4764 μου
1530 4714 1575 4746 ·›
1611 4698 1732 4762 καὶ,

140 4811 157 4840 ι
202 4788 326 4841 Ἀπ’
372 4785 618 4858 ἐμαυτοῦ
649 4786 709 4837 οῦ
740 4785 918 4838 λαλῶ·
952 4788 979 4838 6
1017 4786 1072 4838 δέ
1109 4784 1294 4856 Πατὴρ
1341 4788 1369 4837 6
1400 4788 1456 4838 ἐν
1485 4790 1606 4856 ἐμοὶ
1639 4789 1736 4857 μέ-

136 4898 264 4943 νων,
299 4880 451 4931 ποιεῖ
471 4877 541 4929 τά
573 4877 712 4946 ἔργα
745 4875 907 4936 αὐτός
934 4885 977 4910 ι·
1001 4895 1018 4926 ι
1052 4875 1153 4946 ἔφη
1183 4877 1237 4928 δέ
1271 4893 1371 4929 που
1409 4877 1586 4929 πάλιν·
1625 4897 1642 4927 ι
1672 4880 1734 4931 Εἰ

134 4973 189 5024 65s
227 4973 340 5038 ἐγὼ
375 4973 432 5023 ἐν
480 4969 761 5037 Πνεῦματι
801 4965 935 5019 Θεοῦ
986 4967 1231 5020 ἐκϐάλλω
1279 4967 1348 5020 τά
1396 4969 1666 5039 δαιμόνια·
1704 4991 1721 5020 ι

134 5065 235 5130 τήν
260 5064 349 5116 διὰ
378 5060 472 5114 τοῦ
509 5061 831 5128 Πνεύματος
854 5060 1137 5128 ἐνέργειαν
1169 5060 1441 5122 ἀνατιθεὶς
1469 5062 1643 5130 ἐαυτῷ
1667 5081 1725 5115 τε

135 5155 230 5207 καὶ
262 5153 341 5221 τῷ
394 5151 574 5219 Πατρὶ
605 5150 695 5202 διὰ
732 5149 829 5219 τὴν
886 5149 1190 5220 ταυτότητα
1223 5150 1321 5219 τῆς
1365 5151 1570 5214 οὐσίας.
1614 5154 1726 5204 Καὶ

139 5244 303 5306 πολὺς
343 5243 411 5296 ἂν
441 5243 652 5311 γένοιτο
691 5241 785 5293 καὶ
818 5240 1025 5311 μακρὸς
1057 5243 1085 5293 6
1130 5242 1259 5312 περὶ
1296 5243 1500 5296 τούτων
1527 5244 1682 5312 λόγος
1705 5261 1719 5275 ο

205 5406 226 5431 ⁵
261 5401 452 5454 Matth.
505 5415 600 5462 vn,
631 5397 688 5462 4,
727 5399 783 5453 5.
862 5398 882 5428 "
911 5398 929 5452 Ι
963 5400 1184 5466 Cor.xv,
1221 5400 1308 5453 lO.

1389 5401 1408 5431 ⁸
1435 5399 1589 5455 Joan.
1632 5418 1683 5467 x,
1714 5403 1802 5456 '52.

1839 4598 2034 4652 alicubi
2070 4598 2278 4652 dicebat
2313 4614 2325 4652 :
2365 4620 2382 4649 ‹
2421 4601 2476 4652 Si
2520 4611 2697 4654 autem
2744 4617 2842 4670 ego
2873 4603 2922 4656 iu
2958 4602 3162 4672 Spiritu
3196 4607 3285 4659 Dei
3321 4608 3420 4673 eji-

1836 4690 1922 4744 cio
1964 4690 2305 4755 daemonia";
2346 4710 2362 4741 ι
2398 4694 2768 4759 operationem
2819 4709 2914 4761 per
2965 4691 3228 4763 Spiritum
3277 4701 3419 4753 refe-

1839 4797 1964 4835 rens
1995 4783 2044 4834 in
2081 4797 2138 4836 se
2176 4793 2229 4835 ct
2256 4783 2493 4849 Patrem,
2526 4797 2748 4853 pr0pter
2776 4787 3114 4841 identitatem
3149 4789 3408 4842 substan-

1837 4877 1942 4930 tiae.
1988 4876 2051 4929 Et
2106 4878 2306 4930 multus
2353 4878 2566 4944 quidem
2620 4894 2683 4930 ac
2737 4879 2978 4947 prolixus
3030 4889 3176 4933 esset
3223 4885 3287 4933 de
3333 4881 3416 4936 bis

1837 4973 1998 5026 rebus
2059 4986 2275 5024 sermo:
2315 4971 2475 5041 184.
2504 4974 2595 5024 sed
2639 4972 2784 5025 illum
2837 4973 3066 5026 dilatare
3111 4974 3415 5029 volentibus

1837 5066 2177 5118 convenienti
2234 5073 2494 5130 tempore,
2549 5072 2602 5116 ut
2642 5075 2788 5132 puto,
2834 5079 2967 5130 Opus
3020 5075 3183 5117 esset.
3230 5065 3413 5134 Itaque

1836 5171 1939 5210 non
1971 5156 2124 5223 quasi
2170 5157 2344 5207 aliena
2380 5155 2577 5208 \"irtutc
2607 5171 2699 5221 per
2732 5154 2995 5222 Spiritqu
3031 5166 3235 5209 motum
3280 5158 3414 5209 dici-

1832 5262 1953 5298 mus
2009 5247 2410 5299 Emmauuclcm
2444 5285 2458 5309 ,
2501 5247 2594 5298 sed
2647 5246 2732 5297 illa
2791 5247 2967 5313 potius
3024 5248 3204 5301 divino
3262 5263 3413 5302 more

1883 5401 1902 5431 "
1937 5398 2094 5454 Joan.
2144 5417 2254 5464 xtv,
2296 5402 2381 5454 ιο.
2480 5401 2499 5430 ⁸
2535 5400 2722 5454 Matth.
2767 5417 2862 5467 xu,
2902 5402 2993 5456 ‘28.

1209 5556 1386 5609 Variae
1429 5556 1688 5610 lectiones
1721 5571 1785 5610 ex
1812 5555 1999 5611 codice
2040 5557 2415 5624 Segttieriauo.

685 5719 710 5748 ο
743 5709 1118 5765 ποιείσθωσαν
1163 5710 1218 5763 δὲ
1254 5711 1374 5763 κατ’
1405 5710 1560 5780 ἐμοῦ.

207 5725 233 5750 ’³
259 5720 305 5768 εἰ
335 5716 436 5822 μὲν
471 5713 603 5785 γάρ.
685 5719 710 5748 ο
743 5713 1021 5765 ποιείσθωι

208 5804 388 5834 nonan
414 5788 472 5834 τέ
502 5791 668 5834 ἐστιν.
753 5795 777 5822 ιι
813 5785 892 5834 εἰς
929 5781 1021 5833 δυο

867 5813 890 5844 δ
929 5810 1040 5836 υνυ.

137 5788 388 5854 ὦμοουσία
414 5788 472 5842 τέ
502 5791 668 5838 ἐστιν.

1639 5723 1665 5760 Ρ
1693 5711 1766 5780 τῷ
1797 5710 1911 5779 τῆς.

1122 5792 1142 5818 ν
1183 5781 1258 5833 διε
1273 5784 1644 5850 τχοινισμένας
1677 5781 1940 5852 ἀλλήλων.

2399 5719 2419 5745 ι’
2451 5707 2683 5760 ἐκϐαλῶ.
2763 5717 2782 5743 9
2811 5709 3181 5767 περιϐλέψεις.
3265 5715 3281 5749 ί
3311 5708 3406 5767 οὖν

2763 5717 2782 5743 9
2811 5709 3181 5779 περιϐλέψεις.

2399 5787 2423 5825 Y
2456 5780 2638 5834 αὑτοῦ.
2724 5789 2742 5814 ²
2780 5779 2942 5832 αὑτοῦ

1991 5720 2015 5759 ιι
2048 5709 2314 5778 χρήματι.
2399 5719 2419 5745 ι’
2451 5709 2683 5789 ἐκϐαλῶ.
2763 5717 2782 5743 9
2811 5726 2837 5789 η

2724 5789 2742 5814 ²
2780 5796 2967 5832 αυτοῦ.

2023 5793 2044 5819 ι
2076 5782 2321 5842 εἰκότως.
