4042 6438
609 357 714 414 559

1636 352 1695 408 S.
1737 350 2010 407 CYRILLI
2051 347 2520 405 ALEXANDRINI
2563 346 2886 404 ARCIIIEP.

3779 347 3889 402 560

607 481 789 531 usum,
824 474 879 520 et
921 464 1198 547 propriam
1239 464 1500 521 habuisse
1537 464 2018 520 consubstantialis
2049 464 2182 534 Spi-

2304 463 2380 528 iti'i,
2425 459 2656 534 οἷμαιι,
2707 460 2901 533 καιροῦ
2952 458 3048 514 τοῦ
3099 457 3435 547 καθήκοντος
3482 460 3596 524 τοῖς
3640 459 3891 515 ἐθέλουσι

609 561 746 614 ritus
790 559 1068 612 virtutem.
1119 554 1257 611 Nam
1303 557 1449 612 beati
1485 555 1704 627 quidem
1753 555 2000 626 discipuli
2038 555 2192 624 signa

610 652 872 705 facientes
919 649 1227 705 dicebam:
1269 667 1288 700 ι
1327 649 1460 713 Viri,
1509 648 1638 719 quid
1686 647 1841 702 nobis
1891 647 2192 712 attenditis,

611 742 762 810 quasi
806 740 1024 808 propria
1081 739 1284 794 virtute
1329 747 1423 792 aut
1456 739 1657 808 pietate
1691 736 1976 791 fecerimus
2003 736 2193 789 ambu-

612 832 726 886 lare
775 831 1049 901 Speciosm
1107 841 1276 901 portae
1337 833 1667 886 assidentem
1722 829 2006 883 claudum?
2067 827 2192 882 Pro-

611 923 761 992 prius
797 935 976 978 autem
1010 923 1216 978 Christi
1275 933 1359 977 est
1391 921 1627 992 Spiritus
1676 920 1792 988 ejus
1809 921 1851 974 ⁸.
1887 939 1904 973 ι
1938 919 2046 974 Illis
2094 936 2192 973 an-

613 1023 718 1068 tem
757 1016 848 1082 qui
899 1025 1080 1068 nostra
1112 1015 1464 1078 cavillantur,
1517 1013 1618 1067 hoc
1654 1012 1883 1067 dicimus
1914 1030 1927 1065 :
1965 1011 2021 1066 Si
2067 1010 2190 1080 qni-

611 1106 732 1160 dem
767 1121 872 1159 uon
900 1105 1150 1175 displicet
1189 1106 1406 1160 illorum
1444 1105 1715 1159 mentibus
1749 1103 1913 1157 dividi
1951 1103 2194 1158 indivisi-

612 1195 868 1261 bilem,et
885 1197 1088 1258 dicere,
1111 1198 1256 1252 sicut
1276 1211 1617 1250 communem
1645 1196 1916 1250 hominem
1937 1195 2192 1264 operandi

613 1290 909 1360 impulsum
943 1290 1126 1344 Jesum
1175 1290 1455 1356 accepisse
1485 1302 1580 1356 per
1604 1286 1863 1356 Spiritum
1892 1303 1905 1339 :
1933 1300 2036 1339 non
2081 1300 2193 1340 ma-

611 1397 846 1452 gnopere
874 1381 1177 1436 curandum
1238 1380 1348 1434 erit
1379 1378 1447 1433 de
1481 1379 1547 1431 iis
1581 1377 1673 1446 qui
1723 1376 1804 1430 sic
1834 1373 2012 1430 aﬂ'ecti
2045 1383 2190 1430 sunt.

614 1471 707 1526 Sin
760 1470 1033 1526 Christum
1086 1485 1256 1524 unum
1317 1477 1374 1524 et
1406 1467 1601 1522 Filium
1648 1474 1704 1520 et
1747 1465 2029 1520 Dominum
2073 1479 2194 1520 esse

2298 554 2698 625 κατευρύνεινι»
2747 553 2931 608 αὐτόν.
2968 549 3178 606 Οὐκοῦν
3205 551 3304 622 οὐχ
3334 551 3409 615 ὡς
3439 551 3699 623 ἀλλοτρίᾳ
3722 551 3891 607 δυνά-

2299 663 2390 716 μει
2414 648 2480 716 τῇ
2509 645 2596 698 διὰ
2618 645 2933 715 Πνεύματος
2965 642 3302 716 ἐνηργῆσθαί
3333 661 3514 715 φαμεν
3535 645 3627 698 τὸν
3665 645 3888 716 Ἐμμα-

2296 735 2460 806 νουὴλ
2483 777 2497 801 ,
2534 735 2952 807 ἀποκεχρῆσθαι
2984 734 3044 787 δὲ
3091 733 3291 805 μᾶλλον
3334 735 3472 806 αὐτῇ
3519 734 3737 800 θεῖκῶς,
3787 735 3890 790 καὶ

2301 827 2437 880 ίδίαν
2467 826 2613 897 ἐχειν
2655 827 2756 898 τὴν
2789 825 2885 880 τοῦ
2929 825 3218 898 ὀμοουσίου
3262 826 3580 897 Πνεύματος
3623 827 3883 898 δύναμιν.

2297 919 2358 972 Oi
2391 917 2490 989 μὲν
2537 918 2648 991 γάρ
2688 919 2949 991 μακάριοι
2999 918 3241 990 μαθηταὶ
3270 919 3338 973 τὰ
3371 921 3573 990 σημεῖα
3600 920 3891 981 ποιοῦντες

2296 1009 2516 1080 ἐλεγοψ
2561 1030 2580 1062 ι
2619 1011 2870 1082 Ἀνδρες,
2919 1011 2971 1064 τί
3003 1013 3134 1083 ἡμῖν
3168 1013 3492 1084 προσέχετε,
3541 1011 3614 1076 ὡς
3651 1011 3759 1083 ίδίᾳ
3793 1012 3892 1065 δυ·-

2295 1103 2459 1174 νάμει
2491 1103 2524 1175 ἦ
2562 1103 2816 1174 εὐσεϐείᾳ
2848 1103 3183 1175 πεποιηκόσι
3208 1105 3301 1159 τοῦ
3332 1106 3656 1176 περιπατεῖν
3681 1105 3775 1158 τὸν
3812 1105 3889 1174 τῇ

2308 1193 2500 1264 Ὡραίᾳ
2519 1193 2659 1266 πύλῃ
2680 1195 2879 1267 προῖζή
2891 1211 3062 1248 σαντα
3081 1206 3103 1234 ε
3128 1196 3300 1266 χωλόν
3321 1213 3335 1263 ;
3372 1197 3533 1251 ’Ἱδιον
3559 1197 3617 1250 δὲ
3640 1195 3892 1270 Χριστοῦ

2295 1284 2356 1339 τὸ
2403 1284 2631 1356 Πνεῦμα
2674 1286 2863 1341 αὑτοῦ.
2913 1306 2932 1339 ι
2991 1288 3117 1352 Τοῖς
3172 1304 3236 1357 γε
3297 1287 3404 1360 μὴν
3457 1286 3890 1342 κατασκοπεῖνά

2296 1376 2541 1430 ἐθέλουσι
2589 1377 2658 1431 τὰ
2701 1379 2831 1450 παρ’
2880 1379 3058 1451 ἡμῶν,
3093 1380 3274 1434 ἐκεῖνό
3303 1397 3515 1451 φαμεν·
3549 1381 3611 1433 Ei
3643 1381 3742 1451 μὲν
3771 1379 3892 1451 γὰρ

2296 1466 2398 1522 οὐκ
2427 1469 2625 1540 ἀπᾴδει
2665 1472 2784 1534 ταῖς
2816 1471 2998 1524 αὐτῶν
3026 1471 3284 1551 διανοίαις
3312 1471 3374 1525 τὸ
3402 1471 3723 1544 μερίζεσθαι
3763 1471 3828 1524 τὸ
3863 1484 3891 1510 ε

612 1562 972 1626 conﬁtentur,
1023 1563 1390 1630 eumdemque
1432 1574 1555 1614 esse
1594 1557 1755 1614 simul
1799 1557 1965 1612 Deum
1997 1567 2053 1614 et
2095 1557 2195 1614 ho-

2304 1560 2623 1632 ἀμέριστον,
2655 1565 2750 1617 καὶ
2776 1564 2852 1628 ὼς
2881 1566 3057 1620 κοινὸν
3097 1567 3384 1638 ἄνθρωπον
3414 1564 3756 1636 ὲνηργῆσθαι
3795 1563 3890 1617 λέ-

611 1653 854 1714 minem;
888 1653 1113 1706 credant
1161 1652 1472 1714 nobiscum,
1499 1649 1644 1719 quod
1693 1664 1800 1702 non
1831 1651 2027 1719 accipit
2067 1665 2194 1720 ope-

2304 1666 2416 1718 γειν
2461 1651 2551 1704 διὰ
2593 1653 2688 1706 τοῦ
2739 1654 3058 1725 Πνεύματος
3101 1657 3193 1710 τὸν
3235 1656 3464 1728 Ἰησοῦν,
3509 1655 3724 1719 πολὺς(
3769 1655 3889 1708 τῶν

612 1745 762 1798 randi
803 1744 1115 1798 facultatem
1155 1743 1314 1813 quasi
1352 1758 1381 1795 a
1414 1741 1639 1795 meliore
1668 1741 1900 1810 quadam
1936 1750 1992 1796 et
2020 1741 2191 1797 aliena

2304 1741 2442 1797 οὕτω
2469 1743 2836 1815 διακειμένων
2884 1749 2912 1800 6
2958 1747 3134 1817 λόγος.
3180 1749 3244 1801 El
3277 1749 3334 1801 δὲ
3368 1747 3606 1819 Χριστὸν
3645 1747 3741 1800 ἕνα
3784 1747 3894 1799 καὶ

610 1837 679 1890 ab
711 1836 800 1890 illo
833 1837 1068 1901 virtute;
1118 1836 1239 1905 ipse
1286 1844 1469 1888 autem
1509 1835 1685 1903 potius
1725 1842 1982 1900 operatur
2011 1834 2192 1887 divina

2304 1833 2450 1901 Υἱὸν,
2474 1837 2567 1888 καὶ
2583 1836 2788 1907 Κύριον
2819 1837 3227 1909 ὁμολογούντων
3249 1848 3272 1886 8
3297 1838 3583 1909 ὑπάρχειν,
3603 1835 3692 1889 τὸν
3717 1834 3894 1889 αὑτὸν

609 1929 759 2000 signa
787 1931 940 1998 quasi
970 1944 1064 1999 per
1090 1927 1373 1998 proprium
1401 1924 1688 1995 Spiritum,
1716 1927 1768 1978 in
1800 1939 1909 1993 quo
1934 1933 1989 1980 et
2014 1926 2191 1980 omnis

2304 1925 2424 1981 Βντα
2471 1927 2606 1982 Θεόν
2656 1946 2714 1981 τε
2765 1929 2900 2000 ὁμοῦ
2973 1932 3066 1983 καὶ
3111 1929 3421 2001 ἄνθρωπον,
3475 1926 3895 1981 πιστευέτωσαν

608 2034 790 2074 rerum
820 2019 1087 2073 factarum
1120 2019 1296 2071 virtus
1322 2016 1389 2070 ιο.
1419 2015 1554 2069 Nam
1597 2015 1675 2069 sic
1703 2013 1954 2069 desinent
1985 2014 2187 2070 frustra

2304 2019 2416 2089 μεθ’
2449 2020 2627 2091 ἡμῶν,
2661 2024 2737 2088 ὼς
2773 2023 2874 2075 οὐκ
2922 2023 3176 2093 ἐνεργείᾳ
3198 2024 3224 2062 h
3260 2022 3460 2093 μᾶλλον
3507 2020 3583 2083 ὡς
3612 2018 3896 2090 κρείττονι

611 2125 710 2164 nos
737 2111 987 2174 irridere,
1022 2119 1075 2164 et
1117 2107 1339 2162 invidiae
1367 2104 1620 2160 dentibus
1652 2104 1704 2157 in
1739 2119 1837 2157 nos
1870 2103 2182 2160 infremere.

2304 2112 2422 2181 παρ’
2453 2114 2614 2166 αὑτὸν
2647 2117 2743 2168 καὶ
2767 2115 3020 2186 ἀλλοτρίᾳ
3048 2115 3362 2185 δυνάμειτῇ
3385 2114 3473 2169 διά
3501 2113 3594 2166 τοῦ
3626 2111 3894 2182 Πνεῦμα-

606 2217 719 2264 τος.
749 2201 998 2272 ἐνεργείᾳ
1023 2199 1079 2253 δὲ
1108 2201 1121 2240 ί
1163 2198 1361 2270 μᾶλλον
1389 2198 1550 2250 αὑτὸν
1579 2197 1679 2266 τῆς
1706 2197 1720 2246 ³
1796 2195 2147 2266 θεοσημείας,
2189 2199 2263 2264 ὡς
2302 2203 2369 2256 δι’
2405 2205 2534 2260 ίδίου
2564 2207 2884 2277 Πνεύματος
2904 2251 2918 2274 ,
2955 2209 3015 2260 ἐν
3042 2201 3087 2275 ᾧ
3121 2209 3212 2261 καὶ
3241 2208 3390 2260 πᾶσα
3422 2206 3531 2260 τῶν
3555 2203 3837 2276 γεννητῶν
3862 2203 3894 2243 Ιι

606 2293 641 2361 ἡ
673 2291 918 2361 δύναμις.
969 2291 1348 2343 Πεπαύσονται
1390 2289 1498 2359 γάρ
1525 2288 1668 2341 οὕτω
1699 2287 2186 2359 διαλοιδορούμενοι
2229 2294 2428 2367 μάτην,
2478 2300 2574 2352 καὶ
2623 2301 2748 2363 τοὺς
2787 2303 2919 2371 ετῆς
2969 2299 3268 2369 βασκανίας
3335 2299 3553 2362 ὀδόντας
3584 2299 3718 2368 ἡμῖν
3759 2297 3896 2349 ἐπι-

609 2385 953 2457 στηρίζοντες
981 2383 1023 2440 ι.

1024 2491 1672 2549 ANATIIEMATISMUS
1709 2491 1778 2547 Χ.

678 2608 1052 2664 Confessionis
1091 2617 1292 2663 nostra!
1331 2607 1642 2678 pontiﬁcem
1686 2617 1740 2660 et
1781 2605 2081 2674 apostolum
2112 2606 2195 2662 fa-

608 2713 753 2757 ctum
808 2717 931 2756 esse
980 2702 1298 2762 Christum,
1355 2701 1638 2769 Scriptura
1690 2699 1870 2752 divina
1918 2698 2192 2753 docet“:

608 2793 871 2848 obtulisse
900 2808 1120 2861 quoque
1145 2793 1502 2859 semetipsum
1530 2805 1626 2857 pro
1659 2791 1811 2843 nobis
1840 2791 1947 2844 Deo
1969 2801 2019 2843 et
2047 2789 2193 2843 l’atri

609 2885 666 2941 in
703 2886 923 2939 odorem
963 2885 1252 2939 suavitatis
1282 2886 1347 2938 ".
1387 2884 1442 2936 Si
1488 2885 1610 2951 quis
1637 2897 1768 2951 ergo
1804 2881 2005 2934 dixerit
2051 2895 2189 2949 pon-

613 2977 810 3030 tilicem
846 2984 900 3029 et
947 2975 1251 3045 apostolum
1291 2988 1532 3028 nostrmn
1587 2991 1691 3028 non
1725 2988 1846 3026 esse
1882 2974 2053 3041 ipsum
2096 2972 2190 3026 Dei

2745 2496 3340 2550 ΑΝΑΘΕΜΑΤῙΣΜΟΣ
3380 2495 3433 2550 l'.

2385 2604 2667 2676 Ἀρχιερέα
2690 2605 2783 2659 καὶ
2800 2606 3097 2660 ἀπόστολον
3131 2608 3229 2679 τῆς
3265 2608 3559 2678 ὁμολογίας
3589 2611 3747 2682 ἡμῶν
3788 2630 3896 2682 γε-

2299 2695 2562 2766 γενῆσθαι
2590 2697 2825 2767 Χριστὸν
2861 2700 2893 2768 ἡ
2933 2698 3051 2751 θεία
3079 2699 3230 2768 λέγει
3264 2701 3478 2773 Γραφὴ,
3511 2721 3895 2777 προσκεκομι-

2299 2788 2452 2842 κέναι
2497 2789 2556 2842 δὲ
2600 2789 2790 2843 ἑαυτὸν
2822 2791 2962 2861 ὑπὲρ
2995 2791 3152 2861 ἡμῶν
3198 2793 3277 2855 είς
3317 2793 3495 2863 ὀσμὴν
3542 2797 3766 2860 εὐωδίας
3805 2798 3898 2868 τῷ

2297 2881 2418 2952 Θεῷ
2448 2881 2545 2935 καὶ
2573 2881 2768 2952 Πατρί.
2804 2883 2871 2936 Et
2897 2899 2978 2946 τις
3007 2884 3187 2937 τοίνυν
3221 2886 3480 2955 ἀρχιερέα
3509 2887 3602 2940 καὶ
3651 2889 3901 2944 ἀπόστο-

2299 2976 2391 3030 λον
2419 2976 2574 3047 ἡμῶν
2619 2975 2944 3046 γεγενῆσθαί
2995 2992 3162 3045 φησιν
3206 2977 3306 3029 οὐκ
3339 2978 3502 3030 αὑτὸν
3530 2978 3621 3030 τὸν
3648 2980 3711 3031 ἐκ
3743 2981 3896 3035 Θεοῦ

612 3067 870 3131 Verbum,
908 3078 1257 3137 posteaquam
1305 3083 1434 3121 caro
1476 3076 1530 3120 ct
1577 3068 1738 3120 homo
1794 3065 1948 3119 nobis
1996 3065 2190 3119 similis

2304 3063 2512 3137 [ἰατρὸς
2540 3067 2732 3133 Λόγον,
2784 3068 2872 3119 ὃτε
2897 3078 2935 3105 ω
2964 3067 3154 3134 γέγονε
3202 3065 3376 3137 σὰρξ,
3428 3069 3522 3121 καὶ
3573 3070 3695 3122 καθ’
3735 3073 3901 3140 ἡμᾶς

613 3158 812 3213 factum
865 3170 976 3223 est;
1015 3159 1106 3212 sed
1157 3159 1433 3211 hominem
1491 3158 1657 3220 illum,
1714 3157 1803 3226 qui
1852 3172 1916 3210 ex
1970 3156 2196 3211 muliere

612 3261 782 3327 natua‘
818 3262 917 3316 est,
961 3250 1114 3320 quasi
1164 3250 1394 3303 alterum
1431 3249 1740 3318 quempiain
1779 3250 1847 3302 ab
1878 3248 1992 3318 ipso
2020 3249 2198 3303 diver-

612 3355 730 3394 sum
759 3355 773 3393 :
803 3352 894 3394 aut
929 3342 974 3395 si
1015 3341 1137 3408 quis
1170 3341 1320 3393 ἰΙΙιιιιι
1363 3355 1463 3407 pro
1512 3341 1692 3407 seipso
1724 3353 1960 3406 quoque,
2004 3347 2060 3391 et
2091 3352 2195 3390 non

613 3431 792 3501 potius
822 3447 918 3502 pro
954 3432 1111 3485 nobis
1159 3433 1292 3486 solis
1342 3432 1674 3484 sacriﬁcium
1711 3431 1972 3484 obtulisse
1999 3430 2199 3484 dixerit

614 3523 810 3592 (neque
844 3523 986 3579 enim
1042 3524 1324 3578 oblatione
1372 3525 1588 3591 egebat,
1639 3524 1728 3591 qui
1771 3531 2049 3593 peccatum
2092 3536 2197 3577 non

614 3615 785 3686 novit)
816 3632 829 3668 :
864 3616 1150 3669 anathema
1194 3616 1284 3668 sit.

1090 3725 1447 3780 Orientalium
1492 3725 1736 3795 objectio.

687 3838 742 3893 Si
779 3839 917 3893 Deus
955 3839 1192 3894 Verbum
1243 3851 1328 3894 est
1374 3856 1620 3894 summus
1652 3841 1930 3903 sai-erdos,
1973 3839 2057 3892 cui
2093 3838 2201 3892 Deo

615 3945 734 3994 suo,
770 3930 854 3984 vel
889 3930 1034 3998 quali
1078 3931 1444 3984 ministerium
1497 3947 1652 3986 suum
1700 3931 1896 3985 oll'ert?
1931 3932 2036 3985 Sed
2065 3929 2201 3984 obli-

617 4033 706 4078 tus
730 4033 813 4076 est
852 4025 994 4078 beati
1039 4022 1191 4077 Pauli
1241 4025 1518 4078 dicentis:
1556 4043 1573 4074 ι
1609 4023 1723 4079 Νοη
1769 4025 1910 4078 enim
1941 4025 2202 4078 habemus

618 4115 962 4183 pontiﬁcem,
1006 4115 1098 4181 qui
1149 4130 1256 4168 non
1308 4116 1480 4181 possit
1529 4116 1761 4183 compati
1798 4113 2202 4167 infirmitatibus

821 4205 1060 4269 tt05tris,
1103 4207 1196 4258 sed
1236 4215 1500 4258 lentatum
1549 4221 1643 4274 per
1675 4206 1855 4258 omnia
1902 4206 2200 4259 semiudum

2298 3158 2603 3229 ἄνθρωπος,
2638 3157 2753 3210 ἀλλ’
2775 3157 2850 3221 ὡς
2873 3157 2958 3211 ἐτε
2971 3176 3061 3228 ρον
3091 3158 3222 3230 παρ’
3253 3159 3438 3224 αὑτὸν,
3465 3159 3648 3224 ἰδικῶς
3676 3162 3900 3232 ἄνθρωο

2301 3268 2400 3304 πον
2443 3251 2507 3303 ἐκ
2555 3249 2846 3318 γυναικόςο
2891 3249 2924 3321 ἢ
2987 3249 3041 3302 εῐ
3084 3267 3166 3313 τις
3241 3248 3387 3318 λέγει
3446 3250 3638 3322 ύπὲριι
3691 3253 3899 3307 ἐαυτοῦ

2300 3343 2686 3410 προσενεγκεῖν
2737 3339 2899 3393 αὑτὸν
2946 3342 3046 3411 τὴν
3098 3343 3438 3413 προσφορὰν,
3503 3344 3595 3396 καὶ
3639 3344 3762 3414 οὐχὶ
3823 3347 3900 3416 δὴ

2304 3433 2503 3503 μᾶλλον
2545 3433 2684 3502 ὑπὲρ
2734 3433 2910 3502 μόνων
2944 3432 3100 3502 ἡμῶν
3132 3433 3214 3502 (ού
3247 3433 3357 3505 γὰρ
3389 3433 3456 3487 ἂν
3485 3434 3680 3506 ἐδεήθη
3711 3452 3897 3506 προσ-

2303 3526 2476 3596 φορᾶς
2502 3526 2529 3578 6
2561 3523 2635 3596 μὴ
2665 3523 2821 3587 είδὼς
2853 3522 3153 3596 ἁμαρτίαν)
3209 3523 3463 3595 ἀνάθεμα
3498 3524 3659 3580 ἔστω.

2613 3726 2980 3794 Ἀντίῤῥησις
3016 3723 3136 3778 τῶν
3181 3725 3591 3781 Ἀνατολικῶν.

2377 3843 2438 3896 Εί
2488 3841 2782 3912 ἀρχιερεὺς
2815 3842 2843 3894 6
2880 3839 3010 3904 Θεὸς
3075 3838 3239 3908 Λόγος
3265 3879 3281 3906 ,
3323 3839 3428 3893 τίνι
3474 3839 3593 3910 Θεῷ
3633 3842 3804 3896 αὐτοῦ
3869 3846 3904 3913 ἦ

2304 3932 2442 4002 ποίῳ
2462 3930 2530 3984 τὰ
2551 3931 2650 4000 τῆς
2676 3929 2972 3998 θεραπείας
3004 3926 3336 3998 προσφέρεις
3379 3928 3518 3982 Ἀλλ’
3551 3930 3852 3985 ἐπελάθετο
3877 3944 3908 3970 ο

2305 4023 2396 4076 τοῦ
2430 4021 2702 4092 μακαρίου
2726 4020 2942 4074 Παύλου
2971 4020 3224 4085 εἰπόντος
3242 4037 3255 4050 °
3294 4041 3312 4072 ι
3339 4022 3413 4075 Ού
3436 4021 3544 4092 γὰρ
3567 4022 3767 4092 ἔχομεν
3796 4027 3910 4094 ἀρ-

2305 4113 2492 4184 χιερέα
2530 4113 2604 4182 μὴ
2654 4112 2956 4181 δυνάμενον
3008 4112 3367 4184 συμπαθῆσαι
3416 4115 3537 4175 ταῖς
3585 4114 3910 4179 ἀσθενείαις

2304 4203 2484 4273 ἡμῶν,
2519 4202 2926 4273 πεπειραμένον
2961 4203 3018 4256 δέ
3064 4203 3206 4256 κατά
3236 4205 3414 4258 πάντα
3442 4204 3564 4258 καθ’
3600 4206 3911 4276 ὁμοιότητα

617 4295 1030 4349 similitudinem
1093 4295 1302 4364 absque
1345 4307 1570 4363 peccato
1596 4295 1661 4348 ¹³.
1695 4314 1712 4347 ι
1751 4295 1884 4360 Quis
1921 4295 2083 4363 igitur
2120 4303 2195 4346 est

2307 4296 2475 4366 χωρὶς
2503 4294 2801 4366 ἁμαρτίας.
2842 4313 2860 4347 ι
2895 4294 2992 4358 Τίς
3019 4291 3113 4350 οῦν
3147 4298 3294 4350 ἐστιν
3323 4297 3352 4350 6
3387 4299 3831 4368 πεπειραμένος;
3875 4306 3911 4355 6

608 4394 861 4440 tentatus
891 4385 1014 4438 ille?
1041 4402 1165 4439 num
1202 4385 1346 4440 Deus
1374 4385 1724 4451 Verhum,an
1757 4387 1985 4439 humana
2013 4395 2195 4438 natura

2310 4385 2440 4449 Θεὸς
2491 4385 2701 4453 Λόγος,
2751 4385 2784 4455 ἢ
2833 4385 2868 4455 ἡ
2913 4385 3227 4457 ἀνθρωπεία
3275 4388 3438 4458 φύσις
3478 4389 3540 4442 τὸ
3583 4390 3677 4443 τοῦ
3731 4393 3912 4447 Δαυῖδ

619 4491 804 4529 semen
863 4476 1065 4530 David?
1125 4476 1189 4530 Et
1245 4477 1440 4530 iterum
1493 4495 1562 4532 ιι
1600 4477 1768 4532 Nemo
1815 4478 1915 4530 sibi
1973 4477 2195 4529 assumit

2312 4477 2572 4546 σπέρμα;
2607 4477 2718 4529 Καὶ
2753 4475 2917 4530 πάλιν
2940 4492 2953 4506 ·
2988 4495 3006 4528 ι
3034 4477 3146 4548 Οὐχ
3173 4479 3350 4550 ἐαυτῷ
3378 4497 3461 4544 τις
3490 4481 3757 4552 λαμϐάνει
3797 4484 3910 4552 τὴν

621 4568 906 4632 honorem,
957 4569 1051 4622 sed
1084 4579 1307 4622 vocatus
1342 4585 1369 4620 a
1415 4569 1545 4633 Deo,
1581 4570 1722 4623 sicut
1766 4578 1818 4622 et
1864 4569 2044 4622 Aaron
2081 4587 2093 4621 :
2129 4567 2201 4622 ita

619 4669 673 4711 et
704 4659 954 4713 Christus
997 4675 1100 4713 non
1137 4661 1381 4730 seipsum
1417 4662 1767 4730 gloriﬁcavit,
1807 4671 1863 4714 ut
1891 4662 2041 4714 lierct
2071 4676 2204 4729 pon-

622 4747 841 4800 tifex“.
878 4765 895 4797 ι
931 4747 1063 4813 Quis
1112 4749 1276 4818 igitur
1322 4750 1432 4814 ille,
1470 4751 1560 4818 qui
1615 4760 1963 4818 comparatur
2009 4765 2203 4803 secun-

622 4839 748 4892 dum
805 4839 1093 4892 sacerdotii
1144 4840 1462 4908 dignitatem
1519 4821 1617 4908 ipsi
1661 4842 1867 4903 Aaron,
1918 4849 1971 4892 et
2017 4855 2120 4894 non
2171 4853 2200 4892 a

623 4930 806 4998 seipso
839 4931 1094 4984 honorem
1127 4931 1452 4996 assumenti,
1493 4933 1586 4985 sed
1616 4947 1803 4986 νοεοιο
1833 4948 1860 4984 a
1892 4931 2024 4993 Deo,
2051 4941 2105 4985 et
2135 4930 2198 4986 ad

626 5022 939 5090 dignitatem
975 5023 1277 5077 sacerdotis
1320 5023 1682 5077 ascendenti?
1728 5039 1853 5077 num
1883 5025 2060 5077 divina
2103 5040 2202 5077 na-

592 5191 604 5205 ’
692 5196 712 5226 ⁸
750 5199 869 5252 Act.
908 5213 990 5262 Ill,
1024 5198 1206 5260 12,13.
1275 5199 1316 5228 ¹⁰
1353 5197 1490 5250 Psal.
1525 5214 1696 5263 xxxii,
1731 5197 1784 5250 6.

2309 4567 2496 4637 τιμὴν,
2527 4563 2664 4618 ἀλλὰ
2686 4575 2710 4614 P
2741 4565 3072 4637 καλούμενος
3096 4568 3200 4622 ὑπὸ
3232 4569 3392 4634 Θεοῦ,
3427 4570 3724 4642 καθώσπερ
3771 4574 3910 4627 Ἀα-

2311 4654 2492 4727 ρώνιι·
2531 4654 2674 4708 οῦτω
2704 4654 2799 4708 καὶ
2845 4658 2873 4709 6
2919 4657 3156 4727 Χριστὸς
3187 4660 3285 4728 οὐχ
3316 4660 3509 4713 ἐαυτὸν
3544 4661 3764 4728 ἐδόξασε
3799 4679 3907 4730 γε-

2309 4747 2497 4802 νέσθαι
2527 4748 2806 4818 ἀρχιερέα.
2844 4767 2861 4799 ι
2893 4749 2989 4812 Τίς
3018 4745 3110 4803 οὖν
3138 4753 3165 4802 6
3195 4750 3270 4820 τῷ
3305 4750 3514 4823 Ἀαρὼν
3549 4753 3687 4806 κατὰ
3711 4754 3772 4807 τὸ
3797 4754 3910 4823 τῆς

2312 4840 2611 4912 ἱερωσύνης
2651 4841 2868 4912 ἀξίωμα
2891 4884 2906 4906 ,
2949 4843 3044 4895 καὶ
3090 4842 3168 4912 τῷ
3199 4844 3274 4914 μὴ
3313 4845 3406 4912 ἀφ’
3436 4844 3601 4897 αὑτοῦ
3624 4855 3646 4884 ι’
3679 4846 3905 4917 λαμὸά-

2310 4947 2452 4983 νοντι
2476 4942 2498 4970 ⁸
2544 4931 2643 5003 τὴν
2685 4932 2869 5004 τιμὴν,
2901 4932 3039 4986 ἀλλά
3068 4933 3390 5004 καλουμένῳ
3420 4935 3437 4969 ί
3475 4936 3579 4990 ὑπὸ
3611 4936 3706 4988 τοῦ
3736 4937 3906 5003 Θεοῦ,

2313 5025 2406 5076 καὶ
2430 5025 2508 5088 είς
2529 5025 2626 5094 τὴν
2651 5025 2808 5089 ἀξίαν
2832 5025 2930 5095 τῆς
2958 5024 3257 5096 ἱερωσύνης
3290 5025 3636 5081 ἀναϐαίνοντι
3670 5045 3910 5099 συγκρι-

1862 5201 1900 5230 ¹¹
1939 5199 2100 5252 llehr.
2137 5215 2194 5253 Ill

2362 5203 2403 5233 ”
2443 5202 2777 5270 Ephes.v,2.
2843 5204 2884 5234 ¹³
2920 5202 3081 5258 Hebr.
3123 5219 3194 5272 tv,
3232 5205 3317 5259 15.
3370 5206 3412 5235 ¹⁸
3445 5205 3609 5261 llebr.
3649 5223 3701 5272 v,
3743 5208 3797 5273 ι,
3844 5210 3905 5266 5.

1677 5355 1853 5408 Vat-he
1877 5355 2135 5408 lcetioncs
2161 5371 2221 5408 ex
2256 5356 2443 5410 codice
2472 5357 2841 5426 Seguieriano.

704 5545 727 5572 ⁸
764 5531 842 5604 δεῖ
865 5532 945 5604 δὲ,
981 5531 1151 5604 οἶμαι.
1247 5533 1273 5573 ι)
1302 5532 1670 5585 κατευθύνειν.

636 5602 1060 5670 Ιςὁμολογοῦσιν.
1137 5607 1161 5644 δ
1197 5607 1519 5672 ἐνεργεῖται.
1621 5605 1630 5642 i

631 5682 671 5710 ιιι
697 5675 796 5725 ὅτι.
871 5681 898 5708 ιι
925 5677 1015 5729 καὶ
1050 5675 1211 5746 ὑπέρ.

635 5758 812 5812 μενος.

1621 5605 1632 5642 ί
1681 5604 1891 5671 ἐνεργεῖ
1918 5604 1994 5655 δέ.

1778 5544 1799 5571 ο
1837 5533 2264 5602 προσιζήσαντα,
2297 5533 2331 5599 ἢ
2367 5533 2646 5601 ίζήσαντα.
2725 5530 2751 5568 ἀ
2783 5532 3226 5585 κατασκώπτειν.

2100 5602 2110 5650 i
2163 5603 2322 5666 αὐτὸς
2352 5607 2470 5665 τὰς,
2495 5601 2554 5668 ἢ,
2592 5604 2755 5654 αὑτοῦ
2789 5605 2903 5663 τάς.

1289 5684 1313 5710 υ
1340 5673 1651 5726 ἐπελάϐετο.
1730 5683 1755 5723 P
1785 5674 1896 5727 ἀλλ’
1928 5676 1974 5726 6.
2053 5683 2077 5720 τι
2109 5675 2200 5726 καὶ
2243 5674 2471 5742 ἱλαρῶν.

3311 5546 3333 5571 ε
3369 5534 3479 5587 τόν.
3567 5535 3582 5572 ί
3613 5537 3672 5588 οὑ
3710 5539 3904 5593 πολύε.

3013 5603 3342 5675 κᾷγενητῷν.
3381 5674 3389 5675 7
3458 5603 3903 5675 ιέπιτρίςοντες.

2577 5682 2594 5708 τ
2628 5674 2726 5723 οὐκ
2756 5674 2847 5740 ἀφ’
2875 5671 3098 5728 ἑαυτοῦ.
3199 5671 3222 5712 ὶ
3247 5674 3561 5745 λαμϐάνων.
3634 5671 3662 5711 ἰ
3703 5680 3906 5731 καλού-
