4042 6476
120 370 191 421 $5!
707 360 1231 420 APOLOGETICUS
1269 361 1407 419 PRO
1448 364 1539 419 XN
1578 315 1945 422 CAPITIBDS
1984 365 2266 421 CONTRA
2306 365 2768 422 ORIENTALES.

3248 368 3352 426 562

117 485 338 553 νόμενθς;
386 484 455 536 Ἡ
485 482 613 537 θεία
648 482 809 553 φύσις
835 525 850 548 ,
898 484 930 550 ἠ
983 480 1058 551 τῷ
1090 482 1268 552 Πατρί⁸
1320 483 1611 548 συναῖδιος,
1643 485 1674 554 ὴ

1804 500 1924 550 ora,
1972 500 2091 554 quae
2136 495 2217 541 est
2257 484 2404 541 Patri
2458 495 2751 551 coaeterna,
2808 482 2892 539 cui
2941 486 3122 541 Omnia
3171 486 3351 544 Patris

119 580 263 629 πάντα
290 575 360 628 τὰ
387 574 492 628 τοῦ
510 574 731 644 Πατρὸς
764 573 873 626 ἴδια
902 572 1131 641 ἕχουσας
1160 573 1239 629 εἰς
1281 574 1430 625 ποῖον
1460 573 1676 644 ἀξίωμα

122 667 272 735 μεῖζον
305 666 516 733 ἑαυτῆς
558 663 847 721 άνέϐαινε;
896 662 1002 714 Καὶ
1034 662 1324 731 φήσομαιιι
1370 660 1468 731 τὴν
1520 662 1679 732 ἱερω-

120 758 253 825 εόνην
299 755 617 824 ἀξιωτέραν
650 753 749 822 τῆς
782 751 931 814 θείας
960 751 1175 819 φύσεως
1208 751 1498 821 ὑπάρχειν,
1540 750 1677 822 πρὸς

117 850 165 915 ἦν
190 849 281 900 οὐκ
316 848 413 912 ἀφ’
447 846 672 910 ἑαυτοῦ,
723 844 859 898 ἀλλὰ
908 842 1241 911 καλούμενος
1276 842 1380 895 ὑπὸ
1410 841 1504 895 τοῦ
1543 841 1678 896 Θεοῦ

117 937 211 988 κατ’
252 938 434 1007 αὐτὴν
462 946 488 973 ν
522 937 797 1000 ἀνέϐαινε,
834 935 927 988 καὶ
965 933 1033 987 δι’
1073 933 1243 1004 αὐτῆς
1290 932 1601 1000 ὲδοξάξετο;
1643 933 1676 1003 ἢ

115 1033 163 1083 ἐκ
194 1032 519 1101 σπέρματος
565 1028 727 1083 Δαυῖδ
773 1016 805 1099 ἧ
853 1028 1117 1098 γενομένη
1161 1029 1254 1081 καὶ
1305 1027 1602 1099 όρισθεῖσα,

114 1123 189 1174 καὶ
221 1124 293 1184 ὡς
324 1121 551 1192 ῶμοσεν
570 1131 592 1158 ι
623 1124 651 1175 ὁ
671 1120 820 1184 Θεὸς,
856 1121 997 1173 κατὰ
1020 1120 1111 1173 τὸν
1140 1120 1469 1188 Ψαλμῳδὸν,
1489 1119 1681 1173 δώσειν

114 1215 175 1274 εἰς
214 1210 302 1264 τὸν
344 1210 530 1265 αἰῶνα
573 1210 634 1262 τὸ
674 1211 774 1279 τῆς
821 1209 1167 1279 ἱερωσύνηςγ
1190 1226 1203 1273 ;
1241 1226 1258 1259 ι
1298 1210 1502 1278 Ὤμοσε
1550 1209 1678 1279 γὰρ,

112 1303 246 1372 φησὶ,
292 1303 533 1372 Κύριος,
581 1303 676 1353 καὶ
713 1301 772 1353 οὺ
827 1300 1362 1371 μεταμεληθήσεται·
1400 1300 1470 1352 Σὺ
1505 1300 1682 1370 ἱερεὺς

112 1397 176 1457 ιίς
197 1395 283 1447 τὸν
312 1392 500 1447 αἰῶνα
526 1392 666 1446 κατὰ
698 1393 797 1463 τὴν
820 1392 972 1455 τάξιν
990 1389 1344 1460 Μελχισεδέκ.
1372 1408 1390 1441 ι
1413 1390 1473 1442 Ἢ
1494 1390 1684 1460 θεότης

110 1480 188 1533 τοῦ
204 1479 558 1547 Μονογενοῦς
584 1480 889 1549 ἐνωμότους
917 1478 1239 1547 ὑποσχέσεις
1271 1479 1420 1546 παρὰ
1438 1478 1684 1531 τοῦηΘεοῦ

110 1572 400 1641 ἐλάμϐανε,
450 1570 721 1641 λήψεσθαι
769 1571 869 1639 τὴν
899 1571 1199 1640 ἱερωσύνην
1242 1572 1321 1631 εἰς
1370 1569 1461 1623 τὸν
1492 1570 1683 1635 αἰῶνα,

108 1635 347 1733 καί-παρ’
388 1635 579 1731 αὑτῇ-ι
612 1635 1073 1730 δοξασθῆσεσθαις
1120 1635 1227 1711 Καὶ
1262 1659 1342 1721 τίς
1368 1657 1526 1729 ἡμῶν
1554 1659 1685 1712 ἀνά-

111 1770 213 1822 qm
237 1767 261 1794 ι
288 1753 479 1807 ταῦτα
506 1752 789 1819 λεγόντων,
835 1751 867 1821 ἢ
901 1749 1182 1813 νοούντων,
1230 1750 1322 1803 καὶ
1353 1751 1450 1801 οὐκ
1490 1751 1688 1803 εὐτελί-

1788 585 1915 630 sunt
1944 577 2204 645 propria?
2260 587 2310 632 et
2342 577 2393 630 in
2442 592 2603 644 quam
2651 576 2970 647 dignitatem
2999 593 3063 631 se
3096 579 3352 646 majorem

1786 667 2065 720 ascendit?
2116 665 2435 721 Dicemusne
2491 665 2855 720 sacerdotium
2911 666 3091 720 divina
3156 678 3348 721 natura

1787 756 2021 823 dignius,
2053 758 2118 810 ad
2155 757 2294 825 quod
2326 772 2430 810 non
2460 771 2490 810 a
2525 757 2727 824 seipso,
2770 756 2862 810 sed
2887 770 2981 824 per
3024 756 3152 810 illud
3182 776 3209 810 a
3248 757 3357 812 Deo

1788 855 2009 900 vocatus
2051 848 2314 910 ascendit,
2348 856 2401 900 et
2442 860 2537 916 per
2570 846 2696 899 illud
2741 854 2825 900 est
2873 845 3206 914 gloriﬁcatus
3233 888 3248 912 ,
3287 863 3355 901 an

1788 950 1916 990 vero
1959 944 2149 990 natura
2198 950 2264 989 ex
2315 937 2523 989 sem-ine
2574 934 2737 989 David
2792 934 2935 991 facta
2984 944 3039 990 et
3068 937 3355 1006 praedesti-

1790 1036 1950 1091 nata,
1990 1025 2076 1079 cui
2111 1024 2271 1079 etiam
2316 1023 2520 1091 iuravit
2554 1024 2717 1089 Deus,
2765 1026 3059 1080 secundum
3095 1025 3355 1090 Psaltem,

1792 1117 2042 1169 daturum
2097 1128 2157 1169 se
2216 1116 2576 1170 sacerdotium
2636 1114 2688 1168 in
2746 1116 3049 1170 aeternum?
3101 1116 3361 1171 «Iuravit

1788 1204 1960 1271 enim,
1987 1204 2181 1274 inquit,
2206 1204 2489 1270 Dominus,
2525 1215 2578 1259 et
2615 1220 2721 1259 non
2764 1208 3056 1285 pmnitebiti
3097 1222 3217 1262 eum
3244 1224 3257 1261 :
3281 1207 3362 1261 Tu

1792 1309 1850 1347 es
1898 1295 2152 1349 sacerdos
2202 1294 2252 1349 in
2303 1305 2563 1351 aeternum
2606 1299 2900 1351 secundum
2936 1298 3181 1352 ordinem
3233 1298 3386 1353 Mel-v

1794 1383 2080 1439 cbisedecb
2108 1386 2169 1438 ".
2205 1404 2222 1436 ι
2261 1384 2397 1440 Num
2430 1387 2599 1442 deitas
2631 1386 2899 1459 Unigeniti
2927 1403 2954 1439 a
2979 1389 3085 1442 Deo
3126 1389 3365 1457 promis-

1796 1474 1977 1529 siones
2006 1490 2125 1530 cum
2152 1476 2464 1545 juramento
2504 1480 2733 1547 accepit,
2776 1490 3150 1549 suscepturam
3185 1495 3243 1534 se
3276 1495 3365 1535 sa-

1796 1566 2092 1620 cerdotium
2141 1568 2193 1620 in
2227 1577 2508 1632 aeternum,
2542 1582 2638 1637 per
2678 1570 2822 1638 quod
2869 1571 2936 1623 sit
2971 1569 3365 1639 gloriﬁcanda?

1800 1652 1864 1706 Et
1919 1654 2040 1721 quis
2079 1666 2323 1709 nostrum
2367 1655 2503 1711 feret
2547 1657 2673 1711 talia
2712 1658 2951 1713 dicentes
3001 1659 3083 1713 vel
3117 1659 3367 1728 cegitan-

1799 1744 1921 1797 tes?
1950 1744 2079 1811 Quis
2119 1762 2221 1799 uou
2255 1756 2563 1802 contemnet
2591 1763 2688 1802 nos
2733 1750 2897 1802 Deum
2938 1749 3363 1812 introducentes,

111 1848 226 1898 sub
262 1846 467 1915 ἡμᾶς,
519 1844 654 1897 Θεὸν
708 1842 1027 1907 εἰσάγοντας
1076 1839 1551 1911 χειροτονούμενον
1590 1841 1690 1911 ἀρ-

1804 1834 1883 1900 qni
1937 1834 2175 1901 pontifex
2236 1838 2537 1900 ordinetur,
2586 1847 2639 1890 et
2693 1847 2844 1904 pacta
2897 1852 3017 1891 cum
3052 1838 3366 1906 juramento

108 1938 306 2005 χιερέα,
344 1937 443 1989 καί
474 1934 741 2003 ἐνωμόσει
779 1933 1104 2001 ὑποσχέσεις
1129 1944 1150 1969 ε
1192 1932 1558 2001 λαμὸάνοντα,
1589 1950 1694 1985 κα-

109 2028 305 2081 λεῖσθαί
343 2044 406 2083 τε
451 2028 532 2089 εἰς
574 2025 636 2077 τὸ
672 2024 773 2094 τῆς
821 2023 1121 2095 ἱερωσύνης
1170 2023 1421 2094 ἀξίωμα,
1462 2024 1555 2077 καί¹
1596 2025 1693 2094 οὐχ

110 2120 277 2190 ἑαυτῷ
327 2119 689 2189 λαμϐάνοντα
732 2116 834 2187 τὴν
876 2118 1063 2187 τιμὴν,
1117 2116 1234 2169 ἀλλ’
1262 2118 1339 2179 εἰς
1364 2116 1568 2188 ταύτην
1600 2135 1696 2170 κα-

109 2212 390 2280 λούμενον,
424 2211 523 2263 καὶ
555 2209 983 2279 συγκρινόμενον
1026 2206 1103 2278 τῷ
1154 2207 1354 2277 πρώτῳ
1398 2206 1496 2277 τὴν
1540 2209 1698 2278 ἱερω-

113 2305 267 2373 σύνην
296 2303 561 2366 λαὸόντι;
584 2303 696 2355 Καὶ
722 2301 886 2354 πάλιν
916 2302 1069 2370 φησὶ,
1112 2299 1298 2361 καθὼς
1324 2300 1418 2352 καὶ
1444 2301 1500 2351 ὲν
1525 2299 1694 2368 ἑτέρῳ

111 2395 284 2462 λέγει·
331 2415 350 2446 ι
388 2395 463 2447 Σὺ
519 2395 699 2465 ἱερεὺς
739 2395 818 2457 εἰς
871 2394 960 2444 τὸν
1007 2392 1177 2445 αἰῶνα
1228 2390 1367 2443 κατὰ
1407 2390 1505 2460 τὴν
1545 2389 1696 2454 τάξιν

112 2487 473 2557 Μελχισεδέκ.
513 2505 531 2537 ι
575 2487 685 2538 Καὶ
730 2484 814 2546 τίς
853 2484 1015 2536 πάλιν
1072 2481 1211 2534 κατὰ
1247 2482 1345 2552 τὴν
1398 2479 1698 2550 ἱερωσύνην

115 2578 454 2648 Μελχισεδὲκ
509 2577 843 2630 ἀπείκασται
867 2592 879 2638 ;
907 2569 1053 2641 *Λρα
1096 2572 1243 2624 ὅσιον
1276 2572 1366 2623 τὸν
1404 2572 1535 2624 Θεὸν
1567 2571 1698 2623 ὑπο-

111 2670 437 2739 λαμϐάνειν,
492 2666 525 2736 ἢ
569 2666 667 2734 τὴν
701 2664 761 2728 ἐξ
807 2662 965 2733 ἡμῶν
1014 2662 1309 2732 ληφθεῖσαν
1362 2663 1558 2733 σάρκα,
1600 2662 1699 2732 τὴν

112 2757 410 2809 ὲνωθεῖσαν
464 2754 789 2823 ἀχωρίστως
854 2751 1006 2822 ἅμα,
1052 2753 1147 2804 καὶ
1198 2753 1519 2822 ἁσυγχύτως
1571 2768 1697 2803 συν-

111 2849 408 2919 ημμένην;
450 2845 752 2900 Καὶ-πάλιν
795 2844 991 2913 φησίν’
1033 2864 1049 2894 ι
1087 2846 1181 2906 Ὃς
1224 2844 1281 2895 ὲν
1310 2846 1431 2906 ταῖς
1462 2844 1698 2913 ἡμέραις

111 2943 204 3009 τῆς
249 2938 466 3010 σαρκὸς
510 2936 677 2990 αὐτοῦ
712 2935 930 3006 δεήσεις
952 2951 1033 2996 τε,
1061 2935 1155 2987 καὶ
1196 2934 1474 3004 ἱκετηρίας
1497 2932 1522 2971 (1
1564 2932 1699 3002 πρὸς

108 3033 192 3084 τὸν
220 3032 538 3099 δυνάμενον
573 3027 765 3091 σώζειν
800 3027 962 3079 αὑτὸν
1007 3026 1071 3078 ὲκ
1105 3024 1337 3078 θανάτου
1367 3024 1505 3095 μετὰ
1529 3040 1701 3093 κραυ-

110 3123 207 3191 γῆς
266 3121 507 3189 ἰσχυρᾶς
555 3118 648 3169 καὶ
700 3114 953 3184 δακρύων
1006 3115 1401 3184 προσενέγκας,
1448 3115 1541 3165 καὶ
1589 3114 1701 3165 εἱσ-

110 3212 411 3273 ακουσθείς
455 3208 566 3262 ἀπὸ
608 3208 707 3276 τῆς
737 3204 1040 3269 εὐλαϐείας.
1082 3224 1099 3255 ι
1127 3200 1276 3275 Ἀρα
1300 3206 1329 3256 ὁ
1358 3204 1492 3264 Θεὸς
1532 3205 1701 3270 Λόγος

108 3304 330 3373 δεήσεις
362 3302 459 3353 καὶ
507 3297 789 3369 ἱκετηρίας
809 3307 856 3362 ο,
884 3296 978 3349 καί
1014 3296 1152 3366 μετὰ
1194 3296 1441 3367 κραυγῆς
1478 3296 1701 3363 ἰσχυρᾶς

110 3395 246 3465 πρός
297 3409 431 3445 τινα
496 3390 794 3459 δυνάμενον
847 3385 1041 3450 σώζειν
1095 3387 1291 3452 αὑτὸν,
1353 3386 1700 3458 προσφέρων,

110 3480 451 3553 εἰσηκούσθη
509 3481 618 3533 ἀπὸ
652 3479 755 3549 τῆς
786 3479 1092 3544 εύλαὸείας,
1139 3479 1233 3531 καὶ
1273 3478 1474 3548 ἔμαθεν
1504 3479 1597 3547 ἀφ’
1630 3471 1703 3529 ὧν

110 3574 279 3628 ἔπαθε
316 3574 419 3643 τὴν
448 3571 727 3640 ὑπακοήν;
766 3570 836 3622 Εἰ
870 3570 1049 3621 τοίνυν
1094 3572 1120 3621 ὁ
1148 3568 1279 3631 Θεὸς
1304 3569 1476 3635 Λόγος
1516 3569 1703 3638 ἀρχιε-

109 3667 259 3736 ρεὺς,
277 3666 397 3717 -καὶ
424 3662 633 3732 ἔμαθεν
661 3660 755 3728 ἀφ’
786 3654 859 3713 ὧν
893 3657 1094 3712 ἔπαθεν
1116 3657 1300 3721 αὐτὸς,
1335 3659 1429 3710 καὶ
1454 3658 1702 3710 ἐτελειώ-

108 3756 193 3824 θη.
262 3753 439 3807 Ἀλλὰ
486 3751 561 3820 μὴ
606 3749 967 3820 ταρασσέσθω
1004 3748 1157 3819 ὑμῶν
1200 3749 1233 3818 ὴ
1280 3748 1486 3801 διάνοια
1516 3747 1535 3786 ί
1578 3749 1705 3817 περὶ

106 3846 197 3899 τοῦ
236 3844 526 3904 παθόντος
570 3840 892 3893 ἀκούσασαο
948 3858 967 3889 ‹
997 3840 1215 3909 Καίπερ
1268 3839 1341 3890 ὢν
1378 3839 1524 3901 Υἱός.
1562 3858 1577 3888 ι
1628 3840 1703 3891 Ού

107 3939 213 4008 γὰρ
244 3936 348 3989 δύο
385 3932 537 3994 υἱούς
560 3948 763 4003 φαμεν,
787 3930 881 3984 τόν
900 3948 958 3983 τε
991 3930 1252 3995 παθόντα,
1282 3929 1377 3982 καὶ
1401 3930 1492 3981 τὸν
1518 3929 1705 3997 ἀπαθῆ

110 4032 419 4099 μείναντα·
472 4026 538 4079 οὗ
586 4026 696 4095 γὰρ
746 4024 1216 4095 κεχωρισμένως-κ
1257 4023 1350 4076 καὶ
1398 4020 1707 4085 ἰδιαζόντως

107 4124 201 4192 τῆς
218 4121 501 4191 ’θεότητος
522 4118 550 4170 ό
573 4119 635 4170 ὲκ
653 4114 682 4154 ιι
707 4117 1017 4190 σπέρματος
1047 4114 1207 4168 Δαυῖδ
1234 4114 1353 4176 Υἱὸς
1371 4114 1704 4183 ὠνόμασται,

108 4216 179 4278 ὡς
213 4214 352 4269 οὐδὲ
405 4215 438 4282 ἡ
489 4211 678 4279 θεότης
722 4207 859 4277 μετὰ
886 4207 984 4275 τὴν
1013 4207 1207 4258 ἕνωσιν
1240 4206 1365 4259 ἄνευ
1391 4207 1488 4274 τῆς
1518 4222 1708 4273 φαινο-

112 4308 285 4376 μένης
326 4300 538 4372 σαρκὸς
571 4299 700 4361 Υἱὸς
726 4298 1196 4367 προσηγόρευται·
1232 4296 1291 4348 τὸ
1326 4296 1433 4365 γὰρ
1472 4295 1569 4363 τῆς
1598 4293 1709 4345 υἱό-

108 4414 272 4467 τητος
308 4392 456 4465 μετὰ
509 4390 609 4461 τὴν
638 4390 844 4442 ’ἕνωσιν
890 4388 1182 4459 ἑκατέραις
1204 4388 1328 4449 ταῖς
1360 4386 1585 4455 φύσεσιν
1626 4386 1706 4449 ἓν,

1797 1924 2047 1993 accipiat,
2095 1935 2425 1995 voceturque
2474 1928 2539 1980 ad
2586 1928 2970 1991 sacerdotium,
3004 1938 3057 1981 et
3104 1943 3209 1981 non
3261 1928 3367 1982 sibi

1800 2016 1899 2084 ipsi
1960 2025 2204 2071 assumat
2250 2018 2529 2083 honorem,
2576 2020 2671 2073 sed
2723 2019 2788 2073 ad
2836 2018 2981 2072 illum
3031 2027 3273 2084 vocetur,
3316 2028 3371 2073 et

1801 2116 2143 2175 comparetur
2176 2109 2350 2176 primo
2380 2111 2469 2179 qui
2501 2110 2863 2165 sacerdotium
2895 2109 3135 2178 accepit?
3175 2109 3241 2163 Et
3271 2109 3372 2164 ite-

1804 2215 1917 2251 rum
1948 2218 1960 2253 :
1997 2217 2013 2248 ι
2047 2199 2505 2263 Quemadmodum
2543 2212 2595 2253 et
2630 2203 2679 2255 iu
2713 2202 2818 2255 alio
2861 2201 2980 2255 loco
3011 2202 3139 2256 dicit
3164 2219 3178 2255 :
3204 2200 3280 2254 Tu
3313 2216 3372 2255 es

1800 2288 2055 2340 sacerdos
2088 2287 2142 2341 in
2190 2297 2451 2342 aeternum
2492 2290 2786 2343 secundum
2819 2289 3064 2343 ordinem
3092 2288 3373 2342 Melchise-

1802 2379 1936 2433 dech
1958 2378 2021 2434 ¹⁶.
2049 2398 2066 2430 ι
2105 2379 2170 2432 Ει
2197 2380 2319 2448 quis
2348 2394 2537 2433 rursus
2563 2390 2904 2447 comparatus
2918 2379 3120 2447 estipsi
3152 2377 3373 2434 Melchi-

1801 2466 1997 2519 sedech
2036 2469 2333 2521 secundum
2385 2467 2786 2521 sacerdotium?
2824 2484 2952 2522 num
2993 2470 3167 2537 ipsum
3202 2468 3370 2524 Deum

1804 2555 2037 2611 Verbum
2087 2558 2396 2611 existimare
2438 2556 2518 2610 fas
2568 2567 2670 2622 est,
2718 2572 2786 2611 an
2832 2573 3052 2613 carnem
3102 2576 3169 2613 ex
3221 2560 3375 2615 nobis

1803 2657 2157 2716 assumptam,
2203 2649 2303 2717 ipsi
2353 2648 2792 2719 inseparabiliter
2826 2661 2882 2705 et
2928 2651 3210 2708 ineonfuse
3251 2654 3374 2709 uui—

1807 2749 1936 2794 tam.
1984 2739 2047 2792 Et
2084 2739 2275 2792 iterum
2307 2738 2476 2792 dicit:
2508 2756 2525 2788 ι
2563 2739 2666 2805 Qui
2702 2741 2756 2795 in
2791 2742 2981 2797 diebus
3013 2744 3197 2798 carnis
3239 2760 3374 2810 suat,

1806 2843 1993 2898 preces
2023 2839 2078 2884 et
2112 2828 2534 2897 supplicationes
2566 2831 2632 2883 ad
2670 2846 2816 2895 eum,
2847 2835 2938 2901 qui
2964 2835 3137 2901 possit
3162 2837 3376 2893 salvarc

1805 2918 1954 2971 illum
1987 2934 2016 2972 a
2059 2929 2251 2985 morte,
2285 2936 2408 2974 cum
2446 2919 2683 2975 clamore
2714 2922 2892 2977 valido
2920 2932 2974 2978 et
3008 2923 3265 2996 lacrymis
3293 2930 3377 2983 of-

1808 3009 2007 3074 ferens,
2032 3010 2316 3065 exauditus
2344 3020 2429 3066 est
2451 3026 2547 3080 pro
2580 3027 2677 3066 sua
2707 3016 3009 3068 reverentia
3040 3015 3121 3069 ¹⁶·.
3156 3034 3175 3067 ι
3210 3015 3378 3072 Num-

1808 3102 1933 3167 quid
1975 3102 2067 3157 Dei
2108 3102 2341 3159 Verbum
2371 3104 2793 3175 supplicationes
2831 3116 2885 3161 et
2916 3121 3129 3174 preces,
3170 3118 3377 3165 etcum

1808 3194 2044 3249 clamore
2091 3196 2269 3250 valido
2311 3197 2376 3251 ad
2420 3197 2796 3267 aliquem,qui
2839 3200 3009 3267 possit
3048 3200 3222 3270 ipsum
3268 3202 3378 3257 sal-

1806 3303 1935 3341 vare
1988 3286 2237 3352 offerens,
2294 3290 2608 3344 exauditum
2668 3298 2752 3345 est
2803 3304 2899 3358 pro
2944 3296 3271 3362 reverentia,
3326 3305 3381 3349 et

1807 3377 1989 3430 didicit
2020 3392 2083 3432 ex
2114 3378 2216 3442 his,
2250 3393 2366 3447 quae
2386 3395 2603 3446 passum
2623 3391 2724 3445 est,
2757 3383 3158 3460 obedientiam?
3196 3385 3252 3439 Si
3286 3386 3383 3453 igi-

1812 3478 1895 3523 tur
1924 3468 2065 3524 Deus
2096 3467 2329 3525 Verbum
2366 3482 2447 3524 est
2470 3471 2733 3540 pontifex,
2767 3474 2931 3527 etiam
2960 3475 3149 3530 didicit
3175 3492 3241 3531 ex
3274 3478 3379 3543 bis,

1808 3575 1927 3628 qua:
1976 3575 2167 3629 passus
2215 3570 2299 3616 cst
2350 3564 2483 3630 ipse,
2536 3574 2592 3616 ct
2634 3578 3041 3621 consummatus
3081 3579 3182 3621 est.
3224 3569 3386 3641 186

1811 3651 2009 3706 Verum
2047 3668 2112 3707 ne
2142 3655 2387 3708 turbetttr
2411 3669 2562 3709 tnens
2585 3666 2785 3719 vestra,
2817 3656 3042 3712 audiens
3078 3659 3141 3713 de
3171 3676 3234 3713 eo
3285 3663 3378 3727 qui

1814 3760 2003 3815 passus
2032 3754 2113 3801 est
2144 3764 2156 3800 :
2188 3764 2206 3797 ι
2246 3745 2311 3799 Et
2344 3748 2559 3815 quidem
2603 3762 2725 3801 cum
2758 3758 2901 3803 esset
2934 3749 3181 3805 Filius".
3212 3772 3233 3803 ι
3264 3751 3382 3805 Νοιι

1810 3839 1952 3894 enim
2002 3840 2133 3893 duos
2162 3838 2301 3894 ﬁlios
2343 3841 2631 3909 ponimus,
2673 3854 2794 3893 eum
2831 3843 2921 3909 qui
2956 3858 3152 3912 passus
3189 3853 3297 3906 est,
3333 3854 3385 3897 et

1811 3930 1901 3997 qui
1943 3930 2145 3983 mansit
2167 3931 2516 3998 impassibilis
2546 3950 2557 3983 :
2588 3946 2759 4000 neque
2786 3934 2926 3986 enim
2950 3948 2978 3985 a
3010 3934 3208 3989 deitate
3240 3950 3387 3988 seor-

1812 4021 1913 4075 sim
1939 4031 2315 4092 sequestrattts
2340 4023 2405 4089 is,
2434 4025 2524 4092 qui
2558 4033 2639 4078 est
2670 4039 2735 4078 ex
2769 4026 2973 4079 semine
2997 4024 3187 4087 David,
3220 4025 3389 4079 Filius

1816 4115 2125 4168 nominatus
2172 4123 2287 4180 est;
2340 4123 2396 4168 ut
2445 4130 2620 4187 neque
2657 4116 2829 4169 deitas
2880 4125 3004 4185 post
3060 4118 3382 4181 unitionem,

1814 4204 1932 4259 sine
1960 4219 2125 4257 carne
2156 4204 2351 4259 visibili
2388 4204 2557 4260 Filius
2584 4206 2850 4275 appellata
2882 4218 2961 4260 est
2990 4224 3002 4257 :
3036 4222 3160 4260 nam
3202 4207 3390 4260 ﬁliatio

1818 4304 1936 4363 post
1980 4295 2277 4349 unitionem
2325 4297 2540 4364 utrique
2587 4306 2792 4350 natura
2841 4313 2943 4350 una
2974 4308 3077 4361 est,
3108 4314 3229 4353 cum
3262 4315 3290 4352 a
3331 4314 3390 4352 se

1816 4398 2002 4440 mutuo
2022 4404 2124 4441 non
2155 4389 2264 4441 sint
2294 4399 2573 4458 separata}.
2604 4389 2721 4443 Non
2756 4391 2900 4443 enim
2929 4401 3051 4457 post
3083 4392 3383 4446 unitionem

108 4493 165 4543 οὐ
199 4484 657 4558 κεχωρισμένως
682 4482 947 4551 ἀλλήλων.
978 4482 1053 4534 Οὐ
1087 4480 1194 4551 γὰρ
1228 4479 1365 4549 μετὰ
1388 4480 1484 4548 τὴν
1513 4478 1695 4530 ἓνωσικ

1816 4478 2089 4546 separatio
2140 4478 2284 4533 facta
2335 4490 2417 4532 est
2450 4497 2461 4532 :
2495 4490 2675 4533 manet
2714 4482 2854 4535 enim
2892 4492 3149 4551 perpetua
3197 4484 3385 4535 unitio.

109 4578 403 4652 χωρισμὸς
438 4574 767 4644 ἐπεγένετοο
822 4573 971 4643 μένει
1010 4573 1118 4645 γὰρ
1163 4571 1439 4641 αἰώνιοςή
1489 4570 1700 4631 ένωσις.

121 4672 287 4725 Ἀλλὰ
328 4668 443 4738 γὰρ
476 4667 573 4718 καὶ
602 4668 659 4718 ὲν
694 4666 808 4727 τοῖς
846 4665 1040 4718 πάθεσι
1074 4665 1171 4729 τῆς
1217 4662 1416 4733 σαρκὸς
1442 4664 1477 4733 ἡ
1518 4662 1706 4731 θεότης

110 4764 431 4833 ἀχώριστος
456 4799 471 4823 ,
506 4756 722 4825 ἀπαθὴς
758 4757 1023 4826 μένουσα⁸
1071 4756 1163 4808 καὶ
1191 4754 1258 4807 τὰ
1303 4753 1580 4823 θεοπρεπῆ
1620 4753 1706 4805 διὰ

111 4857 206 4925 τῆς
242 4853 461 4924 σαρκὸς
488 4848 806 4903 ὲπετελεῖτο
826 4864 839 4877 ·
872 4847 996 4899 ὅθεν
1022 4846 1117 4898 ἕνα
1145 4845 1239 4897 καὶ
1272 4845 1361 4896 τὸν
1387 4844 1554 4897 αὑτὸν
1582 4843 1710 4896 Υἱὸν

112 4944 519 5014 ὁμολογοῦμεν,
570 4939 896 5009 ἁσυγχύτων
945 4937 1055 4990 τῶν
1120 4939 1334 5004 φύσεων
1392 4936 1707 5005 μενουσῶν·

114 5042 210 5090 οὒκ
246 5037 417 5090 ἄλλον
450 5035 548 5087 καὶ
578 5034 747 5088 ’ἄλλον
777 5033 1049 5099 λέγοντες,
1087 5030 1160 5099 μὴ
1200 5030 1433 5095 γένοιτο,
1467 5029 1581 5082 ἀλλ’
1616 5031 1709 5082 ἕνα

118 5132 207 5180 καὶ
243 5130 342 5180 τὸν
391 5127 573 5179 αὐτόν.
620 5124 908 5195 Ἀρχιερέα
954 5118 1046 5175 οὖν
1083 5122 1177 5175 καὶ
1205 5122 1507 5174 ἀπόστολον
1542 5123 1709 5191 ἡμῶν

190 5312 234 5341 ¹³
276 5310 420 5363 l‘sal.
456 5306 637 5371 (ζωαί.
721 5306 761 5335 ¹⁶
796 5303 953 5357 Hebr.
985 5320 1036 5365 ν,
1083 5303 1132 5363 7,
1175 5304 1238 5332 '°'
1276 5304 1404 5354 ibid.

1486 5302 1524 5330 ”
1566 5301 1691 5353 ibid.
1731 5297 1781 5347 S.

1816 4571 1953 4637 Quin
1980 4581 2039 4625 ct
2079 4571 2130 4625 in
2165 4572 2506 4641 passionibus
2538 4573 2719 4626 carnis
2753 4572 2925 4628 deitas
2959 4584 3074 4627 erat
3109 4575 3386 4643 insepara-

1818 4665 1957 4728 bilis,
2004 4678 2226 4718 manens
2276 4663 2653 4731 impassibilis;
2694 4674 2747 4719 et
2793 4680 2910 4733 qua:
2952 4665 3117 4719 Deum
3172 4670 3387 4727 decent,

1820 4770 1913 4821 per
1935 4769 2155 4807 carnem
2189 4754 2647 4822 perliciebantur:
2682 4756 2823 4807 unde
2854 4771 3015 4806 unum
3060 4764 3112 4807 et
3142 4756 3389 4808 eumdem

1821 4847 2014 4901 Filium
2046 4848 2390 4911 conﬁtemur,
2436 4848 2645 4899 naturis
2684 4846 2983 4899 incuul'usis
3010 4847 3387 4907 manentibus;

1824 4956 1925 4993 non
1963 4940 2125 4994 alium
2158 4949 2212 4993 et
2262 4939 2423 4992 alium
2475 4940 2737 5004 dicentes,
2774 4939 2940 4991 absit!
2982 4939 3073 4992 sed
3123 4954 3294 4992 unum
3339 4950 3390 4990 ct

1822 5030 2090 5082 eumdem.
2136 5028 2318 5094 Itaque
2361 5026 2665 5095 pontiﬁcem
2692 5032 2748 5078 ‘ct
2793 5026 3089 5094 apostolum
3145 5037 3388 5079 nostrum

1820 5119 2000 5173 Jesum
2057 5118 2333 5172 Christum
2386 5118 2680 5171 secundum
2730 5118 2940 5170 divinas
3013 5116 3389 5187 Scripturas”

1866 5297 1904 5326 "‘
1940 5295 2100 5348 Hebr.
2136 5312 2211 5359 Ill,
2256 5297 2303 5348 ί.

1208 5458 1377 5511 Varia:
1417 5459 1674 5511 lectiones
1707 5474 1767 5510 ex
1802 5456 1985 5508 codice
2016 5455 2388 5523 Seguierianu.

192 5638 217 5666 ιι
256 5624 529 5692 φήσομεν.
608 5629 635 5655 ν
668 5617 849 5692 αὐτόν,

124 5770 149 5805 Β
187 5768 252 5818 τὸ
288 5768 372 5815 ἐκ.

416 5855 691 5914 Panos.
738 5844 853 5905 Gtt.
896 5841 1147 5903 LXXVI.

930 5627 952 5654 ι
1049 5615 1140 5669 καὶ
1172 5613 1404 5688 (bilem.
1483 5623 1518 5688 Υ-
1614 5616 1750 5665 deest
1782 5615 2018 5688 ᾲξίωμα.

130 5680 354 5753 τελίέεί,
394 5680 447 5761 ἦ,
478 5692 539 5745 οὑ
566 5688 944 5759 κατευτελίσῃ.
991 5680 1044 5725 ”ε
1076 5686 1376 5752 ἐνωμότους
1405 5686 1691 5753 συνθήκας.
1769 5683 1792 5721 ἀ
1829 5680 2055 5747 ἱκεσίας.

2576 5627 2592 5645 ·
2631 5610 2940 5678 ἀνάσχοιτο.
3028 5610 3051 5645 δ
3085 5612 3142 5662 οὐ
3178 5629 3389 5663 κατευ-

2103 5626 2119 5651 ῑ
2152 5632 2260 5673 παρ
2305 5630 2495 5673 aut];

2240 5656 2257 5663 -
2305 5656 2422 5664 -.-..
2456 5656 2495 5673 ,.
2632 5656 2661 5662 τ
3094 5656 3139 5662 --
3180 5656 3349 5663 ηε---

2233 5656 2442 5744 ἱεσίσις.δ
2537 5656 2796 5748 fugiat.
2880 5684 2901 5717 ε
2943 5683 3389 5749 κεχωρισμένος.

2140 5697 2159 5722 ρ
2193 5685 2422 5744 ἱκεσίας.

2961 5841 3024 5901 1?.
