4042 6434
663 346 771 405 365

1624 335 1684 391 S.
1725 332 2004 390 CYRILLI
2042 333 2514 392 ALEXANDRINI
2552 330 2868 388 ARCIIIEP.

3817 324 3928 377 564

669 469 875 522 factum
924 477 1045 520 esse
1095 460 1273 517 nullus
1330 475 1438 516 non
1489 457 1871 522 confitebitur;
1925 473 2028 512 non
2067 467 2246 512 tamen

2361 458 2710 529 γεγεννῆσθαι
2738 454 2828 510 τὸν
2858 453 3062 524 Κύριον
3094 451 3250 523 ἡμῶν
3288 449 3493 523 Ἰησοῦν
3517 449 3750 524 Χριστὸν
3777 451 3925 502 κατά

669 565 979 625 separatum
1023 553 1250 608 seorsim
1286 549 1558 606 hominem
1596 564 1662 604 ex
1701 549 1924 604 muliere
1949 564 1978 601 a
2013 548 2105 602 Dei
2140 549 2242 603 Pa-

674 649 768 701 tris
799 644 998 708 Verbo,
1028 643 1101 696 ita
1127 650 1183 696 ut
1206 640 1349 710 quod
1375 654 1441 693 ex
1473 639 1681 693 semine
1713 636 1880 690 David
1913 637 2124 690 ttnitum
2161 647 2246 691 est

671 733 979 796 inconfuse,
1016 728 1362 785 inelfabiliter
1392 735 1447 781 et
1506 724 1940 794 inseparabiliter
1966 724 2142 779 Verbo
2179 739 2244 777 ex

671 824 834 878 Patre
863 822 1064 891 genito,
1098 821 1168 874 sit
1208 817 1449 890 pontifex
1501 824 1740 871 tentatus
1779 830 1872 883 per
1904 816 2084 870 omnia
2119 815 2244 869 abs-

671 929 776 984 que
810 923 1030 983 peccato
1055 912 1120 977 ¹⁹,
1162 919 1217 966 et
1260 908 1483 964 edoctus
1531 921 1596 961 ex
1635 905 1739 969 his,
1773 920 1889 972 quae
1925 921 2113 973 passus
2147 913 2245 967 est,

670 1004 1064 1068 obedientiam;
1116 1003 1208 1072 qui
1247 999 1509 1056 obtulerit
1548 996 1658 1052 Deo
1710 1009 1765 1051 et
1798 996 1941 1050 Patri
1999 1012 2102 1050 non
2152 1009 2248 1065 pro

674 1099 876 1169 seipse.
907 1097 1000 1152 sed
1034 1109 1130 1166 pro
1165 1093 1297 1150 solis
1321 1091 1478 1146 nobis
1504 1105 1655 1145 suam
1689 1103 1930 1144 carnem.
1958 1086 2072 1140 Non
2105 1086 2247 1139 enim

675 1188 920 1256 imperite
972 1186 1213 1239 dicemus
1273 1180 1441 1236 Deum
1496 1177 1732 1233 Verbum
1787 1177 2134 1248 pontiﬁcem,
2197 1181 2251 1228 et

674 1277 934 1333 obtulisse
966 1275 1202 1344 seipsum
1223 1271 1330 1327 Deo
1358 1281 1411 1326 et
1442 1270 1588 1325 Patri
1615 1288 1627 1324 :
1658 1284 1783 1324 nam
1819 1267 2091 1337 Unigcniti
2134 1266 2244 1322 dei-

677 1368 805 1423 tatis
841 1368 953 1438 ipse
980 1363 1145 1420 Pater
1178 1378 1284 1418 non
1315 1371 1398 1418 est
1436 1360 1603 1427 Deus,
1629 1360 1721 1416 sed
1751 1357 1936 1414 Pater.

1225 1651 1410 1723 Cyrilli
1440 1650 1700 1719 defensio.

746 1767 949 1823 lterum
979 1762 1308 1820 adversariis
1333 1770 1635 1831 opportune
1673 1758 1914 1814 dicemus
1943 1770 1957 1808 :
1990 1772 2007 1805 ι
2044 1754 2250 1823 Usque-

677 1869 787 1924 quo
839 1853 1158 1909 claudicatis
1221 1851 1483 1906 ambobus
1534 1847 1826 1917 peplitibus
1885 1844 2084 1899 vestris
2109 1842 2244 1894 ὀί»

674 1943 904 2014 Oportet
951 1945 1093 1997 enim
1140 1955 1236 1995 vos
1281 1938 1485 1992 habere
1533 1952 1717 1992 sanam
1765 1944 1821 1988 et
1875 1935 2140 2001 integrant
2189 1931 2254 1984 ad

679 2035 1054 2105 cognoscenda
1088 2042 1234 2087 recte
1271 2030 1392 2085 fidei
1438 2031 1689 2099 dogmata
1735 2037 1994 2090 mentem,
2025 2039 2133 2079 non
2160 2025 2254 2077 du-

679 2128 926 2198 plicitate
957 2125 1124 2179 animi
1169 2123 1589 2187 claudicantem,
1630 2129 1684 2174 et
1726 2118 1880 2171 valde
1910 2116 2252 2181 imbecillem,

677 2228 736 2272 et
788 2227 935 2273 recte
987 2215 1238 2271 incedere
1285 2227 1391 2267 non
1455 2211 1721 2265 valentem
1770 2227 1783 2262 :
1823 2227 1841 2259 ι
1871 2207 2004 2260 Nam
2060 2206 2254 2276 duplex

680 2309 861 2363 animo
899 2309 1215 2361 inconstans
1257 2314 1341 2357 est
1372 2303 1425 2355 in
1465 2302 1721 2356 omnibus
1764 2300 1864 2352 viis
1897 2299 2030 2362 suis,
2068 2307 2123 2352 et
2151 2313 2252 2350 non

681 2400 914 2469 accipiet
966 2394 1170 2463 aliquid
1215 2409 1243 2446 a
1299 2392 1526 2446 Domino
1555 2391 1621 2442 “.
1656 2408 1674 2440 ι
1726 2388 1892 2455 quue
1938 2388 2057 2441 dico
2102 2386 2256 2439 valde

683 2487 979 2549 admirans,
1029 2481 1371 2536 adversarios
1400 2487 1507 2531 tam
1561 2476 1902 2545 impudenter
1945 2490 2008 2528 ac
2057 2485 2257 2528 temere

682 2577 1015 2647 propositum
1061 2573 1356 2627 etiamnum
1416 2565 1949 2623 anathematismum
2005 2564 2258 2633 perstrin-

683 2681 812 2738 gere
838 2665 992 2721 velle.
1034 2662 1144 2717 Nec
1187 2661 1501 2722 absurdum,
1540 2658 1682 2726 quod
1722 2656 1909 2710 nolunt
1946 2653 2042 2707 Dei
2081 2652 2259 2706 Patris

685 2757 921 2813 Verbum
955 2771 984 2809 a
1022 2755 1176 2808 nobis
1201 2750 1470 2807 nominari
1506 2748 1664 2817 187
1706 2746 2007 2815 apostolum
2039 2753 2092 2798 et
2126 2759 2258 2813 pon-

685 2848 884 2904 tificem
938 2843 1299 2901 confessionis
1358 2851 1594 2904 nostrae,
1650 2839 1866 2908 quando
1918 2835 2119 2890 factum
2177 2843 2260 2887 est

681 2943 871 2996 homo.
916 2936 1050 2992 Nam
1081 2937 1171 3006 qui
1202 2949 1426 3005 prorsus
1458 2938 1729 2985 attentant
1775 2928 2110 2982 nativitatem
2143 2927 2259 2994 ejus

681 3031 987 3086 secundum
1028 3041 1248 3081 carnem
1281 3022 1623 3084 calumniari,
1652 3029 1706 3074 et
1736 3019 1893 3089 quasi
1929 3033 2036 3071 non
2075 3031 2258 3071 veram

688 3120 915 3189 rejieere
965 3118 1187 3183 audent,
1239 3129 1336 3169 nec
1388 3113 1625 3166 ferentes
1678 3119 1921 3164 sanctam
1986 3106 2257 3176 Virginem

689 3213 792 3269 dici
835 3211 927 3265 Dei
973 3209 1313 3281 genitricem,
1345 3204 1612 3275 qumnodo
1647 3218 1758 3256 non
1798 3210 1850 3254 et
1895 3200 2260 3268 dispensatio-

689 3303 777 3356 nis
831 3301 1017 3353 modos
1066 3294 1352 3365 rejicient?
1417 3293 1650 3347 Audiant
1733 3291 1897 3360 igitur
1964 3290 2067 3343 hoc
2121 3289 2263 3356 quod

690 3393 858 3448 Isaias
889 3390 1024 3452 dixit
1050 3405 1067 3442 :
1100 3406 1119 3438 ι
1151 3386 1263 3440 Nisi
1286 3383 1650 3446 credideritis,
1684 3397 1788 3435 non
1819 3380 2208 3450 intelligetis".
2238 3397 2256 3430 ι

692 3483 904 3538 Etenim
933 3481 1144 3533 divinus
1181 3475 1507 3545 evangelista
1547 3472 1781 3526 Joannes
1817 3485 2072 3538 magnum
2113 3470 2266 3537 quid-

691 3575 815 3628 dam
851 3582 906 3626 et
947 3569 1221 3623 insolitum
1260 3565 1569 3620 hominibus
1613 3563 1866 3628 intonuit,
1915 3562 2100 3616 dicens
2133 3562 2265 3614 Ver-

695 3658 824 3711 hum
879 3669 1097 3708 carnem
1148 3666 1268 3705 esse
1312 3648 1512 3705 factum
1539 3646 1606 3699 ".
1647 3647 1746 3711 Qui
1791 3657 1969 3701 autem
2014 3647 2264 3699 virtutem

691 3747 936 3803 veritatis
969 3743 1320 3808 sulfurantur,
1355 3742 1428 3794 ita
1457 3754 1676 3793 carnem
1705 3739 1881 3808 ipsum
1913 3737 2113 3792 factum
2146 3751 2266 3790 esse

693 3839 897 3901 dicunt,
931 3835 1071 3890 sicut
1117 3843 1172 3887 et
1219 3832 1564 3886 maledictum
1588 3830 1656 3894 “,
1688 3839 1741 3883 et
1774 3839 2052 3898 peccatum
2076 3829 2121 3858 "
2148 3840 2267 3882 esse

695 3929 892 3982 factum
940 3924 1274 3994 intelligitur.
1324 3922 1390 3975 Et
1424 3923 1488 3975 de
1538 3922 1619 3974 his
1672 3921 1785 3990 jam
1828 3929 1953 3973 ante
2005 3920 2264 3983 diximus,

695 4035 790 4089 per
816 4032 932 4086 qua:
959 4032 1054 4086 par
1078 4023 1196 4068 erat
1223 4013 1486 4082 ejusmodi
1523 4025 1803 4065 sermones
1836 4009 1996 4063 falsos
2022 4019 2076 4064 et
2105 4025 2267 4062 vanos

695 4109 1000 4163 ostendere.
1033 4105 1137 4159 Sed
1176 4106 1433 4157 adversus
1473 4101 1895 4166 calumniatores
1944 4099 2006 4152 ad
2034 4113 2268 4167 praesens

697 4197 824 4251 illud
851 4197 1081 4250 dicimus
1111 4212 1124 4245 :
1158 4191 1359 4244 Discite
1388 4189 1595 4253 audire,
1636 4186 1964 4255 angustiati,
2006 4184 2266 4252 suscipite

697 4288 1104 4342 fundamentum
1163 4280 1486 4335 sacramenti
1562 4280 1859 4332 secundum
1951 4273 2264 4334 Christum,

696 4380 868 4448 prima
901 4372 1314 4444 dispensationis
1348 4371 1592 4433 exordia,
1640 4377 1694 4423 et
1725 4369 1922 4437 ipsum,
1979 4376 2038 4419 ut
2080 4367 2151 4418 ita
2187 4364 2267 4417 di-

697 4484 840 4531 cam,
885 4469 1188 4535 ingressum
1225 4483 1239 4518 :
1285 4463 1488 4517 credite
1541 4461 1820 4514 nobiscum
1858 4499 1872 4524 ,
1933 4459 2043 4511 imo
2098 4455 2268 4510 sacris

701 4556 1030 4625 Scripturis;
1072 4555 1216 4615 date,
1245 4552 1368 4606 date
1412 4549 1656 4602 veritatis
1683 4547 1976 4611 calculum,
2008 4544 2270 4599 confiten-

700 4661 783 4702 tes
819 4647 961 4716 quod
1005 4645 1121 4714 ipse
1166 4643 1487 4711 Unigcnitus
1529 4641 1622 4694 Dei
1673 4639 1932 4699 Verbum,
1969 4637 2061 4704 qui
2099 4643 2181 4687 est
2216 4634 2268 4686 in

701 4740 824 4795 sinu
868 4737 1066 4800 Patris,
1103 4751 1197 4805 per
1231 4749 1389 4804 quem
1433 4733 1633 4796 omnia,
1669 4739 1719 4784 et
1759 4731 1810 4783 in
1853 4743 1961 4796 quo
1999 4726 2178 4781 omnia
2200 4725 2266 4789 ³⁸,

702 4829 876 4883 factus
900 4827 971 4881 sit
1000 4840 1147 4886 caro,
1185 4838 1288 4876 non
1319 4837 1513 4890 passus
1541 4820 1982 4880 conversionem,
2011 4817 2093 4870 vel
2126 4829 2271 4868 com-

703 4920 1041 4981 mistionem,
1087 4916 1178 4969 sed
1227 4927 1439 4982 semper
1488 4913 1756 4966 exsistens
1809 4911 1912 4964 hoc
1972 4907 2268 4963 secundum

705 5019 983 5070 naturam,
1012 5007 1156 5076 quod
1193 5017 1332 5068 erat,
1381 5013 1437 5056 et
1467 5013 1571 5069 est,
1602 5013 1655 5057 et
1685 5003 1811 5056 erit.
1850 5001 2049 5054 Factus
2091 5008 2270 5054 autem

703 5112 788 5155 est
829 5115 989 5165 earn,
1041 5099 1379 5152 nativitatem
1430 5097 1607 5149 ferens
1660 5109 1728 5149 ex
1787 5103 1974 5149 sancta
2020 5091 2274 5160 Virgine,

779 5252 821 5283 “
853 5251 1014 5305 Hebr.
1043 5267 1113 5314 tv,
1141 5249 1224 5302 l5.

707 5322 751 5353 ³³
784 5320 824 5375 ll
854 5320 979 5373 Cor.
1008 5336 1035 5370 v
1093 5320 1182 5371 ‘21.
1272 5318 1316 5348 ¹⁶
1347 5317 1362 5370 l
1389 5318 1513 5371 Cor.
1548 5330 1664 5379 vut,
1696 5314 1748 5367 6.

2347 553 2442 613 τὰς
2487 549 2635 613 θείας
2669 546 2891 618 Γραφάς
2923 544 3100 606 οὐδεὶς
3132 543 3211 596 -ἂν
3257 544 3355 612 οὐχ
3399 543 3817 613 ὁμολογήσειεν·
3861 543 3924 594 ού

2349 640 2753 711 κεχωρισμένον
2801 637 2984 708 μέντοι
3037 634 3216 698 ίδικῶς
3250 635 3533 704 ἄνθρωπον
3560 636 3625 686 ὲκ
3662 632 3928 701 γυναικὸς

2347 732 2441 784 τοῦ
2475 730 2610 783 Θεοῦ
2640 728 2851 800 Πατρδς
2882 727 3076 795 Λόγου,
3126 726 3200 787 ὡς
3248 720 3387 778 εἶναι
3425 725 3484 778 τὸ
3512 728 3574 778 ὲκ
3606 725 3930 794 σπέρματος

2348 823 2510 877 Δαυῒδ
2552 822 2831 892 ἡνωμένον
2859 818 3200 889 ἀσυγχύτως,
3246 819 3561 889 ἀφράστως,
3593 816 3689 869 καὶ
3718 817 3929 886 ἀχωρίι

2352 932 2490 977 στως
2535 913 2614 983 τῷ
2647 915 2711 965 ἐκ
2743 910 2956 982 Πατρὸς
2987 909 3178 978 Λόγῳ,
3217 908 3477 978 ἀρχιερέα
3516 904 3929 974 πεπειραμένον

2350 1003 2491 1056 κατὰ
2536 1003 2714 1055 πάντα
2759 1001 2927 1071 χωρὶς
2969 998 3244 1069 ἁμαρτίας
3272 1037 3287 1060 ,
3317 998 3412 1049 καὶ
3445 996 3685 1065 μαθόντα
3714 994 3810 1061 ἀφ’
3853 985 3932 1045 ὧν

2353 1093 2519 1146 ἔπαθε
2552 1095 2652 1162 τὴν
2680 1091 2949 1160 ὑπακοὴν,
2978 1089 3462 1159 προσκεκομικότα
3490 1088 3546 1140 δὲ
3578 1086 3654 1155 τῷ
3685 1083 3805 1153 Θεῷ
3834 1083 3936 1136 καὶ

2353 1185 2528 1256 Πατρὶ
2554 1184 2651 1251 οὺχ
2683 1181 2825 1252 ὑπὲρ
2861 1180 3093 1244 ἑαυτοῦ,
3131 1178 3245 1232 ἀλλ’
3275 1177 3412 1249 ὑπὲρ
3443 1174 3597 1247 ήμῶν
3629 1176 3806 1245 μόνων
3830 1173 3935 1241 τὴν

2355 1276 2532 1328 ίδίανί
2573 1275 2768 1344 σάρκα.
2823 1273 2898 1324 υύ
2944 1271 3053 1342 γάρ
3099 1269 3326 1341 ἀμαθῶς
3380 1271 3625 1338 φήσομεν
3661 1267 3754 1322 τὸν
3795 1265 3936 1319 Θεὸν

2351 1368 2524 1433 Λόγον
2575 1364 2836 1434 ἀρχιερέα
2863 1403 2877 1428 ,
2927 1363 3024 1416 καὶ⁸
3070 1360 3566 1433 προσκεκομικέναι
3610 1358 3803 1411 ἑαυτὸν
3853 1356 3937 1424 τῷ

2353 1457 2471 1527 Θεῷ
2493 1457 2586 1510 καὶ
2617 1455 2790 1527 Πατρί
2811 1469 2822 1481 ·
2847 1455 2906 1507 οὗ
2929 1453 3037 1524 γὰρ
3066 1455 3164 1523 τῆς
3188 1452 3280 1505 τοῦ
3311 1449 3648 1519 Μονογενοῦς
3676 1449 3937 1518 θεότητος

2353 1548 2485 1609 Θεὸς
2515 1550 2541 1600 ό
2567 1547 2776 1616 Πατὴρ,
2814 1545 2948 1598 ἁλλά
2979 1545 3186 1614 Πατήρ.

2817 1672 3125 1741 Ἀπολογία
3159 1673 3481 1741 Κυρίλλου.

2437 1793 2562 1846 Ἐπὶ
2595 1789 2785 1862 καίρου
2830 1789 2894 1858 δὴ
2948 1787 3107 1840 πάλιν
3141 1786 3424 1857 εἰρήσεται
3457 1783 3591 1855 πρὸς
3621 1787 3651 1856 ἡ
3664 1782 3780 1854 μῶν
3821 1786 3943 1846 τοῖς

2353 1890 2417 1942 δι’
2452 1887 2698 1950 ἐναντίας
2718 1903 2732 1917 ο
2773 1905 2791 1937 ι
2816 1886 2962 1948 ’Ἐως
2991 1884 3120 1937 πότε
3157 1881 3447 1952 χωλανεῖτε
3477 1879 3562 1932 ἐπ’
3595 1867 3944 1948 ἀμοροτέραις

2353 1983 2472 2043 ταῖς
2521 1978 2730 2046 ἰγνύαις
2785 1975 2968 2046 ὑμῶν;
3007 1993 3024 2025 ι
3069 1974 3190 2044 Χρὴ
3243 1972 3352 2042 γὰρ
3401 1972 3546 2040 ὑμᾶς
3603 1968 3773 2039 ὑγιῆὶ
3842 1969 3946 2020 καὶ

2354 2074 2556 2144 ἀρτίως
2587 2072 2778 2142 ἔχοντα
2807 2071 2940 2140 πρὸς
2972 2068 3176 2139 εἴδησιν
3203 2064 3408 2136 ἀκριόῆ
3440 2064 3543 2135 τῆς
3574 2063 3794 2124 εὐθείας
3826 2060 3946 2112 τῶν

2355 2165 2639 2236 δογμάτων
2668 2163 2811 2234 ἔχειν
2839 2162 2929 2214 τὸν
2963 2160 3107 2221 νοῦν,
3168 2159 3226 2210 οὐ
3271 2160 3389 2221 ταῖς
3424 2155 3697 2226 διψυχίαις
3727 2151 3946 2223 χωλεύ-

2356 2274 2503 2320 οντα,
2535 2257 2628 2308 κα)⁹
2659 2254 2794 2307 πολὺ
2828 2251 3085 2305 νοσοῦντα
3108 2249 3166 2301 τὸ
3197 2248 3410 2313 ἀναλκι,
3440 2247 3534 2300 καὶ
3564 2244 3700 2316 ὀρθὰ
3731 2241 3948 2312 βαίνειν

2356 2348 2455 2400 οὐκ
2497 2347 2856 2416 ἀνεχόμενον·
2903 2339 3348 2402 ι’Λκατάστατος
3395 2339 3502 2409 γὰρ
3551 2339 3578 2388 ὁ
3623 2335 3846 2404 δίψυχος
3885 2335 3949 2384 ὲν

2359 2441 2559 2500 πάσαις
2594 2440 2713 2498 ταῖς
2741 2438 2881 2498 ὁδοῖς
2916 2434 3103 2495 αὐτοῦ,
3135 2434 3228 2485 καὶ
3268 2433 3366 2484 οὐκ
3415 2430 3478 2483 ἀν
3511 2447 3560 2480 τι
3596 2427 3750 2479 λάϐοι
3786 2424 3952 2493 παρὰ

2358 2529 2450 2580 τοῦ
2478 2527 2703 2599 Κυρίου.
2739 2544 2756 2575 ι
2787 2526 2895 2579 Καὶ
2941 2522 3116 2576 ταῦτά
3153 2539 3294 2592 φημι
3318 2559 3332 2581 ,
3381 2515 3745 2587 τεθαυμακὼς
3798 2517 3951 2582 ἄγαν

2357 2621 2481 2681 τοὺς
2518 2619 2544 2657 ιί
2581 2619 2646 2670 δι’
2676 2617 2923 2678 ἐναντίας
2974 2611 3240 2682 ἀναίδηνι
3290 2610 3432 2664 οὕτω
3485 2611 3578 2661 καὶ
3625 2607 3883 2678 προαλῶς
3907 2616 3949 2637 ¹¹¹

2360 2710 2713 2779 ἐπιπλήττειν
2756 2707 3038 2768 ἐθέλοντας
3065 2703 3142 2773 τῷ
3178 2701 3527 2774 προκειμένῳ
3559 2699 3652 2752 καὶ
3681 2698 3776 2751 νῦν
3807 2699 3950 2751 ἀνα-

2363 2800 2704 2870 θεματισμῷ.
2735 2799 2845 2851 Καὶ
2872 2797 2932 2848 τὸ
2969 2794 3198 2856 ἀπεικὸς
3233 2793 3408 2856 οὐδὲν,
3439 2793 3486 2844 εί
3526 2790 3600 2861 μὴ
3624 2788 3952 2858 βούλοιντο1³

2359 2895 2450 2947 τὸν
2483 2896 2546 2945 ὲκ
2581 2891 2715 2943 Θεοῦ
2750 2888 2960 2958 Πατρός
2991 2886 3161 2954 Λόγον
3209 2881 3567 2952 ὀνομάζεσθαι
3611 2879 3748 2949 πρὸς
3783 2877 3953 2947 ἡμῶν

2362 2984 2657 3040 ἀπόστολον
2699 2983 2792 3034 καὶ
2843 2978 3104 3050 ἀρχιερέα
3139 2977 3238 3046 τῆς
3266 2975 3554 3045 ὁμολογίας
3588 2970 3766 3042 ἡμῶν,
3799 2970 3894 3022 ὅτε
3922 2977 3951 3006 ο

2362 3075 2586 3143 γέγονεν
2634 3069 2936 3139 ἄνθρωπος.
2980 3068 3043 3120 Oi.
3090 3065 3197 3135 γὰρ
3243 3065 3380 3126 ὅλως
3418 3061 3515 3132 τὴν
3563 3060 3702 3112 κατά
3758 3057 3956 3127 σάρκα

2286 3157 2330 3216 C
2364 3169 2614 3235 γέννησιν
2665 3161 2827 3214 αὑτοῦ
2867 3159 3220 3227 συκοφαντεῖν
3257 3154 3625 3224 πειρώμενοι,
3667 3151 3760 3203 καὶ
3805 3150 3958 3204 ἀπό-

2364 3261 2580 3330 ϐλητον,
2616 3257 2690 3318 ὡς
2739 3255 2837 3305 οὑκ
2885 3251 3099 3321 ἀληθῆ,
3148 3248 3373 3318 ποιῆσαι
3406 3245 3808 3316 τολμήσαντες,
3843 3242 3958 3294 οὐκ

2364 3347 2679 3419 ἀνεχόμενοί
2707 3362 2764 3397 τε
2796 3343 3055 3396 Θεοτόκον
3083 3341 3255 3392 εἰπεῖν
3298 3338 3394 3406 τὴν
3441 3338 3600 3404 ἁγίαν
3638 3333 3958 3405 Παρθένον,

2367 3442 2481 3502 πῶς
2510 3440 2569 3490 ού
2595 3437 3026 3507 παραιτήσονται
3055 3431 3153 3501 τῆς
3180 3429 3488 3498 οἰκονομίας
3519 3427 3643 3488 τοὺς
3670 3426 3914 3494 τρόπους
3939 3443 3958 3490 ;

2378 3529 2747 3583 Ἀκουὲτωσαν
2800 3526 2978 3578 τοίνυν
3040 3522 3100 3574 τὸ
3144 3521 3231 3574 διά
3282 3520 3381 3589 τῆς
3442 3519 3624 3588 φωνῆς
3679 3516 3955 3569 Ἠσαῖουο

2374 3643 2391 3674 ι
2438 3624 2563 3675 Ἐὰν
2601 3620 2673 3690 μὴ
2702 3616 3049 3684 πιστεύσητε,
3079 3613 3187 3665 οὐδ’
3220 3612 3280 3664 οὑ
3316 3615 3389 3680 μὴ
3422 3609 3643 3678 συνῆτε.
3683 3626 3702 3658 ι
3750 3607 3810 3660 'O
3847 3606 3960 3675 μὲν

2367 3716 2477 3784 γὰρ
2523 3712 2806 3772 θεσπέσιος
2853 3704 3245 3775 εύαγγελιστὴς
3277 3703 3532 3771 Ἰωάννης
3569 3701 3711 3770 μέγα
3738 3716 3791 3750 τι
3851 3699 3960 3752 καὶ

2368 3804 2600 3867 ἐξαίσιον
2634 3797 3033 3868 κατεϐρόντησε
3065 3796 3177 3856 τοῖς
3212 3792 3303 3844 ὑπ’
3349 3789 3596 3861 οὐρανὸν,
3639 3787 3819 3858 σάρκα
3857 3786 3959 3840 λέ-

2369 3912 2479 3962 γων
2521 3889 2850 3959 γεγενῆσθαι
2887 3887 2978 3938 τὸν
3010 3885 3200 3952 Λόγον.
3236 3884 3296 3934 Οἱ
3328 3882 3385 3934 δὲ
3417 3881 3517 3950 τῆς
3553 3877 3812 3948 ἀληθείας
3843 3878 3960 3948 τὴν

2368 3982 2594 4050 δύναμιν
2634 3976 3084 4039 ὑποκλέπτοντες,
3116 3971 3257 4024 οὕτω
3286 3971 3465 4040 σάρκα
3490 3967 3741 4036 γενέσθαι
3776 3968 3960 4036 φασὶν

2371 4073 2550 4134 αὑτὸν,
2585 4071 2658 4132 ὡς
2706 4070 2770 4122 ἂν
2804 4069 2974 4118 νοοῖτο
3003 4062 3257 4132 γενέσθαι
3294 4061 3508 4130 κατάρα
3538 4060 3632 4112 καὶ
3676 4057 3959 4128 ἁμαρτία.

2371 4167 2481 4218 Καὶ
2511 4163 2642 4233 περὶ
2675 4160 2772 4228 μὲν
2801 4157 3004 4209 τούτων
3036 4155 3137 4224 ἤδη
3173 4153 3478 4221 φθάσαντες
3506 4152 3728 4219 εἴπομεν
3750 4189 3766 4213 ,
3803 4148 3964 4220 ἇπερ

2368 4256 2435 4329 ἦν
2468 4257 2612 4317 εἰκὸς
2645 4254 2809 4306 ἕωλον
2839 4252 3020 4313 αὐτοῖς
3044 4247 3364 4317 ἀποφαίνειν
3390 4245 3648 4298 δύνασθαι
3681 4242 3771 4294 τὸν
3797 4240 3856 4293 ἐν
3889 4257 3962 4308 γε

2370 4349 2605 4403 τουτοισὶ
2653 4346 2830 4412 λόγον.
2869 4342 3010 4412 Πρὸς
3040 4340 3097 4392 δέ
3139 4355 3202 4406 γε
3239 4337 3366 4398 τοὺς
3413 4335 3713 4404 φιλαιτίους
3759 4331 3843 4393 είς
3894 4332 3966 4384 τὸ

2373 4441 2545 4510 παρὸν
2580 4437 2754 4490 ἐκεῖνό
2803 4449 3017 4502 φαμεν·
3054 4430 3270 4484 Μάθετε
3312 4427 3552 4495 ἀκούειν,
3586 4425 3967 4495 στενοχωρού-

2381 4549 2557 4604 μενοι·
2580 4523 2942 4590 καταδέξασθε
2967 4523 3060 4576 τοῦ
3096 4522 3238 4576 κατά
3265 4520 3502 4592 Χριστὸν
3536 4517 3838 4590 μυστηρίου
3863 4517 3970 4568 τὸν

2377 4622 2648 4692 θεμέλιον,
2694 4617 2794 4685 τῆς
2832 4613 3142 4684 οἰκονομίας
3188 4612 3287 4675 τὰς
3333 4611 3558 4682 πρώτας
3608 4606 3820 4679 ἀρχὰς,
3863 4608 3970 4659 καὶ

2376 4713 2565 4783 αὐτὴν,
2613 4711 2680 4762 i'v‘
2730 4707 2902 4769 οὕτως
2948 4707 3106 4770 εἴπω,
3154 4703 3252 4773 τὴν
3292 4702 3574 4769 εἱσόολήνο
3627 4697 3969 4752 πιστεύσατε

2379 4806 2496 4877 μεθ’
2531 4803 2706 4874 ἡμῶν,
2743 4800 2942 4869 μᾶλλον
2967 4795 3022 4849 δὲ
3047 4799 3156 4858 τοῖς
3189 4796 3353 4864 ἱεροῖς
3387 4793 3426 4845 Γ
3434 4794 3682 4862 ράμμασι
3704 4805 3717 4818 ⁶
3743 4788 3865 4841 δότε
3895 4787 3969 4859 δὴ

2377 4899 2475 4968 τῆς
2508 4895 2769 4966 ἀληθείας
2806 4892 2902 4960 τὴν
2935 4889 3136 4958 ψῆφον,
3189 4882 3576 4954 ὁμολογοῦντες
3614 4882 3695 4933 ὅτι
3728 4878 3895 4941 αὐτὸς
3938 4881 3972 4933 ὁ

2383 4989 2676 5061 μονογενὴς
2708 4984 2801 5038 τοῦ
2828 4982 2963 5036 Θεοῦ
2995 4981 3184 5048 Λόγος,
3219 4981 3248 5030 ὁ
3277 4980 3332 5030 έν
3361 4976 3579 5037 κόλποις
3608 4972 3681 5025 ὢν
3711 4969 3806 5024 τοῦ
3845 4971 3972 5025 Πα-

2387 5084 2530 5153 τρος,
2561 5083 2588 5133 ό
2621 5082 2688 5132 δι’
2718 5072 2777 5130 οὗ
2803 5076 2871 5129 τά
2900 5074 3078 5127 πάντα
3099 5111 3114 5136 ,
3141 5071 3235 5124 καὶ
3269 5072 3325 5124 ἐν
3351 5061 3395 5136 ᾧ
3426 5070 3497 5120 τά
3536 5067 3735 5130 πάντα,
3767 5063 3969 5131 γέγο.ε

1326 5248 1370 5277 ὀ
1399 5245 1461 5299 lll
1499 5246 1629 5312 Reg.
1668 5260 1823 5307 xvttt,
1867 5243 1956 5296 2|.
2028 5243 2068 5272 ¹¹
2101 5239 2218 5293 Jac.
2254 5255 2258 5291 ι

2361 5246 2386 5291 ι.
2464 5238 2507 5267 ³³
2540 5234 2640 5289 lsa.
2680 5249 2779 5295 vtt,
2813 5232 2865 5285 9.
2945 5229 2990 5260 ⁸³
3017 5227 3172 5282 Joan.
3208 5243 3244 5290 ι,
3282 5223 3372 5277 14.
3453 5222 3499 5251 ’⁸
3536 5219 3714 5273 Galat.
3749 5234 3834 5279 ιιι,
3870 5219 3967 5271 l5.

1769 5465 1944 5520 Variae
1971 5463 2237 5517 lectiones
2270 5474 2336 5514 ex
2359 5457 2547 5512 codice
2577 5448 2950 5522 Seguieriano.

774 5641 804 5763 ἑ
835 5633 1059 5690 οἰκείαν.
1142 5646 1152 5682 l
1195 5632 1342 5700 ὑγιᾶ.
1420 5630 1443 5667 ιι
1477 5624 1797 5695 τεθαύμακα
1827 5622 1934 5691 γὰρ
1973 5620 2110 5689 ἄγαν
2141 5617 2285 5682 τούς.

806 5724 881 5761 τι.

712 5719 737 5745 ⁸
774 5719 881 5761 δτι.

2371 5615 2387 5654 ¹
2421 5614 2639 5684 ἀνέδην.
2716 5622 2752 5650 ¹¹
2778 5611 3081 5682 προδήλως,
3110 5608 3141 5678 ἣ
3181 5605 3494 5679 προφανῶς.
3572 5611 3598 5638 η
3631 5600 3964 5671 βούλωνται.
