4042 6466
123 400 213 457 565
729 400 1260 458 APOLOGETICUS
1301 401 1435 456 PRO
1475 401 1567 456 XII
1607 401 1969 457 CAPI'I'IBUS
2010 404 2287 458 CONTRA
2332 404 2794 464 ORIENTALES.

3263 416 3369 472 566

124 515 274 583 σάρξ·
309 514 376 567 ού
413 514 645 584 τροπὴν,
675 516 707 584 ἦ
751 517 963 587 φυρμὸν
994 517 1287 586 ὑπομείνας
1315 557 1328 580 ,
1366 517 1476 569 ἀλλ’
1510 517 1584 569 ὣν
1612 518 1695 571 ἀεὶ

1804 520 2096 574 secundum
2133 535 2376 587 carnem,
2414 524 2655 593 inquam,
2706 535 2761 580 et
2803 527 3101 596 appellatus
3145 528 3367 601 [factusl

120 604 260 655 τοῦτο
313 603 462 657 κατὰ
503 603 686 672 φύσιν,
726 605 864 672 ὅπερ
891 601 960 675 ἦν
988 622 1068 668 τε,
1109 607 1200 658 καί⁸
1234 605 1370 667 ἔστι,
1404 607 1498 658 καὶ
1525 605 1695 660 ἔσται.

120 697 300 762 Γέγονε
346 693 403 748 δὲ
445 692 621 765 σὰρξ,
671 695 926 765 γέννησιν
978 697 1277 766 ὑπομείνας
1312 700 1374 749 ὲκ
1401 701 1498 767 τῆς
1541 697 1699 765 ἁγίας

119 786 419 855 Παρθένου,
446 786 545 854 τὴν
577 785 719 838 κατὰ
748 788 928 856 σάρκα
956 789 1131 858 φημί·
1163 791 1256 840 καὶ
1292 789 1698 858 κεχρημάτικεν

121 876 230 937 Υἱὸς
252 876 581 946 ἀνθρώπου,
608 879 702 929 καὶ
733 879 1133 948 παραπλησίως
1166 881 1297 948 ἡμῖν
1330 880 1592 949 μετέσχεν
1625 878 1701 931 αἵ·

120 983 277 1033 ματος
330 967 429 1020 καὶ
473 969 692 1038 σαρκός.
746 967 903 1021 Οὕτω
952 967 1348 1038 διατιθεμένους
1371 980 1418 1036 Ρ,
1468 971 1563 1022 καὶ
1599 971 1699 1039 τὴν

115 1056 243 1109 οὕτω
291 1058 507 1128 σεπτὴν
543 1060 634 1112 καὶ
661 1059 1035 1130 ἀληθεστάτην
1062 1060 1244 1112 πίστιν
1277 1060 1696 1130 εἰσδεξαμένοις,

116 1149 281 1202 πάντα
312 1155 568 1218 φανεῖται
604 1153 672 1207 τὰ
694 1153 891 1222 ἐφεξῆς
929 1152 1137 1223 βάσιμά
1167 1170 1246 1216 τε,
1279 1155 1371 1206 καὶ
1399 1154 1695 1223 ἱππήλατα,

116 1239 196 1292 καὶ
217 1239 382 1294 οὐδὲν
413 1242 644 1308 ἄναντες
669 1243 700 1313 ἤ
731 1244 928 1314 τραχύ.
951 1241 1263 1315 Γέγραπται
1286 1244 1390 1314 γὰρ
1417 1245 1497 1297 ὅτι
1521 1247 1697 1298 πάντα

114 1332 318 1385 ἐνώπια
372 1337 489 1397 τοῖς
545 1336 828 1397 συνιοῦσι,
880 1336 972 1387 καὶ
1021 1335 1157 1406 ὀρθὰ
1209 1339 1322 1399 τοῖς
1384 1335 1697 1405 εὑρίσκουσι

114 1425 332 1490 γνῶσιν.
374 1423 589 1496 Χρῆναι
627 1426 684 1478 δὲ
733 1420 887 1496 οἶμαι
939 1427 1030 1480 καὶ
1061 1427 1155 1480 νῦν
1188 1429 1333 1497 ἡμᾶς
1384 1426 1480 1497 τὴν
1521 1428 1697 1481 αἰτίαν

111 1520 300 1580 εἰπεῖν,
334 1517 407 1570 δι’
435 1519 501 1588 ἢν
532 1517 711 1572 αἰτίαν
736 1517 957 1587 γέγονεν
982 1520 1008 1571 6
1030 1518 1489 1591 ἁναθεματισμὸς.
1507 1521 1565 1572 Ὀ
1591 1521 1698 1590 γάρ

111 1622 188 1660 τοι
220 1609 410 1663 πάντα
457 1611 774 1680 διακινήσας
799 1649 814 1674 ,
848 1610 958 1664 ἄνω
998 1628 1056 1663 τε
1094 1612 1187 1664 καὶ
1231 1613 1382 1665 κάτω
1415 1613 1482 1665 τὰ
1521 1612 1697 1665 πάντα

111 1702 355 1772 συγχέας
383 1702 689 1773 Νεστόριος
717 1702 820 1772 ἔφη
845 1719 897 1754 τι
927 1703 1164 1756 τοιοῦτον
1201 1704 1329 1774 περί
1353 1703 1446 1756 τοῦ
1479 1704 1694 1758 πάντων

109 1795 261 1864 ἡμῶν
298 1793 566 1864 Σωτῆρος
600 1793 869 1865 Χριστοῦ·
905 1794 1242 1864 (Ἂπεστάλη
1278 1794 1508 1865 κηρύξαι
1539 1797 1697 1866 αἰχμ-

106 1883 338 1947 αλώτοις
379 1883 594 1952 ἄφεσιν,
614 1880 767 1946 οὗτος
799 1885 825 1937 6
861 1885 1049 1946 πιστὸς
1078 1883 1154 1954 τῷ
1188 1883 1305 1954 Θεῷ
1337 1885 1697 1956 πεποιημένος

107 1973 430 2045 ἀρχιερεύς.
477 1975 726 2042 Ἐγένετο
755 1975 864 2046 γὰρ
895 1969 1064 2040 οὗτος,
1095 1977 1195 2028 οὐκ
1217 1975 1401 2038 άῖδίως
1423 1970 1508 2046 ἦν·
1543 1971 1696 2038 οὗτος

105 2065 133 2116 6
186 2067 338 2119 κατὰ
384 2067 583 2136 μικρὸν
609 2069 687 2130 εἰς
734 2067 1067 2137 ἀρχιερέως,
1115 2067 1379 2137 αἰρετικὲ,
1416 2068 1696 2138 προκόειας

107 2158 379 2228 ἀξίωμα.)
417 2158 621 2226 Ἕτερα
643 2167 668 2206 q
699 2158 754 2210 δὲ
801 2157 1011 2219 τούτοις
1037 2157 1272 2226 ἀδελφὴν
1302 2157 1560 2209 ὠδίνοντα
1597 2157 1696 2224 τὴν

104 2246 370 2300 ἀσέϐειαν
403 2247 745 2314 προσεπάγει
778 2245 968 2300 πολλὰ.
1000 2245 1094 2308 Τίς
1139 2241 1230 2299 οὖν
1253 2247 1361 2317 ἄρα
1390 2247 1496 2298 τῶν
1526 2244 1698 2307 οὕτως

105 2339 354 2409 αἰσχρῶν
392 2337 705 2401 ἐπακούσας
735 2338 933 2406 λόγων,
980 2336 1040 2390 οὐ
1100 2336 1275 2390 πάντα
1307 2338 1371 2391 ἂν
1401 2335 1571 2390 ἕλοιτο
1603 2355 1698 2389 πα-

105 2425 233 2494 θεῖν,
267 2431 302 2499 ἦ
346 2431 446 2500 τὴν
493 2431 570 2500 τῷ
601 2431 719 2500 Θεῷ
754 2429 1236 2501 κατεστυγημένην
1288 2431 1571 2499 ἀγαπῆσαι
1613 2448 1695 2482 σι-

102 2523 238 2592 γήνς
282 2522 592 2574 Ἀπέθανε-ν
652 2523 793 2592 ὑπὲρ
839 2522 994 2590 ήμῶν
1037 2523 1065 2572 6
1112 2524 1382 2592 Χριστὸς,
1436 2520 1698 2592 αἰσχύνης

105 2615 575 2683 καταφρονήσαςο
629 2612 862 2682 σταυρὸν
917 2612 1212 2681 ὑπέμεινε,
1263 2613 1355 2663 κα)⁴
1413 2611 1504 2664 τὸν
1558 2615 1698 2666 κατὰ

107 2706 286 2775 σάρκα
323 2704 584 2757 θάνατον.
616 2701 751 2757 Εἶτα
782 2703 942 2773 ἡμεῖς
971 2702 1089 2755 οὐδὲ
1116 2703 1238 2765 ταῖς
1266 2703 1347 2764 εἰς
1378 2701 1568 2769 λόγους
1609 2703 1696 2753 εὑ-

104 2795 275 2856 νοίαις
311 2791 667 2862 ἀμειψόμεθα
713 2792 805 2845 τὸν
832 2791 1161 2862 εὐεργέτην;
1210 2791 1322 2845 ἀλλ’
1359 2792 1536 2860 ήσυχῆ
1575 2785 1698 2844 καθ-

105 2883 521 2953 εὼύμεθα,τῶν
541 2884 714 2946 οὕτως
734 2883 978 2936 ἐκτόπων
998 2882 1318 2954 δυσφημιῶν
1335 2882 1694 2954 ἀκροώμενοι,

105 2977 134 3043 ἦ
163 2977 308 3045 τάχα
343 2992 449 3027 που
475 2975 570 3027 καί
597 2974 945 3044 μεριζόμενοι
965 2975 1060 3044 τῆς
1086 2976 1206 3027 κατ’
1230 2973 1391 3028 αὑτοῦ
1415 2975 1695 3042 γλωσσαλ-

107 3067 228 3132 γίας
249 3067 322 3118 τὰ
347 3065 711 3134 ὲγκλήματας
743 3063 808 3114 Τί
831 3061 956 3131 φὴς,
981 3057 1025 3114 ὦ
1045 3054 1230 3126 οὗτος
1257 3062 1598 3132 Προέκοπτεν
1620 3065 1697 3124 εἰς

105 3155 376 3225 ἀρχιερέα
433 3150 795 3222 καταδραχύ;
849 3151 957 3203 Καί
1020 3167 1101 3202 τοι
1147 3151 1451 3203 κεκένωκεν
1507 3151 1696 3205 ἑαυτὸν

104 3245 236 3306 Θεὸς
276 3244 356 3297 ὢν
387 3247 416 3296 ὁ
452 3241 625 3311 Λόγος
645 3259 660 3274 ·
690 3240 851 3294 ἔλαϐε
894 3236 1081 3293 δούλου
1115 3240 1329 3310 μορφὴν
1354 3242 1380 3292 6
1413 3239 1696 3309 ἐλεύθερος

106 3338 245 3388 κατὰ
273 3336 443 3403 φύσιν
465 3352 477 3365 ο
503 3334 905 3386 τεταπείνωκεν
931 3331 1120 3385 ἑαυτὸν
1154 3332 1182 3385 6
1209 3332 1408 3394 παντὸς
1440 3332 1698 3385 ἐπέκεινα

106 3426 400 3497 γεννητοῦ,
430 3426 529 3478 καὶ
562 3427 674 3487 τοῖς
696 3424 794 3492 τῆς
821 3423 1071 3493 θεότητος
1099 3423 1353 3493 ἐπαυχῶν
1384 3423 1694 3493 ὑψώμασιν.

106 3518 165 3569 ΕΞ
199 3517 255 3570 δὲ
293 3514 596 3585 προέκοψε,
626 3514 768 3566 κατὰ
795 3514 914 3566 τινα
938 3515 1233 3567 κεκένωται
1258 3514 1458 3583 τρόπον
1483 3513 1551 3584 ;ἢ
1584 3514 1699 3574 πῶς

103 3609 301 3662 ἑαυτὸν
361 3606 609 3674 καθῆκεν
662 3607 741 3666 είς
802 3606 1159 3670 ταπείνωσιν;
1213 3607 1390 3676 Τιμῆς
1440 3605 1548 3676 ἄρα
1604 3605 1698 3658 καὶ

102 3701 262 3768 δόξης
291 3697 451 3765 αύτῴ
479 3700 895 3767 προμνήστριαν
925 3695 1182 3759 γενέσθαι
1215 3695 1348 3763 φαίη
1379 3713 1463 3757 τις
1499 3697 1563 3748 ἂν
1598 3696 1696 3765 τὴν

104 3792 376 3852 ximam;
413 3780 552 3840 Εἶτα
583 3786 699 3848 πῶς
733 3786 814 3838 ἔτι
868 3783 1094 3847 κένωσις
1134 3786 1434 3857 πρόχρημά
1462 3795 1480 3820 ι·
1516 3786 1697 3847 ἐστιν;

117 3879 304 3942 Ἀλλὰ,
357 3878 472 3941 ναὶ,
532 3875 723 3946 φησὶν,
773 3877 821 3927 εἰ
875 3875 1036 3937 αὐτὸς
1089 3877 1118 3927 6
1175 3877 1239 3927 ὲκ
1293 3875 1426 3927 Θεοῦ
1485 3875 1698 3944 [ἰατρὸς

103 3972 278 4038 Λόγος
312 3970 547 4037 γέγονεν
596 3964 888 4037 ἀρχιερεὺς
911 4006 924 4029 ,
973 3966 1056 4027 τίς
1100 3965 1210 4035 ἄρα
1261 3965 1409 4018 ἐστὶν
1439 3966 1465 4016 6
1496 3963 1699 4033 μείζων

103 4062 306 4124 αὑτοῦ,
357 4060 456 4112 καὶ
499 4057 601 4126 τῆς
661 4055 968 4124 ἱερουργίας
1018 4055 1334 4126 λειτουργία
1399 4054 1698 4124 θεραπευό⁴

110 4170 296 4221 μενος;
360 4148 576 4202 Οὐκοῦν
628 4146 740 4216 ἐρῶ
793 4146 856 4214 δή
915 4161 966 4196 τι
1018 4145 1210 4197 πάλιν·
1268 4146 1562 4197 Πίστευσον
1619 4147 1699 4197 ὅτι

107 4247 287 4295 καίτοι
339 4240 479 4302 Θεὸς
547 4238 690 4291 κατὰ
742 4235 903 4304 φύσιν
949 4236 1239 4306 ὑπάρχων,
1285 4238 1377 4288 καὶ
1420 4236 1477 4287 έν
1519 4237 1701 4303 μορφῇ

105 4336 198 4387 τοῦ
253 4332 477 4400 Πατρὸς
522 4331 551 4380 6
606 4329 770 4391 Υἰὸς,
821 4329 917 4396 οὐχ
983 4327 1274 4397 ἁρπαγμὸν
1332 4326 1579 4396 ἡγήσατο
1643 4325 1703 4375 τὸ

107 4421 245 4477 εἶναι
326 4425 419 4473 ἴσα
480 4419 601 4488 Θεῷ
632 4459 647 4480 ,
713 4417 827 4471 ἀλλ’
887 4418 1077 4470 ἑαυτὸν
1137 4416 1413 4479 ὲκένωσε,
1489 4415 1702 4484 μορφὴν

107 4512 292 4566 δούλου
348 4507 555 4563 λαϐὼν.
611 4505 674 4560 Εἰ
712 4505 769 4558 δὲ
803 4505 1024 4574 γέγονεν
1066 4507 1348 4576 ἄνθρωπος
1374 4545 1387 4570 ,
1442 4504 1599 4557 ἔλαϐε
1644 4503 1700 4555 δὲ

109 4606 202 4657 καὶ
235 4601 434 4656 δούλου
482 4598 722 4668 μορφὴν,
765 4597 880 4659 πῶς
911 4598 1178 4668 ἡγήσεται
1223 4596 1436 4666 μικρὸν,
1462 4596 1558 4649 καὶ
1586 4597 1699 4656 τοῖς

112 4698 208 4766 τῆς
253 4691 577 4760 οἰκονομίας
617 4689 797 4757 λόγοις
844 4691 1204 4759 ἀνάρμοστον,
1253 4688 1314 4741 τὸ
1361 4688 1699 4758 χρηματίσαι

114 4789 206 4840 καὶ
243 4782 549 4844 ἀπόστολος
583 4781 679 4832 καί
711 4781 1033 4849 ἁρχιερεύςς
1069 4780 1174 4832 Καὶ
1215 4780 1243 4830 6
1276 4777 1373 4846 τῆς
1404 4777 1526 4829 καθ’
1557 4778 1703 4846 ήμᾶς

114 4875 541 4947 ἁνΰρωπότητος
561 4871 622 4924 τὸ
659 4871 854 4941 μέτρον
885 4872 982 4923 οὐκ
1013 4871 1305 4940 ἀτιμάσας,
1330 4869 1446 4932 πῶς
1472 4871 1537 4922 ἂν
1571 4865 1704 4920 ἁπό-

115 4968 285 5035 6),τ,τα
321 4965 553 5032 ποιήσαι
597 4970 618 4997 ⁸
662 4959 730 5012 τὰ
773 4957 1120 5028 άνθρώπινα;
1172 4960 1281 5012 Καὶ
1327 4955 1393 5028 ἦν
1442 4958 1539 5028 μὲν
1574 4958 1703 5018 ἴσως

114 5059 348 5129 χαλεπὸν
383 5053 541 5109 οὐδὲν
596 5051 692 5106 καὶ
736 5051 824 5103 διά
871 5050 1131 5102 πλειόνων
1177 5050 1254 5102 ἔτι
1289 5049 1461 5118 λόγων
1505 5048 1700 5110 ἐλθεῖν,

115 5125 203 5204 καὶ
241 5147 598 5221 μακροτέραν
631 5146 711 5207 εἰς
744 5142 900 5195 τοῦτο
932 5144 1245 5195 κατατεῖναι
1274 5142 1370 5211 τὴν
1404 5142 1697 5211 ἀφήγησιν.

115 5244 310 5305 Madet;
361 5241 420 5294 δὲ
450 5237 613 5291 τοῦτο
650 5234 787 5305 πρὸς
820 5233 881 5285 τὸ
931 5233 1124 5303 παρὸν,
1174 5234 1298 5295 τοὺς
1344 5233 1471 5302 παρ’
1519 5232 1700 5283 αὐτῶν

115 5336 410 5403 γεγονότας
465 5327 716 5398 παροίσω
775 5325 986 5391 λόγους.
1041 5325 1350 5393 Γεγράφασι
1399 5324 1506 5393 γὰρ
1561 5323 1691 5374 ὡδί·

182 5515 226 5544 ’⁷
261 5513 429 5568 Hebr.
472 5528 510 5576 ι,
549 5514 636 5565 Η.
716 5511 760 5541 ’⁸
790 5511 947 5564 Prov.
981 5521 1091 5567 vni,
1124 5505 1175 5556 9.

1267 5504 1309 5531 ’³
1345 5506 1439 5559 lsa.
1475 5505 1560 5567 6|,
1603 5505 1650 5566 l;
1717 5501 1842 5556 Luc.
1878 5515 1949 5570 tv,
1983 5503 2063 5554 19.

1803 621 1886 665 est
1918 611 2087 666 Filius
2113 612 2367 680 hominis,
2399 623 2451 667 et
2483 616 2734 670 similiter
2761 625 2816 670 ut
2844 633 2940 673 nos
2967 619 3240 690 particeps
3269 621 3369 674 fuit

1802 703 2080 771 sanguinis
2111 711 2161 757 et
2209 707 2391 758 carnis
2414 706 2482 757 ’⁷.
2535 706 2624 760 Sic
2659 707 3000 773 habentibus,
3038 718 3091 764 et
3136 721 3245 765 tam
3277 727 3366 765 vc.

1804 793 2134 858 iterandam,
2189 795 2638 866 verissimamque
2688 798 2845 852 fidem
2893 799 3368 870 amplexantibus,

1802 884 1982 935 omnia
2017 883 2270 954 deinceps
2303 889 2634 955 apparebunt
2669 892 2849 958 pervia
2899 901 2953 947 et
2982 891 3162 962 plana,
3197 903 3250 948 et
3286 895 3368 948 ni-

1802 971 1874 1024 hil
1909 987 2129 1040 prorsus
2173 989 2422 1044 aSperum
2447 985 2501 1030 et
2530 979 2776 1032 arduum.
2806 980 3077 1049 Scriptum
3106 992 3187 1038 est
3221 984 3366 1038 enim

1801 1063 1940 1130 quod
1973 1065 2151 1118 omnia
2180 1067 2458 1136 perspicua
2500 1079 2624 1122 sunt
2660 1069 3106 1141 intelligentibus,
3142 1083 3197 1127 et
3221 1083 3368 1128 recta

1802 1150 2200 1211 invenientibus
2265 1159 2545 1213 scientiam
2576 1162 2639 1214 ³⁸.
2695 1162 2900 1231 Opinor
2948 1173 3127 1218 autem
3191 1180 3370 1234 cperzn

1802 1246 2029 1312 pretium
2091 1247 2228 1312 fore,
2275 1251 2319 1304 si
2365 1266 2508 1305 nunc
2538 1267 2752 1322 quoque
2783 1268 3001 1308 causam
3037 1271 3372 1323 exponamus

1801 1347 2017 1404 propter
2043 1353 2199 1405 quam
2232 1340 2403 1394 factus
2432 1352 2514 1396 est
2546 1344 3058 1401 anathematismus.
3087 1345 3370 1402 Nestorius

1801 1423 1970 1486 enim,
2002 1426 2091 1493 qui
2132 1429 2312 1480 omnia
2351 1430 2707 1497 perturbavit,
2741 1441 2792 1486 et
2831 1434 3012 1487 omnia
3049 1449 3249 1503 susque
3279 1436 3374 1490 de-

1800 1529 1906 1582 que
1954 1516 2214 1582 confudit,
2271 1519 2375 1573 tale
2417 1521 2670 1588 quiddam
2713 1523 2778 1576 de
2829 1526 3070 1577 omnium
3123 1535 3369 1580 nostrum

1803 1599 2081 1658 Salvatorc
2125 1605 2340 1662 Christo
2384 1607 2640 1662 dicebat:
2684 1610 2902 1680 (Missus
2932 1622 3013 1668 est
3059 1612 3124 1668 ad
3180 1615 3372 1682 praedi-

1801 1690 2030 1746 randum
2082 1694 2313 1762 captivis
2369 1699 2846 1767 remissionem",
2901 1703 2987 1757 hic
3041 1704 3211 1760 ﬁdelis
3264 1705 3372 1760 Deo

1803 1779 1973 1837 factus
2001 1785 2260 1852 pontifex.
2289 1788 2486 1844 Factus
2520 1797 2602 1843 est
2652 1792 2797 1846 enim
2828 1792 2934 1859 hic,
2978 1809 3083 1848 non
3113 1803 3374 1865 perpetuo

1729 1879 1770 1932 Β
1801 1883 1918 1927 erat
1951 1892 1964 1928 :
1994 1876 2080 1930 hic
2104 1879 2362 1945 paulatim
2401 1881 2466 1934 ad
2497 1882 2771 1950 pontificis
2818 1885 3142 1953 dignitatem
3175 1902 3368 1955 prove-

1801 1976 1939 2030 ctus,
1972 1968 2268 2040 haeretice.)
2318 1971 2590 2040 Multaque
2631 1972 2734 2026 alia
2785 1975 2868 2029 his
2909 1977 3243 2030 consimilem
3287 1993 3371 2046 pa-

1801 2058 1992 2112 rientia
2054 2061 2383 2131 impietatem
2439 2063 2700 2134 adjungit.
2755 2066 2887 2133 Quis
2936 2068 3120 2138 igitur,
3173 2070 3374 2124 auditis

1802 2156 1908 2200 tam
1960 2147 2115 2206 ftcdis
2162 2152 2522 2216 sermonibus,
2583 2155 2745 2224 188
2789 2171 2892 2209 non
2954 2156 3136 2210 mallet
3190 2158 3372 2212 omnia

1802 2238 1932 2306 pati,
1979 2254 2139 2308 quam
2199 2241 2466 2296 silentium
2503 2239 2615 2299 Deo
2657 2261 2880 2300 exosum
2929 2248 3190 2317 diligere?
3232 2247 3372 2302 Mor—

1801 2337 1922 2379 tuus
1955 2335 2036 2381 est
2066 2343 2163 2397 pro
2198 2331 2352 2385 nobis
2396 2332 2665 2396 Christus,
2703 2334 3075 2390 confusionem
3127 2349 3372 2392 contem-

1802 2417 1906 2485 psit
1925 2417 1990 2481 ³⁰,
2011 2434 2226 2473 crucem
2250 2432 2302 2474 et
2324 2431 2554 2476 mortem
2587 2424 2708 2477 tulit
2731 2427 3026 2481 secundum
3051 2445 3293 2495 carnem,
3317 2441 3372 2485 et

1802 2522 1898 2560 nos
1933 2508 2262 2563 hcnefactori
2293 2521 2477 2565 nostro
2505 2526 2570 2566 ne
2600 2515 2866 2569 sermonis
2895 2516 3109 2584 quidem
3137 2517 3371 2574 ofﬁcium

1801 2607 1954 2666 grato
2006 2603 2184 2651 animo
2246 2603 2620 2669 rcpendemus,
2677 2604 2770 2657 sed
2823 2605 2993 2673 quieti
3042 2608 3375 2676 sedebimus,

1803 2695 1909 2739 tam
1951 2688 2214 2743 absurdas
2259 2692 2540 2745 audientes
2592 2693 2977 2762 blasphemias,
3009 2697 3091 2750 vel
3121 2694 3372 2754 fortassis

1802 2777 1965 2830 etiam
2001 2779 2244 2832 criminis
2277 2781 2513 2836 incitata:
2545 2783 2806 2839 adversus
2850 2799 2971 2840 eum
3016 2786 3212 2857 lingua:
3252 2805 3377 2858 par-

1806 2867 1996 2934 ticipes
2030 2869 2272 2920 erimus?
2319 2867 2463 2923 Heus
2521 2880 2600 2935 tu,
2649 2873 2778 2940 quid
2821 2871 2993 2929 dicis?
3034 2875 3270 2930 Profecit
3319 2879 3374 2931 in

1801 2970 2068 3010 summum
2123 2959 2455 3014 sacerdotem
2512 2961 2810 3028 paulatim?
2859 2966 3021 3033 Atqui
3073 2965 3376 3020 cxinauivit

1800 3050 2034 3116 seipsum
2072 3048 2328 3114 Verbum,
2377 3067 2494 3105 cum
2547 3051 2689 3107 Deus
2725 3055 2977 3110 esset":
3031 3067 3081 3109 et
3113 3059 3206 3128 qui
3257 3065 3378 3114 erat

1743 3199 1766 3219 η
1804 3139 1936 3193 liber
1971 3141 2264 3195 secundum
2299 3153 2542 3197 naturam
2577 3147 2788 3215 accepit
2830 3149 2972 3200 servi
3019 3147 3244 3202 formam
3275 3163 3286 3202 :
3321 3157 3376 3204 et

1803 3234 1892 3301 qui
1929 3232 2067 3286 ultra
2097 3249 2310 3287 omnem
2342 3241 2647 3291 creaturam
2679 3247 2783 3304 est,
2816 3248 2871 3293 et
2908 3240 3210 3294 divinitatis
3239 3243 3376 3296 emi-

1801 3334 1891 3376 net
1928 3323 2118 3392 gloria,
2158 3322 2462 3378 htnniliavit
2508 3326 2769 3396 seipsum.
2813 3327 2870 3382 Si
2901 3337 3079 3383 autem
3115 3330 3371 3400 profecit,

1799 3427 2031 3483 quonam
2065 3417 2220 3470 modo
2250 3418 2558 3473 cxinanitus
2594 3427 2699 3484 est,
2732 3419 2814 3473 vel
2857 3435 2962 3489 quo
3002 3431 3161 3490 pacto
3193 3437 3250 3477 se
3279 3423 3377 3477 de-

1801 3506 1947 3558 nilsit
1982 3508 2046 3559 ad
2087 3508 2554 3564 humiliationem?
2601 3509 2835 3566 Honoris
2888 3511 3050 3580 igitur
3093 3523 3148 3569 et
3190 3514 3376 3585 gloria:

1800 3598 1900 3666 ipsi
1927 3599 2349 3653 conciliatricem
2380 3600 2544 3656 fuisse
2570 3604 2767 3658 dixerit
2791 3603 2987 3674 aliquis
3013 3607 3155 3660 hanc
3180 3608 3375 3661 exina-

1803 3691 2098 3743 nitionetu?
2131 3690 2328 3746 Deinde
2368 3707 2524 3762 quem
2560 3693 2735 3750 locum
2781 3696 3001 3754 habebit
3035 3698 3375 3754 exinanitio?

1801 3781 1870 3832 At
1909 3781 2074 3846 enim,
2119 3782 2313 3849 inquit,
2363 3785 2406 3837 si
2444 3785 2621 3853 ipsum
2669 3785 2762 3841 Dei
2815 3786 2991 3842 Patris
3022 3783 3255 3843 Verbum
3293 3787 3376 3841 fa-

1805 3879 1949 3924 ctum
1977 3881 2060 3924 est
2093 3871 2358 3937 pontifex,
2395 3874 2536 3942 quis,
2572 3891 2689 3938 oro,
2725 3877 2897 3944 major
2927 3887 3010 3932 est
3040 3877 3150 3939 illo,
3200 3888 3255 3932 et
3289 3879 3376 3933 cui

1802 3961 2120 4015 sacerdotali
2186 3962 2489 4020 ministerio
2558 3967 2774 4020 servit?
2833 3967 3001 4036 Igitur
3056 3969 3231 4023 dicam
3277 3971 3378 4024 ite—

1803 4067 1920 4105 rum
1978 4070 1988 4104 :
2046 4052 2216 4107 Crede
2284 4056 2464 4122 quod,
2539 4058 2788 4124 quamvis
2865 4058 3007 4113 Deus
3080 4062 3376 4114 secundum

1804 4153 2048 4197 naturam
2127 4155 2271 4200 esset
2365 4156 2420 4200 et
2506 4146 2556 4200 in
2657 4148 2828 4202 forma
2906 4145 3085 4203 Patris
3165 4149 3376 4215 Filius,

1806 4249 1907 4286 non
1943 4236 2186 4302 rapinam
2233 4237 2528 4291 arbitratus
2553 4247 2636 4292 est
2679 4253 2799 4293 esse
2829 4255 2887 4292 sc
2920 4241 3180 4308 aequalem
3227 4241 3376 4306 Deo;

1804 4326 1896 4377 sed
1927 4329 2162 4394 seipsum
2212 4328 2532 4393 exiuanivit,
2576 4329 2802 4381 formam
2855 4331 2995 4384 servi
3061 4345 3372 4384 assumens.

1806 4415 1861 4467 Si
1889 4426 2063 4468 autem
2102 4415 2274 4470 factus
2293 4426 2377 4469 est
2411 4417 2589 4482 homo,
2630 4420 2922 4486 assumpsit
2953 4428 3134 4473 autem
3161 4420 3375 4474 etservi

1735 4529 1778 4582 ι)
1811 4505 2035 4557 formam
2064 4520 2078 4566 ;
2119 4504 2387 4572 quomodo
2420 4507 2663 4560 censebit
2696 4521 2945 4574 parvum,
2995 4517 3049 4563 et
3098 4510 3380 4578 dispensa-

1809 4593 1971 4646 tionis
2037 4593 2330 4646 rationibus
2383 4593 2783 4661 incongruum,
2843 4597 3102 4664 appellari
3157 4606 3211 4652 et
3257 4613 3381 4653 esse

1811 4683 2108 4751 apostolum
2140 4690 2192 4736 et
2218 4684 2526 4752 pontificem
2552 4685 2573 4736 ?
2600 4696 2654 4738 et
2685 4686 2777 4753 qui
2821 4701 3128 4740 mensuram
3181 4688 3377 4740 huma-

1814 4775 1998 4826 nitatis
2030 4783 2228 4826 nostra:
2252 4789 2356 4826 non
2398 4774 2719 4840 dedignatus
2748 4786 2853 4840 est,
2897 4780 3166 4843 quomodo
3203 4792 3371 4846 repu-

1813 4865 2007 4917 dianda
2065 4865 2290 4918 duceret
2334 4865 2613 4918 humana?
2674 4862 2923 4920 Forsitan
2969 4869 3108 4920 haud
3163 4867 3379 4922 difﬁcile

1812 4956 1952 5011 foret
1986 4957 2036 5010 id
2063 4956 2305 5023 pluribus
2339 4967 2580 5010 tractare
2610 4958 2977 5021 sermonibus,
3035 4967 3087 5012 et
3116 4958 3378 5026 prolixio-

1812 5062 1920 5100 rem
1949 5048 2012 5099 ad
2033 5048 2133 5102 hoc
2163 5047 2529 5100 narrationem
2550 5048 2884 5114 protrahere.
2907 5048 3031 5114 Sed,
3054 5049 3137 5102 his
3157 5049 3222 5102 ad
3253 5065 3383 5116 prae-

1810 5153 1934 5190 sens
1961 5137 2364 5206 pratermissis,
2401 5136 2639 5204 ipsorum
2665 5136 2886 5192 aderam
2907 5154 3207 5194 sermones.
3237 5140 3380 5194 Scri-

1812 5237 2032 5296 pseruttt
2060 5229 2203 5281 enim
2239 5227 2315 5281 sic
2351 5243 2362 5277 :
2399 5225 2600 5280 Verum
2630 5244 2696 5282 ne
2731 5230 2976 5283 turbetur
3007 5241 3183 5284 vestra
3216 5245 3367 5286 mens

1811 5321 2030 5372 audiens
2059 5319 2125 5372 de
2165 5333 2248 5381 eo,
2287 5320 2387 5386 qui
2423 5335 2618 5388 passus
2665 5329 2747 5373 est
2783 5341 2793 5374 :
2837 5341 2855 5372 ‹
2892 5321 2956 5374 Ει
3003 5323 3218 5391 quidem
3255 5338 3374 5377 cum

2138 5503 2179 5531 πο
2207 5502 2366 5558 nem.
2403 5517 2497 5564 xu,
2529 5502 2579 5555 2.
2659 5503 2696 5534 ³¹
2731 5502 2960 5571 PhiliPP-
3003 5521 3059 5568 ιι»
3096 5503 3146 5556 7-

1221 5663 1386 5715 V'aria:
1429 5662 1680 5715 lectiones
1711 5676 1772 5714 ex
1806 5660 1988 5712 codice
2016 5659 2382 5726 Segnicriaoo.

186 5819 213 5858 Ρ
249 5809 695 5878 διατεθειμένοις.
775 5819 800 5858 (ι
840 5809 930 5860 καὶ
964 5808 1145 5877 ἕτερα.
1227 5815 1245 5843 τ
1279 5806 1337 5858 τὸ
1362 5805 1569 5875 χρῆμα.

1650 5816 1669 5842 ³
1711 5804 2011 5875 ποιήσαιτε.
