4042 6498
612 459 715 517 567
1598 447 1658 502 S.
1701 444 1984 502 CYRILLI
2024 441 2498 501 ALEXANDRINI
2539 446 2864 505 ARCHIEP.
3779 451 3885 507 358

613 587 758 634 esset
784 574 1010 630 Filius.»
1041 570 1158 630 Non
1183 572 1327 628 enim
1353 571 1489 628 duos
1511 573 1648 630 ﬁlios
1668 575 1919 639 dicimus;
1953 589 2074 630 eum
2102 572 2192 644 qui

2315 574 2470 628 Ἀλλὰ
2511 576 2587 647 μὴ
2634 576 2989 646 ταραττέσθω
3041 575 3194 646 ὑμῶν
3243 577 3278 647 ἡ
3327 575 3556 639 διάνοια,
3609 578 3738 648 περὶ
3786 579 3883 631 τοῦ

614 685 801 739 passus
833 677 936 732 est,
972 677 1024 721 et
1061 681 1184 721 eum
1231 666 1322 735 qni
1350 667 1555 721 mansit
1585 667 1964 736 impassibilis.
2003 667 2189 736 Neque

2293 666 2557 730 παθόντος
2610 667 2884 720 ἀκούουσα
2923 670 2974 732 ί,
3017 688 3032 717 ι
3063 667 3285 736 Καίπερ
3312 665 3387 718 ὣν
3419 667 3566 729 Υἰός.
3609 685 3626 717 ι
3663 666 3740 720 Ού
3773 668 3884 738 γὰρ

611 759 755 813 enim
788 774 814 810 a
847 757 1049 812 deitate
1082 757 1311 811 seorsim
1345 765 1750 825 sequestratum
1809 756 1860 812 id
1913 757 2058 827 quod
2110 765 2192 810 est

2290 756 2384 810 δύο
2426 757 2576 821 υἰούς
2609 775 2812 828 φαμεν,
2847 760 2938 812 τόν
2986 775 3044 811 τε
3081 759 3340 822 παθόντα,
3395 759 3490 812 καὶ
3539 759 3631 810 τὸν
3687 759 3883 828 ἀπαθῆ

611 865 677 903 ex
714 850 921 905 semine
975 848 1144 903 David
1182 846 1354 902 Filius
1401 847 1713 902 nominatus
1758 859 1871 912 est,
1910 857 1969 902 ut
2017 861 2192 915 neque

2295 850 2577 919 μείναντα.
2611 850 2686 901 Ού
2717 848 2826 919 γὰρ
2857 848 3279 920 κεχωρισμένως
3313 849 3408 902 καὶ
3435 849 3753 912 ἰδιαζόντως
3782 849 3885 918 τῆς

612 941 789 995 deitas
811 950 931 1010 post
970 940 1273 994 unitionem
1302 941 1420 996 sine
1451 940 1648 995 visibili
1678 954 1841 994 carne
1872 939 2047 994 Filius
2084 955 2181 1008 ap-

2295 941 2546 1014 θεότητος
2571 944 2629 996 τὸ
2658 946 2722 998 ἐκ
2749 945 3063 1014 σπέρματος
3092 942 3253 997 Δαυῖδ
3281 941 3406 1006 Υἱὸς
3432 942 3747 1012 ὠνόμασται
3768 959 3779 971 ⁸
3809 942 3887 1002 ὼς

614 1030 834 1100 pellata.
865 1030 933 1084 Et
963 1030 1157 1084 iterum
1185 1046 1198 1082 :
1236 1014 1389 1084 Unde
1427 1044 1591 1082 unum
1626 1037 1680 1082 et
1715 1029 1962 1084 eumdem
1996 1028 2190 1083 Filium

2294 1034 2412 1087 οὐδὲ
2443 1035 2475 1104 ὴ
2510 1034 2699 1107 θεότης
2733 1037 2873 1106 μετὰ
2900 1035 2998 1106 τὴν
3027 1035 3219 1087 ’ἐνωσιν
3250 1034 3376 1088 ἄνευ
3407 1032 3508 1103 τῆς
3553 1032 3888 1102 φαινομένης

612 1121 938 1176 conﬁtemur
956 1120 1255 1176 inconfusis
1281 1122 1487 1175 naturis
1506 1120 1874 1186 manentibus,
1904 1136 2009 1174 non
2028 1120 2191 1174 alium

2298 1125 2498 1196 σαρκὸς
2529 1125 2656 1190 Υἱὸς
2690 1126 3147 1198 προσηγόρευται.
3196 1125 3309 1179 Καὶ
3353 1125 3515 1178 πάλιν
3537 1141 3550 1154 ο
3591 1125 3755 1178 Ὅθεν
3789 1125 3891 1178 ’ἐνα

611 1221 667 1266 et
695 1211 857 1266 alium
883 1212 1148 1274 dicentes;
1175 1212 1348 1266 absit!
1381 1212 1479 1267 sed
1505 1227 1670 1266 unum
1705 1221 1754 1265 et
1781 1213 2030 1266 eumdem
2061 1226 2194 1279 pon-

2296 1217 2390 1270 καί
2441 1217 2533 1270 τὸν
2583 1219 2743 1272 αὑτὸν
2780 1220 2906 1272 Υἱδν
2955 1218 3346 1288 ὁμολογοῦμεν,
3403 1217 3730 1288 ἀσυγχύτων
3777 1217 3891 1269 τῶν

613 1303 858 1368 tiﬁcem;
935 1317 1068 1372 ergo
1089 1309 1144 1359 et
1178 1304 1480 1372 apostolum
1536 1313 1782 1358 nostrum
1834 1302 2034 1356 laetum
2074 1316 2194 1356 esse

2297 1308 2512 1376 φύσεων
2547 1310 2841 1380 μενουσῶν,
2870 1311 2970 1366 οὐκ
2998 1310 3156 1365 ἄλλον
3184 1311 3277 1362 καὶ
3311 1309 3470 1362 ἄλλον
3499 1309 3775 1376 λέγοντες,
3811 1311 3891 1378 μὴ

616 1393 777 1464 189
794 1393 1080 1449 Dominum
1105 1405 1344 1449 nostrum
1365 1392 1546 1448 Jesum
1571 1393 1868 1456 Christum,
1897 1392 2193 1447 secundum

2296 1399 2526 1468 γένοιτο,
2559 1401 2673 1454 ἀλλ’
2707 1401 2802 1455 ἕνα
2837 1403 2931 1455 καὶ
2959 1403 3052 1455 τὸν
3083 1401 3265 1455 αὐτόν.
3321 1401 3608 1472 ’Λρχιερέα
3643 1396 3738 1454 οὖν
3791 1401 3891 1453 καὶ

612 1488 824 1539 divinas
858 1484 1200 1554 Scripturas,
1243 1483 1424 1539 nullus
1475 1501 1582 1539 non
1636 1485 2032 1549 conﬁtebitur;
2088 1500 2194 1537 non

2297 1490 2597 1543 ἀπόστολον
2639 1491 2800 1562 ἡμῶν
2847 1487 3176 1562 γεγενῆσθαι
3211 1493 3301 1546 τὸν
3331 1491 3540 1562 Κύριον
3573 1491 3733 1562 ἡμῶν
3787 1491 3892 1561 Ἰη-

613 1585 792 1630 tamen
816 1583 1128 1642 separatum
1154 1576 1384 1630 seorsim
1417 1577 1692 1630 hominem
1709 1592 1773 1629 ex
1798 1576 2026 1630 muliere
2052 1590 2080 1628 a
2101 1575 2192 1629 Dei

2300 1581 2425 1634 σοῦν
2457 1583 2692 1651 Χριστὸν
2725 1582 2862 1636 κατὰ
2893 1583 2990 1646 τὰς
3021 1584 3170 1646 θείας
3201 1583 3447 1653 Γραφὰς,
3483 1583 3660 1645 οὐδεὶς
3696 1581 3764 1634 ἂν
3789 1582 3891 1650 οὐκ

611 1666 793 1721 Patris
823 1665 1019 1722 Verbo.
1063 1665 1251 1736 Itaque
1305 1667 1348 1721 si
1381 1683 1545 1721 unum
1574 1667 1763 1722 dicunt
1787 1666 2007 1731 Filium,
2049 1666 2196 1721 nullo

2299 1674 2704 1745 ὁμολογήσειεν,
2751 1675 2810 1726 οὐ
2846 1675 3220 1746 χωριζόμενον
3255 1675 3436 1744 μέντοι
3470 1673 3651 1737 ἰδικῶς
3676 1675 3895 1746 ἄνθρω-

616 1757 778 1812 modo
802 1760 1100 1826 partientes
1129 1759 1184 1813 in
1217 1757 1356 1814 duos
1391 1777 1403 1812 :
1441 1774 1610 1813 unum
1641 1774 1708 1814 ex
1762 1760 1971 1815 semine
2000 1756 2194 1823 David,

2300 1781 2398 1817 πον
2427 1765 2490 1817 ὲκ
2515 1763 2770 1832 γυναικὸς
2802 1763 2896 1816 τοῦ
2931 1765 2994 1817 ὲκ
3037 1763 3172 1816 Θεοῦ
3205 1764 3417 1836 Πατρὸς
3447 1765 3642 1832 Λόγου.
3675 1765 3894 1819 Οὐκοῦν

610 1859 665 1904 et
697 1849 862 1904 alium
897 1865 962 1904 ex
987 1848 1097 1904 Deo
1128 1848 1289 1905 Patre
1314 1848 1577 1919 Verbum;
1615 1851 1893 1922 quomodo
1942 1868 2052 1906 non
2105 1851 2195 1905 lae-

2298 1855 2347 1907 εἰ
2385 1854 2480 1908 ἕνα
2515 1856 2677 1924 φασὶν
2714 1854 2862 1918 Υἰὸν,
2906 1855 3028 1908 κατ’
3075 1854 3264 1907 ούδένα
3301 1856 3501 1924 τρόπον
3547 1854 3894 1927 διαιροῦντες

611 1942 749 1997 dunt
770 1949 1178 1998 sacramentum
1191 1983 1205 2008 ,
1223 1942 1520 2010 partientes
1537 1943 1992 2015 dispensationem
2008 1944 2118 1999 Deo
2141 1953 2196 1997 et

2301 1948 2377 2012 εἰς
2395 1945 2508 2014 δύο,
2527 1915 2633 2000 ’τόν
2651 1964 2710 2000 τε
2740 1947 2805 1999 ὲκ
2836 1915 3149 2017 σπέρματος
3180 1915 3364 2009 ΔαυῒδΙ,
3397 1948 3492 1999 καὶ
3520 1946 3612 1999 τὸν
3651 1915 3715 2000 έκ
3751 1915 3897 2000 Θεού

610 2035 906 2100 bominiet;
940 2050 1045 2091 non
1077 2034 1257 2104 potius
1281 2051 1445 2088 unum
1470 2045 1524 2090 et
1553 2037 1799 2090 eumdem
1834 2037 2000 2092 Deum
2021 2048 2074 2090 et
2098 2038 2196 2091 ho-

2299 2039 2511 2110 Πατρδς
2563 2040 2755 2107 Λόγον,
2820 2038 2936 2102 πῶς
2992 2038 3093 2090 ούκ
3141 2036 3387 2091 ἀδικοῦσι
3440 2037 3502 2090 τὸ
3561 2039 3895 2111 μυστήριον,

610 2125 812 2180 minem
833 2139 950 2180 esse
963 2124 1170 2190 dicunt,
1186 2125 1558 2180 utsintomnia
1583 2125 1720 2194 ejus,
1741 2134 1927 2196 etquae
1940 2127 2119 2182 divina
2142 2139 2195 2184 ct

2304 2131 2616 2201 μερίζοντες
2649 2129 2747 2200 τὴν
2787 2127 3100 2200 οἰκονομίαν
3150 2127 3270 2199 Θεῷ
3314 2128 3408 2183 καὶ
3449 2128 3743 2200 ἀνθρώπῳ,
3797 2132 3900 2184 καὶ

611 2231 731 2286 qua
757 2216 1029 2270 humana?
1053 2214 1186 2271 Nam
1219 2218 1432 2286 quando
1455 2216 1678 2285 aliquid,
1704 2218 1845 2287 quod
1872 2218 2041 2273 Deum
2074 2235 2194 2273 ma-

2306 2225 2416 2294 ούχὶ
2445 2225 2509 2294 δὴ
2546 2212 2746 2294 μᾶλλον
2775 2223 2864 2276 τὸν
2890 2223 3010 2286 ἕνα,
3044 2221 3248 2276 καὶτὸν
3278 2221 3443 2275 αὑτὸν
3471 2222 3566 2274 καὶ
3586 2221 3719 2275 Θεὸν
3750 2217 3902 2275 εἶναί

610 2311 755 2365 xime
783 2311 969 2374 decet,
994 2308 1062 2364 de
1090 2309 1207 2379 ipso
1237 2309 1454 2370 dicitur,
1485 2309 1586 2363 hoc
1612 2319 1760 2363 certe
1790 2310 2104 2363 omnimodo
2139 2317 2192 2364 et

2302 2331 2449 2382 φασι,
2485 2315 2580 2367 καὶ
2612 2313 2922 2384 ἄνθρωπον,
2965 2313 3040 2376 ὡς
3093 2308 3230 2365 εἶναι
3275 2312 3454 2364 πάντα
3509 2311 3693 2377 αὑτοῦ,
3731 2313 3804 2366 τά
3835 2331 3898 2366 τε

608 2412 799 2453 verum
823 2412 943 2451 esse
967 2396 1216 2461 dicimus.
1245 2397 1412 2450 Deum
1437 2397 1579 2449 enim
1611 2396 1786 2466 ipsum
1827 2412 1943 2451 esse
1968 2398 2190 2452 scimus.

2304 2405 2599 2476 θεοπρεπῆ,
2633 2405 2726 2458 καὶ
2758 2406 2826 2458 τὰ
2853 2403 3203 2475 ἀνθρώπινα;
3233 2402 3402 2455 Ὅταν
3435 2401 3544 2472 γάρ
3575 2419 3627 2454 τι
3660 2401 3768 2454 τῶν
3808 2403 3900 2455 ὅτι

611 2487 681 2544 Et
705 2487 750 2544 si
791 2488 1027 2543 humane
1055 2487 1334 2557 quidpiam
1389 2486 1593 2540 dictum
1647 2485 1832 2553 fuerit,
1883 2489 2047 2542 etiam
2091 2488 2194 2544 hoc

2308 2498 2535 2567 μάλιστα
2569 2495 3059 2566 θεοπρεπεστάτων
3091 2495 3316 2564 λέγηται
3348 2494 3474 2562 περί
3510 2492 3698 2558 αὑτοῦ,
3730 2495 3904 2548 τοῦτο

610 2581 982 2636 admittenms.
1032 2577 1371 2634 Conﬁtemur
1420 2578 1564 2632 enim
1619 2581 1764 2647 quod
1812 2578 1956 2635 Deus
2012 2588 2094 2634 est
2139 2581 2192 2633 in

2308 2586 2359 2657 δὴ
2389 2587 2608 2648 πάντως
2650 2585 2743 2638 καὶ
2779 2584 2978 2652 ἀληθὲς
3007 2578 3146 2635 εἵναί
3178 2597 3383 2650 φαμεψ
3413 2581 3545 2634 Θεδν
3586 2581 3694 2651 γὰρ
3729 2582 3904 2651 ἴσμεν

611 2685 778 2729 carne
819 2681 874 2726 et
907 2671 1191 2735 sanguine,
1247 2678 1303 2726 et
1333 2669 1697 2725 humanitatis
1735 2685 2045 2725 mensuram
2095 2687 2192 2739 per

2307 2675 2482 2730 αὐτόν.
2513 2673 2632 2728 Κᾶν
2661 2670 3004 2743 ἀνθρώπινόν
3028 2687 3080 2723 τι
3100 2669 3162 2722 τὸ
3192 2669 3521 2738 λαλούμενον
3547 2665 3602 2742 ᾖ,
3633 2670 3724 2722 καὶ
3746 2670 3903 2724 οὕτω

607 2762 846 2819 humana
883 2760 1251 2831 agnoscimus.
1307 2759 1472 2814 Illillia
1519 2760 1665 2815 enim
1699 2761 1930 2814 millium
1981 2774 2194 2815 sancto-

2310 2765 2697 2835 πυννεύσομενι
2749 2761 3124 2832 ὁμολογοῦμεν
3170 2760 3280 2831 γὰρ
3325 2761 3408 2813 ὅτι
3454 2761 3587 2823 Θεός
3632 2763 3781 2814 ἐστιν
3837 2763 3906 2815 έν

607 2868 733 2908 rum
786 2852 1102 2920 angelorum
1156 2851 1473 2906 ministrant
1532 2851 1624 2918 ei;
1691 2860 1747 2905 et
1787 2851 2033 2904 divinum
2077 2852 2195 2921 ejus

2310 2859 2465 2928 rapaci.
2504 2857 2598 2911 καὶ
2623 2856 2820 2925 αἵματι
2841 2872 2854 2884 ·
2889 2855 2984 2907 καὶ
3012 2853 3072 2905 τὸ
3104 2853 3202 2924 τῆς
3235 2853 3657 2923 ἀνθρωπότητος
3689 2854 3906 2924 μέτρον

609 2945 869 3001 thronum
948 2944 1311 2997 circumstant
1357 2941 1668 3012 Seraphim.
1731 2941 1961 3008 Quando
2010 2954 2190 2998 autem

2309 2951 2383 3004 Βιὰ
2410 2936 2531 3003 τῶν
2549 2947 2907 3019 ἀνθρωπίνων
2932 2943 3391 3015 ὲπιγινὼσκομεν.
3426 2945 3612 2998 Χίλιαι
3645 2946 3747 3016 μὲν
3781 2949 3905 3017 γὰρ

611 3037 790 3093 factus
823 3043 906 3090 est
933 3034 1115 3098 homo,
1144 3041 1375 3088 vocatus
1418 3042 1502 3087 est
1526 3032 1690 3086 etiam
1737 3031 2021 3102 pontifex;
2084 3048 2191 3087 non

2310 3040 2530 3112 (ιλιάδες
2556 3039 2726 3107 ἁγίων
2752 3037 3000 3106 ἀγγέλων
3029 3036 3441 3106 λειτουργοῦστν
3465 3037 3636 3107 αὐτῷ,
3671 3039 3766 3090 καὶ
3799 3041 3906 3092 τὸν

610 3127 758 3201 quod
798 3135 1053 3194 tanquam
1087 3123 1278 3194 majori
1310 3120 1422 3178 Deo
1455 3121 1677 3178 offerret
1705 3123 2059 3187 sacriﬁcium,
2093 3125 2187 3178 sed

2311 3133 2440 3186 ὶεῖον
2470 3128 2638 3183 αὑτοῦ
2667 3128 2855 3198 θρόνον
2891 3127 3202 3197 περιιστᾶσι
3231 3124 3301 3177 τὰ
3341 3124 3613 3195 Σεραφίμ.
3666 3125 3907 3199 Ἐπειδὴ

611 3221 756 3293 quod
803 3218 1009 3288 sibiipsi
1064 3226 1118 3271 et
1173 3215 1320 3270 Patri
1367 3214 1490 3270 ﬁdei
1534 3223 1732 3269 nostrae
1787 3215 2186 3270 confessionem

2312 3225 2351 3281 ἱὲ
2380 3222 2602 3292 γέγονεν
2625 3218 2930 3289 ἄνθρωπος.
2957 3215 3340 3286 δίεχρημάτικε
3367 3216 3459 3269 καὶ
3483 3215 3760 3286 ἀχιερεὺς,
3794 3218 3908 3289 οὐχ

609 3320 948 3381 procuraret.
980 3308 1220 3362 Audiens
1250 3305 1393 3375 quod
1431 3306 1610 3360 dictus
1632 3317 1716 3360 est
1767 3306 2031 3362 sacerdos
2058 3322 2188 3377 pro-

2310 3317 2372 3380 ὣς
2408 3313 2615 3384 μείζονι
2652 3308 2772 3378 Θεῷ
2822 3305 3208 3378 προσκομίζων
3252 3305 3350 3375 τὴν
3402 3306 3744 3376 ἱερουργίαν,
3772 3306 3906 3360 ἀλλ’

608 3412 734 3475 pter
754 3401 1168 3464 humanitatem,
1211 3398 1517 3454 erubescis?
1541 3397 1744 3453 Deinde
1770 3401 2048 3469 quomodo
2081 3415 2187 3454 non

2315 3405 2476 3477 ἑαυτῷ
2512 3421 2573 3458 τε
2607 3402 2699 3456 καὶ
2725 3400 2804 3471 τῷ
2845 3400 3024 3472 Πατρί
3053 3399 3154 3467 τῆς
3183 3397 3418 3460 πίστεως
3447 3398 3603 3468 ἡμῶν
3636 3397 3733 3469 τὴν
3764 3400 3911 3468 ὁμο-

613 3492 916 3547 admiratus
945 3505 1025 3555 es,
1053 3489 1198 3558 quod
1244 3504 1353 3543 non
1383 3490 1679 3543 secundum
1702 3489 2049 3545 sacerdotum
2079 3507 2194 3546 mo-

2312 3502 2484 3571 ιογίαν
2546 3495 3091 3570 πραγματευόμενος.
3173 3488 3467 3560 Ἐρυθριᾷς
3525 3490 3742 3544 ἀκούων
3801 3484 3908 3544 ’ὅτι

614 3597 752 3648 rem,
784 3582 938 3636 alteri
976 3581 1230 3636 detulerit
1259 3581 1513 3635 sacriticii
1551 3581 1791 3648 modum,
1835 3582 1930 3636 sed
1979 3583 2192 3651 sibiipsi

2315 3591 2711 3664 ιεχρημὰτικεν
2755 3588 2934 3656 ἱερεὺς
2965 3584 3054 3637 διὰ
3096 3583 3159 3635 τὸ
3191 3582 3570 3654 ὰνθρώπινον;
3605 3578 3739 3636 Εἶτα
3778 3584 3911 3648 πῶς

614 3676 795 3747 potius
829 3672 1090 3740 et‘Patri,
1132 3684 1194 3729 ut.
1232 3672 1388 3728 dixi?
1432 3673 1664 3739 Quando
1716 3673 1855 3728 dicis
1914 3675 2192 3742 indignum

2317 3689 2358 3739 δύ
2379 3682 2731 3753 τεθαύμακας
2760 3680 2841 3732 ὅτι
2875 3676 2950 3747 μὴ
2979 3675 3120 3730 κατὰ
3147 3675 3208 3728 τὸ
3227 3674 3336 3728 τῶν
3363 3674 3552 3744 ἱερέων
3575 3673 3696 3736 ἔθος
3716 3674 3913 3746 ἑτέρῳ

614 3781 736 3821 esse
797 3765 906 3820 Deo
949 3775 1006 3819 ut
1059 3763 1353 3830 sacriﬁcet,
1417 3760 1681 3832 astipulor
1732 3775 1788 3818 et
1818 3778 1939 3833 ego.
1995 3765 2099 3819 Sed
2149 3767 2196 3822 si

2315 3775 2521 3845 ποιῆται
2555 3783 2580 3810 ιι
2611 3771 2708 3840 τῆς
2739 3767 3049 3839 ἱερουργίας
3080 3765 3170 3818 τὸν
3202 3765 3422 3835 τρόπον,
3455 3763 3634 3832 ἑαυτῷ
3663 3763 3720 3815 δὲ
3756 3765 3911 3833 μᾶλ-

613 3856 790 3913 solum
821 3866 969 3912 esset
1015 3865 1070 3910 et
1102 3855 1311 3925 absque
1351 3869 1518 3910 carne
1561 3855 1822 3922 Verbum,
1876 3857 2019 3912 recte
2049 3859 2198 3913 dice-

2314 3871 2409 3926 ιον,
2441 3861 2515 3924 ὡς
2546 3861 2705 3928 ἔφην,
2726 3859 2822 3909 καὶ
2851 3855 2930 3924 τῷ
2961 3855 3135 3923 Πατρί
3162 3873 3175 3919 ;
3213 3853 3382 3905 Ὅταν
3417 3852 3575 3925 εἴπῃς
3606 3853 3708 3905 οὐκ
3739 3852 3910 3916 ἄξιον

613 3961 746 4002 res:
777 3954 829 4000 at
858 3959 984 3999 vero
1005 3945 1131 4014 quia
1166 3944 1367 3998 factum
1408 3953 1492 3998 est
1548 3959 1701 4009 caro,
1755 3938 1889 4000 vide'
1925 3957 1982 3999 et
2018 3947 2194 4001 sacri-

2318 3943 2441 4002 ;ῐναι
2474 3946 2569 4002 τοῦ
2602 3947 2736 3999 Θεοῦ
2770 3946 2830 3998 τὸ
2868 3945 3192 4015 ἱερουργεῖν,
3227 3943 3480 4013 σύμφημι
3521 3941 3696 4010 κάγώ.
3749 3943 3914 3996 Ἀλλ’

615 4038 868 4092 ﬁcantem
917 4046 1140 4106 propter
1178 4034 1609 4101 humanitatem;
1640 4045 1696 4089 et
1737 4035 1789 4089 in
1841 4036 2197 4107 dignitatibus

2319 4043 2348 4093 ;ἰ
2383 4041 2542 4110 μόνος
2585 4033 2675 4109 ἦν,
2707 4037 2800 4090 καὶ
2848 4035 2972 4105 δίχα
3001 4033 3205 4103 σαρκὸς
3240 4036 3268 4087 ὀ
3298 4034 3490 4102 Λόγος,
3529 4032 3665 4104 ἔφης
3695 4032 3762 4086 ἂν
3803 4036 3915 4104 δρ-

613 4130 760 4184 ultra
791 4137 1099 4183 creaturam
1125 4166 1143 4192 ,
1177 4127 1316 4181 sicut
1345 4126 1512 4180 Deum
1559 4141 1572 4178 :
1609 4127 1852 4182 considet
1887 4129 2031 4182 enim
2075 4144 2196 4183 cum

2320 4133 2441 4195 ἰῶς’
2476 4130 2664 4200 ἐπειδὴ
2695 4129 2750 4182 δὲ
2781 4129 3005 4197 γέγονεν
3049 4125 3364 4196 ἄνθρωπος,
3397 4127 3500 4196 ὅρα
3543 4125 3636 4178 καὶ
3673 4125 3826 4195 ἰερου
3838 4143 3916 4194 ρ-

616 4221 728 4279 Deo
757 4227 813 4273 et
838 4219 1019 4274 Patre.
1069 4217 1261 4287 Itaque
1314 4227 1368 4272 et
1409 4217 1531 4273 vide
1576 4217 1750 4287 ipsum
1791 4219 2194 4274 sacriﬁcantem

2324 4222 2500 4276 ὀὖντα
2530 4221 2619 4275 διὰ
2664 4221 2724 4274 τὸ
2767 4217 3131 4289 ἀνθρώπινον,
3164 4218 3262 4271 καὶ
3313 4217 3370 4269 έν
3400 4219 3514 4280 τοῖς
3545 4216 3684 4286 ὑπὲρ
3707 4216 3920 4272 κτίσιν

614 4309 911 4366 secundum
963 4310 1356 4364 humanitatem
1389 4350 1404 4374 ,
1471 4309 1845 4364 considentem
1900 4321 2086 4366 autem
2138 4321 2196 4366 ut

2321 4314 2630 4384 ιξιὼμασιν,
2683 4313 2758 4373 ὠς
2811 4311 2980 4363 Θεόνο
3035 4308 3343 4379 συνεδρεύει
3378 4307 3487 4378 γὰρ
3533 4305 3609 4376 τῷ
3642 4306 3765 4377 Θεῷ
3803 4311 3917 4364 καὶ

615 4401 807 4457 Deum.
855 4399 994 4466 Quid
1029 4400 1173 4454 enim
1223 4397 1354 4452 dicit
1400 4399 1592 4453 beatus
1642 4397 1892 4454 Paulus?
1939 4421 1957 4452 ‹
2010 4401 2196 4456 Talem

2323 4407 2496 4478 Ιατρί.
2537 4407 2676 4476 Ὅρα
2708 4405 2886 4456 τοίνυν
2935 4401 3282 4473 ἱερατεύοντα
3317 4399 3414 4469 μὲν
3447 4399 3608 4452 αὑτὸν
3645 4399 3790 4453 κατὰ
3841 4402 3919 4455 τὸ

615 4494 880 4548 habemus
917 4488 1251 4560 pontiﬁcem,
1286 4489 1375 4559 qui
1395 4489 1646 4544 consedit
1677 4491 1728 4544 in
1752 4491 1978 4545 dextera
2015 4493 2194 4548 throni

2323 4497 2665 4568 ινθρώπινον,
2697 4491 3085 4564 συνεδρεύοντα
3124 4491 3181 4543 δὲ
3206 4491 3282 4553 ὼς
3311 4489 3464 4542 Θεόν.
3500 4487 3564 4541 Τί
3595 4489 3704 4559 γάρ
3729 4506 3919 4559 φησιν

615 4579 1007 4655 magnitudinis
1041 4583 1095 4635 in
1127 4582 1354 4637 excelsis
1384 4581 1448 4634 ³’.
1489 4600 1506 4632 ι
1562 4583 1810 4639 Scientes
1838 4584 2004 4654 igitur
2051 4589 2194 4657 quod

2325 4611 2332 4639 ι
2370 4588 2637 4659 μακάριος
2671 4585 2911 4648 Παῦλοςς
2949 4602 2968 4636 ι
3006 4583 3263 4636 Τοιοῦτον
3291 4581 3490 4652 ἔχομεν
3521 4582 3813 4653 ἀρχιερέα,
3847 4584 3921 4648 ὃς

615 4669 792 4730 factus
817 4685 901 4729 est
925 4677 1107 4738 homo,
1135 4687 1258 4728 cum
1290 4673 1429 4726 Deus
1477 4682 1622 4726 esset
1673 4681 1777 4743 (est
1817 4684 1996 4730 autem
2059 4693 2198 4733 unus

2327 4679 2560 4733 ;κάθισεν
2592 4680 2648 4730 ὲν
2694 4676 2844 4746 δεξιᾷ
2885 4674 2980 4728 τοῦ
3017 4674 3210 4744 θρόνου
3254 4672 3355 4743 τῆς
3399 4672 3793 4743 μεγαλωσύνης
3849 4677 3923 4728 ὲν

617 4778 672 4820 et
699 4766 840 4819 idem
868 4761 1083 4833 Filius),
1115 4762 1188 4816 illi
1218 4763 1398 4816 omnia
1429 4763 1748 4829 tribuemus,
1775 4775 1834 4819 ut
1863 4767 1974 4831 uni;
2004 4778 2058 4822 et
2089 4770 2198 4824 dis-

2329 4773 2422 4832 τοῖς
2456 4769 2699 4839 ὑψηλοῖς.
2743 4787 2760 4818 δ
2798 4765 3014 4828 Εἰδότες
3045 4765 3225 4818 τοίνυν
3271 4764 3354 4818 ὅτι
3386 4764 3521 4827 Θεὸς
3561 4762 3636 4816 ὣν
3671 4764 3925 4831 γέγονεν

615 4856 952 4927 pensationls
1012 4854 1202 4908 modos
1247 4869 1353 4907 non
1394 4856 1804 4924 ignorabimus,
1847 4860 2197 4929 cogitationis

2328 4861 2618 4932 ἱνθρωπος,
2647 4859 2761 4911 ἔστι
2794 4859 2850 4911 δὲ
2880 4857 2958 4921 εἷς
2984 4859 3074 4910 καὶ
3110 4859 3138 4909 ὁ
3166 4856 3326 4918 αὐτὸς
3357 4853 3505 4920 Υἰὸς,
3543 4852 3692 4925 αὐτῷ
3719 4858 3924 4914 πάντα

615 4948 727 5001 vim
776 4959 992 5014 semper
1032 4944 1256 5014 provide
1296 4955 1350 4999 et
1392 4947 1669 5016 sapienter
1718 4949 1784 5004 ad
1827 4951 2196 5007 obedientiam

2329 4945 2727 5021 τροσνεμοῦμεν
2755 4945 2830 5007 ὡς
2876 4945 2987 4998 ἐνί·
3025 4944 3118 4997 καὶ
3153 4945 3281 5008 τοὺς
3318 4944 3418 5014 τῆς
3454 4943 3770 5013 οἰκονομίας
3799 4946 3925 5001 οὐκ

618 5038 738 5107 eius
769 5044 1160 5091 convertentes.

2330 5041 2632 5110 ,ννοήσομεν
2656 5047 2680 5077 ν
2711 5038 2969 5108 τρόπους,
3000 5036 3100 5105 τὴν
3137 5036 3246 5088 τῶν
3282 5035 3498 5090 ἐννοιῶν
3533 5035 3767 5106 δύναμιν
3806 5039 3926 5089 εὑ-

618 5122 820 5195 τέχνως
863 5125 954 5177 καὶ
992 5124 1278 5194 ἐμφρόνως
1317 5124 1402 5177 ἀεὶ
1453 5125 1874 5196 περιτρέποντες
1909 5137 1933 5164 ³
1967 5132 2046 5193 εἰς
2094 5131 2194 5204 τὴν
2239 5133 2486 5203 ὑπακοὴν
2521 5128 2706 5183 αὐτοῦ.

907 5234 1066 5305 190
1094 5234 1732 5294 ANATHEMATISMUS
1771 5239 1861 5294 XI.

1849 5281 1861 5294 .
2724 5240 3323 5296 ΑΝΑΘΕΜΛΤΙΣΜΟΣ
3359 5241 3444 5294 IA'

693 5347 750 5400 Si
778 5347 898 5414 quis
919 5346 1130 5400 Domini
1160 5363 1380 5402 carnem
1409 5348 1698 5415 viviﬁcam,
1723 5349 1998 5418 ipsiusque
2023 5349 2205 5414 Verbi,

2381 5356 2447 5409 Εἴ
2469 5375 2552 5419 τις
2573 5357 2670 5425 οὐχ
2695 5354 2947 5426 ὁμολογεῖ
2968 5353 3067 5425 τὴν
3085 5353 3181 5406 τοῦ
3205 5353 3412 5424 Κυρίου
3435 5353 3614 5424 σάρκα
3638 5353 3927 5417 ζωοποιὸν

622 5438 764 5507 quod
808 5453 872 5492 ex
914 5440 1018 5493 Deo
1051 5439 1211 5496 Patre
1247 5450 1349 5505 est,
1399 5443 1675 5511 propriam
1708 5457 1829 5497 esse
1865 5446 2153 5512 negaverit
2188 5462 2199 5508 ;

2335 5443 2468 5512 ῒναι,
2507 5449 2599 5501 καὶ
2633 5447 2767 5500 ἰδίαν
2812 5447 2975 5500 αὑτοῦ
3009 5445 3103 5500 τοῦ
3151 5447 3215 5498 ὲκ
3249 5445 3383 5499 Θεοῦ
3437 5446 3651 5516 Πατρὸς
3701 5446 3927 5516 Λόγου,

699 5616 740 5648 ³’
768 5615 930 5670 Hebr.
965 5633 1082 5683 vttt,
1113 5617 1166 5671 i.

1715 5704 1889 5759 Variae
1923 5705 2182 5760 lectiones
2206 5723 2266 5759 et
2295 5707 2483 5762 codice
2517 5708 2887 5779 Seguieriann.

703 5802 719 5838 ⁸
753 5799 1049 5854 ἀκούσασα.
1126 5811 1151 5836 ιι
1180 5801 1427 5852 ποιεῖται.
1506 5807 1531 5835 ν
1566 5796 1927 5866 ἀγνοήσομεν.
2009 5804 2033 5832 ι
2062 5797 2502 5869 περιῦλέποντες,
2529 5802 2588 5870 ἣ,
2627 5804 3003 5876 περιέποντες.
