4042 6436
133 335 239 388 569

776 338 1305 396 APOLOGETICUS
1348 316 1483 398 PRO.
1524 344 1609 398 ΧΗ
1655 345 2021 403 CAPITIBUS
2059 348 2343 403 CONTRA
2383 347 2839 404 OliIENTALES.

3323 346 3423 399 570

131 451 251 499 ἀλλ’
293 450 377 513 ὡς
426 452 619 523 ἑτέρου
656 456 799 518 τινος
845 461 972 528 παρ’
1020 459 1199 523 αὑτὸν,
1254 463 1604 531 συνημμένου
1652 466 1724 533 μὲ

1854 466 1947 519 sed
1985 466 2144 520 veluti
2178 468 2404 521 alterius
2443 466 2742 536 cujuspiam
2777 464 2875 533 ipsi
2921 464 3091 518 Verbo
3132 465 3422 517 secundum

134 541 289 609 αὐτῷ
330 544 482 595 κατὰ
516 546 615 615 τὴν
665 546 843 612 άᾷαν,
880 550 1045 619 ἡγουν
1073 551 1149 613 ὡς
1185 552 1352 623 μόνην
1401 554 1551 608 Θείαν
1606 558 1740 609 ἐνοί-

132 648 306 699 κησιν
365 635 689 704 ἐσχηκότος,
722 640 815 691 καὶ
846 640 964 709 οὐχὶ
1010 642 1074 711 δὴ
1111 642 1315 712 μᾶλλον
1353 645 1632 711 ζωοποιὸν,
1665 647 1740 712 ὠς

131 726 384 795 ἔφημεν,
416 728 502 779 ὅτι
535 728 758 796 γέγονεν
797 732 901 801 ἰδίᾳ
929 742 956 780 1
986 732 1079 785 τοῦ
1120 734 1292 801 Λόγου
1325 736 1418 788 τοῦ
1458 737 1525 790 τὰ
1562 740 1738 793 πάντα

133 814 436 874 ζωοποιεῖν
474 819 768 887 ἰσχύοντος·
800 822 1046 892 ἀνάθεμα
1083 822 1244 878 ἔστω.

476 1011 855 1080 Ἀντιζόρησις
889 1013 1006 1069 τῶν
1034 1016 1424 1071 ἀνατολικῶν.

222 1123 386 1176 ’ἰδίαν
431 1127 685 1192 γενέσθαι
717 1128 814 1199 τὴν
845 1131 1180 1203 Δεσποτικὴν
1215 1132 1393 1204 σάρκα
1428 1132 1522 1186 τοῦ
1562 1136 1734 1203 Λόγου

128 1217 221 1267 διὰ
254 1216 361 1285 τῆς
391 1216 661 1282 ἑνώσεως,
689 1222 1070 1290 ὁμολογεῖσθαι
1096 1225 1279 1290 καλὸν,
1314 1223 1571 1287 νοοῦντας
1606 1227 1735 1295 μέν-

127 1324 219 1359 τοι
275 1309 341 1374 ἑξ
398 1309 557 1378 ἡμῶν
599 1311 771 1382 αὐτὴν
826 1314 1245 1385 προσειλῖμρθαι.
1300 1315 1557 1386 Περιττὸν
1588 1316 1643 1368 δὲ
1676 1317 1736 1369 τὸ

126 1400 411 1468 ἐπάγειν·
464 1403 577 1455 Καὶ
604 1403 703 1473 οὐχ
751 1404 941 1475 ἑτέρου
973 1406 1116 1469 τινὸς
1160 1407 1291 1479 παρ’
1340 1407 1531 1460 αὐτόν·
1562 1408 1609 1460 εί
1658 1409 1733 1479 μὴ

128 1494 246 1563 ἄρα
300 1492 516 1563 ἐξαίρει
562 1496 733 1565 αὐτὴν
771 1495 866 1548 τοῦ
909 1496 969 1561 ἐξ
1012 1497 1170 1568 ἡμῶν
1199 1498 1473 1568 εἰλῆφθαι.
1521 1498 1595 1551 Τὸ
1628 1500 1734 1569 γὰρ

129 1584 386 1651 συνεχῶς
426 1585 609 1653 λέγειν
653 1586 825 1657 αὐτὴν
880 1586 1036 1651 ἰδίαν,
1085 1588 1429 1659 ὲξαιροῦντὸς
1470 1591 1587 1642 ἐστι
1635 1591 1734 1658 τὴν

125 1677 486 1746 Δεσποτικὴν
522 1678 699 1749 σάρκα
734 1674 876 1731 εἶναι
918 1679 1018 1749 τῆς
1054 1681 1328 1753 ἡμετέρας
1358 1681 1590 1748 φύσεως.
1626 1682 1733 1735 Καὶ

129 1768 239 1820 ποῦ
269 1768 336 1820 τὸ
383 1768 651 1839 καύχημα
693 1769 884 1839 ήμῶν;
932 1769 1031 1823 Διὰ
1064 1771 1227 1838 τίνος,
1258 1772 1405 1839 λέγει
1435 1775 1462 1825 ὁ
1497 1772 1728 1837 Παῦλος,

126 1860 467 1929 συνήγειρεν
502 1862 669 1929 ἡμᾶς,
695 1862 791 1914 καὶ
815 1863 1165 1916 συνεκάθισεν
1190 1865 1367 1933 ήμᾶςς
1401 1866 1508 1917 Καὶ
1538 1874 1558 1901 ι
1588 1864 1730 1927 τίνος

124 1951 242 2020 γὰρ
283 1951 399 2002 τῶν
445 1948 753 2021 ἀνθρώπων
796 1952 984 2022 ἑτέρου
1019 1956 1052 2023 ἡ
1102 1954 1332 2008 ἑκάστου
1383 1953 1555 2024 σάρξ;
1595 1956 1726 2025 Οὐχὶ

122 2045 367 2106 ἕκαστος
402 2042 506 2113 μὲν
531 2043 692 2114 ἡμῶν
722 2044 907 2116 κοινὴν
927 2045 1039 2115 ἕχει
1070 2046 1247 2116 σάρκα
1279 2047 1493 2116 ἑκάστῳ
1517 2047 1595 2117 τῷ
1630 2048 1726 2099 τοῦ

121 2134 429 2204 ὁμοουσίου
458 2135 625 2205 λόγῳ,
658 2136 796 2189 ἰδίαν
830 2153 889 2189 τε
918 2137 996 2207 τῷ
1021 2137 1119 2207 τὴν
1153 2138 1384 2191 ἑκάστου
1421 2150 1446 2177 ει
1479 2137 1553 2208 μὴ
1587 2133 1728 2191 εἶναι

122 2225 347 2294 ἑτέρου,
379 2226 413 2295 ἦ
448 2228 613 2296 μόνου
640 2222 699 2280 οὗ
726 2230 845 2281 ἑστι
878 2228 1046 2298 σάρξς
1084 2229 1148 2280 Τί
1176 2226 1269 2283 οὖν
1297 2230 1444 2301 αὐτῷ
1478 2230 1726 2300 βούλεται

120 2316 202 2385 τῷ
245 2317 411 2382 ἰδίαν,
470 2318 549 2381 ὡς
592 2319 782 2388 ἑτερόν
824 2336 877 2371 τι
923 2319 1169 2387 λέγοντι;
1222 2323 1284 2375 Εἰ
1318 2321 1426 2393 γὰρ
1470 2324 1580 2376 νοεῖ
1627 2323 1726 2393 τὴν

122 2410 481 2477 Δεσποτικὴν
521 2410 701 2479 σάρκα
746 2410 809 2460 ἑκ
840 2409 938 2479 τῆς
969 2412 1245 2480 ἡμετέρας
1299 2412 1574 2481 εἰλῆφθαι,
1616 2415 1725 2465 νοεῖ

117 2497 176 2547 δὲ
218 2498 297 2559 ὡς
347 2499 381 2567 ἡ
419 2498 653 2551 ἑκάστου
701 2497 840 2565 σὰρξ
885 2499 1094 2550 ἐκείνου
1153 2502 1297 2552 ἐστὶν
1351 2500 1455 2553 ἰδία
1499 2495 1559 2554 οὗ
1610 2504 1727 2553 ἐστι

123 2586 287 2656 σὰρξ,
321 2587 420 2639 καὶ
454 2588 553 2654 οὐχ
588 2587 798 2656 ἑτέρου,
840 2588 893 2639 τί
917 2587 991 2649 ὡς
1029 2588 1087 2640 οὐ
1120 2588 1271 2652 ξένου
1303 2590 1351 2654 b,
1377 2589 1523 2655 λέγει
1558 2590 1724 2660 αὐτὴν

122 2680 265 2731 ἰδίαν
290 2674 476 2742 εἷναις
506 2673 581 2729 Ἦ
613 2677 772 2746 δῆλον
803 2679 884 2731 ὅτι
920 2690 941 2712 π
974 2678 1041 2729 δι’
1069 2678 1519 2749 ἑπικαλύμματος
1548 2682 1608 2732 οὐ
1640 2680 1725 2732 λέ-

119 2786 209 2835 γει
247 2768 428 2837 αὺτὴν
473 2768 539 2821 ὲκ
590 2767 690 2838 τῆς
738 2770 1012 2839 ἡμετέρας
1067 2771 1283 2839 φύσεως
1325 2771 1600 2841 εἰλῆφθαι,
1648 2774 1724 2835 ὡς

120 2861 474 2932 σαφέστερον
498 2860 647 2928 λέγει
685 2862 744 2914 ὲν
774 2861 851 2931 τῷ
882 2862 1083 2932 πρῶτῳ
1110 2863 1274 2916 αὐτοῦ
1304 2864 1457 2933 τόμῳ
1477 2881 1489 2893 ·
1524 2866 1632 2918 Καὶ
1662 2866 1723 2917 τὸ

121 2952 353 3022 βρέφος,
396 2952 589 3021 φησὶν,
620 2947 689 3021 ἦν
724 2947 782 3004 εὖ
834 2952 952 3005 καθ’
997 2952 1023 2991 ἀ
1060 2954 1206 3022 ἡμᾶς
1229 2971 1242 2982 ·
1292 2955 1586 3019 τουτέστιν,
1624 2958 1723 3008 οὐκ

119 3048 177 3097 ἐν
207 3045 345 3114 ψιλῇ
382 3044 480 3097 κα)⁴
528 3043 667 3115 μόνῃ
713 3047 780 3114 τῇ
822 3045 957 3114 πρὸς
988 3046 1137 3115 ἡμᾶς
1185 3047 1487 3115 ὁμοιότητι,
1520 3047 1634 3100 ἀλλ’
1664 3049 1721 3099 ἐν

1844 555 2158 625 dignitatem
2188 557 2482 624 conjuncti,
2528 558 2784 611 nimirum
2819 555 2973 625 quasi
3013 554 3249 608 divinam
3299 567 3417 606 tan-

1846 656 1956 701 tum
1985 648 2434 703 inhabitationem
2462 648 2663 711 sortiti,
2702 662 2763 700 ac
2798 661 2900 699 non
2938 645 3115 713 potius
3152 643 3420 696 virilicam

1842 751 1964 792 csse
1994 738 2219 804 dixerit,
2284 748 2343 792 ut
2392 740 2547 793 modo
2579 738 2921 791 meminimus
2969 752 3033 790 co
3063 736 3205 802 quod
3235 733 3415 795 Verbi,

1841 829 1983 896 quod
2010 830 2189 883 omnia
2208 832 2483 886 vivificarc
2514 840 2711 900 potest,
2748 829 2885 884 facta
2911 830 2982 883 sit
3010 829 3255 897 propria;
3289 842 3420 881 ana-

1841 918 2021 973 thema
2056 920 2145 974 sit.

2290 1031 2640 1086 Orientalium
2678 1032 2953 1100 oppositio.

1914 1141 2190 1212 Propriam
2226 1142 2421 1197 iactam
2466 1142 2800 1198 Dominicam
2846 1158 3066 1197 carnem
3118 1142 3278 1197 Verbi
3320 1158 3417 1211 per

1838 1234 2093 1288 unionem
2127 1234 2371 1289 confiteri
2403 1233 2541 1289 bene
2570 1235 2769 1302 ;habet.
2829 1233 3190 1302 intelligentes
3233 1242 3411 1287 tamen

1836 1340 1954 1378 eam
2011 1341 2073 1380 ex
2127 1327 2285 1381 nobis
2324 1336 2681 1393 assumptam.
2730 1322 3073 1393 Superﬂuum
3113 1335 3290 1377 autem
3331 1332 3415 1377 est

1836 1415 2072 1485 adjicere
2108 1433 2123 1471 :
2163 1417 2226 1470 Et
2273 1433 2377 1471 non
2415 1416 2637 1471 alterius
2685 1414 2987 1483 cujuSpiam
3029 1423 3228 1481 praeter
3264 1428 3411 1474 eum,

1837 1508 1941 1560 nisi
1986 1506 2125 1562 forte
2148 1517 2307 1577 negat
2330 1522 2446 1561 eam
2472 1522 2538 1562 ex
2568 1506 2724 1560 nobis
2743 1514 3095 1572 assumptam.
3119 1503 3251 1557 Nam
3273 1518 3413 1571 sape

1835 1599 2013 1653 dicere
2052 1601 2325 1668 propriam
2364 1600 2611 1667 negantis
2653 1608 2768 1664 est,
2814 1596 3149 1651 Dominicam
3193 1607 3410 1664 carnem

1836 1699 2031 1743 nostra:
2061 1703 2181 1744 esse
2216 1700 2443 1743 naturte.
2492 1689 2558 1744 Et
2609 1689 2697 1743 ubi
2743 1687 3220 1757 gloriationostra
3280 1686 3413 1739 est?

1844 1778 1947 1833 Per
1981 1795 2164 1848 quem,
2198 1781 2329 1835 dicit
2368 1780 2589 1842 Paulus,
2633 1779 3083 1834 conresuscitavit
3130 1788 3183 1832 et
3216 1793 3407 1833 conse-

1835 1872 1965 1927 dere
1997 1874 2127 1929 fecit
2157 1890 2258 1929 nos
2286 1874 2372 1926 '3?
2419 1874 2587 1943 Cujus
2620 1874 2766 1931 enim
2796 1875 3022 1929 alterius
3057 1872 3289 1926 hominis
3327 1881 3411 1923 est

1831 1974 1926 2015 sua
1979 1962 2241 2031 cujusque
2274 1965 2453 2018 caro?
2505 1963 2695 2018 Nonne
2741 1964 3110 2034 unusquisque
3164 1973 3406 2018 nostrum

1830 2063 2175 2107 communem
2233 2053 2454 2123 quidem
2511 2053 2677 2110 habet
2715 2068 2938 2109 carnem
3004 2068 3127 2107 cum
3168 2066 3408 2119 unoquoo

1830 2153 1937 2207 que
2012 2141 2595 2197 consubstantialitatis
2670 2142 2919 2207 ratione;
3002 2149 3057 2194 et
3133 2143 3407 2207 propriam

1837 2246 1903 2285 eo
1952 2235 2095 2298 quod
2144 2246 2263 2300 qua:
2299 2242 2383 2287 est
2432 2232 2858 2302 uniuscujusque
2906 2248 3009 2287 non
3057 2232 3129 2285 sit
3163 2231 3407 2291 alterius,

1829 2322 1933 2374 nisi
1969 2321 2179 2387 solius,
2229 2323 2385 2391 cujus
2435 2333 2519 2378 est
2563 2325 2734 2378 caro?
2778 2324 2917 2390 Quid
2964 2337 3091 2391 ergo
3121 2322 3223 2376 sibi
3274 2321 3405 2381 vult.

1829 2427 1950 2465 cum
1980 2410 2113 2466 dicit
2146 2414 2444 2482 propriam,
2496 2420 2757 2481 tanquam
2809 2413 2953 2466 aliud
2988 2413 3117 2481 quid
3170 2412 3409 2466 dicens?

1837 2498 1895 2554 Si
1938 2501 2085 2554 enim
2147 2501 2425 2571 intelligit,
2465 2501 2797 2555 Dominicam
2844 2515 3063 2555 carnem
3104 2515 3169 2555 ex
3224 2510 3405 2553 nostra

1828 2602 2182 2661 assumptam,
2214 2602 2270 2646 et
2304 2592 2579 2661 intelligit,
2621 2593 2764 2662 quod
2816 2591 3247 2660 uniuscujusque
3276 2607 3409 2645 caro

1827 2681 1974 2736 illius
2012 2691 2096 2737 est
2151 2684 2369 2752 propria
2404 2685 2559 2752 cujus
2587 2694 2671 2738 est
2715 2697 2864 2746 caro,
2916 2693 3101 2736 etnon
3130 2682 3357 2736 alterius
3387 2698 3404 2743 ι

1825 2788 1943 2836 cur,
1972 2783 2227 2841 tanquam
2260 2790 2365 2828 non
2405 2776 2476 2827 sit
2507 2774 2778 2837 extranei,
2819 2774 2952 2827 dicit
2976 2773 3247 2842 propriam
3283 2787 3403 2825 eam

1825 2865 1993 2918 esse?
2022 2865 2102 2918 Au
2131 2875 2340 2919 certmn
2389 2872 2492 2926 est,
2535 2864 2677 2931 quod
2737 2872 2925 2931 aperte
2973 2873 3132 2931 negat
3176 2878 3294 2917 eam
3336 2878 3403 2916 ex

1826 2967 2011 3012 nostra
2038 2967 2373 3025 assumptam
2400 2972 2523 3014 esse
2550 2965 2761 3019 natura,
2802 2955 2943 3009 sicut
2971 2954 3171 3009 clarius
3195 2955 3323 3008 dicit
3348 2953 3402 3006 in

1824 3047 1997 3116 primo
2023 3062 2121 3101 suo
2149 3056 2301 3100 tomo
2336 3063 2349 3100 :
2383 3044 2448 3099 Et
2477 3044 2674 3107 infans,
2700 3045 2892 3114 inquit,
2922 3051 3041 3097 erat
3073 3058 3177 3096 non
3205 3056 3403 3096 secun-

120 3136 521 3206 ἁνθρωπότητι
552 3136 671 3205 μὲν,
708 3136 796 3189 διὰ
822 3137 921 3207 τὴν
950 3137 1149 3207 σάρκα,
1188 3138 1326 3191 θεῖον
1356 3138 1433 3202 δὲ,
1479 3139 1552 3202 ὡς
1582 3140 1721 3210 ὑπὲρ

1829 3140 1949 3191 dum
2005 3153 2133 3203 nos,
2180 3138 2282 3193 hoc
2319 3147 2434 3198 est,
2468 3152 2571 3191 non
2625 3137 2676 3190 in
2728 3151 2862 3204 pura
2887 3146 2940 3190 et
2972 3135 3084 3191 sola
3122 3134 3290 3188 nostri
3327 3134 3403 3189 si-

121 3230 295 3298 ἡμᾶς,
348 3228 447 3279 καὶ
482 3227 541 3291 ἐξ
586 3226 853 3297 οὐρανοῦ;
904 3228 1013 3280 Καὶ
1062 3227 1223 3280 πάλιν
1273 3230 1328 3280 ὲν
1366 3227 1441 3298 τῷ
1488 3229 1724 3299 δευτέρῳ

121 3321 296 3389 τόμῳ,
341 3318 494 3371 καθά
542 3335 677 3388 φησι
702 3335 715 3347 ·
753 3318 923 3387 Σῶμα
969 3318 1075 3389 γὰρ
1107 3316 1176 3390 ἦν
1209 3321 1306 3389 οὐχ
1346 3319 1532 3389 ἑτέρου
1583 3322 1723 3383 τινὸς

124 3414 231 3466 τῶν
258 3411 391 3465 καθ’
419 3413 595 3480 ἡμᾶς,
631 3410 761 3463 ἴδιον
786 3411 841 3463 δὲ
870 3411 1069 3481 μᾶλλον
1098 3412 1263 3465 αὑτοῦ
1298 3412 1392 3465 τοῦ
1427 3414 1489 3464 ὲκ
1514 3413 1725 3482 [ἰατρὸς

120 3505 278 3567 barro;
311 3504 495 3571 Λόγου
544 3503 604 3555 τὸ
649 3502 909 3571 γεννηθὲν
958 3504 1017 3569 ἑξ
1066 3503 1259 3572 αὐτῆς.
1301 3503 1398 3565 Τίς
1448 3504 1557 3572 γὰρ
1603 3499 1723 3555 εἶπέ

122 3610 278 3656 ποτε,
314 3594 400 3645 ὃτι
448 3590 640 3659 ἑτέρου
688 3590 832 3650 τινὸς
865 3590 973 3642 τῶν
1006 3591 1100 3643 ἀπ’
1132 3589 1327 3651 αἰῶνος
1366 3590 1586 3657 γέγονεν
1627 3590 1724 3641 ἁν-

122 3684 368 3756 ορὼπων
418 3684 453 3751 ή
502 3681 808 3751 Δεσποτικὴ
856 3681 1011 3752 σὰρξ,
1060 3680 1220 3751 τυχὸν
1263 3679 1417 3750 ἢτοῦ
1454 3680 1637 3744 Ἅϐελ,
1688 3680 1721 3750 ἢ

122 3778 271 3841 Νῶε,
309 3777 345 3846 ἢ
412 3775 591 3839 Ἠλία,
623 3776 656 3842 ἦ
694 3792 836 3836 τινος
870 3775 978 3827 τῶν
1022 3776 1115 3827 ἀπ’
1147 3772 1342 3834 αἰῶνος
1380 3772 1719 3842 ἀνθρώπωνς

121 3871 194 3922 οὐ
232 3870 402 3939 μόνον
439 3866 497 3919 δὲ
536 3866 666 3935 περὶ
698 3866 799 3933 τῆς
832 3864 1167 3934 Δεσποτικῆς
1197 3864 1400 3934 σαρκὸς
1430 3864 1722 3931 ἀποφαινό-

122 3960 285 4030 μεθα,
336 3959 417 4021 ὡς
468 3958 528 4010 οὑ
573 3957 799 4024 γέγονεν
843 3957 1030 4027 ἑτέρου
1074 3956 1223 4019 τινὸς
1253 3955 1362 4008 τῶν
1393 3954 1488 4007 ἀπ’
1528 3956 1719 4018 αἰῶνος

118 4051 456 4123 ἀνθρώπων,
487 4048 603 4103 ἀλλ’
650 4047 814 4101 αὑτοῦ
842 4048 933 4101 τοῦ
966 4048 1167 4117 Κυρίου
1203 4046 1327 4109 ἰδία,
1362 4047 1455 4099 καὶ
1498 4047 1655 4117 μόνη,
1684 4047 1719 4116 ἡ

118 4144 473 4214 ἀσυγχύτως,
506 4142 600 4195 καὶ
632 4140 952 4211 ἀχωρίστως
982 4138 1242 4191 ὲνωθείσα
1270 4137 1346 4207 τῷ
1376 4137 1494 4207 Θεῷ
1522 4136 1678 4205 Λόγῳ
1704 4154 1717 4167 ·

262 4235 379 4288 οὐδ’
408 4238 442 4303 ἡ
480 4234 598 4295 ἑνὸς
629 4233 860 4284 ἑκάστου
894 4229 1050 4299 ὴμῶν
1086 4227 1219 4299 σὰρξ
1244 4228 1433 4297 γέγονέ
1462 4245 1612 4291 ποτε,
1645 4228 1720 4290 ὼς

121 4328 358 4397 ἔφαμεν,
411 4323 607 4393 ἑτέρου
657 4320 824 4383 τινὸς,
856 4320 997 4389 πλὴν
1044 4318 1251 4371 ἐκείνου
1314 4312 1374 4371 οὗ
1408 4321 1523 4371 ἑστι
1565 4318 1716 4388 σάρξ.

123 4423 325 4473 Τούτου
358 4418 545 4470 τοίνυν
578 4415 727 4484 παρὰ
762 4415 895 4466 πᾶσι
937 4416 1049 4475 τοῖς
1088 4413 1188 4483 τῆς
1231 4412 1557 4482 Ἐκκλησίας
1589 4414 1718 4480 ὀμο-

1827 3229 2156 3294 militudine,
2192 3231 2286 3283 sed
2316 3231 2368 3282 in
2418 3220 2753 3283 huinanitate
2782 3228 2996 3296 quidem
3027 3234 3247 3295 propter
3284 3241 3403 3280 car-

1826 3336 1969 3384 nem,
2005 3322 2221 3375 divinus
2242 3332 2421 3375 autem
2449 3332 2702 3387 tanquam
2724 3334 2883 3388 supra
2907 3334 3025 3381 nos,
3054 3329 3108 3373 et
3138 3319 3203 3371 de
3225 3318 3403 3373 caelo?

1825 3413 1889 3466 Et
1951 3415 2148 3467 iterum
2187 3413 2238 3466 in
2274 3414 2514 3467 secundo
2544 3422 2692 3464 tomo
2723 3412 2803 3465 sic
2838 3412 2915 3463 ait
2948 3429 2961 3465 :
2996 3410 3206 3479 Corpus
3255 3410 3399 3462 enim

1824 3502 1940 3572 ejus
1972 3520 2079 3557 non
2127 3512 2247 3558 erat
2289 3503 2513 3557 alterius
2546 3503 2777 3572 alicujus
2808 3518 2837 3556 e
2891 3503 3062 3557 nostri
3110 3501 3397 3563 similibus,

1824 3594 1917 3647 sed
1979 3593 2158 3663 potius
2215 3594 2493 3663 pr0prium
2547 3594 2716 3662 ipsius
2773 3593 3091 3647 exsistcntis
3127 3607 3191 3645 ex
3239 3591 3400 3644 l’atrc

1830 3679 1991 3736 Verbi
2017 3698 2080 3736 ex
2111 3697 2173 3735 ea
2216 3692 2424 3734 natum.
2453 3682 2587 3746 Quis
2615 3683 2757 3737 enim
2784 3681 3075 3749 aliquando
3104 3680 3238 3733 dixit
3275 3680 3400 3748 quia

1824 3771 2051 3826 alterius
2084 3770 2312 3837 alicujus
2340 3786 2371 3823 a
2411 3772 2610 3825 szeculo
2646 3771 2923 3824 hominum
2969 3771 3108 3823 facta
3148 3780 3233 3823 est
3273 3784 3400 3823 caro

1826 3859 2131 3926 Dominica,
2159 3862 2323 3914 veluti
2358 3861 2513 3927 Abel,
2554 3870 2647 3915 aut
2676 3860 2806 3926 Noe,
2852 3870 2948 3914 aut
2977 3861 3124 3926 Elim,
3163 3871 3255 3913 aut
3301 3876 3395 3915 cu-

1818 3954 2051 4021 juspiam
2087 3968 2116 4005 a
2147 3953 2343 4007 SICCUIO
2395 3953 2716 4007 hominum?
2746 3950 2861 4005 Non
2898 3952 3069 4006 solmn
3120 3962 3301 4005 autent
3336 3953 3402 4004 de

1826 4044 2101 4097 Dominica
2131 4058 2293 4098 carne
2327 4045 2614 4098 deliuimus
2660 4044 2783 4112 quia
2819 4042 2960 4097 facta
3014 4058 3119 4095 non
3170 4053 3257 4097 est
3298 4059 3396 4095 cu-

1817 4135 2055 4203 juspiam
2076 4134 2301 4207 alterius
2327 4134 2482 4204 191
2513 4152 2541 4187 ιι
2567 4134 2761 4189 sacculo
2786 4135 3085 4197 hominum,
3103 4136 3195 4188 sed
3228 4135 3399 4202 ipsius

1826 4225 2035 4278 Domini
2069 4226 2286 4293 propria
2311 4235 2364 4277 et
2390 4226 2528 4287 sola,
2564 4240 2684 4293 quae
2710 4221 3000 4277 inconfnse
3041 4235 3094 4277 et
3121 4224 3396 4290 insepara-

1824 4313 2005 4369 biliter
2036 4315 2187 4367 unita
2211 4324 2293 4369 est
2322 4314 2427 4367 Deo
2461 4313 2636 4368 Verbo
2666 4336 2677 4369 :
2712 4314 2804 4367 sed
2838 4328 3011 4381 neque
3058 4312 3400 4378 uniusrujus-

1824 4421 1931 4475 que
1957 4419 2088 4459 caro
2119 4406 2262 4459 facta
2291 4414 2373 4456 est
2406 4403 2721 4472 aliquando,
2776 4405 2912 4457 sicut
2952 4404 3287 4466 dicebamus,
3327 4405 3403 4456 al-

124 4512 484 4582 λογουμένου,
516 4508 565 4561 τί
593 4506 742 4577 αὑτῷ
779 4506 1026 4576 βούλεται
1072 4506 1134 4558 τὸ
1165 4506 1401 4575 συνεχῶς
1449 4504 1583 4556 ἰδίαν
1618 4505 1715 4557 αὑ-

1829 4498 1997 4551 tcrius
2026 4496 2280 4564 alicujus,
2320 4496 2422 4550 nisi
2474 4496 2617 4550 illius
2647 4496 2802 4562 cuius
2839 4505 2923 4550 est
2962 4510 3114 4549 caro.
3148 4495 3262 4549 Hoc
3301 4496 3401 4548 ita-

124 4606 216 4673 τὴν
256 4603 474 4669 λέγειν,
511 4602 558 4651 εἰ
596 4599 672 4669 μὴ
702 4598 810 4668 ἄρα
843 4596 1049 4667 ἐξαίρει
1094 4598 1263 4667 αὐτὴν
1295 4596 1389 4649 τοῦ
1438 4592 1575 4647 εἶναι
1618 4594 1720 4664 τῆς

128 4696 401 4764 ἡμετέρας
446 4693 703 4760 φύσεως;
741 4690 863 4751 ιΙῶς
902 4689 959 4742 δὲ
1002 4690 1095 4741 καὶ
1138 4690 1469 4760 ἀπαγορεύει
1507 4688 1580 4757 μὴ
1612 4687 1720 4739 δεῖν

126 4786 383 4854 λέγεσθαι
430 4781 790 4852 συνημμένην
824 4781 922 4850 μὲν
947 4778 1097 4849 αὐτῷ
1130 4779 1272 4834 κατὰ
1295 4781 1391 4849 τὴν
1418 4778 1593 4841 ἀξίαν,
1630 4778 1722 4829 καὶ

127 4876 445 4938 αὑθεντίαν,
476 4872 640 4935 αὐτὸς
678 4872 855 4939 λέγων
884 4868 1047 4938 ἐν’τῷ
1088 4868 1289 4939 πρώτῳ
1330 4868 1515 4937 τόμῳο
1564 4865 1720 4919 Οὕτω

129 4987 228 5038 γαρ
264 4968 367 5019 καὶ
394 4968 564 5036 ἡμεῖς
592 4964 659 5034 τῇ
710 4962 919 5015 ἑκείνου
949 4960 1191 5029 πτωχείᾳ
1233 4959 1713 5027 πεπλουτήκαμεν,

129 5056 598 5125 ἀνακομισθείσης
630 5056 686 5105 ὲν
716 5050 865 5120 αὐτῷ
895 5050 991 5119 τῆς
1026 5049 1368 5118 ἀνθρωπείας
1399 5048 1611 5114 φύσεως
1638 5048 1715 5108 εἰς

130 5150 342 5218 ἀξίωμα
398 5145 461 5197 τὸ
506 5142 830 5213 θεοπρεπὲς
893 5140 1030 5192 Ἀλλ’
1076 5141 1237 5208 ἡμεῖς
1285 5140 1527 5206 εἴπωμεν
1569 5136 1717 5205 αὐτῷ

131 5239 532 5308 ἑναντιουμένῳ
568 5240 673 5290 καὶ.
689 5234 899 5303 ἑαυτῷ·
936 5232 997 5285 Εἰ
1022 5233 1202 5286 τοίνυν
1232 5231 1287 5283 αἱ
1314 5230 1501 5299 φύσεις
1535 5230 1723 5298 μένου-

135 5350 206 5384 σιν
257 5332 583 5399 άσύγχυτοι,
622 5328 770 5397 μένει
802 5326 857 5378 δὲ
895 5325 986 5377 καὶ
1032 5326 1062 5393 ἡ
1094 5324 1316 5385 ἑνωσις’
1357 5322 1534 5391 φαμὲν
1564 5320 1619 5371 δὲ
1655 5320 1720 5372 τὰ

198 5513 238 5542 "
274 5512 478 5580 l‘lpltes.
512 5525 568 5572 II,
601 5509 651 5559 6.

1823 4603 1927 4655 que
1958 4600 2079 4640 cum
2103 4588 2448 4653 apudpmues
2482 4584 2734 4639 Ecclesia:
2766 4584 2903 4637 iilios
2937 4584 3007 4637 sit
3034 4586 3086 4636 in
3126 4584 3400 4649 confesso,

1821 4677 1948 4744 quid
1985 4677 2086 4730 sibi
2123 4676 2259 4740 vult,
2292 4677 2433 4745 «μιυά
2462 4691 2605 4744 smpe
2635 4676 2907 4743 propriam
2936 4689 3057 4728 eam
3084 4674 3252 4739 dicit,
3300 4674 3401 4727 nisi

1823 4770 1964 4822 forte
2010 4768 2221 4836 excepit
2256 4784 2375 4821 eam
2409 4784 2438 4821 a
2469 4778 2651 4820 nostra
2684 4778 2877 4818 natura
2907 4766 2929 4817 ?
2988 4765 3269 4828 Quomodo
3304 4779 3401 4815 au-

1825 4869 1930 4913 tem
1971 4858 2135 4912 etiam
2182 4859 2504 4922 interdicit,
2560 4872 2626 4910 ne
2688 4858 2901 4909 dicatur
2950 4871 3246 4909 connexum
3281 4869 3403 4908 esse

1822 4951 1870 5002 ei
1910 4951 2204 5003 secundum
2243 4949 2563 5017 dignitatem
2607 4955 2661 4999 ct
2693 4947 3101 5010 auctoritatem,
3136 4961 3257 4998 eum
3288 4945 3401 5011 ipse

1823 5041 1964 5095 dicat
1996 5042 2048 5094 in
2086 5043 2258 5110 primo
2288 5049 2430 5093 tomo
2464 5058 2476 5093 :
2518 5039 2607 5092 Sic
2633 5039 2775 5091 enim
2817 5049 2871 5092 et
2928 5053 3023 5092 nos
3085 5038 3225 5092 illius
3272 5054 3401 5106 pau-

1826 5142 2036 5201 pertate
2075 5132 2226 5186 ditali
2256 5146 2466 5195 sumus,
2510 5131 2723 5184 elevata
2756 5130 2809 5182 in
2843 5144 2907 5183 (ιο
2937 5131 3177 5184 humana
3208 5139 3399 5183 natura

1826 5222 1878 5275 iu
1913 5224 2229 5290 dignitatem
2265 5222 2371 5276 Deo
2399 5221 2809 5276 convenientem
2835 5222 2857 5272 ζ’
2887 5221 2991 5274 Sed
3025 5236 3121 5273 nos
3158 5221 3400 5273 dicamus

1827 5320 1896 5385 ci,
1923 5319 2010 5387 qui
2043 5320 2365 5372 adversatur
2391 5318 2552 5372 etiam
2584 5314 2685 5368 sibi
2715 5316 2814 5384 ipsi
2857 5331 2867 5364 :
2901 5315 2957 5368 Si
2990 5314 3152 5380 igitur
3196 5321 3400 5365 natura:

1208 5653 1377 5705 Varia)
1408 5652 1667 5705 lectiones
1694 5666 1757 5707 ex
1792 5650 1979 5705 codice
2007 5649 2379 5720 Seguieriauo.

204 5767 224 5807 3
267 5757 388 5809 ἰδία.
474 5761 491 5787 ι
526 5749 923 5809 συνικάθισ;ν;
955 5747 1066 5800 καί.
1144 5757 1168 5789 δ
1204 5744 1262 5798 τὸ
1301 5742 1394 5812 τὴν
1420 5744 1671 5797 ἑκάστου.

1752 5744 1776 5783 ιι
1816 5742 1887 5805 ὡς
1923 5742 2091 5807 ξένου.

2169 5756 2187 5780 τ
2216 5741 2474 5811 δηλονότι.
2550 5738 2576 5779 ά
2612 5741 2774 5805 ἴσως,
2817 5740 2872 5792 οὺ
2902 5737 3042 5789 καθ’.
