4042 6432
659 339 757 394 371

1644 332 1699 388 S.
1752 330 2031 386 CYRILLI
2072 325 2538 385 ALEXANDRINI
2579 324 2896 381 ABCHIEP.

3801 319 3912 374 572

657 447 951 504 ἰηοοιιίιιεω
979 455 1218 512 manent,
1242 458 1419 506 manet
1445 458 1621 502 autem
1652 459 1706 504 et
1741 451 1918 504 unitas
1945 467 1958 515 ;
1991 449 2222 504 dicimus

2336 446 2426 516 τῆς
2476 446 2922 516 προσκυνήσεως.
2975 441 3068 494 καὶ
3111 441 3411 511 δυνάμεως,
3453 455 3546 492 και
3589 435 3765 501 ἀξίας,
3815 440 3914 490 καὶ

657 553 786 595 vero
808 538 1202 605 adorationem,
1224 547 1278 594 et
1306 539 1583 605 virtutem,
1605 551 1661 593 et
1678 540 2021 610 dignitatem,
2049 549 2100 595 et
2119 555 2217 592 au-

659 629 990 694 ctoritatem,
1019 637 1271 699 tanquam
1293 631 1382 684 uni
1404 630 1538 683 Filio
1559 630 1740 686 offerri
1760 631 1978 695 debere,
1999 644 2220 684 manen-

661 718 805 782 tibus
841 718 1052 772 naturis
1090 718 1143 773 in
1181 721 1388 775 unitate
1430 720 1730 776 inconfusis
1762 737 1775 773 :
1814 721 1860 775 si
1891 721 2018 790 quid
2056 728 2224 774 restat

659 807 824 874 aliud,
863 810 1005 876 quod
1033 810 1320 865 certiorem
1361 812 1624 866 unitatem
1657 812 1927 880 exprimat
1976 821 2032 865 et
2073 811 2224 866 dabi-

661 913 803 963 mus,
836 909 890 953 et
919 901 1342 967 consentiemus,
1375 913 1527 956 extra
1573 903 1946 958 confusionem
1978 902 2224 958 videlicet

660 998 1001 1042 naturarum.
1034 988 1139 1044 Sed
1173 990 1519 1059 perspicuum
1555 999 1638 1045 est
1675 991 1800 1060 quia
1835 991 1882 1045 ei
1917 991 2052 1046 nihil
2085 991 2226 1047 suﬂi-

659 1076 733 1131 cit
766 1078 834 1132 ad
864 1093 1132 1133 summam
1166 1080 1447 1145 unitatem,
1481 1081 1584 1135 nisi
1632 1089 1690 1134 ut
1726 1087 1949 1134 naturas
2000 1081 2224 1135 confun-

659 1165 768 1221 dat.
805 1165 908 1221 Sed
937 1182 1037 1222 nos
1069 1178 1290 1223 naturas
1313 1171 1531 1240 quidem
1559 1172 1885 1226 cxsistentes
1913 1172 2225 1227 inconfusas

659 1257 1020 1324 servabimus,
1051 1259 1421 1328 unitatemque
1458 1275 1746 1328 summam,
1788 1271 1840 1315 et
1870 1262 2104 1316 divinam
2125 1305 2139 1329 ,
2171 1275 2225 1319 et

663 1345 816 1400 nobis
851 1346 1450 1417 incomprehensibilem
1497 1351 1859 1419 confitemur;
1916 1354 2099 1407 omnia
2157 1356 2224 1408 ad

661 1435 1102 1502 glorificationem
1128 1448 1382 1507 tanquam
1405 1441 1510 1496 Deo
1533 1451 1586 1496 et
1617 1444 1705 1496 uni
1735 1442 1876 1497 Filio
1905 1443 2223 1510 offerentes,

662 1533 716 1578 et
741 1525 982 1582 dicentes
1013 1529 1062 1582 ei
1099 1529 1240 1583 beati
1268 1528 1411 1585 Petri
1443 1546 1630 1587 vocem
1683 1553 1695 1588 :
1753 1552 1770 1584 ‹
1829 1532 1908 1587 Tu
1958 1547 2014 1588 es
2060 1534 2224 1589 Chri~

661 1622 776 1671 stus
803 1615 973 1673 Filius
1003 1618 1096 1675 Dei
1127 1619 1230 1674 vivi
1256 1620 1324 1674 “.
1359 1639 1378 1672 ι

1177 1728 1363 1799 Cyrilli
1392 1733 1640 1802 defensio.

733 1837 1147 1896 Exacuebantur
1169 1844 1460 1913 aliquando
1485 1847 1550 1899 ad
1576 1847 1914 1903 iracundiam
1939 1850 2225 1905 scelestam

660 1929 905 1986 infelices
935 1931 1145 1998 Judaei,
1197 1937 1378 1990 animo
1435 1938 1701 1993 vulnerati
1749 1940 1966 1996 invidiae
2010 1942 2225 2010 iaculis.

660 2021 798 2086 Quia
829 2036 956 2077 vero
986 2038 1151 2093 super
1191 2026 1304 2081 haec
1347 2027 1512 2082 etiam
1546 2030 1738 2099 impias
1769 2031 2074 2088 inferebant
2115 2049 2229 2088 ma-

658 2124 762 2164 nus
788 2109 1005 2166 Christo
1044 2115 1287 2169 omnium
1311 2126 1555 2172 nostrum
1579 2118 1845 2174 Salvatori
1867 2162 1880 2184 ,
1930 2130 2094 2178 tanta:
2135 2139 2230 2178 au-

659 2199 828 2254 dacia:
850 2216 1045 2257 causas
1065 2217 1159 2257 eos
1183 2204 1637 2273 jubebatedicere
1659 2227 1670 2263 :
1694 2227 1711 2260 ι
1754 2210 1936 2274 Multa,
1956 2213 2226 2280 inquiens,

659 2288 799 2344 bona
827 2305 988 2358 opera
1019 2295 1227 2347 ostendi
1282 2297 1433 2350 vobis
1467 2312 1532 2350 ex
1581 2299 1741 2352 Patre
1793 2315 1914 2354 meo
1944 2342 1958 2366 ,
2011 2315 2230 2374 propter

659 2381 804 2447 quod
827 2381 1019 2435 horum
1048 2398 1184 2451 opus
1207 2399 1290 2437 me
1318 2385 1568 2454 lapidatis
1592 2389 1680 2442 ’5?
1713 2391 1780 2444 At
1815 2392 1887 2446 illi
1921 2397 1987 2448 ad
2023 2403 2228 2449 tantam

663 2473 1023 2528 temeritatem
1048 2485 1102 2528 et
1145 2476 1473 2544 impietatem
1513 2484 1907 2551 COgitationum
1940 2497 2225 2555 venerunt,

661 2571 719 2615 ut
762 2564 926 2618 etiam
977 2567 1298 2623 criminibus
1337 2571 1686 2640 blasphemiae
1737 2593 1858 2630 eum
1915 2580 2231 2634 molirentur

659 2651 1017 2720 obstringere.
1049 2655 1311 2735 Dicebant
1335 2660 1478 2714 enim
1520 2680 1532 2714 :
1578 2680 1596 2713 ι
1638 2663 1714 2718 De
1748 2664 1891 2721 bono
1929 2683 2092 2736 opere
2125 2685 2230 2725 non

660 2739 960 2807 lapidamus
989 2751 1062 2806 te,
1078 2746 1170 2799 sed
1205 2747 1268 2801 de
1295 2748 1644 2816 blasphemia,
1671 2753 1792 2814 quia
1819 2764 1894 2820 tu,
1928 2756 2086 2812 homo
2109 2773 2230 2812 cum

661 2829 757 2894 sis,
789 2831 922 2884 facis
953 2834 1181 2901 teipsum
1241 2836 1412 2891 Deum
1460 2839 1524 2892 ".
1565 2857 1584 2890 ι
1635 2842 1782 2895 Dixit
1817 2854 1998 2898 autem
2031 2849 2096 2900 ad
2141 2860 2235 2902 eos

662 2916 943 2976 Salvator:
971 2939 990 2973 ι
1033 2923 1188 2992 192
1211 2923 1396 2980 Nonne
1413 2928 1674 2997 scriptum
1699 2933 1850 2985 estin
1874 2933 1988 3002 lege
2016 2945 2229 2989 vestra:

660 3009 774 3080 Ego
810 3013 920 3067 dixi
959 3028 975 3066 :
1025 3016 1105 3069 Dii
1155 3018 1325 3072 estis?
1368 3018 1424 3074 Si
1458 3019 1578 3075 illos
1606 3021 1745 3077 dixit
1795 3025 1948 3089 deos,
1981 3026 2048 3080 ad
2099 3042 2233 3095 quos

2325 538 2630 602 αὐθεντίας,
2663 537 2737 599 ὼς
2761 536 2840 588 ἑνὶ
2858 534 2972 604 mp
3004 530 3404 604 προσφέρεσθαι
3433 531 3600 594 ἄξιον,
3633 529 3916 599 μενουσῶν

2320 627 2429 679 τῶν
2475 625 2690 694 φύσεων
2730 627 2787 676 ὲν
2819 626 2883 694 τῇ
2917 621 3105 676 ὲνώσει
3135 619 3488 690 ἀσυγχύτωνο
3539 619 3591 673 τί
3627 631 3649 658 ο
3692 617 3919 672 ὑπολεί-

2325 733 2483 769 πεται
2531 715 2740 784 ἕτερον,
2774 713 2806 783 ἢ
2861 712 3252 783 ἀκριϐέστερον
3282 711 3381 781 τὴν
3417 709 3436 749 ί
3495 711 3689 763 ἕνωσιν
3730 726 3914 780 χαρα-

2323 805 2595 878 κτηρίζει,
2621 806 2714 859 καὶ
2741 805 3006 874 δώσομεν,
3043 803 3135 856 καὶ
3183 801 3584 873 συνθησόμεθα,
3619 799 3780 861 ἐκτὸς
3809 800 3916 868 τῆς

2324 898 2433 951 τῶν
2465 897 2679 965 φύσεων
2729 896 3058 966 συγχύσεως.
3115 895 3277 948 Ἀλλὰ
3313 891 3581 964 πρόδηλον
3633 891 3709 954 ὡς
3756 889 3916 942 οὐδὲν

2326 987 2473 1058 αύτῷ
2498 988 2718 1058 ἐξαρκεῖ
2741 987 2800 1038 τὸ
2823 987 2920 1057 τῆς
2965 985 3212 1049 ένὼσεως
3256 985 3444 1053 ἀκρον,
3477 983 3551 1054 μὴ
3577 981 3674 1046 τὰς
3715 979 3916 1051 φύσεις

2328 1077 2627 1146 συγχέοντι.
2674 1077 2811 1129 Ἀλλ’
2845 1078 3002 1147 ἡμεῖς
3034 1077 3132 1138 τὰς
3170 1075 3268 1146 μὲν
3308 1074 3500 1144 φύσεις
3543 1072 3706 1136 οῦσας
3733 1074 3916 1140 ἀσυγ-

2326 1168 2519 1238 χύτους
2573 1167 2877 1236 φυλάξομεν
2925 1171 2982 1232 5',
3035 1167 3128 1222 καὶ
3171 1167 3271 1238 τὴν
3320 1166 3515 1219 ἕνωσιν
3563 1165 3762 1236 ἄκραν,
3817 1165 3920 1217 καὶ

2329 1259 2499 1324 θείαν,
2546 1259 2639 1311 καὶ
2690 1259 2820 1328 ἡμῖν
2863 1258 3245 1328 ἀκατάληπτον
3285 1253 3677 1326 ὁμολογοῦμεν,
3729 1252 3920 1306 πάντα

2328 1352 2407 1416 είς
2451 1350 2754 1418 δοξολογίαν
2787 1350 2861 1410 ὡς
2909 1349 3026 1419 Θεῷ
3061 1349 3155 1401 καὶ
3204 1347 3285 1400 ἐνὶ
3329 1345 3440 1416 Υἱῷ
3484 1343 3918 1415 προσφέροντες,

2329 1440 2420 1493 καὶ
2449 1441 2696 1507 λέγοντες
2725 1438 2875 1508 αύτῷ
2905 1438 3000 1508 τὴν
3029 1438 3122 1490 τοῦ
3150 1438 3418 1506 μακαρίου
3452 1434 3658 1504 Πέτρου
3690 1432 3918 1502 φωνήν

2335 1550 2353 1582 ‹
2391 1532 2461 1584 Σὺ
2489 1526 2540 1584 εἷ
2567 1533 2593 1582 ὁ
2625 1530 2852 1600 Χριστός
2881 1531 2908 1582 ό
2942 1529 3064 1591 Υἱὸς
3092 1527 3185 1580 τοῦ
3215 1527 3350 1580 Θεοῦ
3387 1526 3480 1580 τοῦ
3512 1525 3730 1590 ζῶντος.
3777 1542 3798 1574 ι

2786 1735 3108 1804 Ἀπολογία
3133 1734 3460 1802 Κυρίλλου.

2402 1851 2778 1921 Κατεθήγοντό
2800 1868 2928 1904 ποτε
2956 1851 3090 1921 πρὸς
3114 1849 3361 1912 ἀνοσίους
3382 1849 3557 1920 ὀργὰς
3573 1849 3622 1901 οἱ
3649 1847 3757 1900 τῶν
3785 1849 3927 1901 Wou-

2328 1940 2489 1994 δαίων
2517 1941 2698 2010 δῆμοι,
2730 1943 2839 2003 τοῖς
2867 1942 2896 1980 h
2929 1940 3022 1994 τοῦ
3045 1938 3239 2008 φθόνου
3276 1938 3454 2008 βέλεσι
3484 1937 3574 1990 τὸν
3613 1936 3736 1990 νοῦν
3774 1954 3924 1990 κατ-

2328 2030 2719 2101 ηκοντισμένοι.
2741 2030 2957 2101 Ἐπειδὴ
2977 2029 3050 2097 δὲ,
3074 2029 3203 2100 πρὸς
3224 2029 3400 2094 τοῦτο,
3419 2029 3512 2082 καὶ
3533 2027 3628 2092 τὰς
3652 2027 3928 2097 βεϐήλους

2332 2121 2598 2191 ἐπέφερον
2627 2122 2814 2191 χεῖρας
2851 2119 2930 2189 τῷ
2963 2120 3178 2174 πάντων
3222 2119 3380 2192 ἡμῶν
3418 2119 3636 2189 Σωτῆρι
3666 2118 3922 2189 Χριστῷ,

2331 2215 2438 2267 τῶν
2466 2213 2721 2267 τοιούτων
2751 2213 2948 2275 αὐτοὺς
2974 2210 3340 2282 τολμημάτων
3387 2210 3482 2274 τὰς
3521 2210 3701 2271 αἰτίας
3733 2210 3927 2261 εἰπεῖν

2329 2307 2683 2372 διεκελεύετο,
2712 2306 2886 2377 λέγων
2910 2322 2922 2335 ·
2962 2325 2980 2356 ι
3018 2304 3195 2358 Πολλά
3225 2302 3364 2356 καλά
3404 2301 3540 2373 ἔργα
3568 2300 3743 2365 ἔδειξα
3781 2301 3927 2370 ὑμῖν

2332 2399 2396 2450 ὲκ
2423 2398 2518 2451 τοῦ
2565 2397 2780 2469 Πατρός
2815 2413 2941 2466 μου,
2975 2394 3063 2448 διὰ
3095 2395 3246 2448 ποῖον
3290 2392 3469 2446 αὐτῶν
3500 2392 3660 2464 ἔργον
3685 2392 3786 2461 ἐμὲ
3829 2391 3924 2444 λι-

2333 2487 2553 2550 θάζετες
2589 2507 2607 2538 ι
2639 2489 2702 2538 Οἱ
2729 2486 2784 2538 δὲ
2811 2482 2944 2557 ἦκον
2971 2487 3050 2548 είς
3077 2483 3236 2537 τοῦτο
3259 2483 3578 2546 δυσϐουλίας
3604 2501 3662 2536 τε
3693 2481 3832 2551 ὁμοῦ
3868 2485 3923 2545 ἱ,

2332 2579 2427 2630 καὶ
2465 2577 2809 2645 ἀνοσιότητος
2841 2575 3081 2638 ἐννοιῶν,
3116 2574 3256 2628 ὥστε
3302 2576 3395 2628 καὶ
3427 2577 3538 2637 τοῖς
3571 2575 3669 2643 τῆς
3706 2573 3926 2644 δυσφη-

2337 2669 2465 2736 μίας
2493 2668 2803 2736 ὲγκλήμασι
2829 2667 3176 2737 περιϐάλλειν
3209 2667 3526 2736 ἐπεχείρουν
3547 2664 3564 2714 -i
3583 2707 3596 2720 .
3634 2666 3929 2732 Ἕφασκον

2332 2758 2474 2830 γάρ’
2531 2776 2549 2808 ι
2597 2759 2732 2828 Περὶ
2772 2756 2936 2811 καλοῦ
2986 2757 3149 2828 ἔργου
3203 2758 3264 2810 οὐ
3310 2757 3601 2827 λιθάζομέν
3650 2773 3730 2820 σε,
3775 2756 3924 2810 ἀλλά

2335 2848 2462 2919 περῖ⁴
2493 2847 2859 2918 βλασφημίας,
2891 2849 2971 2900 ὅτι
3010 2848 3096 2914 σὺ,
3120 2846 3404 2918 ἄνθρωπος
3424 2846 3519 2908 ὢν,
3548 2849 3719 2908 ποιεῖς
3751 2862 3928 2899 σεαυ⁶

2333 2939 2426 2990 τὸν
2472 2939 2623 2991 Θεὸν.
2668 2957 2686 2989 ι
2739 2939 2882 3008 Ἔφη
2932 2937 2988 2990 δέ
3043 2955 3145 2990 που
3183 2938 3319 3008 πρὸς
3355 2938 3553 3000 αὐτοὺς
3603 2939 3632 2989 ό
3685 2937 3919 3005 Σωτήρ·

2342 3047 2359 3078 ι
2415 3026 2530 3080 Οὐκ
2577 3026 3108 3096 ἐπιγεγραμμένον
3141 3027 3200 3078 ὲν
3231 3025 3309 3094 τῷ
3345 3026 3493 3094 νόμῳ
3536 3023 3720 3093 ὑμῶν’
3770 3022 3929 3092 Ἐγὼ

661 3117 842 3159 sermo
873 3106 965 3161 Dei
1000 3106 1175 3162 factus
1205 3119 1308 3176 est,
1331 3119 1384 3165 et
1411 3127 1516 3167 non
1541 3123 1717 3181 potest
1745 3116 1880 3170 solvi
1908 3117 2225 3186 Scriptura:

2337 3115 2487 3183 εἷπαξ
2517 3118 2638 3171 Θεοί
2667 3119 2820 3182 tare;
2866 3118 2926 3171 Εί
2955 3117 3194 3178 ἐκείνους
3222 3111 3342 3168 εἷπε
3369 3115 3546 3176 θεοὺς,
3577 3113 3712 3181 πρὸς
3748 3112 3844 3175 οὓς
3891 3116 3927 3165 ὁ

660 3209 818 3261 quem
854 3196 1014 3252 Pater
1050 3202 1429 3266 sanctiﬁcavit,
1462 3214 1515 3258 et
1544 3207 1692 3260 misit
1723 3207 1774 3260 in
1819 3210 2101 3277 mundum,
2135 3225 2232 3264 vos

662 3287 843 3343 dicitis
913 3291 1040 3359 quia
1092 3292 1444 3362 Blasphemas
1475 3331 1491 3358 ,
1540 3297 1665 3364 quia
1723 3298 1870 3360 dixi,
1927 3299 2094 3354 Filius
2139 3301 2230 3353 Dei

663 3392 781 3432 sum
796 3379 878 3432 '7?
907 3399 924 3431 ι
950 3379 1055 3434 Nos
1077 3396 1205 3436 vero
1227 3383 1514 3453 diligenter
1538 3397 1944 3453 perscrutantes
1960 3389 2234 3446 missiOuis

669 3468 894 3523 formam
921 3511 936 3535 ,
973 3473 1041 3527 de
1089 3487 1194 3540 qua
1227 3474 1314 3529 hic
1344 3475 1544 3531 dicitur
1597 3493 1629 3531 e
1681 3481 1853 3534 sacris
1892 3479 2192 3550 Scripturis
2217 3523 2234 3548 ,

663 3560 782 3628 ejus
807 3562 1194 3617 reiscientiam
1224 3565 1546 3634 colligimus.
1585 3569 1725 3623 Dicit
1779 3572 1941 3638 igitur
1977 3574 2088 3642 ipse
2139 3591 2236 3643 per

665 3665 852 3705 vocem
883 3652 1035 3708 Isaia:
1063 3669 1078 3708 :
1116 3673 1134 3706 ι
1161 3656 1393 3724 Spiritus
1427 3658 1632 3713 Domini
1657 3676 1818 3730 super
1848 3678 1932 3717 me
1966 3680 1979 3715 :
2016 3675 2236 3734 propter

666 3741 807 3806 quod
838 3743 1118 3807 unxitme,
1153 3745 1522 3813 evangelizare
1567 3749 1896 3816 pauperibus
1941 3751 2087 3806 misit
2128 3767 2232 3816 me,

667 3840 720 3884 et
759 3833 1053 3898 praedicare
1079 3835 1305 3899 captivis
1349 3837 1747 3902 remissionem,
1803 3849 1857 3894 et
1888 3842 2046 3895 cmcis
2077 3844 2236 3896 resti-

670 3923 932 3976 tutiouem
967 3923 1115 3978 visus
1153 3926 1218 3980 ³⁸.
1260 3945 1276 3977 ι
1323 3926 1543 3982 Missum
1591 3944 1720 3983 vero
1761 3931 1996 3986 dicimus
2039 3930 2234 3987 Filium

666 4029 695 4066 a
726 4013 914 4079 Patre,
954 4013 1153 4070 factum
1182 4019 1475 4074 hominem.
1523 4019 1694 4077 Valde
1735 4021 1880 4075 enim
1931 4033 2236 4092 congruunt

665 4104 1050 4159 exinanitionis
1066 4107 1334 4161 mensuris
1361 4109 1635 4164 missionis
1659 4125 1855 4165 nomen
1881 4117 1936 4164 et
1965 4124 2076 4166 res.
2109 4109 2237 4165 Mis-

664 4212 783 4250 Sunt
818 4199 1002 4265 itaque
1032 4208 1151 4261 est,
1195 4199 1353 4253 sicuti
1403 4201 1535 4265 dixi,
1583 4217 1688 4255 non
1715 4202 1915 4256 nudum
1951 4211 2002 4256 et
2034 4204 2238 4271 absque

665 4301 826 4340 carne
849 4284 1104 4352 Verbum,
1121 4288 1260 4353 quod
1280 4297 1362 4342 est
1378 4304 1442 4343 ex
1464 4290 1570 4342 Deo
1596 4287 1773 4351 Patre;
1793 4290 1886 4343 sed
1904 4291 2238 4344 nativitatem

672 4377 848 4440 potius
881 4377 1174 4430 secundum
1213 4393 1430 4432 carnem
1461 4379 1700 4442 subiens,
1735 4379 1786 4432 id
1816 4390 1918 4440 est.
1949 4395 2145 4448 corpus
2173 4397 2238 4434 ex

2332 3210 2489 3278 λόγος
2531 3209 2625 3261 τοῦ
2658 3208 2792 3261 Θεοῦ
2839 3207 3074 3276 ἐγένετο,
3122 3207 3214 3259 καὶ
3245 3206 3307 3258 ού
3349 3204 3573 3257 δύναται
3613 3203 3843 3271 λυθῆναι
3884 3209 3922 3276 ὴ

2335 3300 2546 3370 Γραφὴ.
2589 3298 2648 3351 ὃν
2680 3299 2708 3351 ὁ
2738 3298 2926 3369 Πατὴρ
2955 3298 3174 3368 ἡγίασε,
3221 3297 3313 3350 καὶ
3357 3295 3676 3350 ἀπέστειλεν
3716 3296 3795 3358 είς
3822 3296 3929 3349 τὸν

2335 3393 2569 3463 κόσμον,
2611 3393 2766 3462 ὑμεῖς
2810 3391 3034 3459 λέγετε,
3065 3391 3148 3444 ὅτι
3193 3389 3572 3458 Βλασφημεῖς,
3603 3388 3685 3442 ὅτι
3737 3383 3928 3452 εἶπον,

2337 3485 2464 3548 Υίὸς
2505 3483 2641 3537 Θεοῦ
2673 3485 2822 3554 είμι;
2861 3502 2879 3535 ι
2912 3481 3406 3552 Περιεργαζὸμενοι
3435 3481 3492 3533 δὲ
3516 3482 3678 3550 ἡμεῖς
3706 3478 3804 3546 τῆς
3831 3479 3930 3531 έν-

2336 3573 2461 3626 θάδε
2494 3573 2794 3642 λεγομένης
2831 3571 3133 3639 ἀποστολῆς
3159 3570 3251 3623 τὸν
3273 3569 3493 3641 τρόπον,
3524 3567 3726 3622 ἐκτῶν
3753 3568 3929 3637 ἱερῶν

2336 3664 2682 3744 Γραμμάτων
2714 3661 2810 3732 τὴν
2839 3661 2930 3714 ἐπὶ
2964 3660 3098 3730 τῷδε
3125 3659 3324 3728 γνῶσιν
3351 3657 3734 3729 ὲρανιζόμεθα.
3766 3659 3926 3729 Ἔφη

2336 3754 2512 3807 τοίνυν
2547 3754 2708 3814 αὐτὸς
2736 3752 2825 3804 διὰ
2854 3753 3036 3821 φωνῆς
3083 3751 3304 3803 Ἡσαΐου
3328 3766 3340 3778 ·
3384 3768 3402 3800 r
3454 3748 3678 3818 Πνεῦμα
3708 3749 3928 3818 Κυρίου

2339 3845 2422 3895 ἐπ’
2457 3842 2557 3911 ἐμέ
2579 3859 2592 3872 ο
2623 3836 2683 3895 οὗ
2712 3841 2897 3892 ἕνεκεν
2925 3839 3110 3910 έχρισέ
3155 3855 3221 3909 με
3242 3854 3253 3865 ·
3285 3835 3738 3904 εὐαγγελίσασθαι
3771 3851 3928 3888 πτω-

2339 3939 2452 4006 χοῖς
2490 3933 2798 3988 ἀπέσταλκέ
2856 3949 2956 4000 με,
3004 3929 3237 4000 κηρύξαι
3287 3926 3652 3997 αἰχμαλώτοις
3700 3925 3926 3992 ἄφεσιν,

2340 4025 2435 4077 καὶ
2464 4024 2682 4090 τυφλοῖς
2712 4020 3024 4088 ἀνάϐλεψιν.
3063 4037 3079 4070 ι
3125 4016 3482 4070 ’Δπεστάλθαι
3514 4014 3572 4068 δέ
3618 4031 3800 4083 φαμεν
3826 4015 3931 4067 τὸν

2341 4114 2468 4166 Υίὺν
2489 4113 2640 4182 παρὰ
2665 4111 2756 4164 τοῦ
2789 4112 3022 4180 Πατρὸς,
3049 4110 3338 4178 γενόμενον
3358 4107 3649 4178 ἄνθρωπον
3669 4124 3682 4136 ·
3716 4106 3929 4177 πρέποι

2341 4205 2449 4274 γὰρ
2477 4203 2543 4256 ἂν
2571 4204 2664 4255 καὶ
2694 4203 2836 4271 μάλα
2867 4200 3040 4272 ὀρθῶς
3081 4203 3194 4262 τοῖς
3231 4200 3331 4270 τῆς
3373 4197 3658 4260 κενώσεως
3699 4197 3930 4268 μέτροις

2341 4295 2523 4363 τὸτῆς
2553 4292 2855 4361 ἀποστολῆς
2903 4290 3073 4360 ὄνομά
3117 4307 3174 4343 τε
3219 4292 3311 4342 καὶ
3350 4289 3560 4360 χρῆμα.
3610 4289 3929 4359 ’Δπεστάλη

2343 4386 2419 4450 δὲ,
2452 4385 2525 4446 ὡς
2553 4384 2711 4453 ἔφην,
2739 4384 2798 4436 ού
2834 4383 3060 4454 γυμνὸς,
3102 4382 3194 4436 καὶ
3220 4382 3460 4451 ἄσαρκος
3487 4383 3515 4433 ὁ
3547 4381 3612 4433 ὲκ
3647 4378 3781 4431 Θεοῦ
3810 4380 3930 4433 Παι-

671 4474 859 4520 sancta
886 4465 1103 4536 Virgine
1127 4479 1464 4536 assumptum
1498 4468 1844 4526 ineﬂabiliter
1871 4481 1926 4525 et
1957 4472 2231 4526 inconfuse

2345 4477 2468 4547 τρὸς
2500 4476 2692 4542 Λόγος.
2723 4474 2976 4544 γέννησιν
3002 4474 3058 4526 δὲ
3092 4471 3288 4541 μᾶλλον
3321 4471 3618 4541 ὑπομείνας
3649 4469 3748 4541 τὴν
3780 4471 3931 4524 κατὰ

667 4558 767 4610 sibi
799 4557 1015 4620 uniens,
1042 4559 1183 4612 sicut
1219 4560 1520 4627 saepissime
1553 4562 1787 4616 diximus
1811 4603 1825 4628 ,
1872 4583 1888 4614 ι
1929 4563 2105 4616 illuxit
2137 4579 2234 4616 no-

667 4649 756 4703 bis
795 4650 934 4705 Deus
966 4651 1250 4717 Dominus,
1290 4670 1308 4702 ›
1345 4654 1638 4708 secundum
1666 4655 1977 4724 Scripturas
1999 4657 2064 4708 ”.
2109 4656 2239 4709 Pro-

670 4741 847 4807 prium
876 4743 1040 4810 igitur
1072 4759 1268 4813 corpus
1292 4746 1522 4800 dicimus
1571 4746 1771 4802 factum
1804 4764 1924 4804 esse
1957 4749 2136 4813 Verbi,
2183 4759 2241 4803 et

670 4846 776 4885 non
837 4833 1070 4888 hominis
1129 4834 1356 4902 alicujus
1402 4839 1630 4891 seorsim
1683 4849 1738 4892 et
1790 4849 2072 4906 separate,
2122 4849 2243 4892 tan-

670 4938 832 4989 quam
874 4923 1010 4978 alius
1043 4934 1241 4993 praeter
1273 4925 1421 4978 illum
1458 4928 1706 4982 Christus
1736 4939 1791 4983 et
1834 4929 2002 4983 Filius
2043 4931 2243 4984 intelli-

676 5024 858 5081 gatur.
914 5015 1380 5081 Quemadmodum
1425 5027 1602 5072 autem
1658 5021 2082 5089 uniuscujusque
2149 5040 2242 5078 no-

674 5115 845 5158 strum
878 5107 1152 5174 proprium
1185 5108 1381 5161 dicitur
1430 5123 1646 5176 corpus,
1681 5112 1822 5177 quod
1872 5113 2086 5180 proprie
2125 5114 2242 5180 ejus

673 5205 776 5260 est,
811 5196 884 5248 ita
912 5205 966 5248 et
996 5198 1046 5250 in
1084 5212 1190 5251 uno
1225 5196 1443 5253 Christo
1486 5209 1568 5254 est
1609 5199 2038 5270 intelligendum.
2099 5203 2230 5256 Nam

745 5353 787 5423 [⁸
829 5354 1016 5407 Matth.
1051 5372 1132 5407 va
1156 5399 1170 5418 ,
1210 5356 1293 5412 16.
1375 5355 1417 5388 ³⁵
1452 5353 1606 5411 101m.
1639 5374 1701 5423 Χ,
1731 5360 1818 5413 52.

679 5421 722 5452 ³³
750 5420 888 5477 Psal.
919 5440 1080 5490 εχιιι,
1112 5428 1200 5479 9.7.

1911 5360 1954 5390 ³⁸
1984 5361 2112 5414 ibid.
2141 5361 2228 5413 53.

2322 5360 2362 5390 ³⁷
2391 5360 2517 5414 ibid.
2555 5359 2739 5414 ιιι-56.

2349 4567 2701 4637 σάρκα,.ἦτοι
2745 4565 2903 4633 σῶμα
2948 4563 3124 4617 λαϐὼν
3157 4565 3221 4615 ὲκ
3266 4564 3364 4633 τῆς
3407 4562 3569 4630 ἁγίας
3615 4559 3926 4630 Παρθένου,

2348 4657 2504 4710 τοῦτὸ
2541 4674 2600 4708 τε
2648 4657 2939 4724 ἀφράστως
2982 4655 3078 4707 καὶ
3110 4652 3428 4721 άσυγχύτως
3477 4650 3682 4712 ἑνώσας
3719 4649 3927 4718 ἑαυτῷ,

2350 4749 2494 4802 καθὰ
2525 4749 2840 4809 πλειστάκις
2862 4749 3184 4816 εἰρήκαμεν,
3219 4764 3236 4796 ι
3269 4743 3538 4811 ὲπέφανεν
3562 4743 3694 4812 ἡμῖν
3732 4743 3760 4795 ό
3789 4742 3931 4806 Θεὸς

2351 4841 2572 4910 Κύριος,
2627 4860 2644 4890 ι
2703 4839 2842 4892 κατὰ
2892 4838 2989 4902 τὰς
3029 4837 3271 4908 Γραφάς.
3327 4836 3487 4888 Ἴδιον
3525 4830 3617 4887 οὖν
3656 4833 3718 4885 τὸ
3761 4833 3931 4903 σῶμά

2352 4949 2531 5000 φαμεν
2562 4930 2817 4998 γενέσθαι
2844 4928 2937 4981 τοῦ
2981 4928 3173 4997 Λόγου,
3205 4927 3300 4979 καὶ
3326 4927 3427 4978 οὐκ
3458 4923 3750 4995 ἀνθρώπου
3777 4923 3930 4988 τινὸς

2353 5021 2553 5085 ἱδικώς,
2587 5023 2680 5074 καὶ
2713 5020 3128 5089 κεχωρισμένως
3166 5018 3350 5087 ἐτέρου
3401 5018 3530 5086 παρ’
3573 5015 3734 5068 αὐτὸν
3768 5032 3930 5068 νοου-

2354 5115 2512 5183 μένου
2565 5111 2798 5182 Χριστοῦ
2849 5111 2943 5163 καὶ
2998 5109 3148 5162 Υίοῦ.
3210 5111 3418 5178 Ὥσπερ
3473 5107 3530 5159 δὲ
3583 5106 3714 5158 ἴδιον
3761 5106 3930 5175 ἡμῶν

2341 5203 2568 5255 ἑκάστου
2617 5200 2832 5269 λέγεται
2873 5198 3031 5268 σῶμα
3083 5198 3141 5249 τὸ
3193 5195 3372 5258 ίδικῶς
3402 5193 3590 5258 αὐτοῦ,
3636 5192 3780 5246 οῦτω
3829 5196 3933 5247 καὶ

2835 5357 2881 5389 ³⁸
2909 5359 3010 5413 lsa.
3044 5369 3159 5418 in,
3195 5354 3211 5405 Ι
3241 5391 3255 5417 ,
3289 5351 3358 5417 2;
3399 5348 3781 5415 Luc.iv,18,
3836 5349 3929 5403 19.

1745 5556 1914 5612 \‘arirc
1942 5557 2199 5611 lectiones
2225 5571 2286 5610 cx
2319 5557 2502 5612 codice
2531 5554 2899 5626 Seguieriano.

805 5698 888 5751 ϊσ.
922 5697 1055 5750 εἴτι.
1140 5698 1156 5734 ί
1197 5698 1222 5749 ὃ
1255 5697 1644 5768 ἀκριϐεστέραν
1677 5698 1790 5768 τήν.
1873 5699 1894 5735 ε
1925 5696 2263 5766 φυλάξωμεν.

2343 5698 2368 5736 h
2397 5697 2618 5758 τάλανες
2660 5695 2923 5761 Ἰουδαῖοι,
2948 5696 3074 5757 τοῖς.
3159 5693 3173 5734 ί
3207 5693 3338 5765 ἅμα.
3421 5690 3432 5742 i
3470 5693 3787 5763 ἐπέχειρεῖν.
