4042 6504
135 388 241 444 373

757 399 1289 460 APOLOGETICUS
1327 402 1465 459 PRO
1506 402 1598 458 XII
1632 402 2000 463 CAPITIBUS
2040 409 2316 466 CONTRA
2358 410 2813 468 ORIENTALES.

3289 406 3395 461 δτι

134 507 227 557 ὲπὶ
258 507 358 560 τοῦ
380 508 501 573 ἑνὸς
536 510 772 581 Χριστοῦ
794 517 1031 585 νοητέον.
1059 519 1251 571 Καίτοι
1279 518 1386 589 γὰρ
1405 518 1647 589 ὑπάρχον
1669 520 1729 573 τὸ

1842 525 2077 593 μιεωνίε
2105 529 2176 579 sit
2234 528 2439 581 nostris
2472 527 2787 597 corporibus
2816 531 3123 595 cognatum,
3166 524 3268 576 hoc
3308 532 3392 578 est

131 598 244 657 τοῖς
274 598 577 670 ἡμετέροις
625 602 872 672 σώμασιν
914 609 1195 675 ὁμογενὲς,
1226 609 1393 678 ῆγουν
1442 609 1727 679 ὀμοούσιον

136 687 495 758 (γεγέννηται
528 692 636 762 γὰρ
664 694 727 746 ἐκ
753 696 1051 763 γυναικὸς),
1094 699 1221 751 [διον
1246 700 1431 763 αὐτοῦ,
1459 701 1533 764 ὡς
1564 701 1722 769 ἔφην,

137 780 345 829 νοεῖται
398 780 496 832 καὶ
543 779 779 848 λέγεται.
846 784 1061 856 Ἐπειδὴ
1107 788 1165 840 δὲ
1212 787 1325 859 ζωὴ
1369 790 1511 843 κατὰ
1561 792 1726 859 φύσιν

137 866 288 918 ἐστὶν
334 866 363 918 6
405 868 472 920 ὲκ
520 870 655 923 Θεοῦ
702 873 914 944 Πατρος
952 876 1143 943 Λόγος,
1173 876 1433 940 ζωοποιὸν
1480 880 1725 951 ἀπέφηνε

134 957 235 1026 τὴν
268 958 471 1011 ἑαυτοῦ
521 962 728 1031 σάρκα·
770 965 1023 1037 ταύτῃτοι
1059 967 1279 1035 γέγονεν
1319 970 1451 1039 ἡμῖν
1505 971 1725 1037 εὐλογία

137 1045 432 1111 ζωοποιός.
477 1050 587 1102 Καὶ
631 1052 761 1119 γοῦν
798 1053 1035 1123 ἔφασκεν
1082 1060 1111 1110 6
1156 1060 1425 1129 Χριστόςο
1463 1078 1482 1112 ι
1529 1062 1722 1133 Ἀμὴν,

134 1136 288 1203 ἀμὴν
322 1134 470 1203 λέγω
512 1137 662 1207 ὑμῖν,
698 1140 809 1209 ἐγώ
834 1143 949 1213 είμι
975 1146 1004 1197 6
1034 1145 1198 1215 ἄρτος
1232 1150 1261 1201 6
1306 1147 1434 1216 ζῶν,
1469 1149 1497 1201 6
1526 1150 1589 1202 ὲκ
1629 1149 1725 1203 τοῦ

134 1226 376 1295 οὖρανοῦ
427 1228 688 1294 καταὸὰς,
741 1233 836 1284 καὶ
880 1232 1024 1305 ζωὴν
1078 1235 1253 1300 διδοὺς
1298 1238 1374 1308 τῷ
1421 1238 1646 1309 κόσμῳ”
1702 1257 1719 1290 ›

134 1320 232 1370 καὶ
264 1319 434 1373 πάλιν
457 1339 468 1350 ·
521 1341 540 1371 ι
576 1323 739 1377 Καὶό
775 1325 935 1396 ἄρτος
968 1326 1046 1392 δὲ,
1075 1328 1136 1381 ὂν
1174 1328 1283 1396 ἐγὼ
1314 1328 1492 1395 δώσω,
1526 1333 1559 1401 ἡ
1592 1330 1728 1400 σάρξ

136 1409 241 1476 μού
267 1410 445 1477 ἐστιν,
482 1413 619 1484 ὑπὲρ
644 1414 743 1485 τῆς
781 1416 873 1469 τοῦ
922 1417 1126 1488 κόσμου
1156 1419 1350 1489 ζωῆς..
1387 1422 1497 1474 Καὶ
1526 1421 1689 1475 πάλιν
1708 1437 1722 1451 ’

138 1518 157 1550 ι
218 1500 281 1553 '0
331 1501 569 1573 τρώγων
613 1521 714 1575 μου
760 1505 857 1577 τὴν
910 1509 1123 1578 σάρκα,
1166 1511 1261 1561 καὶ
1304 1510 1476 1563 πίνων
1521 1528 1624 1580 μου
1667 1511 1729 1563 τὸ

130 1587 301 1662 αἷμα,
330 1597 388 1647 ὲν
417 1595 545 1665 ἐμοὶ
579 1595 753 1666 μένει,
777 1598 932 1667 κάγὼ
962 1600 1020 1651 ὲν
1061 1599 1230 1669 αὐτῷ.
1269 1618 1287 1651 ι
1318 1600 1507 1671 ’Λθρει
1538 1602 1602 1672 δὴ
1636 1597 1729 1655 οὖν

131 1686 291 1747 ὅπως
334 1686 612 1757 πανταχοῦ
643 1690 835 1742 ἑαυτοῦ
864 1690 1024 1760 σῶμα
1051 1692 1111 1744 τὸ
1141 1694 1204 1743 ὲκ
1229 1692 1486 1757 γυναικὸς
1529 1693 1728 1763 ὀνομά-

1828 614 2281 672 consubstautiale
2301 616 2509 685 (uatum
2540 618 2683 673 enim
2721 632 2784 671 ex
2805 615 3031 670 muliere
3056 622 3137 667 est
3159 612 3395 682 “),pro-

1826 706 1999 774 prium
2031 706 2169 775 ejus,
2218 720 2276 763 ut
2313 710 2422 764 dixi
2453 754 2467 778 ,
2531 710 2856 780 intelligitur
2899 715 2952 762 et
2993 707 3211 761 dicitur.
3259 706 3392 774 Quia

1829 805 2005 851 autem
2038 799 2148 851 vita
2185 802 2485 855 secundum
2522 811 2769 856 naturam
2801 811 2885 855 est
2917 801 3151 856 Verbum
3180 838 3195 864 ,
3246 800 3391 868 quod

1828 900 1895 941 ex
1911 886 2020 943 Deo
2042 887 2204 943 Patre
2220 899 2325 955 est,
2342 891 2746 946 viviﬁcatricem
2771 891 2934 947 eliicit
2952 906 3107 946 suam
3128 902 3346 944 carnem
3375 903 3388 939 :

1828 986 1881 1030 et
1910 978 2007 1031 hac
2044 979 2254 1033 ratione
2288 980 2489 1035 factum
2509 990 2593 1037 est
2626 982 2781 1037 nobis
2812 979 3122 1036 benedictio
3157 975 3397 1031 viviﬁca-

1831 1067 1956 1125 trix.
1982 1067 2213 1124 Proinde
2238 1069 2486 1124 Christus
2518 1062 2769 1127 dicebaté
2810 1090 2829 1123 ι
2865 1071 3060 1134 Amen,
3090 1082 3246 1122 amen
3277 1065 3399 1120 dico

1828 1158 1999 1223 vobis,
2022 1174 2120 1228 ego
2143 1175 2258 1214 sum
2278 1164 2432 1229 panis
2456 1163 2630 1229 vivus,
2671 1162 2760 1231 qui
2792 1162 2857 1216 de
2881 1160 3018 1217 caelo
3038 1158 3315 1221 descendi,
3344 1166 3397 1210 et

1828 1248 1992 1301 vitam
2011 1250 2143 1303 dans
2164 1254 2359 1306 mundo
2384 1252 2424 1283 “
2458 1270 2472 1317 ;
2517 1271 2535 1303 ι
2596 1261 2650 1306 ει
2682 1267 2869 1308 rursus
2904 1270 2917 1306 :
2961 1271 2979 1303 ι
3018 1251 3183 1304 Panis
3233 1261 3393 1317 quem

1829 1348 1929 1403 ego
1949 1336 2105 1401 dabo,
2124 1351 2252 1391 caro
2275 1352 2389 1392 mea
2403 1348 2506 1401 est,
2526 1354 2624 1407 pro
2650 1339 2831 1393 mundi
2853 1341 2959 1393 vita
2977 1338 3043 1405 “;
3059 1357 3076 1389 ι
3098 1338 3355 1393 etiterum
3381 1357 3395 1390 :

1835 1443 1852 1475 ι
1888 1425 1988 1491 Qui
2016 1427 2303 1483 manducat
2333 1443 2505 1483 meam
2529 1444 2774 1497 carnem,
2805 1439 2859 1483 et
2876 1430 3012 1484 bibit
3040 1442 3215 1483 meum
3243 1425 3399 1495 193

1829 1518 2148 1586 sanguinem
2178 1557 2193 1583 ,
2229 1519 2282 1573 in
2316 1533 2400 1573 me
2440 1529 2664 1584 manet,
2715 1529 2771 1574 et
2797 1534 2895 1588 ego
2926 1520 2977 1573 in
3009 1533 3074 1573 eo
3106 1519 3176 1572 “.
3211 1536 3231 1569 ι
3266 1515 3401 1569 Vidc

1832 1605 2301 1675 igitur,quomodo
2329 1608 2529 1676 ubique
2554 1623 2706 1663 suum
2739 1622 2938 1677 corpus
2964 1606 3093 1660 illud
3126 1620 3156 1660 e
3177 1604 3402 1659 muliere

1832 1706 2166 1779 assumptum
2185 1698 2427 1752 nominat
2443 1709 2663 1767 propter
2681 1712 2947 1753 summam
2966 1696 3250 1751 unitatem.
3278 1693 3403 1748 Haec

130 1776 219 1839 ζει
256 1776 352 1828 διὰ
393 1777 493 1847 τὴν
540 1780 620 1842 εἰς
662 1780 829 1850 ἄκρον
870 1781 1079 1834 ἕνωσιν.
1128 1780 1327 1834 Τοῦτον
1372 1782 1587 1853 ἔχοντος
1631 1782 1726 1837 τοῦ

1842 1776 1953 1841 cum
1988 1788 2059 1841 sit
2099 1787 2344 1857 mysterii
2391 1790 2547 1852 ratio,
2581 1789 2633 1842 in
2686 1788 3025 1857 expositione
3073 1799 3171 1839 sua
3212 1795 3401 1837 rursus

131 1866 454 1935 μυστηρίου
487 1867 578 1919 τὸν
600 1868 799 1935 λόγον,
833 1870 892 1922 ὲν
938 1871 1196 1940 ἐξηγήσει
1231 1871 1391 1924 πάλιν
1427 1873 1531 1943 ἰδίᾳ
1565 1875 1728 1944 φησὶν

1842 1876 1907 1930 tit
1936 1876 2218 1931 Nestorius
2250 1893 2263 1928 :
2302 1878 2542 1948 (Audite,
2579 1879 2775 1947 inquit,
2810 1877 3148 1932 attendentes
3193 1875 3353 1928 verba
3384 1888 3401 1927 :

130 1960 161 2008 6
203 1956 545 2025 Νεστόριος¹
586 1959 918 2027 (Ἀκούσατε
969 1962 1171 2027 τοίνυν,
1206 1964 1563 2034 προσέχοντες
1616 1967 1729 2029 τοῖς

1842 1985 1858 2019 ι
1892 1968 1991 2033 Qui
2019 1969 2328 2035 manducat,
2365 1969 2559 2038 inquit,
2599 1982 2770 2022 meam
2796 1980 3039 2021 carnem.
3085 1984 3103 2015 ι
3138 1962 3403 2018 Memores

133 2050 366 2118 ῥητοῖς·
405 2065 426 2099 ι
482 2046 542 2104 Ὀ
574 2050 804 2120 τρώγων
837 2069 959 2122 μου,
994 2054 1147 2123 φησὶ,
1184 2056 1282 2124 τὴν
1311 2056 1508 2127 σάρκα.
1542 2076 1561 2108 ι
1583 2058 1733 2125 Μνη-

133 2140 408 2206 μονεῦετε
438 2141 519 2193 ὅτι
552 2144 677 2211 περὶ
699 2143 800 2212 τῆς
832 2146 1033 2216 σαρκός
1062 2148 1178 2200 ἐστι
1208 2148 1268 2201 τὸ
1296 2148 1610 2217 λεγόμενον,
1636 2149 1733 2202 καὶ

131 2232 223 2283 ὅτι
250 2230 315 2283 οὐ
339 2233 471 2300 παρ’
503 2231 639 2302 ἐμοῦ
672 2235 1048 2306 προστέθειται
1078 2238 1138 2290 τὸ
1180 2238 1279 2308 τῆς
1311 2240 1513 2308 σαρκὸς
1540 2238 1732 2309 ὄνομα,

132 2323 285 2375 ὥστε
326 2321 403 2393 μὴ
445 2321 622 2377 δοκεῖν
656 2327 886 2391 ἐκείνοις
924 2330 1383 2400 παρερμηνεύειν.
1427 2348 1447 2380 ‹
1497 2331 1552 2383 ’0
1588 2330 1734 2399 τρώ-

134 2432 257 2480 γων
307 2431 415 2483 μου
449 2416 548 2485 τὴν
589 2419 793 2487 σάρκα,
843 2419 938 2473 καὶ
967 2420 1135 2473 πίνων
1172 2438 1273 2488 μου
1303 2420 1365 2473 τὺ
1392 2415 1548 2490 αἷμα.
1590 2440 1608 2473 ι
1642 2422 1733 2491 Μὴ

133 2503 342 2561 εἶπεν·
416 2507 476 2559 '0
524 2508 751 2577 τρώγων
801 2526 903 2580 μου
951 2512 1050 2580 τὴν
1103 2510 1363 2582 θεότητα,
1413 2512 1507 2565 καὶ
1562 2513 1734 2565 πίνων

138 2609 251 2663 μου
287 2594 391 2662 τὴν
416 2594 683 2661 Θεότητα;
722 2612 741 2644 ε
792 2595 849 2647 '0
890 2595 1117 2664 τρώγων
1150 2614 1250 2666 μου
1288 2599 1386 2667 τὴν
1419 2599 1617 2669 σάρκα,
1644 2602 1739 2654 καὶ⁵

138 2688 327 2739 πίνων
366 2702 471 2756 μου
516 2686 577 2737 τὸ
604 2680 761 2754 αἷμα,
802 2687 859 2737 ἐν
893 2688 1016 2756 ἐμοὶ
1048 2688 1220 2755 μένει,
1251 2687 1407 2757 κάγὼ
1431 2691 1487 2741 ὲν
1514 2690 1679 2759 αὐτῷ.
1712 2710 1730 2741 ι

137 2774 543 2845 Μνημονεύετε
599 2776 680 2828 ὅτι
733 2777 861 2847 περὶ
903 2780 1001 2848 τῆς
1058 2779 1259 2849 σαρκὸς
1307 2780 1368 2833 τὸ
1426 2780 1736 2850 λεγόμενον.

153 2868 310 2921 Ἀλλ’
373 2866 549 2921 ὲνίοτε
612 2870 1038 2939 παρερμηνεύω.
1111 2872 1457 2941 Ἀκούσωμεν
1511 2874 1574 2925 ὲκ
1632 2872 1741 2924 τῶν

141 2958 401 3028 ἐφεξῆς’
470 2977 488 3010 ι
526 2959 725 3024 Καθὼς
774 2962 1063 3014 ἀπέστειλέ
1118 2980 1186 3033 με
1234 2964 1263 3013 6
1313 2961 1423 3024 ζῶν
1468 2964 1679 3033 Πατήρ.
1718 2982 1735 3013 ο

154 3049 409 3113 Ἐκεῖνος
443 3051 593 3120 λέγει
621 3053 719 3122 τὴν
769 3051 1016 3123 θεότητα,
1047 3054 1157 3119 ἐγὼ
1188 3054 1285 3123 τὴν
1327 3053 1738 3124 ἀνθρωπότητα.

146 3138 395 3208 Ἵδωμεν
431 3140 515 3203 τίς
563 3143 591 3193 6
638 3141 1109 3210 παρερμηνεύων·
1163 3161 1181 3193 ι
1232 3143 1424 3205 Καθὼς
1456 3144 1742 3196 ἀπέστειλέ

1834 2069 2026 2127 estote,
2058 2062 2200 2131 quod
2228 2063 2294 2116 de
2317 2076 2481 2115 carne
2508 2070 2591 2116 est
2622 2073 2824 2123 sermo,
2858 2068 2913 2113 et
2944 2057 3085 2127 quod
3123 2070 3227 2110 non
3254 2070 3283 2109 a
3318 2069 3405 2108 nte

1835 2152 2203 2218 adjectumcst
2236 2153 2415 2207 carnis
2441 2166 2658 2216 nomen,
2694 2166 2760 2206 ne
2802 2151 2905 2205 illis
2929 2152 3117 2205 videar
3152 2159 3405 2215 perverse

1838 2243 2184 2309 interpretari
2217 2260 2229 2294 :
2269 2260 2286 2292 ι
2317 2242 2416 2307 Qui
2444 2242 2733 2296 manducat
2761 2255 2933 2295 meam
2962 2252 3209 2301 carnem,
3238 2247 3291 2289 et
3320 2234 3405 2288 bi-

1836 2330 1914 2383 bit
1948 2345 2125 2384 mcum
2154 2332 2493 2400 sanguinem.
2538 2350 2557 2383 ι
2590 2332 2726 2384 Nunt
2771 2332 2907 2385 dixit
2941 2348 2955 2383 :
2988 2328 3087 2395 Qui
3115 2326 3409 2381 manducat

1838 2434 2014 2474 meam
2038 2420 2402 2483 divinitatem,
2419 2431 2473 2475 et
2496 2420 2631 2474 bibit
2648 2434 2819 2474 meam
2840 2416 3215 2473 divinitatem?
3256 2433 3273 2464 ι
3304 2414 3407 2481 Qui

1840 2513 2125 2567 manducat
2156 2527 2329 2567 meam
2352 2526 2593 2578 carnem,
2629 2512 2821 2581 inquit,
2842 2520 2897 2565 et
2926 2508 3063 2563 bibit
3085 2523 3260 2562 meum
3286 2522 3407 2560 san-

1840 2601 2079 2670 guinem,
2102 2602 2156 2655 in
2191 2617 2276 2657 me
2302 2612 2483 2657 manet
2513 2611 2569 2656 et
2595 2617 2695 2671 ego
2723 2603 2777 2655 iu
2806 2616 2923 2657 eo.»
2949 2600 3215 2654 Memores
3232 2606 3406 2653 estote

1842 2692 1984 2758 quod
2015 2693 2081 2744 de
2109 2705 2274 2744 carne
2304 2693 2374 2745 sit
2402 2692 2603 2746 dictum
2633 2730 2648 2744 .
2683 2694 2755 2746 At
2786 2692 2931 2746 enim
2966 2702 3222 2759 perverse
3261 2702 3407 2740 non-

1842 2795 2115 2849 nunquam
2172 2781 2519 2849 iuterpretor.
2559 2782 2856 2835 Audiamus
2885 2782 3053 2850 igitur
3082 2792 3149 2833 ex
3176 2792 3413 2847 sequeno

1844 2871 1985 2923 tibus
2019 2889 2032 2924 :
2067 2888 2085 2920 ι
2126 2869 2275 2924 Sicut
2308 2871 2453 2925 misit
2480 2884 2564 2924 me
2600 2870 2786 2924 vivens
2807 2868 2969 2923 Pater
3000 2868 3067 2922 “.
3092 2886 3111 2920 ι
3142 2868 3234 2921 llle
3280 2867 3414 2921 dicit

1845 2962 2204 3028 divinitatem,
2234 2976 2336 3031 ego
2374 2962 2787 3017 humanitatem.
2820 2959 3115 3015 Videamus
3154 2959 3409 3025 quisnam

1844 3068 2097 3122 perverse
2116 3054 2500 3125 interpretetur
2516 3072 2559 3107 :t
2574 3054 2724 3109 Sicut
2740 3054 2887 3108 misit
2902 3067 2986 3107 me
2998 3052 3184 3105 vivens
3198 3049 3374 3103 Pater.
3389 3066 3407 3099 ι

1849 3144 1993 3197 Dicit
2030 3146 2131 3198 hoc
2175 3144 2295 3199 loco
2345 3146 2632 3200 hmeticus
2665 3145 3019 3199 divinitatem.
3068 3142 3204 3196 Num
3241 3141 3408 3196 dicit:

147 3246 222 3298 με
256 3233 286 3283 6
322 3230 435 3294 ζῶν
478 3232 685 3301 Πατήρ.
732 3250 751 3280 ι
788 3232 951 3299 Λέγει
987 3232 1220 3285 ἐνταῦθα
1263 3237 1291 3287 6
1322 3236 1595 3305 αἱρετικὸς
1644 3236 1737 3303 τὴν

1847 3232 1990 3286 Misit
2026 3247 2110 3286 me
2145 3232 2310 3287 Deum
2344 3232 2578 3287 Verbum
2603 3234 2791 3287 vivens
2809 3232 2992 3297 Pater,
3016 3241 3073 3285 ut
3102 3231 3176 3285 illi
3202 3238 3412 3300 putant,

146 3320 410 3390 θεότητα.
467 3320 558 3390 Μὴ
606 3319 775 3388 λέγει,
810 3322 891 3373 ὅτι
936 3322 1280 3375 Ἀπέστειλεν
1325 3324 1426 3394 ἐμὲ
1470 3327 1561 3376 τὸν
1609 3324 1739 3377 Θεὸν

146 3414 330 3479 Λόγον
358 3414 386 3464 δ
421 3412 531 3475 ξῶν
569 3413 797 3484 Πατήρ;
836 3416 952 3469 κατ’
984 3417 1241 3483 ἐκείνους,
1273 3418 1429 3487 κάγὼ
1456 3418 1532 3483 ζῶ
1554 3422 1581 3469 ὀ
1611 3419 1739 3483 Θεὸς

148 3503 331 3570 Λόγος
362 3503 452 3556 διὰ
476 3503 567 3558 τὸν
598 3507 820 3577 Πατέρα
841 3524 856 3572 ;
881 3503 1012 3561 Εἶτα
1046 3509 1184 3579 μετά
1211 3510 1386 3573 τοῦτο,
1421 3512 1514 3565 καὶ
1544 3511 1693 3566 πάλικ
1725 3527 1738 3541 ·

154 3615 173 3644 ς
228 3596 287 3648 '0
320 3594 555 3665 τρώγων
606 3616 695 3667 με,
744 3600 994 3663 κάκεῖνος
1035 3599 1278 3671 ζήσεται.
1324 3621 1341 3652 ι
1390 3604 1521 3655 Τίνα
1571 3603 1746 3657 ἐσθίο-

152 3702 295 3753 μεν;
327 3686 431 3756 τὴν
463 3688 712 3760 θεότητα,
748 3691 781 3761 ἢ
812 3690 910 3762 τὴν
942 3692 1119 3762 σάρκα
1144 3698 1183 3764 ;)
1216 3694 1347 3765 Περὶ
1376 3695 1474 3765 μὲν
1518 3691 1610 3749 οὖν
1637 3697 1744 3749 τῶν

146 3776 331 3839 οὖτως
369 3778 639 3841 ἐκτόπων,
686 3780 780 3832 καὶ
828 3782 1113 3851 ἀτημελῶς
1148 3784 1297 3856 αὐτῷ
1351 3786 1747 3858 πεφλυαρημέο

150 3886 285 3930 νων,
329 3868 544 3939 μακρδς
575 3868 675 3938 ήδη
710 3872 841 3942 παρ’
867 3873 1023 3942 ἡμῶν
1054 3876 1344 3946 πεποίηται
1390 3877 1567 3944 λόγος.
1613 3878 1676 3928 Τί
1702 3878 1745 3929 δ’

149 3959 219 4012 ὃν
249 3958 503 4029 βούλοιτο
530 3962 694 4025 νοεῖν,
722 3962 786 4014 οὐ
818 3965 909 4017 τὸν
933 3964 1065 4018 Θεὸν
1095 3967 1270 4034 Λόγον
1296 3966 1633 4020 ἀπεστάλθαι
1664 3968 1748 4020 λέ-

148 4066 292 4113 γων,
352 4047 713 4117 σαρκωθέντα
760 4052 855 4106 καὶ
904 4055 1429 4126 ὲνανθρωπήσαντα·
1477 4056 1647 4120 τιθεὶς
1692 4058 1748 4110 δὲ

149 4141 321 4193 πάλιν
370 4136 479 4208 [δίᾳ
525 4155 586 4191 τε
630 4141 725 4193 καὶ
772 4143 875 4196 ἀνὰ
916 4144 1101 4214 μέρος,
1146 4147 1221 4209 ὡς
1267 4146 1427 4210 αὐτός
1487 4165 1641 4218 φησι,
1690 4150 1750 4201 τὸ

150 4229 513 4297 φαινόμενον,
557 4232 657 4285 οὐκ
693 4232 803 4301 ἔχω
844 4234 1037 4301 λέγειν.
1068 4236 1287 4290 Μᾶλλον
1322 4238 1377 4291 δὲ
1405 4240 1495 4291 καὶ
1523 4240 1750 4309 ἐναργὲς

148 4324 254 4392 ἥδη
284 4322 351 4374 τὸ
376 4321 643 4393 σόφισμα.
678 4325 783 4377 Τὸν
805 4326 912 4396 γὰρ
939 4329 1036 4396 τῆς
1060 4329 1305 4393 ὲνώσεως
1335 4330 1601 4400 παραλύει
1628 4333 1751 4401 τρό-

150 4432 275 4478 πον,
312 4414 408 4467 ῖνα
449 4417 629 4469 κοινὸν
672 4416 995 4489 εὑρίσκηται
1040 4421 1101 4473 τὸ
1150 4422 1311 4490 σῶμα
1350 4422 1443 4475 τοῦ
1486 4424 1748 4493 Χριστοῦ,

1842 3333 1896 3378 ει
1928 3339 2029 3394 ego
2063 3326 2205 3382 Deus
2236 3326 2612 3381 Verbumvivo
2637 3334 2857 3395 propter
2904 3324 3169 3379 Patrem?
3212 3322 3417 3377 Deinde

1844 3426 1965 3486 post
1998 3418 2122 3482 hoc,
2157 3428 2209 3473 et
2245 3418 2437 3472 iterum
2473 3437 2485 3471 :
2523 3438 2540 3469 ι
2572 3418 2638 3471 Ει
2663 3420 2753 3487 qui
2786 3416 3075 3472 manducat
3107 3430 3212 3478 me,
3235 3424 3289 3468 et
3328 3414 3418 3469 ille

1849 3510 1987 3563 vivet
2015 3508 2082 3562 ⁸⁸.
2114 3528 2131 3560 ι
2153 3508 2289 3577 Quid
2308 3512 2700 3564 manducamus
2719 3510 2740 3563 ?
2758 3510 3171 3563 divinitatemue
3207 3522 3274 3561 an
3292 3520 3415 3559 car-

1847 3600 2029 3671 nem?)
2064 3604 2143 3655 Ac
2176 3603 2244 3656 de
2278 3614 2383 3655 tam
2415 3602 2690 3665 absurdis,
2727 3611 2782 3656 et
2828 3601 2965 3654 adeo
3015 3610 3217 3653 temere
3250 3597 3316 3651 ab
3349 3611 3416 3651 eo

1847 3691 2030 3746 eliusis
2060 3692 2239 3762 nugis,
2262 3693 2455 3762 longus
2486 3708 2514 3745 a
2542 3694 2697 3747 nobis
2723 3694 2835 3761 jam
2860 3701 2944 3746 est
2972 3705 3153 3745 sermo
3182 3686 3416 3742 habitus.

1848 3784 1987 3850 Quid
2019 3794 2197 3838 autem
2230 3787 2333 3839 sibi
2358 3785 2507 3851 velit,
2533 3799 2653 3838 cum
2680 3786 2819 3838 haud
2841 3785 3006 3837 Deum
3034 3783 3264 3837 Verbum
3289 3781 3420 3834 mis—

1850 3890 1968 3928 sum
1993 3889 2113 3930 esse.
2136 3875 2291 3939 dicit,
2326 3876 2666 3930 incarnatum
2693 3886 2747 3929 et
2782 3876 3055 3929 hominem
3092 3872 3329 3937 factum;
3365 3879 3419 3925 et

1852 3982 2066 4020 rursum
2093 3967 2235 4035 quod
2260 3967 2472 4021 visibile
2501 3977 2605 4033 est,
2657 3977 2715 4021 ut
2763 3968 2876 4035 ipse
2903 3966 3056 4029 dicit,
3093 3965 3321 4019 scorsim
3369 3974 3424 4016 et

1851 4058 2060 4111 divisim
2090 4058 2271 4125 ponit;
2302 4074 2406 4111 non
2439 4058 2612 4112 habeo
2641 4058 2853 4121 dicere,
2912 4056 3021 4109 imo
3062 4070 3191 4109 vero
3242 4055 3420 4107 mani-

1853 4145 2047 4199 festum
2081 4146 2189 4215 jam
2217 4146 2467 4201 cavillum
2501 4156 2602 4201 est.
2636 4144 2767 4198 Nam
2809 4144 3020 4198 uniouis
3067 4144 3283 4197 modum
3325 4146 3421 4197 den

1852 4235 2034 4296 struit,
2070 4245 2130 4287 ut
2153 4250 2441 4289 commune
2470 4235 2775 4288 iuveniatur
2807 4248 3004 4301 corpus
3047 4232 3274 4296 Christi,
3308 4246 3415 4285 non

1845 4324 1958 4390 jam
1995 4339 2122 4378 vere
2155 4326 2431 4394 proprium
2467 4325 2627 4379 Verbi
2654 4326 2833 4376 omnia
2862 4323 3140 4376 viviﬁcare
3170 4322 3420 4375 valentis.

1855 4416 2229 4471 luduhitanter
2251 4417 2467 4487 quidem
2504 4417 2682 4470 omnia
2713 4417 2947 4469 humana
2978 4429 3138 4484 parva
3162 4423 3285 4468 sunt
3316 4412 3425 4467 Deu

149 4506 340 4558 οὖκέτι
371 4507 430 4559 δὲ
469 4506 598 4559 ίδιον
632 4506 849 4576 ἀληθῶς
878 4511 971 4563 τοῦ
1001 4512 1177 4566 πάντα
1218 4514 1499 4577 ζωοποιεῖν
1538 4516 1737 4584 ἰσχύον-

1863 4509 2073 4573 Verbo;
2105 4510 2196 4563 sed
2225 4510 2348 4577 quia
2396 4509 2642 4577 dignatus
2698 4514 2782 4561 est
2827 4517 3043 4576 prapter
3082 4519 3178 4559 nos
3222 4503 3425 4557 mundo

151 4612 264 4658 τος.
301 4598 501 4669 Μικρά
550 4597 649 4667 μὲν
699 4600 1144 4671 ὁμολογουμένως
1178 4606 1293 4657 ἐστὶ
1330 4605 1407 4676 τῷ
1435 4606 1553 4676 Θεῷ
1588 4609 1747 4677 Λόγῳ

154 4686 340 4739 πάντα
373 4688 443 4740 τὰ
478 4687 824 4757 άνθρώπινασ
862 4693 1046 4764 ἐπειδὴ
1079 4695 1135 4746 δὲ
1168 4696 1469 4767 κατηξίωσε
1496 4696 1563 4749 δι’
1603 4700 1746 4768 ἡμᾶς

146 4776 249 4845 τὴν
297 4778 380 4847 τῷ
428 4780 624 4849 κόσμῳ
676 4784 943 4853 σωτήριον
994 4786 1285 4855 ὑπομεῖναι
1330 4789 1579 4852 κένωσιν,
1639 4789 1745 4842 κᾶν

148 4866 501 4922 ἀπεστάλθαι
554 4870 782 4939 λέγηται
834 4875 1066 4944 κηρύξαι
1115 4876 1479 4944 αἰχμαλώτοις
1528 4880 1741 4947 ἄφεσιν,

149 4963 247 5012 καὶ
282 4964 513 5030 τυφλοῖς
531 4961 845 5032 ἀνάϐλεψιν,
878 4963 1158 5029 δοξάζεται
1188 4967 1384 5035 μᾶλλον
1416 4968 1489 5030 ὠς
1524 4971 1746 5037 ἐπενεγ-

150 5051 265 5104 κὼν
327 5054 431 5121 τῆς
469 5053 610 5122 μετὰ
670 5054 871 5126 σαρκὸς
907 5058 1221 5125 οἰκονομίας
1248 5059 1308 5111 τὸ
1336 5060 1626 5113 ταπεινόνο
1661 5062 1754 5113 καὶ

150 5142 251 5195 οὐκ
278 5146 367 5206 ἂν,
395 5142 669 5211 οἶμαι,τὶς
689 5146 1097 5217 διαμωμήσειεν
1114 5147 1140 5185 ⁸(
1171 5148 1276 5201 τῶν
1302 5145 1359 5202 εὖ
1390 5149 1752 5218 φρονούντων,

150 5235 237 5286 ὅτι
254 5235 504 5304 καθῆκεν
527 5236 722 5288 ὲαυτὺν
741 5239 797 5289 ὲν
820 5240 930 5300 τοῖς
949 5239 1067 5291 καθ’
1087 5241 1231 5308 ἡμᾶς
1248 5240 1313 5291 δι’
1333 5242 1496 5309 ἡμᾶς.
1516 5236 1644 5310 *Δρ*
1664 5236 1755 5292 οὖν

149 5325 230 5389 da;
256 5329 343 5379 ’ἑτε
356 5328 448 5394 ρόν
475 5344 597 5379 τινα
620 5327 745 5380 Υἰὸν
776 5328 869 5380 καὶ
898 5329 1131 5399 Χριστὸν
1152 5330 1298 5402 παρὰ
1316 5331 1406 5383 τὸν
1423 5332 1485 5383 ἐκ
1504 5331 1636 5383 Θεοῦ
1656 5331 1757 5383 Λό-

234 5486 278 5516 “
309 5483 489 5538 Calat.
529 5500 601 5550 Iv,
625 5484 679 5538 4.
758 5488 798 5517 ⁸¹
835 5486 989 5543 Juan.
1028 5504 1097 5550 vt,
1130 5489 1218 5543 35.
1296 5490 1338 5521 δ’
1365 5489 1494 5543 ibid.
1529 5488 1617 5543 52.

1856 4602 2151 4654 salutarem
2179 4599 2605 4653 exiuauitiouem
2642 4600 2932 4661 sustinere,
2968 4598 3180 4653 etiamsi
3218 4597 3419 4651 missus

1854 4705 1975 4743 esse
2003 4689 2237 4751 dicatur,
2272 4700 2330 4742 ut
2354 4689 2607 4757 praedicet
2656 4689 2885 4758 captivis
2940 4690 3337 4753 remissionem,
3374 4698 3428 4740 et

1854 4780 2013 4833 uncis
2043 4781 2446 4833 restitutionem
2474 4780 2640 4843 visus,
2676 4781 3013 4850 gloriﬁcatur
3038 4782 3217 4849 potius
3243 4789 3425 4849 utpote

1852 4872 1942 4937 qui
1974 4870 2334 4924 humilitatem
2368 4871 2793 4939 dispensationis
2830 4873 2882 4923 iu
2934 4886 3096 4924 carne
3132 4886 3312 4924 secum
3344 4881 3426 4924 at-

1853 4963 2037 5016 tulerit
2076 4980 2088 5015 :
2124 4972 2175 5016 et
2205 4963 2403 5028 nullus,
2431 4966 2643 5031 opinor,
2675 4963 2763 5031 qui
2814 4964 3009 5030 sapiat,
3064 4965 3425 5031 reprehende-

1852 5054 1922 5105 rit
1973 5053 2117 5119 quod
2153 5052 2449 5103 humiliarit
2481 5066 2539 5105 se
2573 5051 2623 5103 iu
2668 5052 2876 5104 nostris
2912 5061 3131 5119 prOpter
3173 5066 3292 5104 nos.
3340 5052 3422 5105 An

1854 5157 1979 5195 vero
2008 5142 2099 5208 qui
2136 5142 2399 5195 visibilem
2432 5142 2603 5204 illum,
2640 5153 2896 5210 tanquam
2939 5142 3099 5194 alium
3124 5143 3412 5210 quemdam

1855 5249 1973 5288 esse
2016 5232 2209 5285 Filium
2244 5242 2296 5286 et
2333 5234 2606 5286 Christum
2634 5245 2831 5301 prrcter
2869 5232 2996 5285 illud
3030 5248 3091 5285 ex
3136 5233 3243 5285 Deo
3292 5232 3421 5285 Ver-

1856 5326 1981 5379 bum
2012 5326 2226 5392 asscrit,
2264 5324 2349 5379 cui
2380 5324 2541 5377 etiam
2567 5325 2666 5379 soli
2701 5324 2975 5378 missionis
3002 5335 3056 5378 et
3088 5324 3421 5393 apostolatus

1698 5488 1740 5519 ³³
1784 5487 1913 5541 ihid.
1949 5486 2038 5539 55.
2115 5486 2161 5517 ⁸⁸
2189 5485 2313 5538 ibid.
2346 5485 2431 5539 53.
2512 5484 2550 5513 ⁸⁵
2580 5474 2709 5539 ibid.

1230 5643 1403 5699 Varia:
1441 5645 1698 5698 lectiones
1720 5658 1783 5699 ex
1817 5641 2003 5697 codice
2032 5639 2399 5711 Seguieriauo.

246 5774 271 5819 λ
295 5778 749 5847 διαμωμήσηται.
