4042 6490
623 397 727 457 575
777 397 799 407 ”

1653 399 1709 455 S.
1751 400 2026 458 CYRlLLl
2067 402 2532 460 ALEXANDRINI
2572 402 2892 459 ARCHIEP.

3772 404 3876 459 576

627 533 824 573 munus
858 518 1253 584 tribuerit,non
1287 520 1336 574 is
1380 529 1624 575 nostrum
1644 524 1955 592 mysterium
1982 527 2198 581 anthro—

2308 542 2417 594 γον,
2436 524 2528 579 τὸν
2547 522 2867 595 φαινόμενον
2885 519 3020 579 εἶναι
3043 525 3350 579 διαϐεϐαιού
3361 541 3539 595 μενος,
3553 517 3595 592 ᾧ
3613 527 3707 578 καί
3734 524 3877 594 μόνῳ

633 609 953 678 pephagiam
1000 609 1181 675 efﬁcit,
1228 620 1389 680 atque
1437 611 1502 665 ad
1553 612 1796 670 exoletas
1840 617 2196 686 cogitationes

627 707 858 750 mentem
895 697 1129 751 fidelium
1179 698 1384 753 nefarie
1419 701 1706 770 perducit,
1749 719 1919 772 eaque
1945 708 2197 763 humanis

625 784 895 853 subjicere
915 786 1216 842 rationibus
1247 797 1497 852 conatur,
1515 803 1635 857 qua:
1681 792 1792 846 sola
1814 792 1916 848 fide
1950 796 2200 852 omnise-

625 879 800 946 posita
816 879 1126 933 curiositate
1141 881 1462 949 capiuntur?
1479 882 1664 953 Neque
1676 885 1817 938 enim
1837 887 1961 954 quia
1978 889 2202 943 minime

624 969 806 1021 editur
830 971 1129 1026 divinitatis
1155 983 1344 1026 natura
1372 983 1657 1042 propterea
1687 991 1975 1032 commune
2005 979 2202 1035 dixerit

626 1059 894 1128 quispiam
917 1070 1164 1116 sanctum
1185 1062 1387 1118 Christi
1405 1079 1622 1134 corpus.
1645 1066 1798 1122 Scire
1820 1079 2000 1124 autem
2025 1085 2202 1138 opera:

627 1149 861 1216 pretium
892 1160 974 1203 est
1007 1154 1147 1220 quod
1168 1193 1184 1218 ,
1217 1155 1354 1209 sicut
1410 1170 1568 1225 supra
1609 1158 1844 1214 diximus
1867 1200 1882 1224 ,
1925 1161 2200 1230 proprium

627 1249 711 1293 est
743 1255 938 1309 corpus
965 1243 1083 1312 ejus
1116 1244 1305 1312 Verbi,
1340 1247 1482 1316 quod
1513 1249 1691 1302 omnia
1729 1250 1986 1306 vivificat.
2053 1251 2200 1318 Quo-

626 1327 772 1382 niam
815 1337 994 1384 autem
1032 1341 1115 1387 est
1147 1345 1345 1403 corpus
1395 1336 1544 1399 vitae,
1582 1337 1853 1392 vivificum
1907 1348 1993 1393 est
2027 1356 2041 1393 :
2074 1354 2200 1409 pro-

625 1427 810 1490 pterea
827 1438 1075 1492 manuque
1106 1427 1424 1482 mortalibus
1452 1429 1652 1484 nostris
1681 1428 1998 1497 corporibus
2038 1430 2204 1502 largi-

629 1522 717 1566 tur
769 1514 956 1582 vitam,
1008 1526 1062 1572 et
1115 1520 1306 1574 mortis
1380 1521 1667 1588 imperium
1733 1520 1893 1592 194
1953 1533 2201 1579 evacuat.

630 1604 876 1661 Vivilicat
907 1618 1085 1664 autem
1113 1626 1210 1667 nos
1232 1613 1425 1682 aequali
1449 1614 1608 1668 modo
1631 1622 1688 1669 et
1709 1625 1938 1672 sanctus
1970 1616 2204 1686 Spiritus

626 1695 828 1752 Christi
873 1718 887 1753 :
943 1716 962 1750 ι
1009 1701 1244 1769 Spiritus
1289 1705 1431 1758 enim
1484 1715 1567 1760 est
1618 1707 1708 1775 qui
1764 1686 2006 1763 vivificat
2042 1710 2123 1773 ⁸⁸,
2179 1728 2199 1762 ι

625 1791 920 1846 secundum
961 1791 1201 1862 ejusdem
1259 1793 1556 1850 Salvatoris
1585 1811 1789 1852 vocem.
1851 1799 2034 1870 Neque
2075 1815 2204 1857 vero

2299 617 2399 686 τῆς
2422 617 2730 687 ἀποστολῆς
2754 616 3161 688 προσνενέμηκε
3176 616 3385 687 χρῆμα,
3410 617 3508 668 οὐκ
3523 614 3878 686 ἀνθρωποφαο

2301 706 2426 774 γίαν
2458 707 2612 777 ἡμῶν
2627 709 2916 776 ἀποφαίνει
2936 707 2995 759 τὸ
3022 709 3338 777 μυστήριον,
3355 704 3627 776 παριστὰς
3652 704 3880 764 ἀνοσίως

2301 799 2382 860 είς
2420 796 2698 867 ἐξιτήλους
2734 799 2940 860 ἐννοίας
2975 797 3080 850 τῶν
3125 796 3524 850 πιστευσάντων
3562 792 3579 832 ι
3612 794 3704 848 τὸν
3734 793 3878 854 νοῦν,

2303 888 2397 942 καὶ
2411 888 2691 958 λογισμοῖς
2710 890 3069 960 ἀνθρωπίνοις
3087 888 3382 956 ὑποφέρειν
3401 886 3716 957 ἐπιχειρῶν,
3736 885 3768 938 ὃ.
3792 884 3884 953 μό·

2303 997 2409 1044 νως
2430 989 2491 1047 ω,
2519 981 2615 1034 καὶ
2643 981 2895 1053 ἀζητήτῳ
2931 981 3108 1035 πίστει
3138 978 3644 1050 προσλαμϐάνεται;
3675 977 3746 1029 Οὐ
3771 978 3880 1042 γὰρ

2303 1071 2600 1142 ἐπειδήπερ
2613 1073 2711 1125 οὐκ
2726 1073 2962 1126 ἐσθίεται
2976 1073 3226 1142 θεότητος
3245 1072 3426 1142 φύσις,
3440 1069 3692 1123 διάτοῦτο
3705 1068 3881 1120 κοινὸν

2305 1157 2442 1214 εἶναι
2471 1162 2602 1232 φαίη
2634 1179 2714 1226 τις
2743 1162 2806 1214 ἂν
2832 1161 2891 1215 τὸ
2925 1161 3076 1230 ἆγιον
3113 1161 3273 1232 σῶμα
3302 1161 3398 1214 τοῦ
3429 1159 3687 1232 Χριστοῦ.
3725 1156 3880 1209 Είδέ-

2305 1269 2393 1304 ναι
2419 1251 2477 1304 δὲ
2511 1253 2825 1321 ἀναγκαῖον,
2849 1255 2951 1316 ὃτι,
2977 1252 3118 1306 καθά
3149 1252 3453 1321 φθάσαντες
3478 1254 3724 1320 εἴπομεν,
3753 1249 3884 1301 ἴδιόν

2306 1343 2421 1395 ἐστι
2454 1341 2610 1412 σῶμα
2639 1341 2732 1396 τοῦ
2754 1342 2823 1396 τά
2851 1345 3025 1398 πάντα
3046 1341 3436 1407 ζωοποιοῦντος
3459 1341 3632 1410 Λόγου
3649 1357 3665 1371 ·
3695 1335 3884 1407 ἐπειδὴ

2304 1434 2362 1486 δέ
2415 1434 2531 1485 ἐστι
2577 1432 2734 1502 σῶμα
2776 1433 2940 1504 ζωῆς,
2968 1434 3232 1496 ζωοποιόν
3261 1435 3413 1486 ἐστι’
3449 1432 3535 1485 διὰ
3579 1429 3736 1483 τοῦτο
3773 1428 3886 1499 γὰρ

2305 1528 2417 1586 τοῖς
2464 1523 2674 1594 θνητοῖς
2720 1524 2875 1594 ἡμῶν
2921 1523 3166 1592 σώμασιν
3193 1525 3412 1594 ὲνίησιιι
3448 1525 3543 1593 τὴν
3580 1522 3756 1592 ζωὴν,
3807 1522 3887 1583 ὡς

2306 1616 2398 1668 καὶ
2441 1619 2709 1686 καταργεῖ
2753 1616 2846 1668 τοῦ
2901 1614 3133 1668 Θανάτου
3181 1615 3240 1668 τὸ
3289 1615 3508 1684 κράτος.
3542 1615 3798 1667 Ζωοποιεί
3828 1612 3888 1663 δὲ

2306 1708 2454 1778 ἡμᾶς
2486 1707 2628 1760 κατὰ
2654 1708 2746 1759 τὸν
2779 1707 2892 1760 ἴσον
2924 1711 3128 1778 τρόπον
3155 1706 3252 1760 καὶ
3278 1706 3344 1758 τὸ
3368 1706 3523 1774 άγιον
3547 1702 3769 1773 Πνεῦμα
3792 1702 3889 1756 τοῦ

2307 1796 2545 1868 Χριστοῦ
2567 1815 2580 1829 ο
2614 1797 2676 1850 τὸ
2707 1797 2815 1869 γὰρ
2849 1796 3076 1867 Πνεῦμά
3123 1798 3240 1851 ἐστι
3290 1797 3352 1850 τὸ
3403 1794 3719 1862 ζωοποιοῦν,
3749 1793 3897 1846 κατά

625 1880 910 1937 molestum
939 1883 1062 1948 erit,
1097 1899 1164 1939 ne
1191 1884 1373 1940 videar
1410 1901 1509 1956 ego
1533 1887 1680 1941 solus
1704 1890 1982 1958 proprium
2013 1889 2198 1958 appelv

2308 1890 2401 1961 τὴν
2430 1888 2596 1944 αὑτοῦ
2621 1889 2714 1943 τοῦ
2746 1890 2999 1962 Σωτῆρος
3026 1891 3229 1961 φωνήν.
3260 1889 3434 1942 Λυπεῖ
3457 1887 3514 1940 δὲ
3540 1886 3712 1949 οὐδὲν,
3746 1885 3898 1952 ὑπὲρ

624 1971 740 2025 lare
764 1987 962 2042 corpus
993 1971 1178 2042 Verbi,
1209 1974 1373 2029 etiam
1403 1987 1716 2032 sanctorum
1760 1979 1980 2034 Patrum
2007 1981 2204 2036 allerre

623 2063 944 2128 sententias,
979 2072 1040 2116 ut
1065 2063 1243 2117 sciant
1273 2064 1594 2130 adversarii,
1622 2067 1761 2134 quod
1793 2066 1991 2121 frustra
2014 2077 2202 2123 contra

625 2165 724 2205 nos
744 2152 1072 2217 declamant,
1112 2155 1205 2223 qui
1238 2156 1440 2223 ubique
1475 2155 1688 2210 illorum
1710 2171 1872 2212 voces
1894 2158 2199 2226 sequimur.

624 2241 768 2298 Dicit
813 2258 943 2314 ergo
975 2244 1360 2301 celeberrimus
1407 2244 1570 2301 Pater
1609 2259 1795 2302 noster
1826 2258 1881 2302 et
1921 2249 2206 2318 episcOpus

623 2331 954 2387 Athanasius
1018 2332 1068 2384 in
1126 2346 1376 2389 sermone
1417 2335 1486 2389 de
1525 2345 1711 2390 sancta
1744 2335 2009 2391 Trinitate
2050 2354 2063 2390 :
2095 2357 2112 2388 ι
2143 2339 2206 2392 Et.

624 2427 1026 2480 monstrabatur
1045 2465 1060 2491 ,
1092 2428 1236 2496 quod
1289 2441 1393 2479 non
1423 2436 1745 2494 apparenter
1767 2465 1782 2490 ,
1808 2427 1900 2481 sed
1929 2442 2055 2483 vere
2102 2429 2201 2484 ha-

622 2516 803 2570 buerit
820 2531 1033 2585 corpus.
1051 2516 1283 2571 Decebat
1303 2525 1480 2571 autem
1496 2517 1768 2572 Christum
1786 2518 2094 2573 induentem
2115 2522 2206 2574 hu-

624 2619 840 2659 manam
885 2622 1125 2674 carnem,
1157 2609 1296 2663 hanc
1314 2623 1435 2662 cum
1463 2611 1694 2679 propriis
1716 2611 2054 2678 passionibus
2089 2612 2206 2680 ejus

626 2696 774 2752 indui
810 2708 974 2752 totam
1013 2710 1116 2763 ;ut
1141 2702 1281 2756 sicut
1323 2704 1599 2774 proprium
1633 2702 1748 2768 ejus
1804 2703 2033 2756 dicimus
2080 2717 2203 2758 esse

625 2801 822 2856 corpus
840 2831 855 2856 ,
880 2791 949 2844 ita
970 2801 1023 2846 et
1043 2792 1169 2862 ipsae
1194 2797 1474 2864 passiones
1496 2795 1737 2863 corporis
1772 2794 2006 2864 promise
2029 2795 2203 2849 solum

625 2879 1028 2948 ejusdicantur,
1057 2887 1302 2952 quamvis
1333 2903 1440 2942 non
1468 2890 1840 2956 contingerent
1862 2885 1979 2954 eius
2002 2886 2203 2940 divini-

626 2973 930 3027 tatenmEt
953 2974 1146 3030 iterum
1174 2990 1186 3025 :
1216 2977 1339 3032 Haec
1364 2981 1673 3035 necessario
1691 2991 1846 3035 antea
1871 2979 2206 3034 examinavi-

628 3074 768 3128 ωυε,
798 3074 854 3115 ιιι
876 3101 892 3127 9
919 3065 960 3116 si
989 3066 1268 3122 videamus
1295 3069 1466 3136 ipsum
1504 3083 1599 3137 per
1623 3084 1778 3123 suum
1816 3085 2012 3137 corpus
2047 3068 2200 3136 quasi

629 3168 726 3221 per
782 3155 1201 3213 instrumentum
1259 3160 1443 3215 divino
1508 3162 1668 3216 modo
1722 3173 2067 3230 operantem,
2121 3161 2203 3215 vel

2306 1999 2369 2051 γε
2403 1981 2496 2035 τοῦ
2549 1981 2624 2052 μὴ
2667 1981 2843 2035 δοκεῖν
2871 1982 2972 2053 ἐμέ
3005 1999 3062 2035 τε
3097 1982 3193 2035 καὶ
3228 1981 3388 2051 μόνον
3449 1979 3579 2032 ἴδιον
3605 1975 3899 2047 ὀνομάζειν

2305 2071 2367 2124 τὸ
2415 2071 2574 2141 σῶμα
2618 2071 2710 2124 τοῦ
2756 2072 2951 2140 Λόγου,
2983 2073 3079 2124 καὶ
3125 2071 3222 2135 τὰς
3269 2071 3377 2122 τῶν
3410 2069 3582 2138 ἁγίων
3630 2066 3904 2137 Πατέρων

2310 2159 2633 2231 παραθεῖναι
2658 2161 2906 2231 χρήσεις,
2949 2161 3016 2214 ἵν’
3046 2161 3205 2213 ἴδοιεν
3234 2160 3283 2212 οἱ
3316 2159 3382 2211 δι’
3411 2159 3658 2220 ἐναντίας
3682 2157 3756 2219 ὡς
3788 2156 3900 2226 μά-

2307 2270 2407 2322 την
2457 2251 2614 2322 ἡμῶν
2672 2253 3190 2324 κατακεκράγασιν,
3231 2250 3561 2321 ὲπομένωνο
3613 2245 3899 2316 πανταχοῦ

2308 2345 2427 2407 ταῖς
2449 2345 2673 2397 ἐκείνων
2697 2342 3076 2414 φωναῖς.Ἔφη
3098 2342 3276 2396 τοίνυν
3296 2344 3323 2396 6
3351 2342 3706 2411 πανεύφημος
3732 2339 3900 2409 ἡμῶν

2307 2434 2517 2506 Πατὴρ,
2554 2435 2648 2488 καὶ
2692 2434 2989 2499 ἐπίσκοπος
3022 2434 3339 2497 Ἀθανάσιος
3386 2435 3442 2486 ὲν
3494 2432 3571 2499 τῷ
3620 2431 3748 2500 περὶ
3792 2431 3902 2499 τῆς

2307 2525 2531 2597 Τριάδος
2556 2526 2729 2597 λόγῳ·
2767 2545 2786 2578 ι
2809 2528 2918 2580 Καὶ⁵
2934 2527 3204 2580 ἐδείκνυτο
3229 2527 3310 2578 ὅτι
3344 2526 3418 2596 μὴ
3439 2523 3731 2592 φαντασίᾳ,
3756 2521 3903 2573 ἀλλὰ

2305 2617 2521 2686 ἀληθῶς
2554 2617 2693 2685 ἔχων
2742 2613 2809 2686 ἦν
2855 2616 3298 2684 σῶμα.¹¹Επρεπε
3355 2613 3464 2682 γάρ
3501 2613 3642 2664 τὸνν
3687 2611 3904 2676 Κύριον

2307 2695 2744 2771 ἐνδιδυσκόμενον
2772 2702 3117 2772 ἀνθρωπίνην
3151 2702 3350 2772 σάρκα,
3377 2701 3581 2771 ταύτην
3621 2700 3760 2771 μετά
3786 2701 3905 2754 τῶν

2311 2795 2455 2847 ἰδίων
2487 2794 2673 2847 παθῶν
2701 2795 2870 2863 αὐτῆς
2900 2794 3027 2865 ὅλην
3061 2794 3408 2848 ἐνδύσασθαι·
3442 2795 3510 2847 ἶν’
3543 2793 3731 2863 ὥσπερ
3761 2793 3906 2846 ἴδιον

2307 2885 2471 2938 αὐτοῦ
2508 2885 2736 2954 λέγομεν
2767 2880 2906 2940 εἶναι
2936 2886 2997 2939 τὸ
3025 2886 3204 2956 σῶμα,
3237 2886 3381 2939 οὕτω
3412 2887 3505 2940 καὶ
3551 2887 3619 2939 τά
3648 2885 3740 2938 τοῦ
3789 2885 3907 2938 σώ-

2313 2992 2481 3045 ματος
2528 2975 2673 3045 πάθη
2725 2975 2829 3028 ἴδια
2881 2975 3040 3045 μόνον
3090 2974 3256 3027 αὑτοῦ
3309 2975 3559 3045 λέγηται,
3592 2977 3640 3027 εί
3674 2973 3767 3026 καὶ
3821 2974 3909 3044 μὴ

2307 3068 2509 3138 ἥπτετο
2525 3068 2663 3121 κατά
2679 3069 2774 3140 τὴν
2791 3069 3018 3138 θεότητα
3048 3067 3232 3119 αὐτοῦ.
3259 3085 3276 3117 ι
3302 3066 3415 3118 Καὶ
3440 3066 3602 3118 πάλιν
3623 3082 3634 3096 ·
3667 3083 3684 3116 ι
3708 3065 3911 3120 Ταῦτα

2309 3161 2622 3228 ἀναγκαίως
2667 3160 3118 3231 προεξητάσαμεν
3134 3169 3181 3219 ς,
3231 3159 3319 3211 ἵνα
3356 3159 3450 3210 ἐὰν
3485 3158 3682 3226 ἴδωμεν
3729 3156 3910 3209 αὑτὸν

629 3241 896 3298 dicentem
923 3284 937 3310 ,
973 3261 1360 3315 cognoscamus
1415 3252 1554 3319 quod
1593 3252 1735 3306 Dens
1779 3253 2049 3307 exsistens
2094 3257 2203 3308 hac

2308 3250 2382 3312 ὡς
2409 3251 2474 3302 δι’
2500 3250 2729 3320 ὀργάνου
2762 3248 2856 3303 τοῦ
2891 3249 3017 3301 ἰδίου
3053 3246 3302 3317 σώματος
3339 3246 3535 3310 θεῖκῶς
3563 3245 3907 3317 πράττοντα,

629 3344 904 3401 operetur.
960 3339 1027 3393 Et
1059 3340 1171 3394 hrec
1203 3341 1394 3396 beatus
1437 3342 1599 3397 Pater
1637 3352 1823 3398 noster
1854 3343 2206 3397 Athanasius.

629 3425 1017 3486 Verumtamen
1051 3435 1299 3502 quamvis
1332 3437 1608 3504 proprium
1640 3435 1852 3490 dicatur
1884 3435 2043 3491 Verbi
2090 3451 2211 3491 cor-

629 3536 750 3591 pus,
807 3533 888 3578 est
937 3533 1116 3579 tamen
1167 3541 1229 3580 ex
1273 3526 1500 3581 muliere
1546 3536 1599 3581 et
1643 3528 1842 3581 nostris
1893 3535 2205 3596 cognatum,

631 3614 925 3668 secundum
984 3617 1127 3682 quod
1180 3632 1307 3670 caro
1385 3617 1725 3686 intelligitur.
1801 3618 1940 3672 Dicit
1988 3619 2206 3688 quidem

628 3702 820 3760 beatus
866 3705 1101 3761 Paulus:
1146 3725 1165 3759 ι
1193 3696 1414 3762 Primus
1445 3709 1605 3764 homo
1642 3723 1708 3763 ex
1750 3719 1891 3764 terra
1937 3721 2206 3774 terrenus,

629 3798 896 3851 secundus
934 3814 962 3851 e
988 3799 1128 3854 coelo
1160 3800 1226 3852 ".
1291 3819 1308 3851 ι
1371 3801 1443 3854 Et.
1495 3803 1607 3869 ipse
1653 3801 1903 3856 Christus
1937 3819 1950 3855 :
1989 3821 2006 3853 ι
2038 3799 2208 3855 Nemo

629 3889 870 3940 ascendit
895 3889 944 3940 iu
973 3889 1190 3950 cmlum,
1222 3890 1430 3958 inquit,
1462 3890 1564 3944 nisi
1590 3893 1678 3958 qui
1711 3891 1774 3943 de
1798 3891 1936 3944 ccelo
1977 3890 2208 3943 descen-

628 3980 706 4032 dit
730 3978 898 4032 Filius
928 3979 1162 4032 hominis
1189 3981 1254 4033 ⁸⁸.
1312 3998 1330 4029 ι
1370 3980 1475 4032 Sed
1511 3990 1687 4032 tamen
1718 3981 2036 4041 asserimus,
2065 3979 2207 4046 quod

628 4084 734 4123 non
753 4085 817 4123 ex
837 4071 974 4124 caelo
996 4086 1191 4138 corpus
1216 4072 1424 4124 unitum
1444 4072 1543 4125 sibi
1569 4071 1816 4126 deferens
1839 4072 2069 4126 Verbum
2095 4073 2209 4125 haec

629 4162 808 4227 dicat;
857 4176 1041 4214 verum
1086 4177 1207 4214 cum
1258 4162 1543 4216 desursum
1580 4161 1850 4217 exsistens
1899 4162 2070 4231 ipsttm
2103 4174 2210 4216 ete

625 4255 787 4319 caelo,
817 4269 1016 4322 corpus
1040 4255 1312 4323 proprium
1337 4253 1524 4308 fecerit
1546 4255 1619 4309 ita
1644 4255 1744 4310 sibi
1774 4256 2003 4321 unitum,
2030 4264 2089 4309 ut
2111 4235 2210 4309 nec

627 4343 729 4398 dici
765 4358 863 4398 nec
894 4345 1114 4412 intelligi
1159 4344 1352 4407 valeat,
1377 4346 1510 4398 citra
1537 4347 1944 4400 conversionem
1965 4346 2214 4400 etconfu-

625 4434 830 4487 sionem
863 4450 876 4495 ;
909 4433 1012 4485 hac
1039 4434 1246 4485 ratione
1271 4432 1338 4485 de
1368 4431 1504 4485 caalo
1536 4431 1668 4484 dicit
1694 4446 1750 4484 se
1781 4430 1966 4494 etiam,
1991 4431 2210 4500 quando

627 4524 826 4576 factum
884 4533 965 4576 est
1024 4523 1192 4577 Filius
1254 4523 1512 4579 hominis.
1571 4520 1808 4574 Proinde
1873 4537 1995 4575 cum
2061 4531 2205 4575 recte

625 4612 818 4665 habeat
851 4627 1030 4666 sermo
1058 4622 1261 4677 noster,
1301 4621 1354 4666 et
1385 4613 1805 4681 reprehensione
1837 4620 2012 4675 vacet,
2042 4625 2203 4678 quam

624 4705 789 4773 igitur
851 4720 962 4760 sua:
1010 4706 1272 4760 adversus
1335 4720 1433 4759 nos
1483 4704 1788 4759 dicacitatis
1858 4705 2202 4758 occasionem

625 4796 934 4850 obtrectare
964 4799 1120 4851 nobis
1153 4797 1399 4850 volentes
1443 4796 1737 4862 habebunt;
1773 4797 1817 4850 si
1845 4795 2201 4864 quorumdam

623 4887 978 4952 blasphemiis
1004 4890 1494 4942 anathematismus
1531 4901 1835 4957 repugnans
1862 4926 1875 4949 ,
1920 4886 2203 4940 mendacio

623 4975 909 5030 veritatem
943 4980 1224 5044 opponat?
1281 4979 1484 5044 Opinor
1534 4991 1712 5032 autem
1749 4992 1831 5032 me
1873 4995 1898 5030 ιι
1929 4989 2071 5032 recta
2119 4981 2202 5032 via

625 5068 772 5122 nullo
800 5068 958 5123 modo
983 5068 1272 5130 excidisse,
1301 5070 1442 5135 quod
1464 5068 1734 5122 Christum
1765 5071 1872 5124 dixi
1897 5086 2058 5139 supra
2086 5087 2202 5124 nos.

531 5204 537 5211 .
624 5157 759 5213 Nam
786 5161 909 5216 licet
945 5160 1175 5215 Verbum
1212 5159 1304 5214 Dei
1343 5159 1543 5211 factum
1579 5161 1644 5213 sit
1679 5163 1837 5213 homo
1871 5180 1883 5226 ;
1916 5175 1998 5217 cst
2026 5173 2202 5214 tamen

630 5252 790 5307 etiam
847 5255 924 5308 sic
976 5269 1079 5307 non
1125 5267 1284 5321 supra
1343 5267 1440 5306 nos
1493 5250 1740 5306 homines
1806 5260 2050 5314 tantum,
2108 5255 2203 5305 sed

697 5434 742 5463 ⁸⁸
771 5430 925 5489 Joan.
965 5435 1137 5498 \‘t,63.
1221 5423 1318 5486 δ”Ι
1357 5436 1482 5492 Cor.
1519 5448 1606 5499 xv,
1648 5431 1738 5487 47.

1819 5429 1860 5459 "'
1893 5427 2042 5481 Joan.
2085 5445 2164 5490 ιιι,
2197 5428 2276 5480 15.

2314 3341 2345 3409 ἢ
2382 3339 2628 3408 λέγοντα,
2663 3339 3019 3408 γινώσκωμεν
3051 3339 3133 3391 ὅτι
3167 3338 3298 3402 Θεὸς
3326 3337 3403 3391 ὣν
3445 3337 3619 3390 ταῦτα
3658 3337 3911 3406 ἐργάζεο

2312 3447 2422 3484 ται.
2457 3449 2474 3482 ι
2510 3433 2618 3483 Καὶ
2648 3430 2823 3484 ταῦτα
2853 3430 2950 3499 μὲν
2980 3431 3008 3481 6
3034 3429 3303 3500 μακάριος
3332 3430 3525 3501 Πατὴρ
3552 3428 3707 3499 ἡμῶν
3739 3429 3916 3481 Ἄϐας

2311 3522 2515 3584 νὰσιος.
2559 3522 2724 3591 Πλὴν,
2758 3521 2860 3574 κᾶν
2888 3522 3015 3573 ίδιον
3045 3520 3269 3589 λέγηται
3299 3519 3396 3570 τοῦ
3428 3521 3601 3586 Λόγου
3626 3519 3686 3571 τὸ
3711 3520 3912 3589 σῶμα,

2313 3613 2426 3665 ἀλλ’
2457 3607 2549 3665 οὖν
2579 3614 2725 3664 ἐστιν
2756 3613 2820 3663 ἐκ
2843 3613 3122 3679 γυναικὸς,
3156 3612 3252 3662 καὶ
3289 3613 3402 3672 τοῖς
3441 3611 3729 3680 ἡμετέροις
3763 3627 3877 3678 συγ

2311 3706 2485 3774 γενὲς,
2518 3704 2652 3758 καθὸ
2686 3707 2886 3756 νοεῖται
2919 3703 3074 3775 σάρξ.
3109 3703 3217 3754 Καὶ
3246 3703 3272 3755 6
3302 3702 3401 3771 μὲν
3443 3703 3714 3772 μακάριος
3753 3702 3916 3754 no.6-

2311 3797 2400 3858 λος
2421 3813 2433 3826 ·
2465 3816 2481 3848 ι
2504 3797 2562 3850 '0
2588 3797 2802 3865 πρῶτος
2836 3795 3139 3868 ἄνθρωπος,
3171 3796 3324 3866 φησὶ,
3354 3794 3561 3865 χοϊκός·
3591 3797 3617 3847 6
3645 3795 3918 3859 δεύτερος

2311 3886 2369 3950 ἐξ
2416 3885 2667 3954 οὐρανοῦ.
2699 3904 2716 3936 ι
2753 3885 2922 3948 Αὐτὸς
2950 3885 3006 3938 δὲ
3049 3887 3076 3937 6
3106 3885 3339 3955 Χριστός
3361 3900 3374 3914 ⁶
3410 3901 3428 3933 ι
3459 3883 3650 3944 Οὐδεὶς
3697 3885 3879 3939 ἀναϐέ

2311 3974 2478 4042 6ηκεν
2508 3975 2585 4037 εἰς
2614 3975 2704 4026 τὸν
2729 3974 2976 4045 οὐρανὸν,
3002 3974 3184 4043 φησιν,
3214 3975 3261 4026 εξ
3299 3972 3372 4043 μὴ
3402 3975 3430 4024 6
3459 3973 3521 4024 ἐκ
3548 3971 3639 4023 τοῦ
3665 3973 3914 4041 οὐρανοξ

2310 4065 2554 4127 καταϐὰς
2585 4065 2710 4127 Υἱὸς
2745 4065 2839 4117 τοῦ
2883 4064 3190 4136 ἀνθρώπου.
3225 4086 3243 4118 ›
3279 4065 3463 4136 Φαμὲν
3491 4063 3547 4117 δὲ
3575 4065 3655 4116 ὅτι
3694 4066 3798 4118 οὐκ
3849 4068 3920 4134 ἐξ

2308 4156 2540 4227 οὐρανοῦ
2567 4157 2628 4208 τὸ
2663 4156 2824 4228 σῶμα
2851 4155 2909 4209 τὸ
2948 4157 3146 4209 ἐνωθὲν
3182 4157 3331 4227 αὑτῷ
3365 4154 3708 4223 κατενεγκὼν
3743 4156 3774 4207 6
3801 4160 3918 4212 A6-

2310 4265 2425 4316 γος,
2457 4249 2633 4301 τοιάδε
2679 4248 2874 4317 φησίν·
2923 4247 3111 4316 ἐπειδὴ
3159 4247 3214 4300 δὲ
3261 4247 3467 4302 ἀνωθεν
3499 4245 3575 4299 ὢν
3610 4245 3776 4308 αὐτὸς
3809 4251 3917 4302 καὶ

2311 4339 2369 4402 ἐξ
2420 4338 2668 4408 οὐρανοῦ,
2721 4339 2849 4390 ἴδιον
2900 4339 3194 4406 ἐποιήσατο
3225 4338 3284 4389 τὸ
3313 4337 3512 4391 ἐνωθὲν
3556 4334 3704 4404 αὐτῴ
3735 4337 3918 4405 σῶμα

2314 4428 2606 4498 ἀφράστως
2650 4446 2731 4491 τε,
2785 4429 2877 4481 καὶ
2925 4430 3320 4499 ἀπερινοήτως,
3357 4430 3640 4500 ἀτρέπτοις
3685 4444 3772 4494 τε,
3809 4431 3919 4483 καὶ

2314 4521 2651 4590 ἀσυγχύτως,
2701 4520 2959 4590 ταύτητοι
2994 4521 3086 4574 καὶ
3129 4519 3186 4585 ἐξ
3219 4519 3447 4588 οὐρανοῦ
3487 4537 3648 4589 φησιν
3680 4519 3918 4585 ἑαυτὸν,

2315 4611 2408 4663 καὶ
2453 4612 2539 4663 ὅτε
2585 4611 2808 4678 γέγονεν
2840 4611 2966 4673 Υἱὸς
3014 4610 3548 4682 ἁνθρώπου.’οροὡς
3604 4612 3920 4681 τοιγαροῦν

2315 4703 2405 4754 καὶ
2428 4703 2744 4772 ἀμωμήτως
2783 4701 2994 4771 ἔχοντος
3025 4705 3153 4772 ἡμῖν
3185 4702 3278 4755 τοῦ
3309 4701 3486 4768 λόγου,
3514 4703 3640 4755 ποία
3674 4719 3759 4764 τις
3795 4701 3925 4772 ἄρα

2313 4792 2423 4852 τοῖς
2473 4792 2784 4860 φιλοψογεῖν
2849 4791 3124 4844 ἐθέλουσιν
3191 4792 3566 4862 εὐρεσιλογίας
3613 4797 3711 4864 τῆς
3769 4797 3925 4849 καθ’

2316 4881 2526 4949 ήμῶνὴ
2558 4884 2848 4951 πρόφασις,
2877 4886 2922 4934 εἰ
2954 4885 3185 4953 μάχεται
3220 4887 3339 4945 ταῖς
3377 4901 3534 4936 τινων
3560 4886 3924 4956 δυσφημίαις

2314 4972 2340 5021 6
2369 4969 2832 5039 ἀναθεματισμὸς,
2864 4972 2941 5040 τῷ
2981 4971 3165 5038 ψεύδει
3202 4972 3262 5021 τὸ
3295 4969 3492 5038 ἀληθὲς
3539 4972 3872 5040 άντεξᾰγων
3903 4993 3919 5039 ;

2313 5062 2480 5135 Οἶμαι
2515 5067 2572 5118 δὲ
2605 5065 2780 5132 ἔγωγε
2807 5065 2923 5115 κατ’
2949 5063 3138 5116 οὐδένα
3167 5061 3368 5131 τρόπον
3398 5061 3923 5130 ἡμαρτηκέναι“τοῦ

2315 5158 2640 5227 πρέποντος,
2664 5155 2962 5225 εἰιΧριστὸν
2983 5155 3119 5224 ἔφην
3147 5152 3287 5221 ὑπὲρ
3309 5153 3456 5220 ἡμᾶς
3500 5152 3686 5222 Εξγάρ
3707 5157 3808 5207 καὶ
3831 5160 3925 5222 γέ-

2316 5269 2468 5319 γονεν
2491 5252 2774 5322 ἄνθρωπος
2793 5253 2819 5301 ὁ
2836 5250 2929 5300 τοῦ
2959 5247 3094 5298 Θεοῦ
3108 5245 3298 5314 Λόγος,
3325 5245 3436 5297 ἀλλ’
3465 5245 3577 5298 ἔστι
3602 5250 3700 5302 καὶ
3724 5250 3917 5312 οὕτως

1703 5616 1876 5669 Varirc
1905 5613 2160 5666 lectiones
2193 5625 2256 5662 ex
2292 5609 2473 5661 codice
2511 5607 2879 5674 Segnieriano.

1576 5807 1601 5835 υ
1632 5797 1890 5867 ἐντίθησι.

710 5803 727 5846 3
757 5805 1137 5856 πιστευόντων.
1218 5808 1254 5836 m
1277 5799 1311 5852 ἃ
1342 5798 1493 5868 μόνῃ.

1970 5797 1989 5819 ⁸
2027 5797 2409 5867 ἐπιμενόντων.

2491 5803 2517 5842 ι’
2548 5791 2606 5844 δὲ.
2633 5789 2736 5845 τόν.
2815 5799 2841 5840 ς
2874 5790 3346 5862 προεζητήσαμεν.
