4042 6490
144 400 228 451 377

738 390 1269 451 APOLOGETICUS
1306 388 1448 443 PRO
1488 387 1576 442 XII
1619 387 1979 443 CAPITIBUS
2018 386 2289 444 CONTRA
2329 384 2782 443 ORIENTALES.

3280 383 3383 438 378

143 516 387 585 οὐχὺπέρ
412 531 476 581 γε
512 514 709 585 μόνους
741 517 907 585 ἡμᾶς,
940 515 1073 568 ἀλλὰ
1102 514 1194 565 καὶ
1227 512 1355 583 ὑπὲρ
1404 512 1581 563 πᾶσαν
1615 509 1721 580 τὴν

1843 512 1978 564 ttiam
2025 527 2186 578 supra
2237 524 2451 563 omnem
2484 522 2807 563 creaturam.
2878 502 2990 557 Non
3022 501 3163 555 enim
3203 500 3375 555 solum

146 608 299 657 κτίσιν
324 621 338 634 ·
360 607 425 658 ού
444 608 554 675 γὰρ
577 605 737 666 μόνον
760 606 1041 676 ἄνθρωπος
1062 606 1265 656 νοεῖται
1291 604 1384 665 καὶ
1403 601 1521 654 καθ’
1542 602 1711 671 ἡμᾶς,

145 696 241 746 ἀλλ’
269 698 299 748 6
330 696 498 759 αὐτὸς
524 696 686 749 πάλιν
713 696 845 759 Θεὸς
877 695 1103 761 ἄνωθεν,
1138 696 1231 747 καὶ
1265 694 1325 758 ἐξ
1350 692 1602 763 οὐρανοῦ.

565 805 1152 859 ΑΝΑΘΕΜᾹΤΙΣΜΟΣ
1192 806 1291 857 lB’.

202 918 266 970 Εἴ
292 936 385 981 τις
420 919 519 988 ούχ
561 920 814 988 ὁμολογεί
846 919 934 971 τὸν
966 916 1057 970 τοῦ
1104 916 1237 969 Θεοῦ
1271 916 1442 983 Λόγον
1476 912 1717 966 παθόντα

149 1009 327 1078 σαρκὶ,
359 1010 458 1061 καὶ
503 1007 913 1078 ἐσταυρωμένον
966 1009 1150 1077 σαρκὶ,
1181 1008 1276 1060 καὶ
1326 1006 1557 1059 θανάτου
1590 1022 1718 1072 γευ-

147 1100 379 1169 σάμενον
419 1101 603 1169 σαρκὶ,
637 1101 895 1169 γεγονότα
929 1117 988 1152 τε
1026 1100 1371 1171 πρωτότοκον
1398 1100 1461 1151 ὲκ
1489 1098 1715 1167 νεκρῶν,

146 1191 261 1244 καθὲ
326 1192 441 1261 ζωή
499 1192 634 1254 ἐστι,
673 1192 767 1243 καὶ
809 1190 1090 1253 ζωοποιὸς,
1134 1189 1211 1252 ὡς
1257 1187 1420 1249 Θεός·
1475 1185 1719 1256 ἀνάθεμα

144 1283 291 1335 ἔστω.

454 1394 823 1463 Ἀντίρῤησις
864 1393 980 1447 τῶν
1016 1394 1416 1449 ἀνατολικῶν.

205 1506 383 1561 Πάλιν
417 1505 650 1559 ἐνταῦθα
679 1506 787 1560 τῶν
815 1506 975 1560 αύτοῦ
1002 1508 1174 1575 λόγων
1207 1506 1369 1559 αὐτὸν
1412 1504 1723 1575 ὑπομιμνή-

147 1615 369 1669 σκομεν,
399 1600 476 1662 ὼς
525 1603 700 1669 πάντη
745 1601 933 1671 ἀπαθῆ
980 1602 1077 1672 τὴν
1122 1600 1273 1654 θείαν
1303 1599 1463 1669 φύσιν
1492 1598 1637 1667 λέγει
1666 1599 1725 1651 ὲν

142 1689 213 1759 τῷ
238 1690 451 1763 πρώτῳ
480 1694 630 1760 τόμῳ
658 1693 883 1759 φάσκων
931 1692 1104 1755 οὕτως
1124 1709 1139 1724 ·
1191 1687 1284 1754 Εἷς
1321 1686 1411 1745 οὖν
1448 1693 1477 1745 6
1510 1690 1724 1743 πάντων

145 1783 441 1853 ἀξιώτερος
464 1783 561 1853 τὴν
589 1782 722 1835 ἰδίαν
746 1782 886 1851 ὑπὲρ
915 1786 1132 1837 πάντων
1160 1783 1371 1836 τέθεικε
1394 1782 1571 1853 ψυχήν
1597 1798 1608 1809 ·
1633 1781 1724 1834 καὶ

147 1875 423 1939 συγχωρεῖ
471 1872 831 1940 οἰκονομικῶς
878 1871 1340 1936 καταϐιϐάζεσθαι
1383 1871 1517 1942 πρὸς
1554 1869 1724 1939 βραχὺ

143 1962 214 2028 τῷ
258 1962 485 2031 Θανάτῳ
528 1962 625 2033 τὴν
678 1963 886 2032 σάρκα·
934 1964 1251 2034 κατήργηκε
1284 1963 1340 2015 δὲ
1376 1961 1536 2014 πάλιν
1567 1960 1728 2013 αὐτὸν

142 2054 211 2117 ὡς
229 2056 370 2125 ζωὴ,
394 2054 585 2106 παθεῖν
603 2055 702 2106 οὐκ
721 2057 1086 2125 ἀνασχόμενος
1116 2056 1176 2107 τὸ
1194 2054 1344 2124 παρὰ
1388 2053 1547 2122 φύσιν
1573 2053 1727 2106 ἰδίαν.

145 2144 406 2212 Εἴπωμεν
455 2140 548 2195 οὖν
598 2143 745 2213 αὐτῷ
777 2143 1231 2213 ἑναντιολογοῦντι
1251 2163 1263 2173 ·
1308 2143 1432 2207 Πῶς
1458 2139 1550 2196 οὖν
1580 2145 1608 2198 6
1631 2144 1731 2213 τὴν

145 2238 326 2306 σάρκα
362 2237 663 2305 συγχωρῶν
698 2238 833 2308 πρὸς
879 2237 1050 2309 βραχὺ
1084 2239 1159 2309 τῷ
1191 2238 1403 2307 θανάτῳ
1436 2236 1733 2291 καταϐιϐά-

143 2323 351 2387 ζεσθαι,
383 2326 481 2377 καὶ
526 2325 821 2395 καταργιῖιν
844 2327 933 2379 τὸν
964 2327 1191 2381 θάνατον
1220 2329 1293 2389 ὡς
1324 2327 1457 2397 ζωὴ,
1491 2328 1587 2380 οὐκ
1634 2328 1731 2380 ἀν-

143 2418 401 2485 εχόμενος
453 2412 646 2469 παθεῖν
689 2418 751 2470 τὸ
783 2417 933 2488 παρὰ
977 2420 1135 2485 φύσιν
1178 2420 1332 2482 ιδὶαν,
1366 2418 1459 2471 νῦν
1498 2419 1639 2471 κατὰ
1674 2420 1732 2472 σὲ

144 2508 346 2575 πάσχει
374 2507 463 2560 διὰ
491 2508 591 2577 τῆς
619 2510 821 2578 σαρκός
848 2528 861 2575 ;
906 2510 1046 2562 Ἀλλ’
1072 2512 1172 2563 οὐκ
1202 2510 1413 2562 ἔπαθεν.
1434 2513 1461 2564 6
1495 2511 1625 2573 Θεὸς
1663 2512 1729 2581 τῇ

145 2601 310 2664 σαρκὶ
369 2600 737 2666 συνημμένος,
786 2598 959 2669 ἁλλ’ή
1014 2600 1149 2669 σὰρξ
1202 2601 1452 2669 ἡνωμένη
1498 2601 1575 2670 τῷ
1616 2601 1734 2671 Θεῷ

142 2684 304 2753 Λόγῳ
340 2686 485 2736 κατὰ
512 2686 609 2756 τὴν
634 2686 801 2740 αὐτοῦ
829 2688 1177 2761 συγχώρησιν
1206 2690 1274 2743 τὰ
1304 2692 1479 2744 οἰκεῖα
1509 2691 1736 2762 ὑπέμει-

142 2790 252 2825 νεν.
283 2773 364 2825 Ού
412 2774 523 2843 γὰρ
573 2776 647 2843 μὴ
684 2776 851 2828 αὐτοῦ
891 2779 1322 2850 συγχωροῦντος,
1354 2782 1544 2845 πάθος,
1580 2783 1613 2853 ἢ
1644 2782 1736 2837 θά-

143 2882 307 2927 νατος
340 2865 651 2932 ἐπεγένετο.
690 2868 752 2919 Εἰ
784 2869 892 2939 γὰρ
918 2868 1095 2939 ψυχῆς
1128 2873 1409 2944 παρούσης
1437 2875 1536 2927 οὐκ
1559 2877 1737 2943 ἐπιγί-

143 2972 297 3008 νεται
333 2956 589 3021 θάνατος,
625 2956 742 3019 πῶς
770 2956 835 3010 ἂν
860 2957 997 3011 Θεοῦ
1038 2962 1322 3029 παρόντος,
1356 2965 1449 3017 καὶ
1479 2966 1538 3018 ού
1575 2966 1735 3035 μόνον

147 3051 421 3117 adporto;
454 3047 664 3113 ἁπλῶς,
694 3048 831 3102 ἀλλὰ
873 3049 970 3102 καὶ
1015 3052 1359 3121 συνημμένου
1407 3056 1527 3106 κατ’
1559 3056 1735 3124 ἄκραν

142 3139 270 3190 τινὰ
320 3140 540 3202 ἕνωσιν,
568 3139 663 3191 καὶ
706 3140 855 3210 αὐτῷ
905 3141 1049 3211 μόνῳ
1095 3143 1468 3213 καταληπτὴν,
1506 3145 1734 3215 ἠνώχλει

144 3228 224 3295 τῷ
253 3228 448 3297 οἰκείῳ
472 3229 614 3295 ναῷ,
656 3230 730 3299 μὴ
758 3232 1162 3301 συγχωροῦντος
1187 3233 1372 3295 αὑτοῦ,
1417 3234 1457 3304 ἢ
1480 3237 1669 3299 παθος,
1705 3238 1736 3310 ἢ

150 3320 428 3380 θάνατος;
476 3318 637 3371 Ἀλλὰ
670 3320 779 3391 γὰρ
818 3322 915 3392 οὐχ
949 3325 980 3393 ἡ
1014 3324 1213 3395 Θεότης
1243 3327 1309 3394 τῇ
1341 3328 1505 3397 σαρκὶ
1542 3345 1741 3399 συνημ-

155 3412 290 3481 μένη
348 3410 590 3493 ἕπαθενξ
622 3412 798 3481 ἀλλ’ἢ
848 3414 981 3484 σὰρξ
1025 3417 1409 3489 συγχωρούσης
1459 3420 1627 3490 αὐτῆς
1672 3423 1740 3476 τὰ

150 3507 330 3558 οἰκεῖα
374 3504 692 3573 ὑπέμεινεν.
741 3504 879 3556 Ἀλλ’
910 3507 988 3559 ὅτι
1022 3511 1345 3581 κακούργως
1384 3513 1531 3585 αὐτῷ
1564 3518 1740 3569 κεῖται

152 3597 213 3649 τὸ
260 3596 480 3649 Ἔπαθε
513 3595 695 3665 σαρκὶ,
723 3598 858 3666 πρὸς
906 3599 1153 3671 πλάνηνι·
1202 3602 1312 3656 τῶν
1346 3604 1741 3677 άφελεστέρων,

154 3690 431 3761 πρόδηλον
470 3688 723 3742 αὐτόθεν·
762 3691 823 3742 οὑ
875 3691 984 3762 γὰρ
1034 3695 1267 3761 ἐφύλαξε
1314 3698 1375 3750 τὸ
1419 3699 1626 3763 ἀπαθὲς
1676 3706 1741 3774 τῇ

155 3783 279 3855 θείᾳ
333 3783 518 3851 φύσει.
570 3782 626 3834 '0
657 3781 852 3850 εἰπὼν,
900 3786 1111 3839 Ἔπαθε
1160 3791 1345 3859 σαρκὶ,
1387 3789 1536 3842 οὐδὲν
1561 3790 1745 3860 ἕτερον

154 3876 284 3947 ἔφη,
319 3875 355 3945 ἦ
395 3874 537 3943 μετὰ
585 3873 787 3942 σαρκὸς
813 3876 1023 3929 παθεῖν.
1054 3877 1172 3929 Κᾶν
1202 3877 1295 3933 οὗν
1323 3881 1460 3948 μετὰ
1490 3884 1586 3950 τῆς
1618 3901 1745 3951 σαρ-

155 3967 251 4030 κὸς
276 3966 476 4027 ἔπαθε,
506 3961 747 4032 παθητὸς
780 3964 1225 4037 ὡμολόγηται.“ῐί
1261 3973 1370 4042 γὰρ
1420 3973 1560 4025 κατὰ
1588 3972 1747 4042 φύσιν

156 4060 297 4129 ἔχων
328 4059 391 4112 τὸ
419 4055 615 4144 παθεῖν
639 4066 685 4120 ³,
722 4055 943 4124 ἔπαθεν,
976 4062 1007 4130 ἦ
1039 4061 1187 4131 παρὰ
1215 4061 1395 4128 φύσιν.
1433 4066 1540 4117 Καὶ
1568 4068 1614 4117 εἰ
1649 4067 1746 4137 μὲν

158 4150 302 4203 κατὰ
358 4146 524 4217 φύσιν
572 4146 795 4211 ἔπαθεν,
828 4149 979 4203 ἔσται
1029 4154 1119 4204 καὶ
1166 4152 1194 4203 6
1243 4152 1431 4223 Πατὴρ
1485 4157 1745 4224 παθητὸς,

156 4239 451 4309 όμοούσιος
484 4234 558 4286 ὢν
593 4235 669 4305 τῷ
704 4237 850 4307 Υἱῷο
883 4241 1092 4309 ἀνάγκη
1142 4240 1249 4310 γὰρ
1299 4246 1579 4311 προσεῖναι
1611 4248 1747 4298 πάν-

157 4348 265 4392 τως
311 4328 393 4396 τῷ
448 4328 821 4396 γεγεννηκότι,
858 4330 955 4382 ὅσα
989 4330 1064 4399 τῷ
1095 4329 1404 4398 γεννηθέντι
1435 4334 1743 4403 πρόσεστιν.

163 4423 227 4475 ‘II
277 4416 658 4491 ὁμολογοῦμεν
693 4418 852 4472 αὐτὸν
905 4422 1002 4489 μὲν
1052 4419 1397 4485 πεπονθέναι,
1430 4425 1748 4493 ἐπιτηδείως

1819 603 1978 657 Ιιοιιιο
2004 601 2322 670 intelligitur
2342 638 2358 663 ,
2385 609 2439 655 et
2468 601 2605 654 sicut
2637 611 2736 650 nos
2767 613 2782 662 ;
2810 595 2905 650 sed
2947 594 3083 648 idem
3111 593 3222 661 ipse
3266 605 3383 644 rur-

1818 709 1913 748 sus
1937 693 2079 753 Deus
2108 694 2415 756 desursum,
2447 701 2503 746 et
2539 690 2605 746 de
2637 688 2799 745 coelo.

2100 824 2257 895 195
2286 816 2922 877 ANATH‘EMATISMUS
2955 814 3068 870 XII.

1892 932 1946 987 Si
1974 933 2095 1003 quis
2132 948 2234 987 non
2260 932 2553 987 confitetur
2582 930 2674 987 Dei
2710 927 2945 983 Verbum
2983 940 3143 978 carne
3172 936 3387 992 passum

1821 1036 1874 1080 et
1915 1025 2229 1079 crucifixum
2264 1040 2419 1090 esse,
2447 1032 2782 1091 mortemque
2830 1033 2992 1073 carne
3027 1026 3273 1088 gustasse
3308 1014 3389 1077 ",

1822 1130 1923 1169 nec
1959 1130 2060 1169 non
2093 1116 2508 1185 primogenitum
2545 1128 2608 1168 ex
2652 1112 2877 1165 mortuis
2911 1110 3107 1163 factum
3144 1122 3265 1163 esse
3293 1105 3338 1137 ⁸⁸
3372 1143 3387 1167 .

1822 1216 2086 1275 quatenus
2129 1207 2380 1261 nimirum
2414 1217 2471 1261 ut
2504 1207 2644 1262 Deus
2678 1204 2784 1258 vita
2832 1213 2887 1259 et
2921 1201 3205 1257 viviﬁcans
3260 1207 3343 1257 est
3376 1216 3391 1251 :

1823 1296 2108 1350 anathema
2142 1295 2232 1350 sit.
2849 1350 2873 1388 ο

2272 1401 2620 1457 Orientalium
2670 1401 2950 1470 oppositio.

1896 1516 2091 1571 lterum
2118 1516 2204 1570 hic
2232 1530 2355 1570 eum
2392 1512 2910 1569 eommonel’acimus
2940 1522 3249 1565 sermonum
3279 1520 3400 1561 suo-

1829 1621 1945 1661 rum
1976 1609 2026 1661 in
2058 1620 2204 1662 tomo
2235 1610 2430 1675 primo,
2477 1607 2713 1674 qualiter
2743 1606 2965 1661 omnino
3013 1597 3398 1670 itnpassibilem

1827 1702 2064 1756 divinam
2099 1711 2346 1755 naturam
2378 1702 2510 1755 dicit
2550 1701 2633 1754 his
2667 1699 2851 1754 verbis
2887 1716 2899 1752 :
2936 1695 3087 1752 Unus
3110 1693 3273 1764 igitur
3310 1690 3398 1746 ille

1828 1794 2079 1849 omnibus
2106 1793 2413 1863 pretiosior,
2450 1792 2723 1861 propriam
2767 1804 2865 1859 pro
2895 1788 3052 1843 nobis
3079 1785 3257 1855 posuit
3286 1784 3407 1838 sni-

1833 1900 1973 1937 mam
2004 1885 2095 1949 “;
2148 1895 2202 1939 et
2256 1886 2500 1954 permisit
2554 1880 2919 1950 dispensative
2976 1892 3194 1933 carnem
3250 1890 3404 1930 suam

1832 1974 1980 2029 brevi
2024 1984 2264 2044 tempore
2293 1990 2322 2028 ιι
2359 1984 2533 2029 morte
2567 1971 2817 2041 deprimi,
2847 1978 2904 2023 et
2939 1984 3126 2023 rursus
3176 1976 3405 2020 mortem

1833 2067 2116 2121 evacuavit
2148 2076 2203 2121 ut
2228 2067 2336 2120 vita
2360 2106 2375 2133 ,
2415 2082 2519 2121 non
2553 2066 2826 2119 sustinens
2854 2064 2999 2130 pati,
3036 2059 3177 2129 quod
3212 2067 3407 2128 prater

1837 2170 2083 2215 naturam
2131 2175 2281 2214 suam
2333 2167 2435 2215 est.
2489 2158 2741 2212 Dicamus
2806 2155 2969 2226 igitur
3000 2152 3101 2219 ipsi
3135 2147 3409 2205 contraria

1837 2253 2079 2322 loquenti
2108 2270 2121 2305 :
2157 2251 2440 2319 Quomodo
2466 2265 2593 2320 ergo
2617 2250 2707 2317 qui
2735 2248 2978 2317 permisit
3006 2257 3224 2299 carnem
3250 2255 3409 2295 suam

1836 2343 1984 2397 brevi
2045 2352 2285 2411 tempore
2324 2358 2351 2395 ιι
2393 2353 2567 2395 morte
2613 2338 2876 2409 deprimi,
2930 2346 2986 2392 et
3036 2336 3127 2405 qui
3183 2341 3412 2386 mortem

1836 2441 2082 2495 evacuat,
2117 2441 2301 2500 utpote
2325 2433 2453 2497 vita,
2488 2446 2593 2484 non
2618 2430 2893 2484 sustinens
2916 2429 3023 2495 pati
3051 2427 3191 2494 quod
3220 2434 3415 2491 prater

1839 2533 2087 2577 ttaturam
2128 2538 2283 2577 suam
2318 2532 2420 2587 est,
2448 2536 2590 2575 nunc
2611 2561 2625 2585 ,
2661 2529 2720 2575 ut
2751 2530 2803 2573 tu
2834 2519 3056 2581 asscris.
3092 2516 3297 2585 patitur
3319 2528 3418 2581 per

1839 2626 2058 2666 carnem
2092 2612 2116 2665 ?
2148 2610 2253 2667 Sed
2292 2626 2394 2665 non
2432 2620 2513 2664 est
2566 2625 2756 2679 passus
2807 2610 2948 2664 Deus
2995 2607 3143 2661 carni
3191 2604 3413 2667 unitus;

1840 2706 1938 2759 sed
1966 2718 2095 2759 caro
2134 2704 2431 2772 conjuncta.
2452 2702 2567 2757 Deo
2598 2700 2774 2756 Verbo
2798 2742 2813 2767 ,
2843 2699 2961 2771 ejus
2986 2699 3253 2768 permissu
3287 2708 3417 2764 pro-

1841 2795 1954 2862 pria
1972 2794 2249 2847 sustinuit.
2272 2792 2384 2847 Non
2408 2792 2554 2846 enim
2588 2790 2668 2843 vel
2704 2790 2885 2858 passio
2907 2828 2922 2853 ,
2951 2785 3034 2839 vel
3077 2796 3223 2837 mors
3254 2782 3419 2834 adve-

1843 2884 2071 2948 nissent,
2093 2884 2193 2937 nisi
2222 2883 2337 2950 ipse
2365 2877 2870 2951 permisisset.Nam
2886 2877 2929 2932 si
2952 2876 3131 2930 anima
3153 2879 3420 2942 praesente

1841 2990 1948 3029 non
1962 2974 2280 3034 venitmors,
2299 2972 2565 3040 quomodo
2586 2970 2689 3024 Deo
2709 2976 2974 3038 praesente
2990 2981 3089 3021 nec
3099 2964 3268 3019 solum
3286 2977 3422 3032 prae-

1842 3074 1994 3121 sente
2018 3064 2356 3132 simpliciter,
2370 3064 2463 3118 sed
2481 3063 2643 3117 etiant
2658 3060 2944 3129 conjttncto
2967 3057 3260 3112 secundum
3276 3066 3423 3106 sum-

1767 3181 1810 3241 ρ
1845 3172 1985 3210 mam
2023 3158 2310 3225 quamdam
2342 3163 2395 3209 et
2434 3156 2532 3223 ipsi
2559 3153 2656 3209 soli
2691 3148 3235 3221 comprehensibilem
3270 3144 3423 3198 unio-

1850 3262 1994 3309 nem,
2032 3249 2277 3301 turbaret
2314 3248 2430 3315 ejus
2463 3245 2741 3312 templum,
2769 3243 2886 3309 ipso
2916 3256 3021 3294 non
3052 3236 3422 3307 permittente,

1847 3336 1930 3391 vel
1987 3336 2204 3406 passio,
2255 3337 2336 3389 vel
2395 3334 2600 3389 mors?
2665 3332 2827 3401 Atqui
2884 3345 2989 3383 non
3043 3327 3213 3381 deitas
3273 3322 3422 3378 carni

1850 3428 1997 3481 unita
2036 3442 2191 3495 passa
2238 3426 2374 3491 fuit;
2408 3428 2497 3479 sed
2542 3438 2673 3479 caro
2697 3463 2711 3487 ,
2746 3423 2864 3491 ipso
2893 3418 3260 3489 permittente,
3298 3428 3424 3483 pro-

1848 3518 1963 3589 pria
2003 3518 2280 3573 sustinuit.
2322 3517 2585 3572 Caeterum
2640 3514 2783 3582 quod
2845 3511 3077 3581 maligne
3129 3508 3195 3561 ab
3239 3520 3304 3560 eo
3325 3503 3425 3557 ad-

1848 3612 2016 3665 dittnn
2062 3612 2133 3665 sit
2176 3611 2299 3675 hoc,
2339 3609 2557 3664 Passum
2595 3617 2678 3662 est
2710 3608 2873 3659 eat-ne
2897 3646 2911 3669 ,
2948 3601 3014 3655 ad
3056 3597 3428 3653 seductionem

1851 3702 2272 3769 simpliciorttm,
2310 3702 2541 3754 indidem
2578 3700 2682 3752 erit
2705 3693 3049 3749 manifestum
3086 3709 3099 3745 ε
3138 3703 3240 3741 non
3282 3682 3425 3738 enim

1852 3791 2085 3847 servavit
2128 3789 2513 3858 impassibilem
2541 3786 2779 3839 divinam
2807 3794 3076 3837 naturam.
3118 3776 3220 3845 Qui
3249 3774 3383 3828 dixit
3404 3813 3419 3836 ,

1854 3886 2077 3939 Passum
2125 3891 2207 3937 est
2252 3896 2450 3946 carne,
2498 3878 2628 3933 nihil
2684 3875 2826 3930 aliud
2882 3872 3053 3937 dixit,
3101 3882 3263 3938 quam
3307 3877 3428 3918 cum

1854 3989 2017 4028 carne
2050 3972 2217 4026 fuisse
2263 3986 2499 4041 passum.
2558 3966 2814 4033 Quamvis
2846 3978 2975 4032 ergo
3015 3977 3135 4017 cum
3175 3970 3341 4013 carne
3362 3953 3432 4008 sit

1854 4079 2071 4134 passus,
2104 4062 2453 4117 nihilominus
2484 4058 2754 4127 passibilis
2811 4054 3094 4109 asseritttr.
3139 4052 3246 4102 Aut
3284 4045 3431 4099 enim

1854 4156 2149 4210 secundum
2189 4163 2438 4207 naturam
2472 4151 2675 4205 habens
2706 4158 2763 4202 ut
2793 4153 3089 4217 pateretur,
3113 4151 3195 4196 est
3218 4151 3430 4207 passus,

1855 4256 1947 4299 aut
1972 4254 2163 4314 pratter
2190 4254 2460 4297 naturam.
2504 4242 2581 4295 Ac
2612 4242 2657 4294 si
2682 4238 2978 4293 secundum
3024 4244 3276 4288 naturam
3305 4243 3432 4298 pas-

1854 4354 1945 4391 sus
1996 4349 2109 4394 est.
2154 4336 2259 4390 erit
2303 4344 2357 4389 et
2394 4334 2556 4387 Pater
2596 4329 2905 4401 passibilis,
2953 4319 3434 4381 consubstantialis

1855 4430 2121 4485 exsistcns
2173 4427 2328 4481 Filio.
2379 4425 2611 4479 Necesse
2675 4431 2759 4476 cst
2798 4420 2941 4473 enim
3011 4417 3191 4471 omnia
3243 4413 3434 4465 adesse

161 4518 355 4583 ἔχοντα
389 4510 528 4579 πρὸς
562 4511 623 4562 τὸ
660 4511 850 4575 πάθος,
874 4513 961 4565 τὸν
990 4514 1045 4566 δὲ
1071 4512 1287 4583 Πατέρα
1312 4513 1501 4566 παθεῖν
1530 4517 1604 4586 μὴ
1626 4518 1737 4569 sm-

1854 4519 2083 4591 genitori
2124 4533 2242 4587 quae
2288 4514 2456 4569 soboli
2488 4514 2702 4566 adsunt.
2746 4511 2852 4563 Aut
2884 4504 3265 4562 conlitebimur
3308 4514 3433 4551 eum

160 4608 277 4675 δέχε
288 4604 435 4656 σθαι.
457 4600 595 4652 Ἀλλ’
611 4600 753 4653 οὕτω
769 4603 1015 4671 λέγοντες
1039 4604 1418 4672 συναινέσομεν
1440 4606 1751 4675 αἱρετικοῖς,

162 4698 384 4764 λέγουσι
425 4692 528 4761 τὴν
569 4691 798 4763 θεότητα
832 4695 925 4748 τοῦ
964 4694 1283 4765 μονογενοῦς
1315 4696 1441 4749 Υἱοῦ
1481 4698 1751 4769 παθητὴν,

163 4790 258 4855 τὴν
300 4786 358 4837 δὲ
394 4783 492 4835 τοῦ
527 4784 741 4855 Πατρός
773 4787 847 4857 μὴ
875 4788 1213 4857 ἐπιδέχεσθαι
1259 4788 1460 4849 πάθος’
1499 4790 1619 4841 ὅθεν
1662 4793 1757 4843 καὶ

165 4882 223 4931 τὸ
268 4874 616 4943 ἐτεροούσιον
647 4877 916 4945 λέγουσιν.
954 4881 1014 4930 Εἰ
1044 4880 1097 4930 δὲ
1130 4878 1360 4946 φήσουσι
1410 4880 1561 4948 παρὰ
1594 4880 1753 4946 φύσιν

166 4970 327 5021 αὐτὴν
359 4967 712 5032 πεπονθέναι,
744 4970 977 5038 ἐροῦμεν
997 4986 1009 4998 ·
1042 4969 1147 5020 Καὶ
1171 4971 1321 5020 ποῖον
1348 4970 1515 5031 πάθος
1546 4972 1755 5041 ἰσχυρό-

167 5077 322 5129 τερον
351 5059 455 5126 τῆς
488 5058 639 5123 θείας
665 5062 898 5130 φύσεως,
927 5060 1064 5111 ὥστε
1094 5060 1172 5123 εἰς
1202 5061 1261 5112 τὸ
1294 5061 1443 5131 παρὰ
1472 5063 1627 5129 φύσιν
1656 5061 1757 5114 πά-

171 5152 255 5213 θος
288 5151 521 5203 ἑλκύσαι
554 5154 646 5205 τὸν
690 5154 829 5206 κατὰ
876 5151 1035 5220 φύσιν
1082 5151 1301 5221 tim-abi};
1346 5153 1505 5203 Ἀλλά
1553 5170 1715 5223 φησιν
1742 5169 1755 5183 ·

172 5242 341 5294 Αὐτοῦ
396 5242 678 5312 βούλησις.
741 5244 903 5297 Ἀλλά
933 5260 1141 5313 φαμεν’
1188 5244 1251 5295 'll
1289 5242 1449 5296 αὐτοῦ
1506 5245 1757 5314 βούλησις

174 5334 411 5402 ἀπαθής.
455 5336 830 5406 Ζητοῦμενοδὲ
864 5336 1035 5399 πάθος
1066 5336 1125 5389 τὸ
1154 5337 1251 5406 τὴν
1281 5336 1463 5405 ἅπαθῆ
1494 5337 1653 5405 φύσιν
1679 5340 1757 5397 εἰς

246 5492 285 5518 ⁸⁵
325 5488 491 5540 llcbr.
524 5508 584 5552 tt,
611 5489 665 5543 9.
747 5493 794 5523 ⁵ο
836 5492 1043 5546 Coluss.
1081 5509 1116 5556 t,
1158 5494 1235 5546 I8.

1316 5494 1355 5523 '“
1386 5493 1539 5546 Joatt.
1580 5507 1653 5549 ttt,
1701 5488 1780 5540 l6.

1856 4614 2071 4680 quidem
2120 4624 2334 4678 passum
2373 4622 2528 4669 esse,
2562 4614 2747 4669 utpote
2789 4612 2976 4669 aptum
3014 4597 3079 4649 ad
3102 4594 3435 4663 passionem,

1863 4678 2022 4772 196
2040 4699 2256 4753 Patrem
2284 4712 2412 4751 vero
2434 4713 2537 4749 nou
2564 4692 2848 4748 admittere
2872 4686 3199 4755 passionem.
3234 4678 3434 4733 Verum

1857 4769 1944 4846 sic
1986 4769 2250 4845 vdicentes
2297 4786 2702 4841 consentiamus
2769 4778 3040 4833 haereticis
3108 4769 3433 4829 dicentibus,

1859 4886 2111 4939 deitatem
2167 4881 2427 4947 unigeniti
2489 4875 2609 4931 Filii
2660 4872 3012 4941 passibilem,
3078 4864 3255 4918 Patris
3305 4875 3435 4914 vero

1862 4976 2115 5029 deitatem
2144 4989 2246 5026 non
2274 4971 2561 5023 admittere
2587 4964 2889 5031 paSsiouetn
2923 4979 2935 5012 :
2960 4958 3098 5011 unde
3132 4954 3277 5005 illam
3302 4952 3435 5004 alte-

1865 5067 1973 5119 rius
2037 5062 2349 5118 Sllitslttnlitn
2398 5072 2519 5111 esse
2570 5054 2780 5109 dicunt.
2842 5052 2899 5105 Si
2948 5057 3124 5101 autem
3175 5044 3431 5105 dixerint,

1860 5164 2054 5223 prmlcr
2102 5160 2345 5203 naturam
2400 5148 2573 5215 ipsum
2618 5159 2832 5213 passum
2877 5153 2994 5191 esse
3018 5179 3029 5201 ,
3056 5136 3297 5187 dicemus
3330 5153 3340 5187 :
3370 5132 3434 5186 Et

1863 5262 1978 5313 qua:
2012 5242 2189 5310 passio
2226 5239 2415 5294 fortior
2446 5249 2529 5293 est
2561 5237 2733 5291 divina
2768 5243 2956 5285 natura
2986 5269 2999 5291 ,
3036 5228 3106 5281 ita
3140 5238 3199 5281 ut
3242 5238 3431 5279 natura

1866 5331 2253 5401 impassibilem
2280 5331 2511 5401 passioui
2532 5336 2724 5399 pmtcr
2741 5332 2989 5377 naturam
3010 5316 3297 5389 subjiciat?
3327 5315 3431 5371 Sed

1249 5645 1418 5698 Varla:
1450 5644 1702 5697 lectiones
1729 5656 1792 5694 ex
1825 5638 2010 5695 codice
2033 5640 2406 5711 Segtticriano.

254 5795 274 5824 π
306 5782 593 5849 πλάνησιν.
677 5790 697 5817 ι
735 5778 920 5842 παθος.
