  <div class='ocr_page' id='page_1' title='image "/cluster/home/n/w/nwhite01/storage/ocr_20150623/76/ien.35556001661040/201.png"; bbox 0 0 4042 6430; ppageno 0'>
   <div class='ocr_carea' id='block_1_1' title="bbox 641 338 746 396">
    <p class='ocr_par' dir='ltr' id='par_1_1' title="bbox 641 338 746 396">
     <span class='ocr_line' id='line_1_1' title="bbox 641 338 746 396; baseline 0.01 -1"><span class='ocrx_word' id='word_1_1' title='bbox 641 338 746 396; x_wconf 76' lang='lat'><strong>319</strong></span> 
     </span>
    </p>
   </div>
   <div class='ocr_carea' id='block_1_2' title="bbox 1644 341 2906 401">
    <p class='ocr_par' dir='ltr' id='par_1_2' title="bbox 1644 341 2906 401">
     <span class='ocr_line' id='line_1_2' title="bbox 1644 341 2906 401; baseline 0.004 -5"><span class='ocrx_word' id='word_1_2' title='bbox 1644 343 1700 396; x_wconf 90' lang='lat' dir='ltr'><strong>S.</strong></span> <span class='ocrx_word' id='word_1_3' title='bbox 1746 341 2024 397; x_wconf 76' lang='lat' dir='ltr'><strong>CYRILLI</strong></span> <span class='ocrx_word' id='word_1_4' title='bbox 2064 342 2539 399; x_wconf 74' lang='lat' dir='ltr'><strong>ALEXANDRINI</strong></span> <span class='ocrx_word' id='word_1_5' title='bbox 2584 344 2906 401; x_wconf 77' lang='lat' dir='ltr'><strong>ARCHIEP.</strong></span> 
     </span>
    </p>
   </div>
   <div class='ocr_carea' id='block_1_3' title="bbox 3802 349 3910 406">
    <p class='ocr_par' dir='ltr' id='par_1_3' title="bbox 3802 349 3910 406">
     <span class='ocr_line' id='line_1_3' title="bbox 3802 349 3910 406; baseline 0.009 -1"><span class='ocrx_word' id='word_1_6' title='bbox 3802 349 3910 406; x_wconf 75' lang='lat'><strong>380</strong></span> 
     </span>
    </p>
   </div>
   <div class='ocr_carea' id='block_1_4' title="bbox 640 454 2222 533">
    <p class='ocr_par' dir='ltr' id='par_1_4' title="bbox 640 454 2217 526">
     <span class='ocr_line' id='line_1_4' title="bbox 640 454 2217 526; baseline 0.005 -17"><span class='ocrx_word' id='word_1_7' title='bbox 640 457 773 510; x_wconf 87' lang='lat' dir='ltr'><strong>dicit</strong></span> <span class='ocrx_word' id='word_1_8' title='bbox 811 474 824 509; x_wconf 91' lang='lat'><strong><em>:</em></strong></span> <span class='ocrx_word' id='word_1_9' title='bbox 863 455 991 526; x_wconf 84' lang='lat' dir='ltr'><strong>Ejus</strong></span> <span class='ocrx_word' id='word_1_10' title='bbox 1033 454 1299 509; x_wconf 77' lang='lat' dir='ltr'><strong>voluntas.</strong></span> <span class='ocrx_word' id='word_1_11' title='bbox 1362 458 1432 511; x_wconf 79' lang='lat' dir='ltr'><strong>At</strong></span> <span class='ocrx_word' id='word_1_12' title='bbox 1478 472 1577 513; x_wconf 89' lang='lat' dir='ltr'><strong>nos</strong></span> <span class='ocrx_word' id='word_1_13' title='bbox 1628 459 1858 514; x_wconf 85' lang='lat' dir='ltr'><strong>dicimus</strong></span> <span class='ocrx_word' id='word_1_14' title='bbox 1902 479 1913 513; x_wconf 96' lang='lat'>:</span> <span class='ocrx_word' id='word_1_15' title='bbox 1956 460 2217 517; x_wconf 79' lang='lat' dir='ltr'><strong>Voluntas</strong></span> 
     </span>
    </p>
   </div>
   <div class='ocr_carea' id='block_1_5' title="bbox 2328 454 3910 533">
    <p class='ocr_par' dir='ltr' id='par_1_5' title="bbox 2328 461 3910 533">
     <span class='ocr_line' id='line_1_5' title="bbox 2328 461 3910 533; baseline 0.002 -18"><span class='ocrx_word' id='word_1_16' title='bbox 2328 462 2417 532; x_wconf 84' lang='grc' dir='ltr'><strong>τὴν</strong></span> <span class='ocrx_word' id='word_1_17' title='bbox 2450 462 2617 516; x_wconf 78' lang='grc' dir='ltr'><strong>αὑτοῦ</strong></span> <span class='ocrx_word' id='word_1_18' title='bbox 2648 464 2955 532; x_wconf 71' lang='grc' dir='ltr'><strong>ἐμπάθειαν</strong></span> <span class='ocrx_word' id='word_1_19' title='bbox 2988 461 3567 533; x_wconf 79' lang='grc' dir='ltr'><strong>μετενέγκαν.”Δλλως</strong></span> <span class='ocrx_word' id='word_1_20' title='bbox 3619 480 3676 515; x_wconf 86' lang='grc' dir='ltr'><strong>τε</strong></span> <span class='ocrx_word' id='word_1_21' title='bbox 3727 463 3843 518; x_wconf 49' lang='grc' dir='ltr'><strong>καί</strong></span> <span class='ocrx_word' id='word_1_22' title='bbox 3876 464 3910 533; x_wconf 78' lang='grc' dir='ltr'>ἠ</span> 
     </span>
    </p>
   </div>
   <div class='ocr_carea' id='block_1_6' title="bbox 642 545 2210 621">
    <p class='ocr_par' dir='ltr' id='par_1_6' title="bbox 642 545 2210 621">
     <span class='ocr_line' id='line_1_6' title="bbox 642 545 2210 621; baseline 0.006 -23"><span class='ocrx_word' id='word_1_23' title='bbox 642 545 759 613; x_wconf 76' lang='lat' dir='ltr'><strong>ejus</strong></span> <span class='ocrx_word' id='word_1_24' title='bbox 792 545 1139 615; x_wconf 85' lang='lat' dir='ltr'><strong>impassibilis</strong></span> <span class='ocrx_word' id='word_1_25' title='bbox 1190 557 1271 602; x_wconf 90' lang='lat' dir='ltr'><strong>est</strong></span> <span class='ocrx_word' id='word_1_26' title='bbox 1297 566 1312 612; x_wconf 89' lang='lat'><strong>;</strong></span> <span class='ocrx_word' id='word_1_27' title='bbox 1343 562 1440 602; x_wconf 93' lang='lat' dir='ltr'><strong>nos</strong></span> <span class='ocrx_word' id='word_1_28' title='bbox 1470 558 1649 603; x_wconf 84' lang='lat' dir='ltr'><strong>autem</strong></span> <span class='ocrx_word' id='word_1_29' title='bbox 1682 552 1972 620; x_wconf 66' lang='lat' dir='ltr'><strong>quaerimus</strong></span> <span class='ocrx_word' id='word_1_30' title='bbox 2005 556 2210 621; x_wconf 83' lang='lat' dir='ltr'><strong>passio-</strong></span> 
     </span>
    </p>
   </div>
   <div class='ocr_carea' id='block_1_7' title="bbox 642 636 2215 710">
    <p class='ocr_par' dir='ltr' id='par_1_7' title="bbox 642 636 2215 710">
     <span class='ocr_line' id='line_1_7' title="bbox 642 636 2215 710; baseline 0.006 -22"><span class='ocrx_word' id='word_1_31' title='bbox 642 650 787 700; x_wconf 85' lang='lat' dir='ltr'><strong>nem,</strong></span> <span class='ocrx_word' id='word_1_32' title='bbox 807 650 925 705; x_wconf 66' lang='lat' dir='ltr'><strong>quaa</strong></span> <span class='ocrx_word' id='word_1_33' title='bbox 946 636 1331 705; x_wconf 88' lang='lat' dir='ltr'><strong>impassibilem</strong></span> <span class='ocrx_word' id='word_1_34' title='bbox 1356 646 1600 694; x_wconf 88' lang='lat' dir='ltr'><strong>naturam</strong></span> <span class='ocrx_word' id='word_1_35' title='bbox 1635 641 1685 694; x_wconf 92' lang='lat' dir='ltr'><strong>in</strong></span> <span class='ocrx_word' id='word_1_36' title='bbox 1710 657 1863 695; x_wconf 87' lang='lat' dir='ltr'><strong>suam</strong></span> <span class='ocrx_word' id='word_1_37' title='bbox 1890 642 2215 710; x_wconf 82' lang='lat' dir='ltr'><strong>passibilita-</strong></span> 
     </span>
    </p>
   </div>
   <div class='ocr_carea' id='block_1_8' title="bbox 641 729 2216 800">
    <p class='ocr_par' dir='ltr' id='par_1_8' title="bbox 641 729 2216 800">
     <span class='ocr_line' id='line_1_8' title="bbox 641 729 2216 800; baseline 0.006 -21"><span class='ocrx_word' id='word_1_38' title='bbox 641 739 743 780; x_wconf 89' lang='lat' dir='ltr'><strong>tem</strong></span> <span class='ocrx_word' id='word_1_39' title='bbox 776 729 1131 783; x_wconf 88' lang='lat' dir='ltr'><strong>transtulerit.</strong></span> <span class='ocrx_word' id='word_1_40' title='bbox 1159 730 1371 800; x_wconf 83' lang='lat' dir='ltr'><strong>Alioqui</strong></span> <span class='ocrx_word' id='word_1_41' title='bbox 1401 742 1457 785; x_wconf 92' lang='lat' dir='ltr'><strong>et</strong></span> <span class='ocrx_word' id='word_1_42' title='bbox 1484 732 1666 785; x_wconf 87' lang='lat' dir='ltr'><strong>divina</strong></span> <span class='ocrx_word' id='word_1_43' title='bbox 1695 733 1941 789; x_wconf 77' lang='lat' dir='ltr'><strong>voluntas</strong></span> <span class='ocrx_word' id='word_1_44' title='bbox 1969 733 2056 789; x_wconf 85' lang='lat' dir='ltr'><strong>illa</strong></span> <span class='ocrx_word' id='word_1_45' title='bbox 2103 734 2216 788; x_wconf 86' lang='lat' dir='ltr'><strong>vult</strong></span> 
     </span>
    </p>
   </div>
   <div class='ocr_carea' id='block_1_9' title="bbox 638 819 2213 894">
    <p class='ocr_par' dir='ltr' id='par_1_9' title="bbox 638 819 2213 894">
     <span class='ocr_line' id='line_1_9' title="bbox 638 819 2213 894; baseline 0.004 -22"><span class='ocrx_word' id='word_1_46' title='bbox 638 834 758 887; x_wconf 64' lang='lat' dir='ltr'><strong>quae</strong></span> <span class='ocrx_word' id='word_1_47' title='bbox 791 834 848 872; x_wconf 89' lang='lat' dir='ltr'><strong>se</strong></span> <span class='ocrx_word' id='word_1_48' title='bbox 878 819 1091 875; x_wconf 86' lang='lat' dir='ltr'><strong>decent.</strong></span> <span class='ocrx_word' id='word_1_49' title='bbox 1144 819 1209 874; x_wconf 89' lang='lat' dir='ltr'><strong>Et</strong></span> <span class='ocrx_word' id='word_1_50' title='bbox 1253 822 1401 890; x_wconf 89' lang='lat' dir='ltr'><strong>quid,</strong></span> <span class='ocrx_word' id='word_1_51' title='bbox 1451 821 1652 890; x_wconf 87' lang='lat' dir='ltr'><strong>inquit,</strong></span> <span class='ocrx_word' id='word_1_52' title='bbox 1697 824 2010 888; x_wconf 80' lang='lat' dir='ltr'><strong>decentius,</strong></span> <span class='ocrx_word' id='word_1_53' title='bbox 2053 840 2213 894; x_wconf 91' lang='lat' dir='ltr'><strong>quam</strong></span> 
     </span>
    </p>
   </div>
   <div class='ocr_carea' id='block_1_10' title="bbox 637 908 2211 981">
    <p class='ocr_par' dir='ltr' id='par_1_10' title="bbox 637 908 2211 981">
     <span class='ocr_line' id='line_1_10' title="bbox 637 908 2211 981; baseline 0.004 -21"><span class='ocrx_word' id='word_1_54' title='bbox 637 908 848 961; x_wconf 84' lang='lat' dir='ltr'><strong>salvare</strong></span> <span class='ocrx_word' id='word_1_55' title='bbox 896 910 1168 963; x_wconf 86' lang='lat' dir='ltr'><strong>hominum</strong></span> <span class='ocrx_word' id='word_1_56' title='bbox 1238 924 1406 980; x_wconf 75' lang='lat' dir='ltr'><strong>genus</strong></span> <span class='ocrx_word' id='word_1_57' title='bbox 1444 912 1468 964; x_wconf 70' lang='lat'><strong>7</strong></span> <span class='ocrx_word' id='word_1_58' title='bbox 1511 913 1576 966; x_wconf 90' lang='lat' dir='ltr'><strong>Et</strong></span> <span class='ocrx_word' id='word_1_59' title='bbox 1632 928 1739 981; x_wconf 91' lang='lat' dir='ltr'><strong>quo</strong></span> <span class='ocrx_word' id='word_1_60' title='bbox 1795 922 1951 981; x_wconf 88' lang='lat' dir='ltr'><strong>pacto</strong></span> <span class='ocrx_word' id='word_1_61' title='bbox 2002 914 2211 968; x_wconf 88' lang='lat' dir='ltr'><strong>salvum</strong></span> 
     </span>
    </p>
   </div>
   <div class='ocr_carea' id='block_1_11' title="bbox 635 996 2211 1069">
    <p class='ocr_par' dir='ltr' id='par_1_11' title="bbox 635 996 2211 1069">
     <span class='ocr_line' id='line_1_11' title="bbox 635 996 2211 1069; baseline 0.005 -20"><span class='ocrx_word' id='word_1_62' title='bbox 635 1008 778 1050; x_wconf 84' lang='lat' dir='ltr'><strong>esset</strong></span> <span class='ocrx_word' id='word_1_63' title='bbox 798 996 1091 1051; x_wconf 86' lang='lat' dir='ltr'><strong>humanum</strong></span> <span class='ocrx_word' id='word_1_64' title='bbox 1119 1014 1288 1068; x_wconf 74' lang='lat' dir='ltr'><strong>genus</strong></span> <span class='ocrx_word' id='word_1_65' title='bbox 1308 1001 1372 1054; x_wconf 89' lang='lat' dir='ltr'><strong>ad</strong></span> <span class='ocrx_word' id='word_1_66' title='bbox 1399 1001 1886 1069; x_wconf 88' lang='lat' dir='ltr'><strong>impassibilitatem</strong></span> <span class='ocrx_word' id='word_1_67' title='bbox 1920 1004 2211 1069; x_wconf 87' lang='lat' dir='ltr'><strong>transiens,</strong></span> 
     </span>
    </p>
   </div>
   <div class='ocr_carea' id='block_1_12' title="bbox 636 1088 2213 1165">
    <p class='ocr_par' dir='ltr' id='par_1_12' title="bbox 636 1088 2213 1165">
     <span class='ocr_line' id='line_1_12' title="bbox 636 1088 2213 1165; baseline 0.005 -24"><span class='ocrx_word' id='word_1_68' title='bbox 636 1089 681 1142; x_wconf 83' lang='lat' dir='ltr'><strong>si</strong></span> <span class='ocrx_word' id='word_1_69' title='bbox 721 1088 959 1142; x_wconf 84' lang='lat' dir='ltr'><strong>divinam</strong></span> <span class='ocrx_word' id='word_1_70' title='bbox 1002 1099 1058 1144; x_wconf 92' lang='lat' dir='ltr'><strong>et</strong></span> <span class='ocrx_word' id='word_1_71' title='bbox 1093 1090 1475 1161; x_wconf 88' lang='lat' dir='ltr'><strong>impassihilem</strong></span> <span class='ocrx_word' id='word_1_72' title='bbox 1532 1098 1776 1148; x_wconf 83' lang='lat' dir='ltr'><strong>naturam</strong></span> <span class='ocrx_word' id='word_1_73' title='bbox 1815 1096 1865 1147; x_wconf 92' lang='lat' dir='ltr'><strong>in</strong></span> <span class='ocrx_word' id='word_1_74' title='bbox 1908 1096 2213 1165; x_wconf 80' lang='lat' dir='ltr'><strong>passionem</strong></span> 
     </span>
    </p>
   </div>
   <div class='ocr_carea' id='block_1_13' title="bbox 636 1179 2212 1248">
    <p class='ocr_par' dir='ltr' id='par_1_13' title="bbox 636 1179 2212 1248">
     <span class='ocr_line' id='line_1_13' title="bbox 636 1179 2212 1248; baseline 0.004 -17"><span class='ocrx_word' id='word_1_75' title='bbox 636 1180 901 1248; x_wconf 82' lang='lat' dir='ltr'><strong>pertraltit</strong></span> <span class='ocrx_word' id='word_1_76' title='bbox 932 1180 959 1233; x_wconf 76' lang='grc' dir='ltr'><strong><em>τ</em></strong></span> <span class='ocrx_word' id='word_1_77' title='bbox 1010 1179 1243 1235; x_wconf 84' lang='lat' dir='ltr'><strong>Omnino</strong></span> <span class='ocrx_word' id='word_1_78' title='bbox 1296 1182 1439 1235; x_wconf 86' lang='lat' dir='ltr'><strong>enim</strong></span> <span class='ocrx_word' id='word_1_79' title='bbox 1480 1193 1538 1236; x_wconf 88' lang='lat' dir='ltr'><strong>ut</strong></span> <span class='ocrx_word' id='word_1_80' title='bbox 1583 1182 1774 1237; x_wconf 80' lang='lat' dir='ltr'><strong>fortior</strong></span> <span class='ocrx_word' id='word_1_81' title='bbox 1827 1184 2101 1237; x_wconf 85' lang='lat' dir='ltr'><strong>transtulit</strong></span> <span class='ocrx_word' id='word_1_82' title='bbox 2147 1184 2212 1237; x_wconf 84' lang='lat' dir='ltr'><strong>ad</strong></span> 
     </span>
    </p>
   </div>
   <div class='ocr_carea' id='block_1_14' title="bbox 637 1269 2216 1342">
    <p class='ocr_par' dir='ltr' id='par_1_14' title="bbox 637 1269 2216 1342">
     <span class='ocr_line' id='line_1_14' title="bbox 637 1269 2216 1342; baseline 0.003 -19"><span class='ocrx_word' id='word_1_83' title='bbox 637 1284 788 1323; x_wconf 85' lang='lat' dir='ltr'><strong>suam</strong></span> <span class='ocrx_word' id='word_1_84' title='bbox 808 1269 1219 1337; x_wconf 88' lang='lat' dir='ltr'><strong>passibilitatem</strong></span> <span class='ocrx_word' id='word_1_85' title='bbox 1261 1272 1310 1325; x_wconf 92' lang='lat' dir='ltr'><strong>id</strong></span> <span class='ocrx_word' id='word_1_86' title='bbox 1333 1273 1476 1341; x_wconf 89' lang='lat' dir='ltr'><strong>quod</strong></span> <span class='ocrx_word' id='word_1_87' title='bbox 1497 1282 1613 1327; x_wconf 87' lang='lat' dir='ltr'><strong>erat</strong></span> <span class='ocrx_word' id='word_1_88' title='bbox 1630 1272 1982 1342; x_wconf 87' lang='lat' dir='ltr'><strong>impassibile.</strong></span> <span class='ocrx_word' id='word_1_89' title='bbox 2006 1272 2071 1326; x_wconf 89' lang='lat' dir='ltr'><strong>Et</strong></span> <span class='ocrx_word' id='word_1_90' title='bbox 2091 1289 2123 1341; x_wconf 90' lang='lat' dir='ltr'><strong>q</strong></span> <span class='ocrx_word' id='word_1_91' title='bbox 2138 1289 2216 1328; x_wconf 72' lang='lat' dir='ltr'><strong>uae</strong></span> 
     </span>
    </p>
   </div>
   <div class='ocr_carea' id='block_1_15' title="bbox 636 1357 2217 1429">
    <p class='ocr_par' dir='ltr' id='par_1_15' title="bbox 636 1357 2217 1429">
     <span class='ocr_line' id='line_1_15' title="bbox 636 1357 2217 1429; baseline 0.004 -20"><span class='ocrx_word' id='word_1_92' title='bbox 636 1357 839 1411; x_wconf 84' lang='lat' dir='ltr'><strong>utilitas</strong></span> <span class='ocrx_word' id='word_1_93' title='bbox 878 1359 1115 1425; x_wconf 83' lang='lat' dir='ltr'><strong>passibili</strong></span> <span class='ocrx_word' id='word_1_94' title='bbox 1141 1397 1156 1421; x_wconf 94' lang='lat'><strong>,</strong></span> <span class='ocrx_word' id='word_1_95' title='bbox 1198 1360 1241 1413; x_wconf 91' lang='lat' dir='ltr'><strong>si</strong></span> <span class='ocrx_word' id='word_1_96' title='bbox 1281 1370 1335 1413; x_wconf 92' lang='lat' dir='ltr'><strong>et</strong></span> <span class='ocrx_word' id='word_1_97' title='bbox 1372 1360 1701 1429; x_wconf 90' lang='lat' dir='ltr'><strong>impassibile</strong></span> <span class='ocrx_word' id='word_1_98' title='bbox 1750 1361 2006 1429; x_wconf 86' lang='lat' dir='ltr'><strong>passibile</strong></span> <span class='ocrx_word' id='word_1_99' title='bbox 2063 1363 2154 1415; x_wconf 84' lang='lat' dir='ltr'><strong>ﬂat</strong></span> <span class='ocrx_word' id='word_1_100' title='bbox 2194 1364 2217 1416; x_wconf 85' lang='lat'><strong>?</strong></span> 
     </span>
    </p>
   </div>
   <div class='ocr_carea' id='block_1_16' title="bbox 636 1447 2215 1522">
    <p class='ocr_par' dir='ltr' id='par_1_16' title="bbox 636 1447 2215 1522">
     <span class='ocr_line' id='line_1_16' title="bbox 636 1447 2215 1522; baseline 0.006 -23"><span class='ocrx_word' id='word_1_101' title='bbox 636 1447 793 1502; x_wconf 86' lang='lat' dir='ltr'><strong>Salus</strong></span> <span class='ocrx_word' id='word_1_102' title='bbox 817 1458 994 1503; x_wconf 90' lang='lat' dir='ltr'><strong>autem</strong></span> <span class='ocrx_word' id='word_1_103' title='bbox 1039 1449 1311 1519; x_wconf 83' lang='lat' dir='ltr'><strong>passibilis</strong></span> <span class='ocrx_word' id='word_1_104' title='bbox 1342 1461 1547 1507; x_wconf 54' lang='lat' dir='ltr'><strong>naturas</strong></span> <span class='ocrx_word' id='word_1_105' title='bbox 1575 1468 1680 1507; x_wconf 93' lang='lat' dir='ltr'><strong>non</strong></span> <span class='ocrx_word' id='word_1_106' title='bbox 1712 1462 1796 1507; x_wconf 83' lang='lat' dir='ltr'><strong>est</strong></span> <span class='ocrx_word' id='word_1_107' title='bbox 1828 1453 1941 1522; x_wconf 91' lang='lat' dir='ltr'><strong>ipsa</strong></span> <span class='ocrx_word' id='word_1_108' title='bbox 1982 1453 2215 1509; x_wconf 84' lang='lat' dir='ltr'><strong>societas</strong></span> 
     </span>
    </p>
   </div>
   <div class='ocr_carea' id='block_1_17' title="bbox 636 1538 2216 1615">
    <p class='ocr_par' dir='ltr' id='par_1_17' title="bbox 636 1538 2216 1615">
     <span class='ocr_line' id='line_1_17' title="bbox 636 1538 2216 1615; baseline 0.006 -24"><span class='ocrx_word' id='word_1_109' title='bbox 636 1538 981 1606; x_wconf 82' lang='lat' dir='ltr'><strong>impassihilis</strong></span> <span class='ocrx_word' id='word_1_110' title='bbox 1025 1540 1078 1593; x_wconf 93' lang='lat' dir='ltr'><strong>in</strong></span> <span class='ocrx_word' id='word_1_111' title='bbox 1127 1544 1375 1607; x_wconf 85' lang='lat' dir='ltr'><strong>passione</strong></span> <span class='ocrx_word' id='word_1_112' title='bbox 1413 1560 1429 1610; x_wconf 89' lang='lat'><strong>;</strong></span> <span class='ocrx_word' id='word_1_113' title='bbox 1463 1543 1565 1597; x_wconf 88' lang='lat' dir='ltr'><strong>hoc</strong></span> <span class='ocrx_word' id='word_1_114' title='bbox 1608 1558 1841 1612; x_wconf 89' lang='lat' dir='ltr'><strong>namque</strong></span> <span class='ocrx_word' id='word_1_115' title='bbox 1886 1545 2053 1615; x_wconf 69' lang='lat' dir='ltr'><strong>magis</strong></span> <span class='ocrx_word' id='word_1_116' title='bbox 2111 1546 2216 1600; x_wconf 90' lang='lat' dir='ltr'><strong>erit</strong></span> 
     </span>
    </p>
   </div>
   <div class='ocr_carea' id='block_1_18' title="bbox 635 1635 2213 1703">
    <p class='ocr_par' dir='ltr' id='par_1_18' title="bbox 635 1635 2213 1703">
     <span class='ocr_line' id='line_1_18' title="bbox 635 1635 2213 1703; baseline 0.005 -16"><span class='ocrx_word' id='word_1_117' title='bbox 635 1643 1011 1703; x_wconf 75' lang='lat' dir='ltr'><strong>argumentum</strong></span> <span class='ocrx_word' id='word_1_118' title='bbox 1070 1635 1230 1700; x_wconf 90' lang='lat' dir='ltr'><strong>mali,</strong></span> <span class='ocrx_word' id='word_1_119' title='bbox 1279 1652 1382 1691; x_wconf 91' lang='lat' dir='ltr'><strong>non</strong></span> <span class='ocrx_word' id='word_1_120' title='bbox 1421 1637 1620 1693; x_wconf 90' lang='lat' dir='ltr'><strong>ablatio</strong></span> <span class='ocrx_word' id='word_1_121' title='bbox 1657 1656 1669 1691; x_wconf 95' lang='lat'><strong>:</strong></span> <span class='ocrx_word' id='word_1_122' title='bbox 1715 1638 1943 1692; x_wconf 89' lang='lat' dir='ltr'><strong>alterum</strong></span> <span class='ocrx_word' id='word_1_123' title='bbox 1997 1640 2141 1695; x_wconf 84' lang='lat' dir='ltr'><strong>enim</strong></span> <span class='ocrx_word' id='word_1_124' title='bbox 2183 1657 2213 1695; x_wconf 90' lang='lat' dir='ltr'><strong>a</strong></span> 
     </span>
    </p>
   </div>
   <div class='ocr_carea' id='block_1_19' title="bbox 633 1724 2214 1801">
    <p class='ocr_par' dir='ltr' id='par_1_19' title="bbox 633 1724 2214 1801">
     <span class='ocr_line' id='line_1_19' title="bbox 633 1724 2214 1801; baseline 0.005 -21"><span class='ocrx_word' id='word_1_125' title='bbox 633 1724 797 1780; x_wconf 79' lang='lat' dir='ltr'><strong>simili</strong></span> <span class='ocrx_word' id='word_1_126' title='bbox 820 1741 924 1779; x_wconf 90' lang='lat' dir='ltr'><strong>non</strong></span> <span class='ocrx_word' id='word_1_127' title='bbox 968 1727 1216 1781; x_wconf 78' lang='lat' dir='ltr'><strong>aufertur</strong></span> <span class='ocrx_word' id='word_1_128' title='bbox 1238 1768 1252 1791; x_wconf 90' lang='lat'><strong>,</strong></span> <span class='ocrx_word' id='word_1_129' title='bbox 1287 1728 1381 1782; x_wconf 90' lang='lat' dir='ltr'><strong>sed</strong></span> <span class='ocrx_word' id='word_1_130' title='bbox 1412 1738 1659 1799; x_wconf 77' lang='lat' dir='ltr'><strong>augetur.</strong></span> <span class='ocrx_word' id='word_1_131' title='bbox 1715 1729 1845 1796; x_wconf 61' lang='lat' dir='ltr'><strong>Quae</strong></span> <span class='ocrx_word' id='word_1_132' title='bbox 1884 1732 2045 1801; x_wconf 80' lang='lat' dir='ltr'><strong>igitur</strong></span> <span class='ocrx_word' id='word_1_133' title='bbox 2068 1734 2214 1789; x_wconf 87' lang='lat' dir='ltr'><strong>salus</strong></span> 
     </span>
    </p>
   </div>
   <div class='ocr_carea' id='block_1_20' title="bbox 2320 552 3914 625">
    <p class='ocr_par' dir='ltr' id='par_1_20' title="bbox 2320 552 3914 625">
     <span class='ocr_line' id='line_1_20' title="bbox 2320 552 3914 625; baseline -0.001 -21"><span class='ocrx_word' id='word_1_134' title='bbox 2320 552 2441 605; x_wconf 83' lang='grc' dir='ltr'><strong>θεία</strong></span> <span class='ocrx_word' id='word_1_135' title='bbox 2491 552 2747 622; x_wconf 81' lang='grc' dir='ltr'><strong>βούλησις</strong></span> <span class='ocrx_word' id='word_1_136' title='bbox 2776 556 2955 607; x_wconf 84' lang='grc' dir='ltr'><strong>ἐκεῖνα</strong></span> <span class='ocrx_word' id='word_1_137' title='bbox 2987 553 3152 617; x_wconf 81' lang='grc' dir='ltr'><strong>θέλει,</strong></span> <span class='ocrx_word' id='word_1_138' title='bbox 3182 554 3250 606; x_wconf 84' lang='grc' dir='ltr'><strong>τά</strong></span> <span class='ocrx_word' id='word_1_139' title='bbox 3289 554 3429 625; x_wconf 78' lang='grc' dir='ltr'><strong>αὐτῇ</strong></span> <span class='ocrx_word' id='word_1_140' title='bbox 3461 552 3765 623; x_wconf 85' lang='grc' dir='ltr'><strong>πρέποντα.</strong></span> <span class='ocrx_word' id='word_1_141' title='bbox 3798 553 3914 605; x_wconf 75' lang='grc' dir='ltr'><strong>Καὶ</strong></span> 
     </span>
    </p>
   </div>
   <div class='ocr_carea' id='block_1_21' title="bbox 2318 640 3914 714">
    <p class='ocr_par' dir='ltr' id='par_1_21' title="bbox 2318 640 3914 714">
     <span class='ocr_line' id='line_1_21' title="bbox 2318 640 3914 714; baseline -0.002 -17"><span class='ocrx_word' id='word_1_142' title='bbox 2318 645 2391 708; x_wconf 89' lang='grc' dir='ltr'><strong>τί,</strong></span> <span class='ocrx_word' id='word_1_143' title='bbox 2423 647 2575 713; x_wconf 71' lang='grc' dir='ltr'><strong>φησὶ,</strong></span> <span class='ocrx_word' id='word_1_144' title='bbox 2610 644 3058 714; x_wconf 83' lang='grc' dir='ltr'><strong>πρεπωδέστερον</strong></span> <span class='ocrx_word' id='word_1_145' title='bbox 3103 642 3195 696; x_wconf 76' lang='grc' dir='ltr'><strong>τοῦ</strong></span> <span class='ocrx_word' id='word_1_146' title='bbox 3250 644 3424 696; x_wconf 87' lang='grc' dir='ltr'><strong>σῶσαι</strong></span> <span class='ocrx_word' id='word_1_147' title='bbox 3457 642 3519 696; x_wconf 81' lang='grc' dir='ltr'><strong>τὸ</strong></span> <span class='ocrx_word' id='word_1_148' title='bbox 3548 642 3656 696; x_wconf 91' lang='grc' dir='ltr'><strong>τῶν</strong></span> <span class='ocrx_word' id='word_1_149' title='bbox 3696 640 3914 713; x_wconf 81' lang='grc' dir='ltr'><strong>ἀνθροῦ⁶</strong></span> 
     </span>
    </p>
   </div>
   <div class='ocr_carea' id='block_1_22' title="bbox 2318 733 3914 806">
    <p class='ocr_par' dir='ltr' id='par_1_22' title="bbox 2318 733 3914 806">
     <span class='ocr_line' id='line_1_22' title="bbox 2318 733 3914 806; baseline -0.003 -16"><span class='ocrx_word' id='word_1_150' title='bbox 2318 755 2434 790; x_wconf 89' lang='grc' dir='ltr'><strong>πων</strong></span> <span class='ocrx_word' id='word_1_151' title='bbox 2464 738 2649 806; x_wconf 89' lang='grc' dir='ltr'><strong>γένος;</strong></span> <span class='ocrx_word' id='word_1_152' title='bbox 2679 737 2788 790; x_wconf 79' lang='grc' dir='ltr'><strong>Καὶ</strong></span> <span class='ocrx_word' id='word_1_153' title='bbox 2817 735 2933 799; x_wconf 91' lang='grc' dir='ltr'><strong>πῶς</strong></span> <span class='ocrx_word' id='word_1_154' title='bbox 2960 734 3161 806; x_wconf 73' lang='grc' dir='ltr'><strong>ἤμελλε</strong></span> <span class='ocrx_word' id='word_1_155' title='bbox 3189 736 3250 787; x_wconf 73' lang='grc' dir='ltr'><strong>τὸ</strong></span> <span class='ocrx_word' id='word_1_156' title='bbox 3273 734 3383 789; x_wconf 88' lang='grc' dir='ltr'><strong>τῶν</strong></span> <span class='ocrx_word' id='word_1_157' title='bbox 3416 733 3721 804; x_wconf 73' lang='grc' dir='ltr'><strong>ἀνθρώπων</strong></span> <span class='ocrx_word' id='word_1_158' title='bbox 3750 734 3914 803; x_wconf 82' lang='grc' dir='ltr'><strong>γένος</strong></span> 
     </span>
    </p>
   </div>
   <div class='ocr_carea' id='block_1_23' title="bbox 2320 821 3916 894">
    <p class='ocr_par' dir='ltr' id='par_1_23' title="bbox 2320 821 3916 894">
     <span class='ocr_line' id='line_1_23' title="bbox 2320 821 3916 894; baseline -0.003 -16"><span class='ocrx_word' id='word_1_159' title='bbox 2320 823 2742 894; x_wconf 76' lang='grc' dir='ltr'><strong>περισώζεσθαι,</strong></span> <span class='ocrx_word' id='word_1_160' title='bbox 2779 825 2907 877; x_wconf 73' lang='grc' dir='ltr'><strong>αὐτὸ</strong></span> <span class='ocrx_word' id='word_1_161' title='bbox 2950 826 3028 887; x_wconf 86' lang='grc' dir='ltr'><strong>εἰς</strong></span> <span class='ocrx_word' id='word_1_162' title='bbox 3066 822 3337 877; x_wconf 91' lang='grc' dir='ltr'><strong>ἀπάθειαν</strong></span> <span class='ocrx_word' id='word_1_163' title='bbox 3370 822 3715 891; x_wconf 78' lang='grc' dir='ltr'><strong>μεταϐαῖνον,</strong></span> <span class='ocrx_word' id='word_1_164' title='bbox 3744 824 3776 890; x_wconf 85' lang='grc' dir='ltr'><strong>ή</strong></span> <span class='ocrx_word' id='word_1_165' title='bbox 3808 821 3916 891; x_wconf 80' lang='grc' dir='ltr'><strong>τὴν</strong></span> 
     </span>
    </p>
   </div>
   <div class='ocr_carea' id='block_1_24' title="bbox 2319 912 3913 986">
    <p class='ocr_par' dir='ltr' id='par_1_24' title="bbox 2319 912 3913 986">
     <span class='ocr_line' id='line_1_24' title="bbox 2319 912 3913 986; baseline -0.002 -18"><span class='ocrx_word' id='word_1_166' title='bbox 2319 916 2533 981; x_wconf 68' lang='grc' dir='ltr'><strong>θείανί,</strong></span> <span class='ocrx_word' id='word_1_167' title='bbox 2586 918 2680 968; x_wconf 76' lang='grc' dir='ltr'><strong>καὶ</strong></span> <span class='ocrx_word' id='word_1_168' title='bbox 2727 915 2911 986; x_wconf 84' lang='grc' dir='ltr'>ἀπαθῆ</span> <span class='ocrx_word' id='word_1_169' title='bbox 2966 914 3128 985; x_wconf 88' lang='grc' dir='ltr'><strong>φύσιν</strong></span> <span class='ocrx_word' id='word_1_170' title='bbox 3178 916 3260 979; x_wconf 87' lang='grc' dir='ltr'><strong>είς</strong></span> <span class='ocrx_word' id='word_1_171' title='bbox 3312 914 3485 977; x_wconf 87' lang='grc' dir='ltr'><strong>πάθος</strong></span> <span class='ocrx_word' id='word_1_172' title='bbox 3526 912 3913 977; x_wconf 80' lang='grc' dir='ltr'><strong>κατασπῶσας</strong></span> 
     </span>
    </p>
   </div>
   <div class='ocr_carea' id='block_1_25' title="bbox 2317 1000 3916 1078">
    <p class='ocr_par' dir='ltr' id='par_1_25' title="bbox 2317 1000 3916 1078">
     <span class='ocr_line' id='line_1_25' title="bbox 2317 1000 3916 1078; baseline -0.004 -18"><span class='ocrx_word' id='word_1_173' title='bbox 2317 1008 2541 1070; x_wconf 81' lang='grc' dir='ltr'><strong>Πάντως</strong></span> <span class='ocrx_word' id='word_1_174' title='bbox 2586 1006 2692 1078; x_wconf 90' lang='grc' dir='ltr'><strong>γάρ</strong></span> <span class='ocrx_word' id='word_1_175' title='bbox 2741 1006 2815 1068; x_wconf 85' lang='grc' dir='ltr'><strong>ὡς</strong></span> <span class='ocrx_word' id='word_1_176' title='bbox 2869 1004 3193 1077; x_wconf 83' lang='grc' dir='ltr'><strong>ἰσχυροτέρα</strong></span> <span class='ocrx_word' id='word_1_177' title='bbox 3222 1006 3301 1067; x_wconf 85' lang='grc' dir='ltr'><strong>είς</strong></span> <span class='ocrx_word' id='word_1_178' title='bbox 3330 1004 3391 1057; x_wconf 79' lang='grc' dir='ltr'><strong>τὸ</strong></span> <span class='ocrx_word' id='word_1_179' title='bbox 3426 1003 3627 1072; x_wconf 81' lang='grc' dir='ltr'><strong>ἑαυτῆς</strong></span> <span class='ocrx_word' id='word_1_180' title='bbox 3663 1000 3916 1072; x_wconf 75' lang='grc' dir='ltr'><strong>ἐμπαθὲς</strong></span> 
     </span>
    </p>
   </div>
   <div class='ocr_carea' id='block_1_26' title="bbox 2322 1090 3916 1165">
    <p class='ocr_par' dir='ltr' id='par_1_26' title="bbox 2322 1090 3916 1165">
     <span class='ocr_line' id='line_1_26' title="bbox 2322 1090 3916 1165; baseline -0.004 -16"><span class='ocrx_word' id='word_1_181' title='bbox 2322 1096 2622 1165; x_wconf 81' lang='grc' dir='ltr'><strong>μετέστησε</strong></span> <span class='ocrx_word' id='word_1_182' title='bbox 2648 1096 2709 1149; x_wconf 79' lang='grc' dir='ltr'><strong>τὸ</strong></span> <span class='ocrx_word' id='word_1_183' title='bbox 2737 1095 2967 1157; x_wconf 86' lang='grc' dir='ltr'><strong>ἀπαθές.</strong></span> <span class='ocrx_word' id='word_1_184' title='bbox 2999 1095 3108 1147; x_wconf 70' lang='grc' dir='ltr'><strong>Καὶ</strong></span> <span class='ocrx_word' id='word_1_185' title='bbox 3136 1094 3218 1158; x_wconf 85' lang='grc' dir='ltr'><strong>τίς</strong></span> <span class='ocrx_word' id='word_1_186' title='bbox 3253 1095 3440 1163; x_wconf 75' lang='grc' dir='ltr'><strong>ὄνησις</strong></span> <span class='ocrx_word' id='word_1_187' title='bbox 3470 1092 3549 1162; x_wconf 84' lang='grc' dir='ltr'><strong>τῷ</strong></span> <span class='ocrx_word' id='word_1_188' title='bbox 3578 1090 3831 1162; x_wconf 81' lang='grc' dir='ltr'><strong>παθητῷ,</strong></span> <span class='ocrx_word' id='word_1_189' title='bbox 3863 1092 3916 1143; x_wconf 84' lang='grc' dir='ltr'><strong>εἰ</strong></span> 
     </span>
    </p>
   </div>
   <div class='ocr_carea' id='block_1_27' title="bbox 2318 1182 3917 1259">
    <p class='ocr_par' dir='ltr' id='par_1_27' title="bbox 2318 1182 3917 1259">
     <span class='ocr_line' id='line_1_27' title="bbox 2318 1182 3917 1259; baseline -0.004 -17"><span class='ocrx_word' id='word_1_190' title='bbox 2318 1189 2411 1242; x_wconf 77' lang='grc' dir='ltr'><strong>καί</strong></span> <span class='ocrx_word' id='word_1_191' title='bbox 2445 1188 2505 1242; x_wconf 73' lang='grc' dir='ltr'><strong>τὸ</strong></span> <span class='ocrx_word' id='word_1_192' title='bbox 2529 1188 2738 1253; x_wconf 83' lang='grc' dir='ltr'><strong>ἀπαθὲς</strong></span> <span class='ocrx_word' id='word_1_193' title='bbox 2776 1189 3017 1259; x_wconf 85' lang='grc' dir='ltr'><strong>παθητὸν</strong></span> <span class='ocrx_word' id='word_1_194' title='bbox 3047 1186 3257 1256; x_wconf 87' lang='grc' dir='ltr'><strong>γένοιτο</strong></span> <span class='ocrx_word' id='word_1_195' title='bbox 3280 1204 3293 1253; x_wconf 90' lang='grc'><strong>;</strong></span> <span class='ocrx_word' id='word_1_196' title='bbox 3324 1184 3577 1256; x_wconf 87' lang='grc' dir='ltr'><strong>Σωτηρία</strong></span> <span class='ocrx_word' id='word_1_197' title='bbox 3598 1183 3656 1237; x_wconf 79' lang='grc' dir='ltr'><strong>δὲ</strong></span> <span class='ocrx_word' id='word_1_198' title='bbox 3679 1182 3775 1236; x_wconf 81' lang='grc' dir='ltr'><strong>τοῦ</strong></span> <span class='ocrx_word' id='word_1_199' title='bbox 3803 1199 3917 1236; x_wconf 65' lang='grc' dir='ltr'><strong>παι</strong></span> 
     </span>
    </p>
   </div>
   <div class='ocr_carea' id='block_1_28' title="bbox 2318 1273 3917 1351">
    <p class='ocr_par' dir='ltr' id='par_1_28' title="bbox 2318 1273 3917 1351">
     <span class='ocr_line' id='line_1_28' title="bbox 2318 1273 3917 1351; baseline -0.004 -19"><span class='ocrx_word' id='word_1_200' title='bbox 2318 1279 2481 1350; x_wconf 81' lang='grc' dir='ltr'><strong>θητοῦ</strong></span> <span class='ocrx_word' id='word_1_201' title='bbox 2513 1281 2611 1351; x_wconf 86' lang='grc' dir='ltr'><strong>οὐχ</strong></span> <span class='ocrx_word' id='word_1_202' title='bbox 2641 1282 2674 1351; x_wconf 80' lang='grc' dir='ltr'><strong>ή</strong></span> <span class='ocrx_word' id='word_1_203' title='bbox 2714 1279 2809 1333; x_wconf 79' lang='grc' dir='ltr'><strong>τοῦ</strong></span> <span class='ocrx_word' id='word_1_204' title='bbox 2848 1279 3091 1342; x_wconf 75' lang='grc' dir='ltr'><strong>ἀπαθοῦς</strong></span> <span class='ocrx_word' id='word_1_205' title='bbox 3123 1278 3259 1351; x_wconf 80' lang='grc' dir='ltr'><strong>πρὸς</strong></span> <span class='ocrx_word' id='word_1_206' title='bbox 3290 1277 3422 1330; x_wconf 85' lang='grc' dir='ltr'><strong>αὐτὸ</strong></span> <span class='ocrx_word' id='word_1_207' title='bbox 3455 1274 3546 1329; x_wconf 82' lang='grc' dir='ltr'><strong>διὰ</strong></span> <span class='ocrx_word' id='word_1_208' title='bbox 3571 1273 3666 1331; x_wconf 79' lang='grc' dir='ltr'><strong>τοῦ</strong></span> <span class='ocrx_word' id='word_1_209' title='bbox 3702 1274 3917 1336; x_wconf 83' lang='grc' dir='ltr'><strong>πάθους</strong></span> 
     </span>
    </p>
   </div>
   <div class='ocr_carea' id='block_1_29' title="bbox 2319 1366 3917 1444">
    <p class='ocr_par' dir='ltr' id='par_1_29' title="bbox 2319 1366 3917 1444">
     <span class='ocr_line' id='line_1_29' title="bbox 2319 1366 3917 1444; baseline -0.005 -18"><span class='ocrx_word' id='word_1_210' title='bbox 2319 1372 2572 1426; x_wconf 78' lang='grc' dir='ltr'><strong>κοινωνία</strong></span> <span class='ocrx_word' id='word_1_211' title='bbox 2593 1388 2605 1399; x_wconf 90' lang='grc'><strong>·</strong></span> <span class='ocrx_word' id='word_1_212' title='bbox 2636 1372 2794 1426; x_wconf 81' lang='grc' dir='ltr'><strong>τοῦτο</strong></span> <span class='ocrx_word' id='word_1_213' title='bbox 2828 1373 2936 1444; x_wconf 89' lang='grc' dir='ltr'><strong>γάρ</strong></span> <span class='ocrx_word' id='word_1_214' title='bbox 2967 1372 3168 1442; x_wconf 83' lang='grc' dir='ltr'><strong>μᾶλλον</strong></span> <span class='ocrx_word' id='word_1_215' title='bbox 3199 1369 3427 1441; x_wconf 75' lang='grc' dir='ltr'><strong>αὗξησις</strong></span> <span class='ocrx_word' id='word_1_216' title='bbox 3458 1367 3552 1421; x_wconf 82' lang='grc' dir='ltr'><strong>τοῦ</strong></span> <span class='ocrx_word' id='word_1_217' title='bbox 3584 1366 3778 1429; x_wconf 82' lang='grc' dir='ltr'><strong>κακοῦ,</strong></span> <span class='ocrx_word' id='word_1_218' title='bbox 3809 1366 3917 1419; x_wconf 78' lang='grc' dir='ltr'><strong>οὐκ</strong></span> 
     </span>
    </p>
   </div>
   <div class='ocr_carea' id='block_1_30' title="bbox 2317 1461 3915 1537">
    <p class='ocr_par' dir='ltr' id='par_1_30' title="bbox 2317 1461 3915 1537">
     <span class='ocr_line' id='line_1_30' title="bbox 2317 1461 3915 1537; baseline -0.006 -18"><span class='ocrx_word' id='word_1_219' title='bbox 2317 1467 2630 1537; x_wconf 83' lang='grc' dir='ltr'><strong>ἀναίρεσις’</strong></span> <span class='ocrx_word' id='word_1_220' title='bbox 2663 1466 2741 1537; x_wconf 79' lang='grc' dir='ltr'><strong>τῷ</strong></span> <span class='ocrx_word' id='word_1_221' title='bbox 2776 1466 2885 1536; x_wconf 91' lang='grc' dir='ltr'><strong>γάρ</strong></span> <span class='ocrx_word' id='word_1_222' title='bbox 2931 1466 3102 1536; x_wconf 82' lang='grc' dir='ltr'><strong>ὁμοίῳ</strong></span> <span class='ocrx_word' id='word_1_223' title='bbox 3146 1465 3207 1517; x_wconf 74' lang='grc' dir='ltr'><strong>τὸ</strong></span> <span class='ocrx_word' id='word_1_224' title='bbox 3243 1463 3431 1534; x_wconf 77' lang='grc' dir='ltr'><strong>ἓτερον</strong></span> <span class='ocrx_word' id='word_1_225' title='bbox 3460 1462 3560 1515; x_wconf 83' lang='grc' dir='ltr'><strong>οὐκ</strong></span> <span class='ocrx_word' id='word_1_226' title='bbox 3603 1461 3915 1529; x_wconf 82' lang='grc' dir='ltr'><strong>ἀναιρεῖται</strong></span> 
     </span>
    </p>
   </div>
   <div class='ocr_carea' id='block_1_31' title="bbox 2317 1549 3915 1627">
    <p class='ocr_par' dir='ltr' id='par_1_31' title="bbox 2317 1549 3915 1627">
     <span class='ocr_line' id='line_1_31' title="bbox 2317 1549 3915 1627; baseline -0.005 -18"><span class='ocrx_word' id='word_1_227' title='bbox 2317 1558 2453 1611; x_wconf 89' lang='grc' dir='ltr'><strong>ἀλλά</strong></span> <span class='ocrx_word' id='word_1_228' title='bbox 2479 1557 2792 1622; x_wconf 78' lang='grc' dir='ltr'><strong>αὐξάνεται.</strong></span> <span class='ocrx_word' id='word_1_229' title='bbox 2829 1558 2926 1621; x_wconf 90' lang='grc' dir='ltr'><strong>Τίς</strong></span> <span class='ocrx_word' id='word_1_230' title='bbox 2963 1552 3055 1611; x_wconf 78' lang='grc' dir='ltr'><strong>οὖν</strong></span> <span class='ocrx_word' id='word_1_231' title='bbox 3103 1558 3134 1627; x_wconf 86' lang='grc' dir='ltr'><strong>ή</strong></span> <span class='ocrx_word' id='word_1_232' title='bbox 3188 1554 3432 1627; x_wconf 88' lang='grc' dir='ltr'><strong>σωτηρία</strong></span> <span class='ocrx_word' id='word_1_233' title='bbox 3478 1552 3571 1607; x_wconf 84' lang='grc' dir='ltr'><strong>τοῦ</strong></span> <span class='ocrx_word' id='word_1_234' title='bbox 3616 1549 3867 1620; x_wconf 81' lang='grc' dir='ltr'><strong>παθητοῦ</strong></span> <span class='ocrx_word' id='word_1_235' title='bbox 3902 1566 3915 1613; x_wconf 90' lang='lat'><strong>;</strong></span> 
     </span>
    </p>
   </div>
   <div class='ocr_carea' id='block_1_32' title="bbox 2330 1637 3902 1717">
    <p class='ocr_par' dir='ltr' id='par_1_32' title="bbox 2330 1637 3902 1717">
     <span class='ocr_line' id='line_1_32' title="bbox 2330 1637 3902 1717; baseline -0.006 -18"><span class='ocrx_word' id='word_1_236' title='bbox 2330 1647 2417 1710; x_wconf 83' lang='grc' dir='ltr'><strong>Ὦς</strong></span> <span class='ocrx_word' id='word_1_237' title='bbox 2447 1647 2550 1716; x_wconf 79' lang='grc' dir='ltr'><strong>ἔφη</strong></span> <span class='ocrx_word' id='word_1_238' title='bbox 2560 1664 2680 1716; x_wconf 89' lang='grc' dir='ltr'><strong>μεν,</strong></span> <span class='ocrx_word' id='word_1_239' title='bbox 2714 1648 2812 1716; x_wconf 80' lang='grc' dir='ltr'><strong>οὐχ</strong></span> <span class='ocrx_word' id='word_1_240' title='bbox 2841 1648 2874 1717; x_wconf 82' lang='grc' dir='ltr'>ἡ</span> <span class='ocrx_word' id='word_1_241' title='bbox 2903 1644 2998 1697; x_wconf 82' lang='grc' dir='ltr'><strong>τοῦ</strong></span> <span class='ocrx_word' id='word_1_242' title='bbox 3026 1643 3271 1707; x_wconf 81' lang='grc' dir='ltr'><strong>ἀπαθοῦς</strong></span> <span class='ocrx_word' id='word_1_243' title='bbox 3299 1642 3438 1713; x_wconf 71' lang='grc' dir='ltr'><strong>πρὸς</strong></span> <span class='ocrx_word' id='word_1_244' title='bbox 3468 1640 3601 1693; x_wconf 80' lang='grc' dir='ltr'><strong>αὐτὸ</strong></span> <span class='ocrx_word' id='word_1_245' title='bbox 3635 1637 3902 1691; x_wconf 77' lang='grc' dir='ltr'><strong>κοινωνία</strong></span> 
     </span>
    </p>
   </div>
   <div class='ocr_carea' id='block_1_33' title="bbox 2319 1730 3921 1809">
    <p class='ocr_par' dir='ltr' id='par_1_33' title="bbox 2319 1730 3921 1809">
     <span class='ocr_line' id='line_1_33' title="bbox 2319 1730 3921 1809; baseline -0.007 -17"><span class='ocrx_word' id='word_1_246' title='bbox 2319 1739 2436 1793; x_wconf 82' lang='grc' dir='ltr'><strong>ἀλλ’</strong></span> <span class='ocrx_word' id='word_1_247' title='bbox 2463 1741 2495 1809; x_wconf 80' lang='grc' dir='ltr'>ὴ</span> <span class='ocrx_word' id='word_1_248' title='bbox 2530 1738 2695 1792; x_wconf 78' lang='grc' dir='ltr'><strong>αὑτοῦ</strong></span> <span class='ocrx_word' id='word_1_249' title='bbox 2727 1738 2863 1807; x_wconf 85' lang='grc' dir='ltr'><strong>πρὸς</strong></span> <span class='ocrx_word' id='word_1_250' title='bbox 2893 1737 2953 1790; x_wconf 84' lang='grc' dir='ltr'><strong>τὸ</strong></span> <span class='ocrx_word' id='word_1_251' title='bbox 2979 1736 3188 1800; x_wconf 84' lang='grc' dir='ltr'><strong>ἀπαθὲς</strong></span> <span class='ocrx_word' id='word_1_252' title='bbox 3219 1735 3583 1806; x_wconf 80' lang='grc' dir='ltr'><strong>μετάστασις’</strong></span> <span class='ocrx_word' id='word_1_253' title='bbox 3620 1730 3648 1783; x_wconf 82' lang='grc' dir='ltr'><strong>ὃ</strong></span> <span class='ocrx_word' id='word_1_254' title='bbox 3688 1731 3785 1783; x_wconf 75' lang='grc' dir='ltr'><strong>καὶ</strong></span> <span class='ocrx_word' id='word_1_255' title='bbox 3814 1745 3921 1781; x_wconf 86' lang='grc' dir='ltr'><strong>πε-</strong></span> 
     </span>
    </p>
   </div>
   <div class='ocr_carea' id='block_1_34' title="bbox 636 1815 2222 1901">
    <p class='ocr_par' dir='ltr' id='par_1_34' title="bbox 636 1815 2215 1893">
     <span class='ocr_line' id='line_1_34' title="bbox 636 1815 2215 1893; baseline 0.007 -25"><span class='ocrx_word' id='word_1_256' title='bbox 636 1815 904 1885; x_wconf 83' lang='lat' dir='ltr'><strong>passibiiis</strong></span> <span class='ocrx_word' id='word_1_257' title='bbox 927 1827 1010 1872; x_wconf 84' lang='lat' dir='ltr'><strong>est</strong></span> <span class='ocrx_word' id='word_1_258' title='bbox 1039 1826 1247 1872; x_wconf 67' lang='lat' dir='ltr'><strong>natura:</strong></span> <span class='ocrx_word' id='word_1_259' title='bbox 1275 1820 1297 1872; x_wconf 88' lang='lat'><strong>?</strong></span> <span class='ocrx_word' id='word_1_260' title='bbox 1345 1817 1413 1874; x_wconf 88' lang='lat' dir='ltr'><strong>Ut</strong></span> <span class='ocrx_word' id='word_1_261' title='bbox 1440 1818 1694 1885; x_wconf 81' lang='lat' dir='ltr'><strong>diximus,</strong></span> <span class='ocrx_word' id='word_1_262' title='bbox 1728 1836 1830 1874; x_wconf 94' lang='lat' dir='ltr'><strong>non</strong></span> <span class='ocrx_word' id='word_1_263' title='bbox 1865 1823 2215 1893; x_wconf 87' lang='lat' dir='ltr'><strong>impassibilis</strong></span> 
     </span>
    </p>
   </div>
   <div class='ocr_carea' id='block_1_35' title="bbox 2328 1815 3921 1901">
    <p class='ocr_par' dir='ltr' id='par_1_35' title="bbox 2328 1820 3921 1901">
     <span class='ocr_line' id='line_1_35' title="bbox 2328 1820 3921 1901; baseline -0.008 -17"><span class='ocrx_word' id='word_1_264' title='bbox 2328 1833 2547 1900; x_wconf 87' lang='grc' dir='ltr'><strong>ποίηκεν</strong></span> <span class='ocrx_word' id='word_1_265' title='bbox 2591 1833 2619 1885; x_wconf 90' lang='grc' dir='ltr'>ὁ</span> <span class='ocrx_word' id='word_1_266' title='bbox 2662 1830 2938 1901; x_wconf 86' lang='grc' dir='ltr'><strong>Δεσπότης</strong></span> <span class='ocrx_word' id='word_1_267' title='bbox 2985 1828 3239 1900; x_wconf 78' lang='grc' dir='ltr'><strong>Χριστὸς,</strong></span> <span class='ocrx_word' id='word_1_268' title='bbox 3270 1828 3370 1880; x_wconf 77' lang='grc' dir='ltr'><strong>οὐκ</strong></span> <span class='ocrx_word' id='word_1_269' title='bbox 3416 1824 3577 1887; x_wconf 82' lang='grc' dir='ltr'><strong>αὐτὸς</strong></span> <span class='ocrx_word' id='word_1_270' title='bbox 3628 1822 3770 1876; x_wconf 84' lang='grc' dir='ltr'><strong>κατὰ</strong></span> <span class='ocrx_word' id='word_1_271' title='bbox 3813 1820 3921 1891; x_wconf 71' lang='grc' dir='ltr'><strong>τὴν</strong></span> 
     </span>
    </p>
   </div>
   <div class='ocr_carea' id='block_1_36' title="bbox 634 1908 2210 1983">
    <p class='ocr_par' dir='ltr' id='par_1_36' title="bbox 634 1908 2210 1983">
     <span class='ocr_line' id='line_1_36' title="bbox 634 1908 2210 1983; baseline 0.004 -20"><span class='ocrx_word' id='word_1_272' title='bbox 634 1923 820 1963; x_wconf 80' lang='lat' dir='ltr'><strong>secum</strong></span> <span class='ocrx_word' id='word_1_273' title='bbox 864 1908 914 1963; x_wconf 89' lang='lat' dir='ltr'><strong>in</strong></span> <span class='ocrx_word' id='word_1_274' title='bbox 957 1911 1206 1978; x_wconf 84' lang='lat' dir='ltr'><strong>passione</strong></span> <span class='ocrx_word' id='word_1_275' title='bbox 1239 1911 1504 1977; x_wconf 84' lang='lat' dir='ltr'><strong>societas,</strong></span> <span class='ocrx_word' id='word_1_276' title='bbox 1540 1914 1633 1967; x_wconf 88' lang='lat' dir='ltr'><strong>sed</strong></span> <span class='ocrx_word' id='word_1_277' title='bbox 1666 1914 1947 1968; x_wconf 84' lang='lat' dir='ltr'><strong>translatio</strong></span> <span class='ocrx_word' id='word_1_278' title='bbox 1996 1915 2112 1983; x_wconf 81' lang='lat' dir='ltr'><strong>ejus</strong></span> <span class='ocrx_word' id='word_1_279' title='bbox 2144 1918 2210 1970; x_wconf 86' lang='lat' dir='ltr'><strong>ad</strong></span> 
     </span>
    </p>
   </div>
   <div class='ocr_carea' id='block_1_37' title="bbox 635 2000 2213 2073">
    <p class='ocr_par' dir='ltr' id='par_1_37' title="bbox 635 2000 2213 2073">
     <span class='ocr_line' id='line_1_37' title="bbox 635 2000 2213 2073; baseline 0.006 -21"><span class='ocrx_word' id='word_1_280' title='bbox 635 2000 727 2065; x_wconf 88' lang='lat' dir='ltr'><strong>id,</strong></span> <span class='ocrx_word' id='word_1_281' title='bbox 761 2004 902 2069; x_wconf 91' lang='lat' dir='ltr'><strong>quod</strong></span> <span class='ocrx_word' id='word_1_282' title='bbox 952 2010 1036 2057; x_wconf 87' lang='lat' dir='ltr'><strong>est</strong></span> <span class='ocrx_word' id='word_1_283' title='bbox 1086 2004 1416 2072; x_wconf 87' lang='lat' dir='ltr'><strong>impassibile</strong></span> <span class='ocrx_word' id='word_1_284' title='bbox 1447 2020 1461 2057; x_wconf 89' lang='lat'><strong>:</strong></span> <span class='ocrx_word' id='word_1_285' title='bbox 1496 2005 1637 2073; x_wconf 88' lang='lat' dir='ltr'><strong>quod</strong></span> <span class='ocrx_word' id='word_1_286' title='bbox 1691 2014 1745 2060; x_wconf 91' lang='lat' dir='ltr'><strong>et</strong></span> <span class='ocrx_word' id='word_1_287' title='bbox 1788 2006 1917 2060; x_wconf 82' lang='lat' dir='ltr'><strong>fecit</strong></span> <span class='ocrx_word' id='word_1_288' title='bbox 1954 2006 2213 2062; x_wconf 85' lang='lat' dir='ltr'><strong>Dominus</strong></span> 
     </span>
    </p>
   </div>
   <div class='ocr_carea' id='block_1_38' title="bbox 633 2089 2215 2167">
    <p class='ocr_par' dir='ltr' id='par_1_38' title="bbox 633 2089 2215 2167">
     <span class='ocr_line' id='line_1_38' title="bbox 633 2089 2215 2167; baseline 0.005 -22"><span class='ocrx_word' id='word_1_289' title='bbox 633 2089 903 2154; x_wconf 87' lang='lat' dir='ltr'><strong>Christus,</strong></span> <span class='ocrx_word' id='word_1_290' title='bbox 934 2093 1058 2146; x_wconf 91' lang='lat' dir='ltr'><strong>dum</strong></span> <span class='ocrx_word' id='word_1_291' title='bbox 1084 2090 1200 2147; x_wconf 72' lang='lat' dir='ltr'><strong>hon</strong></span> <span class='ocrx_word' id='word_1_292' title='bbox 1230 2094 1341 2164; x_wconf 89' lang='lat' dir='ltr'><strong>ipse</strong></span> <span class='ocrx_word' id='word_1_293' title='bbox 1372 2095 1669 2149; x_wconf 88' lang='lat' dir='ltr'><strong>secundum</strong></span> <span class='ocrx_word' id='word_1_294' title='bbox 1704 2097 2036 2152; x_wconf 85' lang='lat' dir='ltr'><strong>divinitatem</strong></span> <span class='ocrx_word' id='word_1_295' title='bbox 2065 2098 2215 2167; x_wconf 84' lang='lat' dir='ltr'><strong>deje-</strong></span> 
     </span>
    </p>
   </div>
   <div class='ocr_carea' id='block_1_39' title="bbox 633 2183 2217 2258">
    <p class='ocr_par' dir='ltr' id='par_1_39' title="bbox 633 2183 2217 2258">
     <span class='ocr_line' id='line_1_39' title="bbox 633 2183 2217 2258; baseline 0.005 -23"><span class='ocrx_word' id='word_1_296' title='bbox 633 2193 751 2237; x_wconf 87' lang='lat' dir='ltr'><strong>ctus</strong></span> <span class='ocrx_word' id='word_1_297' title='bbox 785 2191 867 2237; x_wconf 86' lang='lat' dir='ltr'><strong>est</strong></span> <span class='ocrx_word' id='word_1_298' title='bbox 896 2184 962 2238; x_wconf 91' lang='lat' dir='ltr'><strong>ad</strong></span> <span class='ocrx_word' id='word_1_299' title='bbox 988 2183 1427 2252; x_wconf 88' lang='lat' dir='ltr'><strong>passionem,sed</strong></span> <span class='ocrx_word' id='word_1_300' title='bbox 1461 2200 1676 2240; x_wconf 89' lang='lat' dir='ltr'><strong>omnem</strong></span> <span class='ocrx_word' id='word_1_301' title='bbox 1706 2187 2096 2242; x_wconf 82' lang='lat' dir='ltr'><strong>humanitatem</strong></span> <span class='ocrx_word' id='word_1_302' title='bbox 2121 2204 2217 2258; x_wconf 93' lang='lat' dir='ltr'><strong>per</strong></span> 
     </span>
    </p>
   </div>
   <div class='ocr_carea' id='block_1_40' title="bbox 633 2278 2215 2342">
    <p class='ocr_par' dir='ltr' id='par_1_40' title="bbox 633 2278 2215 2342">
     <span class='ocr_line' id='line_1_40' title="bbox 633 2278 2215 2342; baseline 0.002 -13"><span class='ocrx_word' id='word_1_303' title='bbox 633 2289 787 2329; x_wconf 89' lang='lat' dir='ltr'><strong>suam</strong></span> <span class='ocrx_word' id='word_1_304' title='bbox 840 2284 1079 2329; x_wconf 88' lang='lat' dir='ltr'><strong>sanetam</strong></span> <span class='ocrx_word' id='word_1_305' title='bbox 1114 2290 1334 2329; x_wconf 86' lang='lat' dir='ltr'><strong>carnem</strong></span> <span class='ocrx_word' id='word_1_306' title='bbox 1371 2278 1423 2329; x_wconf 92' lang='lat' dir='ltr'><strong>in</strong></span> <span class='ocrx_word' id='word_1_307' title='bbox 1463 2278 1697 2332; x_wconf 83' lang='lat' dir='ltr'><strong>sublime</strong></span> <span class='ocrx_word' id='word_1_308' title='bbox 1731 2278 1946 2342; x_wconf 74' lang='lat' dir='ltr'><strong>evexit,</strong></span> <span class='ocrx_word' id='word_1_309' title='bbox 1982 2288 2035 2332; x_wconf 90' lang='lat' dir='ltr'><strong>et</strong></span> <span class='ocrx_word' id='word_1_310' title='bbox 2068 2279 2215 2333; x_wconf 90' lang='lat' dir='ltr'><strong>humi</strong></span> 
     </span>
    </p>
   </div>
   <div class='ocr_carea' id='block_1_41' title="bbox 628 2364 2215 2435">
    <p class='ocr_par' dir='ltr' id='par_1_41' title="bbox 628 2364 2215 2435">
     <span class='ocr_line' id='line_1_41' title="bbox 628 2364 2215 2435; baseline 0.006 -18"><span class='ocrx_word' id='word_1_311' title='bbox 628 2364 897 2433; x_wconf 70' lang='lat' dir='ltr'><strong>iacentem</strong></span> <span class='ocrx_word' id='word_1_312' title='bbox 925 2364 979 2417; x_wconf 87' lang='lat' dir='ltr'><strong>in</strong></span> <span class='ocrx_word' id='word_1_313' title='bbox 1009 2365 1177 2419; x_wconf 64' lang='lat' dir='ltr'><strong>oculos</strong></span> <span class='ocrx_word' id='word_1_314' title='bbox 1216 2366 1417 2429; x_wconf 78' lang='lat' dir='ltr'><strong>traxit,</strong></span> <span class='ocrx_word' id='word_1_315' title='bbox 1446 2376 1501 2419; x_wconf 91' lang='lat' dir='ltr'><strong>et</strong></span> <span class='ocrx_word' id='word_1_316' title='bbox 1532 2367 1736 2435; x_wconf 88' lang='lat' dir='ltr'><strong>pridem</strong></span> <span class='ocrx_word' id='word_1_317' title='bbox 1774 2368 1921 2422; x_wconf 91' lang='lat' dir='ltr'><strong>omni</strong></span> <span class='ocrx_word' id='word_1_318' title='bbox 1962 2368 2215 2426; x_wconf 87' lang='lat' dir='ltr'><strong>libertate</strong></span> 
     </span>
    </p>
   </div>
   <div class='ocr_carea' id='block_1_42' title="bbox 634 2455 2214 2527">
    <p class='ocr_par' dir='ltr' id='par_1_42' title="bbox 634 2455 2214 2527">
     <span class='ocr_line' id='line_1_42' title="bbox 634 2455 2214 2527; baseline 0.003 -18"><span class='ocrx_word' id='word_1_319' title='bbox 634 2456 947 2509; x_wconf 77' lang='lat' dir='ltr'><strong>deSIitutam</strong></span> <span class='ocrx_word' id='word_1_320' title='bbox 993 2455 1283 2523; x_wconf 85' lang='lat' dir='ltr'><strong>adoptione</strong></span> <span class='ocrx_word' id='word_1_321' title='bbox 1329 2455 1563 2509; x_wconf 78' lang='lat' dir='ltr'><strong>ﬁliorum</strong></span> <span class='ocrx_word' id='word_1_322' title='bbox 1615 2457 1868 2525; x_wconf 78' lang='lat' dir='ltr'><strong>dignatus</strong></span> <span class='ocrx_word' id='word_1_323' title='bbox 1921 2468 2025 2513; x_wconf 91' lang='lat' dir='ltr'><strong>est.</strong></span> <span class='ocrx_word' id='word_1_324' title='bbox 2084 2460 2214 2527; x_wconf 85' lang='lat' dir='ltr'><strong>Quis</strong></span> 
     </span>
    </p>
   </div>
   <div class='ocr_carea' id='block_1_43' title="bbox 634 2545 2215 2615">
    <p class='ocr_par' dir='ltr' id='par_1_43' title="bbox 634 2545 2215 2615">
     <span class='ocr_line' id='line_1_43' title="bbox 634 2545 2215 2615; baseline 0.003 -16"><span class='ocrx_word' id='word_1_325' title='bbox 634 2555 812 2599; x_wconf 86' lang='lat' dir='ltr'><strong>autem</strong></span> <span class='ocrx_word' id='word_1_326' title='bbox 834 2545 1047 2599; x_wconf 88' lang='lat' dir='ltr'><strong>debitor</strong></span> <span class='ocrx_word' id='word_1_327' title='bbox 1071 2554 1190 2599; x_wconf 91' lang='lat' dir='ltr'><strong>erat</strong></span> <span class='ocrx_word' id='word_1_328' title='bbox 1217 2545 1405 2599; x_wconf 89' lang='lat' dir='ltr'><strong>mortis</strong></span> <span class='ocrx_word' id='word_1_329' title='bbox 1426 2584 1440 2610; x_wconf 96' lang='lat'><strong>,</strong></span> <span class='ocrx_word' id='word_1_330' title='bbox 1475 2559 1595 2615; x_wconf 70' lang='lat' dir='ltr'><strong>quae</strong></span> <span class='ocrx_word' id='word_1_331' title='bbox 1620 2556 1787 2600; x_wconf 81' lang='lat' dir='ltr'><strong>estex</strong></span> <span class='ocrx_word' id='word_1_332' title='bbox 1816 2546 2215 2603; x_wconf 82' lang='lat' dir='ltr'><strong>inobedientia?</strong></span> 
     </span>
    </p>
   </div>
   <div class='ocr_carea' id='block_1_44' title="bbox 2320 1912 3917 1992">
    <p class='ocr_par' dir='ltr' id='par_1_44' title="bbox 2320 1912 3917 1992">
     <span class='ocr_line' id='line_1_44' title="bbox 2320 1912 3917 1992; baseline -0.007 -15"><span class='ocrx_word' id='word_1_333' title='bbox 2320 1924 2552 1992; x_wconf 88' lang='grc' dir='ltr'><strong>θεότητα</strong></span> <span class='ocrx_word' id='word_1_334' title='bbox 2579 1925 2659 1985; x_wconf 89' lang='grc' dir='ltr'><strong>είς</strong></span> <span class='ocrx_word' id='word_1_335' title='bbox 2692 1922 2861 1985; x_wconf 81' lang='grc' dir='ltr'>πάθος</span> <span class='ocrx_word' id='word_1_336' title='bbox 2897 1920 3344 1982; x_wconf 73' lang='grc' dir='ltr'><strong>καταϐιϐασθείς,</strong></span> <span class='ocrx_word' id='word_1_337' title='bbox 3385 1916 3522 1971; x_wconf 86' lang='grc' dir='ltr'><strong>ἀλλά</strong></span> <span class='ocrx_word' id='word_1_338' title='bbox 3552 1916 3645 1969; x_wconf 72' lang='grc' dir='ltr'><strong>καὶ</strong></span> <span class='ocrx_word' id='word_1_339' title='bbox 3675 1912 3777 1985; x_wconf 76' lang='grc' dir='ltr'><strong>τὴν</strong></span> <span class='ocrx_word' id='word_1_340' title='bbox 3813 1913 3917 1967; x_wconf 83' lang='grc' dir='ltr'><strong>ἀν⁶</strong></span> 
     </span>
    </p>
   </div>
   <div class='ocr_carea' id='block_1_45' title="bbox 2321 2005 3922 2088">
    <p class='ocr_par' dir='ltr' id='par_1_45' title="bbox 2321 2005 3922 2088">
     <span class='ocr_line' id='line_1_45' title="bbox 2321 2005 3922 2088; baseline -0.008 -18"><span class='ocrx_word' id='word_1_341' title='bbox 2321 2017 2650 2088; x_wconf 84' lang='grc' dir='ltr'><strong>θρωπὸτητα</strong></span> <span class='ocrx_word' id='word_1_342' title='bbox 2698 2017 2876 2069; x_wconf 77' lang='grc' dir='ltr'><strong>πᾶσαν</strong></span> <span class='ocrx_word' id='word_1_343' title='bbox 2910 2014 3000 2069; x_wconf 74' lang='grc' dir='ltr'><strong>διὰ</strong></span> <span class='ocrx_word' id='word_1_344' title='bbox 3048 2014 3149 2082; x_wconf 84' lang='grc' dir='ltr'><strong>τῆς</strong></span> <span class='ocrx_word' id='word_1_345' title='bbox 3196 2013 3356 2081; x_wconf 81' lang='grc' dir='ltr'><strong>ἁγίας</strong></span> <span class='ocrx_word' id='word_1_346' title='bbox 3402 2012 3603 2080; x_wconf 82' lang='grc' dir='ltr'><strong>σαρκὸς</strong></span> <span class='ocrx_word' id='word_1_347' title='bbox 3646 2008 3726 2070; x_wconf 87' lang='grc' dir='ltr'><strong>είς</strong></span> <span class='ocrx_word' id='word_1_348' title='bbox 3779 2005 3922 2073; x_wconf 67' lang='grc' dir='ltr'><strong>ὕψος</strong></span> 
     </span>
    </p>
   </div>
   <div class='ocr_carea' id='block_1_46' title="bbox 2322 2094 3923 2177">
    <p class='ocr_par' dir='ltr' id='par_1_46' title="bbox 2322 2094 3923 2177">
     <span class='ocr_line' id='line_1_46' title="bbox 2322 2094 3923 2177; baseline -0.009 -18"><span class='ocrx_word' id='word_1_349' title='bbox 2322 2107 2567 2177; x_wconf 90' lang='grc' dir='ltr'><strong>ἐγείρας,</strong></span> <span class='ocrx_word' id='word_1_350' title='bbox 2601 2105 2695 2159; x_wconf 73' lang='grc' dir='ltr'><strong>καὶ</strong></span> <span class='ocrx_word' id='word_1_351' title='bbox 2731 2105 2845 2176; x_wconf 71' lang='grc' dir='ltr'><strong>τὴν</strong></span> <span class='ocrx_word' id='word_1_352' title='bbox 2862 2104 3038 2175; x_wconf 75' lang='grc' dir='ltr'><strong>χαμαὶ</strong></span> <span class='ocrx_word' id='word_1_353' title='bbox 3065 2101 3328 2172; x_wconf 79' lang='grc' dir='ltr'><strong>κειμένην</strong></span> <span class='ocrx_word' id='word_1_354' title='bbox 3352 2101 3431 2164; x_wconf 86' lang='grc' dir='ltr'><strong>εἰς</strong></span> <span class='ocrx_word' id='word_1_355' title='bbox 3462 2096 3728 2168; x_wconf 79' lang='grc' dir='ltr'><strong>οὐρανοὺς</strong></span> <span class='ocrx_word' id='word_1_356' title='bbox 3758 2094 3923 2147; x_wconf 80' lang='grc' dir='ltr'><strong>ἀνελ-</strong></span> 
     </span>
    </p>
   </div>
   <div class='ocr_carea' id='block_1_47' title="bbox 2319 2184 3925 2267">
    <p class='ocr_par' dir='ltr' id='par_1_47' title="bbox 2319 2184 3925 2267">
     <span class='ocr_line' id='line_1_47' title="bbox 2319 2184 3925 2267; baseline -0.007 -19"><span class='ocrx_word' id='word_1_357' title='bbox 2319 2196 2531 2260; x_wconf 83' lang='grc' dir='ltr'><strong>κύσας,</strong></span> <span class='ocrx_word' id='word_1_358' title='bbox 2586 2195 2683 2249; x_wconf 73' lang='grc' dir='ltr'><strong>καὶ</strong></span> <span class='ocrx_word' id='word_1_359' title='bbox 2733 2196 2831 2267; x_wconf 81' lang='grc' dir='ltr'><strong>τὴν</strong></span> <span class='ocrx_word' id='word_1_360' title='bbox 2883 2194 3331 2267; x_wconf 70' lang='grc' dir='ltr'><strong>ἀπαρρησίαστον</strong></span> <span class='ocrx_word' id='word_1_361' title='bbox 3385 2188 3577 2260; x_wconf 81' lang='grc' dir='ltr'><strong>πρώην</strong></span> <span class='ocrx_word' id='word_1_362' title='bbox 3640 2184 3925 2246; x_wconf 77' lang='grc' dir='ltr'><strong>υἱοθεσίας</strong></span> 
     </span>
    </p>
   </div>
   <div class='ocr_carea' id='block_1_48' title="bbox 2319 2278 3925 2358">
    <p class='ocr_par' dir='ltr' id='par_1_48' title="bbox 2319 2278 3925 2358">
     <span class='ocr_line' id='line_1_48' title="bbox 2319 2278 3925 2358; baseline -0.009 -16"><span class='ocrx_word' id='word_1_363' title='bbox 2319 2286 2580 2353; x_wconf 82' lang='grc' dir='ltr'><strong>ἀξιώσας.</strong></span> <span class='ocrx_word' id='word_1_364' title='bbox 2617 2286 2710 2351; x_wconf 88' lang='grc' dir='ltr'><strong>Τίς</strong></span> <span class='ocrx_word' id='word_1_365' title='bbox 2741 2288 2797 2341; x_wconf 76' lang='grc' dir='ltr'><strong>δὲ</strong></span> <span class='ocrx_word' id='word_1_366' title='bbox 2833 2287 3127 2358; x_wconf 84' lang='grc' dir='ltr'><strong>ἐχρεώστει</strong></span> <span class='ocrx_word' id='word_1_367' title='bbox 3157 2286 3379 2347; x_wconf 84' lang='grc' dir='ltr'><strong>πάντως</strong></span> <span class='ocrx_word' id='word_1_368' title='bbox 3411 2282 3502 2336; x_wconf 83' lang='grc' dir='ltr'><strong>τὸν</strong></span> <span class='ocrx_word' id='word_1_369' title='bbox 3542 2283 3607 2335; x_wconf 79' lang='grc' dir='ltr'><strong>ἐκ</strong></span> <span class='ocrx_word' id='word_1_370' title='bbox 3634 2278 3737 2347; x_wconf 81' lang='grc' dir='ltr'><strong>τῆς</strong></span> <span class='ocrx_word' id='word_1_371' title='bbox 3775 2293 3925 2346; x_wconf 80' lang='grc' dir='ltr'><strong>παρ-</strong></span> 
     </span>
    </p>
   </div>
   <div class='ocr_carea' id='block_1_49' title="bbox 2319 2366 3925 2446">
    <p class='ocr_par' dir='ltr' id='par_1_49' title="bbox 2319 2366 3925 2446">
     <span class='ocr_line' id='line_1_49' title="bbox 2319 2366 3925 2446; baseline -0.005 -17"><span class='ocrx_word' id='word_1_372' title='bbox 2319 2377 2487 2446; x_wconf 83' lang='grc' dir='ltr'><strong>ακοῆς</strong></span> <span class='ocrx_word' id='word_1_373' title='bbox 2515 2376 2745 2431; x_wconf 85' lang='grc' dir='ltr'><strong>θάνατον</strong></span> <span class='ocrx_word' id='word_1_374' title='bbox 2773 2394 2786 2442; x_wconf 92' lang='grc'><strong>;</strong></span> <span class='ocrx_word' id='word_1_375' title='bbox 2832 2377 2896 2429; x_wconf 84' lang='grc' dir='ltr'>Ἡ</span> <span class='ocrx_word' id='word_1_376' title='bbox 2924 2376 3087 2445; x_wconf 86' lang='grc' dir='ltr'><strong>φύσις</strong></span> <span class='ocrx_word' id='word_1_377' title='bbox 3124 2375 3392 2443; x_wconf 81' lang='grc' dir='ltr'><strong>πάντωςὴ</strong></span> <span class='ocrx_word' id='word_1_378' title='bbox 3410 2368 3744 2442; x_wconf 87' lang='grc' dir='ltr'><strong>ἀνθρωπεία,</strong></span> <span class='ocrx_word' id='word_1_379' title='bbox 3764 2366 3868 2435; x_wconf 79' lang='grc' dir='ltr'><strong>οὐχ</strong></span> <span class='ocrx_word' id='word_1_380' title='bbox 3890 2368 3925 2434; x_wconf 81' lang='grc' dir='ltr'>ἡ</span> 
     </span>
    </p>
   </div>
   <div class='ocr_carea' id='block_1_50' title="bbox 2318 2456 3927 2534">
    <p class='ocr_par' dir='ltr' id='par_1_50' title="bbox 2318 2456 3927 2534">
     <span class='ocr_line' id='line_1_50' title="bbox 2318 2456 3927 2534; baseline -0.006 -17"><span class='ocrx_word' id='word_1_381' title='bbox 2318 2465 2463 2519; x_wconf 87' lang='grc' dir='ltr'><strong>θεία.</strong></span> <span class='ocrx_word' id='word_1_382' title='bbox 2496 2467 2629 2519; x_wconf 82' lang='grc' dir='ltr'><strong>Τίνα</strong></span> <span class='ocrx_word' id='word_1_383' title='bbox 2674 2462 2767 2519; x_wconf 82' lang='grc' dir='ltr'><strong>οὖν</strong></span> <span class='ocrx_word' id='word_1_384' title='bbox 2801 2465 3095 2519; x_wconf 85' lang='grc' dir='ltr'><strong>ἀκόλουθον</strong></span> <span class='ocrx_word' id='word_1_385' title='bbox 3129 2460 3196 2534; x_wconf 80' lang='grc' dir='ltr'><strong>ἦν</strong></span> <span class='ocrx_word' id='word_1_386' title='bbox 3236 2462 3526 2517; x_wconf 81' lang='grc' dir='ltr'><strong>ἀποδοῦναι</strong></span> <span class='ocrx_word' id='word_1_387' title='bbox 3576 2460 3667 2511; x_wconf 86' lang='grc' dir='ltr'><strong>τὸν</strong></span> <span class='ocrx_word' id='word_1_388' title='bbox 3704 2458 3769 2509; x_wconf 85' lang='grc' dir='ltr'><strong>ἐκ</strong></span> <span class='ocrx_word' id='word_1_389' title='bbox 3814 2456 3927 2523; x_wconf 78' lang='grc' dir='ltr'><strong>τῆς</strong></span> 
     </span>
    </p>
   </div>
   <div class='ocr_carea' id='block_1_51' title="bbox 2318 2559 2895 2629">
    <p class='ocr_par' dir='ltr' id='par_1_51' title="bbox 2318 2559 2895 2629">
     <span class='ocr_line' id='line_1_51' title="bbox 2318 2559 2895 2629; baseline -0.007 -18"><span class='ocrx_word' id='word_1_390' title='bbox 2318 2559 2606 2629; x_wconf 82' lang='grc' dir='ltr'><strong>παρακοῆς</strong></span> <span class='ocrx_word' id='word_1_391' title='bbox 2633 2559 2863 2611; x_wconf 89' lang='grc' dir='ltr'><strong>θάνατον</strong></span> <span class='ocrx_word' id='word_1_392' title='bbox 2882 2574 2895 2622; x_wconf 92' lang='grc'><strong>;</strong></span> 
     </span>
    </p>
   </div>
   <div class='ocr_carea' id='block_1_52' title="bbox 633 2640 3931 2721">
    <p class='ocr_par' dir='ltr' id='par_1_52' title="bbox 633 2640 3931 2721">
     <span class='ocr_line' id='line_1_52' title="bbox 633 2640 3931 2721; baseline -0.002 -23"><span class='ocrx_word' id='word_1_393' title='bbox 633 2641 869 2698; x_wconf 85' lang='lat' dir='ltr'><strong>Omnino</strong></span> <span class='ocrx_word' id='word_1_394' title='bbox 901 2644 1133 2698; x_wconf 86' lang='lat' dir='ltr'><strong>humana</strong></span> <span class='ocrx_word' id='word_1_395' title='bbox 1169 2652 1360 2697; x_wconf 89' lang='lat' dir='ltr'><strong>natura</strong></span> <span class='ocrx_word' id='word_1_396' title='bbox 1384 2680 1399 2708; x_wconf 95' lang='lat'><strong>,</strong></span> <span class='ocrx_word' id='word_1_397' title='bbox 1424 2657 1531 2700; x_wconf 91' lang='lat' dir='ltr'><strong>non</strong></span> <span class='ocrx_word' id='word_1_398' title='bbox 1564 2642 1767 2698; x_wconf 90' lang='lat' dir='ltr'><strong>divina.</strong></span> <span class='ocrx_word' id='word_1_399' title='bbox 1829 2642 2003 2710; x_wconf 88' lang='lat' dir='ltr'><strong>Quam</strong></span> <span class='ocrx_word' id='word_1_400' title='bbox 2052 2645 2215 2715; x_wconf 71' lang='lat' dir='ltr'><strong>igitur</strong></span> <span class='ocrx_word' id='word_1_401' title='bbox 2254 2662 2678 2707; x_wconf 87' lang='lat' dir='ltr'><strong>consentaneum</strong></span> <span class='ocrx_word' id='word_1_402' title='bbox 2747 2660 2863 2707; x_wconf 89' lang='lat' dir='ltr'><strong>erat</strong></span> <span class='ocrx_word' id='word_1_403' title='bbox 2895 2649 3205 2721; x_wconf 87' lang='lat' dir='ltr'><strong>persolvere</strong></span> <span class='ocrx_word' id='word_1_404' title='bbox 3268 2655 3493 2702; x_wconf 89' lang='lat' dir='ltr'><strong>mortem</strong></span> <span class='ocrx_word' id='word_1_405' title='bbox 3518 2660 3581 2700; x_wconf 78' lang='lat' dir='ltr'><strong>ex</strong></span> <span class='ocrx_word' id='word_1_406' title='bbox 3610 2640 3931 2698; x_wconf 88' lang='lat' dir='ltr'><strong>inobedien-</strong></span> 
     </span>
    </p>
   </div>
   <div class='ocr_carea' id='block_1_53' title="bbox 638 2735 1154 2790">
    <p class='ocr_par' dir='ltr' id='par_1_53' title="bbox 638 2735 1154 2790">
     <span class='ocr_line' id='line_1_53' title="bbox 638 2735 1154 2790; baseline 0.004 -3"><span class='ocrx_word' id='word_1_407' title='bbox 638 2735 711 2788; x_wconf 88' lang='lat' dir='ltr'><strong>tia</strong></span> <span class='ocrx_word' id='word_1_408' title='bbox 754 2736 1101 2790; x_wconf 73' lang='lat' dir='ltr'><strong>exsistentem</strong></span> <span class='ocrx_word' id='word_1_409' title='bbox 1130 2735 1154 2789; x_wconf 87' lang='lat'><strong>?</strong></span> 
     </span>
    </p>
   </div>
   <div class='ocr_carea' id='block_1_54' title="bbox 1195 2844 1669 2918">
    <p class='ocr_par' dir='ltr' id='par_1_54' title="bbox 1195 2844 1669 2918">
     <span class='ocr_line' id='line_1_54' title="bbox 1195 2844 1669 2918; baseline 0.004 -17"><span class='ocrx_word' id='word_1_410' title='bbox 1195 2844 1381 2918; x_wconf 75' lang='lat' dir='ltr'><strong>Cyrilli</strong></span> <span class='ocrx_word' id='word_1_411' title='bbox 1413 2846 1669 2915; x_wconf 76' lang='lat' dir='ltr'><strong>defensio.</strong></span> 
     </span>
    </p>
   </div>
   <div class='ocr_carea' id='block_1_55' title="bbox 710 2963 2221 3034">
    <p class='ocr_par' dir='ltr' id='par_1_55' title="bbox 710 2963 2221 3034">
     <span class='ocr_line' id='line_1_55' title="bbox 710 2963 2221 3034; baseline -0.002 -14"><span class='ocrx_word' id='word_1_412' title='bbox 710 2966 1039 3020; x_wconf 84' lang='lat' dir='ltr'><strong>Admiranda</strong></span> <span class='ocrx_word' id='word_1_413' title='bbox 1102 2964 1345 3034; x_wconf 80' lang='lat' dir='ltr'><strong>profecto</strong></span> <span class='ocrx_word' id='word_1_414' title='bbox 1404 2963 1648 3019; x_wconf 86' lang='lat' dir='ltr'><strong>veritatis</strong></span> <span class='ocrx_word' id='word_1_415' title='bbox 1710 2964 1947 3033; x_wconf 89' lang='lat' dir='ltr'><strong>potentia</strong></span> <span class='ocrx_word' id='word_1_416' title='bbox 1994 2974 2121 3018; x_wconf 89' lang='lat' dir='ltr'><strong>est:</strong></span> <span class='ocrx_word' id='word_1_417' title='bbox 2171 2965 2221 3018; x_wconf 90' lang='lat' dir='ltr'><strong>id</strong></span> 
     </span>
    </p>
   </div>
   <div class='ocr_carea' id='block_1_56' title="bbox 2784 2849 3464 2921">
    <p class='ocr_par' dir='ltr' id='par_1_56' title="bbox 2784 2849 3464 2921">
     <span class='ocr_line' id='line_1_56' title="bbox 2784 2849 3464 2921; baseline -0.009 -16"><span class='ocrx_word' id='word_1_418' title='bbox 2784 2850 3099 2921; x_wconf 77' lang='grc' dir='ltr'><strong>Ἀπολογία</strong></span> <span class='ocrx_word' id='word_1_419' title='bbox 3137 2849 3464 2915; x_wconf 72' lang='grc' dir='ltr'><strong>Κυρίλλου.</strong></span> 
     </span>
    </p>
   </div>
   <div class='ocr_carea' id='block_1_57' title="bbox 2412 2954 3925 3031">
    <p class='ocr_par' dir='ltr' id='par_1_57' title="bbox 2412 2954 3925 3031">
     <span class='ocr_line' id='line_1_57' title="bbox 2412 2954 3925 3031; baseline -0.007 -15"><span class='ocrx_word' id='word_1_420' title='bbox 2412 2963 2763 3031; x_wconf 81' lang='grc' dir='ltr'><strong>Ἀξιάγαστος</strong></span> <span class='ocrx_word' id='word_1_421' title='bbox 2788 2961 2861 3025; x_wconf 85' lang='grc' dir='ltr'><strong>ὼς</strong></span> <span class='ocrx_word' id='word_1_422' title='bbox 2891 2960 3108 3027; x_wconf 87' lang='grc' dir='ltr'><strong>ἀληθῶς</strong></span> <span class='ocrx_word' id='word_1_423' title='bbox 3149 2959 3246 3029; x_wconf 83' lang='grc' dir='ltr'><strong>τῆς</strong></span> <span class='ocrx_word' id='word_1_424' title='bbox 3294 2956 3555 3028; x_wconf 75' lang='grc' dir='ltr'><strong>ἀληθείας</strong></span> <span class='ocrx_word' id='word_1_425' title='bbox 3582 2957 3615 3025; x_wconf 70' lang='grc' dir='ltr'>ἡ</span> <span class='ocrx_word' id='word_1_426' title='bbox 3648 2954 3883 3025; x_wconf 86' lang='grc' dir='ltr'><strong>δύναμις</strong></span> <span class='ocrx_word' id='word_1_427' title='bbox 3910 2972 3925 2986; x_wconf 91' lang='grc'><strong>·</strong></span> 
     </span>
    </p>
   </div>
   <div class='ocr_carea' id='block_1_58' title="bbox 646 3044 2222 3127">
    <p class='ocr_par' dir='ltr' id='par_1_58' title="bbox 646 3054 2222 3126">
     <span class='ocr_line' id='line_1_58' title="bbox 646 3054 2222 3126; baseline 0.003 -18"><span class='ocrx_word' id='word_1_428' title='bbox 646 3057 791 3126; x_wconf 88' lang='lat' dir='ltr'><strong>quod</strong></span> <span class='ocrx_word' id='word_1_429' title='bbox 824 3056 1157 3125; x_wconf 81' lang='lat' dir='ltr'><strong>experientia</strong></span> <span class='ocrx_word' id='word_1_430' title='bbox 1193 3065 1445 3111; x_wconf 80' lang='lat' dir='ltr'><strong>testatur.</strong></span> <span class='ocrx_word' id='word_1_431' title='bbox 1500 3054 1615 3110; x_wconf 83' lang='lat' dir='ltr'><strong>Non</strong></span> <span class='ocrx_word' id='word_1_432' title='bbox 1669 3056 1811 3110; x_wconf 90' lang='lat' dir='ltr'><strong>enim</strong></span> <span class='ocrx_word' id='word_1_433' title='bbox 1865 3056 1995 3109; x_wconf 86' lang='lat' dir='ltr'><strong>mihi</strong></span> <span class='ocrx_word' id='word_1_434' title='bbox 2053 3056 2222 3112; x_wconf 85' lang='lat' dir='ltr'><strong>multo</strong></span> 
     </span>
    </p>
   </div>
   <div class='ocr_carea' id='block_1_59' title="bbox 2328 3044 3931 3127">
    <p class='ocr_par' dir='ltr' id='par_1_59' title="bbox 2331 3047 3931 3127">
     <span class='ocr_line' id='line_1_59' title="bbox 2331 3047 3931 3127; baseline -0.007 -16"><span class='ocrx_word' id='word_1_435' title='bbox 2331 3061 2424 3111; x_wconf 73' lang='grc' dir='ltr'><strong>καὶ</strong></span> <span class='ocrx_word' id='word_1_436' title='bbox 2458 3059 2667 3127; x_wconf 84' lang='grc' dir='ltr'><strong>μάρτυς</strong></span> <span class='ocrx_word' id='word_1_437' title='bbox 2697 3060 2730 3126; x_wconf 81' lang='grc' dir='ltr'>ἡ</span> <span class='ocrx_word' id='word_1_438' title='bbox 2756 3059 2938 3127; x_wconf 87' lang='grc' dir='ltr'><strong>πεῖρα.</strong></span> <span class='ocrx_word' id='word_1_439' title='bbox 2976 3056 3051 3107; x_wconf 86' lang='grc' dir='ltr'><strong>Ού</strong></span> <span class='ocrx_word' id='word_1_440' title='bbox 3080 3054 3189 3124; x_wconf 90' lang='grc' dir='ltr'><strong>γάρ</strong></span> <span class='ocrx_word' id='word_1_441' title='bbox 3235 3069 3324 3121; x_wconf 89' lang='grc' dir='ltr'><strong>μοι</strong></span> <span class='ocrx_word' id='word_1_442' title='bbox 3359 3049 3571 3121; x_wconf 69' lang='grc' dir='ltr'><strong>μακροῦ</strong></span> <span class='ocrx_word' id='word_1_443' title='bbox 3616 3048 3803 3117; x_wconf 80' lang='grc' dir='ltr'><strong>δεήσει</strong></span> <span class='ocrx_word' id='word_1_444' title='bbox 3834 3047 3931 3100; x_wconf 86' lang='grc' dir='ltr'><strong>λὸ-</strong></span> 
     </span>
    </p>
   </div>
   <div class='ocr_carea' id='block_1_60' title="bbox 640 3148 2221 3217">
    <p class='ocr_par' dir='ltr' id='par_1_60' title="bbox 640 3148 2221 3217">
     <span class='ocr_line' id='line_1_60' title="bbox 640 3148 2221 3217; baseline -0.001 -13"><span class='ocrx_word' id='word_1_445' title='bbox 640 3163 893 3204; x_wconf 88' lang='lat' dir='ltr'><strong>sermone</strong></span> <span class='ocrx_word' id='word_1_446' title='bbox 923 3150 989 3203; x_wconf 90' lang='lat' dir='ltr'><strong>ad</strong></span> <span class='ocrx_word' id='word_1_447' title='bbox 1014 3149 1384 3203; x_wconf 76' lang='lat' dir='ltr'><strong>defensionem</strong></span> <span class='ocrx_word' id='word_1_448' title='bbox 1422 3162 1556 3216; x_wconf 82' lang='lat' dir='ltr'><strong>opus</strong></span> <span class='ocrx_word' id='word_1_449' title='bbox 1584 3159 1689 3211; x_wconf 86' lang='lat' dir='ltr'><strong>est,</strong></span> <span class='ocrx_word' id='word_1_450' title='bbox 1708 3148 1774 3202; x_wconf 89' lang='lat' dir='ltr'><strong>ad</strong></span> <span class='ocrx_word' id='word_1_451' title='bbox 1790 3150 2221 3217; x_wconf 87' lang='lat' dir='ltr'><strong>persuadendum</strong></span> 
     </span>
    </p>
   </div>
   <div class='ocr_carea' id='block_1_61' title="bbox 642 3240 2225 3310">
    <p class='ocr_par' dir='ltr' id='par_1_61' title="bbox 642 3240 2225 3310">
     <span class='ocr_line' id='line_1_61' title="bbox 642 3240 2225 3310; baseline -0.001 -13"><span class='ocrx_word' id='word_1_452' title='bbox 642 3241 852 3297; x_wconf 70' lang='lat' dir='ltr'><strong>scilicet</strong></span> <span class='ocrx_word' id='word_1_453' title='bbox 910 3241 1217 3309; x_wconf 88' lang='lat' dir='ltr'><strong>oppositum</strong></span> <span class='ocrx_word' id='word_1_454' title='bbox 1275 3242 1534 3310; x_wconf 86' lang='lat' dir='ltr'><strong>deceptis,</strong></span> <span class='ocrx_word' id='word_1_455' title='bbox 1582 3248 1641 3293; x_wconf 91' lang='lat' dir='ltr'><strong>ut</strong></span> <span class='ocrx_word' id='word_1_456' title='bbox 1717 3240 2028 3309; x_wconf 86' lang='lat' dir='ltr'><strong>opinantur,</strong></span> <span class='ocrx_word' id='word_1_457' title='bbox 2084 3241 2225 3309; x_wconf 90' lang='lat' dir='ltr'><strong>quod</strong></span> 
     </span>
    </p>
   </div>
   <div class='ocr_carea' id='block_1_62' title="bbox 646 3332 2224 3403">
    <p class='ocr_par' dir='ltr' id='par_1_62' title="bbox 646 3332 2224 3403">
     <span class='ocr_line' id='line_1_62' title="bbox 646 3332 2224 3403; baseline -0.002 -17"><span class='ocrx_word' id='word_1_458' title='bbox 646 3332 961 3403; x_wconf 81' lang='lat' dir='ltr'><strong>passibilem</strong></span> <span class='ocrx_word' id='word_1_459' title='bbox 984 3346 1106 3386; x_wconf 87' lang='lat' dir='ltr'><strong>esse</strong></span> <span class='ocrx_word' id='word_1_460' title='bbox 1164 3332 1411 3386; x_wconf 88' lang='lat' dir='ltr'><strong>dicamus</strong></span> <span class='ocrx_word' id='word_1_461' title='bbox 1476 3334 1718 3387; x_wconf 86' lang='lat' dir='ltr'><strong>divinam</strong></span> <span class='ocrx_word' id='word_1_462' title='bbox 1766 3332 1924 3386; x_wconf 80' lang='lat' dir='ltr'><strong>Verbi</strong></span> <span class='ocrx_word' id='word_1_463' title='bbox 1956 3340 2224 3396; x_wconf 90' lang='lat' dir='ltr'><strong>naturam,</strong></span> 
     </span>
    </p>
   </div>
   <div class='ocr_carea' id='block_1_63' title="bbox 646 3424 2228 3494">
    <p class='ocr_par' dir='ltr' id='par_1_63' title="bbox 646 3424 2228 3494">
     <span class='ocr_line' id='line_1_63' title="bbox 646 3424 2228 3494; baseline -0.001 -14"><span class='ocrx_word' id='word_1_464' title='bbox 646 3442 768 3480; x_wconf 89' lang='lat' dir='ltr'><strong>cum</strong></span> <span class='ocrx_word' id='word_1_465' title='bbox 802 3424 965 3479; x_wconf 85' lang='lat' dir='ltr'><strong>semel</strong></span> <span class='ocrx_word' id='word_1_466' title='bbox 989 3424 1284 3478; x_wconf 83' lang='lat' dir='ltr'><strong>adversarii</strong></span> <span class='ocrx_word' id='word_1_467' title='bbox 1320 3424 1459 3479; x_wconf 87' lang='lat' dir='ltr'><strong>ultro</strong></span> <span class='ocrx_word' id='word_1_468' title='bbox 1487 3424 1720 3480; x_wconf 79' lang='lat' dir='ltr'><strong>confessi</strong></span> <span class='ocrx_word' id='word_1_469' title='bbox 1744 3425 1875 3489; x_wconf 91' lang='lat' dir='ltr'><strong>sint,</strong></span> <span class='ocrx_word' id='word_1_470' title='bbox 1912 3425 2072 3494; x_wconf 90' lang='lat' dir='ltr'><strong>idque</strong></span> <span class='ocrx_word' id='word_1_471' title='bbox 2094 3425 2228 3478; x_wconf 87' lang='lat' dir='ltr'><strong>satis</strong></span> 
     </span>
    </p>
   </div>
   <div class='ocr_carea' id='block_1_64' title="bbox 647 3512 2227 3585">
    <p class='ocr_par' dir='ltr' id='par_1_64' title="bbox 647 3512 2227 3585">
     <span class='ocr_line' id='line_1_64' title="bbox 647 3512 2227 3585; baseline 0 -16"><span class='ocrx_word' id='word_1_472' title='bbox 647 3515 953 3585; x_wconf 81' lang='lat' dir='ltr'><strong>perspicue,</strong></span> <span class='ocrx_word' id='word_1_473' title='bbox 985 3529 1089 3569; x_wconf 89' lang='lat' dir='ltr'><strong>non</strong></span> <span class='ocrx_word' id='word_1_474' title='bbox 1127 3512 1194 3568; x_wconf 87' lang='lat' dir='ltr'><strong>ab</strong></span> <span class='ocrx_word' id='word_1_475' title='bbox 1230 3514 1333 3568; x_wconf 88' lang='lat' dir='ltr'><strong>illis</strong></span> <span class='ocrx_word' id='word_1_476' title='bbox 1362 3515 1681 3569; x_wconf 88' lang='lat' dir='ltr'><strong>criminibus</strong></span> <span class='ocrx_word' id='word_1_477' title='bbox 1713 3529 1833 3570; x_wconf 88' lang='lat' dir='ltr'><strong>esse</strong></span> <span class='ocrx_word' id='word_1_478' title='bbox 1864 3515 2093 3569; x_wconf 89' lang='lat' dir='ltr'><strong>alienos.</strong></span> <span class='ocrx_word' id='word_1_479' title='bbox 2119 3515 2227 3570; x_wconf 89' lang='lat' dir='ltr'><strong>Sed</strong></span> 
     </span>
    </p>
   </div>
   <div class='ocr_carea' id='block_1_65' title="bbox 649 3606 2231 3676">
    <p class='ocr_par' dir='ltr' id='par_1_65' title="bbox 649 3606 2231 3676">
     <span class='ocr_line' id='line_1_65' title="bbox 649 3606 2231 3676; baseline 0.003 -18"><span class='ocrx_word' id='word_1_480' title='bbox 649 3607 775 3676; x_wconf 87' lang='lat' dir='ltr'><strong>quia</strong></span> <span class='ocrx_word' id='word_1_481' title='bbox 837 3615 1131 3675; x_wconf 85' lang='lat' dir='ltr'><strong>sumptum,</strong></span> <span class='ocrx_word' id='word_1_482' title='bbox 1170 3606 1309 3676; x_wconf 85' lang='lat' dir='ltr'><strong>quod</strong></span> <span class='ocrx_word' id='word_1_483' title='bbox 1341 3606 1712 3676; x_wconf 87' lang='lat' dir='ltr'><strong>suppositione</strong></span> <span class='ocrx_word' id='word_1_484' title='bbox 1745 3606 1903 3676; x_wconf 81' lang='lat'><strong>197</strong></span> <span class='ocrx_word' id='word_1_485' title='bbox 1949 3621 2052 3661; x_wconf 93' lang='lat' dir='ltr'><strong>non</strong></span> <span class='ocrx_word' id='word_1_486' title='bbox 2085 3608 2231 3662; x_wconf 55' lang='lat' dir='ltr'><strong>india</strong></span> 
     </span>
    </p>
   </div>
   <div class='ocr_carea' id='block_1_66' title="bbox 650 3697 2231 3767">
    <p class='ocr_par' dir='ltr' id='par_1_66' title="bbox 650 3697 2231 3767">
     <span class='ocr_line' id='line_1_66' title="bbox 650 3697 2231 3767; baseline 0.001 -16"><span class='ocrx_word' id='word_1_487' title='bbox 650 3708 794 3766; x_wconf 71' lang='lat' dir='ltr'><strong>gest,</strong></span> <span class='ocrx_word' id='word_1_488' title='bbox 820 3699 885 3751; x_wconf 90' lang='lat' dir='ltr'><strong>ad</strong></span> <span class='ocrx_word' id='word_1_489' title='bbox 942 3713 1100 3753; x_wconf 87' lang='lat' dir='ltr'><strong>suum</strong></span> <span class='ocrx_word' id='word_1_490' title='bbox 1158 3698 1371 3751; x_wconf 89' lang='lat' dir='ltr'><strong>libitum</strong></span> <span class='ocrx_word' id='word_1_491' title='bbox 1424 3697 1730 3753; x_wconf 87' lang='lat' dir='ltr'><strong>inconsulte</strong></span> <span class='ocrx_word' id='word_1_492' title='bbox 1792 3710 2119 3767; x_wconf 91' lang='lat' dir='ltr'><strong>proponunt,</strong></span> <span class='ocrx_word' id='word_1_493' title='bbox 2180 3708 2231 3753; x_wconf 88' lang='lat' dir='ltr'><strong>et</strong></span> 
     </span>
    </p>
   </div>
   <div class='ocr_carea' id='block_1_67' title="bbox 652 3790 2228 3859">
    <p class='ocr_par' dir='ltr' id='par_1_67' title="bbox 652 3790 2228 3859">
     <span class='ocr_line' id='line_1_67' title="bbox 652 3790 2228 3859; baseline 0 -14"><span class='ocrx_word' id='word_1_494' title='bbox 652 3790 871 3845; x_wconf 89' lang='lat' dir='ltr'><strong>acribus</strong></span> <span class='ocrx_word' id='word_1_495' title='bbox 904 3791 1291 3859; x_wconf 81' lang='lat' dir='ltr'><strong>cegitationum</strong></span> <span class='ocrx_word' id='word_1_496' title='bbox 1314 3791 1548 3844; x_wconf 88' lang='lat' dir='ltr'><strong>inventis</strong></span> <span class='ocrx_word' id='word_1_497' title='bbox 1577 3800 1845 3845; x_wconf 87' lang='lat' dir='ltr'><strong>conantur</strong></span> <span class='ocrx_word' id='word_1_498' title='bbox 1872 3791 1975 3843; x_wconf 88' lang='lat' dir='ltr'><strong>vim</strong></span> <span class='ocrx_word' id='word_1_499' title='bbox 1998 3806 2109 3845; x_wconf 64' lang='lat' dir='ltr'><strong>suae</strong></span> <span class='ocrx_word' id='word_1_500' title='bbox 2136 3806 2228 3845; x_wconf 89' lang='lat' dir='ltr'><strong>sa-</strong></span> 
     </span>
    </p>
   </div>
   <div class='ocr_carea' id='block_1_68' title="bbox 650 3880 2232 3949">
    <p class='ocr_par' dir='ltr' id='par_1_68' title="bbox 650 3880 2232 3949">
     <span class='ocr_line' id='line_1_68' title="bbox 650 3880 2232 3949; baseline 0.001 -16"><span class='ocrx_word' id='word_1_501' title='bbox 650 3880 901 3949; x_wconf 75' lang='lat' dir='ltr'><strong>gacitatis</strong></span> <span class='ocrx_word' id='word_1_502' title='bbox 926 3883 1229 3944; x_wconf 77' lang='lat' dir='ltr'><strong>ostendere,</strong></span> <span class='ocrx_word' id='word_1_503' title='bbox 1299 3896 1361 3935; x_wconf 89' lang='lat' dir='ltr'><strong>ac</strong></span> <span class='ocrx_word' id='word_1_504' title='bbox 1385 3882 1733 3935; x_wconf 78' lang='lat' dir='ltr'><strong>vehementer</strong></span> <span class='ocrx_word' id='word_1_505' title='bbox 1791 3880 2081 3935; x_wconf 86' lang='lat' dir='ltr'><strong>admodum</strong></span> <span class='ocrx_word' id='word_1_506' title='bbox 2137 3882 2232 3935; x_wconf 82' lang='lat' dir='ltr'><strong>ad-</strong></span> 
     </span>
    </p>
   </div>
   <div class='ocr_carea' id='block_1_69' title="bbox 651 3971 2230 4040">
    <p class='ocr_par' dir='ltr' id='par_1_69' title="bbox 651 3971 2230 4040">
     <span class='ocr_line' id='line_1_69' title="bbox 651 3971 2230 4040; baseline 0.001 -17"><span class='ocrx_word' id='word_1_507' title='bbox 651 3980 963 4037; x_wconf 88' lang='lat' dir='ltr'><strong>struunt,ut</strong></span> <span class='ocrx_word' id='word_1_508' title='bbox 985 3973 1359 4026; x_wconf 83' lang='lat' dir='ltr'><strong>demonstrent</strong></span> <span class='ocrx_word' id='word_1_509' title='bbox 1391 3971 1725 4040; x_wconf 88' lang='lat' dir='ltr'><strong>impassibile</strong></span> <span class='ocrx_word' id='word_1_510' title='bbox 1750 3972 2048 4027; x_wconf 85' lang='lat' dir='ltr'><strong>secundum</strong></span> <span class='ocrx_word' id='word_1_511' title='bbox 2080 3988 2230 4027; x_wconf 86' lang='lat' dir='ltr'><strong>suam</strong></span> 
     </span>
    </p>
   </div>
   <div class='ocr_carea' id='block_1_70' title="bbox 654 4061 2232 4132">
    <p class='ocr_par' dir='ltr' id='par_1_70' title="bbox 654 4061 2232 4132">
     <span class='ocr_line' id='line_1_70' title="bbox 654 4061 2232 4132; baseline 0.002 -20"><span class='ocrx_word' id='word_1_512' title='bbox 654 4068 903 4115; x_wconf 91' lang='lat' dir='ltr'><strong>naturam</strong></span> <span class='ocrx_word' id='word_1_513' title='bbox 931 4077 1054 4116; x_wconf 88' lang='lat' dir='ltr'><strong>esse</strong></span> <span class='ocrx_word' id='word_1_514' title='bbox 1080 4062 1174 4115; x_wconf 86' lang='lat' dir='ltr'><strong>Dei</strong></span> <span class='ocrx_word' id='word_1_515' title='bbox 1199 4061 1431 4116; x_wconf 83' lang='lat' dir='ltr'><strong>Verbum</strong></span> <span class='ocrx_word' id='word_1_516' title='bbox 1457 4079 1471 4127; x_wconf 86' lang='lat'><strong>;</strong></span> <span class='ocrx_word' id='word_1_517' title='bbox 1502 4063 1728 4115; x_wconf 86' lang='lat' dir='ltr'><strong>audiant</strong></span> <span class='ocrx_word' id='word_1_518' title='bbox 1794 4077 1823 4115; x_wconf 83' lang='lat' dir='ltr'><strong>a</strong></span> <span class='ocrx_word' id='word_1_519' title='bbox 1861 4063 2040 4129; x_wconf 85' lang='lat' dir='ltr'><strong>nobis,</strong></span> <span class='ocrx_word' id='word_1_520' title='bbox 2090 4066 2232 4132; x_wconf 88' lang='lat' dir='ltr'><strong>quod</strong></span> 
     </span>
    </p>
   </div>
   <div class='ocr_carea' id='block_1_71' title="bbox 651 4142 2233 4223">
    <p class='ocr_par' dir='ltr' id='par_1_71' title="bbox 651 4142 2233 4223">
     <span class='ocr_line' id='line_1_71' title="bbox 651 4142 2233 4223; baseline 0.002 -17"><span class='ocrx_word' id='word_1_521' title='bbox 651 4150 852 4206; x_wconf 77' lang='lat' dir='ltr'><strong>frustra</strong></span> <span class='ocrx_word' id='word_1_522' title='bbox 890 4162 1150 4223; x_wconf 78' lang='lat' dir='ltr'><strong>pugnant,</strong></span> <span class='ocrx_word' id='word_1_523' title='bbox 1206 4166 1497 4223; x_wconf 82' lang='lat' dir='ltr'><strong>acremque</strong></span> <span class='ocrx_word' id='word_1_524' title='bbox 1542 4155 1850 4220; x_wconf 89' lang='lat' dir='ltr'><strong>verberant,</strong></span> <span class='ocrx_word' id='word_1_525' title='bbox 1906 4142 2122 4208; x_wconf 44' lang='lat' dir='ltr'><strong>nem-ine</strong></span> <span class='ocrx_word' id='word_1_526' title='bbox 2182 4157 2233 4209; x_wconf 89' lang='lat' dir='ltr'><strong>in</strong></span> 
     </span>
    </p>
   </div>
   <div class='ocr_carea' id='block_1_72' title="bbox 654 4243 2235 4311">
    <p class='ocr_par' dir='ltr' id='par_1_72' title="bbox 654 4243 2235 4311">
     <span class='ocr_line' id='line_1_72' title="bbox 654 4243 2235 4311; baseline 0.002 -15"><span class='ocrx_word' id='word_1_527' title='bbox 654 4244 752 4297; x_wconf 86' lang='lat' dir='ltr'><strong>hoc</strong></span> <span class='ocrx_word' id='word_1_528' title='bbox 784 4243 862 4297; x_wconf 88' lang='lat' dir='ltr'><strong>eis</strong></span> <span class='ocrx_word' id='word_1_529' title='bbox 893 4254 1307 4311; x_wconf 82' lang='lat' dir='ltr'><strong>seopponente,</strong></span> <span class='ocrx_word' id='word_1_530' title='bbox 1356 4244 1438 4297; x_wconf 90' lang='lat' dir='ltr'><strong>vel</strong></span> <span class='ocrx_word' id='word_1_531' title='bbox 1495 4246 1705 4299; x_wconf 89' lang='lat' dir='ltr'><strong>diversa</strong></span> <span class='ocrx_word' id='word_1_532' title='bbox 1760 4244 2043 4298; x_wconf 88' lang='lat' dir='ltr'><strong>sentiente.</strong></span> <span class='ocrx_word' id='word_1_533' title='bbox 2098 4246 2235 4311; x_wconf 90' lang='lat' dir='ltr'><strong>Quid</strong></span> 
     </span>
    </p>
   </div>
   <div class='ocr_carea' id='block_1_73' title="bbox 652 4332 2236 4401">
    <p class='ocr_par' dir='ltr' id='par_1_73' title="bbox 652 4332 2236 4401">
     <span class='ocr_line' id='line_1_73' title="bbox 652 4332 2236 4401; baseline 0.005 -17"><span class='ocrx_word' id='word_1_534' title='bbox 652 4332 813 4401; x_wconf 78' lang='lat' dir='ltr'><strong>igitur</strong></span> <span class='ocrx_word' id='word_1_535' title='bbox 849 4334 1051 4387; x_wconf 80' lang='lat' dir='ltr'><strong>frustra</strong></span> <span class='ocrx_word' id='word_1_536' title='bbox 1091 4335 1381 4401; x_wconf 87' lang='lat' dir='ltr'><strong>insudant,</strong></span> <span class='ocrx_word' id='word_1_537' title='bbox 1418 4344 1471 4389; x_wconf 91' lang='lat' dir='ltr'><strong>et</strong></span> <span class='ocrx_word' id='word_1_538' title='bbox 1531 4335 1801 4389; x_wconf 87' lang='lat' dir='ltr'><strong>incassum</strong></span> <span class='ocrx_word' id='word_1_539' title='bbox 1863 4337 2236 4392; x_wconf 89' lang='lat' dir='ltr'><strong>contendunt?</strong></span> 
     </span>
    </p>
   </div>
   <div class='ocr_carea' id='block_1_74' title="bbox 652 4425 2228 4495">
    <p class='ocr_par' dir='ltr' id='par_1_74' title="bbox 652 4425 2228 4495">
     <span class='ocr_line' id='line_1_74' title="bbox 652 4425 2228 4495; baseline 0.001 -18"><span class='ocrx_word' id='word_1_540' title='bbox 652 4425 784 4492; x_wconf 86' lang='lat' dir='ltr'><strong>Quis</strong></span> <span class='ocrx_word' id='word_1_541' title='bbox 816 4425 949 4479; x_wconf 89' lang='lat' dir='ltr'><strong>adeo</strong></span> <span class='ocrx_word' id='word_1_542' title='bbox 1003 4427 1272 4495; x_wconf 86' lang='lat' dir='ltr'><strong>stupidus,</strong></span> <span class='ocrx_word' id='word_1_543' title='bbox 1329 4436 1387 4479; x_wconf 92' lang='lat' dir='ltr'><strong>ut</strong></span> <span class='ocrx_word' id='word_1_544' title='bbox 1441 4427 1931 4480; x_wconf 88' lang='lat' dir='ltr'><strong>eminentissimam</strong></span> <span class='ocrx_word' id='word_1_545' title='bbox 1987 4428 2228 4481; x_wconf 86' lang='lat' dir='ltr'><strong>omnium</strong></span> 
     </span>
    </p>
   </div>
   <div class='ocr_carea' id='block_1_75' title="bbox 651 4516 2230 4587">
    <p class='ocr_par' dir='ltr' id='par_1_75' title="bbox 651 4516 2230 4587">
     <span class='ocr_line' id='line_1_75' title="bbox 651 4516 2230 4587; baseline 0 -15"><span class='ocrx_word' id='word_1_546' title='bbox 651 4516 1014 4572; x_wconf 86' lang='lat' dir='ltr'><strong>substantiam</strong></span> <span class='ocrx_word' id='word_1_547' title='bbox 1048 4520 1360 4587; x_wconf 83' lang='lat' dir='ltr'><strong>passibilem</strong></span> <span class='ocrx_word' id='word_1_548' title='bbox 1389 4534 1511 4573; x_wconf 90' lang='lat' dir='ltr'><strong>esse</strong></span> <span class='ocrx_word' id='word_1_549' title='bbox 1546 4519 1783 4584; x_wconf 71' lang='lat' dir='ltr'><strong>defirniat,</strong></span> <span class='ocrx_word' id='word_1_550' title='bbox 1835 4529 1888 4573; x_wconf 91' lang='lat' dir='ltr'><strong>et</strong></span> <span class='ocrx_word' id='word_1_551' title='bbox 1914 4534 2054 4583; x_wconf 87' lang='lat' dir='ltr'><strong>eam,</strong></span> <span class='ocrx_word' id='word_1_552' title='bbox 2110 4535 2230 4587; x_wconf 66' lang='lat' dir='ltr'><strong>quae</strong></span> 
     </span>
    </p>
   </div>
   <div class='ocr_carea' id='block_1_76' title="bbox 652 4609 2230 4679">
    <p class='ocr_par' dir='ltr' id='par_1_76' title="bbox 652 4609 2230 4679">
     <span class='ocr_line' id='line_1_76' title="bbox 652 4609 2230 4679; baseline 0 -15"><span class='ocrx_word' id='word_1_553' title='bbox 652 4618 738 4664; x_wconf 89' lang='lat' dir='ltr'><strong>est</strong></span> <span class='ocrx_word' id='word_1_554' title='bbox 771 4609 908 4662; x_wconf 88' lang='lat' dir='ltr'><strong>ultra</strong></span> <span class='ocrx_word' id='word_1_555' title='bbox 941 4625 1104 4664; x_wconf 89' lang='lat' dir='ltr'><strong>omne</strong></span> <span class='ocrx_word' id='word_1_556' title='bbox 1138 4611 1403 4678; x_wconf 78' lang='lat' dir='ltr'><strong>genitum,</strong></span> <span class='ocrx_word' id='word_1_557' title='bbox 1433 4618 1486 4663; x_wconf 89' lang='lat' dir='ltr'><strong>et</strong></span> <span class='ocrx_word' id='word_1_558' title='bbox 1518 4611 1858 4679; x_wconf 88' lang='lat' dir='ltr'><strong>incorporea,</strong></span> <span class='ocrx_word' id='word_1_559' title='bbox 1891 4619 1945 4664; x_wconf 85' lang='lat' dir='ltr'><strong>et</strong></span> <span class='ocrx_word' id='word_1_560' title='bbox 2000 4612 2230 4664; x_wconf 81' lang='lat' dir='ltr'><strong>iniirmi-</strong></span> 
     </span>
    </p>
   </div>
   <div class='ocr_carea' id='block_1_77' title="bbox 655 4700 2227 4771">
    <p class='ocr_par' dir='ltr' id='par_1_77' title="bbox 655 4700 2227 4771">
     <span class='ocr_line' id='line_1_77' title="bbox 655 4700 2227 4771; baseline 0.002 -19"><span class='ocrx_word' id='word_1_561' title='bbox 655 4710 819 4753; x_wconf 82' lang='lat' dir='ltr'><strong>tatem</strong></span> <span class='ocrx_word' id='word_1_562' title='bbox 853 4700 1161 4769; x_wconf 88' lang='lat' dir='ltr'><strong>passionum</strong></span> <span class='ocrx_word' id='word_1_563' title='bbox 1213 4702 1502 4756; x_wconf 88' lang='lat' dir='ltr'><strong>detrudere</strong></span> <span class='ocrx_word' id='word_1_564' title='bbox 1523 4702 1761 4755; x_wconf 87' lang='lat' dir='ltr'><strong>audeat?</strong></span> <span class='ocrx_word' id='word_1_565' title='bbox 1829 4700 2049 4765; x_wconf 84' lang='lat' dir='ltr'><strong>Verum,</strong></span> <span class='ocrx_word' id='word_1_566' title='bbox 2101 4704 2227 4771; x_wconf 86' lang='lat' dir='ltr'><strong>quia</strong></span> 
     </span>
    </p>
   </div>
   <div class='ocr_carea' id='block_1_78' title="bbox 654 4792 2230 4862">
    <p class='ocr_par' dir='ltr' id='par_1_78' title="bbox 654 4792 2230 4862">
     <span class='ocr_line' id='line_1_78' title="bbox 654 4792 2230 4862; baseline 0.004 -19"><span class='ocrx_word' id='word_1_567' title='bbox 654 4792 981 4844; x_wconf 87' lang='lat' dir='ltr'><strong>sacramenti</strong></span> <span class='ocrx_word' id='word_1_568' title='bbox 1013 4793 1149 4846; x_wconf 89' lang='lat' dir='ltr'><strong>ratio</strong></span> <span class='ocrx_word' id='word_1_569' title='bbox 1172 4794 1439 4862; x_wconf 75' lang='lat' dir='ltr'><strong>agnoscit,</strong></span> <span class='ocrx_word' id='word_1_570' title='bbox 1475 4794 1667 4846; x_wconf 82' lang='lat' dir='ltr'><strong>Filium</strong></span> <span class='ocrx_word' id='word_1_571' title='bbox 1700 4810 1763 4847; x_wconf 80' lang='lat' dir='ltr'><strong>ex</strong></span> <span class='ocrx_word' id='word_1_572' title='bbox 1790 4794 1899 4848; x_wconf 90' lang='lat' dir='ltr'><strong>Deo</strong></span> <span class='ocrx_word' id='word_1_573' title='bbox 1954 4794 2112 4849; x_wconf 86' lang='lat' dir='ltr'><strong>Patre</strong></span> <span class='ocrx_word' id='word_1_574' title='bbox 2147 4810 2230 4849; x_wconf 86' lang='lat' dir='ltr'><strong>se-</strong></span> 
     </span>
    </p>
   </div>
   <div class='ocr_carea' id='block_1_79' title="bbox 655 4880 2229 4951">
    <p class='ocr_par' dir='ltr' id='par_1_79' title="bbox 655 4880 2229 4951">
     <span class='ocr_line' id='line_1_79' title="bbox 655 4880 2229 4951; baseline 0.005 -18"><span class='ocrx_word' id='word_1_575' title='bbox 655 4880 886 4934; x_wconf 91' lang='lat' dir='ltr'><strong>cundum</strong></span> <span class='ocrx_word' id='word_1_576' title='bbox 923 4890 1167 4935; x_wconf 87' lang='lat' dir='ltr'><strong>naturam</strong></span> <span class='ocrx_word' id='word_1_577' title='bbox 1202 4885 1557 4951; x_wconf 81' lang='lat' dir='ltr'><strong>unigenitum,</strong></span> <span class='ocrx_word' id='word_1_578' title='bbox 1594 4886 1868 4939; x_wconf 86' lang='lat' dir='ltr'><strong>hominem</strong></span> <span class='ocrx_word' id='word_1_579' title='bbox 1902 4902 1965 4939; x_wconf 74' lang='lat' dir='ltr'><strong>ex</strong></span> <span class='ocrx_word' id='word_1_580' title='bbox 2003 4888 2229 4941; x_wconf 84' lang='lat' dir='ltr'><strong>muliere</strong></span> 
     </span>
    </p>
   </div>
   <div class='ocr_carea' id='block_1_80' title="bbox 656 4971 2222 5044">
    <p class='ocr_par' dir='ltr' id='par_1_80' title="bbox 656 4971 2222 5044">
     <span class='ocr_line' id='line_1_80' title="bbox 656 4971 2222 5044; baseline 0.003 -18"><span class='ocrx_word' id='word_1_581' title='bbox 656 4973 856 5026; x_wconf 80' lang='lat' dir='ltr'><strong>factum</strong></span> <span class='ocrx_word' id='word_1_582' title='bbox 891 4971 1280 5043; x_wconf 87' lang='lat' dir='ltr'><strong>dispensative,</strong></span> <span class='ocrx_word' id='word_1_583' title='bbox 1316 4974 1592 5044; x_wconf 83' lang='lat' dir='ltr'><strong>ipsiusque</strong></span> <span class='ocrx_word' id='word_1_584' title='bbox 1614 4978 1891 5044; x_wconf 90' lang='lat' dir='ltr'><strong>proprium</strong></span> <span class='ocrx_word' id='word_1_585' title='bbox 1923 4993 2046 5032; x_wconf 89' lang='lat' dir='ltr'><strong>esse</strong></span> <span class='ocrx_word' id='word_1_586' title='bbox 2078 4978 2222 5031; x_wconf 79' lang='lat' dir='ltr'><strong>aﬂir-</strong></span> 
     </span>
    </p>
   </div>
   <div class='ocr_carea' id='block_1_81' title="bbox 658 5066 2230 5138">
    <p class='ocr_par' dir='ltr' id='par_1_81' title="bbox 658 5066 2230 5138">
     <span class='ocr_line' id='line_1_81' title="bbox 658 5066 2230 5138; baseline 0.002 -20"><span class='ocrx_word' id='word_1_587' title='bbox 658 5078 813 5118; x_wconf 88' lang='lat' dir='ltr'><strong>mans</strong></span> <span class='ocrx_word' id='word_1_588' title='bbox 843 5075 1086 5119; x_wconf 90' lang='lat' dir='ltr'><strong>sanctum</strong></span> <span class='ocrx_word' id='word_1_589' title='bbox 1124 5066 1253 5120; x_wconf 89' lang='lat' dir='ltr'><strong>illud</strong></span> <span class='ocrx_word' id='word_1_590' title='bbox 1285 5080 1484 5135; x_wconf 88' lang='lat' dir='ltr'><strong>corpus</strong></span> <span class='ocrx_word' id='word_1_591' title='bbox 1509 5081 1570 5120; x_wconf 68' lang='lat' dir='ltr'><strong>ex</strong></span> <span class='ocrx_word' id='word_1_592' title='bbox 1607 5068 1761 5121; x_wconf 88' lang='lat' dir='ltr'><strong>beata</strong></span> <span class='ocrx_word' id='word_1_593' title='bbox 1798 5068 2017 5138; x_wconf 80' lang='lat' dir='ltr'><strong>Virgine</strong></span> <span class='ocrx_word' id='word_1_594' title='bbox 2083 5084 2230 5123; x_wconf 88' lang='lat' dir='ltr'><strong>sum-</strong></span> 
     </span>
    </p>
   </div>
   <div class='ocr_carea' id='block_1_82' title="bbox 658 5158 2234 5227">
    <p class='ocr_par' dir='ltr' id='par_1_82' title="bbox 658 5158 2234 5227">
     <span class='ocr_line' id='line_1_82' title="bbox 658 5158 2234 5227; baseline 0.004 -20"><span class='ocrx_word' id='word_1_595' title='bbox 658 5166 830 5225; x_wconf 86' lang='lat' dir='ltr'><strong>ptum,</strong></span> <span class='ocrx_word' id='word_1_596' title='bbox 853 5171 971 5209; x_wconf 91' lang='lat' dir='ltr'><strong>eam</strong></span> <span class='ocrx_word' id='word_1_597' title='bbox 996 5158 1065 5211; x_wconf 92' lang='lat' dir='ltr'><strong>ob</strong></span> <span class='ocrx_word' id='word_1_598' title='bbox 1094 5173 1313 5213; x_wconf 87' lang='lat' dir='ltr'><strong>causam</strong></span> <span class='ocrx_word' id='word_1_599' title='bbox 1336 5158 1459 5226; x_wconf 90' lang='lat' dir='ltr'><strong>jure</strong></span> <span class='ocrx_word' id='word_1_600' title='bbox 1489 5158 1692 5227; x_wconf 90' lang='lat' dir='ltr'><strong>optimo</strong></span> <span class='ocrx_word' id='word_1_601' title='bbox 1745 5162 1925 5213; x_wconf 82' lang='lat' dir='ltr'><strong>carnis</strong></span> <span class='ocrx_word' id='word_1_602' title='bbox 1954 5161 2234 5227; x_wconf 81' lang='lat' dir='ltr'><strong>passiones</strong></span> 
     </span>
    </p>
   </div>
   <div class='ocr_carea' id='block_1_83' title="bbox 657 5248 2231 5319">
    <p class='ocr_par' dir='ltr' id='par_1_83' title="bbox 657 5248 2231 5319">
     <span class='ocr_line' id='line_1_83' title="bbox 657 5248 2231 5319; baseline 0.001 -18"><span class='ocrx_word' id='word_1_603' title='bbox 657 5248 776 5316; x_wconf 76' lang='lat' dir='ltr'><strong>ejus</strong></span> <span class='ocrx_word' id='word_1_604' title='bbox 802 5261 922 5302; x_wconf 86' lang='lat' dir='ltr'><strong>esse</strong></span> <span class='ocrx_word' id='word_1_605' title='bbox 955 5250 1181 5304; x_wconf 88' lang='lat' dir='ltr'><strong>dicimus</strong></span> <span class='ocrx_word' id='word_1_606' title='bbox 1210 5250 1505 5304; x_wconf 86' lang='lat' dir='ltr'><strong>secundum</strong></span> <span class='ocrx_word' id='word_1_607' title='bbox 1560 5250 1982 5319; x_wconf 88' lang='lat' dir='ltr'><strong>dispensativatn</strong></span> <span class='ocrx_word' id='word_1_608' title='bbox 2039 5266 2231 5317; x_wconf 87' lang='lat' dir='ltr'><strong>appro-</strong></span> 
     </span>
    </p>
   </div>
   <div class='ocr_carea' id='block_1_84' title="bbox 660 5340 2229 5411">
    <p class='ocr_par' dir='ltr' id='par_1_84' title="bbox 660 5340 2229 5411">
     <span class='ocr_line' id='line_1_84' title="bbox 660 5340 2229 5411; baseline 0.002 -21"><span class='ocrx_word' id='word_1_609' title='bbox 660 5340 1000 5408; x_wconf 84' lang='lat' dir='ltr'><strong>priationem,</strong></span> <span class='ocrx_word' id='word_1_610' title='bbox 1040 5351 1251 5396; x_wconf 89' lang='lat' dir='ltr'><strong>servata</strong></span> <span class='ocrx_word' id='word_1_611' title='bbox 1288 5342 1486 5411; x_wconf 86' lang='lat' dir='ltr'><strong>ubique</strong></span> <span class='ocrx_word' id='word_1_612' title='bbox 1514 5352 1704 5395; x_wconf 78' lang='lat' dir='ltr'><strong>natura</strong></span> <span class='ocrx_word' id='word_1_613' title='bbox 1740 5342 1858 5411; x_wconf 83' lang='lat' dir='ltr'><strong>ejus</strong></span> <span class='ocrx_word' id='word_1_614' title='bbox 1887 5342 2229 5411; x_wconf 88' lang='lat' dir='ltr'><strong>impassibili:</strong></span> 
     </span>
    </p>
   </div>
   <div class='ocr_carea' id='block_1_85' title="bbox 2327 3140 3930 3220">
    <p class='ocr_par' dir='ltr' id='par_1_85' title="bbox 2327 3140 3930 3220">
     <span class='ocr_line' id='line_1_85' title="bbox 2327 3140 3930 3220; baseline -0.007 -18"><span class='ocrx_word' id='word_1_615' title='bbox 2327 3168 2422 3219; x_wconf 85' lang='grc' dir='ltr'><strong>γου</strong></span> <span class='ocrx_word' id='word_1_616' title='bbox 2451 3149 2585 3220; x_wconf 81' lang='grc' dir='ltr'><strong>πρὸς</strong></span> <span class='ocrx_word' id='word_1_617' title='bbox 2610 3148 2931 3216; x_wconf 86' lang='grc' dir='ltr'><strong>ἀπολογίαν·</strong></span> <span class='ocrx_word' id='word_1_618' title='bbox 2963 3148 3131 3217; x_wconf 69' lang='grc' dir='ltr'><strong>ἤγουν</strong></span> <span class='ocrx_word' id='word_1_619' title='bbox 3162 3142 3478 3197; x_wconf 81' lang='grc' dir='ltr'><strong>ἀναπείθειν</strong></span> <span class='ocrx_word' id='word_1_620' title='bbox 3513 3141 3761 3193; x_wconf 77' lang='grc' dir='ltr'><strong>οϊονταιιι</strong></span> <span class='ocrx_word' id='word_1_621' title='bbox 3793 3140 3930 3202; x_wconf 80' lang='grc' dir='ltr'><strong>τοὺς</strong></span> 
     </span>
    </p>
   </div>
   <div class='ocr_carea' id='block_1_86' title="bbox 2327 3225 3932 3310">
    <p class='ocr_par' dir='ltr' id='par_1_86' title="bbox 2327 3225 3932 3310">
     <span class='ocr_line' id='line_1_86' title="bbox 2327 3225 3932 3310; baseline -0.007 -18"><span class='ocrx_word' id='word_1_622' title='bbox 2327 3241 2733 3310; x_wconf 74' lang='grc' dir='ltr'><strong>ἠπατημένους,</strong></span> <span class='ocrx_word' id='word_1_623' title='bbox 2787 3239 3070 3308; x_wconf 86' lang='grc' dir='ltr'><strong>οἰομένους</strong></span> <span class='ocrx_word' id='word_1_624' title='bbox 3116 3236 3198 3289; x_wconf 84' lang='grc' dir='ltr'><strong>ὅτι</strong></span> <span class='ocrx_word' id='word_1_625' title='bbox 3246 3232 3497 3303; x_wconf 84' lang='grc' dir='ltr'><strong>παθητὴν</strong></span> <span class='ocrx_word' id='word_1_626' title='bbox 3549 3225 3688 3284; x_wconf 84' lang='grc' dir='ltr'><strong>εἷναί</strong></span> <span class='ocrx_word' id='word_1_627' title='bbox 3736 3247 3932 3299; x_wconf 84' lang='grc' dir='ltr'><strong>φαμεν</strong></span> 
     </span>
    </p>
   </div>
   <div class='ocr_carea' id='block_1_87' title="bbox 2328 3321 3934 3403">
    <p class='ocr_par' dir='ltr' id='par_1_87' title="bbox 2328 3321 3934 3403">
     <span class='ocr_line' id='line_1_87' title="bbox 2328 3321 3934 3403; baseline -0.008 -18"><span class='ocrx_word' id='word_1_628' title='bbox 2328 3332 2424 3403; x_wconf 83' lang='grc' dir='ltr'><strong>τὴν</strong></span> <span class='ocrx_word' id='word_1_629' title='bbox 2467 3332 2617 3385; x_wconf 84' lang='grc' dir='ltr'><strong>θείαν</strong></span> <span class='ocrx_word' id='word_1_630' title='bbox 2662 3330 2755 3384; x_wconf 82' lang='grc' dir='ltr'><strong>τοῦ</strong></span> <span class='ocrx_word' id='word_1_631' title='bbox 2795 3330 2969 3397; x_wconf 85' lang='grc' dir='ltr'><strong>Λόγου</strong></span> <span class='ocrx_word' id='word_1_632' title='bbox 3005 3328 3199 3397; x_wconf 74' lang='grc' dir='ltr'><strong>φύσιν,</strong></span> <span class='ocrx_word' id='word_1_633' title='bbox 3230 3326 3379 3389; x_wconf 78' lang='grc' dir='ltr'><strong>ἆπαξ</strong></span> <span class='ocrx_word' id='word_1_634' title='bbox 3422 3322 3531 3377; x_wconf 85' lang='grc' dir='ltr'><strong>τῶν</strong></span> <span class='ocrx_word' id='word_1_635' title='bbox 3575 3323 3641 3376; x_wconf 75' lang='grc' dir='ltr'><strong>δι’</strong></span> <span class='ocrx_word' id='word_1_636' title='bbox 3668 3321 3934 3384; x_wconf 77' lang='grc' dir='ltr'><strong>ἐναντίας</strong></span> 
     </span>
    </p>
   </div>
   <div class='ocr_carea' id='block_1_88' title="bbox 2329 3413 3931 3491">
    <p class='ocr_par' dir='ltr' id='par_1_88' title="bbox 2329 3413 3931 3491">
     <span class='ocr_line' id='line_1_88' title="bbox 2329 3413 3931 3491; baseline -0.008 -14"><span class='ocrx_word' id='word_1_637' title='bbox 2329 3423 2780 3491; x_wconf 79' lang='grc' dir='ltr'><strong>καταϐεϐηκότων</strong></span> <span class='ocrx_word' id='word_1_638' title='bbox 2796 3432 2842 3486; x_wconf 83' lang='grc' dir='ltr'><strong>ν,</strong></span> <span class='ocrx_word' id='word_1_639' title='bbox 2878 3420 3105 3474; x_wconf 77' lang='grc' dir='ltr'><strong>αὐτόθεν</strong></span> <span class='ocrx_word' id='word_1_640' title='bbox 3130 3415 3621 3487; x_wconf 82' lang='grc' dir='ltr'><strong>διωμολογηκὸτων</strong></span> <span class='ocrx_word' id='word_1_641' title='bbox 3655 3414 3747 3465; x_wconf 72' lang='grc' dir='ltr'><strong>καὶ</strong></span> <span class='ocrx_word' id='word_1_642' title='bbox 3772 3413 3931 3483; x_wconf 84' lang='grc' dir='ltr'><strong>μάλα</strong></span> 
     </span>
    </p>
   </div>
   <div class='ocr_carea' id='block_1_89' title="bbox 2332 3504 3932 3587">
    <p class='ocr_par' dir='ltr' id='par_1_89' title="bbox 2332 3504 3932 3587">
     <span class='ocr_line' id='line_1_89' title="bbox 2332 3504 3932 3587; baseline -0.008 -18"><span class='ocrx_word' id='word_1_643' title='bbox 2332 3516 2539 3587; x_wconf 82' lang='grc' dir='ltr'><strong>σαφῶς,</strong></span> <span class='ocrx_word' id='word_1_644' title='bbox 2570 3516 2643 3578; x_wconf 85' lang='grc' dir='ltr'><strong>ὡς</strong></span> <span class='ocrx_word' id='word_1_645' title='bbox 2670 3514 2950 3584; x_wconf 87' lang='grc' dir='ltr'><strong>ἀλλότριον</strong></span> <span class='ocrx_word' id='word_1_646' title='bbox 2965 3521 3011 3576; x_wconf 71' lang='grc' dir='ltr'><strong>ι,</strong></span> <span class='ocrx_word' id='word_1_647' title='bbox 3044 3513 3137 3565; x_wconf 78' lang='grc' dir='ltr'><strong>καὶ</strong></span> <span class='ocrx_word' id='word_1_648' title='bbox 3167 3510 3271 3575; x_wconf 75' lang='grc' dir='ltr'><strong>ἔξω</strong></span> <span class='ocrx_word' id='word_1_649' title='bbox 3300 3525 3400 3561; x_wconf 93' lang='grc' dir='ltr'><strong>που</strong></span> <span class='ocrx_word' id='word_1_650' title='bbox 3437 3505 3544 3560; x_wconf 86' lang='grc' dir='ltr'><strong>τῶν</strong></span> <span class='ocrx_word' id='word_1_651' title='bbox 3576 3505 3666 3559; x_wconf 73' lang='grc' dir='ltr'><strong>ἐπί</strong></span> <span class='ocrx_word' id='word_1_652' title='bbox 3699 3521 3762 3572; x_wconf 85' lang='grc' dir='ltr'><strong>γε</strong></span> <span class='ocrx_word' id='word_1_653' title='bbox 3795 3504 3932 3557; x_wconf 86' lang='grc' dir='ltr'><strong>τού-</strong></span> 
     </span>
    </p>
   </div>
   <div class='ocr_carea' id='block_1_90' title="bbox 2328 3595 3934 3676">
    <p class='ocr_par' dir='ltr' id='par_1_90' title="bbox 2328 3595 3934 3676">
     <span class='ocr_line' id='line_1_90' title="bbox 2328 3595 3934 3676; baseline -0.01 -15"><span class='ocrx_word' id='word_1_654' title='bbox 2328 3625 2440 3671; x_wconf 86' lang='grc' dir='ltr'><strong>τοις</strong></span> <span class='ocrx_word' id='word_1_655' title='bbox 2472 3608 2933 3676; x_wconf 69' lang='grc' dir='ltr'><strong>καθεστήκαμενῖ</strong></span> <span class='ocrx_word' id='word_1_656' title='bbox 2963 3603 3349 3672; x_wconf 87' lang='grc' dir='ltr'><strong>ἐγκλημάτων.</strong></span> <span class='ocrx_word' id='word_1_657' title='bbox 3387 3596 3605 3668; x_wconf 79' lang='grc' dir='ltr'><strong>Ἐπειδὴ</strong></span> <span class='ocrx_word' id='word_1_658' title='bbox 3634 3595 3691 3649; x_wconf 81' lang='grc' dir='ltr'><strong>δὲ</strong></span> <span class='ocrx_word' id='word_1_659' title='bbox 3721 3596 3934 3648; x_wconf 84' lang='grc' dir='ltr'><strong>ἀνυπό-</strong></span> 
     </span>
    </p>
   </div>
   <div class='ocr_carea' id='block_1_91' title="bbox 2332 3683 3934 3767">
    <p class='ocr_par' dir='ltr' id='par_1_91' title="bbox 2332 3683 3934 3767">
     <span class='ocr_line' id='line_1_91' title="bbox 2332 3683 3934 3767; baseline -0.008 -18"><span class='ocrx_word' id='word_1_660' title='bbox 2332 3699 2485 3752; x_wconf 85' lang='grc' dir='ltr'><strong>θετον</strong></span> <span class='ocrx_word' id='word_1_661' title='bbox 2520 3698 2712 3767; x_wconf 83' lang='grc' dir='ltr'><strong>λῆμμα</strong></span> <span class='ocrx_word' id='word_1_662' title='bbox 2738 3695 2879 3747; x_wconf 87' lang='grc' dir='ltr'><strong>κατά</strong></span> <span class='ocrx_word' id='word_1_663' title='bbox 2908 3693 2966 3745; x_wconf 84' lang='grc' dir='ltr'><strong>τὸ</strong></span> <span class='ocrx_word' id='word_1_664' title='bbox 3000 3692 3182 3753; x_wconf 73' lang='grc' dir='ltr'><strong>αὐτοῖς</strong></span> <span class='ocrx_word' id='word_1_665' title='bbox 3210 3688 3400 3743; x_wconf 78' lang='grc' dir='ltr'><strong>δοκοῦν</strong></span> <span class='ocrx_word' id='word_1_666' title='bbox 3432 3686 3727 3757; x_wconf 80' lang='grc' dir='ltr'><strong>προθέντες</strong></span> <span class='ocrx_word' id='word_1_667' title='bbox 3753 3683 3934 3737; x_wconf 80' lang='grc' dir='ltr'><strong>ἀϐου-</strong></span> 
     </span>
    </p>
   </div>
   <div class='ocr_carea' id='block_1_92' title="bbox 2331 3775 3930 3859">
    <p class='ocr_par' dir='ltr' id='par_1_92' title="bbox 2331 3775 3930 3859">
     <span class='ocr_line' id='line_1_92' title="bbox 2331 3775 3930 3859; baseline -0.011 -17"><span class='ocrx_word' id='word_1_668' title='bbox 2331 3791 2569 3859; x_wconf 73' lang='grc' dir='ltr'><strong>λήτωςι,</strong></span> <span class='ocrx_word' id='word_1_669' title='bbox 2611 3789 2824 3856; x_wconf 84' lang='grc' dir='ltr'><strong>πικροῖς</strong></span> <span class='ocrx_word' id='word_1_670' title='bbox 2873 3783 3093 3837; x_wconf 83' lang='grc' dir='ltr'><strong>ἐννοιῶν</strong></span> <span class='ocrx_word' id='word_1_671' title='bbox 3138 3782 3416 3852; x_wconf 83' lang='grc' dir='ltr'><strong>εὑρήμασι</strong></span> <span class='ocrx_word' id='word_1_672' title='bbox 3462 3775 3756 3848; x_wconf 82' lang='grc' dir='ltr'><strong>χρώμενοι,</strong></span> <span class='ocrx_word' id='word_1_673' title='bbox 3797 3792 3930 3828; x_wconf 89' lang='grc' dir='ltr'><strong>πει-</strong></span> 
     </span>
    </p>
   </div>
   <div class='ocr_carea' id='block_1_93' title="bbox 2334 3866 3933 3953">
    <p class='ocr_par' dir='ltr' id='par_1_93' title="bbox 2334 3866 3933 3953">
     <span class='ocr_line' id='line_1_93' title="bbox 2334 3866 3933 3953; baseline -0.011 -19"><span class='ocrx_word' id='word_1_674' title='bbox 2334 3882 2535 3953; x_wconf 85' lang='grc' dir='ltr'><strong>ρῶνται</strong></span> <span class='ocrx_word' id='word_1_675' title='bbox 2567 3878 2834 3932; x_wconf 82' lang='grc' dir='ltr'><strong>δεικνύειν</strong></span> <span class='ocrx_word' id='word_1_676' title='bbox 2874 3877 2971 3946; x_wconf 79' lang='grc' dir='ltr'><strong>τῆς</strong></span> <span class='ocrx_word' id='word_1_677' title='bbox 3015 3874 3241 3940; x_wconf 81' lang='grc' dir='ltr'><strong>ἐνούσης</strong></span> <span class='ocrx_word' id='word_1_678' title='bbox 3287 3872 3470 3932; x_wconf 80' lang='grc' dir='ltr'><strong>αὐτοῖς</strong></span> <span class='ocrx_word' id='word_1_679' title='bbox 3511 3867 3794 3939; x_wconf 85' lang='grc' dir='ltr'><strong>ἀγχινοίας</strong></span> <span class='ocrx_word' id='word_1_680' title='bbox 3826 3866 3933 3936; x_wconf 82' lang='grc' dir='ltr'><strong>τὴν</strong></span> 
     </span>
    </p>
   </div>
   <div class='ocr_carea' id='block_1_94' title="bbox 2332 3957 3933 4037">
    <p class='ocr_par' dir='ltr' id='par_1_94' title="bbox 2332 3957 3933 4037">
     <span class='ocr_line' id='line_1_94' title="bbox 2332 3957 3933 4037; baseline -0.01 -10"><span class='ocrx_word' id='word_1_681' title='bbox 2332 3974 2598 4037; x_wconf 85' lang='grc' dir='ltr'><strong>δείνωσιν,</strong></span> <span class='ocrx_word' id='word_1_682' title='bbox 2629 3968 3099 4032; x_wconf 77' lang='grc' dir='ltr'><strong>κατασκευάζουσι</strong></span> <span class='ocrx_word' id='word_1_683' title='bbox 3132 3967 3187 4020; x_wconf 88' lang='grc' dir='ltr'><strong>δὲ</strong></span> <span class='ocrx_word' id='word_1_684' title='bbox 3221 3965 3315 4018; x_wconf 81' lang='grc' dir='ltr'><strong>καί</strong></span> <span class='ocrx_word' id='word_1_685' title='bbox 3346 3963 3491 4034; x_wconf 85' lang='grc' dir='ltr'><strong>μάλα</strong></span> <span class='ocrx_word' id='word_1_686' title='bbox 3517 3957 3753 4031; x_wconf 86' lang='grc' dir='ltr'><strong>γοργῶς,</strong></span> <span class='ocrx_word' id='word_1_687' title='bbox 3782 3961 3933 4013; x_wconf 89' lang='grc' dir='ltr'><strong>ἀπο-</strong></span> 
     </span>
    </p>
   </div>
   <div class='ocr_carea' id='block_1_95' title="bbox 2336 4050 3937 4133">
    <p class='ocr_par' dir='ltr' id='par_1_95' title="bbox 2336 4050 3937 4133">
     <span class='ocr_line' id='line_1_95' title="bbox 2336 4050 3937 4133; baseline -0.01 -15"><span class='ocrx_word' id='word_1_688' title='bbox 2336 4064 2618 4133; x_wconf 79' lang='grc' dir='ltr'><strong>φαίνοντες</strong></span> <span class='ocrx_word' id='word_1_689' title='bbox 2650 4062 2833 4131; x_wconf 79' lang='grc' dir='ltr'><strong>ἀπαθῆ</strong></span> <span class='ocrx_word' id='word_1_690' title='bbox 2868 4061 2986 4113; x_wconf 80' lang='grc' dir='ltr'><strong>κατ’</strong></span> <span class='ocrx_word' id='word_1_691' title='bbox 3027 4059 3163 4112; x_wconf 88' lang='grc' dir='ltr'><strong>ἰδίαν</strong></span> <span class='ocrx_word' id='word_1_692' title='bbox 3192 4056 3352 4124; x_wconf 80' lang='grc' dir='ltr'><strong>φύσιν</strong></span> <span class='ocrx_word' id='word_1_693' title='bbox 3386 4054 3479 4109; x_wconf 79' lang='grc' dir='ltr'><strong>τὸν</strong></span> <span class='ocrx_word' id='word_1_694' title='bbox 3510 4053 3604 4106; x_wconf 82' lang='grc' dir='ltr'><strong>τοῦ</strong></span> <span class='ocrx_word' id='word_1_695' title='bbox 3643 4050 3780 4104; x_wconf 82' lang='grc' dir='ltr'><strong>Θεοῦ</strong></span> <span class='ocrx_word' id='word_1_696' title='bbox 3822 4051 3937 4103; x_wconf 81' lang='grc' dir='ltr'><strong>Λό-</strong></span> 
     </span>
    </p>
   </div>
   <div class='ocr_carea' id='block_1_96' title="bbox 2334 4144 3935 4223">
    <p class='ocr_par' dir='ltr' id='par_1_96' title="bbox 2334 4144 3935 4223">
     <span class='ocr_line' id='line_1_96' title="bbox 2334 4144 3935 4223; baseline -0.01 -15"><span class='ocrx_word' id='word_1_697' title='bbox 2334 4174 2448 4223; x_wconf 89' lang='grc' dir='ltr'><strong>γον,</strong></span> <span class='ocrx_word' id='word_1_698' title='bbox 2480 4154 2849 4215; x_wconf 86' lang='grc' dir='ltr'><strong>ἀκουέτωσαν,</strong></span> <span class='ocrx_word' id='word_1_699' title='bbox 2885 4151 3111 4222; x_wconf 82' lang='grc' dir='ltr'><strong>μηδενὸς</strong></span> <span class='ocrx_word' id='word_1_700' title='bbox 3143 4150 3328 4211; x_wconf 81' lang='grc' dir='ltr'><strong>αὐτοῖς</strong></span> <span class='ocrx_word' id='word_1_701' title='bbox 3356 4144 3764 4214; x_wconf 78' lang='grc' dir='ltr'><strong>ἀντεξάγοντος,</strong></span> <span class='ocrx_word' id='word_1_702' title='bbox 3787 4144 3935 4213; x_wconf 78' lang='grc' dir='ltr'><strong>πρὸς</strong></span> 
     </span>
    </p>
   </div>
   <div class='ocr_carea' id='block_1_97' title="bbox 2337 4237 3937 4317">
    <p class='ocr_par' dir='ltr' id='par_1_97' title="bbox 2337 4237 3937 4317">
     <span class='ocr_line' id='line_1_97' title="bbox 2337 4237 3937 4317; baseline -0.006 -18"><span class='ocrx_word' id='word_1_703' title='bbox 2337 4248 2513 4317; x_wconf 78' lang='grc' dir='ltr'><strong>ἡμῶν,</strong></span> <span class='ocrx_word' id='word_1_704' title='bbox 2548 4246 2628 4298; x_wconf 85' lang='grc' dir='ltr'><strong>ὅτι</strong></span> <span class='ocrx_word' id='word_1_705' title='bbox 2653 4244 2982 4296; x_wconf 81' lang='grc' dir='ltr'><strong>πυκτεύουσι</strong></span> <span class='ocrx_word' id='word_1_706' title='bbox 3028 4242 3227 4312; x_wconf 83' lang='grc' dir='ltr'><strong>μάτην,</strong></span> <span class='ocrx_word' id='word_1_707' title='bbox 3261 4242 3355 4295; x_wconf 77' lang='grc' dir='ltr'><strong>καὶ</strong></span> <span class='ocrx_word' id='word_1_708' title='bbox 3380 4240 3593 4311; x_wconf 88' lang='grc' dir='ltr'><strong>δέρουσι</strong></span> <span class='ocrx_word' id='word_1_709' title='bbox 3625 4237 3760 4308; x_wconf 79' lang='grc' dir='ltr'><strong>πρὸς</strong></span> <span class='ocrx_word' id='word_1_710' title='bbox 3789 4238 3937 4308; x_wconf 82' lang='grc' dir='ltr'><strong>ἀέρα</strong></span> 
     </span>
    </p>
   </div>
   <div class='ocr_carea' id='block_1_98' title="bbox 2339 4332 3937 4407">
    <p class='ocr_par' dir='ltr' id='par_1_98' title="bbox 2339 4332 3937 4407">
     <span class='ocr_line' id='line_1_98' title="bbox 2339 4332 3937 4407; baseline -0.004 -16"><span class='ocrx_word' id='word_1_711' title='bbox 2339 4342 2416 4402; x_wconf 86' lang='grc' dir='ltr'><strong>είς</strong></span> <span class='ocrx_word' id='word_1_712' title='bbox 2446 4338 2622 4399; x_wconf 77' lang='grc' dir='ltr'><strong>τοῦτο,</strong></span> <span class='ocrx_word' id='word_1_713' title='bbox 2659 4338 2797 4407; x_wconf 83' lang='grc' dir='ltr'><strong>μήτε</strong></span> <span class='ocrx_word' id='word_1_714' title='bbox 2828 4336 2932 4405; x_wconf 80' lang='grc' dir='ltr'><strong>μὴν</strong></span> <span class='ocrx_word' id='word_1_715' title='bbox 2959 4334 3278 4405; x_wconf 75' lang='grc' dir='ltr'><strong>φρονοῦντος</strong></span> <span class='ocrx_word' id='word_1_716' title='bbox 3307 4334 3374 4387; x_wconf 84' lang='grc' dir='ltr'><strong>τὰ</strong></span> <span class='ocrx_word' id='word_1_717' title='bbox 3399 4332 3638 4385; x_wconf 82' lang='grc' dir='ltr'><strong>ἐναντία.</strong></span> <span class='ocrx_word' id='word_1_718' title='bbox 3663 4332 3725 4383; x_wconf 84' lang='grc' dir='ltr'><strong>Τί</strong></span> <span class='ocrx_word' id='word_1_719' title='bbox 3747 4332 3937 4384; x_wconf 80' lang='grc' dir='ltr'><strong>τοίνυν</strong></span> 
     </span>
    </p>
   </div>
   <div class='ocr_carea' id='block_1_99' title="bbox 2341 4422 3938 4499">
    <p class='ocr_par' dir='ltr' id='par_1_99' title="bbox 2341 4422 3938 4499">
     <span class='ocr_line' id='line_1_99' title="bbox 2341 4422 3938 4499; baseline -0.003 -18"><span class='ocrx_word' id='word_1_720' title='bbox 2341 4429 2528 4499; x_wconf 82' lang='grc' dir='ltr'><strong>ἱδρῶσι</strong></span> <span class='ocrx_word' id='word_1_721' title='bbox 2564 4429 2761 4497; x_wconf 86' lang='grc' dir='ltr'><strong>μάτην,</strong></span> <span class='ocrx_word' id='word_1_722' title='bbox 2796 4429 2888 4479; x_wconf 77' lang='grc' dir='ltr'><strong>καὶ</strong></span> <span class='ocrx_word' id='word_1_723' title='bbox 2921 4427 3277 4480; x_wconf 87' lang='grc' dir='ltr'><strong>διατείνονται</strong></span> <span class='ocrx_word' id='word_1_724' title='bbox 3324 4426 3590 4495; x_wconf 84' lang='grc' dir='ltr'><strong>περιττά;</strong></span> <span class='ocrx_word' id='word_1_725' title='bbox 3627 4423 3722 4486; x_wconf 86' lang='grc' dir='ltr'><strong>Τίς</strong></span> <span class='ocrx_word' id='word_1_726' title='bbox 3752 4422 3938 4488; x_wconf 79' lang='grc' dir='ltr'><strong>οὕτως</strong></span> 
     </span>
    </p>
   </div>
   <div class='ocr_carea' id='block_1_100' title="bbox 2340 4512 3938 4589">
    <p class='ocr_par' dir='ltr' id='par_1_100' title="bbox 2340 4512 3938 4589">
     <span class='ocr_line' id='line_1_100' title="bbox 2340 4512 3938 4589; baseline -0.006 -18"><span class='ocrx_word' id='word_1_727' title='bbox 2340 4518 2729 4589; x_wconf 81' lang='grc' dir='ltr'><strong>ἐμϐρόντητος,</strong></span> <span class='ocrx_word' id='word_1_728' title='bbox 2759 4516 2835 4578; x_wconf 83' lang='grc' dir='ltr'><strong>ὡς</strong></span> <span class='ocrx_word' id='word_1_729' title='bbox 2879 4516 2977 4585; x_wconf 85' lang='grc' dir='ltr'><strong>τῆς</strong></span> <span class='ocrx_word' id='word_1_730' title='bbox 3007 4516 3266 4568; x_wconf 88' lang='grc' dir='ltr'><strong>ἀνωτάτω</strong></span> <span class='ocrx_word' id='word_1_731' title='bbox 3300 4513 3490 4567; x_wconf 88' lang='grc' dir='ltr'><strong>πασῶν</strong></span> <span class='ocrx_word' id='word_1_732' title='bbox 3520 4512 3711 4575; x_wconf 70' lang='grc' dir='ltr'><strong>οὐσίας</strong></span> <span class='ocrx_word' id='word_1_733' title='bbox 3735 4512 3800 4563; x_wconf 83' lang='grc' dir='ltr'><strong>τὸ</strong></span> <span class='ocrx_word' id='word_1_734' title='bbox 3832 4514 3938 4581; x_wconf 81' lang='grc' dir='ltr'><strong>ἐμ-</strong></span> 
     </span>
    </p>
   </div>
   <div class='ocr_carea' id='block_1_101' title="bbox 2340 4601 3935 4679">
    <p class='ocr_par' dir='ltr' id='par_1_101' title="bbox 2340 4601 3935 4679">
     <span class='ocr_line' id='line_1_101' title="bbox 2340 4601 3935 4679; baseline -0.004 -18"><span class='ocrx_word' id='word_1_735' title='bbox 2340 4611 2511 4672; x_wconf 83' lang='grc' dir='ltr'><strong>παθὲς</strong></span> <span class='ocrx_word' id='word_1_736' title='bbox 2534 4608 2843 4679; x_wconf 79' lang='grc' dir='ltr'><strong>καθορίζειν</strong></span> <span class='ocrx_word' id='word_1_737' title='bbox 2864 4648 2878 4672; x_wconf 96' lang='grc'><strong>,</strong></span> <span class='ocrx_word' id='word_1_738' title='bbox 2908 4609 2998 4659; x_wconf 76' lang='grc' dir='ltr'><strong>καὶ</strong></span> <span class='ocrx_word' id='word_1_739' title='bbox 3022 4608 3102 4668; x_wconf 85' lang='grc' dir='ltr'><strong>είς</strong></span> <span class='ocrx_word' id='word_1_740' title='bbox 3130 4606 3229 4676; x_wconf 78' lang='grc' dir='ltr'><strong>τὴν</strong></span> <span class='ocrx_word' id='word_1_741' title='bbox 3258 4604 3365 4657; x_wconf 87' lang='grc' dir='ltr'><strong>τῶν</strong></span> <span class='ocrx_word' id='word_1_742' title='bbox 3394 4602 3735 4673; x_wconf 87' lang='grc' dir='ltr'><strong>παθημάτων</strong></span> <span class='ocrx_word' id='word_1_743' title='bbox 3763 4601 3935 4655; x_wconf 86' lang='grc' dir='ltr'><strong>ἀσθέ-</strong></span> 
     </span>
    </p>
   </div>
   <div class='ocr_carea' id='block_1_102' title="bbox 2339 4695 3938 4769">
    <p class='ocr_par' dir='ltr' id='par_1_102' title="bbox 2339 4695 3938 4769">
     <span class='ocr_line' id='line_1_102' title="bbox 2339 4695 3938 4769; baseline -0.004 -15"><span class='ocrx_word' id='word_1_744' title='bbox 2339 4720 2485 4754; x_wconf 82' lang='grc' dir='ltr'><strong>νειαν</strong></span> <span class='ocrx_word' id='word_1_745' title='bbox 2512 4702 2819 4754; x_wconf 86' lang='grc' dir='ltr'><strong>κατασείειν</strong></span> <span class='ocrx_word' id='word_1_746' title='bbox 2844 4700 3159 4769; x_wconf 79' lang='grc' dir='ltr'><strong>ἀποτολμᾷν</strong></span> <span class='ocrx_word' id='word_1_747' title='bbox 3194 4699 3254 4750; x_wconf 84' lang='grc' dir='ltr'><strong>τὸ</strong></span> <span class='ocrx_word' id='word_1_748' title='bbox 3292 4696 3489 4759; x_wconf 81' lang='grc' dir='ltr'><strong>παντὸς</strong></span> <span class='ocrx_word' id='word_1_749' title='bbox 3520 4695 3777 4749; x_wconf 83' lang='grc' dir='ltr'><strong>ἐπέκεινα</strong></span> <span class='ocrx_word' id='word_1_750' title='bbox 3806 4710 3938 4762; x_wconf 88' lang='grc' dir='ltr'><strong>γεν-</strong></span> 
     </span>
    </p>
   </div>
   <div class='ocr_carea' id='block_1_103' title="bbox 2337 4786 3936 4862">
    <p class='ocr_par' dir='ltr' id='par_1_103' title="bbox 2337 4786 3936 4862">
     <span class='ocr_line' id='line_1_103' title="bbox 2337 4786 3936 4862; baseline -0.004 -18"><span class='ocrx_word' id='word_1_751' title='bbox 2337 4793 2521 4862; x_wconf 77' lang='grc' dir='ltr'><strong>νητοῦ,</strong></span> <span class='ocrx_word' id='word_1_752' title='bbox 2559 4794 2653 4845; x_wconf 72' lang='grc' dir='ltr'><strong>καὶ</strong></span> <span class='ocrx_word' id='word_1_753' title='bbox 2701 4792 3025 4862; x_wconf 81' lang='grc' dir='ltr'><strong>ἀσώματον;</strong></span> <span class='ocrx_word' id='word_1_754' title='bbox 3070 4789 3287 4849; x_wconf 81' lang='grc' dir='ltr'><strong>Ἐπειδὴ</strong></span> <span class='ocrx_word' id='word_1_755' title='bbox 3316 4790 3371 4842; x_wconf 86' lang='grc' dir='ltr'><strong>δὲ</strong></span> <span class='ocrx_word' id='word_1_756' title='bbox 3418 4790 3447 4840; x_wconf 87' lang='grc' dir='ltr'>ὁ</span> <span class='ocrx_word' id='word_1_757' title='bbox 3496 4786 3587 4840; x_wconf 79' lang='grc' dir='ltr'><strong>τοῦ</strong></span> <span class='ocrx_word' id='word_1_758' title='bbox 3624 4788 3936 4857; x_wconf 79' lang='grc' dir='ltr'><strong>μυστηρίου</strong></span> 
     </span>
    </p>
   </div>
   <div class='ocr_carea' id='block_1_104' title="bbox 2340 4878 3935 4952">
    <p class='ocr_par' dir='ltr' id='par_1_104' title="bbox 2340 4878 3935 4952">
     <span class='ocr_line' id='line_1_104' title="bbox 2340 4878 3935 4952; baseline -0.005 -17"><span class='ocrx_word' id='word_1_759' title='bbox 2340 4885 2515 4951; x_wconf 87' lang='grc' dir='ltr'><strong>λόγος,</strong></span> <span class='ocrx_word' id='word_1_760' title='bbox 2548 4884 2833 4952; x_wconf 82' lang='grc' dir='ltr'><strong>ἄνθρωπον</strong></span> <span class='ocrx_word' id='word_1_761' title='bbox 2874 4879 2981 4935; x_wconf 80' lang='grc' dir='ltr'><strong>οἶδε</strong></span> <span class='ocrx_word' id='word_1_762' title='bbox 3022 4882 3311 4951; x_wconf 82' lang='grc' dir='ltr'><strong>γενόμενον</strong></span> <span class='ocrx_word' id='word_1_763' title='bbox 3340 4878 3699 4948; x_wconf 86' lang='grc' dir='ltr'><strong>οἰκονομικῶς</strong></span> <span class='ocrx_word' id='word_1_764' title='bbox 3732 4878 3799 4929; x_wconf 88' lang='grc' dir='ltr'><strong>ὲκ</strong></span> <span class='ocrx_word' id='word_1_765' title='bbox 3829 4894 3935 4943; x_wconf 87' lang='grc' dir='ltr'><strong>γυ-</strong></span> 
     </span>
    </p>
   </div>
   <div class='ocr_carea' id='block_1_105' title="bbox 2341 4965 3937 5039">
    <p class='ocr_par' dir='ltr' id='par_1_105' title="bbox 2341 4965 3937 5039">
     <span class='ocr_line' id='line_1_105' title="bbox 2341 4965 3937 5039; baseline -0.004 -13"><span class='ocrx_word' id='word_1_766' title='bbox 2341 4974 2527 5035; x_wconf 79' lang='grc' dir='ltr'><strong>ναικὸς</strong></span> <span class='ocrx_word' id='word_1_767' title='bbox 2556 4973 2644 5025; x_wconf 78' lang='grc' dir='ltr'><strong>τὸν</strong></span> <span class='ocrx_word' id='word_1_768' title='bbox 2678 4974 2739 5025; x_wconf 76' lang='grc' dir='ltr'><strong>ὲκ</strong></span> <span class='ocrx_word' id='word_1_769' title='bbox 2766 4972 2899 5024; x_wconf 75' lang='grc' dir='ltr'><strong>Θεοῦ</strong></span> <span class='ocrx_word' id='word_1_770' title='bbox 2935 4973 3076 5025; x_wconf 81' lang='grc' dir='ltr'><strong>κατά</strong></span> <span class='ocrx_word' id='word_1_771' title='bbox 3121 4971 3281 5039; x_wconf 83' lang='grc' dir='ltr'><strong>φύσιν</strong></span> <span class='ocrx_word' id='word_1_772' title='bbox 3318 4970 3444 5023; x_wconf 81' lang='grc' dir='ltr'><strong>Υίὸν</strong></span> <span class='ocrx_word' id='word_1_773' title='bbox 3477 4965 3763 5038; x_wconf 84' lang='grc' dir='ltr'><strong>μονογενῆ,</strong></span> <span class='ocrx_word' id='word_1_774' title='bbox 3799 4965 3937 5019; x_wconf 74' lang='grc' dir='ltr'><strong>ἴδιον</strong></span> 
     </span>
    </p>
   </div>
   <div class='ocr_carea' id='block_1_106' title="bbox 2342 5059 3937 5133">
    <p class='ocr_par' dir='ltr' id='par_1_106' title="bbox 2342 5059 3937 5133">
     <span class='ocr_line' id='line_1_106' title="bbox 2342 5059 3937 5133; baseline -0.004 -18"><span class='ocrx_word' id='word_1_775' title='bbox 2342 5082 2399 5115; x_wconf 85' lang='grc' dir='ltr'><strong>τε</strong></span> <span class='ocrx_word' id='word_1_776' title='bbox 2428 5063 2694 5133; x_wconf 80' lang='grc' dir='ltr'><strong>ὑπάρχειν</strong></span> <span class='ocrx_word' id='word_1_777' title='bbox 2727 5062 2893 5116; x_wconf 80' lang='grc' dir='ltr'><strong>αὐτοῦ</strong></span> <span class='ocrx_word' id='word_1_778' title='bbox 2927 5061 3386 5132; x_wconf 75' lang='grc' dir='ltr'><strong>διαϐεϐαιούμεθα</strong></span> <span class='ocrx_word' id='word_1_779' title='bbox 3421 5060 3481 5113; x_wconf 85' lang='grc' dir='ltr'><strong>τὸ</strong></span> <span class='ocrx_word' id='word_1_780' title='bbox 3510 5061 3575 5111; x_wconf 80' lang='grc' dir='ltr'><strong>ἐκ</strong></span> <span class='ocrx_word' id='word_1_781' title='bbox 3606 5059 3704 5127; x_wconf 81' lang='grc' dir='ltr'><strong>τῆς</strong></span> <span class='ocrx_word' id='word_1_782' title='bbox 3747 5074 3937 5125; x_wconf 87' lang='grc' dir='ltr'><strong>μακα-</strong></span> 
     </span>
    </p>
   </div>
   <div class='ocr_carea' id='block_1_107' title="bbox 2348 5150 3935 5225">
    <p class='ocr_par' dir='ltr' id='par_1_107' title="bbox 2348 5150 3935 5225">
     <span class='ocr_line' id='line_1_107' title="bbox 2348 5150 3935 5225; baseline -0.003 -22"><span class='ocrx_word' id='word_1_783' title='bbox 2348 5155 2466 5224; x_wconf 85' lang='grc' dir='ltr'><strong>ρίας</strong></span> <span class='ocrx_word' id='word_1_784' title='bbox 2508 5154 2784 5224; x_wconf 79' lang='grc' dir='ltr'><strong>Παρθένου</strong></span> <span class='ocrx_word' id='word_1_785' title='bbox 2809 5168 2834 5194; x_wconf 71' lang='grc' dir='ltr'>α</span> <span class='ocrx_word' id='word_1_786' title='bbox 2871 5154 3071 5225; x_wconf 78' lang='grc' dir='ltr'><strong>ληφθὲν</strong></span> <span class='ocrx_word' id='word_1_787' title='bbox 3110 5156 3263 5221; x_wconf 86' lang='grc' dir='ltr'><strong>ἆγιον</strong></span> <span class='ocrx_word' id='word_1_788' title='bbox 3313 5153 3503 5221; x_wconf 88' lang='grc' dir='ltr'><strong>σῶμα·</strong></span> <span class='ocrx_word' id='word_1_789' title='bbox 3537 5151 3795 5219; x_wconf 79' lang='grc' dir='ltr'><strong>ταύτῃτοι</strong></span> <span class='ocrx_word' id='word_1_790' title='bbox 3836 5150 3935 5200; x_wconf 67' lang='grc' dir='ltr'><strong>καὶ</strong></span> 
     </span>
    </p>
   </div>
   <div class='ocr_carea' id='block_1_108' title="bbox 2346 5241 3935 5316">
    <p class='ocr_par' dir='ltr' id='par_1_108' title="bbox 2346 5241 3935 5316">
     <span class='ocr_line' id='line_1_108' title="bbox 2346 5241 3935 5316; baseline -0.004 -17"><span class='ocrx_word' id='word_1_791' title='bbox 2346 5248 2489 5315; x_wconf 79' lang='grc' dir='ltr'><strong>μάλα</strong></span> <span class='ocrx_word' id='word_1_792' title='bbox 2523 5247 2698 5316; x_wconf 82' lang='grc' dir='ltr'><strong>ὀρθῶς</strong></span> <span class='ocrx_word' id='word_1_793' title='bbox 2730 5248 2847 5299; x_wconf 77' lang='grc' dir='ltr'><strong>κατ’</strong></span> <span class='ocrx_word' id='word_1_794' title='bbox 2886 5248 3159 5301; x_wconf 87' lang='grc' dir='ltr'><strong>οίκείωσιν</strong></span> <span class='ocrx_word' id='word_1_795' title='bbox 3185 5244 3535 5316; x_wconf 83' lang='grc' dir='ltr'><strong>οἰκονομικὴν</strong></span> <span class='ocrx_word' id='word_1_796' title='bbox 3575 5241 3741 5296; x_wconf 77' lang='grc' dir='ltr'><strong>αὐτοῦ</strong></span> <span class='ocrx_word' id='word_1_797' title='bbox 3774 5241 3935 5308; x_wconf 77' lang='grc' dir='ltr'><strong>λέγε-</strong></span> 
     </span>
    </p>
   </div>
   <div class='ocr_carea' id='block_1_109' title="bbox 2346 5337 3933 5410">
    <p class='ocr_par' dir='ltr' id='par_1_109' title="bbox 2346 5337 3933 5410">
     <span class='ocr_line' id='line_1_109' title="bbox 2346 5337 3933 5410; baseline -0.004 -18"><span class='ocrx_word' id='word_1_798' title='bbox 2346 5341 2468 5393; x_wconf 88' lang='grc' dir='ltr'><strong>σθαί</strong></span> <span class='ocrx_word' id='word_1_799' title='bbox 2495 5357 2673 5409; x_wconf 76' lang='grc' dir='ltr'><strong>φαμεν</strong></span> <span class='ocrx_word' id='word_1_800' title='bbox 2696 5340 2764 5391; x_wconf 83' lang='grc' dir='ltr'><strong>τὰ</strong></span> <span class='ocrx_word' id='word_1_801' title='bbox 2790 5341 2886 5410; x_wconf 79' lang='grc' dir='ltr'><strong>τῆς</strong></span> <span class='ocrx_word' id='word_1_802' title='bbox 2913 5340 3112 5409; x_wconf 75' lang='grc' dir='ltr'><strong>σαρκὸς</strong></span> <span class='ocrx_word' id='word_1_803' title='bbox 3140 5338 3307 5409; x_wconf 76' lang='grc' dir='ltr'><strong>πάθη,</strong></span> <span class='ocrx_word' id='word_1_804' title='bbox 3330 5337 3695 5408; x_wconf 79' lang='grc' dir='ltr'><strong>τετηρηκότες</strong></span> <span class='ocrx_word' id='word_1_805' title='bbox 3725 5352 3933 5388; x_wconf 82' lang='grc' dir='ltr'><strong>παντα-</strong></span> 
     </span>
    </p>
   </div>
   <div class='ocr_carea' id='block_1_110' title="bbox 1732 5498 2895 5567">
    <p class='ocr_par' dir='ltr' id='par_1_110' title="bbox 1732 5498 2895 5567">
     <span class='ocr_line' id='line_1_110' title="bbox 1732 5498 2895 5567; baseline 0.002 -16"><span class='ocrx_word' id='word_1_806' title='bbox 1732 5500 1905 5552; x_wconf 72' lang='lat' dir='ltr'><strong>Variae</strong></span> <span class='ocrx_word' id='word_1_807' title='bbox 1936 5500 2192 5553; x_wconf 77' lang='lat' dir='ltr'><strong>lectiones</strong></span> <span class='ocrx_word' id='word_1_808' title='bbox 2221 5515 2282 5552; x_wconf 80' lang='lat' dir='ltr'><strong>ex</strong></span> <span class='ocrx_word' id='word_1_809' title='bbox 2312 5498 2497 5554; x_wconf 85' lang='lat' dir='ltr'><strong>codice</strong></span> <span class='ocrx_word' id='word_1_810' title='bbox 2526 5498 2895 5567; x_wconf 81' lang='lat' dir='ltr'><strong>Seguieriano.</strong></span> 
     </span>
    </p>
   </div>
   <div class='ocr_carea' id='block_1_111' title="bbox 745 5657 1792 5729">
    <p class='ocr_par' dir='ltr' id='par_1_111' title="bbox 745 5657 1792 5729">
     <span class='ocr_line' id='line_1_111' title="bbox 745 5657 1792 5729; baseline -0.001 -17"><span class='ocrx_word' id='word_1_811' title='bbox 745 5662 759 5694; x_wconf 72' lang='grc' dir='ltr'><strong>ί</strong></span> <span class='ocrx_word' id='word_1_812' title='bbox 803 5660 885 5712; x_wconf 80' lang='grc' dir='ltr'><strong>ϊσ.</strong></span> <span class='ocrx_word' id='word_1_813' title='bbox 926 5674 957 5723; x_wconf 83' lang='grc' dir='ltr'><strong>η</strong></span> <span class='ocrx_word' id='word_1_814' title='bbox 994 5662 1107 5728; x_wconf 75' lang='grc' dir='ltr'><strong>τὴν,</strong></span> <span class='ocrx_word' id='word_1_815' title='bbox 1136 5661 1335 5729; x_wconf 76' lang='grc' dir='ltr'><strong>δηλαδὴ</strong></span> <span class='ocrx_word' id='word_1_816' title='bbox 1366 5657 1575 5726; x_wconf 78' lang='grc' dir='ltr'><strong>παθητῆ</strong></span> <span class='ocrx_word' id='word_1_817' title='bbox 1612 5658 1792 5725; x_wconf 78' lang='grc' dir='ltr'><strong>φύσις.</strong></span> 
     </span>
    </p>
   </div>
   <div class='ocr_carea' id='block_1_112' title="bbox 664 5724 2002 5797">
    <p class='ocr_par' dir='ltr' id='par_1_112' title="bbox 664 5724 2002 5797">
     <span class='ocr_line' id='line_1_112' title="bbox 664 5724 2002 5797; baseline 0.003 -19"><span class='ocrx_word' id='word_1_818' title='bbox 664 5724 913 5797; x_wconf 71' lang='grc' dir='ltr'><strong>έστηκεν.</strong></span> <span class='ocrx_word' id='word_1_819' title='bbox 1010 5724 1335 5795; x_wconf 62' lang='grc' dir='ltr'><strong>π’άιθοιῖλως.⁷</strong></span> <span class='ocrx_word' id='word_1_820' title='bbox 1400 5744 1421 5770; x_wconf 65' lang='lat' dir='ltr'><strong>ﬂ</strong></span> <span class='ocrx_word' id='word_1_821' title='bbox 1455 5724 1727 5797; x_wconf 63' lang='grc' dir='ltr'><strong>Παρθένον</strong></span> <span class='ocrx_word' id='word_1_822' title='bbox 1770 5731 2002 5797; x_wconf 80' lang='grc' dir='ltr'><strong>Μαρίας.</strong></span> 
     </span>
    </p>
   </div>
   <div class='ocr_carea' id='block_1_113' title="bbox 1870 5661 2460 5728">
    <p class='ocr_par' dir='ltr' id='par_1_113' title="bbox 1870 5661 2460 5728">
     <span class='ocr_line' id='line_1_113' title="bbox 1870 5661 2460 5728; baseline 0.01 -19"><span class='ocrx_word' id='word_1_823' title='bbox 1870 5672 1893 5697; x_wconf 75' lang='grc' dir='ltr'><strong>ἰ</strong></span> <span class='ocrx_word' id='word_1_824' title='bbox 1930 5661 2093 5728; x_wconf 78' lang='grc' dir='ltr'><strong>ἴσως,</strong></span> <span class='ocrx_word' id='word_1_825' title='bbox 2134 5662 2206 5728; x_wconf 80' lang='grc' dir='ltr'><strong>ὼς</strong></span> <span class='ocrx_word' id='word_1_826' title='bbox 2240 5665 2460 5718; x_wconf 74' lang='grc' dir='ltr'><strong>οἴονται.</strong></span> 
     </span>
    </p>
   </div>
   <div class='ocr_carea' id='block_1_114' title="bbox 2545 5648 3929 5731">
    <p class='ocr_par' dir='ltr' id='par_1_114' title="bbox 2545 5648 3929 5731">
     <span class='ocr_line' id='line_1_114' title="bbox 2545 5648 3929 5731; baseline -0.013 -13"><span class='ocrx_word' id='word_1_827' title='bbox 2545 5676 2563 5701; x_wconf 83' lang='lat'><strong>&#39;</strong></span> <span class='ocrx_word' id='word_1_828' title='bbox 2599 5659 3108 5731; x_wconf 67' lang='grc' dir='ltr'><strong>καταϐεϐληκότων.</strong></span> <span class='ocrx_word' id='word_1_829' title='bbox 3188 5667 3211 5693; x_wconf 68' lang='grc'>³</span> <span class='ocrx_word' id='word_1_830' title='bbox 3241 5656 3314 5718; x_wconf 74' lang='grc' dir='ltr'><strong>ὡς</strong></span> <span class='ocrx_word' id='word_1_831' title='bbox 3348 5653 3636 5710; x_wconf 74' lang='grc' dir='ltr'><strong>ἀλλότοιοι.</strong></span> <span class='ocrx_word' id='word_1_832' title='bbox 3730 5660 3758 5701; x_wconf 73' lang='grc' dir='ltr'><em>γ</em></span> <span class='ocrx_word' id='word_1_833' title='bbox 3792 5648 3929 5704; x_wconf 65' lang='grc' dir='ltr'><strong>καθ-</strong></span> 
     </span>
    </p>
   </div>
  </div>
