4042 6450
118 336 218 393 381

743 342 1273 405 APOLOGETICUS
1324 350 1458 407 PRO
1496 353 1590 408 XII
1630 355 1992 413 CAPITIBUS
2023 359 2302 418 CONTRA
2342 361 2793 421 ORIENTALES.

3288 369 3398 426 382

120 456 219 523 χοῦ
277 461 351 527 τῇ
405 459 576 512 αὑτοῦ
627 463 784 530 φύσει
835 466 894 519 τὸ
920 470 1147 535 ἀπαθές.
1178 474 1310 539 Θεὸς
1346 477 1453 549 γάρ
1486 479 1631 531 ἐστιν
1666 482 1709 533 ἐι

1834 481 1973 537 Dens
2000 486 2140 538 enim
2174 496 2256 542 est
2286 503 2350 541 ex
2386 486 2511 544 Deo.
2532 489 2756 557 Quando
2789 489 2952 559 igitur
2980 504 3141 546 carne
3196 493 3396 549 dicitur

119 547 473 603 Θεοῦ.“’οταν
507 552 686 605 τοίνυν
714 558 877 626 σαρκὶ
908 558 1129 630 λέγηται
1175 566 1389 631 παθεῖν,
1423 547 1522 622 οὐκ
1554 571 1717 635 αὐτὸς

121 640 200 699 είς
235 639 380 691 ἰδίαν
410 640 574 708 φύσιν
603 647 800 698 νοεῖται
834 648 1040 715 παθὼν,
1067 655 1200 707 καθὸ
1227 656 1356 721 Θεός
1382 662 1529 713 ἐστιν
1550 678 1565 692 ·
1595 663 1717 715 ἰδιο-

122 730 278 822 ποιοῦ
288 748 460 799 μενος
581 737 781 805 μᾶλλον
807 739 867 792 τὸ
896 742 1065 807 πάθος
1087 761 1099 773 ·
1130 747 1293 801 αὑτοῦ
1318 751 1427 822 γὰρ
1448 753 1635 821 γέγονε
1658 754 1718 807 τὸ

119 820 327 871 ἑνωθὲν
360 821 515 893 αὐτῷ
543 825 722 897 σῶμα,
751 829 999 902 καθάπερ
1026 833 1163 906 ἔφην
1192 820 1415 908 ἀρτίως,
1440 820 1538 896 Διά
1559 843 1717 897 τοῦτο

120 911 215 960 καὶ
251 912 281 962 ὁ
316 910 612 1000 θεσπέσιος
641 917 853 983 Παῦλος
893 923 1056 976 αὑτὸν
1091 926 1183 978 τὸν
1225 928 1293 981 δι’
1326 925 1385 983 οὗ
1414 932 1482 985 τὰ
1516 934 1712 1000 πάντα,

116 1002 214 1051 καὶ
246 1002 309 1053 ὲν
348 995 394 1069 ᾧ
422 1003 495 1057 τά
521 1006 697 1060 πάντα
729 1010 1029 1084 πεποίηκεν
1070 1019 1098 1069 ὁ
1133 1019 1343 1089 Πατὴρ,
1376 995 1715 1092 πρωτότοκον

118 1092 183 1143 ἑκ
220 1094 443 1162 νεκρῶν
476 1099 801 1170 γεγενῆσθαί
832 1121 981 1173 φησι.
1008 1109 1213 1179 Γράφει
1246 1112 1302 1165 δὲ
1330 1113 1502 1179 οὕτως
1522 1133 1533 1146 ·
1569 1136 1585 1168 ι
1613 1118 1716 1170 Εὑ-

117 1182 519 1279 χαριστοῦντες
545 1186 623 1257 τῷ
654 1191 830 1262 Πατρὶ
864 1194 939 1264 τῷ
976 1197 1301 1255 ἱκανώσαντι
1332 1204 1479 1273 ἡμᾶς
1505 1208 1585 1270 εις
1613 1209 1713 1279 τὴν

120 1271 323 1342 μερίδα
348 1274 449 1327 τοῦ
481 1278 684 1349 κλήρου
712 1281 819 1336 τῶν
848 1285 1016 1353 ἁγίων
1062 1290 1119 1342 ὲν
1151 1292 1229 1363 τῷ
1270 1271 1428 1362 φωτὶ,
1461 1297 1519 1360 ὃς
1549 1271 1713 1369 sppi-

119 1379 251 1416 σατο
282 1366 440 1435 ἡμᾶς
470 1369 533 1422 ἐκ
562 1371 656 1441 τῆς
677 1373 924 1440 ἐξουσίας
942 1379 1034 1432 τοῦ
1056 1384 1298 1449 σκότους,
1327 1387 1418 1440 καὶ
1448 1366 1710 1462 μετέστη-

118 1470 234 1549 σεν.
259 1459 346 1549 εἰς
395 1459 497 1530 τὴν
542 1460 819 1531 βασιλείαν
846 1470 936 1522 τοῦ
968 1472 1096 1525 Υίοῦ
1125 1476 1223 1545 τῆς
1252 1478 1471 1549 ἀγάπης
1506 1459 1710 1536 αὐτοῦ’

116 1546 177 1640 ὲν
272 1548 480 1620 ἔχομεν
502 1554 598 1625 τὴν
620 1557 997 1630 ἀπολύτρωσιν
1024 1564 1132 1619 τῶν
1159 1540 1466 1640 ἀμαρτιῶν,
1487 1574 1545 1637 ὅς
1567 1576 1712 1630 ἐστιν

115 1637 287 1691 εἰκὼν
316 1640 415 1695 τοῦ
451 1643 584 1697 Θεοῦ
615 1648 707 1701 τοῦ
733 1650 986 1719 ἀοράτου,
1018 1659 1360 1727 πρωτότοκος
1390 1666 1569 1736 πάσης
1595 1667 1711 1721 κτί-

120 1744 286 1793 σεως,
317 1732 402 1784 ὅτι
452 1734 509 1786 ἐν
553 1738 702 1808 αὐτῷ
734 1743 955 1817 ἐκτίσθη
992 1747 1061 1799 τὰ
1098 1750 1273 1805 πάντα
1299 1753 1368 1807 τά
1397 1756 1453 1808 ἐν
1478 1732 1591 1822 tot;
1617 1761 1710 1813 οὐ·

1828 590 2036 643 passus,
2067 593 2170 631 non
2199 579 2311 648 ipse
2343 581 2394 634 in
2424 581 2635 650 prppria
2664 590 2879 648 natura,
2925 597 3031 652 qua
3086 582 3228 641 Deus
3286 597 3389 653 est,

1824 666 2145 733 intelligitur
2172 684 2384 737 passus,
2416 672 2509 725 sed
2542 672 2720 741 potius
2757 672 2857 727 sibi
2887 675 3235 745 appropriare
3270 692 3392 746 pas-

1818 756 2051 810 sionem.
2085 757 2257 825 Ipsius
2286 761 2432 812 enim
2468 760 2668 814 factum
2700 773 2781 817 est
2806 763 3013 817 unitum
3039 764 3137 820 sibi
3169 781 3387 837 corpus,

1820 847 1961 901 sicut
1988 847 2188 901 dudum
2227 849 2361 903 dixi.
2395 849 2734 920 Quapropter
2756 862 2810 907 et
2831 854 3049 910 divinus
3074 853 3268 910 Paulus
3305 858 3388 925 ip-

1818 952 1962 1001 sum,
2001 952 2095 1006 per
2120 953 2277 1005 quem
2322 940 2500 994 omnia
2534 952 2587 995 et
2618 942 2669 997 in
2693 956 2799 1011 quo
2828 946 3008 999 omnia
3039 945 3166 1001 fecit
3204 946 3386 1012 Pater,

1819 1027 2093 1081 dicitesse
2123 1026 2323 1081 factum
2355 1030 2772 1099 primogenitum
2804 1046 2868 1086 ex
2896 1034 3142 1089 mortuis.
3180 1034 3387 1090 Scribit

1817 1128 1996 1171 autem
2029 1118 2107 1173 sic
2137 1136 2149 1172 :
2192 1137 2210 1169 ι
2246 1118 2460 1175 Gratias
2490 1130 2713 1192 agentes
2738 1121 3010 1192 Patri,qui
3035 1140 3135 1181 nos
3163 1126 3391 1182 idoneos

1816 1210 1943 1265 fecit
1981 1211 2032 1264 in
2066 1222 2272 1280 partem
2331 1213 2498 1267 sortis
2552 1224 2861 1269 sanctorum
2927 1217 2981 1273 in
3028 1217 3265 1284 lumine;
3294 1220 3384 1288 qni

1816 1302 2013 1371 eripuit
2037 1316 2134 1356 nos
2159 1301 2226 1356 de
2254 1310 2517 1370 potestate
2551 1306 2920 1371 tenebrarum,
2991 1317 3048 1362 et
3110 1307 3389 1363 transtulit

1818 1394 1870 1446 in
1907 1408 2128 1462 regnum
2165 1392 2285 1447 Filii
2345 1392 2649 1451 dilectionis
2705 1411 2852 1462 sum;
2890 1397 2942 1451 in
2970 1412 3077 1467 quo
3127 1398 3389 1457 habemus

1817 1482 2190 1536 remissionem
2227 1493 2578 1552 peccatorum
2618 1502 2633 1538 :
2674 1488 2767 1555 qui
2796 1496 2879 1543 est
2909 1488 3087 1560 imago
3116 1489 3208 1545 Dei
3249 1490 3389 1546 invi-

1815 1573 2005 1635 sibilis,
2030 1574 2421 1644 primogenitus
2448 1576 2628 1633 omnis
2664 1588 2926 1634 creatum
2958 1595 2972 1632 :
3028 1580 3153 1649 quia
3187 1581 3239 1635 in
3272 1582 3390 1653 ipso

1815 1678 1995 1723 creata
2032 1668 2379 1735 suntomnia,
2411 1684 2529 1737 qua:
2566 1669 2617 1723 in
2679 1670 2831 1726 caelis
2862 1679 2918 1726 et
2951 1687 3072 1742 qua:
3120 1672 3171 1727 in
3216 1680 3383 1741 terra,

1816 1758 2047 1814 visibilia
2071 1768 2125 1813 et
2152 1760 2465 1824 invisibilia,
2501 1760 2614 1815 sive
2642 1761 2844 1826 throni,
2897 1760 3012 1816 sive
3063 1762 3386 1819 dominatio-

117 1826 330 1923 ρανοῖς,
364 1826 464 1879 καὶ
487 1829 555 1882 τὰ
574 1831 667 1884 ἐπὶ
694 1832 796 1904 τῆς
825 1837 947 1908 γῆς,
971 1840 1036 1893 τά
1063 1843 1252 1914 ὁρατά,
1277 1848 1457 1901 καὶτὰ
1479 1816 1704 1922 ἀόρατα,

1816 1865 1931 1914 ncs,
1959 1849 2076 1905 sive
2105 1849 2467 1919 principatus,
2498 1851 2612 1904 sive
2652 1860 2979 1921 potestates;
3028 1852 3208 1907 omnia
3292 1868 3389 1923 per

114 1917 226 2011 εῖτε
266 1920 474 1990 θρόνοι,
511 1926 621 1979 εῐτε
658 1931 1009 2003 κυριότητες,
1043 1937 1155 1990 εἴτε
1188 1940 1383 2011 ἀρχαὶ,
1416 1946 1525 1998 εἴτε
1548 1917 1707 2011 -5500;-

118 2009 231 2061 σίαι
254 2028 269 2040 ·
303 2012 376 2065 τά
406 2016 583 2070 πάντα
605 2018 672 2071 δι’
694 2023 880 2089 αὐτοῦ,
907 2027 999 2078 καὶ
1025 2030 1104 2092 είς
1133 2009 1293 2085 αὐτὸν
1316 2033 1579 2091 ἔκτισται.
1599 2009 1708 2091 Καὶ

112 2098 282 2162 αὐτός
322 2104 441 2156 ἐστι
475 2108 581 2176 πρὸ
608 2110 856 2177 πάντων,
893 2116 985 2167 καὶ¹
1017 2119 1085 2170 τὰ
1114 2119 1288 2175 πάντα
1317 2126 1373 2175 ὲν
1404 2126 1550 2195 αὐτῷ
1583 2145 1708 2181 συν-

112 2182 343 2287 όΞ-τηκε,
378 2191 477 2287 καὶ
508 2193 674 2259 αὑτός
710 2197 859 2253 ἐστιν
890 2202 921 2271 ή
952 2206 1161 2278 κεφαλὴ
1198 2208 1289 2261 τοῦ
1330 2182 1579 2282 σώματος
1613 2217 1709 2287 τῆς

128 2275 491 2348 Ἐκκλησίας,
522 2284 583 2348 ὃς
619 2287 769 2341 ἐστιν
798 2290 963 2362 ἀρχὴ,
993 2275 1335 2365 πρωτότοκος
1381 2275 1444 2355 ὲκ
1483 2275 1591 2357 τῶν
1622 2275 1708 2359 νέξ

114 2367 289 2435 κρῶν,
328 2371 419 2426 ἵνα
448 2375 671 2447 γένηται
702 2381 760 2434 ὲν
786 2383 951 2436 πᾶσιν
980 2386 1141 2450 αὐτὸς
1170 2392 1623 2460 πρωτεύων.”οτι
1652 2400 1709 2450 ὲν

116 2458 269 2556 αὐτ-ᾦ
303 2464 579 2536 ηὐδόκησε
631 2472 742 2523 πᾶν
777 2473 840 2525 τὸ
872 2476 1146 2548 πλήρωμα
1174 2458 1273 2551 τῆς
1298 2482 1552 2556 θεότητος
1580 2506 1709 2541 κατ-

114 2548 341 2617 οικῆσαι
374 2559 727 2624 σωματικῶς,
764 2563 859 2637 καὶ
883 2562 949 2615 δι’
979 2567 1145 2620 αὐτοῦ
1173 2570 1613 2641 ἀποκαταλλάξαι
1642 2582 1711 2632 τὰ

116 2640 301 2693 πάντα
333 2643 413 2707 είς
445 2646 629 2713 αὐτὸν,
656 2651 1077 2725 είρηνοποιήσας
1101 2658 1188 2712 διά
1214 2662 1307 2727 τοῦ
1350 2665 1579 2734 αἵματος
1614 2671 1708 2723 τοῦ

115 2734 358 2824 σταυροῦ
386 2737 577 2803 αὐτοῦ,
611 2741 721 2796 εἴτε
748 2744 819 2798 τὰ
852 2746 943 2799 ἐπὶ
982 2748 1081 2818 τῆς
1108 2753 1229 2822 γῆς,
1268 2753 1377 2808 εἴτε
1408 2756 1477 2811 τά
1507 2760 1565 2812 ὲν
1596 2763 1708 2824 τοῖς

110 2823 386 2896 οὐρανοῖς.
418 2845 437 2877 ι
470 2829 661 2901 Ἀθρει
686 2833 748 2903 δὴ
780 2832 892 2899 οὖν,
922 2839 1069 2903 ὅπως
1116 2842 1182 2895 δι’
1216 2845 1381 2900 αὐτοῦ
1420 2848 1489 2901 τά
1532 2823 1708 2906 πάντα

114 2916 454 3011 πεποιῇσθαι
488 2919 678 2989 λέγων,
723 2926 914 2997 ὁρατά,
950 2932 1045 2984 καὶ
1095 2934 1319 3005 ἀόρατα,
1357 2938 1575 3011 θρόνους
1624 2963 1704 3011 τε,

112 3007 207 3059 καὶ
241 3007 519 3074 ἐξουσίας,
545 3013 705 3068 αὑτὸν
738 3016 983 3074 δεδόσθαι
1011 3026 1144 3093 φησὶ
1174 3031 1239 3098 τῇ
1290 3007 1587 3106 Ἐκκλησία
1617 3007 1708 3089 κελ-

1811 1944 1983 2013 ipsum
2035 1952 2089 1997 et
2121 1943 2173 1996 in
2209 1944 2323 2011 ipso
2354 1951 2535 1997 creata
2571 1952 2730 2011 sunt;
2766 1952 2821 1998 et
2847 1944 2962 2014 ipse
2983 1954 3067 1999 est
3126 1952 3251 2000 ante
3271 1959 3388 2000 om-

1810 2034 1921 2101 nia,
1958 2042 2013 2089 et
2045 2033 2225 2088 omnia
2252 2033 2307 2087 in
2361 2034 2476 2102 ipso
2511 2042 2794 2099 constant,
2826 2045 2882 2089 et
2929 2035 3044 2105 ipse
3088 2043 3173 2091 est
3229 2043 3388 2105 caput

1809 2123 2053 2192 corporis
2072 2121 2350 2189 Ecclesiae,
2378 2123 2469 2192 qui
2498 2131 2577 2177 est
2603 2123 2965 2192 principium,
2999 2123 3387 2195 primogenitus

1810 2231 1873 2270 ex
1897 2217 2161 2281 mortuis,
2194 2224 2251 2270 ut
2277 2215 2347 2270 sit
2374 2216 2425 2269 in
2458 2214 2711 2270 omnibus
2777 2217 2891 2285 ipse
2943 2216 3231 2285 primatum
3307 2226 3386 2269 te-

1812 2322 1965 2359 nens.
1993 2305 2128 2372 Quia
2165 2306 2217 2359 in
2249 2307 2367 2374 ipso
2388 2306 2713 2376 complacuit
2749 2322 2964 2362 omnem
2997 2306 3384 2377 plenitudinem

1810 2396 2113 2451 divinitatis
2145 2396 2452 2451 inhabitare
2484 2397 2861 2463 corporaliter,
2900 2407 2955 2451 et
3012 2413 3109 2466 per
3133 2414 3256 2454 eum
3295 2413 3387 2454 re-

1810 2486 2103 2543 conciliare
2131 2486 2314 2541 omnia
2345 2487 2399 2541 in
2465 2489 2665 2557 ipsum,
2699 2487 2993 2557 paciﬁcans
3042 2504 3140 2559 per
3167 2491 3388 2563 sangui-

1812 2595 1931 2633 nem
1950 2579 2130 2633 crucis
2162 2579 2303 2648 ejus,
2323 2580 2437 2633 sive
2460 2594 2579 2649 qua:
2616 2580 2668 2635 in
2702 2580 2885 2643 terris,
2904 2582 3017 2635 sive
3039 2596 3157 2650 quae
3183 2582 3233 2635 in
3267 2597 3384 2637 ca:-

1811 2670 1875 2725 lis
1905 2680 2030 2725 sunt
2055 2671 2122 2726 ³³.
2164 2689 2182 2722 ›
2222 2671 2382 2741 198
2436 2670 2732 2727 Considera
2772 2674 3065 2742 quomodo,
3115 2688 3236 2727 cum
3290 2689 3387 2743 per

1811 2764 1982 2831 ipsum
2015 2765 2195 2821 omnia
2227 2764 2372 2818 dicat
2400 2778 2521 2819 esse
2547 2762 2952 2828 facta,visibiiia
2980 2775 3034 2819 et
3066 2761 3382 2830 invisibilia,

1811 2858 2033 2911 thronos
2064 2865 2117 2910 et
2142 2864 2456 2927 potestates,
2490 2855 2667 2925 ipsum
2704 2858 2888 2911 datum
2918 2855 3176 2912 Ecclesia:
3198 2868 3382 2927 caput,

1809 2956 1863 3002 et
1895 2946 2311 3017 primogenitum
2341 2961 2406 3002 ex
2446 2947 2673 3002 mortuis
2708 2946 2911 3003 factum
2942 2963 3067 3004 esse
3125 2948 3383 3017 aﬂirmet,

1810 3038 2266 3106 reconciliataque
2298 3039 2479 3091 omnia
2507 3053 2602 3108 per
2642 3040 2817 3107 ipsum
2852 3038 2905 3093 in
2942 3038 3137 3109 ipsum,
3178 3049 3233 3096 et
3286 3057 3382 3111 pa-

118 3098 312 3171 ραλήν,
345 3102 445 3155 καὶ
471 3106 818 3175 πρωτότοκον
844 3112 907 3165 ὲκ
927 3115 1134 3186 νεκρῶν
1151 3098 1706 3197 γεγενῆσθαι-διίσχυ-

1810 3128 2017 3184 ciiicata
2046 3143 2144 3199 per
2165 3098 2480 3199 sanguinem
2507 3098 2706 3186 'crucis
2733 3132 2872 3201 ejus,
2906 3133 3020 3188 sive
3058 3147 3178 3204 qua
3222 3149 3386 3204 super

116 3193 350 3296 ρίςεται,
378 3195 931 3273 ἀποκαταλλαχθῆναί
956 3222 1015 3259 τε
1046 3208 1113 3262 τὰ
1141 3210 1317 3265 πάντα
1338 3214 1404 3267 δι’
1426 3217 1589 3270 αὐτοῦ
1613 3193 1705 3283 ἐίς

1811 3193 2185 3283 terram-sive
2212 3193 2331 3289 qua:
2365 3222 2416 3276 in
2444 3221 2616 3277 cmlis.
2645 3193 2811 3293 igitur
2850 3222 3059 3279 dubitet
3077 3193 3381 3296 quisquam

114 3283 295 3345 αὑτὸν,
335 3288 432 3339 καὶ
478 3289 794 3361 είρηνεῦσαι
837 3296 923 3351 διὰ
953 3299 1043 3352 τοῦ
1080 3303 1312 3372 αἵματος
1343 3307 1439 3360 τοῦ
1468 3312 1703 3382 σταυροῦ

114 3376 279 3475 ixi-:06
312 3379 427 3475 εἴτε
457 3380 525 3475 τὰ
556 3381 649 3435 ἐπὶ
691 3384 793 3454 τῆς
826 3389 948 3459 γῆς,
982 3395 1089 3446 εἴτε
1119 3396 1185 3448 τά
1214 3398 1273 3450 ὲν
1299 3402 1411 3463 τοῖς
1435 3376 1701 3475 οὐρανοῖς.

115 3460 247 3519 Εἶτά
276 3484 364 3529 τις
397 3468 730 3535 ὲνδοιάζωνιν
761 3478 855 3529 και
886 3480 1022 3548 μετά
1051 3484 1203 3538 τοῦτο
1227 3460 1425 3554 mna
1456 3460 1703 3559 agema;

114 3556 257 3624 εἰκῆ,
298 3558 376 3626 μὴ
405 3556 515 3629 ἄρα
546 3579 664 3626 πως
694 3565 945 3639 παθητὴν
970 3572 1067 3643 τήν
1094 3575 1188 3627 τοῦ
1218 3577 1346 3632 Υἰοῦ
1379 3582 1539 3649 φύσιν
1560 3586 1588 3637 ό
1610 3556 1702 3638 τοῦ

117 3650 430 3741 ρυῗστηρίου
477 3652 636 3719 λόγος
676 3656 955 3731 ἀποφήνῃ,
987 3662 1115 3718 ὅταν
1147 3666 1371 3739 λέγηται
1406 3676 1569 3741 σαρκὶ
1600 3694 1702 3730 πα·

113 3735 225 3789 θεῖν
250 3755 266 3803 ;
304 3739 665 3797 Ἱδιοποιεῖται
693 3746 822 3819 γὰρ,
847 3752 922 3814 ὡς
947 3754 1104 3824 ἔφην,
1134 3756 1203 3811 τὰ
1220 3735 1324 3812 τοῦ
1358 3735 1491 3815 ἰδίου
1521 3764 1703 3836 σώμα-

112 3846 199 3892 τος
230 3831 409 3904 πάθη.
452 3836 623 3890 Τοῦτο
654 3844 869 3908 φρονεῖν
895 3843 1068 3899 ἐδόκει
1102 3848 1181 3917 τῷ
1205 3849 1475 3924 θεσπεσίῳ
1512 3831 1702 3930 Πέτρῳ

113 3921 362 3988 λέγοντι·
400 3942 420 3975 ι
448 3927 688 3996 Χριστοῦ
717 3927 808 3983 οὖν
829 3934 1089 4000 παθόντος
1116 3939 1252 4012 ὑπὲρ
1287 3921 1649 4019 ήμῶννσαρκί.

114 4010 344 4083 Ἕτερον
398 4014 457 4067 δὲ
504 4017 566 4069 τὸ
615 4021 779 4089 σαρκὶ
829 4024 1018 4077 παθεῖν
1067 4010 1338 4107 λέγεσθαί,
1373 4037 1465 4088 καὶ
1514 4010 1700 4111 ἕτερον

113 4102 316 4169 ὁμοίως
343 4104 408 4155 τὸ
453 4106 644 4158 παθεῖν
692 4109 945 4178 λέγεσθαι
989 4119 1054 4187 τῇ
1094 4120 1192 4188 τῇς
1221 4103 1472 4194 θεότητος
1519 4102 1697 4197 φύσει.

125 4192 344 4263 Ἐπειδὴ
381 4195 491 4264 γάρ
522 4196 669 4250 ἐστιν
693 4199 722 4250 ὁ
751 4201 911 4265 αὐτὸς
940 4204 1070 4268 Θεός
1098 4224 1155 4260 τε
1186 4211 1344 4279 ὁμοῦ,
1366 4192 1467 4268 καὶ
1496 4192 1702 4292 ἄνθρωο

115 4299 231 4380 πος,
262 4285 489 4380 ἀπαθὴς
511 4377 522 4380 μ
695 4291 756 4343 τό
802 4309 861 4359 γε
896 4288 1030 4364 ἧκον
1060 4298 1140 4361 εἰς
1168 4300 1266 4371 τὴν
1312 4304 1411 4374 τῆς
1450 4285 1701 4380 θεότητος

114 4374 299 4440 φύσιν,
321 4374 566 4446 παθητὸς
587 4377 644 4429 δὲ
668 4381 810 4433 κατὰ
834 4383 893 4435 τὸ
918 4385 1255 4456 ἀνθρώπινον
1272 4408 1283 4420 ·
1317 4395 1371 4446 τί
1395 4395 1453 4449 τὸ
1476 4374 1697 4465 ἄτοπον,

111 4464 156 4515 εί
202 4464 281 4534 τῷ
334 4464 534 4519 παθεῖν
585 4470 851 4537 πεφυκότι
897 4472 1111 4542 λέγεται
1146 4480 1358 4546 παθεῖν,
1395 4485 1470 4555 τῷ
1505 4464 1696 4546 παθεῖν
1730 4471 1775 4529 D

109 4556 205 4610 οὐκ
234 4558 403 4611 εἰδότι
443 4561 770 4631 μεμενηκὼς
802 4564 1051 4636 ἀπαθής;
1089 4568 1210 4623 Ὅτι
1236 4572 1292 4624 δὲ
1317 4578 1494 4646 τοιᾷδε
1517 4582 1694 4637 πίστει

110 4649 198 4699 καὶ
234 4651 263 4701 ό
298 4648 413 4701 τῶν
440 4649 615 4717 ἁγίων
645 4653 901 4725 Πατέρων
930 4657 1187 4730 διέπρεψε
1219 4664 1397 4733 χορὸς,
1425 4669 1485 4732 ἐξ
1514 4673 1694 4727 αὐτῶν

108 4740 390 4809 εἰσόμεθα,
425 4733 501 4793 ὧν
546 4743 889 4813 γεγράφασιν
936 4750 1118 4816 αὐτοὶ,
1158 4752 1255 4823 τήν
1302 4756 1397 4807 τοῦ
1444 4760 1694 4833 Σωτῆρος

108 4833 452 4901 τηρήσαντες
516 4833 757 4904 ἐντολήν.
812 4839 1181 4910 Διεμέμνηντο
1242 4844 1350 4916 γὰρ
1406 4848 1687 4917 λέγοντος·

115 4936 130 4971 ι
157 4920 384 4991 Δωρεὲω
420 4920 665 4989 ἐλάϐετε,
695 4922 903 4994 δωρεὰν
928 4927 1065 4983 δότε.
1100 4949 1119 4980 ι

396 5056 726 5126 Γρηγορίου
764 5059 1101 5118 ἐπισκόπου
1135 5068 1406 5138 Νύσσης.

226 5184 407 5239 Τοῦτο
452 5186 561 5257 γάρ
609 5190 929 5259 φρονείσθω,
972 5197 1153 5264 φησὶν,
1183 5198 1239 5249 ἐν
1275 5199 1423 5270 ὑμῖν,
1454 5201 1481 5254 ὃ
1511 5203 1601 5256 καὶ
1633 5206 1689 5259 ἐν

109 5273 328 5347 Χριστῷ
372 5277 549 5347 Ἰησοῦ
574 5295 588 5309 ’
624 5279 683 5343 ὃς
716 5282 773 5333 ὲν
805 5288 988 5355 μορφῇ
1017 5285 1152 5339 Θεοῦ
1181 5288 1437 5361 ὑπάρχων
1470 5294 1567 5364 οὐχ
1587 5296 1686 5366 ἀρ·

1807 3314 2084 3384 posthaec,
2120 3323 2173 3368 et
2204 3313 2403 3368 frustra
2456 3314 2729 3381 formidet,
2783 3329 2851 3371 ne
2900 3318 3211 3386 passibiiem
3258 3319 3382 3374 Filii

1806 3411 2054 3456 naturain
2086 3403 2413 3458 sacramenti
2446 3417 2626 3459 sermo
2680 3406 2942 3470 declaret,
2999 3408 3214 3477 quando
3246 3410 3383 3464 dici-

1809 3503 2071 3547 lnrcarne
2103 3495 2249 3562 pati?
2272 3494 2526 3564 Proprias
2560 3495 2704 3549 enim
2735 3495 2884 3561 facit,
2913 3507 2973 3553 ut
3006 3501 3141 3563 dixi,
3176 3504 3380 3571 proprii

1806 3585 2047 3653 corporis
2082 3585 2379 3652 passiones.
2412 3584 2523 3640 Hoc
2586 3590 2790 3641 sentire
2856 3590 3063 3657 placuit
3110 3603 3164 3645 et
3190 3604 3381 3649 sancto

1804 3675 1965 3731 Petro
1994 3676 2234 3730 dicenti:
2288 3694 2305 3727 ι
2351 3676 2566 3733 Christo
2600 3678 2763 3747 igitur
2831 3695 2991 3748 passo
3074 3697 3171 3749 pro
3227 3685 3380 3738 nobis

1806 3769 1857 3823 in
1893 3785 2055 3825 carne
2078 3770 2144 3826 ⁵³.
2190 3788 2208 3821 ι
2248 3770 2409 3825 Aliud
2441 3771 2585 3825 enim
2615 3785 2697 3825 est
2728 3773 2931 3838 dicere,
2956 3774 3063 3841 pati
3099 3774 3153 3829 in
3191 3790 3377 3841 carne,

1804 3873 1858 3917 et
1890 3863 2033 3916 aliud
2071 3862 2323 3917 similiter
2360 3864 2563 3929 dicere,
2593 3866 2701 3934 pati
2736 3868 2787 3919 in
2820 3867 3121 3923 divinitatis
3157 3878 3373 3926 natura.

1805 3952 1941 4020 Quia
1973 3955 2115 4008 enim
2146 3954 2288 4008 idem
2320 3952 2462 4007 Deus
2490 3955 2651 4008 simul
2682 3968 2764 4011 est
2818 3968 2872 4010 et
2897 3958 3079 4023 homo,
3128 3961 3381 4029 impassi-

1804 4046 1924 4099 bilis
1949 4045 2201 4114 quidem,
2241 4054 2503 4112 quantum
2532 4047 2597 4099 ad
2651 4047 2955 4101 divinitatis
3011 4050 3245 4117 pertinet
3280 4069 3377 4105 na-

1804 4144 2001 4199 turam,
2054 4133 2324 4203 passibilis
2376 4147 2506 4187 vero
2568 4134 2866 4189 secundum
2947 4136 3377 4206 humanitatem;

1804 4228 1928 4295 quid
1954 4226 2040 4280 hic
2063 4224 2305 4291 ahsurdi,
2335 4225 2379 4281 si
2405 4226 2619 4280 dieatur
2652 4228 2761 4297 pati
2799 4228 2853 4281 in
2886 4243 2950 4282 eo
2973 4230 3115 4297 quod
3150 4231 3258 4298 pati
3281 4247 3379 4301 ap-

1804 4328 1913 4371 tum
1947 4319 2172 4387 est,,qni
2235 4317 2434 4370 mansit
2478 4304 2827 4387 impassibiiis
2881 4319 2933 4372 in
2962 4333 3030 4375 eo
3061 4321 3205 4390 quod
3268 4324 3378 4391 pati

1804 4425 1906 4462 n0n
1936 4408 2153 4477 potest?
2180 4406 2333 4474 Quod
2369 4417 2545 4463 autem
2583 4410 2635 4463 in
2669 4410 2759 4463 tali
2790 4411 2892 4465 fide
2914 4420 3226 4466 sanctorum
3247 4430 3379 4483 quo-

1804 4516 1909 4569 que
1936 4499 2153 4553 Patrum
2183 4498 2494 4554 excelluerit
2528 4502 2751 4563 chorus,
2812 4516 2878 4555 ex
2938 4502 3024 4557 his
3080 4517 3377 4573 cognosce-

1805 4608 1924 4646 nins
1945 4606 2065 4660 qua:
2096 4588 2195 4659 ipsi
2223 4590 2576 4659 scripserunt,
2594 4594 2906 4647 mandatum
2935 4592 3237 4648 Salvatoris
3259 4608 3375 4649 sero

1801 4694 2008 4735 vantes.
2054 4680 2409 4734 Meminerant
2456 4680 2599 4733 enim
2653 4680 2769 4748 ejus
2826 4683 3098 4738 dicentis:
3145 4700 3163 4733 ι
3197 4680 3379 4742 Gratis

1801 4773 2109 4840 accepistis,
2144 4771 2311 4842 gratis
2337 4773 2459 4826 date
2500 4772 2564 4823 “.
2604 4791 2622 4823 ι

2191 5071 2429 5142 Gregorii
2458 5076 2688 5143 episcOpi
2720 5075 2773 5129 Ν
2776 5078 2972 5147 gueui.

1872 5221 1890 5256 ι
1933 5202 2045 5258 Hoc
2073 5204 2215 5258 enim
2248 5205 2451 5273 sapite,
2480 5206 2677 5277 inquit,
2702 5206 2755 5262 in
2790 5210 2961 5277 vobis,
3005 5212 3149 5283 quod
3208 5224 3263 5269 et
3310 5216 3363 5271 in

1792 5297 2011 5351 Christo
2038 5293 2163 5352 Jesu
2202 5312 2215 5349 :
2256 5299 2344 5368 qui
2380 5313 2499 5354 cum
2542 5301 2594 5355 in
2646 5300 2816 5357 forma
2874 5304 2967 5361 Dei
3015 5315 3178 5375 esset,
3254 5324 3360 5362 non

174 5433 221 5464 η
251 5432 461 5488 Coloss.
501 5448 541 5499 ι,
582 5437 771 5493 12-20.
850 5440 941 5495 ιιι
974 5441 1115 5499 Patr.
1143 5461 1213 5511 IV,
1248 5416 1300 5504 ι’.
1378 5450 1420 5480 ιι
1452 5450 1641 5506 Matth.
1680 5470 1731 5519 κ,
1758 5456 1809 5509 8.

1172 5600 1344 5658 Varia:
1373 5604 1629 5664 lectiones
1651 5626 1710 5665 ex
1743 5613 1928 5668 codice
1962 5610 2332 5682 Seguieriano.

179 5719 205 5764 δ
238 5721 410 5791 ἴσως,
449 5725 477 5777 ὁ
504 5722 815 5789 ἐνδοιάζων.
