4042 6484
635 407 741 461 383

1631 402 1686 459 ὃ.
1727 400 1999 456 (LYHILLI
2044 398 2516 453 ALEXANDRINI
2559 399 2875 454 AlilllllEP.

3820 394 3923 452 584

634 519 879 587 rapinam
918 516 1212 569 arbitratus
1232 525 1314 568 est
1341 531 1459 568 esse
1497 532 1554 570 se
1617 515 1879 585 aequalem
1920 518 2058 579 Deo;
2112 517 2204 570 sed

2322 518 2527 586 παγμὶν
2577 519 2822 586 ἡγήσατο
2857 518 2917 569 τὸ
2949 513 3086 569 εἶναι
3126 512 3217 568 ἱσα
3249 512 3387 583 (θεῷ,
3420 513 3535 565 ἁλλ’
3565 514 3757 567 ἑαυτὸν
3788 518 3910 568 ὲκὲ-

631 610 979 675 semetipsum
1016 607 1339 671 exiuanivit,
1370 607 1596 661 formant
1631 610 1768 661 servi
1799 608 2074 676 accipiens
2107 609 2208 661 ⁸⁸.»

632 701 768 766 Quid
799 701 939 754 servi
967 700 1140 752 forma
1169 698 1235 752 de
1266 698 1373 752 Deo
1395 699 1499 753 dici
1534 708 1713 768 potest
1740 700 2041 769 abjectius?
2068 702 2209 768 Quid

632 792 699 845 de
732 790 977 846 omnium
1002 804 1124 858 rege
1185 790 1464 856 humilius,
1523 805 1683 858 quam
1733 792 1873 861 quod
1931 801 2122 861 sponte
2148 795 2211 846 ad

631 879 859 949 abjectaa
900 889 1103 934 natura;
1136 891 1333 934 nostra
1369 881 1757 935 commercium
1823 884 2069 936 venerit?
2097 883 2207 937 Rex

628 986 835 1039 regum,
880 970 1135 1025 Dominus
1170 972 1564 1027 dominantium
1591 972 1773 1025 servili
1832 974 2001 1026 forma
2036 974 2213 1027 indui-

630 1065 1024 1117 lur:omnium
1076 1062 1244 1132 judex
1308 1065 1647 1133 principibus
1698 1066 1975 1136 vectigalis
2044 1067 2211 1122 cilici-

630 1162 714 1205 tur
738 1156 817 1221 5‘;
872 1165 1139 1209 creatura:
1168 1155 1426 1209 Dominus
1467 1156 1518 1209 in
1556 1167 1711 1211 antro
1741 1158 2084 1223 diversutur;
2122 1164 2208 1227 qui

627 1245 806 1297 omnia
831 1247 1005 1315 palmo
1027 1248 1383 1313 concludit",
1403 1248 1576 1303 locum
1608 1252 1658 1304 in
1684 1254 1984 1305 diversorio
2007 1255 2208 1306 nullum

630 1337 964 1401 invenit,sed
990 1341 1039 1393 in
1071 1342 1352 1399 brutorum
1378 1346 1733 1399 animantium
1767 1347 1996 1414 praesepi
2053 1346 2210 1398 recli-

628 1436 788 1482 natur
809 1431 854 1461 ¹⁵⁸
882 1449 892 1483 :
925 1433 1161 1487 mundus
1188 1444 1243 1489 et
1311 1437 1634 1503 purissimus
1692 1437 1942 1491 humanae
1997 1446 2208 1491 natura:

625 1521 814 1575 sordes
839 1538 945 1577 non
965 1536 1271 1591 aversatur,
1296 1536 1350 1582 et
1377 1514 1595 1583 omnem
1650 1530 2057 1584 mendicitatem
2112 1546 2209 1582 no-

624 1623 792 1665 stram
818 1619 1387 1686 transgressus,ipsam
1426 1622 1642 1673 demunt
1678 1629 1908 1674 mortem
1966 1623 2207 1689 perpeti-

625 1710 755 1754 tur:
799 1704 1119 1759 voluntariae
1186 1708 1341 1775 hujus
1388 1712 1723 1780 paupertatis
1768 1721 1823 1765 et
1885 1711 2207 1778 abjectionis

626 1808 933 1848 mensuram
968 1800 1301 1865 perpendite.
1332 1801 1446 1854 Vita
1480 1802 1726 1870 degustat
1752 1812 1977 1855 mortem
2001 1822 2014 1865 ;
2037 1802 2202 1870 judex

631 1883 793 1955 199
817 1886 867 1938 in
896 1892 1208 1955 praetorium
1242 1892 1566 1958 adducitur;
1616 1895 1721 1948 vita
1780 1896 2075 1950 viventium
2106 1898 2205 1952 Do-

626 1978 804 2032 minus
833 1978 1034 2045 judicis
1062 1984 1345 2038 sententia:
1375 1985 1661 2053 subjicitur
1696 1986 1780 2052 ";
1816 1989 2058 2041 omnium
2099 2001 2211 2041 cce-

626 2068 839 2123 lestium
869 2073 1129 2127 virtutum
1195 2091 1283 2130 rex
1351 2078 1671 2133 carniﬁcum
1725 2095 1917 2134 manus
1975 2081 2209 2151 experiri

626 2175 732 2212 non
762 2172 1039 2230 gravatur.
1068 2166 1146 2220 Ad
1174 2167 1296 2231 hoc,
1350 2169 1548 2237 inquit.
1594 2171 1905 2241 exetnplum
1953 2173 2213 2241 respiciat

626 2252 952 2311 humilitatis
984 2267 1178 2311 vestra:
1208 2275 1481 2315 mensura.

1031 2454 1220 2509 Basilii
1255 2456 1513 2511 Cursarem
1531 2457 1781 2523 episcovi.

694 2562 811 2617 Non
843 2565 988 2617 enim
1022 2564 1221 2618 caalum
1248 2574 1301 2619 et
1331 2576 1503 2633 terra,
1530 2582 1593 2621 ac
1626 2570 1856 2622 marium
1913 2571 2125 2639 spatia,
2158 2580 2210 2622 et

620 2657 823 2726 qumin
883 2658 1041 2711 terris
1096 2667 1150 2712 et
1202 2660 1255 2712 in
1297 2660 1456 2725 aquis
1512 2660 1714 2731 degunt
1774 2663 2100 2727 animantes,
2155 2674 2210 2717 et

622 2752 837 2819 plantae,
878 2759 931 2801 et
966 2749 1156 2814 stellae,
1183 2759 1236 2805 et
1265 2765 1381 2815 aer,
1405 2761 1458 2805 et
1485 2754 1611 2805 anni
1650 2761 1911 2823 tempora.
1937 2764 1992 2807 et
2027 2756 2210 2809 varius

625 2843 792 2897 tetius
842 2844 1220 2899 universitatis
1266 2855 1522 2909 ornatus,
1563 2854 1770 2899 tantum
1820 2849 2073 2915 potentia:
2115 2863 2211 2901 ex-

623 2935 926 2989 cellentiam
955 2936 1475 3006 ostenditquantum
1518 2937 1842 2991 immensum
1890 2937 2036 2991 illum
2087 2938 2208 2992 inli~

626 3028 904 3096 nitumque
950 3026 1114 3080 Deum
1183 3029 1591 3098 impassibiliter
1637 3044 1733 3097 per
1787 3043 2007 3083 carnem
2061 3045 2210 3084 com-

624 3120 840 3187 plexum
872 3133 991 3173 esse
1016 3131 1268 3186 mortem,
1307 3136 1414 3187 quo
1475 3121 1729 3175 nimirum
1783 3137 1878 3191 per
1932 3126 2207 3192 prepriam

2321 624 2457 658 νωσε
2526 609 2739 679 μορφὴν
2787 609 2976 660 δούλου
3024 607 3224 659 λαϐὼν.
3264 626 3280 655 ι
3324 605 3388 658 Τί
3430 604 3777 678 πτωχότερον
3822 608 3913 659 ἐπὶ

2319 698 2453 751 Θεοῦ
2498 699 2598 767 τῆς
2645 699 2737 752 τοῦ
2785 700 2970 752 δούλου
3026 697 3281 770 μορφῆςς
3313 698 3367 750 τί
3395 697 3784 768 ταπεινότερον
3821 699 3914 750 ἐπὶ

2318 790 2411 843 τοῦ
2441 790 2702 860 βασιλέως
2735 792 2841 845 τῶν
2868 793 3025 853 ὅλων,
3057 792 3087 863 ἣ
3114 792 3175 843 τὸ
3204 793 3285 853 είς
3314 792 3604 843 κοινωνίαν
3636 792 3733 860 τῆς
3766 807 3914 843 πτω-

2319 882 2418 951 χῆς
2454 882 2609 951 ἡμῶν
2653 866 2865 951 φύσεως
2921 884 3227 944 ἐκουσίωςε
3273 880 3482 943 ἐλθείνς
3548 881 3604 934 '0
3658 880 3913 949 βασιλεὺς

2316 976 2423 1027 τῶν
2465 974 2879 1043 βασιλευόντων,
2946 976 3036 1027 καὶ
3085 976 3113 1027 6
3148 973 3351 1041 Κύριος
3402 972 3510 1025 τῶν
3544 973 3914 1044 κυριευόντων

2315 1067 2413 1135 τὴν
2466 1065 2559 1119 τοῦ
2610 1066 2797 1119 δούλου
2855 1067 3069 1135 μορφὴν
3120 1063 3453 1117 ὑποδύεταν
3495 1063 3522 1114 ὁ
3574 1060 3765 1132 κριτὴς
3819 1061 3912 1113 τοῦ

2318 1159 2518 1222 παντὸς
2569 1158 2841 1229 ὑπόφορος
2887 1160 2999 1220 τοῖς
3037 1154 3428 1210 δυναστεύουσι
3458 1154 3706 1223 γίνεται·
3744 1154 3771 1204 ό
3810 1157 3916 1221 τῆς

2317 1252 2546 1313 κτίσεως
2568 1250 2771 1321 Κύριος
2796 1250 2853 1301 ἐν
2882 1249 3136 1319 σπηλαίῳ
3168 1247 3505 1315 κατάγεται·
3537 1246 3563 1297 ὁ
3588 1246 3680 1299 τοῦ
3707 1246 3915 1307 παντὸς

2317 1341 2811 1413 περιδεδραγμένος
2842 1341 2939 1409 οὐχ
2974 1340 3222 1410 εὑρίσκει
3258 1338 3426 1391 τόπον
3458 1338 3515 1391 ὲν
3559 1337 3637 1406 τῷ
3669 1336 3915 1389 καταλύ-

2318 1452 2469 1504 ματι,
2504 1433 2619 1487 ἀλλ’
2652 1434 2709 1485 ὲν
2767 1431 2943 1503 φάτνῃ
2988 1430 3098 1483 τῶν
3155 1430 3365 1497 ἀλόγων
3414 1428 3872 1500 παραρῤίπτεται
3900 1444 3913 1457 ο

2313 1530 2340 1579 ό
2369 1526 2628 1596 καθαρὸς,
2660 1525 2754 1577 καὶ
2783 1524 3085 1593 ἀκήρατος,
3122 1521 3213 1575 τὸν
3258 1520 3360 1590 τῆς
3408 1519 3757 1590 ἀνθρωπίνης
3808 1520 3915 1587 φύ-

2313 1636 2452 1682 σεως
2480 1618 2838 1687 καταδέχεται
2863 1616 3053 1686 ρὖον,
3081 1615 3175 1667 καὶ
3194 1612 3283 1666 διά
3312 1613 3491 1683 πάσης
3508 1612 3607 1681 τῆς
3637 1611 3917 1679 πτωχείας

2309 1712 2465 1782 ἡμῶν
2492 1710 2797 1778 διεξελθὼν,
2831 1709 2994 1779 μέχρι
3027 1709 3126 1778 τῆς
3154 1706 3247 1760 τοῦ
3285 1706 3520 1759 θανάτου
3548 1706 3766 1775 πρόεισι
3792 1704 3921 1756 πεί⁶

2318 1806 2648 1876 ρας.⁹ορἄτε
2696 1804 2795 1874 τῆς
2851 1801 3101 1855 ἑκουσίου
3155 1799 3434 1869 πτωχείας
3484 1799 3545 1850 τὸ
3594 1797 3827 1868 μέτρονο
3882 1798 3915 1864 ἡ

2316 1897 2427 1967 ζωὴ
2454 1896 2684 1950 θανάτου
2714 1893 2966 1963 γεύεται·
2990 1894 3018 1945 6
3043 1891 3236 1961 κριτὴς
3267 1892 3347 1953 εἰς
3371 1892 3663 1959 κριτήριον
3689 1888 3913 1954 ἄγεται·

2314 1994 2342 2043 ὁ
2372 1991 2470 2059 τῆς
2502 1988 2645 2057 ζωῆς
2674 1986 2783 2039 τῶν
2812 1985 2981 2037 ὄντων
3010 1985 3214 2054 Κύριος
3240 1983 3332 2035 ἐπὶ
3361 1984 3427 2051 τῇ
3446 1981 3623 2061 ψήφῳ
3641 1978 3734 2032 τοῦ
3758 1978 3918 2032 δικά-

2316 2083 2496 2146 ζοντος
2524 2078 2782 2148 ἄγεταιὼ
2814 2080 2842 2129 6
2875 2076 3057 2146 πάσης
3090 2076 3189 2144 τῆς
3220 2072 3595 2142 ὑπερκοσμίου
3625 2070 3916 2139 δυνάμεως

2317 2173 2568 2243 βασιλεὺς
2617 2170 2715 2231 τὰς
2772 2168 2883 2220 τῶν
2932 2168 3144 2237 δημίων
3193 2166 3294 2218 οὑκ
3342 2166 3642 2218 ἀπωθεῖται
3690 2164 3913 2231 χεῖρας.

2316 2259 2459 2329 Πρὸς
2483 2256 2637 2309 τοῦτό
2677 2272 2780 2316 σοι,
2808 2255 2965 2324 φησὶ,
2992 2254 3054 2306 τὸ
3090 2253 3399 2322 ὑπόδειγμα
3417 2256 3517 2322 τῆς
3548 2266 3916 2319 ταπεινοφρο-

2318 2348 2484 2417 σύνης
2513 2346 2761 2415 βλεπέτω
2794 2345 2853 2396 τὸ
2893 2345 3115 2414 μέτρον.

2552 2460 2876 2514 Βασιλείου
2914 2459 3253 2513 ἐπισκόπου
3291 2458 3670 2525 Καισαρείας.

2384 2574 2459 2625 Οὑ
2502 2573 2611 2642 γὰρ
2637 2571 2889 2624 τοσοῦτον
2918 2571 3167 2637 οὐρανὸς,
3194 2570 3289 2619 καὶ
3335 2570 3425 2635 γῆ,
3454 2569 3545 2619 καὶ
3584 2568 3650 2619 τὰ
3696 2567 3917 2636 μεγέθη

2311 2663 2420 2716 τῶν
2456 2662 2731 2729 πελαγῶν,
2763 2662 2856 2711 καὶ
2905 2658 2973 2710 τὰ
3023 2660 3080 2710 ὲν
3136 2658 3291 2710 ’ὑδασι
3324 2655 3677 2725 διαιτώμενα,
3716 2655 3812 2707 καὶ
3846 2656 3922 2708 τὰ.

2313 2756 2546 2825 χερσαῖα
2581 2752 2689 2805 τῶν
2722 2750 2901 2815 ζώων,
2934 2750 3029 2802 καὶ
3052 2747 3215 2817 φυτὰ,
3248 2747 3343 2799 καὶ
3370 2746 3620 2816 ἀστέρες,
3651 2745 3743 2798 καὶ
3774 2745 3921 2818 ἀὴρ,

2314 2848 2405 2900 καὶ
2437 2840 2599 2916 ὧραι,
2637 2844 2729 2897 καὶ
2759 2844 2792 2912 ἡ
2824 2841 3045 2909 ποικίλη
3077 2838 3172 2893 τοῦ
3200 2838 3402 2900 παντὸς
3431 2838 3817 2906 διακόσμησις,
3853 2839 3923 2889 τὸ

2314 2938 2580 3009 ὑπερέχον
2615 2935 2713 3004 τῆς
2760 2934 2941 3004 ἰσχύος
2983 2932 3318 2999 συνίστησιν,
3354 2931 3479 2982 ὅσον
3517 2929 3577 2981 τὸ
3605 2928 3921 3000 δυνηθῆναι

2314 3030 2403 3083 τὸν
2441 3030 2575 3082 Θεὸν
2614 3029 2704 3081 τὸν
2735 3027 3021 3097 άχώρητον
3054 3023 3279 3086 ἀπαθῶς
3310 3022 3397 3074 διὰ
3434 3021 3635 3091 σαρκὸς
3660 3021 3926 3091 συμπλα-

2313 3115 2475 3185 κῆναι
2504 3114 2583 3185 τῷ
2622 3114 2857 3182 θανάτῳ,
2901 3114 2990 3166 ἵνα
3029 3114 3161 3181 ἡμῖν
3189 3110 3266 3162 τῶ
3297 3110 3412 3161 ἰδίω
3443 3108 3607 3163 πάθει
3634 3109 3731 3177 τὴν
3761 3110 3924 3163 ἀπά-

625 3210 935 3277 passiouem
975 3223 1128 3264 suam
1182 3211 1338 3266 nobis
1374 3211 1861 3281 impassibilitatem
1906 3211 2211 3282 impertire-

2322 3205 2465 3257 θειαν
2496 3203 2811 3276 χαρίσηται.

626 3308 732 3355 tur.

933 3396 1217 3449 Athanasii
1248 3397 1476 3464 episcopi
1515 3397 1877 3450 Alexandrim.

665 3488 763 3541 .Et
789 3488 1200 3552 ostendebatur,
1235 3491 1376 3559 quod
1418 3506 1521 3544 nou
1559 3501 1909 3559 apparenter.
1957 3494 2050 3549 sed
2089 3505 2216 3546 vere

626 3579 881 3633 habuerit
925 3594 1144 3648 corpus.
1200 3580 1439 3635 Decehat
1488 3584 1631 3636 enim
1686 3583 1975 3639 Dominum
2024 3588 2217 3639 Imma-

629 3688 750 3725 nam
797 3672 938 3727 hanc
965 3687 1184 3727 carnem
1223 3673 1562 3738 induentem,
1595 3692 1717 3729 cum
1763 3677 1878 3730 suis
1942 3678 2215 3747 passioni-
2282 3728 2286 3732 .

627 3766 730 3819 bus
759 3764 929 3834 ipsam
960 3772 1127 3819 totam
1162 3766 1427 3821 induere:
1465 3776 1522 3819 ut
1549 3768 1691 3821 sicut
1734 3769 2013 3838 proprium
2048 3770 2217 3839 ipsius

625 3866 749 3909 csse
783 3853 1013 3908 dicimus
1035 3870 1253 3923 corpus,
1286 3856 1355 3909 ita
1385 3866 1441 3910 et
1478 3858 1723 3925 corporis
1766 3862 2053 3926 passiones
2090 3876 2214 3929 pro-

628 3946 757 4011 prirc
786 3954 993 3999 tantum
1020 3946 1134 4013 ejus
1177 3949 1448 4009 dicantur.
1480 3950 1695 4003 etiamsi
1745 3965 1851 4003 non
1883 3953 2215 4019 centigerint

629 4037 965 4091 divinitatem
990 4038 1123 4105 ejus.
1163 4037 1296 4093 Nam
1324 4043 1368 4095 si
1396 4042 1623 4096 alterius
1644 4050 1789 4097 esset
1814 4058 2031 4109 corpus,
2072 4043 2216 4098 illius

627 4129 790 4183 etiam
813 4130 1124 4185 dicerentur
1147 4132 1449 4200 passiones.
1480 4132 1537 4187 Si
1562 4144 1743 4188 autem
1772 4134 1932 4189 Verbi
1960 4146 2210 4191 estcaro.

629 4224 887 4291 (Verbum
920 4225 1064 4279 enim
1089 4240 1218 4280 caro
1236 4226 1435 4281 factum
1464 4237 1551 4281 est
1584 4228 1673 4297 ⁸⁸),
1698 4228 2069 4283 necessarium
2101 4238 2212 4296 est,

632 4326 692 4367 nt
730 4326 781 4368 et
804 4317 984 4370 carnis
1021 4318 1304 4385 passiones
1338 4321 1455 4389 ejus
1487 4333 1611 4374 esse
1637 4322 1915 4383 dicantur.
1949 4320 2107 4389 cujus
2158 4328 2213 4374 et

627 4423 756 4459 caro
786 4418 889 4461 est.
914 4408 1078 4475 Cujus
1106 4410 1251 4462 enim
1281 4410 1537 4464 dicuntur
1570 4412 2066 4480 passiones,quales
2088 4421 2217 4464 sunt

631 4502 888 4569 maxime,
924 4504 1301 4566 condemnari,
1327 4502 1610 4573 ﬂagellari,
1666 4504 1839 4567 sitire,
1883 4512 1937 4557 et
1983 4519 2137 4570 crux,
2164 4512 2218 4557 et
2252 4528 2295 4581 ο

633 4608 800 4657 mors,
835 4605 888 4648 et
922 4595 1040 4648 alia:
1065 4596 1312 4664 corporis
1348 4596 1711 4658 inﬁrmitates,
1731 4594 1848 4663 ejus
1877 4604 1929 4648 et
1959 4596 2211 4647 meritmu

626 4697 678 4738 et
705 4686 873 4752 gratia
902 4696 1007 4741 est.
1046 4686 1251 4740 Idcirco
1278 4697 1427 4741 recte
1457 4703 1521 4740 ac
1553 4686 1807 4740 decenter
1827 4701 1931 4738 non
1965 4684 2213 4749 alterius,

628 4777 723 4829 sed
754 4778 961 4832 Domini
989 4779 1243 4833 dicuntur
1266 4794 1386 4833 esse
1428 4778 1739 4849 hujusmodi
1780 4778 2102 4847 passiones;
2158 4786 2216 4830 ut

629 4874 682 4915 et
714 4864 884 4933 gratia
928 4865 998 4918 ab
1022 4865 1140 4931 ipso
1171 4866 1261 4928 sit,
1297 4876 1351 4920 et
1383 4882 1488 4919 non
1527 4866 1832 4920 cﬂiciantur
1886 4866 2211 4929 idololatrm,

630 4956 723 5008 sed
754 4969 877 5009 vere
903 4955 1069 5007 Deum
1095 4955 1355 5014 colentes.
1378 4959 1504 5023 quia
1534 4957 1736 5011 nullam
1760 4968 2091 5019 creaturam,
2120 4971 2213 5009 ne-

629 5061 735 5114 que
756 5060 1101 5100 caminuuem
1127 5049 1364 5115 aliquem
1406 5048 1706 5111 hominem,
1760 5048 1855 5103 sed
1906 5048 2211 5101 naturalem

630 5146 685 5187 et
716 5151 899 5189 rerum
930 5137 1022 5191 Dei
1085 5137 1304 5202 Filium,
1368 5136 1641 5191 hominem
1686 5139 1917 5202 factum,
1965 5138 2216 5192 eumdem

636 5228 991 5283 nihilominus
1023 5226 1307 5282 Dominum
1335 5238 1385 5283 et
1421 5227 1591 5284 Deum
1626 5243 1690 5283 ac
1744 5227 2084 5282 Salvatorcm
2131 5227 2216 5281 in-

637 5330 917 5370 vocamus.

713 5555 757 5585 ιι
792 5552 1021 5625 Philipp.
1084 5572 1143 5620 ιι,
1183 5558 1297 5613 5-7.

642 5647 687 5675 ’θ
729 5648 875 5701 Joan.
928 5665 963 5712 I,
1001 5649 1079 5703 I4.

1352 5595 1367 5605 ς
1408 5563 1452 5593 ⁸⁸
1484 5560 1673 5614 Matth.
1730 5577 1839 5614 xvu
1868 5601 1879 5623 ,
1937 5560 2026 5613 ‘26.

2137 5562 2180 5590 "
2213 5558 2316 5613 Isa.
2368 5572 2433 5608 λι,
2460 5597 2470 5611 .
2515 5549 2597 5603 l2!-

2495 3378 2846 3433 Ἀθανασίου
2880 3375 3220 3429 ἐπισκόπου
3265 3374 3739 3442 Ἀλεξανδρείας.

2392 3472 2502 3524 Καὶ
2556 3470 2851 3529 ἐδείκνυτο,
2887 3468 2968 3519 ὅτι
3022 3467 3096 3535 μὴ
3153 3465 3427 3534 φαντασίᾳ
3454 3506 3467 3531 ,
3512 3463 3649 3518 ἀλλὰ
3692 3463 3927 3535 ἀληθῶς

2320 3565 2458 3635 ἔχων
2490 3559 2559 3633 ἦν
2589 3561 2649 3614 τὸ
2680 3560 2860 3629 σῶμα.
2896 3559 3145 3628 Ἐπρεπε
3174 3557 3229 3609 δὲ
3262 3556 3355 3608 τὸν
3388 3556 3576 3626 κύριον
3610 3555 3931 3611 ἑνδιδυσκό-

2324 3673 2484 3726 μενον
2532 3654 2632 3723 τὴν
2681 3650 3032 3722 ἀνθρωπίνην
3090 3648 3273 3719 σάρκα
3322 3648 3563 3717 ταύτην,
3609 3649 3749 3719 μετά
3806 3651 3931 3705 τῶν

2323 3747 2470 3800 ίδίων
2497 3745 2685 3799 παθῶν
2709 3744 2837 3814 ὅλην
2867 3742 3038 3811 αὐτὴν
3066 3740 3392 3793 ἐνδύσασθαι
3416 3754 3429 3767 ⁸
3457 3740 3545 3805 ἵν’,
3570 3740 3760 3810 ὥσπερ
3786 3742 3932 3797 ίδιον

2320 3838 2486 3894 αὑτοῦ
2516 3838 2749 3907 λέγομεν
2781 3832 2920 3887 εἶναι
2958 3835 3021 3885 τὸ
3053 3834 3235 3902 σῶμα,
3267 3831 3414 3885 οὕτω
3449 3832 3547 3883 καὶ
3583 3830 3651 3883 τά
3679 3831 3773 3883 τοῦ
3808 3832 3929 3885 σώ-

2325 3950 2493 4003 ματος
2528 3929 2675 4000 πάθη
2726 3927 2835 3980 ῐδια
2871 3926 3032 3995 μόνον
3080 3922 3247 3976 αὑτοῦ
3302 3922 3553 3990 λέγηται,
3593 3923 3640 3974 εί
3698 3924 3796 3975 καὶ
3843 3926 3932 3996 μὴ

2320 4028 2525 4095 ἥπτετο
2550 4021 2690 4075 κατὰ
2722 4021 2821 4087 τὴν
2873 4017 3107 4087 θεὸτητα
3143 4015 3332 4068 αὑτοῦ.
3370 4015 3433 4067 Εἰ
3489 4014 3589 4084 μὲν
3630 4015 3823 4086 ἐτέρου
3860 4018 3933 4069 τὸ

2324 4119 2504 4187 σῶμα,
2531 4112 2740 4167 ἐκείνου
2773 4111 2841 4163 ἂν
2881 4109 3094 4176 λέγοιτο
3128 4109 3223 4160 καὶ
3273 4106 3341 4159 τά
3388 4105 3572 4175 πάθη·
3631 4107 3680 4157 εί
3723 4102 3784 4160 δὲ
3821 4109 3932 4162 τοῦ

2322 4208 2499 4274 Λόγου
2528 4207 2561 4274 ἡ
2597 4200 2755 4272 σὰρξ,
2790 4200 2819 4251 ὁ
2866 4198 2976 4268 γὰρ
3019 4196 3192 4265 Λόγος
3235 4194 3374 4264 σὰρξ
3426 4194 3665 4262 ἐγένετο,
3698 4196 3931 4267 ἀνάγκη

2323 4296 2513 4352 καὶτὰ
2542 4295 2639 4363 τῆς
2690 4290 2892 4361 σαρκὸς
2926 4287 3074 4357 πάθη
3131 4285 3390 4353 λέγεσθαι
3452 4284 3619 4338 αὑτοῦ
3655 4279 3714 4338 οὗ
3760 4288 3859 4339 καὶ
3892 4292 3933 4360 ἡ

2324 4382 2462 4453 σάρξ
2488 4383 2666 4433 ἐστιν·
2697 4370 2757 4429 οὗ
2793 4376 2900 4446 γὰρ
2953 4374 3173 4442 λέγεται
3217 4375 3283 4426 τά
3319 4372 3491 4443 πάθη,
3520 4368 3609 4426 οἶά
3648 4374 3765 4426 ἐστι
3808 4377 3894 4445 μά
3919 4408 3935 4416 -

2326 4476 2505 4536 λιστα,
2534 4472 2596 4524 τὸ
2644 4468 3061 4537 κατακριθῆναι,
3086 4468 3148 4518 τὸ
3174 4465 3608 4535 μαστιγωθῆναι,
3638 4466 3697 4519 τὸ
3731 4466 3935 4538 διψᾷν,

2324 4569 2419 4621 καὶ
2452 4570 2479 4619 ὀ
2508 4564 2762 4631 σταυρὸς,
2796 4561 2889 4613 καὶ
2930 4562 2957 4610 6
2996 4559 3246 4623 θάνατος,
3277 4560 3370 4611 καὶ
3398 4559 3454 4611 αἱ
3482 4558 3638 4611 ἄλλαι
3670 4558 3769 4611 τοῦ
3809 4561 3934 4613 σώ-

2328 4678 2494 4733 ματος
2530 4656 2827 4716 ἀσθένειαι,
2864 4651 3053 4704 τούτου
3103 4652 3196 4704 καὶ
3241 4652 3301 4705 τὸ
3334 4650 3689 4722 κατόρθωμα,
3743 4653 3842 4704 καὶ
3894 4655 3935 4721 ἡ

2322 4755 2482 4823 χάρις
2531 4747 2666 4803 ὲστί.
2700 4746 2797 4798 Διὰ
2845 4741 3005 4795 τοῦτο
3051 4744 3233 4794 τοίνυν
3283 4740 3615 4804 ἀκολούθως,
3657 4742 3754 4794 καὶ
3784 4759 3938 4809 πρε-

2324 4846 2535 4904 πόντως
2564 4841 2663 4892 οὐκ
2684 4838 2868 4897 ἄλλου,
2911 4834 3046 4885 ἀλλὰ
3079 4832 3173 4885 τοῦ
3203 4835 3410 4905 Κυρίου
3445 4833 3669 4900 λέγεται
3697 4833 3770 4886 τὰ
3804 4851 3935 4888 τοι-

2324 4933 2465 4987 αὔτα
2496 4929 2643 4999 πάθη
2668 4944 2681 4958 ·
2712 4928 2798 4981 ἵνα
2826 4925 2917 4977 καὶ
2945 4927 2976 4994 ἠ
3011 4926 3173 4994 χάρις
3212 4927 3339 4994 παρ’
3368 4923 3535 4977 αὑτοῦ
3570 4925 3678 4994 εἴη,
3713 4927 3812 4978 καὶ
3846 4930 3932 4997 μὴ

2327 5025 2711 5093 εἰδωλολάτραι
2742 5018 3004 5087 γινόμεθα
3055 5030 3101 5082 ο,
3147 5018 3285 5071 ἀλλά
3339 5016 3555 5087 ἀληθῶς
3614 5018 3928 5083 θεοσεϐεῖς,

2324 5120 2406 5171 ὅτι
2445 5114 2649 5186 μηδένα
2690 5110 2797 5163 τῶν
2846 5111 3119 5179 γεννητῶν
3151 5110 3195 5172 ί,
3236 5112 3373 5180 μηδὲ
3421 5111 3601 5163 κοινόν
3646 5128 3773 5164 τινα
3823 5113 3932 5164 ἇν-

2326 5213 2565 5281 θρωπον,
2589 5203 2725 5259 ἀλλά
2755 5204 2848 5255 τὸν
2890 5204 2954 5255 ὲκ
2986 5202 3120 5256 Θεοῦ
3151 5203 3310 5271 φύσει
3342 5204 3436 5257 καὶ
3468 5203 3721 5273 ἀληθινὸν
3764 5205 3929 5267 Υίὸν,

2326 5301 2516 5353 τοῦτον
2564 5297 2858 5366 γενόμενον
2897 5296 2921 5333 ε
2969 5294 3280 5364 ἄνθρωπον,
3315 5294 3465 5348 οὐδὲν
3506 5291 3668 5367 ἦττον
3708 5296 3935 5368 Κύριον

2331 5394 2513 5457 αὑτὸν,
2549 5390 2642 5443 καὶ
2665 5387 2821 5450 Θεὸν,
2852 5386 2945 5437 καὶ
2982 5385 3210 5457 Σωτῆρα
3246 5385 3737 5456 ἐπικαλούμεθαιι,

2701 5543 2746 5574 ⁵⁸
2786 5542 2917 5595 Luci.

2975 5559 3007 5595 lt
3037 5583 3048 5605 ,
3083 5543 3135 5595 7.
3207 5541 3251 5572 δί’
3282 5540 3440 5595 Juan.
3486 5556 3605 5604 XIX,
3648 5541 3717 5594 15
3762 5559 3930 5609 seqq.

1713 5715 1882 5766 Varia:
1913 5714 2168 5767 lectiones
2190 5730 2251 5766 es
2284 5711 2469 5764 codice
2504 5704 2875 5772 Seguieriuuo.

721 5840 749 5870 ⁸
782 5834 1051 5902 πτωχείας
1089 5831 1240 5901 ἡμῶν
1290 5830 1569 5893 ἐκοὺσιως.
1649 5826 1671 5863 ἀ
1707 5827 1909 5891 γίνεται

1996 5841 2014 5859 ⁸*
2049 5826 2345 5897 γινώμεθα.

2461 5822 2473 5860 ι
2516 5818 2774 5889 γενητῶν,
2872 5820 2894 5855 κ
2926 5816 3015 5867 καί
3050 5814 3358 5882 γενόμενον.
3455 5814 3479 5852 δ
3518 5815 3933 5887 ἐπικαλοῦμεν.
