4042 6432
105 370 211 425 585

690 368 1222 425 APOLOGETICUS
1260 367 1544 425 CONTRA
1587 368 2117 428 TllEODORETL‘M
2157 372 2291 428 PRO
2330 373 2425 431 Xll
2469 376 2859 436 CAPITIBUS.

3282 384 3387 438 586

192 482 448 554 ’Δπύχρη
484 483 668 551 τοίνυν
727 487 807 548 είς
843 485 1241 556 πληροφορίαν,
1280 484 1354 547 ὥς
1385 501 1447 553 γε
1483 488 1496 524 ί
1540 482 1711 555 οἶμαι,

1896 488 2181 543 Suﬂiciunl
2215 490 2401 558 igitur,
2440 501 2497 545 ut
2528 492 2741 560 opinor,
2798 492 2864 545 ad
2902 492 3271 561 probationem
3302 511 3393 549 sa-

106 578 219 639 τοίς
240 577 549 648 ἀρτίφροσι
589 578 660 630 τὰ
695 578 1027 651 προτεθέντα
1056 579 1216 649 ῥητὰ,
1248 578 1340 631 τοῦ
1372 579 1516 630 θείου
1548 580 1713 647 νόμου

109 669 418 741 διαρρήδην
450 669 705 739 λέγοντος
727 689 739 701 ·
773 691 790 723 ι
825 671 947 724 Ἐπὶ
993 672 1260 742 στόματος
1294 671 1388 724 δύο
1418 671 1712 742 μαρτύρων

110 762 203 813 καὶ
222 761 400 833 τριῶν
434 763 770 834 σταθήσεται
797 765 904 817 πᾶν
933 764 1105 833 ῥῆμα.
1136 783 1153 813 ι
1191 762 1255 816 Ei
1282 763 1338 816 δὲ
1376 765 1437 835 δή
1475 781 1556 828 τις
1591 765 1714 834 βού-

109 853 255 904 λοιτο
287 852 385 905 καὶ
429 853 573 923 μετὰ
602 854 764 907 τοῦτο
797 853 876 907 ἔτι
907 854 1255 923 φιλονεικεῖν,
1294 856 1541 908 ἀκουέτω
1576 856 1712 926 πρὸς

109 943 293 1013 ήμῶνο
336 944 444 997 Ἴθι
494 945 595 1015 τὴν
644 946 785 999 κατὰ
827 947 1053 1000 σαυτόν·
1095 949 1261 1016 ἡμεῖς
1308 947 1364 1000 δὲ
1398 949 1509 1011 τοῖς
1540 948 1718 1018 ὀρθοῖς

111 1034 445 1104 Γράμμασι,
481 1036 576 1090 καὶ
621 1040 688 1108 τῇ
739 1037 849 1090 τῶν
884 1037 1056 1103 ἁγίων
1107 1038 1368 1110 Πατέρων
1416 1036 1703 1109 ὀψόμεθαὶ

112 1125 335 1178 πίστει·
370 1125 786 1196 ηρδανῶμενὶ
832 1127 939 1199 γὰρ
972 1128 1115 1181 οὓτω
1158 1130 1257 1199 τῆς
1304 1129 1416 1181 ἄνω
1472 1128 1715 1198 κλήσεως

112 1217 171 1267 τὺ
232 1216 553 1287 βραδεῖονὶ
601 1217 858 1288 Χριστῷ·
925 1220 993 1272 δι’
1059 1212 1160 1285 οὗ,
1219 1220 1311 1272 καὶ
1349 1219 1466 1290 μεθ’
1517 1212 1578 1271 οὗ
1636 1219 1714 1289 τῷ

112 1307 231 1378 8εῷ
262 1309 366 1361 καὶ
395 1310 575 1382 Ilath
615 1310 649 1379 ἡ
682 1307 812 1373 δόξα
849 1311 943 1364 σὺν
978 1310 1129 1381 υᾶγίῳ
1159 1310 1439 1381 Πνεύματι
1472 1312 1552 1373 είς
1588 1311 1715 1372 τοὺς

114 1398 345 1461 αἰῶνας.
400 1401 600 1470 Ἀμήν.

1822 581 2095 651 pientibus
2122 584 2402 637 sententia:
2427 586 2928 655 propositte,divina
2959 584 3075 654 lege
3104 586 3399 641 manifeste

1822 672 2034 728 dicente
2070 690 2081 725 :
2126 691 2144 725 ι
2189 677 2245 728 In
2275 690 2368 729 ore
2400 678 2625 731 duorum
2674 677 2757 731 vel
2801 681 2959 730 trium
2997 678 3209 733 testium
3229 680 3399 733 stabit

1820 778 1981 817 omne
2025 765 2335 819 verbum“.
2381 785 2399 816 ›
2445 765 2501 819 Si
2561 766 2724 836 200
2753 767 2873 835 quis
2920 777 3101 821 autem
3161 768 3398 825 voluerit

1821 856 1984 909 etiam
2018 865 2138 925 past
2166 857 2278 911 hate
2305 857 2481 911 adhuc
2516 861 2863 923 contendere,
2900 862 3082 914 audiat
3110 877 3138 913 a
3189 861 3346 915 nobis
3381 877 3397 914 :

1823 944 1942 1001 Tuo
1968 961 2131 1017 perge
2164 947 2397 1013 itinere;
2425 963 2520 1002 nos
2574 960 2755 1003 autem
2818 952 3033 1005 divinas
3059 953 3394 1020 Scripturas,

1821 1048 1875 1093 ct
1901 1048 2212 1095 sanctorum
2232 1055 2525 1111 sequemur
2548 1040 2727 1095 (idem.
2772 1043 2861 1098 Sic
2895 1045 3038 1098 enim
3064 1045 3400 1099 lucrabitnur

1823 1146 2070 1201 superna:
2098 1133 2395 1187 vocationis
2430 1133 2673 1187 braviutn
2708 1135 2759 1188 in
2792 1134 3016 1190 Christo
3047 1150 3182 1204 :per
3211 1150 3399 1204 quem,

1822 1233 2019 1279 etcum
2044 1239 2171 1295 quo,
2206 1226 2313 1280 Deo
2343 1234 2397 1281 et
2425 1226 2567 1281 Patri
2596 1226 2768 1297 gloria
2791 1241 2913 1282 cum
2936 1237 3131 1282 saneto
3185 1228 3394 1296 Spiritu

1824 1314 1877 1369 iit
1908 1317 2123 1371 sacula.
2154 1318 2348 1374 Anien.

117 1587 3367 1624 MM

838 1752 1183 1885 ΤΟΥ
1257 1747 1781 1884 ΑΓΙΟΥ
1853 1752 2718 1887 ΚΥΡῘΛΛΟΥ

1198 1982 1767 2036 ΛΡΧΙΕΠΙΣΚΟΠΟΥ
1819 1982 2344 2037 ΔΛΕΞΑΝΔΡΕΜΣ

1586 2136 1941 2191 ΕΠΙΣΤΟΛΗ

1332 2299 1624 2385 ΠΡΟΣ
1700 2298 2279 2384 ΕΥΟΠΤΙΟΝ

629 2486 787 2551 Πρὸς
819 2502 934 2549 την·
973 2484 1133 2549 παρὰ
1168 2482 1535 2550 Θεοδωρίτου
1567 2482 1717 2535 κατὰ
1747 2480 1866 2535 τῶν
1896 2480 2127 2537 δώδεκα
2158 2482 2505 2552 ’κεφαλαίων
2528 2483 2908 2552 ἀντίρῤησιν.

1715 2663 1790 2678 ω

469 2806 565 2895 S.
645 2804 1130 2896 CYRILLI
1210 2804 2037 2897 ALEXANDRIIE
2107 2813 3045 2908 ARCHIEPISCOPI

1296 2996 1659 3056 EPISTOLA
1702 2998 1801 3057 AD
1842 3000 2231 3063 EUOPTIUM

564 3164 875 3227 Adversus
910 3161 1450 3243 impugnationem
1488 3161 1826 3225 duodecim
1872 3165 2145 3245 capitum
2196 3182 2231 3227 a
2273 3165 2672 3231 Theodoreto
2709 3168 2961 3233 editam.

122 3479 425 3546 Κύριλλος
478 3464 563 3541 τῷ
636 3479 1057 3547 εὐλαϐεστάτῳ
1083 3519 1097 3544 ,
1160 3482 1262 3534 καὶ
1317 3482 1711 3546 ποθετνοτάτῳ

1821 3481 2269 3536 Reverendirsimo
2298 3483 2827 3538 ctdesideratiuimo
2884 3486 3040 3553 fratri
3098 3496 3148 3540 et
3181 3483 3401 3541 commi-

187 3567 460 3638 ἀὸελφῷ,
482 3568 581 3621 καὶ
608 3570 1060 3639 συλλειτουρτῷ
1086 3572 1383 3637 Εὺοπτίῳ,
1410 3572 1491 3626 ἐν.
1513 3574 1711 3640 Κυρίῳ

188 3663 450 3729 χαίρειν.

200 3775 495 3845 Ἐνὲτυχον
522 3775 634 3836 τοῖς
668 3772 822 3842 παρὰ
840 3774 945 3843 τῆς
979 3775 1077 3844 σῆς
1108 3774 1423 3839 θεοσεϐείας
1455 3776 1715 3829 ὲπεσταλ·

121 3869 327 3937 μένοις,
355 3864 688 3935 τεθαύμακά
716 3881 774 3917 τε
804 3865 903 3936 τὴν
934 3864 1193 3931 διάθεσιν,
1232 3867 1325 3919 καὶ
1356 3865 1458 3935 τῆς
1485 3867 1545 3919 ὲν
1578 3868 1712 3937 Χρι-

117 3962 225 4031 σ-ιῷ
248 3961 482 4028 ἀγάπης
517 3959 580 4009 τὸ
611 3958 865 4027 γνήσιον·
891 3959 1088 4028 χρῆναι
1118 3958 1172 4010 δὲ
1216 3958 1588 4029 ὑπολαμϐάνω
1616 3962 1710 4012 καὶ

117 4048 208 4100 νῦν
252 4048 457 4111 εἰπεῖν,
514 4045 590 4107 ὡς
633 4044 793 4097 ἐστιν
842 4045 1041 4115 ἀληθὲς
1084 4047 1146 4099 τὸ
1179 4048 1238 4100 ὲν
1291 4050 1357 4118 τῇ
1391 4048 1558 4119 βίϐλῳ
1602 4050 1711 4102 τῶν

118 4136 445 4207 Παροιμιῶν
498 4134 857 4204 εἰρημένονιη
889 4150 904 4165 ο
958 4154 976 4184 ι
1028 4136 1281 4205 ’Λδελφὸς
1332 4139 1427 4189 ὑπ’
1478 4139 1710 4208 ἀδελφοῦ

117 4230 511 4303 βοηθούμενος,
547 4229 623 4291 ὼς
659 4228 815 4291 πόλις
858 4227 1066 4298 ὀχυρά·
1103 4246 1122 4277 ι
1174 4229 1270 4281 καί
1305 4246 1395 4299 μοι
1438 4229 1584 4282 δοκεῖ
1613 4232 1711 4300 τῆς

116 4325 339 4393 ἃγάπης
366 4321 431 4374 τὸ
457 4320 660 4390 χρῆμα
698 4318 795 4371 τοῦ
827 4319 1031 4382 παντὸς
1065 4319 1217 4383 ἄξιον
1254 4319 1511 4386 γενέσθαι
1549 4319 1709 4387 λόγου

115 4416 268 4486 παρὰ
296 4417 367 4484 τῇ
393 4411 742 4480 θεοπνεύστῳ
766 4411 977 4482 Γραφῇ,
1004 4412 1097 4464 καὶ
1121 4412 1265 4481 μάλα
1285 4411 1509 4474 εἰκότως
1528 4428 1542 4440 ·
1575 4410 1712 4480 πλή-

119 4522 285 4571 ρωσιν
336 4502 458 4571 ἔχει
498 4510 529 4537 ει
564 4498 658 4552 τοῦ
714 4500 881 4569 νόμου
908 4541 923 4565 ,
964 4501 1058 4553 καὶ
1106 4498 1334 4570 προῦχει
1386 4500 1495 4551 τῶν
1534 4499 1710 4553 ἄλλων

116 4592 355 4662 ἀρετῶν,
386 4591 484 4645 καὶ
520 4592 579 4644 ὲν
622 4589 805 4659 πολλῷ
853 4593 1033 4643 κεῖται
1086 4590 1327 4661 θαύματι
1382 4591 1533 4661 παρὰ
1589 4593 1711 4653 ταῖς

114 4689 220 4742 τῶν
254 4687 436 4754 ἁγίων
472 4686 692 4755 ψυχαῖς.
719 4682 1067 4753 Πληροῦσθαί
1092 4701 1156 4753 γε
1191 4683 1297 4754 μὴν
1328 4685 1499 4753 αὑτήν
1530 4700 1710 4753 φαμεν

116 4783 215 4834 οὐκ
243 4782 308 4833 ὲν
330 4778 523 4848 ψιλαῖς
566 4794 626 4829 τε
705 4776 799 4828 καὶ
848 4775 1041 4843 μόναις
1092 4776 1353 4845 ῥημάτων
1386 4779 1705 4844 προςροραῖς⁹

1885 3571 2054 3624 m'uro
2112 3569 2342 3638 Ettoplio
2389 3571 2500 3641 (1)
2556 3571 2812 3642 Cyrillm,
2858 3576 2912 3629 in
2966 3574 3199 3631 Domino
3252 3580 3399 3632 salu-

1883 3674 2005 3718 tem.

1884 3775 2065 3830 Lectis
2096 3775 2292 3830 litteris
2315 3789 2343 3827 a
2367 3775 2565 3843 pietate
2585 3785 2670 3829 tua
2697 3778 2767 3830 ad
2799 3792 2881 3831 me
2906 3778 3072 3845 datis,
3100 3780 3398 3836 admiratus

1815 3873 2013 3918 sumet
2040 3863 2417 3929 affectionem,
2455 3874 2509 3919 et
2543 3866 2831 3921 charitatis
2873 3869 2924 3921 in
2953 3868 3173 3924 Christo
3218 3873 3397 3927 since-

1815 3955 2071 4019 ritatem;
2127 3946 2291 4022 atque
2342 3954 2477 4009 adeo
2548 3952 2675 4007 illttd
2722 3953 2841 4009 libri
2923 3955 3337 4013 Proverbiorum
3379 3977 3394 4012 :

1820 4063 1838 4097 ι
1874 4045 2063 4100 Frater
2088 4046 2178 4115 qui
2212 4059 2241 4099 a
2266 4045 2435 4100 fratre
2482 4046 2790 4116 adiuvatur,
2835 4048 2974 4101 sicut
3007 4050 3200 4105 civitas
3229 4052 3397 4106 muni-

1816 4147 1869 4190 ta
1903 4138 1984 4203 ";
2024 4157 2041 4188 ι
2082 4147 2140 4192 ιιι
2173 4138 2456 4199 verissime
2493 4139 2778 4207 scriptum,
2838 4155 2981 4194 nunc
3022 4156 3238 4210 quoque
3289 4144 3397 4199 dici

1814 4228 2011 4283 debere
2040 4244 2236 4284 censeo
2262 4245 2275 4281 :
2307 4228 2627 4297 videturque
2651 4230 2781 4283 mihi
2810 4229 3096 4284 charltatis
3127 4235 3398 4299 possessio

1816 4321 2036 4372 maximi
2071 4319 2186 4374 ﬂeri
2217 4320 2269 4373 in
2303 4319 2601 4388 Scripturis
2629 4322 2893 4377 divinitus
2949 4323 3252 4391 inspiratis,
3310 4326 3396 4380 id-

1815 4424 1918 4478 que
1944 4411 2065 4479 jure
2096 4412 2302 4479 optimo
2339 4428 2352 4463 :
2380 4411 2767 4482 plenitudinem
2792 4415 2933 4468 enim
2963 4416 3094 4484 legis
3131 4418 3395 4483 continet,

1813 4503 2055 4572 aliasque
2086 4504 2314 4559 virtutes
2344 4506 2639 4569 antecellit,
2667 4516 2719 4559 et
2742 4507 2793 4560 in
2820 4509 3054 4561 maxima
3082 4510 3396 4565 admiratio—

1813 4609 1879 4647 ne
1901 4605 1983 4648 est
2006 4594 2144 4662 apud
2176 4595 2390 4650 animas
2420 4603 2755 4651 sanctorum.
2796 4598 2991 4651 Verum
3047 4612 3168 4653 eam
3198 4615 3303 4654 non
3341 4602 3393 4653 in

1815 4686 1972 4739 nudis
2008 4686 2243 4754 solisque
2279 4687 2459 4741 verbis
2492 4688 2749 4756 compleri
2784 4687 3039 4752 dicimus,
3090 4690 3185 4745 sed
3223 4690 3397 4745 facto-

1816 4792 1933 4829 rum
1967 4776 2280 4832 testimonio
2321 4776 2656 4832 confirmatis
2695 4777 2761 4849 [f.
2821 4778 3181 4851 centirmari].
3240 4781 3395 4837 Sicut

118 4870 252 4923 ἀλλὰ
288 4868 360 4922 δι’
396 4865 579 4920 αὐτῶν
613 4863 723 4918 τῶν
768 4863 1112 4934 πραγμάτων
1150 4863 1628 4933 μαρτυρουμέναις
1658 4870 1705 4918 ο.

1817 4867 1960 4919 enim
2008 4867 2436 4935 pretiosissimas
2513 4882 2777 4935 gemmas,
2829 4882 2964 4936 quas
3014 4868 3225 4924 Indicas
3270 4885 3392 4925 esse

118 4964 332 5032 Ὠσπερ
386 4959 499 5029 γὰρ
538 4957 595 5009 al
650 4953 1108 5007 πολυτελέσταται
1152 4954 1261 5006 τῶν
1300 4953 1483 5016 λίθων,
1514 4951 1578 5015 ἃς
1614 4954 1710 5004 καὶ

128 5050 361 5114 Ἰνδικὰς
393 5044 539 5102 εἷναί
565 5064 751 5116 φασιν,
776 5046 875 5098 οὐκ
906 5046 965 5111 ὲξ
985 5038 1059 5098 ὧν
1092 5045 1157 5098 ἄν
1183 5063 1265 5108 τις
1293 5046 1540 5115 ἐξηγοῖτο
1579 5046 1708 5115 περὶ

120 5142 319 5207 αὐτῶν,
343 5141 463 5196 ἀλλ’
488 5140 547 5208 ἐξ
576 5132 651 5193 ὧν
680 5142 784 5193 ιίσι
804 5138 964 5211 παρὰ
984 5141 1097 5203 τοῖς
1119 5138 1287 5210 ὁρῶσι
1313 5137 1711 5208 θαυμάζονται,

117 5236 203 5288 τὸν
232 5236 425 5300 αὑτὸν,
464 5230 643 5304 οἶμαι,
679 5232 881 5302 τρόπον
915 5231 1009 5285 καὶ
1042 5231 1100 5284 τὸ
1145 5230 1395 5302 λαμπρὸν
1432 5231 1530 5301 τῆς
1570 5232 1711 5299 ἀγά-

153 5369 194 5399 “
229 5367 390 5421 Deut.
424 5380 558 5430 xvrt,
596 5364 670 5429 6;
714 5362 906 5417 Matth.
936 5378 1091 5428 ινιιι,
1128 5361 1215 5417 16.

1814 4959 1985 5021 aiunt,
2014 4974 2117 5013 non
2141 4974 2205 5012 ex
2232 4959 2339 5022 his,
2372 4973 2490 5027 quae
2533 4959 2599 5012 de
2628 4957 2732 5011 illis
2765 4970 3077 5023 narrantur,
3118 4962 3211 5016 sed
3235 4978 3301 5017 ex
3324 4978 3389 5017 eo

1815 5048 1955 5117 quod
1989 5059 2135 5113 sunt,
2160 5049 2192 5099 ii
2221 5047 2313 5116 qui
2340 5047 2523 5101 vident
2557 5048 2899 5102 admirantur
2928 5064 2941 5099 :
2978 5050 3048 5102 ita
3088 5051 3253 5103 etiam
3278 5050 3390 5104 cla-

1818 5154 1929 5191 ram
1961 5137 2267 5191 dilectionis
2299 5136 2754 5205 pulchritudinem
2784 5146 2894 5191 tuin
2938 5136 3195 5207 effulgere
3237 5140 3385 5193 arbi-

1821 5238 1955 5291 tror,
1986 5244 2107 5281 eum
2147 5228 2199 5281 in
2243 5227 2451 5282 cunctis
2479 5228 2639 5282 rebus
2666 5230 2888 5299 optimis
2948 5231 3016 5283 ab
3045 5230 3173 5299 ipsis
3242 5240 3389 5285 recte

1316 5362 1360 5391 “
1404 5360 1565 5416 Prov.
1594 5358 1863 5425 “111,19.

1196 5492 1368 5548 Variae
1396 5493 1657 5549 lectiones
1679 5509 1745 5549 ex
1772 5496 1955 5549 codice
1982 5493 2357 5564 Seguieriano.

129 5636 146 5677 ί
178 5636 252 5696 ὡς
279 5634 355 5687 δέ.
440 5633 453 5682 l
490 5631 751 5701 ἑψόμεθα.
833 5632 858 5670 ¹ί
886 5631 1269 5703 κερδανοῦμεν.
1352 5630 1367 5669 ι
1401 5631 1468 5683 τὲ
1500 5630 1743 5701 βραῦεἶα.
1823 5644 1859 5669 ιπ
1897 5634 2302 5703 γεγριμμέιον.
2382 5639 2408 5669 τι
2459 5632 2564 5700 γὰρ
2591 5631 2721 5702 ἔχει.
2780 5642 2826 5689 ,⁸
2860 5650 3185 5704 μιρωρουμ
3224 5632 3373 5707 (νην.

189 5747 272 5814 (ι)
303 5748 571 5817 Episcopo
598 5745 968 5803 Ptolemaidis.
