4042 6432
650 350 756 409 387

1674 347 1730 402 S.
1775 348 2048 402 CYRILLI
2091 347 2556 403 ALEXANDRINI
2597 349 2912 404 ARCHIEP.

3801 359 3914 413 388

653 465 810 520 factis
851 463 1217 518 testimonium
1272 460 1448 516 habet.
1510 462 1655 518 Ilanc
1697 465 1871 532 pietas
1924 475 2011 518 tua
2049 465 2220 532 magni

2332 484 2439 536 της
2483 467 2804 535 ἐμφαίνεται
2838 476 2863 514 P
2898 465 3112 527 κάλλος,
3147 464 3210 516 δι’
3261 464 3438 517 αὐτῶν
3471 465 3577 517 τῶν
3611 470 3918 539 κατορθου-

653 557 801 621 facit,
822 555 948 610 dum
969 570 1063 624 per
1077 555 1376 624 prudentiae
1401 563 1711 609 sanctorum
1739 556 1962 624 vcstigia
1993 555 2216 618 incedit,

652 655 967 716 rectumque
995 646 1118 700 vitae
1156 645 1370 699 illorum
1406 645 1708 698 institutum
1755 648 1820 698 ad
1869 645 2093 714 gloriam
2122 660 2218 698 cx—

650 738 834 808 primit
853 752 1026 791 suam.
1065 735 1442 791 Abundantius
1464 746 1644 789 autem
1677 738 2089 804 comprobatum
2139 745 2222 788 cst

649 827 783 880 mihi
814 835 918 880 tua:
949 827 1166 896 pietatis
1187 842 1314 895 erga
1343 841 1427 880 me
1460 827 1718 890 studium,
1749 828 1886 882 libro
1911 828 2005 880 abs
2040 836 2090 880 te
2122 826 2219 878 mi-

649 916 702 970 lti
735 915 997 981 exhibito,
1029 929 1188 983 quem
1215 913 1586 982 composuisse
1626 914 1823 969 dicitur
1860 923 2048 968 contra
2085 928 2218 966 ana-

650 1007 1022 1061 thematismos
1055 1005 1426 1061 Theodoretus
1466 1005 1591 1076 Cyri
1621 1022 1633 1057 :
1668 1007 1823 1076 201
1860 1011 1928 1059 ita
1962 1006 2108 1060 enim
2142 1006 2218 1059 ci-

649 1102 926 1156 vitatulam
958 1102 1137 1156 vocari
1175 1102 1384 1156 dicunt.
1421 1100 1600 1154 Lectis
1653 1111 1830 1154 autem
1885 1100 1967 1152 his
1997 1114 2118 1168 quae
2165 1098 2217 1151 in

646 1207 712 1246 eo
744 1194 1028 1257 habentur,
1061 1193 1266 1262 gratias
1294 1192 1400 1246 Deo
1438 1192 1519 1262 egi
1554 1207 1673 1246 cmn
1705 1191 1940 1261 hymnis,
1972 1189 2090 1244 sine
2137 1190 2220 1242 in-

648 1283 992 1339 termissione
1023 1283 1149 1338 illud
1167 1284 1406 1338 addens:
1443 1302 1461 1334 ι
1499 1284 1740 1346 Domine,
1791 1282 1958 1335 libera
1982 1281 2217 1334 animam

646 1390 820 1430 meam
847 1391 876 1428 a
905 1374 1064 1428 labiis
1100 1375 1323 1442 iniquis,
1365 1382 1418 1428 et
1453 1389 1480 1427 a
1515 1373 1694 1442 lingua
1730 1372 1917 1427 dolosa
1952 1371 2018 1424 ⁸³.
2063 1390 2081 1422 ι
2110 1371 2219 1424 Βε-

646 1465 796 1534 perio
828 1465 970 1519 enim
1011 1480 1096 1520 me
1127 1467 1321 1533 ubique
1369 1466 1654 1520 calumniis
1689 1464 1891 1533 impeti,
1919 1463 2079 1532 idque
2118 1459 2214 1530 pe'r

644 1555 852 1626 singula
874 1557 1067 1624 capita.
1107 1555 1348 1609 Intellexi
1388 1566 1566 1608 autem
1591 1556 1763 1608 virum
1790 1556 1974 1618 istum,
2012 1568 2216 1621 qnam-

647 1645 728 1699 vis
751 1647 805 1700 iu
837 1643 1061 1702 dicendo
1101 1647 1482 1712 exercitatum,
1519 1655 1577 1698 ut
1631 1644 1931 1699 familiares
1973 1642 2215 1697 nonnulli

645 1737 857 1802 dicunt,
878 1747 932 1790 et
954 1752 1059 1790 non
1086 1736 1342 1791 mediocri
1373 1751 1648 1790 sacrarum
1681 1735 2088 1805 Scripturarum
2121 1751 2214 1789 co.

2332 557 2505 626 μένων
2537 568 2562 606 τι
2615 559 2699 626 ἐφ’
2756 558 2926 612 ἅπασι
2963 558 3075 619 τοῖς
3133 556 3379 626 ἀρίστοις
3431 559 3915 629 μαρτυρούμενον.

2328 649 2604 718 Ταύτηνὴ
2642 649 2708 718 σὴ
2760 649 3039 702 θεοσέϐεια
3094 652 3332 700 ποιεῖται
3369 649 3496 716 περὶ
3545 651 3764 715 πολλοῦ,
3809 651 3919 720 τῆς

2328 742 2432 793 τῶν
2467 741 2636 808 ἁγίων
2672 741 2866 810 φρενὸς
2894 740 3046 792 ἰοῦσα
3077 742 3196 802 κατ’
3231 740 3392 808 ἴχνος,
3436 742 3529 793 καὶ
3557 742 3616 791 τὸ
3634 743 3730 812 τῆς
3765 743 3920 795 ἐκεί-

2329 851 2432 885 νων
2462 832 2692 895 εύζωΐας
2737 833 2817 894 εἰς
2846 831 2907 884 τὸ
2934 831 3134 900 έαυτῆς
3188 832 3610 902 ἀναματτομένη
3645 843 3665 868 τ
3702 833 3921 902 καύχη-

2331 942 2427 994 μα.
2460 924 2730 992 Δέδεγμαι
2771 923 2828 975 δὲ
2868 924 2961 974 καὶ
2991 923 3086 975 νῦν
3116 926 3192 985 εἰς
3221 923 3596 993 πληροφορίαν
3632 925 3729 992 τῆς
3758 925 3919 977 ἑνού-

2330 1032 2428 1084 σης
2461 1014 2751 1076 διαθέσεως
2793 1016 2858 1084 τῇ
2911 1017 2976 1084 σῇ
3027 1015 3308 1084 θεοσεϐείᾳ
3339 1015 3429 1067 τὸν
3481 1015 3911 1084 διαπεμφθέντα

2326 1109 2510 1177 τόμον,
2545 1106 2602 1158 ὃν
2651 1105 2922 1159 συνθεῖναι
2970 1107 3185 1174 λέγεται
3233 1107 3373 1160 κατὰ
3415 1108 3522 1160 τῶν
3573 1109 3921 1178 ἀναθεματι-

2331 1197 2484 1267 σμῶν
2510 1197 2838 1266 Θεοδὼριτος
2867 1198 2894 1249 ὁ
2936 1196 3142 1266 Κύρου’
3168 1197 3451 1250 καλεῖσθαι
3475 1197 3582 1267 γὰρ
3608 1197 3755 1250 οὕτω
3780 1199 3924 1266 φασὶ

2327 1291 2388 1340 τὸ
2423 1288 2713 1358 πολίχνιον.
2757 1288 3024 1358 Ἐντυχὼν
3055 1287 3112 1341 δὲ
3137 1292 3249 1351 τοῖς
3275 1288 3636 1357 ὲγκειμένοις,
3666 1289 3922 1358 ἀνέθηκα

2327 1379 2405 1449 τῷ
2430 1378 2547 1450 Θεῷ
2595 1379 2693 1441 τὰς
2737 1380 3130 1450 χαριστηρίους
3170 1380 3351 1450 ᾠδάς·
3396 1380 3455 1431 οὐ
3503 1379 3822 1431 διαλέλοιπα
3859 1379 3923 1430 δὲ

2329 1472 2548 1524 κάκεῖνο
2574 1470 2747 1537 λέγων
2768 1486 2781 1500 ·
2820 1488 2838 1519 ι
2862 1468 3058 1540 Κύριε,
3115 1469 3274 1539 ῥῦσαι
3304 1469 3402 1538 τὴν
3430 1469 3611 1538 ψυχήν
3662 1484 3767 1536 μου
3804 1468 3923 1519 ἀπὸ

2328 1563 2548 1632 χειλέων
2577 1563 2799 1627 ἀδίκων,
2829 1560 2924 1614 καὶ
2961 1561 3067 1613 ἀπὸ
3089 1559 3340 1630 γλώσσης
3369 1560 3568 1622 δολίας.
3601 1578 3618 1610 ι
3653 1559 3923 1629 Εὑρίσκω

2330 1656 2434 1724 γὰρ
2486 1656 2718 1726 ἐμαυτὸν
2770 1655 3274 1725 συκοφαντούμενον
3340 1651 3639 1720 πανταχοῦ,
3675 1651 3771 1704 καὶ
3828 1649 3924 1716 ἔφ’

2331 1749 2560 1801 ἑκάστου
2590 1747 2696 1800 τῶν
2750 1747 3064 1815 κεφαλαίων
3113 1744 3451 1814 ὑπομένοντα
3500 1742 3676 1795 τοῦτο.
3733 1741 3924 1794 Ἐννε-

647 1827 887 1896 gnitionc
914 1825 1160 1879 fortassis
1195 1825 1688 1894 locupletatum,ab
1723 1825 1946 1879 istorqu
1978 1826 2215 1893 capitum

2328 1843 2492 1911 νόηκα
2526 1852 2546 1878 ³
2591 1841 2668 1903 δὲ,
2708 1841 2789 1892 ὅτι
2830 1839 2922 1892 καί
2972 1856 3073 1903 τοι,
3117 1838 3260 1891 καθά
3291 1853 3424 1905 φασι
3468 1835 3576 1887 τῶν
3612 1834 3923 1904 γνωρίμων

645 1918 999 1987 intelligentia
1033 1926 1241 1972 tantum
1273 1917 1582 1981 aberrasse,
1613 1917 1761 1970 utde
1791 1931 1856 1970 eo
1888 1915 1999 1983 jam
2031 1916 2221 1971 existi-

647 2023 787 2064 mem
814 2023 877 2063 ac
910 2017 1112 2077 putem,
1145 2007 1286 2077 quod
1319 2008 1676 2075 quorumdam
1723 2006 2006 2061 desideriis
2057 2007 2224 2060 indul-

645 2114 778 2167 gens
796 2098 1038 2169 fingatse
1061 2099 1421 2169 ignorantem,
1446 2106 1632 2150 utnon
1673 2097 2005 2165 ineleganter
2041 2106 2099 2151 et
2132 2111 2224 2152 su-

646 2206 994 2264 pervacanee,
1027 2193 1120 2246 sed
1145 2200 1443 2260 opportune
1468 2199 1521 2242 et
1558 2188 1800 2257 apposite
1832 2188 2009 2256 potius
2036 2188 2220 2242 convi-

644 2283 742 2338 ciis
773 2282 825 2336 in
859 2297 944 2336 me
966 2297 1094 2338 usus
1119 2292 1355 2352 putetur,
1381 2296 1503 2333 cum
1531 2288 1711 2331 tamen
1739 2280 1790 2329 in
1819 2278 1979 2331 dictis
2000 2278 2220 2338 nostris,

645 2383 702 2429 ut
732 2383 879 2444 puto,
921 2371 1052 2425 nihil
1081 2372 1303 2426 omnino
1356 2371 1426 2423 sit
1475 2367 1720 2432 diflicile,
1777 2368 1909 2421 nihil
1966 2368 2218 2431 arduum,

643 2464 778 2519 nihil
805 2463 945 2532 quod
976 2461 1462 2531 apprehensionem
1516 2459 1894 2527 subterfugiat.
1957 2459 2220 2524 Quoniam

642 2572 795 2622 vero,
834 2554 1088 2624 licetjam
1144 2563 1271 2607 ante
1328 2551 1398 2606 de
1449 2549 1536 2604 his
1589 2550 1988 2620 scripserimus,
2051 2565 2219 2618 pauca

645 2649 807 2702 etiam
831 2648 1088 2701 adversus
1120 2646 1294 2713 ipsum
1351 2643 1496 2712 loqui
1563 2642 1934 2696 necessarium
2000 2650 2105 2704 est,
2159 2656 2224 2692 ne

643 2743 766 2809 quis
805 2740 1056 2792 damnata
1083 2735 1349 2790 sententia
1387 2733 1664 2789 silentimn
1701 2733 1901 2800 eligere
1935 2745 2020 2784 me
2049 2740 2216 2799 patet,

643 2842 847 2902 quanta
871 2831 1082 2884 licuerit
1118 2828 1383 2883 sermonis
1409 2825 1673 2881 brevitate
1699 2824 2069 2879 defensionem
2095 2821 2223 2877 affe-

646 2940 780 2979 ram.
823 2924 1123 2991 Oportebat
1160 2934 1292 2974 sane
1326 2919 1501 2988 ipsum
1537 2919 1587 2970 in
1637 2917 1811 2969 sacris
1866 2916 2222 2969 exercitatum

645 3015 962 3084 Scripturis,
1028 3011 1292 3081 siquidem
1337 3009 1559 3064 omnino
1610 3007 1684 3062 illi
1729 3008 2066 3078 propositum
2109 3018 2226 3061 crat

646 3109 711 3161 de
727 3106 920 3161 divinis
943 3103 1220 3174 mysteriis
1255 3100 1536 3157 uobiscum
1567 3113 1754 3169 agere,
1785 3100 1852 3152 de
1911 3098 2085 3153 sacris
2132 3111 2221 3151 so-

646 3199 754 3252 lum
788 3197 1011 3252 Litteris
1063 3194 1390 3251 mentionem
1426 3191 1628 3258 facere,

646 3306 802 3347 suam
837 3291 1081 3360 religiose
1114 3296 1426 3350 contexere,
1453 3301 1557 3339 non
1588 3284 1796 3354 priscas
1826 3282 1982 3338 nobis
2012 3281 2223 3336 fabulas

646 3397 702 3439 et
728 3385 944 3455 putidas
976 3383 1027 3436 in
1059 3382 1289 3437 medium
1323 3379 1542 3434 afferre.
1591 3378 1737 3431 Meos
1766 3375 1908 3430 enim
1946 3388 2225 3429 sermones

647 3492 771 3529 cum
822 3489 982 3543 pomo
1018 3472 1302 3527 discordia:
1354 3469 1564 3524 confert
1625 3466 1871 3522 fortassis
1933 3474 1991 3518 ut
2041 3480 2104 3517 ea
2169 3478 2227 3518 re

646 3576 902 3631 ostentet,
925 3578 1183 3636 quantum
1215 3563 1317 3619 sibi
1350 3561 1632 3630 sapientia!
1692 3555 2040 3625 compararit.
2072 3553 2227 3609 Unde

647 3669 703 3714 et
733 3675 851 3723 nos,
873 3673 992 3728 quae
1019 3657 1085 3712 ad
1101 3671 1226 3712 eum
1262 3655 1559 3725 pertinent,
1593 3650 1830 3703 maxima
1867 3645 2229 3701 admiratione

648 3751 1033 3821 prosequimur
1063 3766 1075 3802 :
1111 3763 1238 3801 nam
1261 3756 1316 3801 et
1345 3741 1850 3814 eloquentissimum
1873 3753 1931 3792 se
1965 3739 2224 3800 declarat,

647 3851 704 3895 et
735 3839 1082 3894 multifariam
1114 3838 1407 3902 eruditum,
1431 3844 1615 3903 utpote
1653 3833 1742 3900 qui
1764 3845 1981 3899 pomum
2015 3829 2224 3882 discor-

645 3932 751 3986 dia
774 3947 879 3985 non
908 3932 1140 4000 ignoret,
1168 3941 1340 3996 neque
1370 3926 1538 3978 lilium
1566 3920 1771 3974 Priami
1792 3917 2065 3974 Paridem.
2104 3916 2221 3971 Ca2-

648 4034 844 4086 termn,
870 4023 952 4078 his
981 4022 1138 4078 modo
1156 4020 1420 4084 dimissis,
1454 4018 1509 4071 in
1535 4030 1645 4070 rem
1680 4012 2014 4084 propositam
2044 4010 2223 4080 potius

649 4116 1046 4169 incumbemus.

2324 1932 2487 1993 τινες,
2517 1933 2615 1983 οὐκ
2650 1930 2755 1995 ἔξω
2785 1929 3002 2000 τριϐῆς,
3038 1929 3136 1999 τῆς
3166 1928 3227 1980 τό
3275 1944 3338 1994 γε
3384 1921 3520 1998 ¹ἧκον
3555 1926 3635 1987 είς
3677 1924 3838 1990 λόγον
3867 1924 3920 1987 ί,

2326 2023 2587 2092 ὑπάρχων
2609 2024 2635 2074 ό
2653 2023 2810 2091 ἀνὴρ,
2829 2037 3101 2091 συναγηγε
3112 2019 3254 2090 ρκὼς
3266 2019 3322 2072 δὲ
3343 2020 3480 2090 τάχα
3495 2018 3588 2072 καὶ
3608 2016 3716 2069 τῶν
3749 2014 3926 2085 ἱερῶν

2326 2113 2674 2181 Γραμμάτων
2695 2112 2754 2162 οὺ
2787 2111 3016 2181 μετρίαν
3039 2110 3264 2180 εἴδησιν,
3287 2107 3632 2178 ἀπεκομίσθη
3657 2104 3926 2158 τοσοῦτον

2322 2201 2417 2254 τοῦ
2461 2201 2697 2253 συνιέναι
2740 2201 2849 2252 τῶν
2889 2202 3202 2270 κεφαλαίων
3235 2201 3331 2272 τὴν
3360 2200 3620 2268 δύναμιν,
3661 2196 3804 2248 ὥστε
3849 2213 3926 2264 με

2324 2290 2508 2342 λοιπὸν
2537 2290 2747 2343 οἴεσθαί
2773 2309 2830 2343 τε
2854 2293 2948 2345 καὶ
2975 2294 3216 2362 φρονεῖν,
3254 2292 3334 2343 ὅτι
3371 2293 3489 2350 ταῖς
3517 2305 3680 2341 τινων
3720 2283 3928 2338 meo-

2329 2384 2480 2453 μίαις
2510 2383 2570 2435 τὸ
2588 2383 2766 2436 δοκεῖν
2789 2383 3123 2452 ἠγνοηκέναι
3150 2382 3454 2453 χαρίζεται,
3495 2381 3582 2432 ἵνα
3624 2380 3697 2450 μὴ
3736 2379 3928 2448 άκὸμο

2323 2478 2440 2545 ψως
2479 2475 2572 2527 καὶ
2611 2475 2904 2545 περιττῶς,
2937 2475 3264 2539 εύαφόρμως
3295 2473 3354 2526 δὲ
3383 2473 3604 2541 μᾶλλον,
3633 2474 3748 2533 ταῖς
3788 2469 3924 2522 καθ’

2327 2566 2481 2634 ἡμῶν
2527 2564 2816 2632 λοιδορίαις
2848 2561 3151 2630 κεχρῆσθαι
3211 2559 3538 2628 νομίζηται·
3571 2557 3747 2608 καίτοι
3784 2555 3926 2606 δυσ-

2325 2655 2504 2725 χερὲς,
2549 2653 2581 2722 ἢ
2619 2653 2846 2714 ἄναντες
2881 2652 3032 2704 οὐδὲν
3069 2647 3351 2709 παντελῶς
3376 2689 3389 2711 ,
3429 2645 3502 2708 ὦς
3535 2662 3598 2712 γε
3639 2639 3817 2713 οἶμαι,
3857 2645 3924 2696 ὲν

2325 2749 2434 2808 τοῖς
2474 2745 2602 2814 παρ’
2648 2744 2806 2814 ἡμῶν
2861 2741 3178 2812 εἰρημένοις
3230 2739 3413 2800 ἐστὶν,
3456 2734 3578 2788 οὔτε
3631 2735 3735 2804 μὴν
3785 2734 3925 2785 δυσο

2325 2839 2545 2906 έφικτον
2585 2838 2698 2906 ἔχει
2741 2826 2839 2904 τὴν
2889 2831 3216 2902 προσϐολήν.
3270 2826 3490 2896 Ἐπειδὴ
3529 2827 3584 2879 δὲ
3614 2821 3681 2894 ἦν
3736 2824 3923 2889 ἀναγ-

2325 2931 2499 2991 καῖον,
2529 2928 2622 2979 καί
2670 2944 2750 2978 τοι
2804 2924 3150 2994 γεγραφότας
3181 2921 3283 2990 ἤδη
3322 2920 3451 2989 περί
3487 2917 3691 2970 τούτων
3737 2916 3923 2984 ἡμᾶς,

2323 3017 2478 3084 ὀλίγα
2513 3017 2605 3068 καὶ
2637 3016 2771 3086 πρὸς
2803 3014 2963 3067 αὐτὸν
3000 3015 3196 3076 εἰπεῖν,
3233 3011 3320 3062 ἵνα
3358 3010 3429 3079 μή
3463 3025 3544 3069 τις
3574 3008 3750 3075 οἴηται
3783 3021 3926 3056 σιω⁴

2327 3109 2434 3177 πᾷν
2465 3106 2681 3159 ἑλέσθαι
2709 3104 3220 3173 κατεγνωσμένους,
3255 3102 3553 3171 ποιήσομαι
3581 3097 3677 3166 τὴν
3710 3096 3927 3148 ἀπολο-

1717 3191 2224 3261 expositiOIIemque
2252 3186 2294 3241 Ο
2328 3199 2472 3267 γίαν,
2507 3193 2921 3268 βραχυλογήσας
2946 3195 3020 3257 ὡς
3043 3193 3142 3246 ένι.
3177 3194 3327 3246 Ἔδει
3361 3191 3459 3262 μὲν
3484 3186 3576 3244 οὖν
3601 3187 3760 3242 αὑτὸν
3792 3190 3928 3247 ταῖς

2329 3288 2713 3351 θεοπνεύστοις
2770 3287 3138 3358 ὲνησκημένον
3175 3286 3212 3337 Γ
3220 3287 3442 3355 ραφαῖς,
3480 3281 3640 3350 εἴπερ
3668 3275 3734 3349 ἦν
3771 3277 3923 3340 ὅλως

2333 3381 2534 3444 σκοπὸς
2560 3380 2708 3450 αὐτῷ
2755 3381 2883 3442 τοὺς
2917 3379 3041 3447 περὶ
3086 3377 3194 3430 τῶν
3226 3377 3386 3430 θείων
3417 3377 3547 3445 ἡμῖν
3595 3369 3926 3442 μυστηρίων

2334 3474 2604 3526 ποιεῖσθαι
2635 3474 2850 3540 λόγους,
2880 3473 2988 3524 τῶν
3027 3472 3188 3542 ἱερῶν
3225 3467 3575 3538 Γραμμάτων
3609 3461 3930 3532 διαμεμνῆ-

2338 3567 2461 3619 σθαι
2504 3566 2686 3634 μόνον,
2737 3564 3046 3632 ὲξυφαίνειν
3078 3581 3135 3615 τε
3184 3562 3358 3622 οὓτως
3401 3554 3760 3627 ἀγιοπρεπῶς
3816 3553 3927 3624 τὴν

2331 3658 2634 3726 ἀφήγησιν,
2663 3657 2758 3708 καὶ
2795 3655 2868 3726 μὴ
2907 3654 3111 3724 μύθους
3150 3653 3281 3723 ἡμῖν
3325 3649 3609 3722 ἀρχαίους,
3647 3645 3741 3698 καὶ
3783 3644 3928 3695 ὀδω-

2328 3745 2486 3808 δότας
2509 3747 2910 3817 παρακομίζειν
2936 3749 3015 3808 εἰς
3044 3746 3228 3814 μέσον.
3255 3740 3615 3812 Παρεικάζειν
3642 3737 3750 3806 γὰρ
3775 3735 3932 3798 ἀξιοῖ

2332 3838 2456 3898 τοὺς
2485 3837 2654 3905 ἐμοὺς
2704 3838 2894 3904 λόγους
2935 3836 3012 3907 τῷ
3046 3837 3200 3906 μήλῳ
3254 3834 3354 3903 τῆς
3385 3832 3578 3902 ἔριδος,
3621 3827 3762 3896 τάχα
3812 3843 3928 3878 που

2334 3927 2427 3979 καὶ
2481 3927 2703 3993 ἔνδειξιν
2761 3929 2858 3997 τῆς
2900 3927 3125 3997 ἐνούσης
3169 3925 3316 3994 αὺτῷ
3370 3922 3561 3992 σοφίας
3619 3917 3682 3970 τὸ
3723 3915 3930 3986 χρῆμα

2336 4016 2654 4085 ποιούμενος
2676 4034 2689 4047 ·
2725 4017 2846 4071 ὅθεν
2883 4019 2976 4070 καὶ
3025 4019 3185 4086 ἡμεῖς
3214 4017 3270 4066 ὲν
3315 4012 3552 4080 πλείστῳ
3587 4025 3643 4061 τε
3679 4009 3790 4071 ὅσῳ
3818 4007 3926 4057 καὶ

2335 4107 2555 4176 μεγάλῳ
2586 4108 2842 4176 θαύματι,
2876 4109 2943 4160 τὰ
2973 4110 3092 4160 κατ’
3133 4107 3295 4158 αὑτὸν
3326 4101 3696 4172 πεποιήμεθα.
3721 4096 3928 4150 Φαίνε-

644 4222 735 4257 ται
763 4207 869 4276 γὰρ
893 4208 956 4258 ὲκ
986 4205 1185 4274 πολλῆς
1234 4204 1373 4271 ἄγαν
1443 4197 1857 4269 ὲλλογιμότητος
1921 4195 2014 4245 καὶ
2055 4195 2398 4265 φιλομαθίας,
2429 4199 2490 4249 τὸ
2544 4198 2712 4267 μῆλον
2763 4200 2860 4268 τῆς
2927 4198 3105 4268 ἔριδος
3179 4197 3278 4249 οὑκ
3309 4191 3617 4264 ὴγνοηκὼς,
3651 4188 3777 4241 οὒτε
3813 4187 3930 4256 μὴν

645 4295 735 4348 τὸν
772 4298 1015 4366 Πριάμου
1068 4296 1260 4364 Πάριν.
1303 4295 1448 4364 Πλὴν
1496 4295 1566 4344 τὰ
1596 4291 1773 4342 τοιάδε
1828 4290 2081 4357 μεθέντες
2132 4289 2210 4347 εἰς
2249 4288 2307 4338 τὸ
2368 4291 2560 4360 παρὸν,
2607 4289 2944 4360 ἀνθεξόμεθα
2991 4280 3192 4359 μᾶλλον
3254 4291 3347 4340 τοῦ
3382 4281 3751 4355 προκειμένου
3785 4294 3926 4331 σκο-

646 4389 749 4443 ποῦ

723 4572 768 4601 ⁸³
799 4568 936 4624 Psal.
971 4583 1118 4630 ουκ,
1147 4566 1202 4620 2.

1724 4713 1898 4767 Variae
1925 4712 2181 4767 lectiones
2208 4723 2274 4762 ex
2298 4708 2483 4762 codice
2509 4707 2880 4776 Seguieriano.

722 4900 1111 4973 ,ἐκφαίνεταμ
1187 4909 1213 4947 q
1248 4911 1718 4968 κατορυωματων.

1799 4907 1820 4936 ι’
1857 4894 2053 4964 ἑαυτὴν
2077 4891 2515 4962 ἀναματτομένη.

2594 4901 2614 4926 ε
2653 4888 3010 4959 ἐννενοηκώς.
3100 4888 3120 4926 ί
3157 4888 3350 4956 λόγους
