  <div class='ocr_page' id='page_1' title='image "/cluster/home/n/w/nwhite01/storage/ocr_20150623/76/ien.35556001661040/206.png"; bbox 0 0 4042 6432; ppageno 0'>
   <div class='ocr_carea' id='block_1_1' title="bbox 148 345 252 403">
    <p class='ocr_par' dir='ltr' id='par_1_1' title="bbox 148 345 252 403">
     <span class='ocr_line' id='line_1_1' title="bbox 148 345 252 403; baseline 0.058 -6"><span class='ocrx_word' id='word_1_1' title='bbox 148 345 252 403; x_wconf 82' lang='grc'><strong>389</strong></span> 
     </span>
    </p>
   </div>
   <div class='ocr_carea' id='block_1_2' title="bbox 736 349 2876 423">
    <p class='ocr_par' dir='ltr' id='par_1_2' title="bbox 736 349 2876 423">
     <span class='ocr_line' id='line_1_2' title="bbox 736 349 2876 423; baseline 0.007 -15"><span class='ocrx_word' id='word_1_2' title='bbox 736 349 1269 409; x_wconf 79' lang='lat' dir='ltr'><strong>APOLOGETICUS</strong></span> <span class='ocrx_word' id='word_1_3' title='bbox 1306 354 1586 411; x_wconf 81' lang='lat' dir='ltr'><strong>CONTRA</strong></span> <span class='ocrx_word' id='word_1_4' title='bbox 1627 355 2149 414; x_wconf 81' lang='lat' dir='ltr'><strong>THEODORETUM</strong></span> <span class='ocrx_word' id='word_1_5' title='bbox 2188 357 2327 415; x_wconf 83' lang='lat' dir='ltr'><strong>PRO</strong></span> <span class='ocrx_word' id='word_1_6' title='bbox 2361 357 2451 415; x_wconf 84' lang='lat' dir='ltr'><strong>XII</strong></span> <span class='ocrx_word' id='word_1_7' title='bbox 2492 360 2876 423; x_wconf 79' lang='lat' dir='ltr'><strong>CAPITIBUS.</strong></span> 
     </span>
    </p>
   </div>
   <div class='ocr_carea' id='block_1_3' title="bbox 3320 365 3431 424">
    <p class='ocr_par' dir='ltr' id='par_1_3' title="bbox 3320 365 3431 424">
     <span class='ocr_line' id='line_1_3' title="bbox 3320 365 3431 424; baseline 0.018 -1"><span class='ocrx_word' id='word_1_8' title='bbox 3320 365 3431 424; x_wconf 74' lang='lat'><strong>390</strong></span> 
     </span>
    </p>
   </div>
   <div class='ocr_carea' id='block_1_4' title="bbox 1015 518 2525 575">
    <p class='ocr_par' dir='ltr' id='par_1_4' title="bbox 1015 518 2525 575">
     <span class='ocr_line' id='line_1_4' title="bbox 1015 518 2525 575; baseline 0.005 -7"><span class='ocrx_word' id='word_1_9' title='bbox 1015 518 1593 572; x_wconf 82' lang='grc' dir='ltr'><strong>ΘΕΟΔΩΡΗΤΟΥ</strong></span> <span class='ocrx_word' id='word_1_10' title='bbox 1637 518 2173 574; x_wconf 78' lang='grc' dir='ltr'><strong>ΕΙΙῙΣΚΟΠΟΥ</strong></span> <span class='ocrx_word' id='word_1_11' title='bbox 2220 524 2525 575; x_wconf 83' lang='grc' dir='ltr'><em>ΚΥΡΟΥ</em></span> 
     </span>
    </p>
   </div>
   <div class='ocr_carea' id='block_1_5' title="bbox 1611 674 1982 727">
    <p class='ocr_par' dir='ltr' id='par_1_5' title="bbox 1611 674 1982 727">
     <span class='ocr_line' id='line_1_5' title="bbox 1611 674 1982 727; baseline 0.003 -1"><span class='ocrx_word' id='word_1_12' title='bbox 1611 674 1982 727; x_wconf 83' lang='grc' dir='ltr'><strong>ΕΠΙΣΤΟΛΗ</strong></span> 
     </span>
    </p>
   </div>
   <div class='ocr_carea' id='block_1_6' title="bbox 1151 829 2429 900">
    <p class='ocr_par' dir='ltr' id='par_1_6' title="bbox 1151 829 2429 900">
     <span class='ocr_line' id='line_1_6' title="bbox 1151 829 2429 900; baseline 0.005 -19"><span class='ocrx_word' id='word_1_13' title='bbox 1151 831 1309 896; x_wconf 77' lang='grc' dir='ltr'>Πρὸς</span> <span class='ocrx_word' id='word_1_14' title='bbox 1356 829 1643 898; x_wconf 73' lang='grc' dir='ltr'>Ἰωιὶνιην</span> <span class='ocrx_word' id='word_1_15' title='bbox 1694 832 2043 900; x_wconf 79' lang='grc' dir='ltr'><strong>Ἀντιοχείας</strong></span> <span class='ocrx_word' id='word_1_16' title='bbox 2075 834 2429 887; x_wconf 72' lang='grc' dir='ltr'>ἐπίσκοπον.</span> 
     </span>
    </p>
   </div>
   <div class='ocr_carea' id='block_1_7' title="bbox 1165 1141 2419 1209">
    <p class='ocr_par' dir='ltr' id='par_1_7' title="bbox 1165 1141 2419 1209">
     <span class='ocr_line' id='line_1_7' title="bbox 1165 1141 2419 1209; baseline 0.006 -10"><span class='ocrx_word' id='word_1_17' title='bbox 1165 1141 1631 1203; x_wconf 80' lang='lat' dir='ltr'><strong>THE01)0RE</strong></span> <span class='ocrx_word' id='word_1_18' title='bbox 1643 1146 1728 1204; x_wconf 87' lang='lat' dir='ltr'><strong><em>TI</em></strong></span> <span class='ocrx_word' id='word_1_19' title='bbox 1771 1147 1830 1205; x_wconf 90' lang='lat' dir='ltr'><strong><em>E</em></strong></span> <span class='ocrx_word' id='word_1_20' title='bbox 1834 1147 1920 1206; x_wconf 87' lang='grc' dir='ltr'><em>ΡΙ</em></span> <span class='ocrx_word' id='word_1_21' title='bbox 1924 1146 1968 1206; x_wconf 87' lang='lat' dir='ltr'><em>S</em></span> <span class='ocrx_word' id='word_1_22' title='bbox 1975 1148 2021 1209; x_wconf 89' lang='lat' dir='ltr'><em>C</em></span> <span class='ocrx_word' id='word_1_23' title='bbox 2028 1146 2169 1208; x_wconf 83' lang='grc' dir='ltr'><strong>ΟΡ]</strong></span> <span class='ocrx_word' id='word_1_24' title='bbox 2216 1148 2264 1208; x_wconf 87' lang='lat' dir='ltr'><em>C</em></span> <span class='ocrx_word' id='word_1_25' title='bbox 2278 1148 2419 1207; x_wconf 80' lang='lat' dir='ltr'><strong><em>YRI</em></strong></span> 
     </span>
    </p>
   </div>
   <div class='ocr_carea' id='block_1_8' title="bbox 952 1305 2626 1391">
    <p class='ocr_par' dir='ltr' id='par_1_8' title="bbox 952 1305 2626 1391">
     <span class='ocr_line' id='line_1_8' title="bbox 952 1305 2626 1391; baseline 0.004 -27"><span class='ocrx_word' id='word_1_26' title='bbox 952 1305 1243 1383; x_wconf 83' lang='lat' dir='ltr'><strong>Epistola</strong></span> <span class='ocrx_word' id='word_1_27' title='bbox 1279 1307 1361 1366; x_wconf 86' lang='lat' dir='ltr'><strong>ad</strong></span> <span class='ocrx_word' id='word_1_28' title='bbox 1417 1310 1721 1368; x_wconf 83' lang='lat' dir='ltr'><strong>Joannem</strong></span> <span class='ocrx_word' id='word_1_29' title='bbox 1759 1309 2209 1370; x_wconf 65' lang='lat' dir='ltr'><strong>Antiochenam</strong></span> <span class='ocrx_word' id='word_1_30' title='bbox 2256 1314 2626 1391; x_wconf 77' lang='lat' dir='ltr'><strong>episcopum.</strong></span> 
     </span>
    </p>
   </div>
   <div class='ocr_carea' id='block_1_9' title="bbox 208 1622 1732 1705">
    <p class='ocr_par' dir='ltr' id='par_1_9' title="bbox 208 1622 1732 1703">
     <span class='ocr_line' id='line_1_9' title="bbox 208 1622 1732 1703; baseline 0.007 -27"><span class='ocrx_word' id='word_1_31' title='bbox 208 1622 353 1676; x_wconf 81' lang='grc' dir='ltr'>Δίαν</span> <span class='ocrx_word' id='word_1_32' title='bbox 410 1622 651 1694; x_wconf 74' lang='grc' dir='ltr'>ήλγησα,</span> <span class='ocrx_word' id='word_1_33' title='bbox 689 1628 802 1689; x_wconf 86' lang='grc' dir='ltr'>τοῖς</span> <span class='ocrx_word' id='word_1_34' title='bbox 837 1625 1300 1699; x_wconf 86' lang='grc' dir='ltr'>ἀναθεματισμοῖς</span> <span class='ocrx_word' id='word_1_35' title='bbox 1351 1632 1609 1703; x_wconf 79' lang='grc' dir='ltr'>ἐντυχων,</span> <span class='ocrx_word' id='word_1_36' title='bbox 1642 1633 1732 1697; x_wconf 80' lang='grc' dir='ltr'><strong>οὓς</strong></span> 
     </span>
    </p>
   </div>
   <div class='ocr_carea' id='block_1_10' title="bbox 1820 1622 3413 1705">
    <p class='ocr_par' dir='ltr' id='par_1_10' title="bbox 1914 1632 3413 1705">
     <span class='ocr_line' id='line_1_10' title="bbox 1914 1632 3413 1705; baseline 0.003 -21"><span class='ocrx_word' id='word_1_37' title='bbox 1914 1634 2074 1703; x_wconf 75' lang='lat'><strong>202</strong></span> <span class='ocrx_word' id='word_1_38' title='bbox 2100 1632 2268 1687; x_wconf 78' lang='lat' dir='ltr'><strong>Valde</strong></span> <span class='ocrx_word' id='word_1_39' title='bbox 2286 1632 2456 1700; x_wconf 85' lang='lat' dir='ltr'><strong>dolui,</strong></span> <span class='ocrx_word' id='word_1_40' title='bbox 2485 1647 2608 1688; x_wconf 88' lang='lat' dir='ltr'><strong>cum</strong></span> <span class='ocrx_word' id='word_1_41' title='bbox 2637 1632 3119 1688; x_wconf 85' lang='lat' dir='ltr'><strong>anathematismos</strong></span> <span class='ocrx_word' id='word_1_42' title='bbox 3140 1633 3413 1705; x_wconf 77' lang='lat' dir='ltr'><strong>legissem,</strong></span> 
     </span>
    </p>
   </div>
   <div class='ocr_carea' id='block_1_11' title="bbox 136 1715 1732 1792">
    <p class='ocr_par' dir='ltr' id='par_1_11' title="bbox 136 1715 1732 1792">
     <span class='ocr_line' id='line_1_11' title="bbox 136 1715 1732 1792; baseline 0.008 -27"><span class='ocrx_word' id='word_1_43' title='bbox 136 1715 507 1779; x_wconf 80' lang='grc' dir='ltr'>ἀπέστειλας,</span> <span class='ocrx_word' id='word_1_44' title='bbox 550 1717 854 1788; x_wconf 73' lang='grc' dir='ltr'><strong>ἀνατρέψαι</strong></span> <span class='ocrx_word' id='word_1_45' title='bbox 881 1719 1106 1782; x_wconf 82' lang='grc' dir='ltr'>τούτους</span> <span class='ocrx_word' id='word_1_46' title='bbox 1149 1722 1439 1792; x_wconf 73' lang='grc' dir='ltr'><strong>ἐγγράφως</strong></span> <span class='ocrx_word' id='word_1_47' title='bbox 1480 1726 1611 1792; x_wconf 75' lang='grc' dir='ltr'>ἡμῖν</span> <span class='ocrx_word' id='word_1_48' title='bbox 1640 1742 1732 1777; x_wconf 87' lang='grc' dir='ltr'>κε-</span> 
     </span>
    </p>
   </div>
   <div class='ocr_carea' id='block_1_12' title="bbox 133 1806 1731 1886">
    <p class='ocr_par' dir='ltr' id='par_1_12' title="bbox 133 1806 1731 1886">
     <span class='ocr_line' id='line_1_12' title="bbox 133 1806 1731 1886; baseline 0.008 -31"><span class='ocrx_word' id='word_1_49' title='bbox 133 1806 366 1871; x_wconf 83' lang='grc' dir='ltr'>λεύσας,</span> <span class='ocrx_word' id='word_1_50' title='bbox 426 1808 524 1860; x_wconf 80' lang='grc' dir='ltr'>καὶ</span> <span class='ocrx_word' id='word_1_51' title='bbox 574 1809 673 1879; x_wconf 79' lang='grc' dir='ltr'><strong>τὴν</strong></span> <span class='ocrx_word' id='word_1_52' title='bbox 708 1810 991 1880; x_wconf 81' lang='grc' dir='ltr'>αίρετικὴν</span> <span class='ocrx_word' id='word_1_53' title='bbox 1044 1812 1223 1865; x_wconf 82' lang='grc' dir='ltr'>αὐτῶν</span> <span class='ocrx_word' id='word_1_54' title='bbox 1277 1813 1484 1867; x_wconf 75' lang='grc' dir='ltr'>ἔννοιαν</span> <span class='ocrx_word' id='word_1_55' title='bbox 1519 1816 1731 1886; x_wconf 80' lang='grc' dir='ltr'>γυμνὴν</span> 
     </span>
    </p>
   </div>
   <div class='ocr_carea' id='block_1_13' title="bbox 136 1900 1731 1977">
    <p class='ocr_par' dir='ltr' id='par_1_13' title="bbox 136 1900 1731 1977">
     <span class='ocr_line' id='line_1_13' title="bbox 136 1900 1731 1977; baseline 0.006 -27"><span class='ocrx_word' id='word_1_56' title='bbox 136 1900 317 1951; x_wconf 80' lang='grc' dir='ltr'>ἆπασι</span> <span class='ocrx_word' id='word_1_57' title='bbox 356 1904 723 1972; x_wconf 85' lang='grc' dir='ltr'>καταστῆσαι.</span> <span class='ocrx_word' id='word_1_58' title='bbox 754 1903 1007 1973; x_wconf 85' lang='grc' dir='ltr'>Ἤλγησα</span> <span class='ocrx_word' id='word_1_59' title='bbox 1033 1903 1110 1968; x_wconf 86' lang='grc' dir='ltr'>δὲ,</span> <span class='ocrx_word' id='word_1_60' title='bbox 1146 1905 1225 1957; x_wconf 82' lang='grc' dir='ltr'>ὅτι</span> <span class='ocrx_word' id='word_1_61' title='bbox 1259 1906 1396 1977; x_wconf 84' lang='grc' dir='ltr'>ἀνὴρ</span> <span class='ocrx_word' id='word_1_62' title='bbox 1422 1908 1731 1977; x_wconf 73' lang='grc' dir='ltr'>ποιμαίνειν</span> 
     </span>
    </p>
   </div>
   <div class='ocr_carea' id='block_1_14' title="bbox 131 1992 1731 2068">
    <p class='ocr_par' dir='ltr' id='par_1_14' title="bbox 131 1992 1731 2068">
     <span class='ocr_line' id='line_1_14' title="bbox 131 1992 1731 2068; baseline 0.008 -27"><span class='ocrx_word' id='word_1_63' title='bbox 131 1992 339 2061; x_wconf 83' lang='grc' dir='ltr'>λαχὼν,</span> <span class='ocrx_word' id='word_1_64' title='bbox 370 1993 469 2045; x_wconf 79' lang='grc' dir='ltr'><strong>καὶ</strong></span> <span class='ocrx_word' id='word_1_65' title='bbox 494 1994 730 2065; x_wconf 80' lang='grc' dir='ltr'>ποίμνην</span> <span class='ocrx_word' id='word_1_66' title='bbox 753 1995 1023 2067; x_wconf 76' lang='grc' dir='ltr'><strong>τοσαύτην</strong></span> <span class='ocrx_word' id='word_1_67' title='bbox 1049 2000 1503 2068; x_wconf 74' lang='grc' dir='ltr'>πεπιστευμένος,</span> <span class='ocrx_word' id='word_1_68' title='bbox 1530 2001 1619 2052; x_wconf 71' lang='grc' dir='ltr'><strong>καὶ</strong></span> <span class='ocrx_word' id='word_1_69' title='bbox 1645 1999 1731 2052; x_wconf 85' lang='grc' dir='ltr'>θε-</span> 
     </span>
    </p>
   </div>
   <div class='ocr_carea' id='block_1_15' title="bbox 134 2083 1726 2160">
    <p class='ocr_par' dir='ltr' id='par_1_15' title="bbox 134 2083 1726 2160">
     <span class='ocr_line' id='line_1_15' title="bbox 134 2083 1726 2160; baseline 0.005 -25"><span class='ocrx_word' id='word_1_70' title='bbox 134 2083 410 2152; x_wconf 85' lang='grc' dir='ltr'>ραπεύειν</span> <span class='ocrx_word' id='word_1_71' title='bbox 441 2085 509 2138; x_wconf 83' lang='grc' dir='ltr'>τὰ</span> <span class='ocrx_word' id='word_1_72' title='bbox 533 2085 736 2157; x_wconf 78' lang='grc' dir='ltr'>ἀσθενῆ</span> <span class='ocrx_word' id='word_1_73' title='bbox 775 2087 883 2140; x_wconf 90' lang='grc' dir='ltr'><strong>τῶν</strong></span> <span class='ocrx_word' id='word_1_74' title='bbox 916 2088 1203 2159; x_wconf 87' lang='grc' dir='ltr'>προϐάτων</span> <span class='ocrx_word' id='word_1_75' title='bbox 1232 2092 1726 2160; x_wconf 84' lang='grc' dir='ltr'>προστεταγμένος,</span> 
     </span>
    </p>
   </div>
   <div class='ocr_carea' id='block_1_16' title="bbox 130 2176 1729 2252">
    <p class='ocr_par' dir='ltr' id='par_1_16' title="bbox 130 2176 1729 2252">
     <span class='ocr_line' id='line_1_16' title="bbox 130 2176 1729 2252; baseline 0.007 -28"><span class='ocrx_word' id='word_1_76' title='bbox 130 2178 286 2226; x_wconf 73' lang='grc' dir='ltr'>νοσεῖ</span> <span class='ocrx_word' id='word_1_77' title='bbox 319 2176 425 2243; x_wconf 78' lang='grc' dir='ltr'>μὲν</span> <span class='ocrx_word' id='word_1_78' title='bbox 467 2178 653 2241; x_wconf 79' lang='grc' dir='ltr'>αὐτὸς,</span> <span class='ocrx_word' id='word_1_79' title='bbox 688 2180 781 2231; x_wconf 77' lang='grc' dir='ltr'><strong>καὶ</strong></span> <span class='ocrx_word' id='word_1_80' title='bbox 810 2180 929 2232; x_wconf 90' lang='grc' dir='ltr'>λίαν</span> <span class='ocrx_word' id='word_1_81' title='bbox 985 2181 1252 2251; x_wconf 73' lang='grc' dir='ltr'>σφοδρῶς,</span> <span class='ocrx_word' id='word_1_82' title='bbox 1284 2184 1635 2252; x_wconf 83' lang='grc' dir='ltr'>ἀναπιμπλᾷν</span> <span class='ocrx_word' id='word_1_83' title='bbox 1675 2185 1729 2236; x_wconf 88' lang='grc' dir='ltr'><strong>δὲ</strong></span> 
     </span>
    </p>
   </div>
   <div class='ocr_carea' id='block_1_17' title="bbox 130 2268 1727 2343">
    <p class='ocr_par' dir='ltr' id='par_1_17' title="bbox 130 2268 1727 2343">
     <span class='ocr_line' id='line_1_17' title="bbox 130 2268 1727 2343; baseline 0.006 -27"><span class='ocrx_word' id='word_1_84' title='bbox 130 2268 411 2336; x_wconf 79' lang='grc' dir='ltr'>πειρᾶται</span> <span class='ocrx_word' id='word_1_85' title='bbox 457 2268 558 2337; x_wconf 86' lang='grc' dir='ltr'>τῆς</span> <span class='ocrx_word' id='word_1_86' title='bbox 614 2271 772 2323; x_wconf 82' lang='grc' dir='ltr'>νόσου</span> <span class='ocrx_word' id='word_1_87' title='bbox 822 2274 912 2324; x_wconf 72' lang='grc' dir='ltr'><strong>καὶ</strong></span> <span class='ocrx_word' id='word_1_88' title='bbox 970 2273 1040 2325; x_wconf 88' lang='grc' dir='ltr'>τὰ</span> <span class='ocrx_word' id='word_1_89' title='bbox 1100 2273 1421 2343; x_wconf 80' lang='grc' dir='ltr'>θρέμματα,</span> <span class='ocrx_word' id='word_1_90' title='bbox 1482 2274 1574 2325; x_wconf 69' lang='grc' dir='ltr'><strong>καὶ</strong></span> <span class='ocrx_word' id='word_1_91' title='bbox 1621 2274 1727 2325; x_wconf 85' lang='grc' dir='ltr'><strong>τῶν</strong></span> 
     </span>
    </p>
   </div>
   <div class='ocr_carea' id='block_1_18' title="bbox 128 2358 1727 2435">
    <p class='ocr_par' dir='ltr' id='par_1_18' title="bbox 128 2358 1727 2435">
     <span class='ocr_line' id='line_1_18' title="bbox 128 2358 1727 2435; baseline 0.007 -27"><span class='ocrx_word' id='word_1_92' title='bbox 128 2358 348 2427; x_wconf 81' lang='grc' dir='ltr'>ἀγρίων</span> <span class='ocrx_word' id='word_1_93' title='bbox 437 2358 643 2430; x_wconf 80' lang='grc' dir='ltr'>θηρίων</span> <span class='ocrx_word' id='word_1_94' title='bbox 729 2362 1083 2435; x_wconf 82' lang='grc' dir='ltr'>χαλεπώτερα</span> <span class='ocrx_word' id='word_1_95' title='bbox 1178 2364 1243 2416; x_wconf 74' lang='grc' dir='ltr'><strong>τά</strong></span> <span class='ocrx_word' id='word_1_96' title='bbox 1332 2366 1727 2435; x_wconf 76' lang='grc' dir='ltr'>ποιμαινόμενα</span> 
     </span>
    </p>
   </div>
   <div class='ocr_carea' id='block_1_19' title="bbox 130 2451 1726 2527">
    <p class='ocr_par' dir='ltr' id='par_1_19' title="bbox 130 2451 1726 2527">
     <span class='ocr_line' id='line_1_19' title="bbox 130 2451 1726 2527; baseline 0.006 -27"><span class='ocrx_word' id='word_1_97' title='bbox 130 2451 488 2519; x_wconf 83' lang='grc' dir='ltr'>καθίστησιν.</span> <span class='ocrx_word' id='word_1_98' title='bbox 538 2453 599 2505; x_wconf 86' lang='lat' dir='ltr'><strong>Ol</strong></span> <span class='ocrx_word' id='word_1_99' title='bbox 665 2454 763 2519; x_wconf 76' lang='grc' dir='ltr'>μὲν</span> <span class='ocrx_word' id='word_1_100' title='bbox 808 2456 916 2521; x_wconf 84' lang='grc' dir='ltr'><strong>γὰρ</strong></span> <span class='ocrx_word' id='word_1_101' title='bbox 952 2456 1018 2508; x_wconf 86' lang='grc' dir='ltr'><strong>τὰ</strong></span> <span class='ocrx_word' id='word_1_102' title='bbox 1056 2455 1460 2526; x_wconf 82' lang='grc' dir='ltr'>διεσπαρμένα,</span> <span class='ocrx_word' id='word_1_103' title='bbox 1496 2457 1587 2508; x_wconf 73' lang='grc' dir='ltr'><strong>καὶ</strong></span> <span class='ocrx_word' id='word_1_104' title='bbox 1630 2460 1726 2527; x_wconf 80' lang='grc' dir='ltr'>τῆς</span> 
     </span>
    </p>
   </div>
   <div class='ocr_carea' id='block_1_20' title="bbox 129 2539 1724 2614">
    <p class='ocr_par' dir='ltr' id='par_1_20' title="bbox 129 2539 1724 2614">
     <span class='ocr_line' id='line_1_20' title="bbox 129 2539 1724 2614; baseline 0.006 -24"><span class='ocrx_word' id='word_1_105' title='bbox 129 2539 376 2608; x_wconf 76' lang='grc' dir='ltr'>ποίμνης</span> <span class='ocrx_word' id='word_1_106' title='bbox 429 2542 817 2609; x_wconf 79' lang='grc' dir='ltr'>κεχωρισμένα</span> <span class='ocrx_word' id='word_1_107' title='bbox 861 2542 1161 2595; x_wconf 83' lang='grc' dir='ltr'>διασπῶσιν</span> <span class='ocrx_word' id='word_1_108' title='bbox 1208 2544 1567 2614; x_wconf 78' lang='grc' dir='ltr'>ἁρπάζοντες,</span> <span class='ocrx_word' id='word_1_109' title='bbox 1596 2550 1622 2600; x_wconf 86' lang='grc' dir='ltr'><strong>ό</strong></span> <span class='ocrx_word' id='word_1_110' title='bbox 1668 2549 1724 2600; x_wconf 88' lang='grc' dir='ltr'><strong>δὲ</strong></span> 
     </span>
    </p>
   </div>
   <div class='ocr_carea' id='block_1_21' title="bbox 127 2628 1723 2705">
    <p class='ocr_par' dir='ltr' id='par_1_21' title="bbox 127 2628 1723 2705">
     <span class='ocr_line' id='line_1_21' title="bbox 127 2628 1723 2705; baseline 0.004 -23"><span class='ocrx_word' id='word_1_111' title='bbox 127 2632 185 2682; x_wconf 76' lang='grc' dir='ltr'>ἐν</span> <span class='ocrx_word' id='word_1_112' title='bbox 217 2629 378 2698; x_wconf 81' lang='grc' dir='ltr'>μέσῳ</span> <span class='ocrx_word' id='word_1_113' title='bbox 414 2628 621 2697; x_wconf 82' lang='grc' dir='ltr'>ταύτης</span> <span class='ocrx_word' id='word_1_114' title='bbox 672 2630 990 2701; x_wconf 84' lang='grc' dir='ltr'>τυγχάνων,</span> <span class='ocrx_word' id='word_1_115' title='bbox 1024 2633 1118 2685; x_wconf 74' lang='grc' dir='ltr'><strong>καὶ</strong></span> <span class='ocrx_word' id='word_1_116' title='bbox 1170 2633 1359 2705; x_wconf 78' lang='grc' dir='ltr'>Σωτὴρ</span> <span class='ocrx_word' id='word_1_117' title='bbox 1412 2632 1587 2699; x_wconf 72' lang='grc' dir='ltr'>εἶναι,</span> <span class='ocrx_word' id='word_1_118' title='bbox 1631 2640 1723 2689; x_wconf 74' lang='grc' dir='ltr'><strong>καί¹</strong></span> 
     </span>
    </p>
   </div>
   <div class='ocr_carea' id='block_1_22' title="bbox 128 2719 1724 2797">
    <p class='ocr_par' dir='ltr' id='par_1_22' title="bbox 128 2719 1724 2797">
     <span class='ocr_line' id='line_1_22' title="bbox 128 2719 1724 2797; baseline 0.006 -25"><span class='ocrx_word' id='word_1_119' title='bbox 128 2719 310 2789; x_wconf 73' lang='grc' dir='ltr'>φύλαξ</span> <span class='ocrx_word' id='word_1_120' title='bbox 353 2720 769 2791; x_wconf 83' lang='grc' dir='ltr'>νενομισμένος,</span> <span class='ocrx_word' id='word_1_121' title='bbox 800 2724 1067 2795; x_wconf 84' lang='grc' dir='ltr'>λαθραίαν</span> <span class='ocrx_word' id='word_1_122' title='bbox 1106 2728 1204 2797; x_wconf 83' lang='grc' dir='ltr'>τὴν</span> <span class='ocrx_word' id='word_1_123' title='bbox 1236 2727 1444 2797; x_wconf 81' lang='grc' dir='ltr'>πλάνην</span> <span class='ocrx_word' id='word_1_124' title='bbox 1474 2731 1585 2791; x_wconf 80' lang='grc' dir='ltr'>τοῖς</span> <span class='ocrx_word' id='word_1_125' title='bbox 1614 2746 1724 2781; x_wconf 79' lang='grc' dir='ltr'>πει-</span> 
     </span>
    </p>
   </div>
   <div class='ocr_carea' id='block_1_23' title="bbox 127 2817 1719 2889">
    <p class='ocr_par' dir='ltr' id='par_1_23' title="bbox 127 2817 1719 2889">
     <span class='ocr_line' id='line_1_23' title="bbox 127 2817 1719 2889; baseline 0.001 -20"><span class='ocrx_word' id='word_1_126' title='bbox 127 2819 384 2889; x_wconf 83' lang='grc' dir='ltr'>θομένοις</span> <span class='ocrx_word' id='word_1_127' title='bbox 432 2819 633 2887; x_wconf 73' lang='grc' dir='ltr'>ἐνίησι.</span> <span class='ocrx_word' id='word_1_128' title='bbox 676 2818 748 2870; x_wconf 85' lang='grc' dir='ltr'><strong>Τὸ</strong></span> <span class='ocrx_word' id='word_1_129' title='bbox 785 2817 883 2887; x_wconf 83' lang='grc' dir='ltr'><strong>μὲν</strong></span> <span class='ocrx_word' id='word_1_130' title='bbox 934 2818 1042 2887; x_wconf 85' lang='grc' dir='ltr'><strong>γάρ</strong></span> <span class='ocrx_word' id='word_1_131' title='bbox 1085 2818 1380 2888; x_wconf 81' lang='grc' dir='ltr'>προφανῶς</span> <span class='ocrx_word' id='word_1_132' title='bbox 1429 2819 1719 2889; x_wconf 73' lang='grc' dir='ltr'>πολεμοῦν,</span> 
     </span>
    </p>
   </div>
   <div class='ocr_carea' id='block_1_24' title="bbox 125 2908 1720 2981">
    <p class='ocr_par' dir='ltr' id='par_1_24' title="bbox 125 2908 1720 2981">
     <span class='ocr_line' id='line_1_24' title="bbox 125 2908 1720 2981; baseline 0 -18"><span class='ocrx_word' id='word_1_133' title='bbox 125 2912 358 2966; x_wconf 82' lang='grc' dir='ltr'>δυνατὸν</span> <span class='ocrx_word' id='word_1_134' title='bbox 408 2913 505 2964; x_wconf 74' lang='grc' dir='ltr'>καὶ</span> <span class='ocrx_word' id='word_1_135' title='bbox 546 2910 913 2981; x_wconf 76' lang='grc' dir='ltr'>φυλάξασθαι,</span> <span class='ocrx_word' id='word_1_136' title='bbox 952 2910 1011 2961; x_wconf 82' lang='grc' dir='ltr'>τὸ</span> <span class='ocrx_word' id='word_1_137' title='bbox 1048 2908 1091 2962; x_wconf 87' lang='grc' dir='ltr'>δ’</span> <span class='ocrx_word' id='word_1_138' title='bbox 1142 2910 1199 2961; x_wconf 81' lang='grc' dir='ltr'>ὲν</span> <span class='ocrx_word' id='word_1_139' title='bbox 1246 2912 1483 2981; x_wconf 83' lang='grc' dir='ltr'>σχήματι</span> <span class='ocrx_word' id='word_1_140' title='bbox 1541 2911 1720 2979; x_wconf 80' lang='grc' dir='ltr'>φιλίας</span> 
     </span>
    </p>
   </div>
   <div class='ocr_carea' id='block_1_25' title="bbox 127 3000 1719 3075">
    <p class='ocr_par' dir='ltr' id='par_1_25' title="bbox 127 3000 1719 3075">
     <span class='ocr_line' id='line_1_25' title="bbox 127 3000 1719 3075; baseline 0.001 -20"><span class='ocrx_word' id='word_1_141' title='bbox 127 3005 228 3075; x_wconf 82' lang='grc' dir='ltr'>τὴν</span> <span class='ocrx_word' id='word_1_142' title='bbox 266 3002 567 3074; x_wconf 77' lang='grc' dir='ltr'>ἐπιϐουλὴν</span> <span class='ocrx_word' id='word_1_143' title='bbox 600 3000 933 3072; x_wconf 76' lang='grc' dir='ltr'>προσφέρου,</span> <span class='ocrx_word' id='word_1_144' title='bbox 980 3000 1290 3069; x_wconf 77' lang='grc' dir='ltr'>ἀφύλακτον</span> <span class='ocrx_word' id='word_1_145' title='bbox 1335 3002 1577 3072; x_wconf 78' lang='grc' dir='ltr'>εὑρίσκει</span> <span class='ocrx_word' id='word_1_146' title='bbox 1629 3005 1719 3057; x_wconf 73' lang='grc' dir='ltr'><strong>τὸν</strong></span> 
     </span>
    </p>
   </div>
   <div class='ocr_carea' id='block_1_26' title="bbox 126 3092 1720 3164">
    <p class='ocr_par' dir='ltr' id='par_1_26' title="bbox 126 3092 1720 3164">
     <span class='ocr_line' id='line_1_26' title="bbox 126 3092 1720 3164; baseline -0.001 -18"><span class='ocrx_word' id='word_1_147' title='bbox 126 3094 585 3164; x_wconf 78' lang='grc' dir='ltr'>πολεμούμενον,</span> <span class='ocrx_word' id='word_1_148' title='bbox 630 3094 722 3146; x_wconf 73' lang='grc' dir='ltr'><strong>καὶ</strong></span> <span class='ocrx_word' id='word_1_149' title='bbox 763 3092 955 3162; x_wconf 79' lang='grc' dir='ltr'>ῥᾳδίαν</span> <span class='ocrx_word' id='word_1_150' title='bbox 994 3093 1143 3163; x_wconf 84' lang='grc' dir='ltr'>αὐτῷ</span> <span class='ocrx_word' id='word_1_151' title='bbox 1192 3093 1289 3163; x_wconf 84' lang='grc' dir='ltr'>τὴν</span> <span class='ocrx_word' id='word_1_152' title='bbox 1333 3094 1533 3164; x_wconf 84' lang='grc' dir='ltr'>βλάϐην</span> <span class='ocrx_word' id='word_1_153' title='bbox 1581 3096 1720 3146; x_wconf 81' lang='grc' dir='ltr'>ἐντί-</span> 
     </span>
    </p>
   </div>
   <div class='ocr_carea' id='block_1_27' title="bbox 124 3181 1717 3254">
    <p class='ocr_par' dir='ltr' id='par_1_27' title="bbox 124 3181 1717 3254">
     <span class='ocr_line' id='line_1_27' title="bbox 124 3181 1717 3254; baseline 0.001 -21"><span class='ocrx_word' id='word_1_154' title='bbox 124 3183 288 3254; x_wconf 75' lang='grc' dir='ltr'>θησιο</span> <span class='ocrx_word' id='word_1_155' title='bbox 332 3184 417 3235; x_wconf 84' lang='grc' dir='ltr'><strong>διὸ</strong></span> <span class='ocrx_word' id='word_1_156' title='bbox 456 3183 551 3235; x_wconf 80' lang='grc' dir='ltr'><strong>καὶ</strong></span> <span class='ocrx_word' id='word_1_157' title='bbox 584 3181 694 3234; x_wconf 87' lang='grc' dir='ltr'><strong>τῶν</strong></span> <span class='ocrx_word' id='word_1_158' title='bbox 740 3181 939 3247; x_wconf 70' lang='grc' dir='ltr'>ἔξωθεν</span> <span class='ocrx_word' id='word_1_159' title='bbox 988 3182 1371 3252; x_wconf 85' lang='grc' dir='ltr'>πολεμούντων</span> <span class='ocrx_word' id='word_1_160' title='bbox 1413 3186 1460 3235; x_wconf 79' lang='grc' dir='ltr'>οἱ</span> <span class='ocrx_word' id='word_1_161' title='bbox 1509 3184 1717 3236; x_wconf 80' lang='grc' dir='ltr'>ἔνδοθεν</span> 
     </span>
    </p>
   </div>
   <div class='ocr_carea' id='block_1_28' title="bbox 125 3271 1715 3344">
    <p class='ocr_par' dir='ltr' id='par_1_28' title="bbox 125 3271 1715 3344">
     <span class='ocr_line' id='line_1_28' title="bbox 125 3271 1715 3344; baseline -0.001 -17"><span class='ocrx_word' id='word_1_162' title='bbox 125 3273 502 3344; x_wconf 78' lang='grc' dir='ltr'>πολεμοῦντές</span> <span class='ocrx_word' id='word_1_163' title='bbox 562 3274 669 3324; x_wconf 83' lang='grc' dir='ltr'>είσι</span> <span class='ocrx_word' id='word_1_164' title='bbox 723 3271 1114 3342; x_wconf 84' lang='grc' dir='ltr'>χαλεπώτεροι.</span> <span class='ocrx_word' id='word_1_165' title='bbox 1150 3273 1310 3325; x_wconf 87' lang='grc' dir='ltr'>Τουτί</span> <span class='ocrx_word' id='word_1_166' title='bbox 1348 3290 1414 3343; x_wconf 90' lang='grc' dir='ltr'><strong>με</strong></span> <span class='ocrx_word' id='word_1_167' title='bbox 1454 3274 1715 3343; x_wconf 77' lang='grc' dir='ltr'>μειζόνως</span> 
     </span>
    </p>
   </div>
   <div class='ocr_carea' id='block_1_29' title="bbox 125 3360 1715 3434">
    <p class='ocr_par' dir='ltr' id='par_1_29' title="bbox 125 3360 1715 3434">
     <span class='ocr_line' id='line_1_29' title="bbox 125 3360 1715 3434; baseline 0.003 -22"><span class='ocrx_word' id='word_1_168' title='bbox 125 3364 342 3429; x_wconf 67' lang='grc' dir='ltr'>ἠνίασε,</span> <span class='ocrx_word' id='word_1_169' title='bbox 369 3362 433 3414; x_wconf 86' lang='grc' dir='ltr'>τὸ</span> <span class='ocrx_word' id='word_1_170' title='bbox 462 3364 520 3413; x_wconf 87' lang='grc' dir='ltr'>ὲν</span> <span class='ocrx_word' id='word_1_171' title='bbox 554 3360 837 3423; x_wconf 72' lang='grc' dir='ltr'>εὐσεϐείας</span> <span class='ocrx_word' id='word_1_172' title='bbox 869 3361 1097 3431; x_wconf 82' lang='grc' dir='ltr'>ὀνόματί</span> <span class='ocrx_word' id='word_1_173' title='bbox 1120 3379 1177 3414; x_wconf 88' lang='grc' dir='ltr'><strong>τε</strong></span> <span class='ocrx_word' id='word_1_174' title='bbox 1204 3363 1297 3415; x_wconf 70' lang='grc' dir='ltr'><strong>καὶ</strong></span> <span class='ocrx_word' id='word_1_175' title='bbox 1331 3365 1587 3434; x_wconf 81' lang='grc' dir='ltr'>σχήματι,</span> <span class='ocrx_word' id='word_1_176' title='bbox 1621 3366 1715 3416; x_wconf 74' lang='grc' dir='ltr'>καὶ</span> 
     </span>
    </p>
   </div>
   <div class='ocr_carea' id='block_1_30' title="bbox 123 3450 1713 3525">
    <p class='ocr_par' dir='ltr' id='par_1_30' title="bbox 123 3450 1713 3525">
     <span class='ocr_line' id='line_1_30' title="bbox 123 3450 1713 3525; baseline 0.002 -21"><span class='ocrx_word' id='word_1_177' title='bbox 123 3456 176 3504; x_wconf 84' lang='grc' dir='ltr'>ὲν</span> <span class='ocrx_word' id='word_1_178' title='bbox 230 3452 498 3522; x_wconf 77' lang='grc' dir='ltr'>ποιμένος</span> <span class='ocrx_word' id='word_1_179' title='bbox 549 3450 822 3523; x_wconf 81' lang='grc' dir='ltr'>ἀξιώματι</span> <span class='ocrx_word' id='word_1_180' title='bbox 861 3453 1234 3522; x_wconf 76' lang='grc' dir='ltr'>τυγχάνοντα,</span> <span class='ocrx_word' id='word_1_181' title='bbox 1284 3455 1380 3516; x_wconf 81' lang='grc' dir='ltr'>τὰς</span> <span class='ocrx_word' id='word_1_182' title='bbox 1433 3454 1713 3525; x_wconf 76' lang='grc' dir='ltr'>αἱρετικάς</span> 
     </span>
    </p>
   </div>
   <div class='ocr_carea' id='block_1_31' title="bbox 122 3544 1712 3621">
    <p class='ocr_par' dir='ltr' id='par_1_31' title="bbox 122 3544 1712 3621">
     <span class='ocr_line' id='line_1_31' title="bbox 122 3544 1712 3621; baseline 0.002 -25"><span class='ocrx_word' id='word_1_183' title='bbox 122 3547 214 3597; x_wconf 70' lang='grc' dir='ltr'><strong>καὶ</strong></span> <span class='ocrx_word' id='word_1_184' title='bbox 266 3544 633 3616; x_wconf 84' lang='grc' dir='ltr'>βλασφήμους</span> <span class='ocrx_word' id='word_1_185' title='bbox 667 3544 830 3615; x_wconf 76' lang='grc' dir='ltr'>ῥῆξαι</span> <span class='ocrx_word' id='word_1_186' title='bbox 876 3546 1092 3621; x_wconf 63' lang='grc' dir='ltr'>(ρωνάςο</span> <span class='ocrx_word' id='word_1_187' title='bbox 1126 3546 1219 3599; x_wconf 78' lang='grc' dir='ltr'>καὶ</span> <span class='ocrx_word' id='word_1_188' title='bbox 1265 3548 1363 3615; x_wconf 83' lang='grc' dir='ltr'>τὴν</span> <span class='ocrx_word' id='word_1_189' title='bbox 1392 3547 1557 3601; x_wconf 84' lang='grc' dir='ltr'>πάλαι</span> <span class='ocrx_word' id='word_1_190' title='bbox 1591 3548 1712 3599; x_wconf 91' lang='grc' dir='ltr'>σϐε-</span> 
     </span>
    </p>
   </div>
   <div class='ocr_carea' id='block_1_32' title="bbox 122 3634 1707 3708">
    <p class='ocr_par' dir='ltr' id='par_1_32' title="bbox 122 3634 1707 3708">
     <span class='ocr_line' id='line_1_32' title="bbox 122 3634 1707 3708; baseline 0.003 -21"><span class='ocrx_word' id='word_1_191' title='bbox 122 3636 345 3689; x_wconf 83' lang='grc' dir='ltr'>σθεῖσαν</span> <span class='ocrx_word' id='word_1_192' title='bbox 394 3634 777 3705; x_wconf 83' lang='grc' dir='ltr'>Ἀπολιναρίου</span> <span class='ocrx_word' id='word_1_193' title='bbox 826 3634 1106 3706; x_wconf 79' lang='grc' dir='ltr'>φλήναφον</span> <span class='ocrx_word' id='word_1_194' title='bbox 1150 3636 1285 3706; x_wconf 81' lang='grc' dir='ltr'>ὁμοῦ</span> <span class='ocrx_word' id='word_1_195' title='bbox 1334 3638 1430 3689; x_wconf 73' lang='grc' dir='ltr'><strong>καὶ</strong></span> <span class='ocrx_word' id='word_1_196' title='bbox 1477 3638 1707 3708; x_wconf 85' lang='grc' dir='ltr'>δυσσεϐῆ</span> 
     </span>
    </p>
   </div>
   <div class='ocr_carea' id='block_1_33' title="bbox 119 3726 1709 3799">
    <p class='ocr_par' dir='ltr' id='par_1_33' title="bbox 119 3726 1709 3799">
     <span class='ocr_line' id='line_1_33' title="bbox 119 3726 1709 3799; baseline 0.001 -21"><span class='ocrx_word' id='word_1_197' title='bbox 119 3726 479 3780; x_wconf 77' lang='grc' dir='ltr'>διδασκαλίαν</span> <span class='ocrx_word' id='word_1_198' title='bbox 518 3726 950 3779; x_wconf 80' lang='grc' dir='ltr'>ἀνανεώσασθαι.</span> <span class='ocrx_word' id='word_1_199' title='bbox 990 3729 1133 3797; x_wconf 76' lang='grc' dir='ltr'>Πρὸς</span> <span class='ocrx_word' id='word_1_200' title='bbox 1190 3729 1244 3779; x_wconf 84' lang='grc' dir='ltr'>δὲ</span> <span class='ocrx_word' id='word_1_201' title='bbox 1280 3727 1491 3791; x_wconf 82' lang='grc' dir='ltr'>τούτοις</span> <span class='ocrx_word' id='word_1_202' title='bbox 1538 3730 1597 3781; x_wconf 80' lang='grc' dir='ltr'><strong>τὸ</strong></span> <span class='ocrx_word' id='word_1_203' title='bbox 1633 3730 1709 3799; x_wconf 85' lang='grc' dir='ltr'>μὴ</span> 
     </span>
    </p>
   </div>
   <div class='ocr_carea' id='block_1_34' title="bbox 122 3816 1706 3890">
    <p class='ocr_par' dir='ltr' id='par_1_34' title="bbox 122 3816 1706 3890">
     <span class='ocr_line' id='line_1_34' title="bbox 122 3816 1706 3890; baseline 0.002 -21"><span class='ocrx_word' id='word_1_204' title='bbox 122 3819 285 3889; x_wconf 81' lang='grc' dir='ltr'>μόνον</span> <span class='ocrx_word' id='word_1_205' title='bbox 315 3816 494 3870; x_wconf 76' lang='grc' dir='ltr'>ταῦτα</span> <span class='ocrx_word' id='word_1_206' title='bbox 530 3816 887 3886; x_wconf 76' lang='grc' dir='ltr'>πρεσϐεῦσαι,</span> <span class='ocrx_word' id='word_1_207' title='bbox 936 3817 1071 3870; x_wconf 87' lang='grc' dir='ltr'><strong>ἀλλά</strong></span> <span class='ocrx_word' id='word_1_208' title='bbox 1122 3820 1215 3870; x_wconf 79' lang='grc' dir='ltr'><strong>καὶ</strong></span> <span class='ocrx_word' id='word_1_209' title='bbox 1247 3821 1370 3881; x_wconf 80' lang='grc' dir='ltr'>τοὺς</span> <span class='ocrx_word' id='word_1_210' title='bbox 1422 3820 1495 3890; x_wconf 83' lang='grc' dir='ltr'>μὴ</span> <span class='ocrx_word' id='word_1_211' title='bbox 1525 3821 1706 3873; x_wconf 84' lang='grc' dir='ltr'>πειθο-</span> 
     </span>
    </p>
   </div>
   <div class='ocr_carea' id='block_1_35' title="bbox 120 3905 1708 3981">
    <p class='ocr_par' dir='ltr' id='par_1_35' title="bbox 120 3905 1708 3981">
     <span class='ocr_line' id='line_1_35' title="bbox 120 3905 1708 3981; baseline 0.001 -22"><span class='ocrx_word' id='word_1_212' title='bbox 120 3910 323 3976; x_wconf 79' lang='grc' dir='ltr'>μένους</span> <span class='ocrx_word' id='word_1_213' title='bbox 356 3905 509 3977; x_wconf 82' lang='grc' dir='ltr'>αύτῷ</span> <span class='ocrx_word' id='word_1_214' title='bbox 549 3907 1030 3977; x_wconf 87' lang='grc' dir='ltr'>συμϐλασφημεῖν,</span> <span class='ocrx_word' id='word_1_215' title='bbox 1067 3908 1466 3979; x_wconf 85' lang='grc' dir='ltr'>ὰναθεματίσαι</span> <span class='ocrx_word' id='word_1_216' title='bbox 1506 3910 1708 3981; x_wconf 81' lang='grc' dir='ltr'>τολμῆ-</span> 
     </span>
    </p>
   </div>
   <div class='ocr_carea' id='block_1_36' title="bbox 118 3996 1707 4070">
    <p class='ocr_par' dir='ltr' id='par_1_36' title="bbox 118 3996 1707 4070">
     <span class='ocr_line' id='line_1_36' title="bbox 118 3996 1707 4070; baseline 0.003 -21"><span class='ocrx_word' id='word_1_217' title='bbox 118 4015 207 4049; x_wconf 89' lang='grc' dir='ltr'><strong>σαι</strong></span> <span class='ocrx_word' id='word_1_218' title='bbox 228 4013 241 4026; x_wconf 92' lang='grc'><strong>·</strong></span> <span class='ocrx_word' id='word_1_219' title='bbox 286 3996 451 4067; x_wconf 80' lang='grc' dir='ltr'>είπερ</span> <span class='ocrx_word' id='word_1_220' title='bbox 484 3997 703 4066; x_wconf 88' lang='grc' dir='ltr'>ἀληθῶς</span> <span class='ocrx_word' id='word_1_221' title='bbox 732 3998 895 4051; x_wconf 83' lang='grc' dir='ltr'>αὑτοῦ</span> <span class='ocrx_word' id='word_1_222' title='bbox 933 3998 1107 4053; x_wconf 79' lang='grc' dir='ltr'>ταῦτα</span> <span class='ocrx_word' id='word_1_223' title='bbox 1138 3999 1206 4052; x_wconf 90' lang='grc' dir='ltr'><strong>τά</strong></span> <span class='ocrx_word' id='word_1_224' title='bbox 1242 4001 1575 4070; x_wconf 85' lang='grc' dir='ltr'>γεννήματα,</span> <span class='ocrx_word' id='word_1_225' title='bbox 1612 4003 1707 4054; x_wconf 78' lang='grc' dir='ltr'>καὶ</span> 
     </span>
    </p>
   </div>
   <div class='ocr_carea' id='block_1_37' title="bbox 116 4089 1704 4162">
    <p class='ocr_par' dir='ltr' id='par_1_37' title="bbox 116 4089 1704 4162">
     <span class='ocr_line' id='line_1_37' title="bbox 116 4089 1704 4162; baseline 0.004 -21"><span class='ocrx_word' id='word_1_226' title='bbox 116 4089 173 4141; x_wconf 72' lang='grc' dir='ltr'>οὗ</span> <span class='ocrx_word' id='word_1_227' title='bbox 209 4090 324 4142; x_wconf 86' lang='grc' dir='ltr'><strong>τῶν</strong></span> <span class='ocrx_word' id='word_1_228' title='bbox 347 4090 562 4161; x_wconf 78' lang='grc' dir='ltr'>ἐχθρῶν</span> <span class='ocrx_word' id='word_1_229' title='bbox 592 4110 673 4153; x_wconf 85' lang='grc' dir='ltr'><strong>τις</strong></span> <span class='ocrx_word' id='word_1_230' title='bbox 691 4092 790 4161; x_wconf 81' lang='grc' dir='ltr'>τῆς</span> <span class='ocrx_word' id='word_1_231' title='bbox 817 4092 1094 4162; x_wconf 86' lang='grc' dir='ltr'>ἀληθείας,</span> <span class='ocrx_word' id='word_1_232' title='bbox 1118 4094 1193 4156; x_wconf 78' lang='grc' dir='ltr'>ὡς</span> <span class='ocrx_word' id='word_1_233' title='bbox 1218 4094 1274 4159; x_wconf 76' lang='grc' dir='ltr'>ἐξ</span> <span class='ocrx_word' id='word_1_234' title='bbox 1302 4095 1509 4147; x_wconf 79' lang='grc' dir='ltr'>ἐκείνου</span> <span class='ocrx_word' id='word_1_235' title='bbox 1534 4094 1704 4149; x_wconf 86' lang='grc' dir='ltr'>ταῦτα</span> 
     </span>
    </p>
   </div>
   <div class='ocr_carea' id='block_1_38' title="bbox 118 4182 1703 4254">
    <p class='ocr_par' dir='ltr' id='par_1_38' title="bbox 118 4182 1703 4254">
     <span class='ocr_line' id='line_1_38' title="bbox 118 4182 1703 4254; baseline 0.003 -22"><span class='ocrx_word' id='word_1_236' title='bbox 118 4182 514 4243; x_wconf 85' lang='grc' dir='ltr'>συντεθεικὼς,</span> <span class='ocrx_word' id='word_1_237' title='bbox 542 4182 765 4252; x_wconf 70' lang='grc' dir='ltr'>ἔρριψεν</span> <span class='ocrx_word' id='word_1_238' title='bbox 789 4184 844 4233; x_wconf 78' lang='grc' dir='ltr'><strong>ἐν</strong></span> <span class='ocrx_word' id='word_1_239' title='bbox 875 4182 1043 4250; x_wconf 83' lang='grc' dir='ltr'>μέσῳ,</span> <span class='ocrx_word' id='word_1_240' title='bbox 1081 4184 1217 4236; x_wconf 81' lang='grc' dir='ltr'><strong>κατά</strong></span> <span class='ocrx_word' id='word_1_241' title='bbox 1243 4184 1304 4236; x_wconf 81' lang='grc' dir='ltr'><strong>τὸ</strong></span> <span class='ocrx_word' id='word_1_242' title='bbox 1338 4186 1703 4254; x_wconf 86' lang='grc' dir='ltr'>μυθευόμενον</span> 
     </span>
    </p>
   </div>
   <div class='ocr_carea' id='block_1_39' title="bbox 116 4272 1704 4345">
    <p class='ocr_par' dir='ltr' id='par_1_39' title="bbox 116 4272 1704 4345">
     <span class='ocr_line' id='line_1_39' title="bbox 116 4272 1704 4345; baseline 0.004 -22"><span class='ocrx_word' id='word_1_243' title='bbox 116 4275 297 4325; x_wconf 75' lang='grc' dir='ltr'>έκεῖνο</span> <span class='ocrx_word' id='word_1_244' title='bbox 330 4272 505 4342; x_wconf 79' lang='grc' dir='ltr'>μῆλον</span> <span class='ocrx_word' id='word_1_245' title='bbox 536 4274 634 4343; x_wconf 79' lang='grc' dir='ltr'>τῆς</span> <span class='ocrx_word' id='word_1_246' title='bbox 662 4272 859 4342; x_wconf 78' lang='grc' dir='ltr'>ἔριδος,</span> <span class='ocrx_word' id='word_1_247' title='bbox 902 4276 980 4338; x_wconf 83' lang='grc' dir='ltr'><strong>είς</strong></span> <span class='ocrx_word' id='word_1_248' title='bbox 1006 4274 1140 4344; x_wconf 65' lang='grc' dir='ltr'>ὕψος</span> <span class='ocrx_word' id='word_1_249' title='bbox 1184 4276 1411 4344; x_wconf 77' lang='grc' dir='ltr'>ἐγείρων</span> <span class='ocrx_word' id='word_1_250' title='bbox 1437 4277 1537 4345; x_wconf 84' lang='grc' dir='ltr'>τὴν</span> <span class='ocrx_word' id='word_1_251' title='bbox 1579 4277 1704 4344; x_wconf 76' lang='grc' dir='ltr'>φλόο</span> 
     </span>
    </p>
   </div>
   <div class='ocr_carea' id='block_1_40' title="bbox 114 4365 1704 4436">
    <p class='ocr_par' dir='ltr' id='par_1_40' title="bbox 114 4365 1704 4436">
     <span class='ocr_line' id='line_1_40' title="bbox 114 4365 1704 4436; baseline 0.003 -19"><span class='ocrx_word' id='word_1_252' title='bbox 114 4383 205 4431; x_wconf 79' lang='grc' dir='ltr'>γα.</span> <span class='ocrx_word' id='word_1_253' title='bbox 250 4365 400 4432; x_wconf 85' lang='grc' dir='ltr'><strong>Ἐγὼ</strong></span> <span class='ocrx_word' id='word_1_254' title='bbox 432 4366 637 4431; x_wconf 88' lang='grc' dir='ltr'>τοίνυν,</span> <span class='ocrx_word' id='word_1_255' title='bbox 668 4368 766 4418; x_wconf 73' lang='grc' dir='ltr'>εἶτ’</span> <span class='ocrx_word' id='word_1_256' title='bbox 800 4369 1024 4431; x_wconf 80' lang='grc' dir='ltr'>ἐκεῖνος,</span> <span class='ocrx_word' id='word_1_257' title='bbox 1063 4369 1159 4420; x_wconf 73' lang='grc' dir='ltr'>εἴτ’</span> <span class='ocrx_word' id='word_1_258' title='bbox 1195 4367 1354 4430; x_wconf 79' lang='grc' dir='ltr'>ἄλλος</span> <span class='ocrx_word' id='word_1_259' title='bbox 1394 4386 1498 4433; x_wconf 91' lang='grc' dir='ltr'>τις,</span> <span class='ocrx_word' id='word_1_260' title='bbox 1530 4370 1603 4433; x_wconf 82' lang='grc' dir='ltr'>ὡς</span> <span class='ocrx_word' id='word_1_261' title='bbox 1648 4370 1704 4436; x_wconf 79' lang='grc' dir='ltr'>ἐξ</span> 
     </span>
    </p>
   </div>
   <div class='ocr_carea' id='block_1_41' title="bbox 116 4456 1702 4529">
    <p class='ocr_par' dir='ltr' id='par_1_41' title="bbox 116 4456 1702 4529">
     <span class='ocr_line' id='line_1_41' title="bbox 116 4456 1702 4529; baseline 0.004 -22"><span class='ocrx_word' id='word_1_262' title='bbox 116 4457 353 4521; x_wconf 65' lang='grc' dir='ltr'>ἐκείνου,</span> <span class='ocrx_word' id='word_1_263' title='bbox 389 4456 566 4511; x_wconf 79' lang='grc' dir='ltr'>ταῦτα</span> <span class='ocrx_word' id='word_1_264' title='bbox 625 4457 953 4523; x_wconf 77' lang='grc' dir='ltr'>συντέθεικε,</span> <span class='ocrx_word' id='word_1_265' title='bbox 1004 4459 1081 4529; x_wconf 83' lang='grc' dir='ltr'><strong>τῷ</strong></span> <span class='ocrx_word' id='word_1_266' title='bbox 1121 4460 1263 4527; x_wconf 76' lang='grc' dir='ltr'>φωτὶ</span> <span class='ocrx_word' id='word_1_267' title='bbox 1311 4460 1404 4513; x_wconf 77' lang='grc' dir='ltr'>τοῦ</span> <span class='ocrx_word' id='word_1_268' title='bbox 1436 4463 1702 4529; x_wconf 86' lang='grc' dir='ltr'>παναγίου</span> 
     </span>
    </p>
   </div>
   <div class='ocr_carea' id='block_1_42' title="bbox 115 4548 1704 4624">
    <p class='ocr_par' dir='ltr' id='par_1_42' title="bbox 115 4548 1704 4624">
     <span class='ocr_line' id='line_1_42' title="bbox 115 4548 1704 4624; baseline 0.003 -23"><span class='ocrx_word' id='word_1_269' title='bbox 115 4549 444 4618; x_wconf 85' lang='grc' dir='ltr'>Πνεύματος</span> <span class='ocrx_word' id='word_1_270' title='bbox 478 4548 725 4618; x_wconf 87' lang='grc' dir='ltr'>συνεργῷ</span> <span class='ocrx_word' id='word_1_271' title='bbox 750 4549 886 4619; x_wconf 71' lang='grc' dir='ltr'>πρὸς</span> <span class='ocrx_word' id='word_1_272' title='bbox 908 4550 1006 4620; x_wconf 83' lang='grc' dir='ltr'><strong>τὴν</strong></span> <span class='ocrx_word' id='word_1_273' title='bbox 1037 4550 1266 4620; x_wconf 78' lang='grc' dir='ltr'>ἔρευναν</span> <span class='ocrx_word' id='word_1_274' title='bbox 1297 4552 1395 4621; x_wconf 85' lang='grc' dir='ltr'><strong>τῆς</strong></span> <span class='ocrx_word' id='word_1_275' title='bbox 1424 4554 1704 4624; x_wconf 81' lang='grc' dir='ltr'>αίρετικῆς</span> 
     </span>
    </p>
   </div>
   <div class='ocr_carea' id='block_1_43' title="bbox 116 4638 1704 4711">
    <p class='ocr_par' dir='ltr' id='par_1_43' title="bbox 116 4638 1704 4711">
     <span class='ocr_line' id='line_1_43' title="bbox 116 4638 1704 4711; baseline 0.005 -23"><span class='ocrx_word' id='word_1_276' title='bbox 116 4638 445 4700; x_wconf 79' lang='grc' dir='ltr'>κακοδοξίας</span> <span class='ocrx_word' id='word_1_277' title='bbox 472 4638 842 4708; x_wconf 86' lang='grc' dir='ltr'>χρησάμενος,</span> <span class='ocrx_word' id='word_1_278' title='bbox 866 4640 1007 4693; x_wconf 86' lang='grc' dir='ltr'><strong>κατά</strong></span> <span class='ocrx_word' id='word_1_279' title='bbox 1032 4640 1090 4692; x_wconf 83' lang='grc' dir='ltr'><strong>τὸ</strong></span> <span class='ocrx_word' id='word_1_280' title='bbox 1115 4640 1313 4711; x_wconf 88' lang='grc' dir='ltr'>μέτρον</span> <span class='ocrx_word' id='word_1_281' title='bbox 1334 4643 1433 4711; x_wconf 76' lang='grc' dir='ltr'><strong>τῆς</strong></span> <span class='ocrx_word' id='word_1_282' title='bbox 1458 4642 1704 4711; x_wconf 81' lang='grc' dir='ltr'>δοθείσης</span> 
     </span>
    </p>
   </div>
   <div class='ocr_carea' id='block_1_44' title="bbox 118 4724 1704 4802">
    <p class='ocr_par' dir='ltr' id='par_1_44' title="bbox 118 4724 1704 4802">
     <span class='ocr_line' id='line_1_44' title="bbox 118 4724 1704 4802; baseline 0.004 -25"><span class='ocrx_word' id='word_1_283' title='bbox 118 4743 203 4793; x_wconf 84' lang='grc' dir='ltr'><strong>μοι</strong></span> <span class='ocrx_word' id='word_1_284' title='bbox 243 4725 564 4795; x_wconf 86' lang='grc' dir='ltr'>δυνάμεως,</span> <span class='ocrx_word' id='word_1_285' title='bbox 614 4726 869 4797; x_wconf 85' lang='grc' dir='ltr'>διήλεγξα</span> <span class='ocrx_word' id='word_1_286' title='bbox 904 4728 1098 4789; x_wconf 78' lang='grc' dir='ltr'>ταῦτα,</span> <span class='ocrx_word' id='word_1_287' title='bbox 1133 4730 1207 4791; x_wconf 85' lang='grc' dir='ltr'>ὡς</span> <span class='ocrx_word' id='word_1_288' title='bbox 1236 4724 1380 4802; x_wconf 74' lang='grc' dir='ltr'>οἶόνῇ</span> <span class='ocrx_word' id='word_1_289' title='bbox 1429 4750 1485 4783; x_wconf 83' lang='grc' dir='ltr'><strong>τε</strong></span> <span class='ocrx_word' id='word_1_290' title='bbox 1519 4750 1545 4782; x_wconf 91' lang='grc' dir='ltr'><strong>ν</strong></span> <span class='ocrx_word' id='word_1_291' title='bbox 1566 4750 1578 4761; x_wconf 73' lang='grc' dir='ltr'><strong><em>ο</em></strong></span> <span class='ocrx_word' id='word_1_292' title='bbox 1610 4734 1704 4784; x_wconf 75' lang='grc' dir='ltr'><strong>καὶ</strong></span> 
     </span>
    </p>
   </div>
   <div class='ocr_carea' id='block_1_45' title="bbox 115 4814 1698 4888">
    <p class='ocr_par' dir='ltr' id='par_1_45' title="bbox 115 4814 1698 4888">
     <span class='ocr_line' id='line_1_45' title="bbox 115 4814 1698 4888; baseline 0.003 -21"><span class='ocrx_word' id='word_1_293' title='bbox 115 4814 491 4884; x_wconf 78' lang='grc' dir='ltr'>εύαγγελικάς</span> <span class='ocrx_word' id='word_1_294' title='bbox 511 4817 607 4870; x_wconf 77' lang='grc' dir='ltr'>καὶ</span> <span class='ocrx_word' id='word_1_295' title='bbox 633 4816 1001 4879; x_wconf 70' lang='grc' dir='ltr'>ἀποπολικάς</span> <span class='ocrx_word' id='word_1_296' title='bbox 1023 4817 1298 4888; x_wconf 86' lang='grc' dir='ltr'>ἀντέθηκα</span> <span class='ocrx_word' id='word_1_297' title='bbox 1327 4819 1667 4883; x_wconf 84' lang='grc' dir='ltr'>διδασκαλίας</span> <span class='ocrx_word' id='word_1_298' title='bbox 1686 4835 1698 4846; x_wconf 90' lang='grc'><strong>·</strong></span> 
     </span>
    </p>
   </div>
   <div class='ocr_carea' id='block_1_46' title="bbox 116 4907 1701 4981">
    <p class='ocr_par' dir='ltr' id='par_1_46' title="bbox 116 4907 1701 4981">
     <span class='ocr_line' id='line_1_46' title="bbox 116 4907 1701 4981; baseline 0.003 -22"><span class='ocrx_word' id='word_1_299' title='bbox 116 4909 209 4960; x_wconf 73' lang='grc' dir='ltr'>καὶ</span> <span class='ocrx_word' id='word_1_300' title='bbox 234 4908 301 4960; x_wconf 81' lang='grc' dir='ltr'>τὸ</span> <span class='ocrx_word' id='word_1_301' title='bbox 333 4907 631 4961; x_wconf 82' lang='grc' dir='ltr'>ἀλλόκοτον</span> <span class='ocrx_word' id='word_1_302' title='bbox 653 4907 748 4961; x_wconf 81' lang='grc' dir='ltr'>τοῦ</span> <span class='ocrx_word' id='word_1_303' title='bbox 774 4908 1044 4979; x_wconf 89' lang='grc' dir='ltr'>δόγματος</span> <span class='ocrx_word' id='word_1_304' title='bbox 1070 4908 1247 4974; x_wconf 77' lang='grc' dir='ltr'>ἔδειξα</span> <span class='ocrx_word' id='word_1_305' title='bbox 1266 4927 1281 4940; x_wconf 74' lang='grc' dir='ltr'><strong>ο</strong></span> <span class='ocrx_word' id='word_1_306' title='bbox 1310 4913 1401 4963; x_wconf 78' lang='grc' dir='ltr'>καὶ</span> <span class='ocrx_word' id='word_1_307' title='bbox 1429 4913 1559 4981; x_wconf 87' lang='grc' dir='ltr'>ὅσην</span> <span class='ocrx_word' id='word_1_308' title='bbox 1589 4912 1701 4981; x_wconf 73' lang='grc' dir='ltr'>ἔχει</span> 
     </span>
    </p>
   </div>
   <div class='ocr_carea' id='block_1_47' title="bbox 116 5000 1696 5073">
    <p class='ocr_par' dir='ltr' id='par_1_47' title="bbox 116 5000 1696 5073">
     <span class='ocr_line' id='line_1_47' title="bbox 116 5000 1696 5073; baseline 0.003 -22"><span class='ocrx_word' id='word_1_309' title='bbox 116 5000 418 5070; x_wconf 77' lang='grc' dir='ltr'>διαφωνίαν</span> <span class='ocrx_word' id='word_1_310' title='bbox 445 5000 583 5070; x_wconf 80' lang='grc' dir='ltr'>πρὸς</span> <span class='ocrx_word' id='word_1_311' title='bbox 609 5001 678 5054; x_wconf 89' lang='grc' dir='ltr'><strong>τά</strong></span> <span class='ocrx_word' id='word_1_312' title='bbox 708 5000 827 5054; x_wconf 83' lang='grc' dir='ltr'>θεῖα</span> <span class='ocrx_word' id='word_1_313' title='bbox 848 5000 1097 5070; x_wconf 85' lang='grc' dir='ltr'>δόγματα</span> <span class='ocrx_word' id='word_1_314' title='bbox 1129 5002 1404 5073; x_wconf 84' lang='grc' dir='ltr'>πεποίηκα</span> <span class='ocrx_word' id='word_1_315' title='bbox 1432 5004 1663 5073; x_wconf 82' lang='grc' dir='ltr'>φανερόν</span> <span class='ocrx_word' id='word_1_316' title='bbox 1682 5022 1696 5037; x_wconf 88' lang='grc'><strong>·</strong></span> 
     </span>
    </p>
   </div>
   <div class='ocr_carea' id='block_1_48' title="bbox 117 5091 1697 5165">
    <p class='ocr_par' dir='ltr' id='par_1_48' title="bbox 117 5091 1697 5165">
     <span class='ocr_line' id='line_1_48' title="bbox 117 5091 1697 5165; baseline 0.004 -22"><span class='ocrx_word' id='word_1_317' title='bbox 117 5093 503 5162; x_wconf 84' lang='grc' dir='ltr'>παρεξετάσας</span> <span class='ocrx_word' id='word_1_318' title='bbox 535 5091 676 5145; x_wconf 85' lang='grc' dir='ltr'><strong>αύτά</strong></span> <span class='ocrx_word' id='word_1_319' title='bbox 705 5094 818 5156; x_wconf 85' lang='grc' dir='ltr'>τοῖς</span> <span class='ocrx_word' id='word_1_320' title='bbox 849 5092 943 5145; x_wconf 83' lang='grc' dir='ltr'>τοῦ</span> <span class='ocrx_word' id='word_1_321' title='bbox 978 5093 1122 5146; x_wconf 88' lang='grc' dir='ltr'>θείου</span> <span class='ocrx_word' id='word_1_322' title='bbox 1154 5094 1466 5165; x_wconf 88' lang='grc' dir='ltr'>Πνεύματος</span> <span class='ocrx_word' id='word_1_323' title='bbox 1496 5096 1697 5163; x_wconf 78' lang='grc' dir='ltr'>λόγοις,</span> 
     </span>
    </p>
   </div>
   <div class='ocr_carea' id='block_1_49' title="bbox 118 5184 1696 5255">
    <p class='ocr_par' dir='ltr' id='par_1_49' title="bbox 118 5184 1696 5255">
     <span class='ocr_line' id='line_1_49' title="bbox 118 5184 1696 5255; baseline 0.004 -20"><span class='ocrx_word' id='word_1_324' title='bbox 118 5186 208 5236; x_wconf 77' lang='grc' dir='ltr'><strong>καὶ</strong></span> <span class='ocrx_word' id='word_1_325' title='bbox 257 5185 486 5248; x_wconf 81' lang='grc' dir='ltr'>διδάξας</span> <span class='ocrx_word' id='word_1_326' title='bbox 528 5184 677 5247; x_wconf 84' lang='grc' dir='ltr'>ὅπως</span> <span class='ocrx_word' id='word_1_327' title='bbox 720 5186 1048 5255; x_wconf 82' lang='grc' dir='ltr'>ἀσύμφωνα,</span> <span class='ocrx_word' id='word_1_328' title='bbox 1079 5187 1311 5239; x_wconf 74' lang='grc' dir='ltr'>καὶτῶν</span> <span class='ocrx_word' id='word_1_329' title='bbox 1356 5188 1514 5240; x_wconf 90' lang='grc' dir='ltr'>θείων</span> <span class='ocrx_word' id='word_1_330' title='bbox 1541 5189 1696 5242; x_wconf 85' lang='grc' dir='ltr'>ἁλλό-</span> 
     </span>
    </p>
   </div>
   <div class='ocr_carea' id='block_1_50' title="bbox 117 5272 1698 5348">
    <p class='ocr_par' dir='ltr' id='par_1_50' title="bbox 117 5272 1698 5348">
     <span class='ocr_line' id='line_1_50' title="bbox 117 5272 1698 5348; baseline 0.006 -27"><span class='ocrx_word' id='word_1_331' title='bbox 117 5289 261 5342; x_wconf 81' lang='grc' dir='ltr'>τρια.</span> <span class='ocrx_word' id='word_1_332' title='bbox 304 5274 454 5344; x_wconf 81' lang='grc' dir='ltr'>Πρὸς</span> <span class='ocrx_word' id='word_1_333' title='bbox 502 5274 559 5326; x_wconf 84' lang='grc' dir='ltr'>δὲ</span> <span class='ocrx_word' id='word_1_334' title='bbox 600 5272 697 5344; x_wconf 78' lang='grc' dir='ltr'>τὴν</span> <span class='ocrx_word' id='word_1_335' title='bbox 730 5274 823 5326; x_wconf 83' lang='grc' dir='ltr'>τοῦ</span> <span class='ocrx_word' id='word_1_336' title='bbox 860 5275 1301 5346; x_wconf 83' lang='grc' dir='ltr'>ἀναθεματισμοῦ</span> <span class='ocrx_word' id='word_1_337' title='bbox 1346 5278 1547 5348; x_wconf 88' lang='grc' dir='ltr'>τόλμαν</span> <span class='ocrx_word' id='word_1_338' title='bbox 1576 5296 1698 5331; x_wconf 89' lang='grc' dir='ltr'>τοσ-</span> 
     </span>
    </p>
   </div>
   <div class='ocr_carea' id='block_1_51' title="bbox 119 5356 1699 5441">
    <p class='ocr_par' dir='ltr' id='par_1_51' title="bbox 119 5356 1699 5441">
     <span class='ocr_line' id='line_1_51' title="bbox 119 5356 1699 5441; baseline 0.003 -23"><span class='ocrx_word' id='word_1_339' title='bbox 119 5368 270 5419; x_wconf 72' lang='grc' dir='ltr'>οῦτον</span> <span class='ocrx_word' id='word_1_340' title='bbox 306 5365 439 5435; x_wconf 80' lang='grc' dir='ltr'>ἐρῶ,</span> <span class='ocrx_word' id='word_1_341' title='bbox 481 5368 563 5419; x_wconf 85' lang='grc' dir='ltr'><strong>ότι</strong></span> <span class='ocrx_word' id='word_1_342' title='bbox 601 5356 807 5429; x_wconf 74' lang='grc' dir='ltr'>Παῦλος</span> <span class='ocrx_word' id='word_1_343' title='bbox 840 5369 867 5419; x_wconf 88' lang='grc' dir='ltr'><strong>ό</strong></span> <span class='ocrx_word' id='word_1_344' title='bbox 903 5368 1417 5437; x_wconf 79' lang='grc' dir='ltr'>μεγαλοφωνότατος</span> <span class='ocrx_word' id='word_1_345' title='bbox 1444 5370 1545 5437; x_wconf 82' lang='grc' dir='ltr'>τῆς</span> <span class='ocrx_word' id='word_1_346' title='bbox 1574 5371 1699 5441; x_wconf 86' lang='grc' dir='ltr'>ἀλη-</span> 
     </span>
    </p>
   </div>
   <div class='ocr_carea' id='block_1_52' title="bbox 120 5457 1695 5531">
    <p class='ocr_par' dir='ltr' id='par_1_52' title="bbox 120 5457 1695 5531">
     <span class='ocr_line' id='line_1_52' title="bbox 120 5457 1695 5531; baseline 0.003 -22"><span class='ocrx_word' id='word_1_347' title='bbox 120 5459 267 5520; x_wconf 84' lang='grc' dir='ltr'>θείας</span> <span class='ocrx_word' id='word_1_348' title='bbox 298 5457 479 5528; x_wconf 79' lang='grc' dir='ltr'>κήρυξ</span> <span class='ocrx_word' id='word_1_349' title='bbox 503 5459 630 5521; x_wconf 74' lang='grc' dir='ltr'>τοὺς</span> <span class='ocrx_word' id='word_1_350' title='bbox 654 5458 1133 5531; x_wconf 81' lang='grc' dir='ltr'>παραφθείραντας</span> <span class='ocrx_word' id='word_1_351' title='bbox 1156 5461 1221 5513; x_wconf 81' lang='grc' dir='ltr'>τὰ</span> <span class='ocrx_word' id='word_1_352' title='bbox 1254 5462 1582 5529; x_wconf 84' lang='grc' dir='ltr'>εύαγγελικά</span> <span class='ocrx_word' id='word_1_353' title='bbox 1604 5463 1695 5515; x_wconf 66' lang='grc' dir='ltr'><strong>καὶ</strong></span> 
     </span>
    </p>
   </div>
   <div class='ocr_carea' id='block_1_53' title="bbox 121 5550 1693 5623">
    <p class='ocr_par' dir='ltr' id='par_1_53' title="bbox 121 5550 1693 5623">
     <span class='ocr_line' id='line_1_53' title="bbox 121 5550 1693 5623; baseline 0.004 -23"><span class='ocrx_word' id='word_1_354' title='bbox 121 5550 450 5603; x_wconf 76' lang='grc' dir='ltr'>ἀποστολικά</span> <span class='ocrx_word' id='word_1_355' title='bbox 486 5550 814 5621; x_wconf 87' lang='grc' dir='ltr'>διδάγματα,</span> <span class='ocrx_word' id='word_1_356' title='bbox 855 5552 1235 5623; x_wconf 84' lang='grc' dir='ltr'>ἀνεθεμάτισε,</span> <span class='ocrx_word' id='word_1_357' title='bbox 1270 5556 1362 5608; x_wconf 76' lang='grc' dir='ltr'><strong>καὶ</strong></span> <span class='ocrx_word' id='word_1_358' title='bbox 1393 5555 1501 5609; x_wconf 88' lang='grc' dir='ltr'><strong>τῶν</strong></span> <span class='ocrx_word' id='word_1_359' title='bbox 1531 5556 1693 5623; x_wconf 83' lang='grc' dir='ltr'>ἀγγέ-</span> 
     </span>
    </p>
   </div>
   <div class='ocr_carea' id='block_1_54' title="bbox 189 5725 597 5794">
    <p class='ocr_par' dir='ltr' id='par_1_54' title="bbox 189 5725 597 5794">
     <span class='ocr_line' id='line_1_54' title="bbox 189 5725 597 5794; baseline 0 -12"><span class='ocrx_word' id='word_1_360' title='bbox 189 5725 237 5759; x_wconf 78' lang='lat'><strong>“</strong></span> <span class='ocrx_word' id='word_1_361' title='bbox 272 5726 445 5782; x_wconf 81' lang='lat' dir='ltr'><strong>Galat.</strong></span> <span class='ocrx_word' id='word_1_362' title='bbox 483 5744 520 5794; x_wconf 87' lang='grc' dir='ltr'><strong>ι,</strong></span> <span class='ocrx_word' id='word_1_363' title='bbox 545 5731 597 5783; x_wconf 91' lang='grc'><strong>8.</strong></span> 
     </span>
    </p>
   </div>
   <div class='ocr_carea' id='block_1_55' title="bbox 1839 1724 3410 1795">
    <p class='ocr_par' dir='ltr' id='par_1_55' title="bbox 1839 1724 3410 1795">
     <span class='ocr_line' id='line_1_55' title="bbox 1839 1724 3410 1795; baseline 0.003 -19"><span class='ocrx_word' id='word_1_364' title='bbox 1839 1740 1974 1793; x_wconf 89' lang='lat' dir='ltr'><strong>quos</strong></span> <span class='ocrx_word' id='word_1_365' title='bbox 2011 1725 2286 1789; x_wconf 81' lang='lat' dir='ltr'><strong>direxisti,</strong></span> <span class='ocrx_word' id='word_1_366' title='bbox 2324 1724 2476 1778; x_wconf 89' lang='lat' dir='ltr'><strong>nobis</strong></span> <span class='ocrx_word' id='word_1_367' title='bbox 2500 1725 2816 1794; x_wconf 73' lang='lat' dir='ltr'><strong>przecipicns</strong></span> <span class='ocrx_word' id='word_1_368' title='bbox 2847 1734 2903 1776; x_wconf 91' lang='lat' dir='ltr'><strong>ut</strong></span> <span class='ocrx_word' id='word_1_369' title='bbox 2944 1740 3034 1777; x_wconf 85' lang='lat' dir='ltr'><strong>eos</strong></span> <span class='ocrx_word' id='word_1_370' title='bbox 3067 1725 3267 1795; x_wconf 91' lang='lat' dir='ltr'><strong>scripto</strong></span> <span class='ocrx_word' id='word_1_371' title='bbox 3317 1727 3410 1781; x_wconf 79' lang='lat' dir='ltr'><strong>tle-</strong></span> 
     </span>
    </p>
   </div>
   <div class='ocr_carea' id='block_1_56' title="bbox 1836 1814 3410 1878">
    <p class='ocr_par' dir='ltr' id='par_1_56' title="bbox 1836 1814 3410 1878">
     <span class='ocr_line' id='line_1_56' title="bbox 1836 1814 3410 1878; baseline -0.001 -11"><span class='ocrx_word' id='word_1_372' title='bbox 1836 1825 2188 1878; x_wconf 87' lang='lat' dir='ltr'><strong>strueremus,</strong></span> <span class='ocrx_word' id='word_1_373' title='bbox 2222 1824 2275 1867; x_wconf 88' lang='lat' dir='ltr'><strong>et</strong></span> <span class='ocrx_word' id='word_1_374' title='bbox 2307 1823 2361 1865; x_wconf 92' lang='lat' dir='ltr'><strong>ut</strong></span> <span class='ocrx_word' id='word_1_375' title='bbox 2384 1814 2693 1868; x_wconf 76' lang='lat' dir='ltr'><strong>lucreticum</strong></span> <span class='ocrx_word' id='word_1_376' title='bbox 2751 1828 2934 1867; x_wconf 91' lang='lat' dir='ltr'><strong>eorum</strong></span> <span class='ocrx_word' id='word_1_377' title='bbox 2962 1829 3179 1867; x_wconf 86' lang='lat' dir='ltr'><strong>sensum</strong></span> <span class='ocrx_word' id='word_1_378' title='bbox 3210 1817 3410 1869; x_wconf 89' lang='lat' dir='ltr'><strong>nudum</strong></span> 
     </span>
    </p>
   </div>
   <div class='ocr_carea' id='block_1_57' title="bbox 1834 1904 3411 1973">
    <p class='ocr_par' dir='ltr' id='par_1_57' title="bbox 1834 1904 3411 1973">
     <span class='ocr_line' id='line_1_57' title="bbox 1834 1904 3411 1973; baseline -0.001 -12"><span class='ocrx_word' id='word_1_379' title='bbox 1834 1907 2088 1961; x_wconf 91' lang='lat' dir='ltr'><strong>omnibus</strong></span> <span class='ocrx_word' id='word_1_380' title='bbox 2128 1905 2527 1959; x_wconf 88' lang='lat' dir='ltr'><strong>intimaremus.</strong></span> <span class='ocrx_word' id='word_1_381' title='bbox 2564 1904 2714 1958; x_wconf 79' lang='lat' dir='ltr'><strong>Dolui</strong></span> <span class='ocrx_word' id='word_1_382' title='bbox 2750 1909 2927 1958; x_wconf 89' lang='lat' dir='ltr'><strong>autem</strong></span> <span class='ocrx_word' id='word_1_383' title='bbox 2957 1906 3099 1973; x_wconf 88' lang='lat' dir='ltr'><strong>quod</strong></span> <span class='ocrx_word' id='word_1_384' title='bbox 3155 1906 3275 1969; x_wconf 91' lang='lat' dir='ltr'><strong>vir,</strong></span> <span class='ocrx_word' id='word_1_385' title='bbox 3317 1921 3411 1973; x_wconf 85' lang='lat' dir='ltr'><strong>pa-</strong></span> 
     </span>
    </p>
   </div>
   <div class='ocr_carea' id='block_1_58' title="bbox 1834 1996 3409 2066">
    <p class='ocr_par' dir='ltr' id='par_1_58' title="bbox 1834 1996 3409 2066">
     <span class='ocr_line' id='line_1_58' title="bbox 1834 1996 3409 2066; baseline 0 -14"><span class='ocrx_word' id='word_1_386' title='bbox 1834 2000 2016 2053; x_wconf 86' lang='lat' dir='ltr'><strong>scendi</strong></span> <span class='ocrx_word' id='word_1_387' title='bbox 2047 1998 2270 2052; x_wconf 90' lang='lat' dir='ltr'><strong>sortitus</strong></span> <span class='ocrx_word' id='word_1_388' title='bbox 2298 1996 2550 2063; x_wconf 76' lang='lat' dir='ltr'><strong>alliciunt,</strong></span> <span class='ocrx_word' id='word_1_389' title='bbox 2584 2006 2639 2052; x_wconf 91' lang='lat' dir='ltr'><strong>et</strong></span> <span class='ocrx_word' id='word_1_390' title='bbox 2674 1998 2758 2050; x_wconf 89' lang='lat' dir='ltr'><strong>cui</strong></span> <span class='ocrx_word' id='word_1_391' title='bbox 2794 2012 2925 2066; x_wconf 79' lang='lat' dir='ltr'><strong>grex</strong></span> <span class='ocrx_word' id='word_1_392' title='bbox 2971 2008 3152 2053; x_wconf 86' lang='lat' dir='ltr'><strong>tantus</strong></span> <span class='ocrx_word' id='word_1_393' title='bbox 3181 2009 3263 2054; x_wconf 88' lang='lat' dir='ltr'><strong>est</strong></span> <span class='ocrx_word' id='word_1_394' title='bbox 3290 2014 3409 2053; x_wconf 88' lang='lat' dir='ltr'><strong>cre-</strong></span> 
     </span>
    </p>
   </div>
   <div class='ocr_carea' id='block_1_59' title="bbox 1834 2089 3405 2157">
    <p class='ocr_par' dir='ltr' id='par_1_59' title="bbox 1834 2089 3405 2157">
     <span class='ocr_line' id='line_1_59' title="bbox 1834 2089 3405 2157; baseline 0.003 -17"><span class='ocrx_word' id='word_1_395' title='bbox 1834 2090 1999 2154; x_wconf 85' lang='lat' dir='ltr'><strong>ditus,</strong></span> <span class='ocrx_word' id='word_1_396' title='bbox 2053 2098 2108 2142; x_wconf 90' lang='lat' dir='ltr'><strong>et</strong></span> <span class='ocrx_word' id='word_1_397' title='bbox 2136 2104 2266 2143; x_wconf 78' lang='lat' dir='ltr'><strong>oves</strong></span> <span class='ocrx_word' id='word_1_398' title='bbox 2296 2089 2535 2142; x_wconf 84' lang='lat' dir='ltr'><strong>infirmas</strong></span> <span class='ocrx_word' id='word_1_399' title='bbox 2563 2102 2755 2143; x_wconf 87' lang='lat' dir='ltr'><strong>curare</strong></span> <span class='ocrx_word' id='word_1_400' title='bbox 2784 2099 3137 2157; x_wconf 71' lang='lat' dir='ltr'><strong>prteceptnm,</strong></span> <span class='ocrx_word' id='word_1_401' title='bbox 3183 2107 3289 2146; x_wconf 92' lang='lat' dir='ltr'><strong>non</strong></span> <span class='ocrx_word' id='word_1_402' title='bbox 3321 2106 3405 2145; x_wconf 83' lang='lat' dir='ltr'><strong>so-</strong></span> 
     </span>
    </p>
   </div>
   <div class='ocr_carea' id='block_1_60' title="bbox 1832 2180 3409 2248">
    <p class='ocr_par' dir='ltr' id='par_1_60' title="bbox 1832 2180 3409 2248">
     <span class='ocr_line' id='line_1_60' title="bbox 1832 2180 3409 2248; baseline 0.004 -20"><span class='ocrx_word' id='word_1_403' title='bbox 1832 2180 1939 2231; x_wconf 86' lang='lat' dir='ltr'><strong>lum</strong></span> <span class='ocrx_word' id='word_1_404' title='bbox 1969 2180 2199 2247; x_wconf 80' lang='lat' dir='ltr'><strong>languet</strong></span> <span class='ocrx_word' id='word_1_405' title='bbox 2231 2180 2363 2248; x_wconf 89' lang='lat' dir='ltr'><strong>ipse,</strong></span> <span class='ocrx_word' id='word_1_406' title='bbox 2389 2190 2440 2234; x_wconf 86' lang='lat' dir='ltr'><strong>et</strong></span> <span class='ocrx_word' id='word_1_407' title='bbox 2466 2180 2681 2248; x_wconf 84' lang='lat' dir='ltr'><strong>quidem</strong></span> <span class='ocrx_word' id='word_1_408' title='bbox 2714 2181 3076 2240; x_wconf 85' lang='lat' dir='ltr'><strong>vehementer.</strong></span> <span class='ocrx_word' id='word_1_409' title='bbox 3104 2186 3197 2235; x_wconf 89' lang='lat' dir='ltr'><strong>sed</strong></span> <span class='ocrx_word' id='word_1_410' title='bbox 3219 2183 3409 2235; x_wconf 87' lang='lat' dir='ltr'><strong>nititur</strong></span> 
     </span>
    </p>
   </div>
   <div class='ocr_carea' id='block_1_61' title="bbox 1831 2270 3409 2336">
    <p class='ocr_par' dir='ltr' id='par_1_61' title="bbox 1831 2270 3409 2336">
     <span class='ocr_line' id='line_1_61' title="bbox 1831 2270 3409 2336; baseline 0.006 -18"><span class='ocrx_word' id='word_1_411' title='bbox 1831 2270 1992 2331; x_wconf 80' lang='lat' dir='ltr'><strong>etiam</strong></span> <span class='ocrx_word' id='word_1_412' title='bbox 2022 2283 2150 2321; x_wconf 77' lang='lat' dir='ltr'><strong>oves</strong></span> <span class='ocrx_word' id='word_1_413' title='bbox 2168 2270 2486 2336; x_wconf 66' lang='lat' dir='ltr'><strong>aegritudine</strong></span> <span class='ocrx_word' id='word_1_414' title='bbox 2509 2271 2750 2336; x_wconf 83' lang='lat' dir='ltr'><strong>implere,</strong></span> <span class='ocrx_word' id='word_1_415' title='bbox 2772 2282 2825 2323; x_wconf 84' lang='lat' dir='ltr'><strong>et</strong></span> <span class='ocrx_word' id='word_1_416' title='bbox 2851 2270 2980 2324; x_wconf 80' lang='lat' dir='ltr'><strong>feris</strong></span> <span class='ocrx_word' id='word_1_417' title='bbox 3000 2274 3186 2325; x_wconf 75' lang='lat' dir='ltr'><strong>bestiis</strong></span> <span class='ocrx_word' id='word_1_418' title='bbox 3213 2274 3409 2328; x_wconf 63' lang='lat' dir='ltr'><strong>saevius</strong></span> 
     </span>
    </p>
   </div>
   <div class='ocr_carea' id='block_1_62' title="bbox 1829 2359 3406 2431">
    <p class='ocr_par' dir='ltr' id='par_1_62' title="bbox 1829 2359 3406 2431">
     <span class='ocr_line' id='line_1_62' title="bbox 1829 2359 3406 2431; baseline 0.003 -20"><span class='ocrx_word' id='word_1_419' title='bbox 1829 2372 1891 2411; x_wconf 90' lang='lat' dir='ltr'><strong>ea</strong></span> <span class='ocrx_word' id='word_1_420' title='bbox 1921 2372 2041 2427; x_wconf 66' lang='lat' dir='ltr'><strong>qua:</strong></span> <span class='ocrx_word' id='word_1_421' title='bbox 2100 2367 2225 2411; x_wconf 90' lang='lat' dir='ltr'><strong>sunt</strong></span> <span class='ocrx_word' id='word_1_422' title='bbox 2274 2359 2539 2426; x_wconf 90' lang='lat' dir='ltr'><strong>pascenda</strong></span> <span class='ocrx_word' id='word_1_423' title='bbox 2574 2360 2852 2426; x_wconf 86' lang='lat' dir='ltr'><strong>diseerpit.</strong></span> <span class='ocrx_word' id='word_1_424' title='bbox 2893 2361 2998 2413; x_wconf 63' lang='lat' dir='ltr'><strong>Illae</strong></span> <span class='ocrx_word' id='word_1_425' title='bbox 3028 2378 3261 2431; x_wconf 80' lang='lat' dir='ltr'><strong>namque</strong></span> <span class='ocrx_word' id='word_1_426' title='bbox 3320 2379 3406 2430; x_wconf 85' lang='lat' dir='ltr'><strong>ea,</strong></span> 
     </span>
    </p>
   </div>
   <div class='ocr_carea' id='block_1_63' title="bbox 1829 2447 3408 2520">
    <p class='ocr_par' dir='ltr' id='par_1_63' title="bbox 1829 2447 3408 2520">
     <span class='ocr_line' id='line_1_63' title="bbox 1829 2447 3408 2520; baseline 0.006 -22"><span class='ocrx_word' id='word_1_427' title='bbox 1829 2461 1946 2515; x_wconf 76' lang='lat' dir='ltr'><strong>qua:</strong></span> <span class='ocrx_word' id='word_1_428' title='bbox 1981 2455 2105 2499; x_wconf 89' lang='lat' dir='ltr'><strong>sunt</strong></span> <span class='ocrx_word' id='word_1_429' title='bbox 2129 2447 2370 2515; x_wconf 86' lang='lat' dir='ltr'><strong>dispersa</strong></span> <span class='ocrx_word' id='word_1_430' title='bbox 2420 2456 2474 2501; x_wconf 88' lang='lat' dir='ltr'><strong>et</strong></span> <span class='ocrx_word' id='word_1_431' title='bbox 2502 2462 2529 2500; x_wconf 90' lang='lat' dir='ltr'><strong>a</strong></span> <span class='ocrx_word' id='word_1_432' title='bbox 2559 2462 2721 2517; x_wconf 89' lang='lat' dir='ltr'><strong>grege</strong></span> <span class='ocrx_word' id='word_1_433' title='bbox 2764 2449 2959 2511; x_wconf 88' lang='lat' dir='ltr'><strong>divisa,</strong></span> <span class='ocrx_word' id='word_1_434' title='bbox 2997 2452 3275 2520; x_wconf 85' lang='lat' dir='ltr'><strong>rapientes</strong></span> <span class='ocrx_word' id='word_1_435' title='bbox 3331 2455 3408 2508; x_wconf 86' lang='lat' dir='ltr'><strong>di-</strong></span> 
     </span>
    </p>
   </div>
   <div class='ocr_carea' id='block_1_64' title="bbox 1833 2538 3408 2611">
    <p class='ocr_par' dir='ltr' id='par_1_64' title="bbox 1833 2538 3408 2611">
     <span class='ocr_line' id='line_1_64' title="bbox 1833 2538 3408 2611; baseline 0.006 -21"><span class='ocrx_word' id='word_1_436' title='bbox 1833 2538 2069 2591; x_wconf 88' lang='lat' dir='ltr'><strong>lacerant</strong></span> <span class='ocrx_word' id='word_1_437' title='bbox 2098 2555 2111 2597; x_wconf 82' lang='lat'><strong>;</strong></span> <span class='ocrx_word' id='word_1_438' title='bbox 2137 2538 2223 2593; x_wconf 85' lang='lat' dir='ltr'><strong>hic</strong></span> <span class='ocrx_word' id='word_1_439' title='bbox 2256 2549 2435 2592; x_wconf 88' lang='lat' dir='ltr'><strong>autem</strong></span> <span class='ocrx_word' id='word_1_440' title='bbox 2469 2540 2519 2592; x_wconf 90' lang='lat' dir='ltr'><strong>in</strong></span> <span class='ocrx_word' id='word_1_441' title='bbox 2571 2541 2745 2593; x_wconf 87' lang='lat' dir='ltr'><strong>medio</strong></span> <span class='ocrx_word' id='word_1_442' title='bbox 2774 2545 2952 2611; x_wconf 85' lang='lat' dir='ltr'><strong>gregis</strong></span> <span class='ocrx_word' id='word_1_443' title='bbox 3002 2544 3299 2608; x_wconf 75' lang='lat' dir='ltr'><strong>exsistens,</strong></span> <span class='ocrx_word' id='word_1_444' title='bbox 3354 2556 3408 2600; x_wconf 88' lang='lat' dir='ltr'><strong>et</strong></span> 
     </span>
    </p>
   </div>
   <div class='ocr_carea' id='block_1_65' title="bbox 1831 2629 3405 2696">
    <p class='ocr_par' dir='ltr' id='par_1_65' title="bbox 1831 2629 3405 2696">
     <span class='ocr_line' id='line_1_65' title="bbox 1831 2629 3405 2696; baseline 0.006 -14"><span class='ocrx_word' id='word_1_445' title='bbox 1831 2629 2072 2682; x_wconf 81' lang='lat' dir='ltr'><strong>salvator</strong></span> <span class='ocrx_word' id='word_1_446' title='bbox 2125 2641 2402 2696; x_wconf 88' lang='lat' dir='ltr'><strong>reputatus</strong></span> <span class='ocrx_word' id='word_1_447' title='bbox 2455 2640 2503 2684; x_wconf 89' lang='lat' dir='ltr'><strong>et</strong></span> <span class='ocrx_word' id='word_1_448' title='bbox 2561 2642 2747 2684; x_wconf 87' lang='lat' dir='ltr'><strong>custos</strong></span> <span class='ocrx_word' id='word_1_449' title='bbox 2793 2632 3046 2687; x_wconf 87' lang='lat' dir='ltr'><strong>latentem</strong></span> <span class='ocrx_word' id='word_1_450' title='bbox 3076 2650 3317 2691; x_wconf 88' lang='lat' dir='ltr'><strong>errorem</strong></span> <span class='ocrx_word' id='word_1_451' title='bbox 3352 2639 3405 2691; x_wconf 91' lang='lat' dir='ltr'><strong>in</strong></span> 
     </span>
    </p>
   </div>
   <div class='ocr_carea' id='block_1_66' title="bbox 1831 2723 3408 2795">
    <p class='ocr_par' dir='ltr' id='par_1_66' title="bbox 1831 2723 3408 2795">
     <span class='ocr_line' id='line_1_66' title="bbox 1831 2723 3408 2795; baseline 0.004 -20"><span class='ocrx_word' id='word_1_452' title='bbox 1831 2738 1951 2782; x_wconf 86' lang='lat' dir='ltr'><strong>eos.</strong></span> <span class='ocrx_word' id='word_1_453' title='bbox 1978 2725 2070 2791; x_wconf 90' lang='lat' dir='ltr'><strong>qtti</strong></span> <span class='ocrx_word' id='word_1_454' title='bbox 2109 2723 2181 2775; x_wconf 87' lang='lat' dir='ltr'><strong>illi</strong></span> <span class='ocrx_word' id='word_1_455' title='bbox 2215 2732 2425 2789; x_wconf 88' lang='lat' dir='ltr'><strong>parent,</strong></span> <span class='ocrx_word' id='word_1_456' title='bbox 2464 2723 2774 2777; x_wconf 85' lang='lat' dir='ltr'><strong>introducit.</strong></span> <span class='ocrx_word' id='word_1_457' title='bbox 2824 2724 2975 2789; x_wconf 87' lang='lat' dir='ltr'><strong>Quod</strong></span> <span class='ocrx_word' id='word_1_458' title='bbox 3035 2728 3176 2780; x_wconf 87' lang='lat' dir='ltr'><strong>enim</strong></span> <span class='ocrx_word' id='word_1_459' title='bbox 3222 2738 3408 2795; x_wconf 78' lang='lat' dir='ltr'><strong>aperte</strong></span> 
     </span>
    </p>
   </div>
   <div class='ocr_carea' id='block_1_67' title="bbox 1826 2814 3405 2884">
    <p class='ocr_par' dir='ltr' id='par_1_67' title="bbox 1826 2814 3405 2884">
     <span class='ocr_line' id='line_1_67' title="bbox 1826 2814 3405 2884; baseline 0.004 -16"><span class='ocrx_word' id='word_1_460' title='bbox 1826 2824 2118 2884; x_wconf 85' lang='lat' dir='ltr'><strong>oppugnat,</strong></span> <span class='ocrx_word' id='word_1_461' title='bbox 2145 2815 2425 2868; x_wconf 84' lang='lat' dir='ltr'><strong>observari</strong></span> <span class='ocrx_word' id='word_1_462' title='bbox 2458 2814 2612 2867; x_wconf 80' lang='lat' dir='ltr'><strong>facile</strong></span> <span class='ocrx_word' id='word_1_463' title='bbox 2642 2826 2723 2867; x_wconf 90' lang='lat' dir='ltr'><strong>est</strong></span> <span class='ocrx_word' id='word_1_464' title='bbox 2753 2832 2766 2879; x_wconf 91' lang='lat'>;</span> <span class='ocrx_word' id='word_1_465' title='bbox 2798 2820 2939 2883; x_wconf 87' lang='lat' dir='ltr'><strong>quod</strong></span> <span class='ocrx_word' id='word_1_466' title='bbox 2974 2833 3099 2873; x_wconf 83' lang='lat' dir='ltr'><strong>vero</strong></span> <span class='ocrx_word' id='word_1_467' title='bbox 3130 2822 3228 2872; x_wconf 85' lang='lat' dir='ltr'><strong>sub</strong></span> <span class='ocrx_word' id='word_1_468' title='bbox 3273 2822 3405 2874; x_wconf 85' lang='lat' dir='ltr'><strong>ami-</strong></span> 
     </span>
    </p>
   </div>
   <div class='ocr_carea' id='block_1_68' title="bbox 1826 2906 3403 2976">
    <p class='ocr_par' dir='ltr' id='par_1_68' title="bbox 1826 2906 3403 2976">
     <span class='ocr_line' id='line_1_68' title="bbox 1826 2906 3403 2976; baseline 0.004 -17"><span class='ocrx_word' id='word_1_469' title='bbox 1826 2909 1969 2960; x_wconf 69' lang='lat' dir='ltr'><strong>citia:</strong></span> <span class='ocrx_word' id='word_1_470' title='bbox 2017 2907 2196 2973; x_wconf 78' lang='lat' dir='ltr'><strong>specie</strong></span> <span class='ocrx_word' id='word_1_471' title='bbox 2251 2906 2478 2958; x_wconf 82' lang='lat' dir='ltr'><strong>insidias</strong></span> <span class='ocrx_word' id='word_1_472' title='bbox 2545 2916 2721 2973; x_wconf 78' lang='lat' dir='ltr'><strong>parat,</strong></span> <span class='ocrx_word' id='word_1_473' title='bbox 2765 2908 2972 2959; x_wconf 81' lang='lat' dir='ltr'><strong>invenit</strong></span> <span class='ocrx_word' id='word_1_474' title='bbox 3026 2924 3182 2976; x_wconf 89' lang='lat' dir='ltr'><strong>eum;</strong></span> <span class='ocrx_word' id='word_1_475' title='bbox 3217 2923 3403 2965; x_wconf 86' lang='lat' dir='ltr'><strong>contra</strong></span> 
     </span>
    </p>
   </div>
   <div class='ocr_carea' id='block_1_69' title="bbox 1827 2998 3401 3068">
    <p class='ocr_par' dir='ltr' id='par_1_69' title="bbox 1827 2998 3401 3068">
     <span class='ocr_line' id='line_1_69' title="bbox 1827 2998 3401 3068; baseline 0.003 -16"><span class='ocrx_word' id='word_1_476' title='bbox 1827 3016 1985 3068; x_wconf 81' lang='lat' dir='ltr'><strong>quem</strong></span> <span class='ocrx_word' id='word_1_477' title='bbox 2021 3007 2242 3068; x_wconf 83' lang='lat' dir='ltr'><strong>pugnat,</strong></span> <span class='ocrx_word' id='word_1_478' title='bbox 2275 2998 2576 3063; x_wconf 88' lang='lat' dir='ltr'><strong>incautum,</strong></span> <span class='ocrx_word' id='word_1_479' title='bbox 2617 3000 2775 3068; x_wconf 85' lang='lat' dir='ltr'><strong>eique</strong></span> <span class='ocrx_word' id='word_1_480' title='bbox 2814 2998 2967 3053; x_wconf 80' lang='lat' dir='ltr'><strong>facile</strong></span> <span class='ocrx_word' id='word_1_481' title='bbox 3009 3000 3171 3055; x_wconf 81' lang='lat' dir='ltr'><strong>infert</strong></span> <span class='ocrx_word' id='word_1_482' title='bbox 3224 3000 3401 3056; x_wconf 67' lang='lat' dir='ltr'><strong>lmsio-</strong></span> 
     </span>
    </p>
   </div>
   <div class='ocr_carea' id='block_1_70' title="bbox 1829 3090 3402 3161">
    <p class='ocr_par' dir='ltr' id='par_1_70' title="bbox 1829 3090 3402 3161">
     <span class='ocr_line' id='line_1_70' title="bbox 1829 3090 3402 3161; baseline 0.003 -18"><span class='ocrx_word' id='word_1_483' title='bbox 1829 3105 1972 3152; x_wconf 87' lang='lat' dir='ltr'><strong>nem,</strong></span> <span class='ocrx_word' id='word_1_484' title='bbox 2029 3092 2169 3143; x_wconf 87' lang='lat' dir='ltr'><strong>unde</strong></span> <span class='ocrx_word' id='word_1_485' title='bbox 2238 3090 2301 3141; x_wconf 90' lang='lat' dir='ltr'><strong>iis</strong></span> <span class='ocrx_word' id='word_1_486' title='bbox 2352 3090 2441 3157; x_wconf 91' lang='lat' dir='ltr'><strong>qui</strong></span> <span class='ocrx_word' id='word_1_487' title='bbox 2497 3092 2735 3144; x_wconf 80' lang='lat' dir='ltr'><strong>exterius</strong></span> <span class='ocrx_word' id='word_1_488' title='bbox 2796 3102 3125 3161; x_wconf 84' lang='lat' dir='ltr'><strong>Oppugnant,</strong></span> <span class='ocrx_word' id='word_1_489' title='bbox 3177 3093 3402 3148; x_wconf 85' lang='lat' dir='ltr'><strong>interius</strong></span> 
     </span>
    </p>
   </div>
   <div class='ocr_carea' id='block_1_71' title="bbox 1826 3182 3400 3255">
    <p class='ocr_par' dir='ltr' id='par_1_71' title="bbox 1826 3182 3400 3255">
     <span class='ocr_line' id='line_1_71' title="bbox 1826 3182 3400 3255; baseline 0.004 -24"><span class='ocrx_word' id='word_1_490' title='bbox 1826 3191 2124 3249; x_wconf 80' lang='lat' dir='ltr'><strong>pugnantes</strong></span> <span class='ocrx_word' id='word_1_491' title='bbox 2150 3191 2273 3234; x_wconf 89' lang='lat' dir='ltr'><strong>sunt</strong></span> <span class='ocrx_word' id='word_1_492' title='bbox 2303 3183 2574 3236; x_wconf 64' lang='lat' dir='ltr'><strong>saeviores.</strong></span> <span class='ocrx_word' id='word_1_493' title='bbox 2607 3182 2719 3235; x_wconf 85' lang='lat' dir='ltr'><strong>Hoc</strong></span> <span class='ocrx_word' id='word_1_494' title='bbox 2752 3197 2835 3234; x_wconf 90' lang='lat' dir='ltr'><strong>me</strong></span> <span class='ocrx_word' id='word_1_495' title='bbox 2869 3184 3037 3237; x_wconf 90' lang='lat' dir='ltr'><strong>multo</strong></span> <span class='ocrx_word' id='word_1_496' title='bbox 3072 3185 3239 3255; x_wconf 87' lang='lat' dir='ltr'><strong>magis</strong></span> <span class='ocrx_word' id='word_1_497' title='bbox 3263 3199 3400 3241; x_wconf 64' lang='lat' dir='ltr'><strong>con.</strong></span> 
     </span>
    </p>
   </div>
   <div class='ocr_carea' id='block_1_72' title="bbox 1827 3272 3395 3341">
    <p class='ocr_par' dir='ltr' id='par_1_72' title="bbox 1827 3272 3395 3341">
     <span class='ocr_line' id='line_1_72' title="bbox 1827 3272 3395 3341; baseline 0.005 -19"><span class='ocrx_word' id='word_1_498' title='bbox 1827 3273 2025 3333; x_wconf 86' lang='lat' dir='ltr'><strong>triSIat,</strong></span> <span class='ocrx_word' id='word_1_499' title='bbox 2049 3274 2190 3340; x_wconf 84' lang='lat' dir='ltr'><strong>quod</strong></span> <span class='ocrx_word' id='word_1_500' title='bbox 2217 3273 2314 3326; x_wconf 88' lang='lat' dir='ltr'><strong>sub</strong></span> <span class='ocrx_word' id='word_1_501' title='bbox 2342 3272 2560 3339; x_wconf 88' lang='lat' dir='ltr'><strong>pietatis</strong></span> <span class='ocrx_word' id='word_1_502' title='bbox 2591 3272 2807 3325; x_wconf 87' lang='lat' dir='ltr'><strong>nomine</strong></span> <span class='ocrx_word' id='word_1_503' title='bbox 2829 3283 2991 3341; x_wconf 89' lang='lat' dir='ltr'><strong>atque</strong></span> <span class='ocrx_word' id='word_1_504' title='bbox 3028 3272 3199 3339; x_wconf 71' lang='lat' dir='ltr'><strong>figura</strong></span> <span class='ocrx_word' id='word_1_505' title='bbox 3253 3286 3307 3330; x_wconf 89' lang='lat' dir='ltr'><strong>et</strong></span> <span class='ocrx_word' id='word_1_506' title='bbox 3342 3276 3395 3330; x_wconf 90' lang='lat' dir='ltr'><strong>in</strong></span> 
     </span>
    </p>
   </div>
   <div class='ocr_carea' id='block_1_73' title="bbox 1824 3361 3398 3430">
    <p class='ocr_par' dir='ltr' id='par_1_73' title="bbox 1824 3361 3398 3430">
     <span class='ocr_line' id='line_1_73' title="bbox 1824 3361 3398 3430; baseline 0.003 -17"><span class='ocrx_word' id='word_1_507' title='bbox 1824 3363 2059 3430; x_wconf 84' lang='lat' dir='ltr'><strong>pastoris</strong></span> <span class='ocrx_word' id='word_1_508' title='bbox 2097 3362 2358 3430; x_wconf 83' lang='lat' dir='ltr'><strong>dignitate</strong></span> <span class='ocrx_word' id='word_1_509' title='bbox 2390 3362 2712 3426; x_wconf 89' lang='lat' dir='ltr'><strong>consistens,</strong></span> <span class='ocrx_word' id='word_1_510' title='bbox 2748 3361 2798 3413; x_wconf 90' lang='lat' dir='ltr'><strong>in</strong></span> <span class='ocrx_word' id='word_1_511' title='bbox 2849 3363 3127 3417; x_wconf 70' lang='lat' dir='ltr'><strong>litereticas</strong></span> <span class='ocrx_word' id='word_1_512' title='bbox 3173 3376 3224 3418; x_wconf 90' lang='lat' dir='ltr'><strong>et</strong></span> <span class='ocrx_word' id='word_1_513' title='bbox 3257 3366 3398 3419; x_wconf 80' lang='lat' dir='ltr'><strong>blas—</strong></span> 
     </span>
    </p>
   </div>
   <div class='ocr_carea' id='block_1_74' title="bbox 1852 3452 3397 3525">
    <p class='ocr_par' dir='ltr' id='par_1_74' title="bbox 1852 3452 3397 3525">
     <span class='ocr_line' id='line_1_74' title="bbox 1852 3452 3397 3525; baseline 0.005 -21"><span class='ocrx_word' id='word_1_514' title='bbox 1852 3453 2072 3519; x_wconf 85' lang='lat' dir='ltr'><strong>phemas</strong></span> <span class='ocrx_word' id='word_1_515' title='bbox 2100 3468 2257 3506; x_wconf 89' lang='lat' dir='ltr'><strong>voces</strong></span> <span class='ocrx_word' id='word_1_516' title='bbox 2284 3452 2537 3521; x_wconf 88' lang='lat' dir='ltr'><strong>erumpit;</strong></span> <span class='ocrx_word' id='word_1_517' title='bbox 2570 3462 2624 3506; x_wconf 90' lang='lat' dir='ltr'><strong>et</strong></span> <span class='ocrx_word' id='word_1_518' title='bbox 2656 3452 2854 3506; x_wconf 91' lang='lat' dir='ltr'><strong>dudum</strong></span> <span class='ocrx_word' id='word_1_519' title='bbox 2878 3455 3201 3510; x_wconf 76' lang='lat' dir='ltr'><strong>exstinctam</strong></span> <span class='ocrx_word' id='word_1_520' title='bbox 3230 3457 3397 3525; x_wconf 82' lang='lat' dir='ltr'><strong>Apol-</strong></span> 
     </span>
    </p>
   </div>
   <div class='ocr_carea' id='block_1_75' title="bbox 1823 3545 3394 3614">
    <p class='ocr_par' dir='ltr' id='par_1_75' title="bbox 1823 3545 3394 3614">
     <span class='ocr_line' id='line_1_75' title="bbox 1823 3545 3394 3614; baseline 0.005 -18"><span class='ocrx_word' id='word_1_521' title='bbox 1823 3545 2006 3598; x_wconf 88' lang='lat' dir='ltr'><strong>linarii</strong></span> <span class='ocrx_word' id='word_1_522' title='bbox 2037 3546 2254 3599; x_wconf 90' lang='lat' dir='ltr'><strong>inanem</strong></span> <span class='ocrx_word' id='word_1_523' title='bbox 2283 3545 2443 3599; x_wconf 85' lang='lat' dir='ltr'><strong>simul</strong></span> <span class='ocrx_word' id='word_1_524' title='bbox 2476 3546 2805 3614; x_wconf 87' lang='lat' dir='ltr'><strong>impiamque</strong></span> <span class='ocrx_word' id='word_1_525' title='bbox 2827 3548 3124 3601; x_wconf 81' lang='lat' dir='ltr'><strong>doctrinam</strong></span> <span class='ocrx_word' id='word_1_526' title='bbox 3148 3559 3394 3607; x_wconf 81' lang='lat' dir='ltr'><strong>renovat.</strong></span> 
     </span>
    </p>
   </div>
   <div class='ocr_carea' id='block_1_76' title="bbox 1822 3634 3396 3704">
    <p class='ocr_par' dir='ltr' id='par_1_76' title="bbox 1822 3634 3396 3704">
     <span class='ocr_line' id='line_1_76' title="bbox 1822 3634 3396 3704; baseline 0.004 -16"><span class='ocrx_word' id='word_1_527' title='bbox 1822 3634 2131 3702; x_wconf 75' lang='lat' dir='ltr'><strong>Soperltzee</strong></span> <span class='ocrx_word' id='word_1_528' title='bbox 2159 3646 2337 3689; x_wconf 88' lang='lat' dir='ltr'><strong>autem</strong></span> <span class='ocrx_word' id='word_1_529' title='bbox 2372 3653 2476 3690; x_wconf 91' lang='lat' dir='ltr'><strong>non</strong></span> <span class='ocrx_word' id='word_1_530' title='bbox 2531 3636 2702 3689; x_wconf 91' lang='lat' dir='ltr'><strong>solum</strong></span> <span class='ocrx_word' id='word_1_531' title='bbox 2739 3638 2864 3691; x_wconf 85' lang='lat' dir='ltr'><strong>talia</strong></span> <span class='ocrx_word' id='word_1_532' title='bbox 2919 3641 3146 3704; x_wconf 88' lang='lat' dir='ltr'><strong>sentire,</strong></span> <span class='ocrx_word' id='word_1_533' title='bbox 3197 3642 3290 3693; x_wconf 89' lang='lat' dir='ltr'><strong>sed</strong></span> <span class='ocrx_word' id='word_1_534' title='bbox 3341 3649 3396 3695; x_wconf 88' lang='lat' dir='ltr'><strong>et</strong></span> 
     </span>
    </p>
   </div>
   <div class='ocr_carea' id='block_1_77' title="bbox 1818 3724 3395 3795">
    <p class='ocr_par' dir='ltr' id='par_1_77' title="bbox 1818 3724 3395 3795">
     <span class='ocr_line' id='line_1_77' title="bbox 1818 3724 3395 3795; baseline 0.005 -17"><span class='ocrx_word' id='word_1_535' title='bbox 1818 3726 1930 3779; x_wconf 83' lang='lat' dir='ltr'><strong>suis</strong></span> <span class='ocrx_word' id='word_1_536' title='bbox 1952 3724 2304 3795; x_wconf 78' lang='lat' dir='ltr'><strong>blaspliemiis</strong></span> <span class='ocrx_word' id='word_1_537' title='bbox 2332 3743 2436 3781; x_wconf 91' lang='lat' dir='ltr'><strong>non</strong></span> <span class='ocrx_word' id='word_1_538' title='bbox 2464 3730 2871 3783; x_wconf 81' lang='lat' dir='ltr'><strong>consentientes</strong></span> <span class='ocrx_word' id='word_1_539' title='bbox 2927 3731 3395 3786; x_wconf 76' lang='lat' dir='ltr'><strong>anatltematizare</strong></span> 
     </span>
    </p>
   </div>
   <div class='ocr_carea' id='block_1_78' title="bbox 1816 3818 3391 3890">
    <p class='ocr_par' dir='ltr' id='par_1_78' title="bbox 1816 3818 3391 3890">
     <span class='ocr_line' id='line_1_78' title="bbox 1816 3818 3391 3890; baseline 0.006 -23"><span class='ocrx_word' id='word_1_540' title='bbox 1816 3819 2222 3883; x_wconf 72' lang='lat' dir='ltr'><strong>praesumpserit</strong></span> <span class='ocrx_word' id='word_1_541' title='bbox 2254 3836 2265 3870; x_wconf 87' lang='lat'><strong>:</strong></span> <span class='ocrx_word' id='word_1_542' title='bbox 2327 3818 2372 3873; x_wconf 86' lang='lat' dir='ltr'><strong>si</strong></span> <span class='ocrx_word' id='word_1_543' title='bbox 2406 3829 2582 3873; x_wconf 88' lang='lat' dir='ltr'><strong>tamen</strong></span> <span class='ocrx_word' id='word_1_544' title='bbox 2615 3820 2781 3888; x_wconf 89' lang='lat' dir='ltr'><strong>ipsius</strong></span> <span class='ocrx_word' id='word_1_545' title='bbox 2817 3821 2917 3873; x_wconf 90' lang='lat' dir='ltr'><strong>ista</strong></span> <span class='ocrx_word' id='word_1_546' title='bbox 2961 3829 3087 3873; x_wconf 90' lang='lat' dir='ltr'><strong>sunt</strong></span> <span class='ocrx_word' id='word_1_547' title='bbox 3124 3823 3391 3890; x_wconf 86' lang='lat' dir='ltr'><strong>germina,</strong></span> 
     </span>
    </p>
   </div>
   <div class='ocr_carea' id='block_1_79' title="bbox 1815 3906 3389 3980">
    <p class='ocr_par' dir='ltr' id='par_1_79' title="bbox 1815 3906 3389 3980">
     <span class='ocr_line' id='line_1_79' title="bbox 1815 3906 3389 3980; baseline 0.007 -24"><span class='ocrx_word' id='word_1_548' title='bbox 1815 3914 1867 3957; x_wconf 90' lang='lat' dir='ltr'><strong>et</strong></span> <span class='ocrx_word' id='word_1_549' title='bbox 1898 3920 2001 3957; x_wconf 91' lang='lat' dir='ltr'><strong>non</strong></span> <span class='ocrx_word' id='word_1_550' title='bbox 2038 3906 2379 3960; x_wconf 88' lang='lat' dir='ltr'><strong>inimicorum</strong></span> <span class='ocrx_word' id='word_1_551' title='bbox 2413 3908 2679 3977; x_wconf 84' lang='lat' dir='ltr'><strong>quispiam</strong></span> <span class='ocrx_word' id='word_1_552' title='bbox 2730 3911 2995 3975; x_wconf 78' lang='lat' dir='ltr'><strong>veritatis,</strong></span> <span class='ocrx_word' id='word_1_553' title='bbox 3023 3920 3275 3980; x_wconf 85' lang='lat' dir='ltr'><strong>tanquam</strong></span> <span class='ocrx_word' id='word_1_554' title='bbox 3325 3928 3389 3967; x_wconf 69' lang='lat' dir='ltr'><strong>ev</strong></span> 
     </span>
    </p>
   </div>
   <div class='ocr_carea' id='block_1_80' title="bbox 1816 3993 3390 4066">
    <p class='ocr_par' dir='ltr' id='par_1_80' title="bbox 1816 3993 3390 4066">
     <span class='ocr_line' id='line_1_80' title="bbox 1816 3993 3390 4066; baseline 0.005 -19"><span class='ocrx_word' id='word_1_555' title='bbox 1816 3993 1906 4047; x_wconf 91' lang='lat' dir='ltr'><strong>illo</strong></span> <span class='ocrx_word' id='word_1_556' title='bbox 1929 3994 2042 4048; x_wconf 50' lang='lat' dir='ltr'><strong>haec</strong></span> <span class='ocrx_word' id='word_1_557' title='bbox 2073 4010 2421 4064; x_wconf 89' lang='lat' dir='ltr'><strong>componens,</strong></span> <span class='ocrx_word' id='word_1_558' title='bbox 2452 3999 2678 4065; x_wconf 89' lang='lat' dir='ltr'><strong>projecit</strong></span> <span class='ocrx_word' id='word_1_559' title='bbox 2710 3999 2758 4051; x_wconf 94' lang='lat' dir='ltr'><strong>in</strong></span> <span class='ocrx_word' id='word_1_560' title='bbox 2802 4000 3056 4066; x_wconf 88' lang='lat' dir='ltr'><strong>medium,</strong></span> <span class='ocrx_word' id='word_1_561' title='bbox 3090 4003 3390 4057; x_wconf 87' lang='lat' dir='ltr'><strong>secundum</strong></span> 
     </span>
    </p>
   </div>
   <div class='ocr_carea' id='block_1_81' title="bbox 1816 4088 3392 4161">
    <p class='ocr_par' dir='ltr' id='par_1_81' title="bbox 1816 4088 3392 4161">
     <span class='ocr_line' id='line_1_81' title="bbox 1816 4088 3392 4161; baseline 0.007 -20"><span class='ocrx_word' id='word_1_562' title='bbox 1816 4088 1965 4149; x_wconf 87' lang='lat' dir='ltr'><strong>illud,</strong></span> <span class='ocrx_word' id='word_1_563' title='bbox 1992 4091 2131 4156; x_wconf 85' lang='lat' dir='ltr'><strong>quod</strong></span> <span class='ocrx_word' id='word_1_564' title='bbox 2156 4100 2237 4144; x_wconf 87' lang='lat' dir='ltr'><strong>est</strong></span> <span class='ocrx_word' id='word_1_565' title='bbox 2272 4090 2323 4143; x_wconf 88' lang='lat' dir='ltr'><strong>in</strong></span> <span class='ocrx_word' id='word_1_566' title='bbox 2370 4090 2569 4155; x_wconf 85' lang='lat' dir='ltr'><strong>fabula,</strong></span> <span class='ocrx_word' id='word_1_567' title='bbox 2597 4108 2813 4161; x_wconf 88' lang='lat' dir='ltr'><strong>pounnn</strong></span> <span class='ocrx_word' id='word_1_568' title='bbox 2855 4095 3159 4160; x_wconf 76' lang='lat' dir='ltr'><strong>discordite,</strong></span> <span class='ocrx_word' id='word_1_569' title='bbox 3208 4097 3261 4151; x_wconf 91' lang='lat' dir='ltr'><strong>in</strong></span> <span class='ocrx_word' id='word_1_570' title='bbox 3313 4098 3392 4152; x_wconf 89' lang='lat' dir='ltr'><strong>al-</strong></span> 
     </span>
    </p>
   </div>
   <div class='ocr_carea' id='block_1_82' title="bbox 1817 4180 3391 4253">
    <p class='ocr_par' dir='ltr' id='par_1_82' title="bbox 1817 4180 3391 4253">
     <span class='ocr_line' id='line_1_82' title="bbox 1817 4180 3391 4253; baseline 0.009 -24"><span class='ocrx_word' id='word_1_571' title='bbox 1817 4185 1926 4231; x_wconf 88' lang='lat' dir='ltr'><strong>tmn</strong></span> <span class='ocrx_word' id='word_1_572' title='bbox 1977 4180 2247 4234; x_wconf 80' lang='lat' dir='ltr'><strong>flammam</strong></span> <span class='ocrx_word' id='word_1_573' title='bbox 2295 4183 2562 4237; x_wconf 85' lang='lat' dir='ltr'><strong>exaltans.</strong></span> <span class='ocrx_word' id='word_1_574' title='bbox 2598 4182 2708 4253; x_wconf 80' lang='lat' dir='ltr'><strong>Ego</strong></span> <span class='ocrx_word' id='word_1_575' title='bbox 2740 4185 2984 4252; x_wconf 87' lang='lat' dir='ltr'><strong>proinde,</strong></span> <span class='ocrx_word' id='word_1_576' title='bbox 3014 4187 3127 4238; x_wconf 84' lang='lat' dir='ltr'><strong>sive</strong></span> <span class='ocrx_word' id='word_1_577' title='bbox 3175 4187 3240 4251; x_wconf 90' lang='lat' dir='ltr'><strong>is,</strong></span> <span class='ocrx_word' id='word_1_578' title='bbox 3275 4188 3391 4243; x_wconf 84' lang='lat' dir='ltr'><strong>sive</strong></span> 
     </span>
    </p>
   </div>
   <div class='ocr_carea' id='block_1_83' title="bbox 1812 4271 3386 4347">
    <p class='ocr_par' dir='ltr' id='par_1_83' title="bbox 1812 4271 3386 4347">
     <span class='ocr_line' id='line_1_83' title="bbox 1812 4271 3386 4347; baseline 0.005 -24"><span class='ocrx_word' id='word_1_579' title='bbox 1812 4271 1947 4323; x_wconf 86' lang='lat' dir='ltr'><strong>alius</strong></span> <span class='ocrx_word' id='word_1_580' title='bbox 1982 4274 2249 4339; x_wconf 83' lang='lat' dir='ltr'><strong>quispiam</strong></span> <span class='ocrx_word' id='word_1_581' title='bbox 2276 4274 2416 4325; x_wconf 88' lang='lat' dir='ltr'><strong>velut</strong></span> <span class='ocrx_word' id='word_1_582' title='bbox 2451 4290 2516 4327; x_wconf 82' lang='lat' dir='ltr'><strong>ex</strong></span> <span class='ocrx_word' id='word_1_583' title='bbox 2550 4276 2692 4327; x_wconf 89' lang='lat' dir='ltr'><strong>illius</strong></span> <span class='ocrx_word' id='word_1_584' title='bbox 2726 4289 2955 4343; x_wconf 87' lang='lat' dir='ltr'><strong>persona</strong></span> <span class='ocrx_word' id='word_1_585' title='bbox 3022 4276 3137 4330; x_wconf 82' lang='lat' dir='ltr'><strong>inec</strong></span> <span class='ocrx_word' id='word_1_586' title='bbox 3167 4292 3386 4347; x_wconf 88' lang='lat' dir='ltr'><strong>compo-</strong></span> 
     </span>
    </p>
   </div>
   <div class='ocr_carea' id='block_1_84' title="bbox 1812 4362 3389 4437">
    <p class='ocr_par' dir='ltr' id='par_1_84' title="bbox 1812 4362 3389 4437">
     <span class='ocr_line' id='line_1_84' title="bbox 1812 4362 3389 4437; baseline 0.003 -20"><span class='ocrx_word' id='word_1_587' title='bbox 1812 4364 2005 4427; x_wconf 74' lang='lat' dir='ltr'><strong>suerit=</strong></span> <span class='ocrx_word' id='word_1_588' title='bbox 2036 4363 2239 4416; x_wconf 86' lang='lat' dir='ltr'><strong>auxilio</strong></span> <span class='ocrx_word' id='word_1_589' title='bbox 2264 4362 2400 4417; x_wconf 91' lang='lat' dir='ltr'><strong>lucis</strong></span> <span class='ocrx_word' id='word_1_590' title='bbox 2437 4365 2764 4417; x_wconf 83' lang='lat' dir='ltr'><strong>sanctissimi</strong></span> <span class='ocrx_word' id='word_1_591' title='bbox 2799 4365 3036 4431; x_wconf 83' lang='lat' dir='ltr'><strong>Spiritus</strong></span> <span class='ocrx_word' id='word_1_592' title='bbox 3067 4367 3132 4420; x_wconf 87' lang='lat' dir='ltr'><strong>ad</strong></span> <span class='ocrx_word' id='word_1_593' title='bbox 3170 4368 3389 4437; x_wconf 84' lang='lat' dir='ltr'><strong>inquisi-</strong></span> 
     </span>
    </p>
   </div>
   <div class='ocr_carea' id='block_1_85' title="bbox 1810 4458 3385 4529">
    <p class='ocr_par' dir='ltr' id='par_1_85' title="bbox 1810 4458 3385 4529">
     <span class='ocr_line' id='line_1_85' title="bbox 1810 4458 3385 4529; baseline 0.003 -18"><span class='ocrx_word' id='word_1_594' title='bbox 1810 4460 2009 4511; x_wconf 88' lang='lat' dir='ltr'><strong>tionem</strong></span> <span class='ocrx_word' id='word_1_595' title='bbox 2033 4472 2217 4526; x_wconf 69' lang='lat' dir='ltr'><strong>prava:</strong></span> <span class='ocrx_word' id='word_1_596' title='bbox 2246 4468 2297 4511; x_wconf 90' lang='lat' dir='ltr'><strong>et</strong></span> <span class='ocrx_word' id='word_1_597' title='bbox 2323 4458 2589 4511; x_wconf 62' lang='lat' dir='ltr'><strong>haeretica:</strong></span> <span class='ocrx_word' id='word_1_598' title='bbox 2618 4458 2891 4527; x_wconf 83' lang='lat' dir='ltr'><strong>Opinionis</strong></span> <span class='ocrx_word' id='word_1_599' title='bbox 2928 4476 3075 4523; x_wconf 84' lang='lat' dir='ltr'><strong>usus,</strong></span> <span class='ocrx_word' id='word_1_600' title='bbox 3108 4476 3205 4529; x_wconf 89' lang='lat' dir='ltr'><strong>pro</strong></span> <span class='ocrx_word' id='word_1_601' title='bbox 3230 4464 3385 4516; x_wconf 88' lang='lat' dir='ltr'><strong>modo</strong></span> 
     </span>
    </p>
   </div>
   <div class='ocr_carea' id='block_1_86' title="bbox 1809 4546 3384 4619">
    <p class='ocr_par' dir='ltr' id='par_1_86' title="bbox 1809 4546 3384 4619">
     <span class='ocr_line' id='line_1_86' title="bbox 1809 4546 3384 4619; baseline 0.004 -18"><span class='ocrx_word' id='word_1_602' title='bbox 1809 4564 2082 4603; x_wconf 69' lang='lat' dir='ltr'><strong>concessa:</strong></span> <span class='ocrx_word' id='word_1_603' title='bbox 2116 4548 2243 4601; x_wconf 78' lang='lat' dir='ltr'><strong>milii</strong></span> <span class='ocrx_word' id='word_1_604' title='bbox 2273 4546 2564 4609; x_wconf 86' lang='lat' dir='ltr'><strong>facultatis,</strong></span> <span class='ocrx_word' id='word_1_605' title='bbox 2608 4550 2781 4617; x_wconf 91' lang='lat' dir='ltr'><strong>quoad</strong></span> <span class='ocrx_word' id='word_1_606' title='bbox 2826 4549 2940 4602; x_wconf 89' lang='lat' dir='ltr'><strong>fleri</strong></span> <span class='ocrx_word' id='word_1_607' title='bbox 2982 4551 3172 4619; x_wconf 90' lang='lat' dir='ltr'><strong>potuit,</strong></span> <span class='ocrx_word' id='word_1_608' title='bbox 3201 4566 3263 4605; x_wconf 88' lang='lat' dir='ltr'><strong>ea</strong></span> <span class='ocrx_word' id='word_1_609' title='bbox 3300 4568 3384 4607; x_wconf 89' lang='lat' dir='ltr'><strong>re-</strong></span> 
     </span>
    </p>
   </div>
   <div class='ocr_carea' id='block_1_87' title="bbox 1809 4638 3383 4708">
    <p class='ocr_par' dir='ltr' id='par_1_87' title="bbox 1809 4638 3383 4708">
     <span class='ocr_line' id='line_1_87' title="bbox 1809 4638 3383 4708; baseline 0.001 -18"><span class='ocrx_word' id='word_1_610' title='bbox 1809 4638 1999 4700; x_wconf 80' lang='lat' dir='ltr'><strong>fotavi,</strong></span> <span class='ocrx_word' id='word_1_611' title='bbox 2065 4638 2446 4706; x_wconf 88' lang='lat' dir='ltr'><strong>doctrinasqne</strong></span> <span class='ocrx_word' id='word_1_612' title='bbox 2515 4638 2855 4707; x_wconf 85' lang='lat' dir='ltr'><strong>evangelicas</strong></span> <span class='ocrx_word' id='word_1_613' title='bbox 2938 4648 2991 4691; x_wconf 92' lang='lat' dir='ltr'><strong>et</strong></span> <span class='ocrx_word' id='word_1_614' title='bbox 3053 4640 3383 4708; x_wconf 79' lang='lat' dir='ltr'><strong>apostolicas</strong></span> 
     </span>
    </p>
   </div>
   <div class='ocr_carea' id='block_1_88' title="bbox 1807 4728 3378 4797">
    <p class='ocr_par' dir='ltr' id='par_1_88' title="bbox 1807 4728 3378 4797">
     <span class='ocr_line' id='line_1_88' title="bbox 1807 4728 3378 4797; baseline 0 -16"><span class='ocrx_word' id='word_1_615' title='bbox 1807 4729 2052 4796; x_wconf 87' lang='lat' dir='ltr'><strong>opposui,</strong></span> <span class='ocrx_word' id='word_1_616' title='bbox 2086 4728 2245 4797; x_wconf 77' lang='lat'><strong>203</strong></span> <span class='ocrx_word' id='word_1_617' title='bbox 2273 4744 2335 4779; x_wconf 86' lang='lat' dir='ltr'><strong>ac</strong></span> <span class='ocrx_word' id='word_1_618' title='bbox 2358 4728 2623 4797; x_wconf 79' lang='lat' dir='ltr'><strong>dogmatis</strong></span> <span class='ocrx_word' id='word_1_619' title='bbox 2680 4729 3066 4782; x_wconf 85' lang='lat' dir='ltr'><strong>absurditatem</strong></span> <span class='ocrx_word' id='word_1_620' title='bbox 3126 4730 3378 4797; x_wconf 86' lang='lat' dir='ltr'><strong>patefeci,</strong></span> 
     </span>
    </p>
   </div>
   <div class='ocr_carea' id='block_1_89' title="bbox 1805 4819 3377 4888">
    <p class='ocr_par' dir='ltr' id='par_1_89' title="bbox 1805 4819 3377 4888">
     <span class='ocr_line' id='line_1_89' title="bbox 1805 4819 3377 4888; baseline -0.001 -14"><span class='ocrx_word' id='word_1_621' title='bbox 1805 4832 1857 4874; x_wconf 89' lang='lat' dir='ltr'><strong>et</strong></span> <span class='ocrx_word' id='word_1_622' title='bbox 1883 4830 2141 4888; x_wconf 87' lang='lat' dir='ltr'><strong>quantum</strong></span> <span class='ocrx_word' id='word_1_623' title='bbox 2171 4822 2439 4887; x_wconf 83' lang='lat' dir='ltr'><strong>diserepet</strong></span> <span class='ocrx_word' id='word_1_624' title='bbox 2472 4837 2498 4873; x_wconf 90' lang='lat' dir='ltr'><strong>a</strong></span> <span class='ocrx_word' id='word_1_625' title='bbox 2523 4820 2721 4873; x_wconf 87' lang='lat' dir='ltr'><strong>divinis</strong></span> <span class='ocrx_word' id='word_1_626' title='bbox 2750 4819 3114 4885; x_wconf 87' lang='lat' dir='ltr'><strong>dogmatibus,</strong></span> <span class='ocrx_word' id='word_1_627' title='bbox 3160 4821 3377 4888; x_wconf 88' lang='lat' dir='ltr'><strong>planum</strong></span> 
     </span>
    </p>
   </div>
   <div class='ocr_carea' id='block_1_90' title="bbox 1805 4910 3379 4979">
    <p class='ocr_par' dir='ltr' id='par_1_90' title="bbox 1805 4910 3379 4979">
     <span class='ocr_line' id='line_1_90' title="bbox 1805 4910 3379 4979; baseline 0.003 -16"><span class='ocrx_word' id='word_1_628' title='bbox 1805 4913 1932 4977; x_wconf 84' lang='lat' dir='ltr'><strong>feci,</strong></span> <span class='ocrx_word' id='word_1_629' title='bbox 1959 4927 2019 4966; x_wconf 89' lang='lat' dir='ltr'><strong>ea</strong></span> <span class='ocrx_word' id='word_1_630' title='bbox 2054 4914 2119 4964; x_wconf 87' lang='lat' dir='ltr'><strong>ad</strong></span> <span class='ocrx_word' id='word_1_631' title='bbox 2152 4914 2321 4965; x_wconf 88' lang='lat' dir='ltr'><strong>sancti</strong></span> <span class='ocrx_word' id='word_1_632' title='bbox 2351 4911 2585 4979; x_wconf 88' lang='lat' dir='ltr'><strong>Spiritus</strong></span> <span class='ocrx_word' id='word_1_633' title='bbox 2624 4910 2835 4978; x_wconf 83' lang='lat' dir='ltr'><strong>eloquia</strong></span> <span class='ocrx_word' id='word_1_634' title='bbox 2870 4912 3231 4978; x_wconf 82' lang='lat' dir='ltr'><strong>perpendens,</strong></span> <span class='ocrx_word' id='word_1_635' title='bbox 3283 4914 3379 4967; x_wconf 86' lang='lat' dir='ltr'><strong>do-</strong></span> 
     </span>
    </p>
   </div>
   <div class='ocr_carea' id='block_1_91' title="bbox 1804 5000 3371 5073">
    <p class='ocr_par' dir='ltr' id='par_1_91' title="bbox 1804 5000 3371 5073">
     <span class='ocr_line' id='line_1_91' title="bbox 1804 5000 3371 5073; baseline 0 -17"><span class='ocrx_word' id='word_1_636' title='bbox 1804 5018 2042 5073; x_wconf 88' lang='lat' dir='ltr'><strong>ceusque</strong></span> <span class='ocrx_word' id='word_1_637' title='bbox 2067 5004 2345 5073; x_wconf 86' lang='lat' dir='ltr'><strong>qualitera</strong></span> <span class='ocrx_word' id='word_1_638' title='bbox 2371 5000 2567 5054; x_wconf 71' lang='lat' dir='ltr'><strong>diVinis</strong></span> <span class='ocrx_word' id='word_1_639' title='bbox 2594 5000 2765 5053; x_wconf 86' lang='lat' dir='ltr'><strong>aliena</strong></span> <span class='ocrx_word' id='word_1_640' title='bbox 2801 5000 2907 5053; x_wconf 88' lang='lat' dir='ltr'><strong>sint</strong></span> <span class='ocrx_word' id='word_1_641' title='bbox 2931 5010 2983 5054; x_wconf 92' lang='lat' dir='ltr'><strong>et</strong></span> <span class='ocrx_word' id='word_1_642' title='bbox 3009 5002 3371 5057; x_wconf 86' lang='lat' dir='ltr'><strong>dissentanea.</strong></span> 
     </span>
    </p>
   </div>
   <div class='ocr_carea' id='block_1_92' title="bbox 1804 5092 3375 5152">
    <p class='ocr_par' dir='ltr' id='par_1_92' title="bbox 1804 5092 3375 5152">
     <span class='ocr_line' id='line_1_92' title="bbox 1804 5092 3375 5152; baseline -0.003 0"><span class='ocrx_word' id='word_1_643' title='bbox 1804 5098 2077 5152; x_wconf 84' lang='lat' dir='ltr'><strong>Adversus</strong></span> <span class='ocrx_word' id='word_1_644' title='bbox 2111 5104 2286 5146; x_wconf 86' lang='lat' dir='ltr'><strong>autem</strong></span> <span class='ocrx_word' id='word_1_645' title='bbox 2315 5092 2593 5145; x_wconf 86' lang='lat' dir='ltr'><strong>audaciam</strong></span> <span class='ocrx_word' id='word_1_646' title='bbox 2622 5093 3057 5145; x_wconf 81' lang='lat' dir='ltr'><strong>auathematismi</strong></span> <span class='ocrx_word' id='word_1_647' title='bbox 3095 5094 3195 5147; x_wconf 87' lang='lat' dir='ltr'><strong>hoc</strong></span> <span class='ocrx_word' id='word_1_648' title='bbox 3223 5095 3375 5147; x_wconf 75' lang='lat' dir='ltr'><strong>dixe-</strong></span> 
     </span>
    </p>
   </div>
   <div class='ocr_carea' id='block_1_93' title="bbox 1804 5181 3372 5252">
    <p class='ocr_par' dir='ltr' id='par_1_93' title="bbox 1804 5181 3372 5252">
     <span class='ocr_line' id='line_1_93' title="bbox 1804 5181 3372 5252; baseline -0.001 -12"><span class='ocrx_word' id='word_1_649' title='bbox 1804 5188 1925 5247; x_wconf 91' lang='lat' dir='ltr'><strong>rim,</strong></span> <span class='ocrx_word' id='word_1_650' title='bbox 1958 5198 2150 5252; x_wconf 89' lang='lat' dir='ltr'><strong>nempe</strong></span> <span class='ocrx_word' id='word_1_651' title='bbox 2182 5182 2406 5235; x_wconf 85' lang='lat' dir='ltr'><strong>Paulum</strong></span> <span class='ocrx_word' id='word_1_652' title='bbox 2442 5181 2803 5236; x_wconf 83' lang='lat' dir='ltr'><strong>clarissimum</strong></span> <span class='ocrx_word' id='word_1_653' title='bbox 2854 5183 3101 5237; x_wconf 89' lang='lat' dir='ltr'><strong>veritatis</strong></span> <span class='ocrx_word' id='word_1_654' title='bbox 3166 5199 3372 5251; x_wconf 75' lang='lat' dir='ltr'><strong>prteco-</strong></span> 
     </span>
    </p>
   </div>
   <div class='ocr_carea' id='block_1_94' title="bbox 1804 5273 3373 5340">
    <p class='ocr_par' dir='ltr' id='par_1_94' title="bbox 1804 5273 3373 5340">
     <span class='ocr_line' id='line_1_94' title="bbox 1804 5273 3373 5340; baseline -0.004 -7"><span class='ocrx_word' id='word_1_655' title='bbox 1804 5294 1921 5333; x_wconf 89' lang='lat' dir='ltr'><strong>nem</strong></span> <span class='ocrx_word' id='word_1_656' title='bbox 1959 5291 2147 5329; x_wconf 87' lang='lat' dir='ltr'><strong>ausmn</strong></span> <span class='ocrx_word' id='word_1_657' title='bbox 2168 5276 2328 5328; x_wconf 89' lang='lat' dir='ltr'><strong>etiam</strong></span> <span class='ocrx_word' id='word_1_658' title='bbox 2362 5275 2618 5327; x_wconf 84' lang='lat' dir='ltr'><strong>adversus</strong></span> <span class='ocrx_word' id='word_1_659' title='bbox 2650 5273 3027 5340; x_wconf 79' lang='lat' dir='ltr'><strong>angelos,illos</strong></span> <span class='ocrx_word' id='word_1_660' title='bbox 3055 5274 3373 5327; x_wconf 82' lang='lat' dir='ltr'><strong>anathema-</strong></span> 
     </span>
    </p>
   </div>
   <div class='ocr_carea' id='block_1_95' title="bbox 1803 5364 3368 5435">
    <p class='ocr_par' dir='ltr' id='par_1_95' title="bbox 1803 5364 3368 5435">
     <span class='ocr_line' id='line_1_95' title="bbox 1803 5364 3368 5435; baseline -0.004 -12"><span class='ocrx_word' id='word_1_661' title='bbox 1803 5372 2017 5431; x_wconf 83' lang='lat' dir='ltr'><strong>tizasse,</strong></span> <span class='ocrx_word' id='word_1_662' title='bbox 2090 5368 2178 5435; x_wconf 90' lang='lat' dir='ltr'><strong>qui</strong></span> <span class='ocrx_word' id='word_1_663' title='bbox 2242 5366 2547 5434; x_wconf 75' lang='lat' dir='ltr'><strong>evangelica</strong></span> <span class='ocrx_word' id='word_1_664' title='bbox 2599 5375 2652 5417; x_wconf 90' lang='lat' dir='ltr'><strong>et</strong></span> <span class='ocrx_word' id='word_1_665' title='bbox 2698 5364 2995 5433; x_wconf 88' lang='lat' dir='ltr'><strong>apostolica</strong></span> <span class='ocrx_word' id='word_1_666' title='bbox 3050 5365 3368 5417; x_wconf 86' lang='lat' dir='ltr'><strong>documenta</strong></span> 
     </span>
    </p>
   </div>
   <div class='ocr_carea' id='block_1_96' title="bbox 1802 5454 3365 5528">
    <p class='ocr_par' dir='ltr' id='par_1_96' title="bbox 1802 5454 3365 5528">
     <span class='ocr_line' id='line_1_96' title="bbox 1802 5454 3365 5528; baseline -0.006 -14"><span class='ocrx_word' id='word_1_667' title='bbox 1802 5468 2161 5528; x_wconf 81' lang='lat' dir='ltr'><strong>corruperant</strong></span> <span class='ocrx_word' id='word_1_668' title='bbox 2190 5458 2255 5519; x_wconf 75' lang='grc'>⁸⁵,</span> <span class='ocrx_word' id='word_1_669' title='bbox 2324 5465 2705 5525; x_wconf 85' lang='lat' dir='ltr'><strong>permanentes</strong></span> <span class='ocrx_word' id='word_1_670' title='bbox 2756 5464 2934 5509; x_wconf 88' lang='lat' dir='ltr'><strong>autem</strong></span> <span class='ocrx_word' id='word_1_671' title='bbox 2988 5454 3039 5507; x_wconf 91' lang='lat' dir='ltr'><strong>in</strong></span> <span class='ocrx_word' id='word_1_672' title='bbox 3086 5454 3304 5507; x_wconf 75' lang='lat' dir='ltr'><strong>traditis</strong></span> <span class='ocrx_word' id='word_1_673' title='bbox 3336 5470 3365 5505; x_wconf 91' lang='lat' dir='ltr'><strong>a</strong></span> 
     </span>
    </p>
   </div>
   <div class='ocr_carea' id='block_1_97' title="bbox 1804 5544 3365 5621">
    <p class='ocr_par' dir='ltr' id='par_1_97' title="bbox 1804 5544 3365 5621">
     <span class='ocr_line' id='line_1_97' title="bbox 1804 5544 3365 5621; baseline -0.008 -12"><span class='ocrx_word' id='word_1_674' title='bbox 1804 5554 2061 5621; x_wconf 84' lang='lat' dir='ltr'><strong>theologis</strong></span> <span class='ocrx_word' id='word_1_675' title='bbox 2123 5549 2359 5605; x_wconf 82' lang='lat' dir='ltr'><strong>decretis</strong></span> <span class='ocrx_word' id='word_1_676' title='bbox 2431 5563 2534 5601; x_wconf 88' lang='lat' dir='ltr'><strong>non</strong></span> <span class='ocrx_word' id='word_1_677' title='bbox 2597 5548 2763 5611; x_wconf 86' lang='lat' dir='ltr'><strong>item;</strong></span> <span class='ocrx_word' id='word_1_678' title='bbox 2832 5545 2963 5599; x_wconf 87' lang='lat' dir='ltr'><strong>tales</strong></span> <span class='ocrx_word' id='word_1_679' title='bbox 3012 5545 3153 5600; x_wconf 89' lang='lat' dir='ltr'><strong>enim</strong></span> <span class='ocrx_word' id='word_1_680' title='bbox 3204 5544 3365 5599; x_wconf 87' lang='lat' dir='ltr'><strong>etiam</strong></span> 
     </span>
    </p>
   </div>
  </div>
