4042 6484
608 419 709 476 391

1632 418 1689 475 S.
1734 417 2012 476 CYRILLI
2051 416 2526 474 ALEXANDRINI
2569 415 2889 472 ARCHIEP.

3765 415 3864 472 592

613 529 1080 588 benedictionibus
1146 532 1422 587 munivit:
1478 531 1704 588 dicens:
1769 550 1788 585 ι
1863 533 2183 602 Quicunque

2309 550 2392 586 ,ων
2427 531 2870 601 κατατολμήσας,
2893 527 2953 580 οὐ
2977 527 3103 589 τοὺς
3134 523 3472 596 ἐμμένοντας
3496 515 3609 588 τοῖς
3637 525 3865 579 δοθεῖσιν

613 625 754 678 hanc
780 621 1017 692 regulam
1041 631 1363 691 sequuntur,
1401 637 1500 690 pax
1531 637 1694 692 super
1738 623 1908 691 ipsos,
1935 632 1990 678 et
2027 625 2182 678 mise-

612 713 867 776 ricordia,
911 720 966 766 et
1020 727 1182 782 super
1224 712 1385 766 Israel
1433 711 1524 767 Dei
1554 713 1621 767 ⁸⁸.
1655 731 1672 764 ι
1724 713 1952 783 Colligat
2019 717 2183 782 igitur

612 803 918 858 istiusmodi
954 817 1264 858 sermonum
1293 813 1482 859 auctor
1515 819 1581 857 ex
1604 804 1896 872 apostolica
1931 820 2184 860 exsecra-

615 896 761 950 tione
782 893 1024 948 laborum
1050 908 1270 948 suorum
1289 895 1592 962 prmmia,et
1620 894 1992 951 haereticorum
2008 898 2182 953 semi-

615 997 742 1035 num
772 981 1096 1049 manipulos.
1117 979 1226 1035 Nos
1245 997 1372 1036 vero
1393 981 1839 1051 conquiescemus
1859 984 1911 1036 in
1935 984 2184 1040 doctrina

611 1082 924 1126 sanctorum
951 1071 1193 1126 Patrum.
1239 1071 1506 1128 Cal-terum
1567 1073 1693 1128 huic
1759 1074 2005 1142 epistola:
2056 1075 2186 1130 sub-

615 1166 889 1219 texuimus
907 1162 1361 1233 oppugnationes.
1388 1170 1449 1217 ut
1475 1177 1541 1218 ex
1567 1163 1683 1234 ipsa
1709 1163 1943 1220 lectione
1977 1166 2187 1236 perspi-

615 1257 749 1323 cias,
776 1271 841 1310 an
875 1256 1130 1310 haeretica
1180 1255 1517 1325 problemata
1578 1269 1800 1310 strenue
1845 1256 2182 1312 diluerimus.

613 1349 694 1403 Ad
725 1347 963 1418 singulos
985 1357 1164 1403 autem
1193 1348 1676 1403 anathematismos
1707 1363 1954 1403 seorsum
1984 1350 2188 1418 positos

615 1436 814 1506 protuli
841 1436 1248 1502 refutationem,
1274 1447 1330 1490 nt
1358 1438 1596 1493 lectores
1625 1435 1841 1491 facilius
1865 1437 2184 1508 intelligant,

616 1541 680 1580 ac
712 1527 990 1598 perspicua
1027 1527 1097 1580 sit
1129 1528 1438 1597 dogmatum
1476 1527 1804 1595 redargutio.

2287 622 2435 691 ὅροις
2483 621 2588 675 ὑπὸ
2636 620 2745 672 τῶν
2791 617 3056 686 θεολόγων
3103 616 3340 686 ἀνδρῶν’
3375 616 3597 679 τούτους
3627 617 3736 688 γὰρ
3777 619 3867 671 καὶ

2290 713 2563 781 εὐλογίαις
2587 711 2903 782 ὠχύρωσεν,
2929 709 3117 762 εἰπών·
3148 727 3165 759 ι
3196 708 3354 762 Ὀσοι
3379 708 3457 779 τῷ
3486 711 3669 762 κανόνι
3693 711 3868 779 τούτῳ

2292 805 2668 874 στοιχήσουσιν
2702 814 2751 865 ιι,
2800 802 2992 872 είρήνη
3027 803 3112 852 ἐπ’
3148 800 3367 863 αὐτοὺς,
3417 804 3512 854 καὶ
3561 801 3730 865 ἔλεος,
3778 804 3869 855 καὶ

2286 893 2384 945 ἐπὶ
2412 892 2502 945 τὸν
2542 892 2755 964 Ἰσραὴλ
2793 890 2886 945 τοῦ
2919 890 3076 946 Θεοῦ.
3115 910 3132 942 ›
3166 891 3461 960 Δρεπέσθω
3491 892 3672 945 τοίνυν
3704 895 3734 945 6
3763 893 3868 944 τῶν

2291 984 2464 1052 λόγων
2500 983 2704 1036 τούτων
2747 984 2929 1054 πατὴρ
2957 985 3022 1036 ἐκ
3063 983 3163 1054 τῆς
3190 983 3554 1053 ἅποστολικῆς
3583 985 3723 1052 ἀρᾶς
3762 984 3870 1035 τῶν

2293 1074 2507 1127 οἰκείων
2528 1074 2705 1126 πόνων
2734 1073 2800 1126 τά
2821 1073 3092 1144 ἐπίχειρα,
3121 1073 3213 1126 καὶ
3239 1074 3348 1125 τῶν
3379 1073 3672 1144 αἱρετικῶν
3703 1090 3873 1141 σπερο

2298 1164 2485 1235 μάτων
2519 1163 2586 1216 τὰ
2619 1162 2912 1233 δράγματα
2933 1165 3125 1234 ’ἡμεῖς
3161 1163 3218 1216 δὲ
3255 1166 3322 1235 τῇ
3357 1163 3466 1216 τῶν
3497 1164 3665 1232 ἁγίων
3698 1163 3873 1216 Πατέο

2296 1272 2406 1324 ρων
2449 1253 2799 1325 ἐμμενοῦμεν
2847 1254 3187 1326 διδασκαλίᾳ.
3230 1255 3504 1318 ’Υπέταξα
3543 1255 3600 1307 δὲ
3655 1254 3753 1306 καὶ
3779 1255 3876 1316 τὰς

2291 1346 2668 1417 γεγενημένας
2699 1348 3047 1418 ἀντιρρήσεις
3075 1345 3202 1417 τῇδέ
3233 1363 3335 1417 μου
3362 1349 3427 1418 τῇ
3481 1346 3764 1416 ἐπιστολῇ,
3791 1346 3874 1397 ἵνα

2294 1441 2562 1506 ἀναγνοὺς
2619 1439 2921 1509 δοκιμάσας
2949 1447 2996 1502 ν,
3033 1439 3081 1491 εί
3123 1438 3366 1502 δυνατῶς
3413 1439 3521 1491 τῶν
3581 1437 3875 1506 αἱρετικῶν

2295 1529 2700 1601 προϐλημάτων
2739 1530 2835 1600 τὴν
2881 1529 3033 1582 λύσιν
3082 1530 3479 1601 ἐποιησάμεθα.
3511 1530 3784 1584 Ἕκαστον
3819 1528 3876 1580 δὲ

614 1622 724 1674 τῶν
745 1619 1199 1692 άναθεματισμῶν
1228 1620 1350 1674 καθ’
1378 1621 1567 1674 ἐαυτὸν
1593 1619 1880 1685 τεθεικὼς,
1916 1621 2186 1692 ἐξήγαγον
2228 1623 2327 1690 τὴν
2397 1624 2739 1694 ἀντίρρησιν,
2774 1624 2920 1685 ὅπως
2951 1621 3016 1676 ἂν
3083 1623 3292 1695 ῥᾳδίως
3313 1627 3426 1688 τοῖς
3455 1622 3877 1694 ἐντυγχάνουσιν

615 1715 652 1786 ή
683 1713 1011 1785 κατανόησις
1036 1717 1282 1784 γένηται,
1333 1715 1427 1768 καὶ
1479 1717 1655 1788 σαφὴς
1694 1716 1802 1770 τῶν
1845 1718 2132 1788 δογμάτων
2173 1722 2200 1772 6
2236 1719 2481 1789 ἐλεγχος.

1223 1905 1796 1994 ΚΥΡΙΛΛΟΥ
1848 1908 2292 1994 ΑΡΧΙΕΠ.
2368 1899 3200 1998 ΑΛΕΞΑΝΔΡΕΙΑΣ

970 2082 1128 2155 Πρὸς
1154 2083 1298 2155 τοὺς
1330 2088 1675 2162 τολμῶντας
1698 2090 2059 2162 συνηγορεῖν
2093 2092 2218 2160 τοῖς
2245 2092 2575 2159 Νεστοριου
2606 2090 2924 2161 δόγμασιν,
2960 2090 3040 2158 ὡς
3073 2090 3260 2161 ὀρθῶς
3283 2089 3515 2160 ἔχουσι,

2012 2247 2358 2300 ΚΕΦΑΛΛΙΛ
2400 2247 2503 2300 ῐΒ’.

1035 2569 1522 2660 CYBILLI
1601 2567 2527 2659 ARCHIEPISCOPI
2622 2569 3443 2658 ALEXANDRI/E

913 2764 1226 2828 Adversus
1285 2780 1395 2826 eos
1457 2765 1560 2844 qui
1626 2762 1860 2825 audent
1914 2762 2183 2826 Nestorii
2246 2762 2685 2841 dogmatibus,
2759 2769 2826 2825 ut
2887 2761 3110 2837 rectis,
3176 2761 3600 2843 patrocinari,

1885 2925 2157 2987 CAPITA
2197 2925 2582 2987 DUODECIM
2595 2972 2607 2984 .

1043 3244 1684 3303 ANATHEMATISMUS
1725 3246 1764 3302 Ι.

692 3387 751 3444 Si
785 3384 908 3456 quis
936 3397 1042 3438 non
1073 3379 1362 3436 conﬁtetur
1410 3378 1821 3434 Emmanuelem
1867 3394 2000 3436 vere
2033 3380 2197 3438 Deum

621 3494 771 3546 esse,
801 3487 856 3531 et
883 3476 953 3530 ob
981 3475 1031 3529 id
1083 3482 1323 3526 sanctam
1361 3468 1638 3541 Virginem
1679 3471 1968 3542 Deiparam
1994 3472 2203 3543 (genuit

622 3570 766 3625 enim
789 3567 876 3622 illa
901 3565 1192 3622 carnaliter
1214 3564 1551 3619 incarnatum
1580 3562 1672 3617 Dei
1695 3562 1873 3618 Patris
1895 3561 2154 3634 Verbum)
2182 3580 2197 3617 :

624 3657 914 3712 anathema
943 3655 1032 3710 sit.

624 3765 789 3839 Μ
817 3763 1364 3832 Theodoretiepiscopi
1387 3762 1514 3843 Cyri
1550 3765 1884 3834 reprehensio
1925 3762 2203 3820 duodecim

1295 3847 1545 3901 capuam.

696 3946 806 4002 Nos
843 3955 1026 4002 autem
1075 3946 1387 4015 quicunque
1421 3961 1581 4001 voces
1643 3946 1986 4016 evangelicas
2018 3948 2204 4017 sequi-

622 4055 771 4102 annr,
824 4054 933 4092 non
981 4052 1208 4093 carnem
1271 4037 1597 4092 naturaliter
1643 4037 1870 4106 factum,
1927 4054 2102 4109 neque
2147 4042 2202 4095 in

625 4145 845 4187 carnem
881 4144 1199 4185 conversum
1228 4127 1396 4183 Deum
1428 4129 1668 4184 Verbum
1692 4130 1935 4184 dicimus
1967 4146 1982 4195 ;
2017 4131 2204 4186 incon-

626 4222 916 4279 vertibilis.
970 4230 1057 4277 est
1120 4221 1266 4275 enim
1339 4221 1804 4289 immutabilisque
1875 4222 2133 4277 divinitas
2188 4242 2201 4278 :

627 4313 772 4367 unde
820 4319 874 4366 et
921 4310 1182 4381 propheta
1214 4311 1381 4365 David
1423 4313 1555 4367 dicit
1587 4332 1614 4366 :,
1647 4332 1665 4363 ι
1710 4312 1788 4366 Τιι
1835 4323 2016 4368 autem
2063 4315 2205 4368 idem

651 4418 745 4472 pse
773 4416 856 4467 es,
893 4409 947 4457 et
984 4402 1108 4456 anni
1153 4402 1226 4456 tui
1273 4416 1377 4456 non
1421 4402 1679 4456 deﬁcient
1709 4403 1792 4465 “;
1830 4421 1849 4453 ι
1883 4406 2027 4472 quod
2066 4403 2207 4458 Pau-

628 4495 712 4548 lus
773 4508 998 4562 magnus
1054 4492 1301 4548 veritatis
1351 4507 1529 4561 praeco
1569 4493 1634 4546 de
1675 4491 1818 4548 Filio
1869 4495 2095 4558 dictum,
2151 4495 2204 4548 in

2727 3244 2765 3297 Α
2776 3237 3321 3297 ΝΑΘΕΜΑΤιΣΜΟΣ
3377 3241 3456 3292 Α’.

2375 3380 2441 3432 Εἴ
2464 3394 2548 3441 τις
2585 3377 2684 3447 οὐχ
2712 3376 2986 3447 ὁμολογεῖ,
3013 3373 3146 3428 Θεὸν
3170 3368 3310 3427 εἷναι
3345 3373 3486 3426 κατά
3509 3369 3769 3441 ἀλήθειαν
3796 3372 3899 3428 τὸν

2316 3467 2688 3540 Ἐμμανουήλ,
2720 3467 2814 3519 καὶ
2836 3465 2925 3519 διὰ
2952 3463 3111 3516 τοῦτο
3146 3463 3406 3514 Θεοτόκον
3427 3461 3522 3531 τὴν
3549 3462 3714 3530 άγίαν
3739 3464 3899 3535 Παρ-

2312 3561 2486 3626 θένον,
2514 3558 2813 3628 γεγέννηκε
2848 3555 2954 3626 γὰρ
2988 3552 3266 3627 σαρκικῶς
3299 3553 3473 3625 σάρκα
3503 3553 3767 3623 γεγονότα
3800 3557 3899 3606 τὸν

2294 3657 2369 3708 ἐκ
2397 3652 2535 3707 Θεοῦ
2558 3652 2774 3723 Πατρδς
2793 3650 2964 3718 Λόγον
2982 3665 2994 3678 ⁸
3021 3649 3271 3719 ἀνάθεμα
3299 3646 3460 3702 έστω.

2307 3764 2688 3834 Θεοδωρήτου
2705 3762 3041 3834 ἐπιοςκόπου
3071 3762 3269 3834 Κύρου
3302 3759 3612 3828 ἀνατροπὴ
3635 3758 3758 3814 τῶν
3784 3759 3905 3813 δώ-

2657 3849 2667 3860 ·
2825 3831 2972 3882 ὄεκα
3004 3829 3368 3896 κεφαλαίων.
3889 3836 3892 3838 ⁷

2388 3948 2579 4017 Ἡμεῖς
2611 3945 2690 4010 δέ,
2720 3944 2837 3998 ὅσοι
2884 3943 3004 4006 ταῖς
3050 3941 3439 4010 εὐαγγελικαῖς
3485 3939 3906 4012 άκολονθοῦμεν

2292 4043 2534 4112 οφωναῐς,
2566 4039 2627 4092 οὐ
2660 4036 2841 4108 σάρκα
2885 4033 3044 4103 φύσει
3089 4033 3395 4101 γεγονέναι,
3431 4031 3553 4085 οὐδὲ
3579 4033 3660 4094 εἰς
3703 4032 3901 4103 σάρκα

2310 4130 2719 4204 μεταϐληθῆναι
2747 4128 2838 4180 τὸν
2872 4127 3003 4179 Θεὸν
3029 4125 3201 4190 Λόγον
3233 4125 3418 4194 φαμέν
3436 4141 3450 4154 ⁸
3478 4124 3751 4195 ἄτρεπτον
3787 4124 3907 4194 γὰρ

2305 4223 2367 4276 τὸ
2394 4222 2548 4274 Θεῐον
2573 4221 2673 4272 καὶ
2693 4217 3059 4271 ἀναλλοίωτον
3081 4232 3092 4244 ·
3121 4215 3201 4267 διὸ
3232 4215 3328 4267 καὶ
3357 4213 3520 4266 Δαυῒδ
3539 4215 3567 4267 6
3598 4215 3907 4284 προφήτης

2306 4312 2483 4380 λέγει·
2507 4330 2536 4362 -ι
2569 4309 2640 4361 Σὺ
2666 4308 2726 4375 δὲ
2763 4309 2790 4360 6
2820 4305 2984 4371 αὐτὸς
3014 4303 3085 4372 εἴ,
3114 4308 3210 4360 καὶ
3235 4306 3306 4360 τὰ
3336 4306 3432 4378 ἐτη
3461 4323 3553 4360 σου
3584 4307 3682 4361 οὐκ
3709 4306 3912 4360 ἐκλεί-

2307 4403 2499 4473 ψουσιν
2523 4421 2534 4434 ·
2570 4423 2586 4453 ι
2616 4402 2754 4471 ὅπερ
2768 4400 2990 4460 Παῦλος
3031 4401 3060 4452 6
3091 4400 3285 4469 μέγας,
3309 4400 3336 4452 6
3365 4400 3464 4467 τῆς
3508 4397 3769 4468 ἀληθείας
3799 4401 3913 4469 κή⁴

2314 4493 2431 4565 ρυξ,
2469 4493 2549 4553 εἰς
2577 4492 2665 4544 τὸν
2689 4490 2814 4541 Υίὺν
2844 4489 3095 4558 εἰρῆσθαι
3122 4491 3178 4542 ἐν
3212 4491 3278 4559 τῇ
3307 4488 3441 4556 πρὸς
3480 4487 3768 4558 Ἐϐραίους
3795 4488 3914 4541 ἐδί-

629 4586 870 4655 Epistnla
899 4587 964 4638 ad
997 4585 1256 4640 chmOs
1287 4585 1472 4640 docuit
1504 4585 1545 4616 ⁸⁷
1576 4601 1590 4648 ;
1617 4594 1670 4639 et
1692 4585 1817 4640 alibi
1856 4601 1952 4655 per
1980 4588 2197 4657 prophe‘

2312 4579 2458 4645 δσξε.
2487 4574 2841 4647 Καὶέτέρωθι
2869 4576 2924 4629 δὲ
2954 4576 3043 4630 διὰ
3070 4575 3162 4629 τοῦ
3187 4579 3466 4648 προφήτου
3492 4577 3654 4645 φησιν
3681 4578 3706 4628 ὁ
3729 4576 3872 4638 Θεάς
3891 4591 3906 4604 ⁶

629 4687 739 4731 tam
765 4677 842 4731 ait
862 4677 1004 4731 Deus
1033 4695 1047 4731 :
1079 4673 1226 4747 «Ego
1255 4692 1398 4740 sum,
1424 4687 1475 4730 el
1494 4691 1598 4731 non
1625 4687 1802 4731 mutor
1823 4679 1920 4731 ⁸⁸.»
1956 4679 2012 4733 Si
2045 4680 2208 4748 igitur

631 4767 1060 4822 inemivertibilis
1104 4776 1186 4820 est
1222 4766 1685 4835 immutabilisque
1726 4766 1995 4821 Divinitas
2022 4806 2036 4832 ,
2072 4782 2204 4821 con-

631 4856 899 4910 versionis
924 4867 978 4908 et
1008 4857 1385 4932 mutabilitatis
1411 4871 1517 4910 non
1553 4866 1636 4910 est
1679 4872 1873 4924 capax.
1933 4857 1989 4911 Si
2027 4869 2206 4912 autem

634 4943 966 5014 impossibile
1019 4951 1104 4996 est
1143 4946 1386 4996 converti
1449 4946 1939 5011 inconvertibilcm,
1980 4965 2084 5002 non
2127 4958 2211 5004 est

622 5032 835 5106 factum
875 5045 1005 5086 caro
1043 5032 1185 5086 Deus
1219 5029 1478 5091 Verbum,
1531 5032 1604 5082 ita
1639 5041 1696 5084 ut
1737 5033 1808 5087 sit
1854 5048 2205 5098 conversum,

635 5123 728 5177 sed
762 5122 1060 5189 assumpsit
1106 5117 1767 5185 carnem,.etinliabitavit
1796 5124 1848 5174 in
1905 5125 2079 5188 nobis,
2123 5137 2206 5178 se-

635 5213 871 5269 cundum
903 5211 1271 5284 evangelicam
1330 5227 1516 5269 vocem
1543 5215 1608 5270 “.
1646 5216 1714 5269 Et
1771 5217 1872 5269 ltoc
1927 5215 2205 5284 explicans

636 5303 1038 5360 sacratissimus
1072 5304 1270 5360 Paulus
1323 5306 1375 5360 in
1431 5305 1668 5376 Epistola
1708 5309 1774 5361 ad
1828 5305 2206 5375 Pliilippcnses

707 5481 756 5514 "
796 5479 969 5538 Galat.
1005 5497 1075 5547 Vl,
1108 5481 1192 5538 16.
1324 5482 1367 5514 ⁸⁸
1399 5483 1538 5539 Psal.
1560 5499 1632 5549 CI,
1666 5485 1756 5540 28.

1831 5487 1872 5516 ⁸⁷
1907 5486 2066 5540 Hebr.
2105 5503 2139 5550 ι,
2179 5486 2264 5538 12.

2322 4690 2340 4722 ι
2380 4668 2520 4738 Ἐγὼ
2555 4668 2691 4737 εἰμὶ,
2727 4666 2821 4721 καὶ
2849 4668 2949 4719 οὐκ
2987 4667 3309 4737 ήλλοίωμαι.
3337 4686 3354 4716 ι
3388 4668 3448 4720 Εἰ
3490 4661 3583 4720 οῦν
3623 4667 3912 4736 ἄτρεπτον

2315 4762 2375 4814 τὸ
2404 4762 2556 4812 Θεῖον
2607 4760 2700 4812 καὶ
2739 4759 3113 4824 ἀναλλοίωτον,
3166 4759 3376 4829 τροπῆς
3404 4760 3542 4823 ἐστι,
3584 4759 3683 4812 καὶ
3714 4777 3916 4829 ,μετα-

2317 4852 2476 4921 ϐολῆς
2499 4850 2847 4904 ἀνεπίδεκτον
2871 4865 2884 4879 ·
2919 4852 2970 4903 εί
2996 4851 3337 4904 δὲάδύνατον
3360 4854 3634 4922 τραπῆναι
3654 4851 3716 4904 τὸ
3734 4853 3917 4921 ἄτρεο

2319 4961 2469 5006 πτον,
2506 4945 2604 4996 οὐκ
2646 4942 2863 5010 ἐγένετο
2899 4942 3038 5012 σὰρξ
3065 4945 3095 4996 ὁ
3127 4943 3257 5007 Θεὸς
3285 4941 3453 5012 Λόγος
3490 4943 3741 5014 τραπεὶς,
3782 4943 3912 4995 ἀλλ’

2314 5034 2541 5086 ἀνέλαϐε
2595 5034 2796 5104 σάρκα,
2828 5034 2922 5088 καὶ
2957 5035 3269 5106 ἐσκήνωσεν
3299 5037 3357 5087 ἐν
3403 5037 3552 5105 ἡμῖν,
3601 5032 3750 5088 κατὰ
3795 5035 3910 5106 τὴν

2313 5124 2423 5177 τῶν
2454 5125 2803 5192 Εὑαγγελίων
2832 5127 3036 5196 φωνήν.
3075 5128 3182 5179 Καὶ
3209 5126 3365 5178 τοῦτο
3399 5126 3585 5194 σαφῶς
3623 5127 3652 5178 6
3685 5124 3910 5178 θειότα-

2313 5235 2402 5280 τος
2437 5217 2646 5280 Παῦλος
2688 5218 2860 5285 λέγων
2888 5218 2947 5268 ἐν
2995 5219 3058 5287 τῇ
3105 5218 3239 5286 πρὸς
3280 5219 3673 5287 Φιλιππησίους
3707 5217 3853 5287 φησί
3890 5235 3903 5246 ·

2322 5327 2339 5357 ι
2378 5307 2545 5360 Τοῦτο
2577 5308 2877 5378 φρονείσθω
2899 5309 2955 5361 ἐν
2981 5310 3128 5380 ὑμῖν,
3149 5309 3176 5362 ὃ
3207 5310 3300 5363 καὶ
3328 5311 3384 5363 ὲν
3415 5308 3636 5381 Χριστῷ
3668 5306 3848 5379 Ἰησοῦ
3886 5325 3901 5338 ο

2344 5486 2388 5516 ⁸⁸
2433 5484 2669 5541 Malacb.
2700 5503 2796 5554 ιιι,
2827 5488 2882 5544 6.
2958 5488 2999 5520 ⁶⁹
3024 5486 3175 5544 Joan.
3210 5504 3247 5552 ι,
3278 5488 3391 5543 14.

1694 5633 1861 5689 Varias
1892 5635 2146 5693 lectiones
2171 5653 2233 5692 cx
2264 5639 2445 5693 codice
2469 5638 2852 5707 Seguierianor

711 5799 737 5829 il
777 5788 1061 5860 στοιχοῦτι.
1139 5797 1164 5827 τ
1195 5791 1277 5844 Ia.
1308 5790 1650 5861 δοκιμάσαις.
