4042 6432
144 300 239 354 593
720 301 1249 358 APOLOGETICUS
1282 302 1557 359 CONTRA
1596 303 2120 362 THEODORETUM
2165 309 2296 367 PRO
2336 312 2429 365 XII
2466 314 2848 371 CAPITIBUS.

3272 321 3379 377 394

142 417 273 477 ὄςὲν
311 420 499 486 μορφῇ
523 416 659 468 Θεοῦ
700 418 980 487 ὑπάρχων,
1016 418 1113 486 οὐχ
1151 419 1445 489 ἁρπαγμὸν
1476 420 1711 488 ἡγήσατο

1820 418 1939 471 ait:
1979 440 1996 471 ι
2043 421 2153 477 Hoc
2211 426 2405 479 sentite
2454 428 2507 480 in
2544 430 2715 493 vobis,
2768 431 2909 497 quod
2960 440 3014 485 et
3052 430 3106 486 in
3162 432 3381 490 Christo

138 507 197 557 τὸ
227 502 373 558 εἶναι
410 506 504 559 ίσα
536 507 674 576 Θεῷ,
705 507 817 559 ἀλλ’
846 508 1036 561 ἑαυτὸν
1065 508 1321 569 ἐκένωσε,
1352 509 1565 579 μορφὴν
1594 508 1715 560 δού-

139 597 224 649 λου
254 597 463 651 λαϐὼν.
507 617 526 649 ι
554 599 723 668 Δῆλον
750 599 928 651 τοίνυν
962 599 1027 652 ἐκ
1075 600 1183 653 τῶν
1210 600 1539 669 εἰρημένων,
1568 600 1643 661 ὡς
1682 599 1715 667 ὴ

139 686 225 737 τοῦ
272 686 414 738 Θεοῦ
483 686 676 756 μορφὴῗ
725 688 826 739 οὐκ
864 687 1073 757 ἐτράπη
1115 689 1195 750 εἰς
1243 687 1429 740 δούλου
1480 687 1714 757 μορφὴν,

138 770 268 821 ἀλλὰ
306 772 551 838 μένουσα
590 773 618 824 ὃ
661 768 750 841 ἦν,
784 773 941 827 έλαϐε
983 776 1081 841 τὴν
1114 773 1206 825 τοῦ
1250 775 1441 827 δούλου
1476 776 1712 845 μορφήν.

136 859 333 911 Τοίνυν
381 862 447 912 ού
478 862 669 929 γέγονε
717 862 851 932 σάρξ
885 864 912 915 6
957 864 1090 925 Θεὸς
1125 864 1317 930 Λόγος,
1372 865 1507 918 άλλά
1537 865 1716 933 σάρκα

137 948 322 1011 ζῶσαν
354 952 455 1003 καὶ
515 952 739 1022 λογικὴν
772 954 1033 1006 ἀνέλαϐεν
1055 972 1066 983 ι
1124 955 1223 1007 ούκ
1252 956 1416 1017 αὐτὸς
1453 955 1612 1023 φύσει
1651 957 1714 1006 ἐκ

135 1040 231 1108 τῆς
270 1041 563 1112 Παρθένου
613 1044 901 1113 γεγένηται
957 1044 1303 1115 συλληφθεὶς,
1337 1046 1431 1098 καὶ
1487 1047 1714 1097 διαπλα-

135 1131 309 1193 σθεὶς,
350 1133 449 1183 καὶ
480 1133 813 1203 μορφωθεὶς,
840 1134 935 1187 καὶ
977 1134 1151 1204 ἀρχὴν
1184 1136 1391 1187 ἐκεῖθεν
1437 1135 1531 1187 τοῦ
1570 1130 1709 1188 εἶναι

132 1221 337 1283 λαϐὼν,
374 1224 404 1275 6
434 1225 543 1290 πρὸ
573 1224 681 1276 τῶν
728 1226 940 1278 αἰώνων
974 1227 1255 1296 ὑπάρχων,
1302 1229 1395 1279 καὶ
1445 1226 1575 1289 Θεὸς
1616 1228 1711 1290 ὣν,

133 1313 402 1381 καὶπρὸς
436 1313 528 1365 τὸν
576 1314 706 1367 Θεὸν
752 1314 852 1379 ὣν,
898 1318 992 1368 καὶ
1045 1318 1123 1385 τῷ
1162 1317 1336 1387 Πατρὶ
1381 1316 1573 1380 συνὼν,
1619 1316 1713 1369 καὶ

134 1403 269 1468 μετὰ
303 1403 523 1473 Πατρὸς
570 1407 970 1476 γνωριζόμενός
998 1425 1055 1458 τε
1087 1408 1180 1460 καὶ
1206 1406 1676 1477 προσκυνούμενος
1695 1424 1708 1438 ο

129 1491 243 1542 ἀλλ’
286 1492 475 1562 ἑαυτῷ
500 1494 627 1547 ναὸν
659 1494 717 1545 ἐν
741 1498 808 1564 τῇ
844 1494 1143 1565 παρθενικῇ
1170 1498 1366 1565 γαστρὶ
1388 1497 1709 1558 διαπλάσας,

130 1583 300 1651 συνῆν
340 1582 425 1652 τῷ
473 1584 766 1638 πλασθέντι
815 1587 910 1638 καὶ
944 1586 1277 1654 γεννηθέντι.
1314 1581 1388 1637 Οὗ
1426 1585 1583 1654 χάριν
1618 1584 1711 1636 καὶ

126 1672 222 1740 τὴν
257 1673 429 1740 ἁγίαν
461 1675 678 1745 ἐκείνην
702 1676 973 1745 Παρθένον
995 1677 1254 1729 Θεοτόκον
1294 1676 1707 1745 προσαγορεύο-

129 1778 251 1826 μεν,
286 1763 389 1831 οὐχ
420 1764 495 1826 ὼς
521 1764 654 1817 Θεὸν
680 1765 840 1832 φύσει
870 1768 1229 1835 γεννήσασαν,
1262 1766 1374 1818 ἀλλ’
1398 1766 1471 1827 ὡς
1500 1765 1709 1834 ἄνθρω-

260 1847 343 1915 τῷ
375 1848 738 1900 διαπλάσαντι
770 1856 931 1909 αὐτὸν
954 1856 1231 1923 ἡνωμένον
1258 1854 1394 1925 Θεῷ.
1424 1857 1483 1907 EI
1515 1856 1569 1908 δὲ
1610 1856 1711 1907 οὐκ

126 1937 427 2005 ἄνθρωπος
474 1937 502 1988 6
536 1936 592 1989 ὲν
624 1938 825 2006 γαστρὶ
875 1939 973 2006 τῆς
1018 1939 1293 2006 Παρθένου
1342 1944 1708 2008 διαπλασθεὶς,

125 2029 264 2081 ἀλλὰ
298 2027 439 2091 Θεὸς
477 2029 671 2096 Λόγος,
708 2030 736 2082 6
782 2029 890 2099 πρὸ
933 2028 1166 2093 αἰώνων,
1206 2030 1419 2098 ποίημα
1461 2031 1566 2099 ἄρα
1618 2029 1710 2082 τοῦ

126 2119 270 2171 Πνεύ
282 2136 459 2188 ματος
488 2121 516 2172 6
559 2119 690 2182 Θεὸς
717 2119 891 2187 Λόγος
913 2135 925 2149 ·
965 2138 982 2169 ι
1020 2119 1094 2171 Τὸ
1120 2118 1227 2189 γάρ
1258 2120 1314 2170 ὲν
1344 2120 1479 2187 αὐτῇ
1520 2136 1712 2187 γεννη-

126 2212 238 2274 θὲν,
276 2212 447 2279 φησὶν
478 2213 507 2263 6
539 2210 809 2280 Γαϐριὴλ,
841 2211 906 2263 ὲκ
938 2210 1256 2279 Πνεύματός
1294 2212 1439 2261 ἐστιν
1474 2209 1653 2275 ἁγίου.
1687 2228 1705 2258 ι

125 2303 185 2353 ΕΞ
208 2302 268 2354 δὲ
304 2302 564 2363 άκτιστος
595 2303 623 2353 6
653 2302 951 2371 μονογενὴς
979 2300 1072 2353 τοῦ
1105 2300 1242 2353 Θεοῦ
1274 2301 1465 2367 Λόγος,
1499 2302 1592 2352 καὶ
1634 2301 1710 2369 τῷ

126 2393 307 2459 Πατρὶ
332 2392 624 2461 ὀμοούσιός
660 2409 719 2443 τε
748 2391 844 2444 καὶ
879 2391 1166 2453 συναῒδιος,
1201 2390 1385 2442 οὐκέτι
1427 2390 1708 2459 πλάσμαῆ

126 2486 339 2553 κτίσμα
349 2484 447 2536 τοῦ
464 2484 800 2552 Πνεύματος.
818 2483 877 2534 Εἰ
890 2482 944 2533 δὲ
962 2482 1021 2532 οὐ
1041 2480 1128 2533 τὸν
1144 2480 1272 2533 Θεὸν
1288 2481 1459 2547 Λόγον
1475 2481 1535 2533 τὸ
1550 2482 1712 2534 Πνεῦ-

130 2592 203 2643 μα
226 2576 291 2626 τὸ
312 2574 471 2641 ἆγιον
506 2576 563 2626 ὲν
589 2577 654 2642 τῇ
683 2572 879 2640 γαστρὶ
896 2571 990 2639 τῆς
1012 2569 1288 2639 Παρθένου
1320 2571 1714 2627 διέπλασε.λεί-

128 2684 290 2719 πεται
310 2668 453 2718 νοεῖν
469 2666 568 2735 τὴν
588 2662 681 2716 τοῦ
699 2663 884 2715 δούλου
909 2662 1119 2733 μορφὴν
1143 2663 1236 2715 καὶ
1256 2662 1589 2731 πλασθῆναι,
1615 2665 1710 2717 καὶ

132 2756 518 2825 μορφωθῆναι,
548 2756 642 2807 καὶ
690 2753 981 2824 κυηθῆναι,
1032 2756 1125 2807 καὶ
1156 2756 1482 2824 γεννηθῆναι
1528 2755 1706 2821 φύσει.

140 2848 365 2917 Ἐπειδὴ
399 2847 458 2899 δὲ
486 2848 549 2899 ού
582 2846 767 2915 γυμνὴ
795 2842 860 2914 ἦν
888 2847 985 2915 τῆς
1019 2847 1109 2898 τοῦ
1142 2845 1275 2898 Θεοῦ
1306 2846 1540 2915 μορφῆς,
1578 2845 1710 2897 ἀλλὰ

127 2942 253 3003 ναὸς
292 2937 388 3010 ἦν,
421 2940 629 2993 ἔνοικον
656 2939 745 2991 τὸν
769 2939 901 2991 Θεὸν
928 2939 1097 3005 Λόγον
1124 2940 1280 3008 ἔχων,
1317 2939 1457 2992 κατὰ
1487 2940 1583 3006 τὴν
1616 2936 1708 2992 τοῦ

1818 503 1983 562 Jesu:
2017 513 2109 578 qui
2153 528 2273 567 cum
2298 515 2349 567 in
2396 515 2568 570 forma
2627 518 2717 570 Dei
2768 529 2927 579 esset.
2986 536 3092 575 non
3136 524 3378 591 rapinam

1820 598 2114 655 arbitratus
2154 612 2239 655 est
2276 617 2396 657 esse
2453 620 2512 659 se
2565 608 2824 675 mqualem
2867 610 3023 664 Deo:
3073 610 3166 663 sed
3184 619 3385 665 semet.

1818 689 1991 756 ipsum
2018 693 2335 756 exinanivit,
2372 693 2595 748 formam
2632 698 2773 750 servi
2816 698 3090 766 accipiens
3114 699 3179 755 ".
3221 718 3239 750 ι
3272 698 3379 752 Pa-

1818 778 1921 832 lam
1955 780 2119 847 igitur
2161 792 2245 836 est
2294 798 2363 838 ex
2412 784 2517 849 his,
2568 799 2686 853 quae
2735 785 2881 838 dicta
2914 796 3059 850 sunt,
3112 788 3238 856 quia
3281 786 3378 844 Dei

1816 867 1986 924 forma
2005 880 2209 925 mutata
2236 887 2337 925 non
2372 884 2455 927 est
2484 873 2539 927 in
2573 875 2711 930 servi
2742 874 2967 929 formam
2994 892 3008 940 ;
3034 880 3128 931 sed
3158 892 3379 933 manens

1816 958 1956 1024 quod
1989 969 2125 1025 erat,
2161 963 2456 1031 assumpsit
2484 962 2711 1017 formam
2749 964 2912 1018 servi.
2964 964 3131 1035 Igitur
3157 981 3262 1021 non
3294 977 3378 1020 est

1818 1045 2012 1101 factum
2044 1063 2172 1103 caro
2213 1049 2352 1105 Deus
2375 1051 2628 1115 Verbum,
2673 1055 2766 1107 sed
2818 1069 3034 1108 carnem
3108 1057 3375 1110 viventem

1814 1146 1869 1189 et
1897 1139 2105 1193 ratione
2140 1141 2414 1208 praeditam
2472 1144 2764 1210 assumpsit
2790 1160 2803 1197 :
2835 1159 2941 1199 non
2972 1145 3089 1213 ipse
3115 1146 3378 1201 naturali-

1818 1236 1896 1281 ter
1919 1241 1949 1280 e
1979 1226 2197 1297 Virgine
2231 1240 2411 1297 natus,
2442 1239 2495 1285 et
2524 1244 2838 1300 conceptus,
2874 1246 2929 1289 et
2982 1237 3259 1305 ﬁguratus,
3296 1246 3373 1291 at-

1814 1333 1918 1387 que
1984 1322 2267 1387 formatus,
2326 1334 2381 1376 et
2436 1324 2731 1378 exsistendi
2795 1326 3118 1394 principium
3185 1328 3379 1381 exinde

1814 1425 2115 1475 assumens,
2157 1415 2245 1481 qui
2293 1425 2418 1467 ante
2461 1416 2655 1469 saecula
2688 1425 2742 1469 et
2787 1416 2926 1470 Deus
2985 1426 3087 1477 est,
3144 1428 3198 1470 et
3236 1416 3377 1485 apud

1816 1497 2003 1561 Deum,
2032 1510 2085 1555 et
2114 1518 2234 1555 cum
2268 1502 2425 1557 Patre
2454 1514 2556 1566 est,
2585 1513 2636 1558 et
2663 1519 2783 1559 cum
2817 1504 2978 1560 Patre
3030 1507 3378 1575 cognoscitur

1814 1598 1868 1641 et
1903 1590 2160 1643 adoratnr
2190 1608 2203 1656 ;
2232 1594 2347 1657 sed,
2389 1593 2642 1661 templum
2678 1594 2778 1647 sibi
2830 1594 2883 1647 in
2929 1607 3081 1647 ntcro
3130 1593 3379 1665 virginali

1816 1675 2075 1741 formans,
2138 1689 2257 1732 erat
2296 1696 2417 1733 cum
2470 1679 2702 1733 formato
2729 1692 2782 1734 et
2816 1692 2960 1734 nato.
3016 1682 3377 1747 Quamobrem

1813 1773 1867 1819 et
1914 1778 2154 1821 sanctam
2186 1758 2326 1821 illam
2364 1769 2634 1837 Virginem
2663 1769 2753 1824 Dei
2780 1770 3108 1826 Genitricem
3140 1772 3377 1842 appella-

1814 1873 1954 1921 mus,
1985 1872 2085 1911 non
2115 1859 2266 1926 quasi
2296 1859 2461 1911 Deum
2496 1868 2684 1912 natura
2727 1861 3092 1927 generaverit.
3137 1862 3229 1916 sed
3260 1871 3379 1915 tan-

1815 1962 1972 2016 quam
2040 1950 2310 2003 hominem
2372 1951 2578 2003 unitum
2634 1950 2763 2016 Deo,
2801 1953 2891 2019 qui
2941 1952 3093 2006 ﬁnxit
3139 1967 3283 2007 eum.
3322 1952 3379 2006 Si

1815 2042 1991 2084 autem
2040 2051 2146 2085 non
2184 2048 2268 2087 est
2300 2041 2482 2097 homo,
2513 2041 2603 2101 qui
2635 2042 2685 2087 in
2727 2050 2878 2091 utero
2912 2040 3149 2108 Virginis
3181 2040 3380 2094 forma-

1817 2133 1902 2176 tus
1936 2133 2040 2184 est,
2069 2128 2160 2177 sed
2203 2125 2342 2178 Dens
2369 2125 2625 2191 Verbum,
2685 2130 2826 2194 quod
2858 2136 2981 2183 ante
3030 2131 3223 2185 saecula
3252 2140 3329 2186 est
3361 2150 3375 2197 ;

1816 2213 2021 2267 factura
2055 2215 2216 2282 igitur
2248 2214 2483 2284 Spiritus
2508 2217 2613 2270 erit
2656 2217 2792 2271 Deus
2837 2217 3070 2274 Verbum
3108 2238 3121 2274 :
3162 2239 3181 2273 ι
3222 2222 3377 2289 Quod

1812 2305 1955 2359 enim
2001 2305 2052 2359 in
2096 2319 2155 2358 ea
2185 2316 2367 2359 natum
2399 2315 2501 2369 est,
2557 2308 2730 2375 inquit
2770 2308 3009 2374 Gabriel,
3063 2326 3125 2363 ex
3172 2308 3379 2381 Spiritu

1814 2406 2001 2449 sancto
2029 2397 2194 2449 est“.
2232 2415 2250 2447 ι
2288 2395 2342 2449 Si
2382 2406 2559 2449 autem
2597 2397 2892 2451 increatum
2932 2408 3017 2452 est
3042 2401 3375 2470 unigenitum

1814 2486 1907 2541 Dei
1931 2485 2189 2553 Verbum,
2238 2486 2492 2556 Patrique
2542 2491 3005 2544 consubstantiale
3047 2500 3101 2545 et
3153 2502 3377 2547 coaeter-

1815 2592 1963 2639 nnm,
2004 2592 2109 2631 non
2143 2587 2226 2631 est
2250 2576 2562 2639 formatum,
2613 2588 2703 2631 aut
2747 2590 2985 2634 creatum
3014 2596 3041 2633 a
3070 2579 3296 2648 Spiritu.
3320 2582 3379 2637 Si

1814 2684 1943 2722 vero
1999 2670 2163 2724 Deum
2218 2669 2451 2723 Verbum
2513 2670 2563 2720 in
2623 2678 2773 2724 utero
2858 2671 3093 2741 Virginis
3146 2672 3380 2740 Spiritus

1815 2772 2034 2816 sanctus
2071 2778 2176 2814 non
2233 2761 2503 2827 formavit,
2532 2762 2691 2830 205
2752 2748 2921 2816 restat
2973 2763 3203 2830 intelligi
3233 2764 3375 2817 servi

1814 2852 2040 2905 formam
2072 2862 2126 2905 et
2162 2852 2360 2915 ﬁctam,
2389 2861 2445 2905 et
2496 2852 2803 2912 formatam,
2837 2857 2890 2901 et
2966 2860 3302 2917 conceptam,
3322 2860 3378 2905 et

1815 2949 1998 2992 natam
2027 2954 2145 2991 esse
2178 2937 2515 2992 naturaliter.
2562 2938 2695 3003 Quia
2734 2954 2864 2992 vero
2916 2955 3019 2992 non
3064 2948 3182 2993 erat
3236 2941 3379 2994 nuda

128 3032 348 3083 Παύλου
402 3031 623 3099 φωνήν·
667 3047 685 3078 ι
728 3026 815 3079 Ἐν
856 3027 1003 3096 αύτῷ
1042 3029 1170 3098 γάρ,
1216 3029 1399 3098 φησὶν,
1443 3028 1710 3096 ηὑδόκησε

1816 3044 1845 3083 a
1880 3030 1968 3084 Dei
2020 3029 2214 3094 forma,
2264 3030 2360 3083 sed
2397 3031 2651 3097 templum
2707 3039 2824 3084 erat
2884 3032 3236 3086 inhabitantis
3290 3032 3383 3087 Dei

127 3124 238 3174 πᾶν
267 3121 331 3171 τὸ
370 3120 647 3187 πλήρωμα
686 3120 783 3187 τῆς
816 3116 1065 3186 θεότητος
1106 3119 1428 3188 κατοικῆσαι
1470 3134 1709 3185 σωματι-

128 3215 272 3276 κῶς·
307 3231 325 3263 ι
376 3212 479 3263 οὐκ
510 3210 947 3279 άνθρωποτόκον,
981 3209 1118 3262 ἀλλὰ
1152 3209 1413 3261 Θεοτόκον
1442 3209 1539 3277 τὴν
1562 3209 1710 3276 Παρ-

130 3304 285 3355 θένον
318 3300 835 3371 προσαγορεύομενο
864 3300 963 3367 τὴν
1006 3301 1104 3367 μὲν
1154 3301 1219 3365 τῇ
1267 3298 1573 3353 διαπλάσει.
1619 3297 1713 3345 καὶ

132 3390 443 3461 μορφώσει.
478 3387 574 3440 καὶ
608 3386 801 3439 ὲνώσει
831 3400 879 3449 ι,
911 3387 1008 3455 τὴν
1036 3386 1092 3438 δὲ
1126 3389 1193 3455 τῇ
1237 3384 1425 3437 ὲνώσει
1475 3383 1713 3445 τιθέντες

132 3478 534 3549 προσηγορίαν.
568 3477 669 3529 Διά
709 3475 868 3528 τοῦτο
906 3477 999 3527 καὶ
1034 3475 1094 3527 τὸ
1126 3474 1316 3543 τεχθὲν
1351 3474 1549 3544 βρέφος
1590 3476 1715 3543 Ἐμ-

135 3570 384 3641 μανουὴλ
414 3566 904 3638 προσαγορεύεται,
933 3565 1055 3619 οὗτε
1082 3566 1210 3626 Θεὸς
1247 3565 1592 3633 ἀνθρωπείας
1616 3565 1710 3632 φύ-

135 3681 272 3725 σεως
316 3660 745 3731 κεχωρισμένος,
802 3657 923 3710 οὔτε
964 3656 1246 3727 ἄνθρωπος
1289 3659 1713 3726 γεγυμνωμένος

133 3754 424 3819 θεότητος’
469 3750 533 3801 τὸ
570 3750 678 3816 γάρ
723 3749 1067 3817 Ἐμμανουὴλ
1095 3748 1154 3799 τὸ
1200 3747 1317 3816 μεθ’
1349 3750 1502 3816 ἡμῶν
1543 3750 1715 3817 ἑρμη-

132 3842 279 3894 νεύει
315 3837 462 3891 εἶναι
492 3838 646 3901 Θεὸν,
681 3837 820 3889 κατὰ
852 3836 949 3906 τὴν
981 3836 1090 3888 τῶν
1126 3837 1469 3903 Εύαγγελίων
1498 3838 1712 3905 φωνήν

130 3934 190 3984 τὸ
209 3932 293 3993 δὲ,
320 3950 338 3980 ι
359 3928 673 3997 Μεθ’ὴμῶν
688 3928 880 3993 όΘεὸς,
900 3945 919 3978 ι
937 3928 1030 3980 καὶ
1046 3928 1135 3980 τὸν
1153 3928 1211 3994 ἐξ
1231 3928 1383 3998 ἡμῶν
1401 3930 1537 3999 ὑπὲρ
1560 3930 1714 3997 ἡμῶν

131 4021 415 4091 ληφθέντα
448 4019 619 4088 δηλοῖ,
648 4020 741 4070 καὶ
780 4018 871 4070 τὸν
896 4018 1222 4085 ἀνειληφότα
1255 4018 1386 4070 Θεὸν
1411 4020 1583 4085 Λόγον
1618 4037 1716 4086 κη-

136 4113 344 4181 ρύττει.
376 4108 591 4163 Οὐκοῦν
624 4108 686 4160 τὸ
718 4107 914 4177 βρέφος
949 4107 1294 4187 Ἑμμανουὴλ
1331 4107 1417 4159 διὰ
1445 4109 1535 4159 τὸν
1570 4110 1715 4160 ἀνει-

134 4200 346 4269 ληφότα
380 4198 538 4257 Θεὸν,
572 4196 667 4247 καὶ
689 4195 947 4257 Θεοτόκος
976 4197 1008 4264 ἠ
1041 4194 1314 4263 Παρθένος
1340 4195 1428 4247 διὰ
1458 4196 1559 4262 τὴν
1582 4195 1716 4265 πρὸς

1820 3116 2001 3180 Verbi,
2068 3119 2361 3172 secundum
2414 3118 2563 3172 Pauli
2623 3133 2857 3173 vocem:
2892 3138 2910 3170 ι
2949 3119 3004 3172 1η
3048 3121 3164 3189 ipso
3215 3122 3381 3185 enim,

1818 3208 2014 3276 inquit,
2049 3208 2374 3275 complacuit
2402 3223 2617 3262 omnem
2652 3209 3041 3277 plenitudinem
3078 3210 3385 3266 divinitatis

1817 3294 2121 3347 inhabitare
2155 3297 2510 3363 corporaliter
2530 3298 2576 3330 ἰ’
2619 3314 2633 3359 ;
2674 3316 2692 3346 ι
2729 3314 2833 3351 non
2879 3299 3118 3353 hominis
3158 3300 3384 3367 genitri-

1816 3396 1954 3447 cem,
2010 3381 2101 3434 sed
2158 3380 2252 3435 Dei
2297 3382 2626 3436 Genitricem
2658 3384 2946 3455 Virginem
3002 3391 3382 3457 appellamus;

1817 3472 1960 3525 illam
1992 3471 2206 3539 quidem
2241 3472 2517 3541 ﬁgmento,
2553 3480 2608 3526 et
2636 3473 2966 3543 formationi,
2996 3487 3047 3529 et
3078 3478 3384 3545 canceptui,

1819 3563 1957 3615 hanc
2012 3573 2192 3615 autem
2251 3563 2480 3616 unitioni
2538 3563 2876 3632 imponentes
2947 3567 3379 3634 appellationem.

1819 3649 2113 3718 Pr0pterea
2139 3658 2192 3704 et
2217 3658 2376 3706 natus
2408 3652 2913 3707 infansEmmanuel
2955 3654 3275 3722 appellatur,
3296 3671 3386 3710 ne-

1816 3754 1919 3807 que
1978 3740 2119 3793 Deus
2160 3741 2227 3793 ab
2296 3741 2530 3795 humana
2590 3750 2785 3794 natura
2843 3754 3147 3810 separatus,
3211 3758 3384 3811 neque

1818 3832 1977 3883 homo
2024 3830 2307 3884 divinitate
2359 3833 2613 3885 nudatus.
2658 3830 2976 3885 Emmanuel
3026 3834 3168 3886 enim
3201 3835 3386 3888 nobis-

1816 3934 1934 3973 cum
1964 3919 2344 3988 interpretatur
2369 3933 2489 3973 esse
2532 3918 2723 3983 Deum,
2775 3922 3070 3974 secundum
3116 3923 3386 3990 evangeli-

1815 4024 1931 4060 cam
1976 4022 2185 4062 vocem.
2235 4007 2370 4063 Illud
2409 4016 2628 4063 autem:
2666 4027 2686 4059 ι
2738 4008 3029 4065 Nobiscum
3087 4012 3228 4067 Deus
3258 4014 3324 4079 ⁷³,
3360 4033 3379 4064 ι

1816 4104 1869 4149 et
1919 4111 1982 4149 ex
2045 4097 2201 4151 nobis
2250 4111 2346 4162 pro
2399 4098 2552 4152 nobis
2598 4106 2928 4165 assumptum
2985 4101 3272 4169 signiﬁcat,
3334 4113 3387 4158 et

1820 4194 2183 4240 assumentem
2234 4185 2401 4239 Deum
2456 4186 2687 4241 Verbum
2727 4192 3001 4258 praedicat.
3037 4190 3176 4257 Ergo
3208 4192 3385 4246 inl‘ans

133 4292 227 4360 τὴν
252 4288 562 4356 κυηθεῖσαν
610 4284 797 4337 δούλου
848 4284 1061 4354 μορφὴν
1094 4285 1286 4337 ἕνωσιν
1321 4285 1422 4353 τῆς
1450 4285 1544 4336 τοῦ
1581 4284 1711 4337 Θεοῦ

1822 4276 2137 4329 Emmanuel
2187 4278 2382 4331 dicitur
2427 4287 2647 4348 propter
2683 4291 3045 4333 assumentem
3094 4282 3293 4346 Deum;
3329 4293 3384 4337 et

139 4353 391 4449 μόρφῆςό
452 4376 515 4427 οὐ
563 4374 676 4444 γὰρ
720 4375 799 4436 είς
832 4353 1009 4442 σάρκα
1052 4377 1079 4425 6
1110 4374 1240 4435 Θεὸς
1287 4377 1454 4439 Λόγος
1482 4376 1711 4443 ἐτράπη,

1827 4367 1918 4420 Dei
1943 4366 2189 4420 Genitrix
2224 4366 2406 4437 Virgo,
2424 4379 2642 4439 propter
2669 4370 2963 4423 unitionem
2983 4372 3170 4426 formae
3203 4373 3293 4426 Dei
3317 4374 3384 4426 ad

136 4473 246 4524 ἀλλ’
289 4472 325 4539 ἡ
368 4468 467 4521 τοῦ
502 4465 639 4520 Θεοῦ
677 4464 860 4535 μορφὴ
895 4465 1053 4517 ἔλασε
1097 4466 1195 4536 τὴν
1225 4465 1317 4517 τοῦ
1364 4466 1548 4520 δούλου
1583 4485 1716 4537 μορ-

138 4565 263 4633 viv-

595 4776 902 4844 Ἀπολογία
956 4779 1007 4828 Κ
1011 4777 1277 4843 υρίλλου.

209 4912 483 4980 Πλείστην
549 4909 679 4976 ὅσην
730 4906 1079 4975 πεποιήμεθα
1131 4909 1228 4971 τὴν
1290 4902 1561 4971 καταϐοὴν
1607 4901 1715 4953 τῶν

146 5005 424 5073 ὁμολογεῖν
448 5001 549 5053 ούκ
578 4999 920 5068 ἀνεχομένων
964 4999 1093 5049 Θεὸν
1121 4992 1258 5049 εἶναι
1289 4996 1426 5047 κατὰ
1462 4994 1717 5063 ἀλήθειαν

1825 4467 2141 4523 conceptam
2167 4459 2307 4511 servi
2344 4458 2596 4513 formam.
2627 4459 2740 4513 Non
2768 4461 2911 4514 enim
2936 4464 2985 4514 in
3012 4477 3228 4515 carnem
3249 4464 3388 4515 Deus

1825 4544 2059 4599 Verbmn
2093 4560 2411 4600 conversum
2456 4553 2559 4606 est,
2599 4544 2691 4595 sed
2732 4542 2824 4596 Dei
2876 4543 3047 4598 forma
3097 4550 3389 4616 assumpsit

1823 4635 1965 4688 servi
2000 4634 2247 4687 formam.

2370 4764 2553 4832 Cyrillt'
2585 4766 2835 4833 defensio.

1894 4899 2059 4953 Valde
2094 4900 2316 4953 multum
2368 4901 2790 4953 declantav—imus
2850 4901 3110 4954 adversus
3160 4916 3252 4955 eos
3294 4903 3383 4969 qui

1824 4991 2066 5043 conﬁteri
2124 5007 2225 5042 non
2279 4992 2553 5057 patiuntur
2627 4990 3028 5043 Emmanuelem
3089 5007 3216 5044 vere
3269 5006 3388 5047 esse

148 5092 231 5142 τὸν
279 5086 656 5159 Ἐμμανουὴλ,
689 5089 784 5139 καὶ
823 5087 928 5155 μὴν
960 5086 1039 5136 ὃτι
1065 5084 1322 5145 Θεοτόκος
1346 5084 1490 5133 ἐστὶν
1522 5083 1553 5149 ἡ
1590 5081 1711 5147 ἁγία

1826 5081 1914 5133 Dei
1937 5079 2189 5143 Verbum,
2226 5092 2275 5133 et
2318 5092 2555 5133 sanctum
2588 5080 2855 5147 Virginem
2886 5082 2978 5135 Dei
3029 5083 3382 5147 Genitricem,

152 5182 443 5251 Παρθένος,
492 5180 575 5231 ὅτι
609 5179 907 5247 γεγέννηκε
941 5175 1081 5228 κατὰ
1126 5174 1300 5243 σάρκα
1348 5175 1437 5224 τὸν
1466 5172 1557 5223 τοῦ
1584 5170 1715 5222 Θεοῦ

1825 5171 1965 5240 quod
2037 5173 2126 5224 Dei
2184 5169 2411 5223 Verbum
2488 5170 2778 5224 secundum
2846 5187 3060 5225 carnem
3121 5173 3384 5241 genuerit,

216 5335 258 5365 ὀ
292 5332 532 5400 Philipp.
565 5346 627 5395 ll,
653 5331 765 5384 5-7.
846 5330 891 5361 ‘”
928 5328 1113 5381 Matth.
1147 5345 1186 5390 i,
1218 5327 1307 5379 90.
1385 5328 1427 5356 ⁷³
1456 5326 1661 5379 Coloss.
1690 5340 1726 5387 ι,
1764 5325 1871 5389 I9;
1908 5340 1943 5379 II
1975 5365 1987 5389 ,
2021 5323 2072 5375 9.
2150 5324 2193 5353 "
2223 5322 2405 5377 Matth.
2446 5340 2480 5388 t,
2513 5323 2603 5375 9.5.

1212 5484 1380 5537 Varia:
1417 5483 1668 5536 lectiones
1698 5496 1759 5535 ex
1792 5481 1973 5536 codice
2010 5480 2382 5549 Segnieriano.

222 5635 245 5663 ³
268 5628 351 5679 ῑσ.
388 5624 607 5692 κυήσει,
631 5620 669 5686 ἢ
706 5619 931 5685 γενέσει.

460 5715 736 5774 Parnm.
783 5714 891 5773 Gn.
948 5712 1192 5771 LXXVI.

2923 5708 2993 5773 13
