4042 6442
662 309 832 365 395'

1649 298 1704 352 S.
1744 296 2014 353 CYRILLI
2059 291 2532 348 ALEXANDRINI
2575 294 2900 351 ARCIIIEP.

3832 300 3938 355 596

662 425 878 493 quando
921 423 1117 476 factum
1150 429 1231 478 est
1279 435 1429 484 caro,
1465 421 1562 472 hoc
1600 425 1682 471 est
1710 418 1892 471 homo.
1948 417 2230 468 Accusator

2344 414 2537 480 Λόγον,
2574 415 2655 466 ὅτι
2681 421 2710 462 7
2738 413 2929 481 γέγονε
2965 412 3120 483 σὰρξ,
3145 414 3421 467 τουτέστιν
3449 413 3753 484 ἄνθρωπος.
3795 412 3854 464 '0
3880 415 3937 466 δὲ

661 531 788 570 vero
812 515 1000 567 horum
1032 513 1108 564 sic
1135 521 1279 565 recte
1307 509 1592 569 dictorum.
1623 511 1666 563 si
1687 523 1791 562 non
1818 506 1986 569 novit,
2020 504 2238 558 Emma-

662 605 874 658 nueiem
903 617 1028 654 vere
1061 601 1225 655 Deum
1268 613 1408 664 esse,
1440 599 1483 652 si
1525 613 1629 651 non
1677 595 1973 652 secundum
2020 606 2237 647 carnem

663 711 727 750 ex
763 704 950 750 sancta
990 692 1208 762 Virgine
1238 705 1456 744 carnem
1486 690 1689 742 factum
1731 687 1825 743 Dei
1875 684 2131 748 Verbum,
2181 692 2240 736 ut

662 785 923 853 scriptum
955 791 1059 844 est,
1092 795 1192 834 cur
1225 795 1328 832 non
1364 779 1542 847 potius
1562 777 1706 831 clare
1736 776 1904 830 dixit:
1937 773 2074 841 Quid
2099 773 2236 840 agis,

661 878 745 930 vir
766 874 1028 944 egregie?
1054 871 1319 927 absurdas
1363 879 1415 923 et
1453 870 1752 923 contrarias
1792 867 1999 920 evomis
2037 872 2234 919 voces:

660 980 760 1019 cur
802 961 1147 1031 dogmatibus
1200 958 1444 1013 veritatis
1492 956 1800 1023 iuveniliter
1838 952 2235 1010 insultas?Non

662 1063 748 1108 est
793 1051 1087 1107 secundum
1155 1048 1441 1103 veritatem
1495 1047 1636 1101 Deus
1683 1044 2019 1107 Emmanuel,
2065 1055 2238 1110 neque

665 1144 756 1199 Dei
799 1143 1048 1198 Genitrix
1078 1150 1263 1194 sancta
1293 1138 1491 1207 Virgo:
1527 1146 1655 1190 utet
1709 1151 1807 1190 nos
1853 1138 1925 1188 ita
1980 1133 2235 1188 clamanti

667 1249 829 1304 atque
861 1232 1081 1292 dicenti.
1117 1245 1147 1286 e
1183 1231 1461 1299 Scriptura
1519 1229 1696 1283 divina
1747 1229 2062 1281 resistentes
2111 1240 2237 1294 pru-

668 1329 876 1388 denter,
904 1335 956 1379 et
985 1322 1293 1392 apostolicae
1344 1330 1504 1389 atque
1544 1318 1869 1390 evangelicae
1902 1317 2023 1371 fidei
2069 1315 2236 1370 tradi-

661 1419 863 1470 tionem
907 1414 1234 1482 Patrumque
1279 1411 1697 1475 confessionem,
1731 1409 1822 1479 qui
1875 1409 2002 1462 olim
2040 1407 2232 1461 Niczrae

661 1504 974 1574 congregati
1032 1512 1182 1562 sunt,
1240 1511 1426 1555 contra
1482 1499 1842 1569 proferentes,
1882 1499 2235 1552 convinCere-

659 1613 800 1660 mus,
835 1611 955 1649 eum
1038 1594 1237 1649 nostris
1306 1594 1468 1647 dictis
1533 1591 2005 1660 reprehensionem
2060 1603 2235 1658 neque

661 1699 830 1751 recte,
892 1703 1067 1757 neque
1133 1687 1358 1742 honeste
1427 1684 1628 1747 moliri,
1680 1683 1850 1753 magis
1893 1692 2080 1738 autem
2110 1698 2231 1735 cum

658 1781 822 1850 206
853 1779 1049 1833 divinis
1087 1776 1384 1846 Scripturis
1420 1776 1760 1843 impudenter
1804 1788 2069 1844 pugnare.
2126 1773 2230 1827 Sed

658 1871 875 1940 sapiens
902 1877 958 1923 et
1005 1877 1215 1921 astutus
1257 1875 1563 1928 enarrator,
1619 1879 1738 1932 qua:
1790 1865 2006 1933 quidem
2055 1864 2236 1918 dicere

658 1961 884 2014 decebat
942 1967 998 2010 et
1057 1957 1422 2012 necessarium
1481 1965 1620 2020 erat,
1684 1955 2124 2024 prietennittens,
2181 1965 2234 2008 et

656 2045 878 2100 omnino
930 2044 996 2097 de
1042 2041 1240 2094 talibus
1269 2041 1405 2092 nihil
1459 2039 1727 2107 cogitans,
1763 2039 1867 2090 alia
1922 2038 2236 2105 aggreditur

657 2137 766 2190 via.
801 2132 1098 2189 Confestim
1132 2129 1275 2183 enim
1330 2143 1388 2183 se
1437 2129 1702 2182 convertit
1737 2129 1805 2181 ad
1855 2128 2232 2183 necessitatem

660 2224 935 2280 astruendi
982 2219 1335 2277 conversione
1377 2220 1628 2288 superius
1675 2233 1797 2273 esse
1835 2219 1931 2273 Dei
1970 2219 2232 2284 Verbum,

659 2332 758 2371 nec
790 2318 842 2369 in
881 2323 1132 2368 naturam
1184 2311 1369 2366 carnis
1417 2309 1860 2364 transformatum
1887 2325 2008 2366 esse
2034 2329 2047 2364 :
2076 2313 2232 2379 quasi

658 2422 787 2460 vero
843 2403 1328 2460 anathematismus
1384 2403 1435 2456 id
1471 2401 1781 2464 confirmet,
1834 2417 1898 2456 ac
1946 2403 2236 2457 ostendere

658 2497 810 2552 velit.
875 2495 1074 2548 Audiat
1136 2493 1336 2560 itaque,
1382 2492 1481 2560 qui
1528 2505 1820 2546 occurrere
1871 2493 1974 2558 his,
2039 2496 2237 2562 quibus

657 2586 1004 2650 contradicit,
1044 2584 1190 2638 nullo
1227 2583 1386 2638 modo
1433 2583 1584 2636 novit
1615 2595 1630 2634 :
1664 2581 1945 2651 Superilue
1971 2583 2233 2654 loqueris,

661 2679 839 2740 homo,
869 2683 925 2730 et
961 2688 1227 2744 repugnas
1283 2673 1568 2728 sententia:
1623 2674 1828 2727 odiosae
1881 2675 2044 2728 etiam
2093 2677 2235 2746 apud

658 2782 778 2821 nos.
815 2765 1075 2819 Novimus
1145 2765 1289 2816 enim
1338 2764 1481 2833 quod
1523 2765 1897 2820 conversionis
1941 2767 2235 2821 obumbra-

659 2860 858 2910 tionem
920 2855 1194 2909 sustinere
1235 2851 1416 2907 divina
1468 2864 1523 2906 et
1576 2870 1828 2921 suprema
1883 2865 2079 2911 natura
2127 2873 2233 2911 non

659 2950 902 3018 patitur:
928 2949 1021 3001 sed
1059 2960 1232 3015 neque
1261 2945 1354 2999 Dei
1391 2941 1631 2998 Verbum
1681 2959 1803 2999 esse
1846 2945 2105 3000 desinens
2134 2950 2236 3002 hoc

2342 503 2450 554 τῶν
2484 503 2657 565 οὕτως
2686 503 2864 573 ὀρθῶς
2902 504 3212 573 εἰρημένων
3245 505 3570 574 κατήγορος,
3606 505 3650 554 εί
3692 505 3766 573 μὴ
3798 504 3936 556 Θεὸν

2341 589 2448 645 οἶδε
2508 594 2650 646 κατὰ
2709 593 2970 663 ἀλήθειαν
3019 594 3149 646 ὄντα
3198 594 3290 646 τὸν
3354 594 3722 664 Ἐμμανουήλ,
3770 596 3820 645 εί
3856 593 3936 662 μὴ

2342 684 2670 752 γεγέννηται
2727 685 2870 738 κατά
2925 683 3104 752 σάρκα
3151 685 3216 737 ἐκ
3257 684 3356 754 τῆς
3411 687 3572 752 ἁγίας
3625 684 3935 754 Παρθένου,

2341 777 2478 844 σάρξ
2511 776 2773 844 γεγονὼς,
2823 777 2852 828 ὁ
2900 776 3036 829 Θεοῦ
3072 777 3244 844 Λόγος
3286 776 3426 828 κατά
3460 775 3562 838 τάς
3595 775 3841 846 Γραφάς,
3880 775 3936 826 τί

2343 866 2416 936 μὴ
2449 868 2651 936 μᾶλλον
2679 868 2920 935 ἔφασκεν
2961 866 3208 937 ἐναργῶς
3233 884 3244 896 ·
3291 865 3357 917 Τί
3403 865 3554 936 δρᾷς.
3589 858 3633 917 ὦ
3667 866 3928 932 γενναῖε;

2339 957 2518 1021 δεινάς
2547 976 2606 1012 τε
2645 958 2740 1011 καὶ
2775 958 3178 1028 παλιμφήμους
3200 956 3404 1029 ἐρεύγῃ
3448 956 3663 1024 φωνάς;
3699 954 3806 1007 τῶν
3831 955 3937 1022 τῆς

2340 1050 2598 1120 ἀληθείας
2658 1053 3054 1123 κατανεανιεύῃ
3115 1051 3436 1122 δογμάτων;
3477 1049 3590 1102 Οὐκ
3641 1048 3760 1100 ἐστι
3797 1046 3938 1108 Θεὸς

2339 1144 2481 1196 κατὰ
2512 1145 2774 1214 ἀλήθειαν
2820 1146 2849 1198 ό
2899 1145 3271 1215 Ἐμμανουὴλ,
3303 1143 3429 1196 οὔτε
3467 1143 3573 1212 μὴν
3605 1141 3866 1202 Θεοτόκος
3896 1143 3934 1211 ἠ

2338 1235 2470 1302 ἀγία
2511 1236 2820 1306 Παρθένος·
2873 1237 2961 1290 ἵνα
3010 1237 3105 1290 καὶ
3151 1239 3314 1306 ἡμεῖς
3355 1234 3524 1288 ταῦτα
3566 1233 3779 1303 βοῶντι,
3836 1231 3937 1283 καὶ

2336 1328 2573 1396 λέγοντι,
2601 1328 2670 1380 τὰ
2700 1329 2763 1381 ἐκ
2793 1329 2892 1399 τῆς
2928 1327 3291 1381 θεοπνεύστου
3322 1323 3544 1395 Γραφῆς
3576 1319 3937 1374 ἀντανιστάνο

2335 1434 2428 1480 τες
2449 1417 2761 1487 ἐμφρόνως,
2795 1419 2889 1469 καὶ
2918 1416 3018 1484 τῆς
3043 1414 3410 1483 ἀποστολικῆς
3437 1430 3496 1465 τε
3519 1411 3613 1464 καὶ
3639 1408 3936 1476 εὐαγγελι-

2344 1505 2447 1574 κῆς
2486 1506 2723 1568 πίστεως
2756 1505 2853 1575 τὴν
2886 1504 3204 1574 παράδοσιν,
3249 1503 3342 1554 καὶ
3385 1501 3486 1571 τὴν
3527 1500 3634 1552 τῶν
3667 1498 3938 1567 Πατέρων

2344 1597 2636 1667 ὁμολογίαν
2673 1595 2784 1650 τῶν
2835 1598 2978 1650 κατά
3025 1596 3254 1666 καιροὺς
3288 1595 3346 1646 ἐν
3377 1596 3443 1663 τῇ
3475 1590 3729 1644 Νικαέων
3754 1604 3940 1641 συνει-

2337 1688 2621 1756 λεγμένων
2685 1686 3117 1756 ἀντεξάγοντες,
3182 1685 3620 1754 δυσωπήσωμεν,
3678 1680 3756 1744 ὡς
3803 1678 3933 1731 οὔτε

2338 1779 2534 1848 ὀρθῶς,
2564 1778 2689 1830 οὕτε
2732 1777 2836 1847 μὴν
2868 1779 2926 1831 ἐν
2961 1777 3152 1845 κόσμῳ
3181 1778 3295 1838 τοῖς
3337 1775 3470 1846 παρ’
3503 1772 3661 1844 ἡμῶν
3702 1771 3941 1840 εἰρημέ-

2337 1887 2449 1932 νοις
2494 1869 2854 1939 ἐπιπλήττειν
2902 1871 3186 1930 ἐπιχειρεῒ,
3227 1866 3430 1928 μᾶλλον
3468 1860 3525 1912 δὲ
3565 1859 3761 1914 ἀνέδυν
3803 1865 3937 1922 ταῖς

2337 1962 2513 2016 Θείους
2547 1962 2780 2022 μάχεται
2807 1955 3067 2023 Γραφαϊς.
3116 1952 3257 2004 Ἀλλ’
3284 1952 3312 2003 ό
3350 1951 3512 2019 σοφὸς
3543 1952 3637 2004 καὶ
3666 1951 3935 2021 ἀγχίνους

2340 2043 2632 2115 ἐξηγητὴς,
2675 2043 2710 2096 ἃ
2756 2043 2854 2112 μὲν
2879 2038 2947 2113 ἦν
2977 2044 3124 2104 είκός
3150 2059 3208 2094 τε
3249 2042 3343 2095 καὶ
3382 2043 3682 2110 ἀναγκαῖον
3724 2043 3935 2103 εἰπεῖν,

2337 2135 2654 2207 παρήλασε,
2701 2132 3076 2204 πεφροντικὼς
3124 2133 3179 2185 δὲ
3222 2132 3359 2196 ὅλως
3386 2132 3495 2184 τῶν
3525 2131 3805 2191 τοιούτων·
3837 2132 3937 2183 οὺ-

2335 2227 2504 2290 δενὺς,
2538 2227 2623 2295 ἐφ’
2662 2227 2855 2297 ἑτέραν
2887 2227 3027 2278 ῐεται
3061 2225 3267 2296 τρίϐον.
3311 2226 3609 2295 Ἐτράπετο
3633 2226 3742 2296 γὰρ
3764 2225 3939 2287 εὐθὺς

2338 2319 2432 2372 ἐπὶ
2468 2319 2527 2370 τὸ
2563 2318 2673 2370 δεῖν
2698 2319 3043 2386 ἀποφαίνειν,
3075 2317 3154 2370 ὅτι
3189 2318 3397 2388 τροπῆς
3428 2318 3677 2388 ἀμείνων
3710 2318 3869 2370 ἐστὶν
3908 2319 3940 2370 ὁ

2336 2409 2431 2463 τοῦ
2467 2408 2603 2461 Θεοῦ
2633 2409 2828 2476 Λόγος,
2858 2409 2951 2460 καὶ
2979 2409 3078 2459 οὐκ
3116 2408 3196 2469 εἰς
3224 2406 3385 2475 φύσιν
3425 2406 3760 2477 μετεποιήθη
3792 2421 3936 2476 σαρ-

2336 2500 2453 2564 κὸς,
2498 2501 2572 2564 ὡς
2607 2501 2765 2553 τοῦτο
2810 2499 3196 2571 κρατύνοντος,
3235 2500 3329 2551 καὶ
3364 2498 3563 2568 ἀληθὲς
3602 2498 3937 2566 ἀποφαίνειν

2336 2593 2617 2655 ἐθέλοντος
2684 2591 2778 2644 τοῦ
2849 2589 3316 2660 ἀναθεματισμοῦ.
3394 2589 3665 2642 Ἀκουέτω
3719 2588 3935 2651 τοίνυν,

2336 2684 2581 2753 ὕπαντᾷν
2620 2676 2703 2744 οἷς
2750 2681 3021 2748 ἀντιλέγει
3077 2681 3199 2732 κατ’
3237 2679 3428 2732 οὐδένα
3473 2680 3676 2749 τρόπον
3720 2677 3886 2740 είδὼς
3919 2697 3934 2708 ·

2337 2773 2730 2840 Είκαιολογεῖς,
2755 2771 3031 2841 ἄνθρωπε,
3065 2771 3158 2822 καὶ
3193 2772 3340 2840 μάχῃ
3369 2771 3940 2840 φρονήματιμεμιση-

2339 2865 2485 2934 μένῳ
2519 2865 2614 2916 καὶ
2663 2861 2800 2933 πρὸς
2824 2862 3004 2932 ἡμῶν.
3041 2863 3232 2929 Ἰσμεν
3266 2862 3398 2931 γὰρ,
3430 2862 3510 2914 ὅτι
3553 2860 3764 2930 τροπῆς
3800 2861 3935 2913 ἐπι-

2338 2957 2583 3022 σκίασμα
2624 2955 2819 3007 παθεῖν
2852 2956 2885 3022 ἡ
2922 2953 3041 3006 θεία
3073 2970 3130 3006 τε
3175 2955 3269 3007 καὶ
3317 2952 3595 3023 ὑπερτάτη
3628 2951 3794 3022 φύσις
3827 2953 3936 3004 οὐκ

656 3040 804 3108 quod
834 3049 935 3099 est.
963 3038 1016 3090 in
1051 3045 1298 3090 naturam
1344 3034 1561 3090 transiit
1587 3034 1947 3100 carnis.Quia
2002 3050 2129 3091 vero
2158 3037 2230 3090 ait

2338 3045 2627 3114 ἀνέχεται·
2688 3043 2812 3096 οὕτε
2877 3044 2982 3114 μὴν
3042 3045 3070 3096 ό
3121 3044 3215 3096 τοῦ
3251 3043 3388 3096 Θεοῦ
3436 3044 3629 3111 Λόγος,
3678 3042 3740 3095 τὸ
3785 3039 3938 3096 εἶναι

657 3148 685 3182 a
717 3129 809 3184 Dei
862 3128 1035 3183 forma
1075 3134 1408 3194 assumptam
1452 3124 1595 3179 servi
1650 3123 1903 3188 formam,
1961 3125 2154 3178 doceat
2180 3127 2231 3178 in

658 3219 892 3271 medium
927 3215 1247 3282 procedens,
1280 3213 1325 3266 si
1367 3212 1569 3281 absque
1627 3212 2002 3267 subsistentiis
2026 3213 2153 3267 solae
2181 3223 2234 3267 et

656 3325 751 3376 per
785 3323 843 3360 se
869 3307 1055 3359 formae
1105 3316 1478 3358 convenerunt
1510 3305 1651 3356 inter
1685 3318 1766 3357 se.
1789 3303 1920 3366 Sed,
1954 3304 2230 3368 existimo,

656 3400 771 3458 ipse
799 3411 855 3448 se
876 3395 1058 3448 statim
1090 3401 1319 3447 evertet.
1343 3390 1459 3446 Non
1497 3393 1642 3446 enim
1671 3391 2055 3447 similitudines
2103 3393 2235 3446 sim-

656 3486 869 3552 pliciter
918 3499 1019 3538 uon
1076 3482 1460 3546 subsistentes,
1525 3491 1578 3536 et
1619 3481 1804 3536 formae
1860 3492 2232 3536 convenerunt

655 3577 797 3629 inter
845 3591 903 3628 se
945 3589 1039 3642 per
1080 3575 1332 3627 unionem
1383 3573 1861 3642 dispensatoriam,
1896 3574 1991 3626 sed
2048 3587 2232 3627 rerum

655 3669 770 3722 sive
818 3667 1249 3720 substantiarum
1303 3680 1601 3720 concursus
1629 3674 1712 3720 est
1744 3665 1942 3730 factus,
1977 3676 2035 3719 ut
2068 3666 2231 3719 inhu-

655 3756 980 3811 manationis
1011 3755 1150 3809 ratio
1182 3769 1308 3809 vere
1343 3754 1485 3808 facta
1517 3755 1790 3809 credatur.
1820 3756 1960 3827 Ergo
1998 3757 2046 3810 si
2085 3758 2232 3810 dice-

653 3861 774 3899 mus
825 3859 1042 3898 carnem
1085 3843 1289 3898 factum
1351 3842 1613 3911 Verbum,
1672 3861 1774 3899 non
1831 3846 2225 3911 confusionem,

653 3949 759 3988 non
817 3934 1122 3997 misturam,
1173 3949 1281 3988 non
1337 3935 1771 3998 conversionem,
1827 3945 1918 3988 aut
1979 3935 2233 3988 immuta-

653 4026 853 4079 tionem
883 4025 1175 4092 contigisse
1200 4023 1432 4078 dicimus
1463 4024 1605 4078 circa
1651 4025 1848 4092 ipsum,
1885 4024 1978 4079 sed
2018 4027 2227 4079 unitum

649 4116 828 4184 potius
890 4114 1234 4171 ineﬂabiliter
1283 4125 1335 4169 et
1373 4115 1809 4170 inenarrabiliter
1857 4120 2072 4185 corpori
2113 4119 2231 4169 aui-

651 4221 795 4260 mam
852 4207 1071 4260 habenti
1138 4206 1542 4261 iutellectivam.
1614 4208 1765 4272 Quod
1841 4218 2019 4262 autem
2088 4209 2227 4263 uniri

648 4296 865 4360 dicitur,
891 4311 995 4350 non
1032 4297 1213 4350 statim
1246 4296 1614 4361 confunditur,
1649 4297 1741 4352 sed
1781 4299 1957 4367 potius
1993 4301 2218 4354 alterum

648 4389 895 4441 assumit.
928 4387 1271 4441 Aflirmamus
1315 4388 1475 4456 igitur
1514 4387 1774 4455 Verbum,
1807 4392 1948 4460 quod
2005 4407 2071 4447 ex
2113 4393 2222 4446 Deo

646 4477 807 4531 Patre
833 4487 937 4539 est,
975 4479 1334 4542 assumpsisse
1387 4489 1629 4531 sanctam
1667 4492 1720 4534 et
1759 4483 2058 4535 animatam
2098 4499 2221 4537 car-

650 4580 795 4624 nem,
854 4565 1169 4628 unitumque
1226 4562 1521 4614 secundum
1581 4567 1859 4618 veritatem
1917 4567 2220 4634 inconfuse,

648 4669 712 4707 ex
757 4663 910 4705 utero
945 4653 1062 4719 ipso
1118 4651 1447 4717 processisse
1502 4651 1800 4715 hominem,
1856 4660 2222 4719 permansisse

645 4750 824 4795 autem
876 4741 1040 4794 etiam
1071 4740 1149 4792 sic
1179 4739 1342 4791 Deum
1397 4753 1581 4790 verum
1607 4739 1870 4806 :ideoque
1900 4747 1953 4792 et
1983 4739 2074 4793 Dei
2116 4739 2221 4793 Ge-

644 4829 808 4882 nitrix
849 4837 933 4880 est
957 4840 1141 4879 saneta
1181 4825 1366 4895 Virgo.
1402 4825 1748 4893 Superﬂuum
1780 4836 1958 4881 autem
1986 4829 2220 4882 arbitror

645 4920 979 4981 existimare,
1047 4918 1283 4971 hominis
1335 4921 1494 4970 etiam
1551 4918 1869 4985 genitricem
1938 4932 2056 4971 eam
2112 4920 2216 4972 dici

644 5021 916 5080 oportere.
959 5009 1088 5062 Nam
1124 5010 1165 5062 si
1211 5010 1424 5077 quidem
1485 5017 1670 5061 essent
1723 5010 1888 5079 aliqui
1938 5026 2003 5065 ex
2054 5013 2218 5065 multa

643 5103 857 5157 vesania
894 5102 1152 5163 dicentes,
1207 5099 1301 5152 Dei
1354 5097 1511 5152 Verbi
1543 5110 1791 5153 naturam
1826 5102 1989 5156 veluti
2016 5104 2217 5157 fontem

642 5193 931 5262 quemdam
979 5202 1028 5245 et
1093 5191 1323 5259 prOpritB
1372 5191 1704 5243 exsistentiae
1747 5193 2072 5260 principium
2118 5195 2220 5247 ha-

639 5280 821 5336 buisse
862 5296 1119 5346 carnem;
1149 5283 1286 5333 forte
1323 5280 1511 5332 fuisset
1553 5281 1731 5350 aliqua
1762 5298 1867 5336 non
1894 5287 2129 5339 absurda
2165 5297 2220 5340 et

641 5373 1033 5426 contemnenda
1085 5370 1222 5425 ratio
1256 5370 1585 5433 volentibus,
1619 5387 1738 5425 eam
1772 5375 1934 5427 etiam
1972 5375 2210 5431 hominis

2340 3139 2528 3208 μεθεὶς
2553 3139 2688 3207 ὅπερ
2714 3138 2880 3199 ἐστὶν,
2903 3138 2983 3198 είς
3006 3135 3102 3206 τὴν
3134 3136 3233 3204 τῆς
3261 3134 3464 3204 σαρκὸς
3494 3133 3937 3204 μετακεχωρηκε

2335 3228 2518 3294 φύσιν.
2559 3225 2781 3296 Ἐπειδὴ
2810 3226 2866 3277 δέ
2899 3242 3053 3293 φησι,
3086 3224 3237 3293 παρὰ
3274 3223 3374 3291 τῆς
3401 3221 3498 3273 τοῦ
3533 3221 3668 3273 Θεοῦ
3703 3222 3938 3291 μορφῆς

2339 3316 2555 3384 μορφὴν
2592 3312 2969 3381 ἀναληφθῆναι
3015 3311 3224 3372 δούλου,
3265 3310 3563 3363 διδασκέτω
3610 3310 3933 3379 παρελθὼν,

2335 3409 2382 3459 εί
2405 3406 2526 3474 δίχα
2551 3405 2662 3456 τῶν
2697 3403 3051 3456 ὑποστάσεων
3109 3401 3269 3469 μόναι
3316 3402 3409 3452 καὶ
3455 3400 3578 3452 καθ’
3618 3401 3828 3464 ἑαυτὰς
3872 3402 3936 3453 αἱ

2337 3495 2547 3565 μορφαὶ
2588 3492 2852 3562 συνῆλθον
2881 3491 3161 3560 ἀλλήλαις.
3206 3491 3370 3555 Ἀλλ’,
3410 3486 3586 3561 οἶμαι,
3617 3491 3937 3544 καταϐαλεῖ

2333 3587 2428 3639 καὶ
2455 3584 2618 3647 αὐτὸς
2643 3582 2837 3635 ἐαυτὸν
2873 3582 3102 3634 αὐτόθεν
3171 3581 3232 3633 ού
3258 3581 3366 3649 γάρ
3386 3581 3706 3653 ὁμοιότητες
3734 3581 3934 3645 ἁπλῶς

2333 3677 2721 3738 ἀνυπόστατοι,
2769 3675 2863 3725 καὶ
2907 3673 3116 3743 μορφαὶ
3163 3674 3466 3742 συνέϐησαν
3502 3673 3766 3744 ἀλλήλαις
3800 3675 3934 3729 καθ’

2332 3767 2526 3819 ἐνωσιν
2555 3764 2926 3835 οἰκονομικὴν,
2947 3765 3082 3817 ἀλλά
3100 3764 3462 3835 πραγμάτων,
3485 3767 3654 3835 ἠγουν
3683 3767 3933 3819 ὑποστά-

2335 3875 2472 3910 σεων
2503 3858 2694 3924 γέγονε
2723 3856 2963 3921 σύνοδος,
3003 3856 3091 3908 ἵνα
3121 3857 3216 3908 καὶ
3246 3857 3274 3907 ὁ
3314 3855 3417 3923 τῆς
3450 3857 3932 3926 ἐνανθρωπήσεως

2332 3949 2486 4015 λόγος
2508 3947 2722 4016 ἀληθῶς
2749 3944 3002 4014 γενέσθαι
3033 3945 3382 4015 πιστεύηται.
3427 3945 3637 4000 Οὐκοῦν
3664 3949 3710 3998 εί
3739 3946 3930 4014 λέγοι-

2334 4055 2433 4108 μεν
2477 4037 2654 4107 σάρκα
2698 4036 2951 4103 γενέσθαι
2999 4035 3091 4087 τὸν
3137 4035 3331 4103 Λόγον,
3389 4035 3450 4088 ού
3517 4034 3801 4104 σύγχυσιν,
3859 4039 3926 4088 οὐ

2331 4127 2567 4198 φυρμὸν,
2609 4126 2670 4178 ού
2701 4124 2928 4196 τροπὴν,
2969 4125 3069 4178 οὐκ
3110 4125 3396 4178 ἀλλοίωσιν
3459 4126 3734 4194 συμϐῆναι
3791 4129 3929 4194 περὶ

2328 4220 2489 4271 αὐτόν
2546 4235 2747 4288 φαμεν,
2802 4216 3043 4288 ἡνῶσθαι
3096 4216 3151 4267 δὲ
3208 4215 3409 4285 μᾶλλον
3463 4217 3760 4286 ἀφράστως
3825 4219 3928 4269 καὶ⁸

2334 4309 2661 4376 ἀπορρήτοις
2718 4305 2931 4373 σώματι
2977 4304 3156 4372 ψυχὴν
3215 4305 3392 4372 ἔχοντι
3447 4307 3660 4375 νοεράν.
3722 4307 3800 4358 Τὸ
3864 4308 3926 4359 δὲ

2336 4396 2583 4450 ἐνοῦσθαι
2615 4395 2907 4463 λεγόμενον
2940 4393 3001 4443 οὐ
3037 4395 3318 4461 συγχεῖται
3364 4395 3600 4455 πάντως,
3635 4396 3694 4446 έν
3743 4413 3925 4465 προσ-

2331 4486 2489 4556 λήψει
2535 4485 2591 4536 δὲ
2643 4483 2843 4552 μᾶλλον
2901 4481 3087 4551 ἐτέρου
3149 4482 3378 4548 γίνεται.
3445 4483 3924 4552 Διαόεὸαιούμεθα

2329 4578 2506 4629 τοίνυν
2543 4576 2634 4627 τὸν
2683 4577 2746 4628 ἐκ
2797 4575 2931 4628 Θεοῦ
2981 4576 3194 4646 Πατρὸς
3241 4579 3433 4644 Λόγον,
3488 4580 3547 4630 ἐν
3607 4580 3924 4651 προσλήψει

2328 4667 2590 4734 γεγονότα
2627 4666 2727 4734 τῆς
2767 4667 2932 4734 ἁγίας
2979 4684 3036 4718 τε
3090 4669 3181 4720 καὶ
3220 4669 3466 4738 ἐμψύχου
3508 4671 3728 4738 σαρκὸς,
3784 4674 3924 4724 ἑνω-

2330 4754 2488 4807 θέντα
2518 4773 2576 4806 τε
2601 4757 2741 4809 κατὰ
2765 4757 3022 4826 ἀλήθειαν
3049 4759 3388 4826 ἀσυγχύτως,
3419 4763 3480 4813 ἐκ
3507 4763 3717 4830 μήτρας
3738 4764 3923 4831 αὐτῆς

2328 4845 2613 4914 προελθεῖν
2646 4846 2953 4914 ἄνθρωπον,
2994 4851 3361 4917 μεμενηκέναι
3408 4851 3463 4902 δὲ
3494 4852 3584 4902 καὶ
3611 4852 3752 4903 οὕτω
3779 4854 3922 4906 Θεὸν

2326 4933 2580 5003 ἀληθινόν
2601 4951 2612 4963 ·
2645 4934 2816 5005 ταύτῃ
2838 4953 2917 4988 τοι
2943 4938 3038 4988 καὶ
3068 4938 3327 5001 Θεοτόκος
3352 4942 3498 4991 ἐστὶν
3535 4943 3565 5009 ή
3602 4941 3728 5006 ἁγία
3763 4942 3923 5010 Παρο

2327 5022 2499 5084 θένος.
2534 5024 2796 5093 Περιττὺν
2828 5026 2882 5077 δὲ
2907 5022 3059 5095 οἶμαι
3099 5028 3160 5079 τὸ
3202 5028 3312 5079 δεῖν
3336 5029 3541 5080 οἴεσθαι
3573 5031 3666 5081 καὶ
3698 5030 3920 5098 άνΘοω-

2327 5115 2556 5168 ποτόκον
2602 5117 2777 5167 είπεῖν
2828 5118 3016 5184 αὑτήν.
3071 5119 3131 5170 Εἰ
3183 5121 3283 5187 μὲν
3316 5120 3424 5190 γὰρ
3472 5116 3613 5190 ἦσάν
3661 5138 3811 5183 τινες
3851 5124 3920 5174 ἐκ

2324 5205 2525 5274 πολλῆς
2563 5205 2703 5271 ἀγαν
2731 5207 3153 5274 φρενοϐλαϐείας
3188 5209 3457 5275 λέγοντες,
3484 5210 3581 5280 τὴν
3613 5211 3705 5262 τοῦ
3730 5213 3917 5277 Λόγου

2324 5294 2506 5361 φύσιν,
2556 5296 2738 5364 πηγὴν
2770 5297 2961 5367 ὥσπερ
2993 5298 3134 5363 τινὰ,
3166 5299 3262 5351 καὶ
3300 5301 3398 5368 τῆς
3442 5296 3582 5362 ἰδίας
3616 5303 3912 5370 ὑπάρξεως

2319 5384 2494 5453 ἀρχὴν
2539 5385 2831 5453 ἐσχηκέναι
2867 5389 2963 5456 τὴν
2998 5389 3197 5458 σάρκα,
3247 5391 3387 5459 τάχα
3421 5408 3500 5453 τις
3544 5387 3611 5460 ἦν
3653 5394 3751 5444 οὐκ
3795 5395 3911 5446 ἀπὺ

1700 5507 1877 5562 Variae
1916 5509 2177 5569 lectiones
2206 5531 2269 5570 ex
2308 5517 2492 5570 codice
2533 5519 2903 5585 Seguicnauo.

706 5647 734 5688 1
763 5640 846 5691 ισ.
875 5638 983 5692 ὅτε.
