4042 6468
126 351 213 405 597
700 344 1226 402 APOLOGETICUS
1265 342 1542 400 CONTRA
1584 341 2103 398 THEODORETUM
2147 342 2278 398 PRO
2320 344 2409 399 ΧΗ
2451 342 2832 399 CAPITIBUS.

3260 343 3367 397 598

131 462 321 515 ςκοποῦ
357 465 458 514 καὶ
490 462 798 530 ἀπόϐλητος
844 463 999 529 λόγος
1030 466 1141 525 τοῖς
1182 464 1458 517 ἐθέλουσιν
1502 462 1699 533 ὀνομά-

1829 464 2121 529 genitricem
2160 466 2423 520 nominari
2460 474 2729 533 oportere.
2768 464 2901 529 Quia
2934 478 3060 516 vero
3092 463 3370 516 abomina-

125 555 303 617 ζεσθαι
362 556 479 605 δεῖν
526 555 618 604 καὶ
665 552 1077 622 ἁνθρωποτόκον
1128 554 1314 624 αὐτήν.
1382 553 1596 622 Ἐπειδὴ
1643 552 1700 605 δὲ

128 644 353 711 βδελυρὰ
391 642 485 694 καὶ
513 642 880 711 ἀπηχθημένη
901 643 1049 712 παρὰ
1075 643 1238 695 πᾶσίν
1260 643 1406 695 ἐστιν
1427 643 1698 713 ἡτοιαύτη

126 734 265 797 ilia,
298 736 513 785 νοεῖται
546 733 601 785 δὲ
632 734 729 801 οὐχ
764 733 965 803 ἑτέρως
1008 735 1269 796 Θεοτόκος
1309 737 1339 804 ἡ
1375 735 1504 801 ἀγία
1553 736 1699 804 Παρο

134 825 308 886 Θὲνος,
342 825 393 875 εί
434 825 510 892 μὴ
547 824 956 893 παρεισδέξαιτό
1003 843 1083 886 τις
1128 826 1224 895 τὴν
1259 825 1437 878 πίστιν
1465 825 1582 890 τοῦ,
1620 828 1700 879 ὅτι

126 916 312 980 γέγονε
343 913 506 982 σὰρξ,
536 914 813 966 τουτέστιν
844 915 1143 983 ἄνθρωπος,
1170 916 1197 967 ὁ
1228 916 1291 967 ὲκ
1317 916 1449 969 Θεοῦ
1492 916 1702 985 Πατρὸς

125 1007 289 1073 Λόγος
314 1022 326 1034 ⁸
363 1006 428 1057 οὺ
464 1006 574 1075 γάρ
599 1022 701 1058 που
728 1005 957 1071 θεότητα
984 1007 1213 1076 γυμνὴν,
1254 1008 1327 1069 ὡς
1369 1007 1525 1076 ἔφην,
1554 1007 1703 1059 ἑκτέ-

125 1111 277 1145 τοχεν
313 1096 345 1161 ἡ
377 1094 511 1159 ἁγία
545 1093 819 1165 Παρθένος
843 1110 855 1122 ·
898 1094 948 1144 τί
987 1093 1044 1144 τὸ
1071 1094 1169 1162 τῆς
1195 1096 1493 1158 ὲνστὰσεως
1517 1094 1704 1161 ὄφελος

126 1184 227 1233 τῶν
276 1185 484 1252 χρῆναι
534 1183 801 1249 λεγόντων
840 1184 1201 1252 ὀνομάζεσθαι
1230 1184 1338 1236 δεῖν
1370 1185 1463 1238 καὶ
1494 1185 1705 1254 ἀνθρω-

128 1274 359 1326 ποτόκον
390 1275 596 1343 adripi;
638 1274 799 1336 Ἀλλ’,
821 1274 895 1336 ὡς
918 1273 1109 1338 ἔοικεν,
1136 1275 1421 1346 ἐξεύρηταί
1440 1294 1489 1329 τι
1514 1277 1705 1345 πικρὸν

127 1364 311 1425 αὺτοῖς
340 1364 491 1415 κατά
522 1362 760 1432 Χριστοῦ
796 1362 1144 1433 σκαιώρημα.
1176 1366 1249 1417 Οὐ
1283 1367 1391 1434 γὰρ
1426 1366 1706 1433 ἀνέχονται

128 1458 373 1523 φρονεῖν,
432 1454 463 1523 ἦ
516 1453 697 1520 λέγειν
746 1453 907 1506 αὑτὸν
958 1455 1046 1506 τὸν
1100 1456 1163 1506 ἐκ
1210 1454 1343 1507 Θεοῦ
1373 1455 1467 1507 καὶ
1497 1456 1706 1523 Πατρὸς

128 1545 467 1614 προαιὼνιον
516 1544 664 1608 Υίὸν,
710 1546 768 1596 ὲν
807 1546 1054 1612 ἐσχάτοις
1105 1544 1197 1597 τοῦ
1239 1546 1431 1607 αίῶνος
1475 1548 1706 1615 καιροῖς,

126 1637 479 1703 ἀσυγχύτως,
525 1636 845 1704 ἀτρέπτως.
889 1637 951 1687 ὲκ
983 1636 1196 1706 μήτρας
1240 1637 1502 1706 ένωθῆναι
1547 1638 1712 1706 σαρκὶ

124 1730 307 1797 ψυχὴν
338 1728 546 1797 ἐχούσῃ
573 1726 670 1795 τὴν
701 1726 946 1795 λογικὴν,
993 1726 1135 1779 οὕτω
1182 1743 1240 1778 τε
1296 1727 1546 1792 γενέσθαι
1588 1727 1708 1780 καθ’

1807 551 1931 606 bilis
1963 562 2018 607 et
2064 556 2247 611 odiosa
2281 556 2500 625 quidem
2542 558 2677 623 apud
2724 568 2913 608 omnes
2950 562 3031 608 est
3059 553 3366 622 huiusmodi

1807 642 2008 710 opinio,
2064 658 2238 712 neque
2282 645 2437 697 aliter
2498 643 2827 711 intelligitur,
2885 634 2977 696 Dei
3036 640 3368 696 Genitricem

1808 748 1928 789 esse
1967 743 2209 788 sanctam
2247 735 2543 803 Virginem,
2586 734 2687 788 nisi
2740 734 2973 801 primum
3005 732 3126 799 quis
3159 730 3367 791 credat,

1809 824 1949 892 quod
1983 806 2241 886 Verbum,
2289 827 2431 894 quod
2465 839 2530 879 ex
2567 826 2675 879 Deo
2716 824 2893 887 Patre,
2933 821 3131 876 factum
3173 821 3245 874 sit
3277 834 3374 873 ca-

1812 932 1892 983 ro,
1944 916 2046 970 hoc
2071 927 2152 970 est
2187 918 2346 970 homo
2376 916 2533 985 207
2581 917 2711 982 (non
2740 916 2882 968 enim
2929 922 3076 966 certe
3119 910 3371 964 divinita-

1815 1019 1918 1063 tem
1949 1007 2169 1071 nudam,
2205 1007 2363 1061 sicuti
2395 1008 2524 1067 dixi,
2555 1007 2762 1075 peperit
2794 1013 2981 1059 sancta
3009 1001 3195 1070 Virgo)
3222 1015 3374 1068 ;qna:

1811 1098 2075 1164 esthujus
2122 1097 2388 1151 instantia:
2418 1097 2639 1159 utilitas,
2674 1094 2965 1150 dicentium
2982 1104 3230 1163 oportere
3275 1107 3372 1144 no-

1814 1187 2005 1242 minari
2034 1202 2151 1241 eam
2179 1197 2230 1241 et
2258 1188 2491 1241 hominis
2517 1186 2876 1255 genitricem?
2904 1184 3008 1239 Sed
3042 1186 3181 1240 sicut
3207 1198 3373 1252 appa-

1815 1290 1914 1347 ret,
1975 1281 2187 1334 inventa
2219 1281 2284 1333 ab
2311 1280 2390 1334 eis
2434 1290 2518 1334 est
2561 1290 2749 1333 contra
2806 1278 3079 1332 Christum
3106 1276 3373 1329 virulenta

1814 1371 2055 1439 quaedam
2114 1369 2466 1423 machinatio.
2518 1369 2633 1423 Non
2686 1370 2829 1424 enim
2878 1369 3159 1438 patiuntur
3187 1380 3378 1435 sapere

1816 1463 1897 1515 vel
1951 1462 2147 1524 dicere,
2186 1448 2382 1528 ips-um,
2418 1464 2508 1529 qui
2567 1475 2629 1514 ex
2683 1461 2790 1515 Deo
2836 1470 2889 1513 et
2930 1458 3090 1511 Patre
3125 1465 3208 1510 est
3254 1464 3378 1509 ante

1817 1550 2011 1605 saecula
2068 1548 2256 1612 Filius,
2320 1549 2372 1601 in
2440 1548 2752 1602 novissimis
2806 1547 2987 1601 saeculi
3049 1543 3384 1612 temporibus

1820 1642 2122 1705 inconluse,
2154 1640 2659 1705 iuconvertibiliter,
2684 1656 2746 1693 ex
2802 1650 2953 1693 utero
2984 1640 3193 1691 unitum
3227 1635 3379 1690 carni

1822 1732 2053 1785 animam
2124 1730 2342 1784 habenti
2387 1729 2730 1792 rationalem,
2772 1728 2957 1796 sicque
2992 1726 3190 1781 factum
3232 1725 3382 1778 simi-

126 1820 279 1886 ἡμᾶς
331 1818 658 1883 ἀνθρωπονθ
716 1817 830 1869 ἀλλ’
877 1817 950 1879 ὼς
991 1818 1083 1869 ἕνα
1142 1817 1249 1870 τῶν
1292 1819 1461 1885 ἁγίων
1510 1818 1715 1871 ἔνοικον

1829 1834 1918 1873 .em
1954 1817 2107 1872 nobis
2143 1820 2458 1872 hominem:
2494 1817 2609 1880 sed,
2659 1825 2916 1883 tauquam
2951 1828 3114 1867 unum
3160 1821 3382 1865 sancto-

128 1910 327 1973 ἔχοντα
366 1906 504 1957 Θεὸν
550 1904 933 1972 διακηρύττειν
973 1906 1302 1967 επεὶγονται,
1359 1911 1451 1960 καὶ
1505 1911 1718 1976 φρονεῖν

129 1995 554 2054 ἀναπείθουσιν,
587 1995 687 2045 οὐκ
734 1990 1061 2053 ἐννοοῦντες,
1097 1992 1179 2043 ὅτι
1209 1993 1299 2043 καὶ
1344 1995 1403 2045 ὲν
1444 2002 1574 2061 ημιν
1604 2000 1719 2050 Eon

129 2085 217 2135 διὰ
246 2084 346 2135 τοῦ
386 2082 734 2149 Πνεῦματος,
768 2082 843 2143 ὡς
875 2082 933 2131 ὲν
970 2081 1148 2146 ἁγίοις
1187 2084 1353 2145 ναοῖς,
1383 2083 1411 2133 ό
1443 2082 1550 2134 τῶν
1586 2083 1721 2134 ὅλων

130 2175 287 2236 Θεός.
329 2174 653 2242 Γέγραπται
697 2173 828 2240 γάρ,
884 2173 969 2225 ὅτι
1027 2172 1178 2224 (Οὐκ
1218 2173 1422 2233 οἴδατε,
1465 2174 1546 2226 ὅτι
1597 2173 1723 2235 ναὸς

132 2267 273 2319 Θεοῦ
307 2268 457 2329 ἐστε,
494 2266 589 2317 καὶ
620 2266 680 2316 τὸ
708 2265 935 2333 Πνεῦμα
974 2262 1067 2315 τοῦ
1108 2263 1242 2316 Θεοῦ
1279 2266 1417 2315 οἰκεῖ
1454 2267 1511 2315 ὲν
1558 2264 1719 2332 ὑμῖν;

136 2357 200 2407 Εἴ
220 2374 309 2417 τις
338 2351 437 2407 οῦν
468 2355 560 2406 τὸν
588 2356 714 2407 ναὸν
746 2355 838 2406 τοῦ
872 2354 1004 2406 Θεοῦ
1030 2354 1249 2422 φθείρῃ,
1280 2352 1471 2423 φθερεῖ
1496 2353 1679 2405 τοῦτον
1699 2356 1726 2404 ό

134 2446 271 2506 Θεός
294 2463 308 2475 ·
338 2448 367 2498 ὁ
394 2446 508 2513 γὰρ
543 2446 667 2507 ναὸς
688 2446 785 2504 ,τοῦ
811 2445 945 2497 Θεοῦ
975 2446 1126 2512 ἀγιός
1152 2447 1318 2509 ἐστιν,
1356 2446 1410 2497 οἵ
1434 2445 1576 2507 τινές
1603 2447 1726 2496 ὲστε

137 2538 323 2605 ὑμεῖς.
359 2554 377 2585 ι
433 2536 569 2586 Ἀλλ’
612 2536 659 2586 εἰ
694 2536 789 2588 καὶ
820 2534 1185 2604 ὠνομάσμεθα
1233 2535 1352 2587 ναοὶ
1399 2533 1556 2596 Θεοῦ,
1598 2533 1727 2585 Θεὸν

137 2624 360 2693 ἔχοντες
385 2624 477 2675 τὸν
498 2622 810 2675 ἐνοικοῦντα
830 2622 916 2675 διὰ
935 2623 1028 2675 τοῦ
1051 2621 1189 2674 Πνεύ
1200 2639 1388 2691 ματος,
1404 2621 1518 2673 ἀλλ’
1542 2621 1728 2689 ἕτερον

140 2718 308 2788 ἴσμεν
370 2718 466 2771 τοῦ
519 2718 661 2771 κατά
700 2719 935 2787 Χριστὸν
992 2716 1293 2787 μυστηρίου
1346 2716 1438 2768 τὸν
1493 2714 1725 2785 τρόπον·

140 2809 391 2876 ἡνῶσθαι
423 2809 533 2876 γὰρ
562 2809 636 2876 τῷ
663 2808 781 2876 Θεῷ
810 2809 965 2877 Λόγῳ
983 2809 1124 2860 κατά
1149 2807 1406 2877 ἀλήθειαν
1429 2807 1527 2877 τὴν
1556 2807 1732 2877 σάρκα

142 2897 351 2964 φαμὲν,
402 2896 582 2964 ψυχῆς
639 2896 882 2964 δηλονότι
912 2898 1009 2964 τῆς
1038 2898 1257 2965 λογικῆς
1304 2897 1527 2967 ἐνούσης
1571 2898 1728 2965 αὐτῇ.

154 2986 481 3053 Ἐπυθόμην
513 2986 557 3037 δ’
576 2986 642 3038 ἂν
669 2986 841 3055 ἡδέως
868 2986 1031 3038 αὐτοῦ
1054 3003 1067 3016 ·
1100 2987 1301 3055 πότερα
1336 2986 1399 3055 δὴ
1421 2987 1517 3055 τὴν
1542 2987 1733 3039 ἕνωσιν

142 3074 237 3126 τοῦ
269 3074 459 3149 Λόγρυ
500 3074 636 3144 πρὸς
666 3075 725 3127 τὸ
761 3074 1121 3145 ἀνθρώπινον,
1178 3076 1346 3144 ἤγουν
1373 3074 1469 3143 τὴν
1506 3076 1641 3144 πρὸς
1673 3076 1733 3127 τὸ

142 3164 302 3229 ἅγιον
344 3165 528 3233 σῶμα.
583 3164 644 3217 τὸ
694 3165 789 3217 καὶ
847 3166 1093 3234 ψυχωθὲν
1144 3165 1366 3234 νοερῶς,
1420 3165 1734 3234 πεπρᾶχθαί

143 3272 316 3321 φησιν
353 3256 499 3306 κατά
524 3255 803 3323 ἀλήθειαν,
838 3256 868 3324 ἥ
919 3258 1031 3317 τοῖς
1060 3255 1239 3317 ἄλλοις
1267 3255 1403 3322 ὁμοῦ
1450 3256 1543 3306 καὶ
1575 3255 1736 3314 αὐτὸς

144 3346 291 3397 κατὰ
334 3346 635 3410 συνάφειαν
667 3345 923 3411 σχετικὴν
952 3345 1349 3414 δουλοπρεποῦς
1393 3347 1485 3397 καὶ
1534 3347 1733 3397 ἀνυπο-

148 3435 352 3485 στάτου
390 3434 608 3501 μορφῆς
637 3435 775 3501 πρὸς
802 3435 1167 3486 ὲνυπόστατον
1196 3437 1288 3488 καὶ
1319 3436 1467 3487 θείαν
1501 3437 1733 3506 μορφὴν,

146 3525 177 3589 ἦ
212 3523 340 3575 καθ’
376 3524 570 3591 ἕτερον
600 3522 822 3591 τρόπον,
859 3524 997 3575 κατά
1040 3525 1206 3593 μόνην
1235 3526 1332 3593 τῆς
1363 3528 1608 3594 υἱότητος
1641 3528 1737 3595 τὴν

147 3613 501 3680 ὁμωνυμίαν,
527 3612 622 3664 καὶ
652 3612 790 3664 κατά
815 3614 913 3681 τὴν
946 3624 967 3649 ι
1003 3615 1221 3683 ἰσότητα
1250 3612 1736 3686 τῶν’ἀξιωμάτων;

149 3705 313 3771 εἴπερ
342 3719 429 3764 τις
460 3702 621 3757 ἄλλος
650 3714 675 3742 ι
710 3704 1006 3770 συναφείας
1056 3707 1236 3758 οὐτοσὶ
1276 3711 1474 3761 νοεῖται
1516 3710 1734 3779 τρόπος.

163 3794 331 3845 Ἀ).λά
362 3795 496 3862 γάρ,
528 3793 604 3856 ὡς
637 3793 802 3860 ἔοικε,
835 3796 1149 3866 παρενοχλῶ
1189 3798 1395 3867 μάτην³
1435 3800 1737 3869 πεποίημαι

150 3888 203 3938 δὲ
233 3883 514 3953 περιττῶς
545 3885 643 3955 τὴν
667 3883 881 3947 πεῦσιν,
912 3886 1048 3956 ἔχων
1079 3888 1243 3939 αὑτοῦ
1275 3888 1456 3956 φωνὰς
1483 3889 1577 3941 καὶ
1597 3890 1736 3958 σαφῆ

152 3980 248 4045 τὴν
280 3975 603 4046 ὁμολογίαν.
660 3976 749 4027 Ἐν
786 3977 894 4046 γάρ
950 3994 1033 4029 τοι
1085 3977 1162 4046 τῷ
1211 3978 1411 4047 πρώτῳ
1461 3981 1738 4049 κεφαλαίῳ

154 4072 339 4138 φησὶν
380 4067 574 4127 αὑταῖς
626 4065 838 4130 λέξεσιν
899 4058 1034 4119 ὦδε·
1092 4068 1189 4119 Διά
1238 4068 1394 4119 τοῦτο
1442 4070 1502 4120 τὸ
1556 4071 1739 4139 τεχθὲν

157 4158 361 4227 βρέφος
426 4155 895 4226 προσαγορεύεται
962 4158 1347 4228 Ἐμμανουὴλ,
1418 4160 1541 4211 οὒτε
1609 4162 1739 4223 Θεὸς

156 4242 513 4313 ἀνθρωπείας
564 4242 969 4310 κεχωρισμένος
1013 4243 1255 4311 φύσεως,
1296 4244 1418 4297 οῦτε
1456 4246 1737 4317 ἄνθρωπος

158 4331 595 4400 γεγυμνωμένος
622 4331 891 4398 θεότητος.
921 4333 1064 4384 Ἔδει
1093 4335 1193 4402 μὲν
1220 4330 1313 4386 οῦν
1341 4336 1502 4387 αὑτὸν
1535 4338 1735 4407 ἀκριϐῆ

162 4427 250 4476 καὶ
303 4421 742 4493 τετορνευμένην
784 4422 883 4489 τὴν
937 4424 1061 4492 περί
1105 4440 1167 4490 γε
1217 4426 1420 4478 τούτων
1466 4430 1743 4497 ἀφήγησιν

163 4514 440 4566 ποιεῖσθαι
472 4511 670 4580 φιλεῖν.
732 4511 877 4579 Πλὴν
921 4513 1096 4566 ἐκεῖνο
1137 4516 1272 4577 τέως
1307 4519 1745 4587 ἐπισημήνασθαι

165 4606 267 4673 χρή
297 4622 311 4633 ·
346 4604 461 4656 ίδοὺ
493 4601 602 4671 γὰρ
630 4601 818 4653 ἐνθάδε
855 4602 945 4653 καὶ
975 4604 1119 4671 μάλα
1156 4606 1342 4673 σαφῶς
1377 4609 1745 4677 διερμηνεύων

166 4694 320 4755 αἰετὸς
341 4693 443 4762 τὴν
471 4693 686 4753 ἕνωσιν,
721 4690 932 4757 φύσεως
959 4692 1302 4763 ἀνθρωπίνης
1335 4695 1393 4745 οὺ
1420 4698 1746 4766 κεχωρίσθαι

170 4787 298 4854 φησὶ
335 4784 433 4835 τὸν
466 4782 600 4833 Θεόν
623 4797 635 4809 ·
684 4781 1081 4849 προσομολογεῖ
1118 4782 1193 4845 δὲ,
1243 4783 1323 4833 ὅτι
1360 4785 1452 4834 καὶ
1490 4786 1583 4835 ἕνα
1629 4783 1747 4834 καθ’

169 4878 357 4928 ἕνωσιν
410 4872 767 4941 οίκονομικὴν
817 4870 952 4924 οΐδεν
1005 4873 1132 4924 ὄντα
1192 4874 1283 4925 τὸν
1336 4874 1587 4943 Χριστὸν,
1652 4875 1743 4925 τὸν

174 4968 325 5019 αὑτὸν
347 4962 750 5035 δηλονότιΘεόν
771 4980 828 5014 τε
848 4962 980 5031 ὁμοῦ
1012 4964 1103 5015 καὶ
1134 4963 1436 5032 ἄνθρωπον.
1467 4961 1599 5016 Εἶτα
1630 4964 1744 5026 πῶς

171 5059 263 5109 οὐκ
296 5058 553 5126 ἐρυθριᾷ,
586 5057 698 5117 τοῖς
732 5055 863 5124 παρ’
906 5055 1061 5123 ἡμῶν
1089 5057 1368 5122 γεγονόσιν
1399 5057 1744 5127 ἐπιπλήττων

173 5151 287 5215 ὶόγο
296 5168 341 5211 ις
354 5169 369 5214 ;

247 5393 289 5422 ’⁸
318 5393 334 5447 l
362 5392 487 5446 Cor.
530 5404 611 5451 ιιι,
648 5388 851 5451 16,17.

1820 1924 1959 1975 rum,
2014 1909 2405 1962 inhabitantem
2435 1906 2690 1960 habuisse
2744 1904 2912 1958 Deum
2967 1903 3264 1972 praedicare
3291 1915 3383 1953 co-

1821 2010 2038 2059 nantur,
2071 2001 2255 2053 ethoc
2294 1998 2631 2051 sentiendum
2688 1996 2939 2054 suadent,
2986 2008 3090 2045 non
3138 1990 3386 2043 conside-

1824 2093 2029 2147 rantes,
2082 2085 2223 2151 quod
2260 2093 2312 2137 et
2348 2084 2399 2135 in
2433 2083 2588 2137 nobis
2652 2091 2734 2137 est
2793 2096 2891 2149 per
2934 2079 3215 2149 Spiritum,
3249 2079 3387 2133 sicut

1826 2174 1875 2226 in
1915 2174 2119 2227 sanctis
2178 2171 2406 2239 templis,
2460 2171 2700 2225 omnium
2755 2170 2916 2223 Deus.
2979 2168 3251 2237 Scriptum
3307 2178 3389 2221 est

1825 2267 1966 2319 enim
1998 2289 2008 2318 :
2047 2284 2063 2315 ‹
2105 2262 2355 2326 Nescitis,
2384 2262 2508 2330 quia
2544 2260 2799 2329 templum
2839 2261 2927 2313 Dei
2959 2260 3111 2324 estis,
3135 2268 3187 2313 et
3212 2258 3385 2327 Spiri-

1829 2366 1913 2410 tus
1943 2356 2031 2410 Dei
2064 2355 2271 2408 habitat
2322 2355 2373 2407 in
2430 2352 2635 2407 vobis?
2686 2352 2741 2406 Si
2771 2353 2892 2420 quis
2939 2365 3068 2421 ergo
3130 2348 3388 2417 templum

1830 2446 1920 2498 Dei
1974 2444 2298 2513 corruperit,
2352 2452 2664 2513 corrumpet
2720 2441 2868 2495 illum
2912 2441 3097 2495 Deus:
3134 2439 3390 2507 templum

1828 2536 1972 2589 enim
1992 2536 2085 2588 Dei
2119 2544 2362 2588 sanctum
2389 2542 2493 2597 est,
2520 2534 2661 2600 quod
2692 2533 2824 2587 estis
2849 2547 2944 2586 vos
2971 2532 3037 2583 ⁷⁸.
3076 2550 3093 2581 ι
3132 2530 3237 2585 Sed
3270 2529 3395 2584 licet

1833 2626 2175 2679 nominentur
2212 2624 2407 2693 templa
2445 2624 2561 2688 Dei,
2596 2638 2717 2678 cum
2752 2622 2918 2677 Deum
2961 2622 3258 2677 habeamus
3311 2620 3395 2673 in-

1833 2717 2167 2771 habitantem
2198 2732 2295 2784 per
2350 2716 2649 2784 Spiritum;
2686 2724 2922 2768 attamen
2978 2714 3206 2767 alterum
3240 2712 3395 2766 novi-

1833 2823 1952 2861 mus
2001 2808 2215 2860 modum
2245 2804 2568 2859 sacramenti
2598 2805 2893 2858 secundum
2923 2800 3217 2856 Christum.
3258 2800 3399 2855 Vere

1835 2899 1979 2951 enim
2039 2897 2243 2950 unitam
2299 2910 2420 2950 esse
2471 2894 2581 2948 Deo
2613 2894 2797 2948 Verbo
2832 2908 3048 2947 carnem
3082 2893 3395 2957 asserimus,

1836 2986 2013 3038 anima
2064 2986 2253 3053 utique
2298 2982 2547 3037 rationali
2595 2982 2897 3051 praeditam.
2935 2980 3191 3035 Libenter
3217 2992 3398 3035 autem

1762 3109 1803 3165 ο
1838 3088 1958 3128 eum
2011 3085 2382 3144 percontarer,
2416 3082 2597 3126 utrum
2638 3073 2887 3126 unionem
2920 3071 3077 3125 Verbi
3110 3072 3175 3124 ad
3207 3071 3398 3126 huma-

1846 3163 2091 3227 nitatem,
2120 3165 2232 3217 sive
2265 3165 2328 3217 ad
2360 3173 2607 3217 sanctum
2652 3176 2847 3231 corpus
2897 3164 3191 3216 animatum
3243 3163 3403 3217 intel-

1839 3252 2030 3305 lectiva
2077 3255 2279 3317 anima,
2321 3269 2445 3308 vere
2484 3253 2675 3308 factam
2711 3254 2875 3318 dicat,
2907 3267 2973 3307 an
3004 3268 3124 3307 cum
3168 3253 3290 3309 aliis
3329 3256 3403 3309 si-

1840 3342 1949 3394 mul
1985 3350 2038 3396 et
2083 3343 2195 3409 ipse
2252 3344 2418 3405 dicat,
2474 3344 2772 3398 secundum
2816 3344 3232 3411 copulationem,
3285 3360 3405 3414 quae

1840 3447 1935 3500 per
1988 3434 2356 3487 habitudinem
2399 3443 2503 3498 est,
2556 3433 2773 3487 servilis
2803 3444 2855 3486 et
2901 3449 3004 3487 non
3056 3435 3404 3489 subsistentis

1840 3524 2026 3577 forma:
2086 3528 2148 3577 ad
2205 3526 2593 3579 subsistentem
2649 3534 2699 3578 et
2745 3524 2979 3578 divinam
3013 3524 3284 3591 formam;
3314 3538 3407 3578 aut

1842 3615 1951 3668 alio
1988 3616 2168 3680 modo,
2219 3615 2514 3668 secundum
2564 3614 2732 3668 solam
2771 3614 3047 3668 liliat'ionis
3098 3616 3403 3682 aequivoca-

1844 3707 2066 3766 tionem,
2127 3715 2181 3758 et
2205 3705 2502 3758 secundum
2540 3704 2902 3773 aequalitatem
2947 3705 3268 3774 dignitatum
3300 3706 3323 3756 ?
3360 3708 3402 3759 si

1844 3807 2021 3850 tamen
2080 3796 2167 3849 hic
2230 3810 2351 3850 esse
2384 3795 2605 3850 omnino
2635 3795 3000 3864 copulationis
3026 3799 3215 3850 modus
3248 3798 3405 3850 intel-

1843 3886 2045 3953 ligitur.
2076 3883 2179 3937 Sed
2233 3885 2399 3945 enim,
2432 3884 2577 3937 sicut
2617 3891 2858 3951 apparet,
2916 3882 3115 3936 frustra
3146 3882 3405 3936 molestus

1843 3992 1982 4039 sum,
2016 3985 2070 4028 et
2108 3974 2586 4042 interrogationem
2634 3972 2960 4041 superﬂuam
3006 3973 3165 4036 facio,
3199 3973 3405 4026 habens

1842 4067 1955 4133 ejus
2009 4080 2169 4118 voces
2221 4075 2571 4132 apertamque
2623 4064 3038 4119 confessionem.
3105 4065 3162 4115 In
3231 4065 3409 4132 primo

1845 4169 2079 4222 namque
2137 4154 2371 4222 capitulo
2425 4154 2556 4221 ipsis
2612 4153 2790 4207 verbis
2838 4153 2918 4207 sic
2955 4154 3073 4206 ait:
3112 4151 3407 4221 Propterea

1846 4255 2003 4298 natus
2028 4244 2205 4298 infans
2250 4244 2565 4297 Emmanuel
2598 4244 2921 4313 appellatur,
2954 4256 3129 4310 neque
3162 4242 3301 4296 Deus
3344 4245 3410 4296 ah

1846 4321 2081 4386 humana
2123 4342 2318 4385 natura
2375 4344 2680 4401 separatus,
2728 4347 2902 4400 neque
2939 4334 3099 4386 homo
3129 4332 3410 4385 divinitate

1776 4423 1817 4475 D
1849 4424 2096 4477 nudatus.
2158 4422 2455 4490 Oportebat
2510 4438 2661 4485 sane,
2711 4436 2833 4475 eum
2882 4430 3187 4475 accuratam
3227 4429 3280 4474 et
3313 4436 3409 4474 ex-

1846 4525 2021 4569 actam
2074 4514 2502 4581 explanationem
2528 4514 2612 4563 his
2641 4514 2705 4563 de
2743 4512 2901 4564 rebus
2933 4509 3163 4565 efﬁcere.
3193 4510 3413 4564 Verum-

1849 4618 2028 4659 tamen
2095 4604 2223 4655 illud
2293 4600 2506 4653 interim
2586 4601 2876 4654 observare
2953 4601 3413 4656 convenitzecce

1850 4696 1994 4747 cnim
2056 4694 2157 4745 hoc
2186 4691 2300 4744 loco
2334 4702 2387 4744 et
2434 4691 2649 4759 quidem
2709 4691 2854 4743 clare
2904 4691 3265 4758 interpretans
3302 4692 3415 4761 ipse

1855 4782 2128 4847 unionem,
2157 4782 2225 4834 ab
2258 4782 2487 4833 humana
2518 4790 2705 4833 natura
2732 4797 2836 4834 non
2888 4793 3194 4849 separatum
3250 4782 3416 4836 fuisse

1853 4873 1981 4926 dicit
2004 4872 2169 4926 Deum
2202 4889 2216 4935 ;
2249 4872 2407 4924 simul
2443 4874 2604 4924 etiam
2646 4873 2931 4925 conﬁtetur
2973 4874 3096 4941 quia
3137 4882 3191 4926 et
3253 4890 3414 4925 unum

1852 4963 2144 5016 secundum
2188 4962 2442 5015 unionem
2480 4962 2926 5030 dispensatoriam
2964 4963 3112 5015 novit
3153 4964 3417 5016 exsistere

1854 5054 2153 5115 Christum,
2210 5054 2456 5106 eumdem
2491 5054 2741 5107 videlicet
2767 5064 2820 5107 et
2854 5054 3016 5107 Deum
3046 5054 3201 5107 simul
3234 5064 3286 5107 et
3319 5056 3415 5107 ho-

1858 5146 2077 5199 minem.
2128 5147 2290 5215 208
2339 5146 2621 5211 Quomodo
2671 5160 2798 5212 ergo
2839 5161 2940 5199 non
2969 5146 3261 5211 erubescit,
3291 5147 3416 5197 dum

1858 5251 1941 5301 ea,
1970 5251 2088 5306 quae
2122 5238 2379 5303 diximus,
2408 5237 2791 5307 reprehendit?

1238 5502 1410 5559 Varia:
1446 5504 1698 5561 lectiones
1726 5518 1793 5559 ex
1821 5506 2003 5561 codice
2037 5503 2387 5572 Seguieriano

708 5682 731 5709 ‘
759 5681 912 5744 ὅλως.

265 5692 283 5719 ⁸
308 5683 473 5755 μόνην
505 5683 628 5753 τήνσ
