4042 6460
1622 351 1680 406 S.
1722 350 1998 407 CYRILLI
2041 349 2508 408 ALEXANDRINI
2547 351 2869 409 ARCHIEP.

1034 463 1675 524 ANATIIEMATISMUS
1711 464 1772 519 ll.

2741 465 3330 518 ΛΝΛΘΕΜΛΤΙΣΜΟΣ
3369 465 3441 518 B'.

698 581 755 636 Si
795 579 916 648 quis
948 593 1053 631 non
1109 575 1422 640 confitetur,
1449 573 1543 629 Dei
1578 575 1753 627 Patris
1777 573 2012 626 Verbum
2047 570 2199 625 carni

2372 575 2440 626 Εῐ
2467 591 2550 637 τις
2584 576 2682 644 οὑχ
2709 576 2963 645 ὁμολογεῖ
2984 578 3152 646 σαρκὶ
3177 577 3298 630 καθ’
3317 579 3617 631 ὑπόστασιν
3639 578 3885 648 ἡνῶσθαι

628 671 923 726 secundum
973 667 1290 736 bypostasin
1351 666 1584 727 unitum,
1636 678 1906 732 unumque
1945 679 2048 716 una
2077 676 2198 716 cum

2328 668 2393 720 ’ὸν
2439 669 2501 720 ὲκ
2549 668 2683 721 Θεοῦ
2731 668 2942 738 Πατρὸς
2997 669 3188 736 Λόγον,
3225 669 3321 722 ἕνα
3369 687 3425 720 τε
3462 665 3600 721 εἶναι
3646 669 3888 738 Χριστὸν

629 777 726 817 sua
758 773 921 822 carne
945 771 1064 811 esse
1128 755 1430 818 Christum,
1467 753 1718 807 eumdem
1753 753 2007 807 nimirum
2031 751 2199 806 Deum

2328 758 2446 812 ιετά
2494 762 2593 830 τῆς
2648 761 2784 823 ιδίας
2827 760 3047 829 σαρκὸς,
3077 760 3167 812 τὸν
3200 759 3360 813 αὑτὸν
3391 761 3632 830 δηλονότι
3661 760 3795 812 Θεόν
3825 776 3888 809 τε

630 852 788 907 simul
824 859 877 906 et
921 849 1234 911 hominem;
1269 850 1555 900 anathema
1592 847 1684 899 sit.

624 360 732 416 399
1622 353 1680 406 S.
1722 353 1998 407 CYRILLI
2041 353 2225 406 ALEX

2328 353 2508 408 DRINI
2547 353 2869 409 ARCHIEP.
3773 353 3884 408 400

2303 851 2440 920 ὁμοῦ
2500 851 2594 903 καὶ
2627 851 2913 921 ἄνθρωπον
2935 866 2946 877 ⁸
2980 849 3230 918 ἀνάθεμα
3261 850 3420 904 ἔστω.

1063 983 1378 1037 Theodoreti
1421 983 1768 1049 reprehensio.

2711 983 3090 1051 Θεοδωρήτου
3128 983 3434 1050 ἀνατροπὴ
3446 1021 3458 1033 .

731 1098 905 1153 Unum
963 1095 1181 1164 quidem
1251 1092 1529 1148 Christum
1593 1090 1941 1152 conﬁtemur,
1996 1091 2205 1145 sanctis

633 1189 999 1260 aposwlorum
1032 1183 1296 1240 doctrinis
1334 1182 1640 1247 credentes,
1694 1182 2051 1250 eumdemque
2080 1196 2208 1250 pro-

2379 1095 2516 1147 Ἕνα
2572 1094 2670 1163 μὲν
2719 1095 2955 1164 Χριστὸν
2997 1093 3391 1164 ὁμολογοῦμεν,
3424 1095 3541 1154 ταῖς
3573 1091 3745 1155 θείαις
3778 1092 3893 1145 τῶν

2309 1186 2621 1240 ἀποστόλων
2655 1185 3022 1249 διδασκαλίαις
3051 1186 3362 1254 πειθόμενοι
3381 1186 3408 1224 h
3430 1201 3442 1214 ·
3476 1184 3568 1236 καὶ
3604 1183 3697 1236 τὸν
3726 1185 3893 1237 αὑτὸν

634 1293 755 1352 pter
809 1280 1067 1336 unionem
1107 1289 1164 1334 et
1205 1278 1371 1333 Deum
1405 1285 1462 1331 et
1511 1275 1784 1329 hominem
1839 1274 2207 1340 nominamus,

2328 1274 2398 1327 ἱιά
2421 1275 2520 1346 τὴν
2540 1275 2736 1327 ἕνωσιν
2767 1274 2898 1326 Θεόν
2927 1291 2985 1326 τε
3021 1276 3115 1326 καὶ
3139 1284 3161 1312 ε
3201 1273 3486 1343 ἄνθρωπον
3521 1273 3890 1342 ὀνομάζομεν·

634 1371 934 1426 secundum
991 1367 1312 1440 bypostasin
1350 1381 1481 1421 vero
1534 1365 1789 1419 unionem
1827 1364 2004 1418 modis
2033 1363 2210 1416 omni-

2328 1367 2411 1436 εὴν
2459 1366 2516 1418 δὲ
2563 1365 2686 1418 καθ’
2718 1365 3015 1418 ὑπόστασιν
3063 1364 3259 1417 ἕνωσιν
3291 1364 3637 1416 παντάπασιν
3663 1361 3895 1429 ἀγνοοῦ-

637 1464 734 1515 bus
766 1463 1100 1531 ignoramus,
1144 1467 1405 1526 tanquam
1439 1456 1776 1525 peregrinam
1812 1463 1866 1508 et
1907 1454 2136 1507 alienam
2179 1469 2207 1507 a

2328 1473 2434 1520 λεν,
2476 1456 2552 1519 ὼς
2602 1455 2761 1525 ξένην
2797 1456 2892 1508 καὶ
2937 1454 3230 1522 ἀλλόφυλον
3275 1453 3382 1506 τῶν
3435 1454 3592 1506 οείων
3633 1452 3895 1522 Γραφῶν,

643 1553 843 1606 divinis
881 1550 1202 1619 Scripturis,
1234 1559 1290 1603 et
1330 1547 1585 1600 l’atribus
1620 1546 1710 1614 qui
1738 1559 1832 1599 eas
1873 1544 2211 1613 interpretati

2328 1547 2408 1598 (αἱ
2437 1545 2545 1598 τῶν
2571 1546 2775 1608 ταύτας
2806 1546 3230 1617 ἡρμηνευκότων
3265 1546 3543 1614 Πατέρων.
3564 1545 3626 1596 El
3647 1544 3704 1596 δὲ
3735 1542 3901 1594 τοῦτο

639 1652 784 1696 sunt.
820 1641 876 1696 Si
903 1651 1080 1695 autem
1110 1653 1204 1708 per
1262 1639 1515 1691 unionem
1567 1635 1868 1690 secundum
1915 1634 2214 1688 subsisten-

2328 1635 2566 1688 Ξούλεται
2599 1634 2780 1703 λέγειν
2809 1634 2897 1688 διὰ
2935 1635 3034 1704 τῆς
3081 1634 3202 1687 καθ’
3235 1635 3529 1688 ὑπόστασιν
3575 1633 3824 1696 ἐνώσεως
3872 1642 3902 1685 ο

640 1732 769 1785 tiam
801 1730 905 1784 hoc
941 1728 1054 1782 vult
1078 1727 1260 1782 dicere
1299 1726 1346 1781 is
1381 1739 1411 1779 a
1443 1741 1550 1792 quo
1600 1725 1715 1780 haec
1744 1734 1862 1779 orta
1892 1733 2040 1786 sunt,
2072 1723 2213 1792 quod

2328 1725 2483 1778 ταῦτα
2527 1726 2828 1794 γεννήσας,
2874 1724 2949 1788 ὼς
3005 1726 3202 1794 κρᾶσις
3253 1724 3452 1796 σαρκὸς
3501 1723 3594 1775 καὶ
3640 1722 3902 1791 Θεότητος

641 1829 1125 1887 temperamentum
1185 1819 1370 1872 carnis
1415 1827 1471 1872 et
1517 1814 1822 1870 divinitatis
1863 1814 1934 1868 sit
1986 1813 2211 1875 factum,

2328 1816 2558 1883 γέγονεν,
2595 1813 2929 1884 ἀντεροῦμεν
2978 1814 3075 1866 σὺν
3121 1813 3271 1884 πάσῃ
3319 1812 3617 1883 προθυμίᾳ,
3660 1812 3756 1862 καὶ
3797 1810 3902 1877 τὴν

641 1910 1078 1964 cmnradicemus
1120 1910 1267 1962 omni
1310 1923 1432 1963 cum
1487 1907 1791 1970 alacritate,
1827 1915 1884 1960 et
1925 1905 2213 1973 redargue-

642 2013 760 2050 mus
788 1996 1203 2063 blaSphemiam.
1257 1994 1488 2049 Necesse
1542 1994 1687 2048 enim
1735 2002 1820 2048 est
1849 1995 1914 2046 ad
1944 2002 2215 2059 tempera-

643 2097 879 2142 mentum
913 2085 1065 2151 sequi
1109 2083 1484 2138 confusionem
1513 2097 1528 2144 ;
1559 2083 1913 2148 ingressaque
1965 2077 2214 2131 confusio

641 2177 820 2231 aufert
878 2174 1305 2243 uniuscujusque
1363 2181 1574 2224 natura:
1621 2169 2033 2238 proprietatem.
2087 2165 2216 2229 Qua:

643 2265 788 2320 enim
811 2270 1202 2330 temperantur,
1218 2273 1322 2312 non
1346 2265 1685 2326 permanent,
1710 2264 1765 2309 ut
1782 2255 1955 2324 primo
1978 2253 2212 2306 fuerunt.

645 2351 760 2408 Hoc
785 2363 964 2408 autem
997 2351 1065 2405 de
1105 2349 1213 2403 Deo
1241 2347 1439 2410 Verbo,
1469 2356 1523 2400 et
1553 2361 1638 2412 eo,
1661 2345 1751 2415 qui
1783 2360 1843 2398 ex
1875 2345 2080 2397 semine
2114 2345 2214 2397 Da-

645 2441 735 2496 vid
755 2449 859 2503 est,
880 2437 1063 2494 dicere
1115 2435 1570 2491 absurdissimum
1616 2443 1720 2490 est.
1753 2432 1979 2501 Oportet
2035 2443 2214 2485 autem

645 2535 870 2590 credere
931 2531 1160 2586 Domino
1223 2529 1530 2583 ostendenti
1592 2527 1724 2582 duas
1773 2537 2012 2584 naturas.
2061 2535 2218 2593 atque

648 2624 845 2678 dicenti
874 2622 1074 2676 Judais
1103 2637 1115 2673 :
1153 2639 1172 2670 ι
1216 2619 1420 2674 Solvite
1457 2621 1710 2687 templum
1740 2619 1860 2682 hoc,
1883 2627 1936 2671 ct
1968 2618 2019 2670 in
2047 2618 2218 2670 tribus

649 2715 838 2768 diebus
889 2712 1163 2766 susdtabo
1226 2710 1357 2763 illud
1382 2710 1450 2762 "'.
1497 2727 1516 2760 ι
1568 2709 1622 2763 Si
1679 2719 1857 2762 autem
1900 2708 2219 2774 temperatio

647 2801 791 2857 facta
830 2802 1043 2865 fuisset,
1120 2816 1292 2869 neque
1334 2800 1472 2854 Deus
1514 2798 1899 2867 permansisset
1933 2800 2091 2860 Deus,
2128 2811 2220 2850 ne-

647 2907 751 2961 que
799 2892 1054 2959 templum
1105 2889 1376 2958 cognitum
1425 2888 1618 2942 fuisset
1668 2889 1945 2956 templum,
2019 2889 2112 2941 sed
2166 2895 2220 2941 et

651 2981 908 3048 templum
957 2979 1119 3042 Deus,
1145 2989 1200 3032 et
1231 2977 1373 3032 Deus
1407 2977 1662 3046 templum
1703 2976 1835 3044 (huc
1870 2977 2013 3030 enim
2055 2978 2222 3046 exigit

649 3072 787 3124 ratio
818 3069 1273 3136 temperamenti),
1308 3075 1360 3121 et
1395 3065 1663 3136 superﬂue
1703 3068 1962 3121 Dominus
2000 3068 2222 3122 dixisset

2324 1906 2675 1977 βλασφημίαν
2699 1903 3008 1972 ὲλέγξομεν.
3029 1904 3264 1966 ’Λνάγκη
3291 1898 3398 1967 γὰρ
3442 1901 3505 1967 τῇ
3547 1898 3742 1967 κράσει
3770 1899 3904 1948 ἀκο-

2322 1995 2579 2058 λουθῆσαι
2636 1994 2735 2058 τὴν
2790 1987 3080 2055 σύγχυσιν·
3135 1985 3378 2039 είσιοῦσα
3427 1985 3482 2037 δὲ
3533 1987 3564 2055 ἡ
3633 1983 3901 2052 σύγχυσις

2321 2082 2545 2148 ἀφαιρεῖ
2576 2078 2676 2148 τῆς
2712 2079 2949 2148 ἑκάστης
2977 2077 3192 2145 φύσεως
3238 2076 3336 2146 τὴν
3388 2077 3643 2144 ίδιότητα.
3678 2075 3759 2128 Τὰ
3789 2075 3904 2143 γάρ

2323 2170 2698 2241 κεραννύμενα
2727 2169 2788 2221 ού
2823 2169 3004 2237 μένει,
3036 2168 3070 2220 ἃ
3101 2168 3364 2236 πρότερον
3399 2161 3486 2235 ἦν.
3521 2165 3691 2217 Τοῦτο
3716 2164 3775 2215 δὲ
3805 2165 3903 2215 ἐπὶ

2322 2262 2417 2316 τοῦ
2447 2261 2583 2314 Θεοῦ
2609 2260 2808 2326 Λόγου,
2833 2260 2930 2312 καὶ
2951 2258 3040 2310 τοῦ
3073 2260 3138 2309 ὲκ
3171 2258 3480 2326 σπέρματος
3506 2253 3669 2307 Δαυῖδ
3693 2253 3900 2320 λέγειν,

2322 2352 2430 2404 τῶν
2451 2351 2813 2404 ἀτοπωτάτων
2838 2351 2903 2402 ἂν
2937 2348 3044 2417 εῐη.
3076 2347 3197 2416 Χρὴ
3218 2346 3274 2399 δὲ
3306 2344 3581 2398 πείθεσθαι
3607 2343 3684 2412 τῷ
3707 2343 3904 2412 Κυρίῳ

2323 2443 2590 2496 δεικνύντι
2622 2440 2721 2503 τὰς
2747 2440 2840 2492 δύο
2871 2438 3084 2508 φύσεις,
3110 2437 3205 2490 καλ⁵
3233 2437 3571 2504 λέγοντιτοίς
3601 2434 3898 2496 Ἰουδαίοις·

2331 2551 2349 2582 c
2379 2530 2588 2583 Λύσατε
2635 2529 2727 2581 τὸν
2772 2528 2896 2583 ναὸν
2939 2525 3162 2590 τοῦτον,
3211 2527 3302 2579 καὶ
3347 2527 3405 2577 ὲν
3439 2525 3613 2596 τρισὶν
3664 2526 3903 2592 ἡμέραις

2325 2621 2502 2690 ἐγερῶ
2549 2620 2732 2672 αὑτόν.
2765 2637 2782 2668 ι
2823 2619 2882 2670 El
2929 2618 2986 2670 δὲ
3037 2619 3235 2687 κρᾶσις
3279 2616 3556 2682 ἐγεγόνει,
3595 2613 3716 2666 οὔτε
3767 2612 3905 2673 Θεὸς

2325 2714 2659 2784 ὲμεμενὴκει
2689 2709 2839 2774 Θεὸς,
2883 2709 3007 2762 οὕτε
3037 2708 3164 2770 ναὸς
3207 2705 3533 2776 ὲγνωρξζετο
3565 2705 3688 2766 ναός
3708 2721 3721 2735 ·
3763 2704 3906 2756 ἀλλὰ

2326 2802 2418 2854 καὶ
2444 2803 2472 2853 ὁ
2496 2802 2622 2862 ναὸς
2657 2799 2809 2862 Θεὸς,
2847 2800 2939 2851 καὶ
2983 2800 3012 2849 ό
3048 2797 3182 2858 Θεὸς
3210 2796 3334 2857 ναός
3358 2813 3371 2826 ·
3405 2794 3563 2848 τοῦτο
3604 2793 3712 2861 γὰρ
3739 2795 3769 2845 ό
3801 2794 3905 2862 τῆς

2327 2891 2570 2961 κράσεως
2597 2888 2842 2957 βούλεται
2867 2887 3020 2954 λόγος
3039 2901 3054 2917 ·
3081 2886 3177 2938 καὶ
3204 2884 3470 2955 περιττῶς
3495 2886 3522 2936 ό
3550 2882 3752 2952 Κύριος
3779 2878 3905 2934 εἷπε

2325 2984 2437 3043 τοῖς
2473 2979 2771 3042 Ἰουδαίοις·
2814 2997 2832 3029 ι
2866 2980 3080 3032 Λύσατε
3130 2978 3221 3030 τὸν
3273 2976 3398 3028 ναὸν
3447 2975 3654 3036 τοῦτον,
3696 2975 3792 3027 καὶ
3846 2975 3909 3024 ὲν

2327 3072 2502 3142 τρισὶν
2537 3071 2772 3140 ἡμέραις
2821 3068 2998 3138 ἐγερῶ
3040 3068 3239 3120 αὐτόν·
3272 3085 3290 3118 ι
3329 3067 3495 3136 ἐχρῆν
3541 3065 3649 3134 γὰρ
3695 3064 3862 3131 φάναι
3887 3078 3904 3093 ·

646 3159 850 3216 ludatis
881 3176 894 3213 :
928 3177 948 3210 ι
981 3156 1185 3213 Solvite
1218 3158 1472 3225 templum
1497 3157 1618 3222 hoc,
1651 3167 1701 3210 et
1725 3159 1776 3212 in
1829 3159 2002 3212 tribus
2031 3159 2222 3214 diebus

2328 3159 2537 3213 Λύσατέ
2568 3176 2655 3226 με,
2680 3159 2770 3211 καὶ
2799 3159 2856 3210 ὲν
2879 3158 3056 3228 τρισὶν
3078 3157 3310 3227 ἡμέραις
3333 3155 3720 3226 ὲγερθήσομαι,
3745 3152 3911 3221 εἴπερ

648 3252 923 3307 suscitabo
952 3250 1103 3303 illud.
1145 3268 1163 3300 ι
1194 3247 1492 3317 Oportebat
1541 3250 1685 3302 enim
1748 3250 1930 3304 dicere
1967 3266 1980 3301 :
2020 3249 2226 3303 Solvite

653 3355 756 3406 me,
787 3350 841 3394 et
896 3340 949 3393 in
985 3340 1158 3392 tribus
1189 3339 1380 3391 diebus
1414 3339 1724 3390 suscitabor
1746 3355 1761 3401 ;
1787 3336 2051 3403 siquidem
2100 3351 2226 3390 vere

651 3427 866 3496 aliquod
901 3435 1385 3494 temperamentum
1425 3422 1625 3478 factum
1660 3424 1850 3479 fuisset
1907 3435 2069 3491 atque
2098 3440 2226 3478 con-

653 3517 1000 3571 fusioznunc
1055 3526 1234 3571 autem
1283 3515 1520 3568 ostendit
1566 3516 1891 3569 solvendum
1941 3517 2223 3584 templum,

652 3615 707 3660 et
752 3607 1103 3660 suscitantem
1141 3605 1329 3660 Demu.
1384 3606 1665 3675 Superﬂua
1711 3605 1890 3672 itaque
1931 3607 2226 3659 secundum

652 3694 1062 3750 subsistentiam
1094 3695 1245 3755 unio,
1282 3709 1443 3761 quam
1473 3709 1572 3763 pro
1599 3702 2026 3760 temperamento
2049 3693 2226 3757 nobis,

653 3785 814 3839 sicuti
843 3795 992 3854 puto,
1033 3795 1360 3852 prOponunt.
1408 3781 1619 3837 Sufficit
1648 3792 1828 3836 autem
1861 3784 2042 3837 dicere
2068 3783 2226 3836 unio-

654 3891 804 3941 nem,
865 3890 983 3944 quae
1030 3885 1085 3928 ct
1137 3886 1451 3928 naturarum
1488 3876 1846 3942 proprietates
1874 3875 2130 3939 ostendit,
2177 3884 2231 3929 et

655 3979 819 4019 unum
847 3967 1034 4019 edocet
1059 3966 1295 4019 adorare
1323 3966 1620 4020 Christum.

1203 4075 1389 4145 Cyrilli
1430 4075 1686 4142 defensio.

741 4186 880 4242 Ecce
935 4202 1124 4242 rursus
1181 4191 1435 4258 egregius
1504 4187 1591 4241 hic
1643 4201 1984 4242 occasmnem
2039 4198 2226 4241 contra

657 4276 820 4347 209
845 4291 941 4330 nos
970 4278 1080 4330 oris
1135 4277 1382 4330 eﬂ'renati
1419 4277 1681 4347 quidquid
1726 4291 1786 4330 se
1842 4276 2120 4341 obtulerit,
2153 4276 2230 4330 fa-

666 4381 790 4422 cere
812 4371 1032 4422 studens
1064 4367 1299 4421 detrahit
1325 4369 1461 4430 voci,
1493 4367 1777 4420 secundum
1822 4367 2227 4421 aubsistentiam.

657 4456 889 4511 Damnat
918 4473 1095 4511 autem
1130 4472 1250 4511 eam
1277 4457 1554 4520 novitatis,
1577 4467 1630 4510 et
1654 4458 1937 4528 peregrine
1961 4458 2227 4526 prolatam
2261 4490 2304 4543 Β

657 4546 908 4611 afﬁrmat,
941 4562 1044 4598 nou
1075 4547 1450 4607 considerans,
1505 4548 1628 4614 quia
1686 4548 1973 4615 impiorum
2011 4548 2228 4602 hmreti-

656 4649 844 4689 corum
889 4635 1365 4689 adinventiouibus
1397 4635 1694 4688 dictionum
1731 4638 1905 4689 virtus
1941 4638 2227 4691 veritatem

658 4735 956 4791 opponens,
1006 4723 1292 4778 destruere
1339 4724 1548 4788 nititur,
1595 4725 1737 4792 quod
1787 4724 1854 4777 ab
1891 4724 1970 4778 eis
2019 4727 2235 4778 videtur

665 4814 996 4882 oppositum.
1046 4814 1295 4869 Nestorio
1337 4815 1501 4883 igitur
1528 4815 1729 4883 ubique
1775 4816 2077 4883 perimente
2139 4815 2231 4869 Dei

659 4901 821 4957 Verbi
893 4906 1186 4958 secundum
1253 4918 1472 4958 carnem
1513 4904 1874 4966 nativitatem,
1933 4915 1987 4959 et
2059 4908 2232 4959 solam

659 4993 813 5046 nobis
890 4993 1212 5061 dignitatum
1300 4995 1559 5048 unitatem
1629 5006 2004 5057 asseverante,
2052 4996 2230 5049 homi-

659 5096 891 5148 nemque
948 5082 1056 5136 Deo
1113 5083 1419 5150 capulatuiu
1476 5097 1596 5137 esse
1661 5084 1894 5148 dicente,
1954 5085 2232 5141 llliationis

663 5173 1088 5240 aequivocatione
1149 5174 1492 5237 honoratum,
1539 5175 1848 5229 necessario
1906 5190 2003 5229 nos
2070 5177 2230 5230 dictis

661 5260 803 5314 illius
838 5273 1220 5329 repugnantes,
1247 5265 1541 5317 secundum
1597 5265 2003 5319 subsistentiam
2059 5266 2218 5319 unioa

736 5396 778 5426 "
816 5397 970 5451 Joan.
1002 5412 1064 5462 ιι,
1098 5396 1187 5449 l9.

2327 3248 2539 3316 ἀληθῶς
2569 3248 2763 3316 κρᾶσίς
2808 3263 2891 3308 τις
2940 3245 3181 3313 ἐγεγόνει
3237 3244 3331 3296 καὶ
3361 3243 3658 3310 σύγχυσις·
3707 3239 3805 3294 νῦν
3847 3239 3911 3292 δὲ

2326 3337 2567 3388 δείκνυσι
2591 3335 2681 3386 τὸν
2707 3334 2968 3402 λυόμενον
2995 3334 3138 3395 ναὸν,
3169 3332 3265 3384 καὶ
3289 3331 3380 3382 τὸν
3414 3329 3714 3384 ἀνιστῶντα
3749 3328 3911 3382 Θεόν.

2328 3423 2563 3494 Περιττὴ
2607 3424 2786 3476 τοίνυν
2836 3425 2869 3491 ἡ
2917 3421 3038 3476 καθ’
3069 3422 3369 3474 ὑπόστασιν
3415 3421 3628 3482 ἓνωσις,
3675 3420 3742 3488 ἣν
3787 3420 3915 3471 ἀντὶ

2329 3515 2578 3584 κράσεως
2629 3515 2781 3583 ἡμῖν,
2811 3513 2886 3575 ὡς
2934 3507 3108 3580 οἶμαι,
3143 3510 3578 3581 προϐάλλονταιά
3600 3526 3614 3541 ·
3663 3511 3822 3581 ἀρκεῖ
3853 3511 3915 3562 δὲ

2328 3606 2506 3672 λέγειν
2553 3603 2648 3674 τὴν
2686 3604 2898 3666 ἕνωσιν,
2929 3603 3047 3672 ἥτις
3081 3601 3172 3655 καὶ
3198 3601 3294 3664 τὰς
3322 3601 3430 3652 τῶν
3453 3599 3667 3668 φύσεων
3711 3601 3914 3669 ίδιότη-

2329 3713 2426 3758 τας
2453 3695 2694 3748 δείκνυσι
2746 3694 2840 3748 καὶ
2887 3694 2979 3747 τὸν
3011 3695 3108 3747 ἕνα
3149 3694 3472 3762 προσκυνεῖν
3499 3692 3740 3746 διδάσκει
3771 3693 3914 3763 Χρι-

2333 3786 2456 3838 στόν
2478 3797 2522 3838 ο.

2785 4083 3104 4153 Ἀπολογία
3141 4086 3193 4137 Κ
3196 4083 3465 4151 υρίλλου.

2416 4195 2544 4248 Ἰδοὺ
2593 4194 2657 4265 δὴ
2707 4195 2868 4248 πάλιν
2920 4197 2947 4248 ό
2987 4195 3248 4263 γεννάδας
3296 4195 3476 4247 οὑτοσὶ
3505 4193 3779 4264 πρόφασιν
3814 4193 3918 4263 τῆς

2334 4283 2455 4336 καθ’
2504 4282 2662 4351 ἡμῶν
2713 4283 3113 4354 ἀθυροστομίας
3160 4285 3221 4336 τὸ
3275 4285 3591 4354 παρατυχὸν
3641 4282 3918 4337 ποιεῖσθαι

2336 4370 2670 4432 σπουδάζων,
2695 4371 2940 4440 διασύρει
2965 4373 3063 4440 τὴν
3090 4370 3256 4434 λέξιν,
3288 4371 3387 4440 τὴν
3419 4373 3547 4425 καθ’
3568 4371 3920 4425 ὑπόστασιν

2334 4463 2509 4530 λέγω·
2561 4461 2841 4532 καθορίζει
2879 4462 2933 4514 δὲ
2966 4462 3025 4514 τὸ
3056 4461 3322 4531 ἀσύνηθες
3352 4462 3541 4531 αὐτῆς,
3579 4462 3670 4515 καὶ
3711 4461 3778 4532 δὴ
3822 4464 3920 4514 καὶ

2333 4554 2498 4619 ξένως
2521 4553 2689 4623 αὑτὴν
2716 4553 3047 4621 πεποιῆσθαι
3071 4552 3482 4622 διῖσχυρίξεται,
3510 4553 3609 4606 οὑκ
3630 4553 3915 4622 ἐννοήσας,

2333 4642 2414 4694 ὅτι
2463 4645 2582 4702 ταῖς
2636 4643 2744 4694 τῶν
2792 4643 3018 4694 ἀνοσίων
3069 4643 3407 4711 αἱρεσιωτῶν
3452 4641 3854 4712 εὑρεσιλογίαις
3884 4645 3918 4713 ἡ

2333 4731 2442 4781 τῶν
2471 4732 2666 4794 λέξεων
2693 4731 2921 4799 δύναμις
2962 4731 3022 4783 τὸ
3064 4731 3262 4802 ἀληθὲς
3307 4733 3700 4800 ἀντεξάγουσα,
3734 4750 3920 4803 παρα-

2336 4819 2482 4872 λύειν
2512 4823 2778 4891 ὲπιχειρεῖ
2805 4821 2864 4873 τὸ
2894 4823 3207 4891 ἀντιτάχθαι
3238 4823 3450 4879 δοκοῦν.
3483 4824 3780 4899 Νεστορίου
3812 4843 3920 4878 τοι-

2338 4912 2541 4982 γαροῦν
2575 4913 2923 4982 ἀναιροῦντος
2958 4914 3230 4983 πανταχοῦ
3277 4915 3369 4966 τοῦ
3422 4915 3557 4968 Θεοῦ
3608 4918 3781 4984 Λογου
3819 4917 3918 4987 τὴν

2339 5001 2480 5053 κατὰ
2533 5003 2710 5071 σάρκα
2761 5002 3034 5070 γέννησιν,
3065 5004 3158 5056 καὶ
3211 5003 3378 5072 μόνην
3425 5004 3554 5072 ἡμῖν
3588 5002 3917 5072 ἀξιωμάτων

2338 5090 2565 5158 ἑνότητα
2611 5091 3129 5161 παρεισκρίνοντος,
3178 5091 3463 5163 ἄνθρωπόν
3511 5108 3571 5142 τε
3616 5090 3737 5160 Θεῷ
3791 5108 3916 5144 συν-

2337 5179 2506 5248 ῆφθαι
2553 5179 2823 5246 λέγοντος,
2853 5182 2916 5248 τῇ
2947 5183 3043 5248 τῆς
3076 5181 3318 5248 υἱότητος
3361 5179 3647 5249 ὁμωνυμίᾳ
3690 5195 3918 5248 τετιμη-

2340 5267 2516 5334 μένον,
2549 5267 2857 5334 ἀναγκαίως
2885 5270 3042 5336 ἠμεῖς
3074 5271 3184 5331 τοῖς
3212 5268 3418 5321 ἐκείνου
3461 5268 3783 5339 μαχόμενοι,
3819 5270 3917 5338 τὴν

1717 5525 1894 5579 Variae
1923 5526 2181 5581 lectiones
2207 5541 2274 5580 ex
2304 5530 2490 5584 codice
2525 5532 2900 5603 Seguicriano.

745 5651 1069 5726 δὲπόμενοι.
1146 5667 1168 5695 ο
1207 5655 1384 5718 ίδικῶς
1406 5655 1517 5710 καί.
1593 5655 1619 5695 ἀ
1655 5656 2031 5726 προϐάλλεται.

2114 5671 2136 5698 ε
2173 5660 2322 5712 Θεόν.
