4042 6430
129 374 213 429 λοι
703 379 1232 438 APOLOCETICUS
1268 378 1549 436 CONTRA
1588 378 2111 438 THEODORETUM
2151 380 2288 436 PRO
2332 382 2419 436 Xll
2454 382 2840 440 CAPITIBUS.

3262 385 3368 440 ‘02

128 491 240 543 καθ’
278 493 591 548 ὑπόστασιν
644 498 837 550 ἕνωσιν
892 499 1144 566 γενέσθαι
1195 500 1393 569 φαμὲν,
1425 517 1516 553 του
1565 502 1693 552 καθ

1807 513 1924 551 nem
1951 499 2177 552 dicimus
2232 498 2449 563 factum,
2496 501 2660 554 vet-bo
2711 502 2830 562 hoc,
2871 499 3156 550 secundum
3203 498 3372 549 subsi-

127 583 497 648 ὐπόστασιν,
553 587 706 640 οὐδὲν
758 589 941 659 ἕτερον
985 592 1394 659 ἀποφαίνοντος,
1445 592 1582 664 πλὴν
1623 596 1704 647 ὅτι

128 671 279 735 μόνον
304 674 338 740 ἡ
371 673 471 725 τοῦ
499 676 672 742 Λόγου
705 678 885 744 φύσις,
910 680 1072 749 ῆγουν
1100 683 1128 750 ἡ
1159 683 1474 746 ὑπόστασις,
1502 685 1529 735 ὅ
1559 672 1705 739 ἐστιν

124 759 281 821 αὑτὸς
336 763 367 814 ό
417 766 629 831 Λόγος,
681 768 994 842 ἀνθρωπεία
1044 774 1203 839 φύσει
1256 774 1394 827 κατά
1449 776 1706 846 ἀλήθειαν

124 847 375 915 ἐνωθεὶς,
432 854 644 923 τροπῆς
688 875 830 921 τινος
877 860 997 929 δίχα
1044 862 1135 915 καὶ
1182 864 1515 933 συγχύσεως,
1565 866 1706 920 καΘά

124 940 447 1006 πλειστάκις
488 950 808 1020 εἰρήκαμεν,
840 949 916 1017 εἷς
946 958 1146 1009 νοεῖται
1174 958 1268 1009 καὶ
1301 958 1416 1011 ἔστι
1446 961 1701 1030 Χριστὸς,

122 1034 145 1081 ὁ
166 1035 332 1097 αὑτὸς
364 1038 505 1100 Θεὸς
550 1043 641 1093 καὶ
682 1043 985 1113 ἄνθρωπος.
1022 1048 1192 1101 Τοῦτο
1222 1049 1298 1112 δὲ,
1331 1050 1406 1113 ὥς
1438 1067 1499 1118 γε
1529 1049 1700 1121 οἶμαι,

123 1126 206 1175 καὶ
252 1127 416 1196 αὑτῷ
463 1130 779 1202 Θεωδορίτῳ
825 1136 991 1198 δοκεῖ,
1027 1138 1240 1205 φύσεως
1269 1141 1613 1211 ἀνθρωπίνης
1642 1145 1702 1196 οὑ

122 1218 459 1286 κεχωρίσθαι
487 1220 701 1288 λέγοντι
728 1225 819 1277 τὸν
841 1225 993 1291 Θεὸν,
1019 1228 1141 1281 οὔτε
1174 1230 1279 1300 μὴν
1307 1230 1556 1300 θεότητος
1581 1234 1704 1303 δίχα

118 1305 355 1358 νοεῖσθαι
391 1308 454 1360 τὸ
496 1310 855 1381 ἀνθρώπινον.
886 1316 1093 1368 Οὑκοῦν
1121 1317 1244 1371 οὔτε
1283 1319 1404 1389 δίχα
1431 1322 1539 1373 τῶν
1573 1324 1702 1375 ὑπο-

118 1393 365 1481 στάσεων
396 1397 591 1451 δούλου
624 1419 681 1454 τε
705 1404 799 1456 καὶ
821 1404 955 1458 Θεοῦ
985 1408 1201 1478 μορφὴν
1230 1410 1468 1479 ἡνῶσθαι
1499 1430 1698 1481 φαμεν.

115 1477 235 1531 οὔτε
268 1482 381 1551 μὴν
418 1487 597 1539 κοινὸν
634 1490 919 1560 ἄνθρωπον
943 1534 957 1557 ,
992 1477 1196 1565 ἰσότητι
1236 1477 1369 1569 μόνῃ
1405 1477 1702 1564 τῶνάξιω-

118 1569 305 1659 μάτων
354 1579 744 1647 τετιμημένον,
784 1586 1047 1652 σχετικῶς
1100 1587 1366 1655 συνῆφθαι
1417 1587 1495 1657 τῷ
1543 1592 1701 1659 Λόγῳ

113 1658 491 1732 διοριζόμεθα,
526 1669 639 1721 ἀλλ’
671 1672 853 1738 αὑτὸν,
885 1676 958 1738 ὠς
987 1676 1139 1744 ἔφην.
1170 1677 1261 1729 τὸν
1298 1678 1423 1730 Υἱὺν
1447 1680 1540 1732 τοῦ
1561 1658 1698 1734 θεοὺ

113 1750 201 1840 τον
242 1757 542 1824 μονογενῆ,
575 1762 834 1826 γεγονότα
868 1764 1007 1816 κατά
1034 1766 1289 1835 ἀλήθειαν
1317 1768 1373 1819 ὲν
1396 1770 1699 1840 προσλήψει

111 1839 207 1906 τῆς
237 1842 541 1909 ἑνωθείσης
570 1849 718 1919 αὑτῷ
752 1852 976 1920 σαρκὸς,
1007 1852 1184 1925 ψυχὴν
1218 1856 1448 1929 ἐχούσης
1484 1839 1699 1929 τὴνλο⁶

110 1930 296 1998 γικῆν,
329 1929 625 1999 ἄνθρωπον
653 1938 904 2000 γενέσθαι
934 1944 1069 2007 μετά
1101 1945 1192 1997 τοῦ
1222 1949 1403 2015 μεῖναι
1431 1950 1525 2001 καὶ
1546 1950 1697 2005 Θεόν.

122 2018 264 2068 Ἀλλ’
300 2022 329 2071 ό
367 2020 545 2083 δεινὸς
591 2025 671 2085 εἰς
720 2024 931 2093 λόγους,
966 2031 1059 2082 καὶ
1094 2032 1297 2095 πυκνὸς
1326 2037 1404 2096 εἰς
1448 2040 1700 2105 θεωρίας,

110 2109 361 2175 κράσεως
399 2106 542 2163 εἶναι
579 2116 921 2187 σημαντικην
954 2118 1051 2189 τὴν
1079 2120 1223 2187 λέξιν
1258 2122 1569 2192 διορίζεται,
1610 2128 1701 2179 καὶ

110 2195 289 2261 λέγειν
336 2199 648 2270 ἀποτολμᾷ,
684 2205 776 2256 καὶ
804 2205 875 2257 τά
899 2208 962 2259 ὲκ
991 2209 1089 2276 τῆς
1112 2208 1131 2247 ἲ
1170 2209 1264 2261 τοῦ
1293 2214 1698 2282 συγκεκρᾶσθαι

110 2289 204 2347 τὰς
233 2286 436 2354 φύσεις
466 2294 838 2360 παρακομίζει
860 2294 1062 2365 βλάϐης
1081 2299 1126 2361 8,
1157 2297 1230 2361 ὠς
1250 2298 1408 2367 ήμῶν
1438 2301 1698 2371 ἠγνοηκό-

111 2392 214 2428 των
239 2394 254 2405 ·
294 2378 328 2446 ἢ
369 2380 514 2447 τάχα
543 2382 950 2451 περιαυτίζεται
1000 2387 1093 2439 καὶ
1123 2387 1481 2457 φιλοκομπεί·
1527 2392 1696 2445 οἴεται

111 2464 164 2515 δὲ
194 2466 329 2529 ῖσως
376 2470 472 2520 καὶ
522 2469 707 2540 ἕτερον
734 2472 905 2537 οὐδὲν,
938 2474 969 2542 ἢ
1012 2479 1381 2546 μακρηγορεῖν
1412 2478 1691 2545 δύνασθαι,

109 2558 167 2606 τὸ
198 2558 331 2626 παρ’
361 2560 581 2621 οὐδενὸς
609 2562 917 2631 εἰρημένον,
945 2563 1019 2627 ὡς
1052 2565 1247 2634 ἀληθὲς
1272 2568 1576 2638 δεχόμενος,
1608 2572 1694 2624 ἵνα

112 2663 189 2703 τις
219 2642 365 2698 εἶναι
397 2648 531 2716 δοκῇ
564 2650 714 2719 παρά
746 2667 809 2717 γε
835 2655 947 2714 τοῖς
976 2654 1074 2706 οὑκ
1093 2655 1258 2708 εἰδόσι
1284 2656 1578 2728 διακρίνειν
1607 2662 1696 2730 ὑρ-

114 2732 238 2796 Οὼς,
278 2734 363 2795 τίς
400 2734 505 2801 μὲν
538 2737 881 2806 εἰκαιομυθεῖ
909 2739 1001 2791 καὶ
1038 2740 1315 2808 ψεύδεται,
1350 2742 1432 2807 τίς
1474 2745 1529 2797 δὲ
1566 2747 1697 2798 κατ’

114 2822 237 2873 εὐθὺ
260 2823 362 2893 τῆς
382 2824 646 2894 ἀληθείας
669 2827 908 2898 ἔρχεται,
927 2831 1019 2883 καὶ
1042 2832 1241 2899 σοφῶν,
1267 2835 1357 2885 καὶ
1382 2836 1695 2901 ἀναγκαίων

114 2910 340 2965 ἅπτεται
374 2914 765 2987 λόγων,’ῼμην
813 2919 913 2987 μὲν
942 2918 1035 2972 οὗν
1085 2923 1143 2974 ὲν
1178 2924 1391 2993 ἀρχαῖς,
1424 2925 1690 2995 ὁμολογῶ,

113 3001 211 3051 τῶν
243 3005 562 3071 κεφαλαίων
591 3008 691 3077 τὴν
718 3008 945 3079 δύναμιν
974 3012 1072 3064 οὑκ
1098 3012 1360 3083 ἀγνοῆσαι
1390 3016 1486 3083 μὲν
1510 3015 1689 3082 αὑτὸν,

1806 590 2079 653 stantiam,
2112 590 2247 643 nihil
2277 589 2419 644 aliud
2440 592 2867 653 deuioustrante,
2902 590 3003 641 nisi
3035 589 3207 641 solum
3240 587 3371 640 Ver-

1807 678 1859 731 bi
1906 690 2180 746 naturam,
2226 681 2344 735 sive
2390 680 2819 743 subsistentiam,
2871 681 3012 746 quod
3064 689 3147 732 est
3196 678 3367 745 ipsum

1807 766 2066 833 Verbum,
2116 770 2366 825 humana:
2428 778 2632 823 natura:
2681 784 2806 823 vere
2851 769 3053 821 unitam
3105 770 3223 822 sine
3263 767 3369 820 ulla

1807 860 2160 914 conversione
2231 869 2393 931 atque
2451 860 2790 925 confusione,
2846 860 3003 913 sicuti
3070 859 3370 928 saepissime

1806 949 2061 1016 diximus,
2108 966 2271 1005 unum
2306 950 2529 1019 intelligi
2563 959 2618 1005 et
2642 964 2763 1006 esse
2799 948 3076 1013 Chrisum,
3119 950 3367 1003 eumdem

1808 1039 1972 1100 Deum
2001 1050 2055 1094 et
2083 1041 2377 1097 hominem.
2436 1042 2548 1097 lloc
2590 1050 2795 1105 autem,
2836 1051 2895 1094 ut
2941 1040 3154 1109 Opinor,
3205 1039 3367 1093 etiam

1809 1130 1905 1197 ipsi
1938 1130 2278 1186 Theodoreto
2296 1132 2551 1201 probatur
2573 1130 2795 1194 dicenti,
2828 1130 2897 1184 ab
2920 1130 3153 1182 humana
3176 1139 3367 1182 natura

1812 1219 1975 1272 Deum
2040 1235 2143 1273 non
2208 1236 2327 1275 esse
2382 1233 2711 1290 separatum,
2762 1234 2937 1287 neque
2980 1219 3367 1276 humanitatem

1805 1308 2009 1376 absque
2048 1310 2247 1363 deitate
2296 1310 2545 1380 intelligi.
2589 1309 2758 1378 Igitur
2800 1322 2973 1375 neque
2998 1308 3214 1361 exclusa
3243 1306 3368 1359 sub-

1803 1396 2053 1451 sistentia
2087 1398 2230 1452 servi
2268 1410 2321 1453 et
2353 1399 2443 1455 Dei
2486 1401 2715 1453 formam
2771 1399 2973 1451 unitam
3012 1412 3156 1462 esse,
3194 1411 3370 1465 neque

1803 1497 1933 1537 sane
1965 1500 2305 1541 communem
2353 1489 2621 1542 hominem
2671 1487 2782 1542 sola
2823 1488 3143 1557 dignitatum
3179 1501 3365 1555 aequa—

1804 1576 1953 1630 litate
1978 1578 2411 1644 cohonestatum,
2449 1581 2745 1635 secundum
2798 1580 3161 1634 habitudinem
3196 1578 3369 1633 Verbo

1800 1666 2108 1735 copulatum
2163 1683 2284 1723 esse
2324 1669 2599 1733 dicimus;
2636 1684 2821 1724 verum
2879 1672 3073 1738 ipsum,
3121 1678 3178 1724 ut
3233 1670 3366 1730 dixi,

1804 1756 1996 1812 Filium
2024 1758 2113 1812 Dei
2169 1761 2506 1828 unigenitum
2542 1761 2594 1815 in
2630 1762 3003 1828 assumptione
3047 1764 3147 1815 sibi
3209 1763 3371 1815 unita:

1808 1846 1990 1900 carnis
2012 1847 2250 1900 animam
2282 1846 2530 1901 habentis
2571 1847 2911 1909 rationalem,
2941 1862 3064 1901 vere
3096 1847 3369 1901 hominem

1810 1933 2009 1987 factum
2038 1949 2161 1988 esse
2185 1951 2304 1989 cum
2342 1936 2462 1997 hoc,
2505 1936 2649 2003 quod
2673 1936 2835 1989 etiam
2862 1936 3000 1991 Deus
3035 1948 3268 1991 maneat.
3305 1938 3372 1991 At

1807 2025 1891 2076 vir
1923 2023 2011 2078 ille
2038 2025 2380 2079 sermonibus
2434 2027 2696 2088 disertus,
2726 2035 2780 2079 et
2820 2026 2872 2079 in
2904 2026 3372 2095 speculationibus

1809 2118 2089 2172 versatus,
2167 2113 2516 2177 vocabulum,
2584 2112 2869 2163 secundum
2953 2113 3369 2175 subsistentiam,

1808 2196 1978 2249 ﬁnivit
2015 2212 2133 2251 esse
2160 2202 2565 2266 temperamenti
2620 2200 3058 2267 signiﬁcativum,
3088 2212 3144 2256 et
3188 2203 3370 2257 dicere

1804 2284 1990 2347 audet,
2026 2296 2081 2338 et
2110 2283 2269 2338 ail‘ert
2310 2286 2671 2351 incommoda,
2716 2302 2835 2356 qua:
2878 2302 2944 2342 ex
2995 2296 3373 2357 contempera-

1806 2373 1952 2428 tione
2000 2384 2321 2444 sequuntur,
2361 2375 2512 2444 quasi
2552 2392 2649 2430 nos
2698 2378 3218 2447 ignoraremuszvel
3258 2378 3370 2432 ior-

1807 2474 1949 2517 tassc
1970 2465 2072 2518 sibi
2108 2465 2207 2532 ipsi
2233 2466 2428 2535 placet,
2465 2476 2517 2520 et
2554 2467 2837 2520 verborum
2859 2467 3183 2521 abundantia
3209 2478 3369 2537 atquc

1806 2562 1998 2605 ornatu
2034 2552 2532 2622 gaudet;nihilque
2576 2553 2717 2607 aliud
2766 2554 2906 2608 forte
2949 2555 3166 2623 cogitat,
3206 2572 3367 2624 quam

1802 2640 2109 2708 Opinionem
2144 2644 2285 2711 quod
2320 2643 2490 2711 possit
2517 2643 2724 2711 prolixe
2775 2643 2916 2711 loqui
2944 2661 2959 2709 ;
2990 2648 3131 2713 quod
3165 2660 3193 2698 a
3220 2645 3368 2699 nullo

1802 2731 2002 2784 dictum
2054 2740 2155 2795 est,
2206 2741 2459 2799 tanquam
2515 2748 2698 2787 verum
2745 2735 3040 2803 accipiens,
3075 2743 3131 2788 ut
3174 2735 3369 2803 aliquis

1801 2836 1921 2875 esse
1952 2823 2194 2877 videatur
2213 2822 2352 2891 apud
2369 2836 2462 2876 eos
2489 2822 2582 2891 qui
2611 2831 2755 2877 recte
2780 2824 3076 2891 dijudicare
3095 2826 3367 2889 nesciunt,

1801 2912 2049 2979 quisnam
2083 2923 2285 2967 temere
2340 2911 2610 2967 fabuletur
2645 2922 2700 2968 et
2744 2916 3055 2979 mentiatur,
3104 2923 3195 2968 aut
3244 2917 3376 2984 quis

1802 3013 1948 3058 recta
2002 3004 2250 3058 veritatis
2280 3005 2362 3056 via
2409 3004 2642 3067 incedat,
2698 3012 2751 3057 et
2776 3004 3116 3058 sermonibus
3153 3005 3366 3072 sapien-

112 3094 554 3187 ὑποπλάττεσθαι
590 3098 645 3149 δὲ
666 3140 681 3163 ,
714 3100 791 3162 ὡς
834 3100 970 3170 ἔφην
991 3143 1004 3164 ,
1039 3103 1099 3156 τὺ
1130 3104 1307 3157 δοκεῖν
1342 3107 1689 3175 ἠγνοηκέναι,

1802 3095 1945 3149 tibus
1967 3104 2020 3148 et
2051 3094 2368 3149 necessztriis
2400 3105 2605 3147 utatur.
2634 3094 2810 3156 Initio,
2854 3093 3049 3160 fateor,
3080 3095 3361 3147 existima-

110 3182 197 3231 καὶ
224 3181 389 3235 τοῦτο
419 3186 743 3253 χαρίζεσθαί
772 3204 943 3239 τισιν’
981 3191 1288 3261 ὴγνοηκότα
1309 3209 1369 3261 γε
1397 3193 1502 3264 μὴν
1532 3195 1693 3251 αὑτὸν

1799 3183 1940 3245 bam,
1989 3197 2206 3237 sensum
2242 3180 2603 3250 capitulorum
2646 3195 2766 3234 eum
2821 3196 2925 3235 non
2960 3182 3231 3251 ignorate,
3264 3182 3362 3233 lin-

111 3272 248 3327 κατά
272 3275 543 3342 ἀλήθειαν
579 3276 821 3347 εὑρίσκω
851 3278 1056 3334 λοιπόν.

548 3561 1138 3615 ΑΝΑΘΕΜΑΤΙΣΜΟΣ
1177 3563 1253 3618 I".

173 3670 245 3728 Εῐ
284 3692 373 3737 τις
420 3674 518 3727 ἐπὶ
555 3675 648 3727 τοῦ
680 3674 797 3737 ἑνὸς
825 3676 1062 3745 Χριστοῦ
1096 3677 1297 3748 διαιρεῖ
1328 3678 1424 3741 τὰς
1453 3680 1687 3734 ὑποστά-

108 3780 219 3827 σεις
260 3766 407 3835 μετά
443 3766 545 3834 τὴν
576 3766 793 3827 ἕνωσιν,
843 3767 980 3840 μόνῃ
1024 3769 1310 3823 συνάπτων
1355 3772 1523 3832 αὑτὰς
1563 3789 1689 3823 συν-

106 3856 271 3923 αφείᾳ
302 3854 368 3923 τῇ
402 3856 547 3907 κατά
582 3856 680 3927 τὴν
710 3857 887 3923 ἀξίαν,
916 3859 1083 3927 ἤγουν
1113 3856 1420 3923 αὑθεντίαν,
1453 3861 1484 3931 ἢ
1532 3861 1689 3914 δυνα-

109 3944 309 4005 στείαν,
344 3943 443 3995 καὶ
474 3944 594 4013 οὑχ).
623 3946 686 4016 δὴ
713 3945 910 4014 μᾶλλον
933 3944 1147 4009 σύνοδον
1180 3946 1274 4019 τὴν
1293 3947 1321 3987 ιι
1351 3948 1469 4002 καθ’
1494 3949 1687 4003 ἕνωσιν

108 4036 384 4104 φυσικήνί
416 4052 429 4064 ⁸
468 4037 719 4105 ἀνάθεμα
755 4037 914 4091 ἔστω.

528 4234 905 4301 Θεοδωρήτου
943 4235 1273 4305 ἀνατροπὴ.

167 4344 438 4412 Σκοτεινὴ
480 4345 575 4397 καὶ
626 4344 871 4413 ζοφώδης
916 4346 1025 4397 τῶν
1069 4346 1375 4417 εἰρημένων
1402 4347 1434 4417 ἡ
1464 4347 1682 4401 ἔννοια·

1795 3287 1920 3339 gere
1964 3281 2165 3335 autem,
2188 3279 2245 3325 ut
2268 3272 2399 3333 dixi,
2426 3286 2484 3324 se
2530 3271 2801 3339 ignorare,
2848 3280 2899 3323 et
2934 3270 2985 3322 in
3014 3272 3113 3324 hoc
3140 3270 3363 3337 quibus-

1794 3362 1916 3410 dam
1985 3374 2189 3412 morem
2245 3375 2432 3426 gerere
2463 3376 2476 3410 ;
2508 3360 2653 3424 atqui
2732 3374 2873 3412 nunc
2929 3373 3053 3412 vere
3102 3358 3249 3412 illum
3297 3374 3373 3411 ea-

1796 3449 2047 3519 ignorare
2090 3450 2385 3517 comperio.

2099 3560 2261 3628 210
2303 3558 2941 3615 ANATHEMATISMUS
2973 3558 3058 3613 Ill.

1865 3670 1919 3723 Si
1950 3670 2071 3737 quis
2105 3672 2154 3722 in
2186 3688 2292 3723 uno
2317 3670 2535 3724 Christo
2566 3672 2956 3739 postunionem
2981 3671 3168 3725 dividit
3200 3672 3361 3742 hypo-

1793 3773 1989 3826 stases,
2037 3762 2291 3829 ipsasque
2324 3778 2386 3817 ea
2438 3771 2643 3816 tantum
2700 3762 3075 3829 conjunctione
3127 3764 3267 3818 inter
3300 3780 3359 3819 se

1790 3852 2083 3916 connectit,
2116 3867 2234 3919 qnze
2267 3852 2350 3905 est
2395 3851 2690 3905 secundum
2742 3852 3080 3918 dignitatem,
3135 3852 3235 3907 hoc
3273 3864 3359 3908 est.

1789 3943 2198 4005 auctoritatem,
2242 3940 2325 3995 vel
2381 3949 2722 4009 potestatem,
2774 3951 2828 3993 et
2892 3956 2994 3995 non
3051 3956 3117 3998 eo
3179 3945 3357 4011 potius

1787 4048 2079 4098 concursu,
2126 4033 2217 4101 qui
2255 4042 2336 4087 est
2370 4033 2663 4087 secundum
2710 4032 3009 4089 naturalem
3056 4035 3349 4103 unionem;

1789 4125 2074 4180 anathema
2103 4124 2196 4179 sit.

2212 4232 2527 4287 Theodoreti
2572 4232 2923 4301 repreltensto.

1862 4343 2221 4399 Tenebricosa
2248 4344 2465 4412 quidem
2519 4352 2575 4397 et
2614 4342 2914 4410 caliginosa
2963 4352 3047 4398 est
3084 4343 3351 4399 dictorum

107 4433 201 4485 τίνι
230 4433 344 4505 γάρ
378 4434 481 4487 οὑκ
508 4434 748 4502 εὔδηλον,
777 4434 853 4496 ὡς
877 4436 1136 4501 συνάφεια
1164 4436 1256 4487 καὶ
1278 4436 1492 4500 σύνοδος
1515 4438 1685 4490 οὐδενὶ

1799 4436 2149 4506 intelligentia
2208 4434 2333 4505 (piis
2388 4442 2569 4487 autem
2643 4433 2929 4488 manifesta
2981 4445 3065 4489 est
3113 4435 3350 4502 ipsorum

106 4524 492 4594 διαφέρουσιν;
524 4524 601 4576 Ἦ
628 4540 681 4573 τε
713 4523 820 4591 γὰρ
850 4524 1065 4585 σύνοδος
1109 4525 1218 4576 τῶν
1263 4528 1682 4596 κεχωρισμένων

108 4616 217 4669 imi.
258 4614 483 4677 σύνοδος
508 4631 522 4643 ·
574 4614 609 4683 ἦ
641 4631 700 4666 τε
752 4616 1013 4682 συνάφεια
1045 4615 1152 4666 τῶν
1186 4616 1526 4687 διῃρημένων
1556 4636 1682 4671 συν-

112 4707 285 4774 άφιια.
304 4708 365 4759 'O
395 4706 454 4757 δὲ
482 4704 792 4773 σοφώτατος
822 4706 930 4759 τῶν
960 4706 1131 4772 λόγων
1160 4708 1361 4760 τούτων
1392 4709 1572 4779 πατὴρ
1604 4710 1679 4772 ὠς

110 4797 319 4849 ἐναντία
376 4796 448 4848 τά
500 4794 768 4864 σύμφωνα
825 4796 1085 4847 τέθεικεν.
1117 4796 1190 4848 Οὑ
1232 4797 1337 4867 χρὴ
1368 4797 1497 4866 γάρ,
1530 4798 1682 4866 φησί,

114 4889 403 4941 συνάπτειν
443 4887 545 4950 τὰς
595 4886 924 4950 ὑποστάσεις
964 4890 1248 4957 συναφείᾳ,
1280 4888 1414 4940 ἀλλὰ
1454 4890 1679 4958 συνόδῳ,

113 4979 196 5028 καὶ
227 4980 439 5048 συνόδῳ
464 4980 709 5047 φυσικῇ·
760 4978 792 5045 ἢ
840 4978 1052 5045 ἀγνοῶν
1099 4979 1229 5040 ἴσως
1259 4978 1287 5030 ὃ
1324 4978 1493 5045 λέγει,
1544 4979 1575 5048 ἢ
1624 4982 1683 5032 ὲν

113 5068 299 5132 γνώσει
343 5068 835 5139 βλασφημῶν1.Ἢ
862 5072 969 5140 γὰρ
1004 5070 1163 5140 φύσις
1200 5072 1600 5139 ἀναγκαστικόν
1630 5072 1681 5125 τί

113 5161 241 5224 ἐστι,
276 5164 374 5215 καὶ
410 5161 715 5230 ἀϐούλητον
748 5164 934 5233 χρῆμα
957 5180 970 5195 ⁸
1006 5159 1115 5218 οἶόν
1144 5182 1197 5217 τι
1228 5165 1369 5232 λέγω
1392 5182 1404 5195 ο
1439 5164 1681 5232 φυσικῶς

116 5252 401 5320 πεινῶμεν,
434 5255 496 5305 οὑ
527 5253 723 5323 γνώμῃ
752 5253 908 5306 τοῦτο
933 5254 1255 5324 πάσχοντες,
1290 5254 1424 5307 ἀλλά
1446 5254 1677 5323 ἀνάγκη

113 5337 143 5406 ἦ
173 5342 269 5411 γὰρ
300 5342 365 5393 ἂν
392 5344 442 5393 οἰ
472 5342 716 5411 πτωχείᾳ
751 5343 1017 5406 συζῶντες
1048 5342 1138 5396 τοῦ
1170 5346 1483 5413 προσαιτεῖν
1507 5344 1681 5412 ἀπηλ-

112 5431 363 5501 limem,
396 5432 490 5485 τοῦ
538 5434 618 5502 μὴ
670 5436 861 5504 πεινῇν
908 5434 1006 5504 τὴν
1051 5434 1299 5497 ἐξουσίαν
1331 5436 1388 5486 ἐν
1415 5436 1481 5503 τῇ
1517 5433 1677 5503 βουλῇ

1787 4527 2032 4597 ineptia).
2064 4526 2163 4581 Cui
2216 4526 2359 4579 enim
2412 4539 2516 4578 non
2559 4534 2641 4578 est
2678 4525 3043 4591 perspicuum,
3076 4528 3219 4594 quod
3261 4541 3353 4581 co-

1787 4618 1993 4687 pulatio
2060 4626 2114 4670 et
2164 4628 2465 4669 concursus
2515 4612 2648 4665 nihil
2693 4611 2993 4668 diﬂ‘eruut?
3059 4630 3182 4670 nam
3219 4632 3353 4672 con-

1786 4723 1985 4762 cursus
2022 4712 2397 4773 separatorum
2434 4712 2512 4757 est
2544 4718 2879 4771 concursus;
2923 4706 3193 4774 copulatio
3226 4722 3353 4763 vero

1792 4807 1875 4851 est
1915 4797 2273 4849 discretorum
2306 4795 2597 4862 copulatio.
2631 4794 2701 4849 At
2745 4795 3178 4863 sapientissimus
3222 4799 3355 4854 isto-

1794 4903 1910 4941 rum
1944 4887 2232 4940 verborum
2283 4900 2478 4954 parens
2538 4887 2697 4953 quasi
2736 4887 3006 4941 contraria
3073 4890 3252 4957 posuit
3290 4905 3353 4945 ea

1790 4993 1909 5047 quae
1939 4985 2257 5031 consonant.
2290 4976 2499 5030 Etenim
2547 4992 2651 5030 non
2698 4985 2929 5047 Oportet,
2957 4978 3152 5047 inquit,
3183 4995 3350 5046 copu-

1788 5069 1989 5123 latione
2032 5068 2411 5123 subsistentias
2458 5068 2805 5137 conjungere,
2838 5068 2932 5122 sed
2974 5083 3262 5134 concursu,
3296 5082 3352 5125 et

1786 5173 2055 5213 concursu
2092 5159 2368 5212 naturali:
2421 5159 2506 5213 vel
2552 5158 2807 5227 ignorans
2851 5158 2993 5213 forte
3029 5162 3155 5229 quid
3194 5163 3346 5229 dicit,

1786 5250 1887 5315 vel,
1915 5250 1957 5302 si
1987 5250 2157 5315 novit,
2182 5249 2583 5319 blasphemans.
2614 5248 2833 5304 Natura
2855 5249 2999 5305 enim
3026 5260 3109 5306 est
3141 5252 3221 5307 vis
3257 5268 3347 5307 ne—

1783 5339 2021 5394 cessario
2055 5340 2408 5410 compellens,
2454 5351 2507 5395 et
2550 5342 2752 5411 alisque
2814 5339 3114 5396 voluntate.
3158 5341 3349 5397 Excms

1785 5432 1857 5499 pli
1888 5432 2062 5501 gratia
2097 5450 2109 5486 :
2148 5442 2341 5487 natura
2369 5432 2658 5501 esurimus,
2702 5447 2808 5490 non
2844 5433 2944 5488 hoc
2974 5433 3222 5498 arbitrio,
3254 5434 3346 5490 scd

1174 5587 1347 5641 Varia
1386 5586 1646 5642 lectiones
1668 5601 1731 5640 ex
1762 5586 1945 5642 codice
1972 5584 2345 5655 Seguieriauo.

185 5719 203 5760 ί
236 5724 297 5777 ἐκ
322 5725 433 5779 τοῦ.
520 5724 550 5767 ⁸
582 5723 774 5795 βλάϐη.
852 5722 881 5761 Β
917 5725 1113 5795 συνόδῳ
1143 5728 1228 5796 τῇ.
1312 5728 1329 5765 π
1369 5730 1590 5798 φυσικῇ.
1674 5739 1688 5777 t
1732 5726 2049 5797 δυσφημῶν.
