4042 6508
678 454 782 510 ιοδ

1663 453 1718 507 S.
1763 451 2033 507 CYRILLI
2076 445 2539 503 ALEXANDRINI
2578 447 2892 508 ARCHIEP.

3813 455 3919 511 404

679 567 1002 619 necessitate
1029 565 1297 634 patientes
1333 584 1345 620 :
1379 565 1624 636 profecto
1661 566 1806 620 enim
1842 564 1935 634 qui
1988 564 2039 616 in
2089 577 2229 614 men-

2345 562 2703 630 κεκτημένοι·
2740 565 2981 632 φυσικῶς
3014 565 3273 635 διψῶμεν,
3294 566 3535 634 φυσικῶς
3562 567 3917 637 καθεύδομεν,

678 657 900 712 dicitate
933 658 1156 726 degunt,
1191 658 1502 712 mendicare
1551 659 1864 724 desiissent,
1910 657 1956 711 si
2008 664 2244 726 potesta-

677 757 784 801 tem
819 748 1039 802 liberam
1073 764 1180 802 non
1221 749 1504 804 esuriendi
1549 750 1810 804 haberent
1844 766 1858 803 :
1897 757 2086 802 natura
2126 745 2245 800 siti-

675 851 818 901 mus,
860 849 1051 891 natura
1085 839 1404 900 dormimus,
1447 847 1636 892 natura
1673 838 1998 905 respiramus
2035 848 2240 900 aerem,

673 926 799 982 Haec
833 940 1011 982 autem
1049 931 1234 983 omnia
1266 931 1470 999 absque
1501 931 1779 984 voluntate
1827 939 1971 990 sunt,
2014 937 2070 980 ut
2107 926 2241 980 dixi.

682 1020 786 1084 Qui
835 1031 1013 1073 autem
1053 1021 1186 1075 nihil
1241 1022 1435 1075 horum
1485 1022 1537 1074 in
1583 1036 1641 1074 se
1679 1021 1888 1088 recipit,
1937 1020 2242 1074 necessario

674 1110 839 1164 ﬁnem
871 1111 1249 1180 vitae-accipit.
1292 1111 1350 1166 Si
1383 1114 1545 1179 igitur
1578 1113 1838 1166 naturalis
1873 1111 1971 1165 l‘uit
2008 1111 2099 1165 Dei
2134 1111 2243 1166 for-

671 1217 773 1255 mze
824 1211 880 1257 et
928 1204 1068 1257 servi
1123 1204 1313 1258 formae
1369 1207 1516 1266 unio,
1563 1220 1591 1258 a
1633 1208 1958 1262 necessitate
2007 1206 2238 1273 quadam

671 1292 1007 1360 compulsus,
1040 1303 1094 1348 et
1120 1309 1227 1349 non
1263 1296 1636 1351 misericordia
1669 1314 1798 1352 usus
1830 1296 1972 1351 Deus
2002 1295 2236 1350 Verbum

667 1382 859 1436 formae
897 1384 1041 1438 servi
1088 1386 1408 1454 coniunctus
1436 1397 1539 1454 est,
1584 1398 1638 1441 et
1682 1388 1957 1457 legislator
1997 1387 2236 1440 omnium

666 1474 1013 1528 necessitatis
1043 1474 1188 1543 leges
1232 1477 1385 1545 sequi
1423 1478 1711 1532 invenitur.
1748 1477 1946 1532 Verum
1985 1493 2088 1531 non
2123 1478 2238 1532 haec

669 1579 769 1617 nos
801 1564 982 1618 docuit
1015 1567 1208 1621 beatus
1258 1566 1455 1622 Paulus
1481 1607 1497 1633 ,
1538 1568 1633 1622 sed
1688 1568 2060 1633 contrarium,
2091 1568 2235 1636 quod

663 1653 903 1721 seipsum
955 1655 1258 1710 exinanivit
1314 1655 1486 1710 forma
1538 1658 1680 1710 servi
1732 1667 2030 1726 assumpta.
2078 1657 2233 1724 Quod

663 1756 842 1799 autem
874 1747 1110 1803 dicitur:
1151 1767 1168 1800 ι
1213 1748 1459 1817 Seipsum
1498 1750 1794 1804 exinanivit
1825 1750 1891 1815 ⁷⁸,
1926 1769 1944 1800 ι
1990 1750 2234 1808 volunta-

2348 651 2586 726 φυσικῶς
2611 653 2949 724 ἀναπνέομεν
2977 656 3067 708 τὸν
3095 656 3234 726 ἀέρα
3252 672 3266 685 '
3315 657 3493 710 πάντα
3517 659 3574 710 δὲ
3605 659 3777 712 ταῦτα
3813 661 3921 712 τῶν

2339 725 2722 811 ἃδουλήτωνιί,
2760 745 2834 807 ὼς
2867 747 3005 815 ἔφην
3030 764 3042 776 ·
3081 749 3109 798 6
3150 725 3258 816 γὰρ
3308 748 3472 818 μηδὲν
3513 748 3719 801 τούτων
3753 768 3924 804 κατα-

2345 832 2647 902 δεχόμενος.
2680 835 2928 904 ἀνάγκηι
2975 836 3036 888 τὸ
3074 838 3174 905 τῆς
3203 837 3347 907 ζωῆς
3387 839 3788 908 ὑποδέχεσθαιπι
3826 842 3922 892 τὲ-

2345 923 2453 985 λος.
2483 925 2544 976 Εί
2575 925 2751 977 τοίνυν
2783 928 2986 997 φυσικὴ
3017 928 3208 995 γέγονε
3250 930 3348 998 τῆς
3388 930 3480 981 τοῦ
3517 931 3652 983 Θεοῦ
3702 934 3924 1001 μορφῆς

2346 1015 2563 1084 καὶτῆς
2596 1017 2692 1069 τοῦ
2726 1018 2912 1071 δούλου
2947 1020 3162 1090 μορφῆς
3191 1023 3223 1090 ή
3255 1020 3374 1074 καθ’
3411 1021 3604 1075 ἕνωσιν
3637 1023 3918 1091 σύνοδοςη,

2346 1106 2436 1158 ὑπ’
2462 1109 2706 1178 ἀνάγκης
2758 1112 2902 1174 τινὸς
2939 1112 3274 1182 βιαζόμενος,
3310 1114 3424 1167 ἀλλ’
3451 1115 3571 1183 οὐχὶ
3611 1115 3922 1185 φιλανθρω-

2344 1199 2443 1269 πίᾳ
2472 1203 2808 1271 κεχρημένος
2837 1204 2864 1254 6
2886 1202 3017 1266 Θεὸς
3036 1205 3207 1271 Λόγος
3239 1204 3483 1273 συνήφθη
3511 1208 3576 1274 τῇ
3609 1205 3700 1258 τοῦ
3727 1206 3920 1257 δούλου

2344 1293 2556 1360 μορφῇ·
2612 1293 2705 1343 καὶ
2749 1293 3105 1362 εὑρεθήσεται
3158 1296 3186 1346 6
3230 1294 3322 1346 τοῦ
3373 1297 3572 1358 παντὸς
3621 1298 3923 1366 νομοθέτης

2340 1381 2759 1447 ἀναγκαστικοῖς
2819 1384 3005 1452 νόμοις
3063 1385 3388 1439 ἀκολουθῶν.
3439 1387 3575 1438 Ἀλλ’
3628 1388 3686 1438 οὑ
3742 1388 3924 1440 ταῦτα

2339 1473 2485 1539 ἡμᾶς
2512 1473 2540 1523 6
2576 1473 2845 1542 μακάριος
2875 1474 3076 1537 ἐδίδαξε
3107 1476 3346 1541 Παῦλος,
3379 1480 3688 1532 τούναντίον
3723 1481 3798 1543 δὲ,
3832 1483 3921 1533 δτι

2338 1561 2525 1613 ἑαυτὸν
2563 1562 2820 1629 ἐκένωσε,
2845 1565 3059 1635 μορφὴν
3086 1566 3272 1618 δούλου
3301 1567 3479 1620 λαϐὼν
3497 1585 3508 1596 ·
3540 1569 3600 1620 τὸ
3630 1570 3706 1630 δὲ,
3746 1588 3763 1619 ι
3789 1571 3923 1622 ἑαυ-

2337 1651 2426 1703 τὸν
2475 1652 2728 1713 ἐκένωσε,
2759 1673 2777 1705 ι
2825 1655 2886 1706 τὸ
2941 1655 3246 1710 ἐθελούσιον
3297 1658 3588 1711 δείκνυσιν.
3619 1661 3681 1710 Εἰ
3732 1661 3921 1711 τοίνυν

2336 1741 2526 1812 γνώμῃ
2553 1745 2643 1795 καὶ
2679 1743 2931 1814 βουλήσει
2959 1750 3024 1817 τῇ
3053 1749 3113 1812 ἐξ
3140 1748 3300 1818 ἡμῶν
3327 1749 3700 1822 ἀναληφθείσῃ
3725 1751 3918 1821 ήνώθη

658 1837 801 1888 rium
855 1835 1215 1890 demonstrat.
1255 1835 1311 1891 Si
1360 1839 1524 1904 igitur
1574 1838 1800 1892 consilio
1851 1846 1906 1892 et
1949 1837 2224 1891 voluntate

2337 1833 2513 1900 φύσει,
2554 1836 2782 1905 περιττή
2834 1837 2934 1906 τῆς
2979 1839 3246 1906 φυσικῆς
3297 1839 3493 1904 λέξεως
3524 1842 3556 1910 ή
3586 1841 3873 1910 προσθήκη
3900 1858 3918 1871 ·

656 1925 842 1980 unitus
869 1936 953 1981 est
981 1939 1189 1982 naturae
1233 1943 1298 1983 ex
1343 1931 1498 1984 nobis
1547 1943 1834 2000 susceptae,
1889 1933 2218 2001 superﬂuum

656 2023 740 2069 est
775 2015 974 2070 addere
1006 2018 1326 2084 dictionem,
1363 2021 1643 2076 naturalis.
1691 2023 1839 2077 Satis
1873 2025 2015 2077 enim
2067 2024 2230 2078 fuerit

2335 1924 2495 1993 ἀρκεῖ
2522 1924 2631 1994 γὰρ
2651 1927 2985 1995 ὁμολογῆσαι
3007 1928 3104 1996 τὴν
3125 1928 3318 1980 ἕνωσιν
3384 1929 3577 1987 ἓνωσις
3606 1929 3662 1978 δὲ
3685 1930 3776 1979 ἐπὶ
3807 1929 3925 1979 τῶν

2331 2015 2677 2085 είρημένωνο
2710 2016 3042 2082 λαμϐάνεται
3068 2031 3080 2045 ·
3106 2015 3424 2082 διαιρέσεως
3449 2015 3556 2084 γὰρ
3586 2017 3686 2068 οὑκ
3720 2016 3920 2083 οὔσης,

2329 2106 2428 2154 οὐκ
2463 2107 2526 2154 ἄν
2562 2119 2690 2154 ποτε
2731 2103 2922 2164 ἓνωσις
2975 2102 3214 2172 νοηθείη.
3247 2103 3305 2155 '0
3351 2104 3527 2156 τοίνυν
3569 2105 3666 2174 τὴν
3718 2105 3927 2158 ἕνωσιν

2329 2191 2641 2261 λαμϐάνων,
2683 2191 3102 2261 προλαμϐάνειν
3124 2193 3220 2262 τὴν
3253 2193 3540 2264 διαίρεσιν.
3578 2194 3704 2256 Πῶς
3731 2197 3925 2248 τοίνυν

2329 2283 2484 2353 φησὶ,
2517 2284 2590 2353 μὴ
2611 2283 2721 2335 δεῖν
2747 2283 2844 2346 τὰς
2865 2285 3190 2347 ὑποστάσεις
3210 2285 3460 2355 διαιρεῖν,
3483 2285 3660 2337 εἷτουν
3687 2286 3922 2353 φύσεις;

2330 2379 2440 2431 Καὶ
2475 2376 2648 2429 ταῦτα
2682 2375 2859 2438 εἰδὼς,
2900 2377 2974 2438 ὡς
3018 2375 3198 2428 τελεία
3249 2378 3346 2446 μὲν
3375 2380 3407 2446 ή
3444 2377 3537 2429 τοῦ
3568 2377 3702 2428 Θεοῦ
3734 2378 3923 2445 Λόγου

2331 2467 2627 2529 ὑπόστασις
2677 2466 2780 2536 πρὸ
2820 2466 2927 2518 τῶν
2970 2466 3180 2518 αἰώνων
3224 2465 3469 2536 ὑπῆρχε·
3503 2466 3682 2518 τελεία
3715 2467 3776 2519 δὲ
3813 2469 3926 2519 ὑπ’

2330 2558 2545 2628 ἐκείνης
2567 2557 2835 2627 ὲλήφθηή
2885 2558 2976 2610 τοῦ
3020 2559 3206 2611 δούλου
3251 2559 3466 2628 μορφή·
3513 2557 3591 2610 διὸ
3643 2557 3739 2610 καὶ
3785 2560 3930 2611 ὑπο-

2332 2650 2549 2711 στάσεις
2577 2646 2751 2710 εἷπεν,
2777 2648 2889 2701 ἀλλ’
2917 2649 3014 2719 οὐχ
3042 2649 3358 2703 ὑπόστασιν.
3388 2651 3446 2702 Εἰ
3467 2650 3646 2702 τοίνυν
3670 2651 3925 2719 ἑκατέρα

2331 2741 2490 2810 φύσις
2519 2740 2580 2792 τὸ
2621 2740 2826 2792 τέλειον
2855 2740 2988 2809 ἔχει,
3022 2742 3100 2802 εἰς
3126 2740 3320 2793 ταύτὸν
3349 2741 3404 2792 δὲ
3442 2740 3699 2808 συνῆλθον
3728 2741 3925 2810 ἀμφό-

2328 2845 2505 2898 τεραι,
2537 2831 2634 2899 τῆς
2659 2829 2753 2881 τοῦ
2785 2829 2917 2882 Θεοῦ
2961 2830 3172 2899 μορφῆς
3214 2830 3452 2900 δηλονότι
3502 2831 3778 2901 λαόούσης
3819 2834 3929 2902 τὴν

2329 2919 2423 2972 τοῦ
2454 2919 2640 2972 δούλου
2673 2921 2918 2990 μορφὴν,
2952 2920 3008 2972 ἓν
3039 2921 3136 2991 μὲν
3165 2921 3486 2989 πρόσωπον,
3529 2923 3621 2974 καὶ
3658 2922 3757 2973 ἕνα
3790 2923 3930 2976 Υίὸν

659 3007 894 3062 formam
924 3011 1089 3076 servi,
1110 3026 1271 3064 unam
1296 3013 1511 3079 quidem
1545 3028 1854 3082 personam,
1873 3023 1929 3068 et
1953 3030 2114 3067 unum
2141 3014 2229 3068 Fl-

2335 3014 2424 3065 καὶ
2462 3012 2696 3084 Χριστὸν
2725 3012 3007 3083 ὁμολογεῖν
3024 3023 3051 3062 ει
3077 3012 3298 3075 εὐσεϐές
3316 3029 3328 3040 ·
3366 3013 3458 3066 δύο
3483 3013 3537 3064 δὲ
3562 3015 3662 3076 τὰς
3689 3014 3930 3066 ἐνωθεί-

654 3095 784 3150 lium
821 3106 875 3150 et
907 3096 1185 3152 Christum
1225 3100 1473 3154 confiteri
1521 3102 1665 3169 pium
1710 3110 1832 3166 est;
1880 3102 2016 3157 duas
2049 3112 2226 3157 autem

2335 3119 2431 3182 σας
2474 3102 2819 3167 ὑποστάσεις,
2851 3103 3028 3155 είτουν
3079 3102 3289 3170 φύσεις,
3321 3103 3499 3171 λέγειν
3538 3103 3636 3155 οὑκ
3685 3105 3928 3168 ἄτοπον,

660 3185 1042 3241 subsistentias
1083 3189 1199 3243 sive
1247 3198 1472 3243 naturas
1521 3191 1700 3245 unitas
1744 3190 1948 3254 dicere,
1985 3205 2091 3245 non
2126 3192 2220 3246 ab-

2335 3193 2470 3248 ἀλλά
2492 3195 2613 3247 κατ’
2639 3195 2817 3246 αἰτίαν
2842 3193 3151 3246 ἀκόλουθον.
3181 3194 3244 3245 Εἰ
3270 3195 3378 3260 γὰρ
3412 3195 3504 3244 ἐπὶ
3537 3193 3628 3245 τοῦ
3670 3195 3792 3256 ἑνὸς
3821 3195 3925 3246 ἀνο

653 3280 874 3332 surdum
910 3289 1014 3344 est,
1060 3282 1153 3334 sed
1183 3280 1334 3348 juxta
1382 3296 1605 3335 causam
1646 3293 2098 3338 consentaneum.
2133 3285 2226 3339 Et-

2335 3287 2551 3354 θρώπου
2594 3285 2910 3354 διαιροῦμεν
2957 3285 3055 3348 τὰς
3103 3284 3312 3353 φύσεις,
3343 3286 3434 3337 καὶ
3490 3284 3765 3353 καλοῦμεν
3821 3287 3932 3354 τὴν

653 3369 801 3421 enim
830 3369 874 3423 si
911 3370 961 3422 in
999 3385 1106 3425 uno
1147 3372 1363 3426 homine
1398 3373 1688 3427 dividimus
1717 3383 1961 3438 naturas,
1991 3384 2046 3429 et
2077 3391 2223 3428 mor-

2335 3377 2432 3444 μὲν
2467 3375 2666 3442 θνητὴν
2702 3374 2882 3442 σῶμα,
2915 3375 3013 3442 τὴν
3039 3375 3096 3426 δὲ
3122 3374 3386 3427 ἀθάνατον
3415 3375 3614 3443 ψυχὴν,
3640 3375 3932 3444 ἑκατέραν

657 3456 769 3515 tale
819 3474 1035 3529 corpus,
1091 3461 1454 3517 immortalem
1509 3479 1639 3519 vero
1682 3467 1918 3518 animam
1973 3465 2221 3528 dicimus,

2335 3465 2385 3518 δὲ
2429 3464 2741 3533 ἄνθρωπον·
2781 3462 2958 3531 πολλῷ
2993 3463 3190 3532 μᾶλλον
3220 3462 3312 3515 τοῦ
3360 3464 3706 3533 ἀνειληφότος
3751 3466 3929 3532 Θεοῦ,

653 3559 945 3618 utramque
977 3560 1155 3606 autem
1184 3553 1459 3607 hominem
1491 3574 1503 3610 :
1531 3556 1701 3610 multo
1733 3557 1906 3626 magis
1944 3571 2228 3611 assumen-

2335 3557 2422 3609 καὶ
2460 3553 2857 3624 ἀναληφθέντος
2898 3551 3222 3622 ἀνθρώπου,
3256 3551 3352 3615 τὰς
3388 3552 3496 3604 τῶν
3531 3552 3747 3621 φύσεων
3787 3555 3933 3607 ἰδιό-

656 3640 727 3693 tis
757 3639 874 3704 Dei,
908 3652 961 3694 et
987 3645 1254 3711 assumpti
1297 3645 1531 3699 hominis
1559 3657 1874 3699 naturarum
1918 3649 2224 3716 proprieta-

2335 3661 2495 3713 τητας
2547 3642 2831 3712 γνωρίζειν
2886 3641 3128 3708 εὔλογον.
3173 3643 3513 3712 Εὑρίσκομεν
3561 3642 3616 3693 δὲ
3669 3642 3769 3694 καὶ
3827 3645 3932 3697 τὲν

654 3740 735 3782 tes
759 3744 1056 3799 agnoscere
1088 3733 1286 3786 rationi
1315 3745 1742 3789 consentaneum
1778 3746 1883 3790 est.
1915 3736 2225 3790 Invenimus

2335 3735 2602 3803 μακάριον
2648 3731 2879 3793 Παῦλον,
2907 3731 2998 3782 τὸν
3045 3730 3150 3781 ἕνα
3191 3731 3476 3799 ἄνθρωπον
3521 3733 3598 3792 είς
3645 3730 3741 3780 δύο
3772 3731 3930 3782 διαι-

652 3828 833 3874 antem
859 3830 914 3876 et
949 3821 1168 3877 beatum
1206 3823 1428 3878 Paulum
1465 3841 1630 3879 unum
1683 3828 1954 3882 hominem
2001 3829 2053 3882 in
2091 3829 2226 3884 duos

652 3912 1005 3979 dividentem,
1029 3924 1082 3967 et
1107 3916 1398 3982 aliquando
1416 3919 1629 3984 quidem
1659 3919 1932 3974 dicentem
1959 3938 1970 3974 :
2000 3940 2017 3971 ι
2051 3919 2227 3986 Quan-

657 4015 709 4056 to
756 4006 1002 4058 exterior
1050 4006 1212 4061 homo
1255 4012 1647 4076 corrumpitur,
1682 4020 1830 4066 tanto
1859 4012 2106 4066 internus
2140 4027 2225 4065 reo

653 4097 973 4148 novatur".
1013 4115 1031 4147 ι
1063 4097 1372 4166 Aliquando
1420 4115 1551 4155 vero
1595 4118 1608 4154 :
1649 4120 1668 4152 ‹
1709 4101 2070 4156 Condelector
2123 4103 2224 4172 legi

652 4184 770 4249 Dei,
815 4189 1009 4256 inquit,
1059 4192 1356 4246 secundum
1411 4193 1727 4248 interiorem
1771 4194 2048 4250 hominem
2081 4197 2155 4262 ⁷⁸;
2203 4215 2220 4246 ι

649 4287 706 4333 et
759 4278 996 4331 iterum:
1040 4297 1059 4329 ι
1119 4279 1174 4333 In
1220 4281 1477 4336 interiore
1528 4284 1746 4339 homine
1791 4284 2038 4339 habitare
2070 4285 2226 4339 Chri-

650 4378 792 4422 stum
822 4369 889 4421 ⁷⁹.
932 4388 950 4420 ι
991 4369 1148 4435 Quod
1179 4371 1225 4425 si
1253 4371 1548 4440 Apostolus
1576 4375 1879 4428 naturalem
1924 4377 2227 4442 copulatio-

653 4472 775 4510 nem
804 4468 1127 4516 naturarum
1163 4461 1323 4515 simul
1371 4463 1714 4518 conditarum
1752 4465 1964 4529 dividit,
1994 4481 2224 4531 quomo-

650 4549 718 4601 do
743 4563 861 4609 eos.
890 4551 980 4616 qui
1025 4551 1273 4606 dividunt
1325 4555 1687 4622 proprietates
1736 4565 2055 4611 naturarum
2102 4556 2218 4620 Dei,

2335 4522 2416 4609 ἐπ’
2451 4522 2731 4623 ὲσχάτωνέ
2771 4549 2875 4600 τῶν
2905 4547 3127 4616 ἡμερῶν
3163 4522 3558 4615 ἀναληφθέντος
3593 4543 3926 4612 ἀνθρώπου,

649 4644 740 4710 qui
775 4651 901 4700 ante
929 4644 1124 4697 saecula
1173 4643 1295 4708 fuit,
1338 4654 1392 4697 et
1427 4645 1661 4699 hominis
1707 4647 1761 4698 in
1793 4648 2053 4702 extremis
2078 4684 2080 4686 -
2106 4648 2222 4702 die-

2335 4650 2356 4699 6
2389 4647 2484 4716 τὴν
2519 4643 2711 4712 κρᾶσιν
2738 4641 2904 4710 ἡμῖνι
2940 4638 3006 4690 δι’
3035 4637 3234 4707 ἑτέρων
3264 4635 3539 4705 ὀνομάτων
3571 4634 3888 4700 διδάσκων;

651 4733 752 4787 bus
786 4734 1074 4802 assumpti,
1109 4734 1403 4802 impietatis
1449 4743 1669 4788 accusat
1715 4736 1780 4797 is,
1823 4737 1913 4802 qui
1951 4747 2200 4805 tempera-

653 4825 852 4880 tionem
887 4841 982 4882 nos
1015 4841 1108 4894 per
1141 4827 1243 4880 alia
1279 4830 1492 4881 nomina
1526 4832 1726 4884 docet?

657 2107 815 2161 fateri
844 2110 1124 2163 unionem.
1161 2110 1304 2164 Unio
1344 2122 1523 2165 autem
1560 2115 1613 2166 in
1653 2116 1906 2168 discretis
1938 2117 2224 2181 accipitur,

656 2212 927 2265 nusquam
956 2199 1100 2254 enim
1133 2199 1456 2269 intelligitur
1487 2201 1638 2265 unio,
1676 2202 1779 2256 nisi
1813 2201 1980 2256 fuerit
2009 2201 2224 2256 divisio.

655 2287 828 2357 Igitur
870 2289 1122 2344 unionem
1169 2291 1494 2359 suscipiens,
1537 2292 1916 2346 discretionem
1972 2290 2229 2360 praeacci-

655 2377 753 2445 pit.
787 2376 1067 2442 Quomodo
1099 2379 1260 2448 igitur
1290 2379 1439 2444 dicit,
1474 2395 1581 2433 non
1627 2390 1883 2448 Oportere
1923 2381 2226 2435 subsisten-

657 2467 760 2520 tias
781 2467 1044 2533 dividere,
1073 2470 1187 2522 sive
1213 2471 1475 2524 naturas?
1505 2471 1664 2538 idque
1695 2472 1899 2534 sciens,
1932 2472 2072 2540 quod
2106 2487 2227 2539 per-

654 2557 795 2612 fecta
831 2560 921 2613 Dei
949 2559 1106 2614 Verbi
1141 2561 1298 2630 211
1339 2561 1684 2616 subsistentia
1718 2575 1843 2617 ante
1869 2563 2062 2617 saecula
2087 2574 2223 2626 erat,

654 2656 710 2701 et
732 2648 801 2702 ab
823 2647 910 2701 illa
938 2660 1216 2718 assumpta
1246 2650 1346 2704 fuit
1368 2653 1509 2705 servi
1530 2651 1704 2704 forma
1739 2653 2000 2721 perlecta.
2033 2655 2155 2708 Ideo
2175 2664 2229 2707 et

654 2735 1033 2793 subsistentias
1059 2740 1217 2805 dixit,
1241 2745 1335 2795 sed
1367 2756 1470 2795 non
1508 2742 1941 2796 subsistentiam.
1974 2743 2028 2797 Si
2061 2744 2228 2812 igitur

654 2835 885 2895 utraque
907 2838 1100 2883 natura
1138 2829 1526 2899 perfectionem
1562 2831 1745 2898 habet,
1779 2833 1832 2885 in
1872 2833 2010 2886 idem
2046 2842 2225 2887 autem

655 2927 1029 2973 convenerunt
1053 2920 1248 2984 ambae,
1284 2920 1456 2976 forma
1485 2920 1740 2977 videlicet
1770 2923 1862 2977 Dei
1893 2923 2228 2990 suscipiente

2333 3825 2528 3895 ροῦντα
2555 3822 2892 3893 ἀνθρώπους,
2925 3821 3020 3874 καὶ
3053 3821 3186 3873 ποτὲ
3221 3821 3318 3890 μὲν
3337 3821 3563 3887 λέγοντα
3588 3837 3599 3849 ·
3647 3822 3856 3873 ι”Οσον
3899 3827 3930 3875 ὁ

2329 3917 2433 3980 ἔξω
2461 3915 2745 3984 ἄνθρωπος
2771 3913 3072 3982 φθείρεται,
3107 3911 3358 3964 τοσοῦτον
3397 3913 3423 3964 6
3454 3910 3655 3965 ἔσωθεν
3679 3912 3929 3965 ἀνακαι-

2329 4007 2543 4062 νοῦται·
2582 4027 2600 4059 ι
2650 4006 2778 4059 ποτὲ
2805 4005 2892 4056 δέ·
2963 4025 2978 4054 ι
3012 4004 3320 4072 Συνήδομαι
3357 4002 3434 4071 τῷ
3472 4003 3621 4071 νόμῳ
3649 4000 3743 4053 τοῦ
3773 4003 3928 4056 Θεοῦ

2329 4102 2470 4152 κατά
2498 4099 2587 4151 τὸν
2622 4099 2730 4150 ἔσω
2760 4097 3045 4166 ἄνθρωπον
3067 4113 3080 4127 ’
3120 4114 3137 4146 ι
3173 4095 3267 4146 καὶ
3297 4090 3449 4156 αὖθις
3469 4110 3482 4122 ·
3519 4112 3534 4141 ι
3562 4095 3652 4154 Εἰς
3683 4093 3781 4144 τὸν
3807 4093 3930 4145 ἔσω

2329 4191 2611 4261 ἄνθρωπον
2651 4191 2972 4257 κατοικῆσαι
3001 4188 3089 4240 τὸν
3118 4187 3368 4255 Χριστόν.
3402 4203 3418 4234 ι
3449 4186 3508 4236 Εἰ
3538 4184 3593 4236 δὲ
3618 4185 3716 4252 τὴν
3751 4201 3827 4250 φυ
3841 4203 3930 4238 σι-

2328 4285 2430 4353 κὴν
2473 4281 2768 4348 συνάφειαν
2799 4279 2904 4330 τῶν
2932 4278 3280 4346 ὁμοχρόνωντ
3318 4274 3531 4342 φύσεων
3578 4275 3605 4326 6
3645 4274 3929 4325 ’Λπόστοο

2327 4376 2415 4436 λος
2445 4358 2660 4443 διαιρεῖ,
2694 4370 2808 4433 πῶς
2840 4367 3093 4428 ἀσεϐείας
3124 4364 3393 4436 γράφεται
3416 4365 3539 4425 τοὺς
3566 4361 3634 4413 τὰ
3663 4362 3775 4414 ἴδια
3803 4364 3929 4416 τῶν

2329 4464 2542 4532 φύσεων
2591 4461 2930 4529 διαιροῦντας
2979 4456 3072 4508 τοῦ
3123 4453 3452 4526 προαιωνίου
3488 4452 3645 4515 Θεοῦ,
3687 4454 3787 4503 καὶ
3820 4455 3928 4506 τοῦ

1202 4941 1387 5012 Cyri/li
1425 4946 1676 5012 defensio.

2788 4932 3093 4999 Ἀπολογία
3142 4933 3464 4997 Κιιρίλλου.

2409 5046 2595 5115 Ἃθρει
2647 5046 2709 5114 δὴ
2745 5042 2854 5106 οὖν,
2883 5046 3028 5104 ὅπως
3052 5051 3076 5077 υ
3113 5044 3139 5093 6
3175 5042 3446 5109 πάνσοφος
3475 5032 3628 5102 οὗτος
3684 5041 3928 5109 πρῶτον

2337 5143 2432 5211 μὲν
2492 5141 2549 5192 τὸ
2603 5138 2920 5206 ἀσυμφανὲς
2968 5136 3073 5187 τῶν
3126 5134 3430 5203 εἰρημένων
3484 5131 3931 5200 καταψεύδεται,

2333 5235 2547 5300 ἀφεγγῆ
2592 5232 2646 5282 δὲ
2695 5231 2788 5282 καὶ
2840 5228 3118 5297 σκοτεινὴν
3159 5227 3256 5294 τὴν
3285 5227 3520 5276 διάνοιαν
3553 5223 3690 5292 ἔχων
3723 5226 3933 5288 αὐτὸς.

2336 5325 2607 5381 σκοτεινὸν
2634 5320 2772 5376 εἷναί
2801 5339 2937 5390 φησι
2978 5321 3067 5372 τὸν
3108 5319 3249 5370 οὑτω
3280 5315 3535 5384 διαφανῆ,
3565 5314 3660 5366 καὶ
3708 5318 3835 5378 τοῖς
3869 5314 3930 5369 εὖ

726 5051 882 5119 Vide,
929 5056 1200 5123 quomodo
1240 5057 1674 5124 sapientissimus
1712 5060 1813 5112 iste
1857 5075 1937 5112 vir
1989 5061 2220 5129 primum

653 5145 868 5212 quidem
905 5146 1294 5200 obscuritatem
1318 5148 1369 5199 in
1396 5148 1556 5202 dictis
1585 5147 1719 5204 falso
1741 5161 1980 5214 accuset,
2012 5162 2064 5206 et
2095 5167 2218 5206 cum

653 5236 768 5305 ipse
797 5247 1028 5291 mentem
1078 5253 1184 5290 non
1223 5237 1503 5303 fulgidam,
1545 5242 1639 5293 sed
1687 5242 2084 5295 tenebricosam
2127 5243 2224 5295 ha-

652 5329 798 5383 beat.
839 5327 1238 5382 tenebricosum
1266 5343 1386 5382 esse
1428 5330 1571 5383 dicat
1599 5346 1930 5398 sermonem,
1956 5333 2048 5401 qui
2081 5341 2225 5387 recte

725 5489 767 5521 ⁷⁸
811 5487 1038 5557 Ριιιιὶρρ.
1076 5503 1137 5549 ll,
1171 5489 1220 5539 7.
1300 5489 1339 5516 ⁷⁷
1382 5486 1423 5540 ll
1459 5489 1582 5551 Cor.
1617 5504 1686 5551 tv,
1738 5487 1817 5541 l6.
1897 5489 1939 5516 ⁷⁸
1983 5486 2139 5540 Rom.
2172 5500 2229 5538 vt

2335 5483 2385 5535 2.
2466 5481 2509 5510 ⁷⁹
2552 5477 2749 5547 Ephes.
2785 5493 2866 5539 ιιι,
2902 5476 2984 5528 l7.

1720 5644 1895 5698 νει-ἦξε
1929 5642 2184 5696 lectiones
2213 5657 2275 5696 ex
2302 5642 2485 5696 codice
2515 5637 2885 5706 Seguicriano.

2293 5793 2318 5820 ει
2346 5785 2556 5842 {wn-4,
2639 5787 2660 5812 ο
2685 5777 3044 5850 διῃρημένων.
3095 5786 3117 5824 Γ
3154 5765 3579 5843 προσλαμϐάνει,
3661 5777 3685 5815 εἱ
3722 5767 3928 5822 ὡσαύ-

1447 5787 1718 5857 Ιάνάγκῃ.
1797 5796 1834 5824 m
1864 5786 2205 5852 ὑποδέχεται.

2304 5867 2327 5892 υ
2359 5855 2440 5922 δὴ,
2469 5855 2638 5912 ὅπως,

726 5789 752 5830 k
785 5789 1004 5842 πάντων
1025 5789 1356 5856 ἀϐουλήτως.
1447 5789 1718 5857 Ιάνάγκῃ.
1797 5796 1834 5824 m
1864 5789 2162 5852 ὑποδέχεται

726 5879 761 5923 ις
782 5860 1080 5923 ὁμολογεῖν.
1165 5870 1183 5896 τ
1219 5861 1528 5923 ὁμοφρόνων
1625 5870 1641 5893 ⁵
1684 5861 1930 5923 ἐσγάῐου.
2014 5859 2025 5890 ἵ
2060 5857 2172 5923 ἡμᾱῐ

1625 5870 1641 5893 ⁵
1684 5861 1930 5928 ἐσχάτου.
2014 5861 2224 5923 εὴμᾶς.

657 5879 761 5923 τως
782 5860 1080 5931 ὁμολογεῖν.
1165 5870 1183 5896 τ
1219 5861 1528 5928 ὁμοφρόνων
