4042 6430
139 351 233 405 405
712 354 1236 412 APOLOGETICUS
1274 358 1553 415 CONTRA
1597 363 2113 426 TllEODORETUM
2162 372 2297 427 PRO
2341 373 2431 426 XII
2474 372 2865 428 CAPITIBUS.

3279 378 3385 432 406

145 468 359 531 φρονεῖν
393 467 641 519 ἐθέλουσι
671 472 1091 540 γνωριμώτατον
1138 475 1492 548 λόγον.ᾩήθη
1540 480 1596 532 δὲ
1644 481 1700 533 ὅτ

1828 489 2028 541 sentire
2063 489 2365 544 volentibus
2396 490 2534 543 adeo
2566 492 2879 558 perSpicuus
2912 497 2996 541 est
3024 498 3185 558 atque
3216 491 3384 544 notis-

136 553 348 604 choEov
376 556 656 619 λέγεσθαι,
689 561 781 609 καὶ
802 562 918 629 οὐχὶ
950 563 1012 630 δὴ
1052 565 1248 631 μᾶλλον
1276 568 1569 633 συνάφειαν
1596 569 1711 620 ὀνο-

136 642 411 703 μάζεσθαι.
454 645 583 703 δεῖν,
614 646 641 696 ὁ
687 648 819 716 πρὸς
854 650 1005 717 ἡμῶν
1041 655 1276 717 γεγονὼς
1323 656 1710 725 διῖσχυρίζεται

132 731 304 795 λόγος.
342 728 507 793 Εἷτα,
540 735 638 800 τῆς
679 736 903 804 ἐνούσης
934 740 1207 807 εὐτεχνίας
1237 742 1383 810 αὐτῷ
1396 743 1710 812 ποιούμενος

130 824 219 886 τὴν
263 822 557 889 ἐπίδειξιν,
594 827 723 893 μίαν
752 829 883 895 ἡμῖν
914 831 1201 898 ἀποφαίνει
1249 835 1345 903 τὴν
1384 836 1447 886 ἐκ
1475 834 1581 886 τῶν
1614 852 1710 903 ση-

132 913 481 979 μαινομένων
530 915 794 984 δύναμιν,
843 920 945 971 κᾶν
997 922 1105 973 εἴτε
1161 925 1487 991 συνάφειαν,
1536 928 1709 979 εῐτουν

129 1002 345 1052 σύνοδον
376 1005 696 1071 πεπρᾶχθαί
727 1024 809 1067 τις
838 1007 1000 1075 λέγοι.
1020 1010 1161 1078 Ἐγὼ
1179 1012 1235 1064 δὲ
1260 1016 1359 1066 κάν
1388 1014 1561 1084 τούτῳ
1582 1016 1709 1068 θαυ-

128 1094 307 1158 μάσας
344 1093 460 1161 ἔχω
487 1096 583 1162 τῆς
620 1096 792 1159 οὕτως
828 1100 1013 1168 ἰσχνῆς
1040 1102 1318 1166 εὺὸουλίας
1349 1106 1538 1159 αὐτόν’
1568 1105 1709 1172 ἔγνω

125 1180 248 1248 γὰρ.
283 1180 363 1242 ὼς
398 1180 568 1243 ἔοικε,
599 1182 757 1249 μόνος
785 1185 842 1235 τὸ
880 1187 1064 1253 μηδενί
1095 1199 1265 1240 ποτε*
1298 1192 1438 1260 τάχα
1479 1194 1587 1246 τῶν
1617 1194 1706 1246 δν-

123 1286 225 1321 των
252 1268 551 1337 ἀγνοηθὲν,
588 1274 975 1341 πεπατημένον
1003 1275 1056 1327 δὲ
1086 1276 1277 1343 οὕτως,
1305 1280 1379 1342 ὠς
1403 1282 1495 1335 καὶ
1522 1284 1706 1346 αὐτοῖς

123 1354 259 1411 εἶναι
294 1362 615 1426 καταφανὲς
648 1363 759 1423 τοῖς
793 1365 1023 1417 είσάπαν
1053 1368 1377 1437 ἡμοιρηκόσι
1401 1372 1490 1423 καὶ
1514 1374 1704 1439 σοφίας

123 1448 423 1517 κοσμικῆς,
461 1450 556 1500 καὶ
590 1450 761 1516 λόγων
794 1453 1002 1521 τριϐῆς,
1036 1457 1126 1507 καὶ
1172 1442 1267 1526 τῆς
1314 1460 1378 1510 ἐκ
1429 1478 1704 1529 παρακου-

123 1538 348 1602 σμάτων
404 1541 639 1609 μετρίας
685 1558 741 1591 τε
781 1543 872 1593 καὶ
919 1544 1019 1595 οὐκ
1068 1546 1326 1615 ἀκριὸοὖς
1373 1550 1701 1621 ἐπιστήμης,

122 1623 508 1692 Τεθαυμακὼς
529 1629 708 1679 τοίνυν
730 1629 826 1698 τῆς
854 1632 1115 1700 εὐμαθίας
1136 1636 1317 1700 αὑτὸν,
1338 1638 1513 1691 ἐκεῖνό
1540 1657 1697 1709 φημι·

120 1716 307 1784 Βραχὺ
330 1716 781 1790 διαγρηγορήσας
802 1730 826 1756 ι
849 1724 1098 1795 καθάπερ
1124 1726 1181 1791 ἐξ
1204 1727 1368 1782 ὕπνου
1411 1732 1504 1784 καὶ
1531 1732 1701 1803 μέθης

1819 576 2006 631 simus.
2041 577 2383 632 Existimavit
2426 591 2629 641 autem,
2660 579 2801 647 quod
2854 578 3054 631 debere
3102 580 3205 632 dici
3250 596 3380 634 con-

1818 679 2051 727 cursum,
2086 677 2139 720 et
2178 684 2283 720 non
2329 667 2747 735 copulationem,
2786 667 2963 719 oratio
2990 676 3176 720 nostra
3223 682 3376 721 asse-

1816 764 1982 807 veret.
2012 754 2232 817 Deinde,
2258 766 2425 808 artem
2455 769 2609 807 suam
2633 762 2932 815 ostentans,
2967 768 3128 807 unam
3156 768 3277 808 esse
3308 770 3371 808 ex

1816 843 2300 911 signiﬁcationibus
2328 846 2434 897 vim
2468 844 2623 897 nobis
2650 844 2910 903 declarat,
2946 843 3062 898 sive
3094 845 3217 911 quis
3245 859 3378 897 con-

1814 948 2053 997 cursum,
2086 935 2201 987 sive
2222 936 2628 1003 copulatiouem
2660 936 2857 989 factam
2878 948 3000 987 esse
3020 934 3239 987 dixerit.
3265 934 3375 1003 Ego

1813 1038 1941 1077 vero
1973 1025 2133 1079 etiam
2173 1027 2224 1077 in
2256 1026 2359 1079 hoc
2389 1027 2629 1080 admiror
2660 1026 2793 1080 tanti
2839 1024 2956 1092 ejus
2986 1024 3250 1080 acuminis
3284 1039 3376 1081 so-

1814 1114 2024 1169 lertiam
2061 1125 2113 1171 et
2146 1117 2459 1170 consilium.
2490 1116 2653 1171 Solus
2679 1118 2822 1169 enim
2852 1116 3022 1182 novit,
3052 1124 3111 1169 ut
3141 1116 3369 1180 videtur,

1813 1207 1957 1273 quod
1990 1221 2018 1258 a
2053 1206 2218 1270 nullo,
2245 1207 2333 1275 qui
2362 1210 2569 1276 uspiam
2602 1211 2693 1274 sit,
2721 1210 3021 1278 ignoratur,
3056 1215 3111 1263 et
3147 1208 3226 1262 sic
3247 1221 3377 1276 pro~

1814 1295 1996 1348 tritum
2044 1305 2146 1359 est,
2210 1308 2271 1348 ut
2324 1297 2488 1349 etiam
2533 1297 2616 1350 his
2665 1298 2955 1362 elucescat,
3013 1296 3105 1365 qui
3156 1308 3378 1364 prorsus

1813 1383 2097 1437 mundana:
2141 1384 2462 1450 sapientia),
2502 1394 2559 1438 et
2598 1386 3004 1441 exercitationis
3045 1383 3283 1449 dicendi,
3322 1393 3378 1437 et

1810 1474 2094 1537 scientiae,
2157 1473 2316 1542 212
2375 1491 2493 1543 qua:
2533 1492 2596 1530 ex
2661 1476 2980 1545 imperfecto
3021 1476 3206 1529 auditu
3259 1489 3374 1528 mc-

1811 1563 2065 1617 diocriter
2097 1577 2398 1633 parumque
2437 1566 2728 1634 diligenter
2772 1566 3072 1633 colligitur,
3119 1572 3244 1618 sunt
3276 1578 3371 1617 ex-

1810 1663 2007 1720 pertes.
2038 1653 2353 1707 Admiratus
2386 1654 2553 1721 igitur
2574 1649 2938 1709 eruditionem
2969 1655 3106 1723 ejus,
3133 1652 3261 1707 illud
3292 1653 3372 1706 di-

1809 1758 1873 1797 co
1905 1760 1918 1796 ;
1950 1741 2225 1795 Paululum
2248 1742 2514 1812 evigilans
2543 1746 2698 1813 quasi
2727 1758 2791 1798 ex
2824 1758 3017 1799 somno
3042 1752 3099 1797 et
3123 1743 3369 1810 crapula,

118 1807 145 1855 ὁ
191 1806 253 1856 τὸ
305 1807 485 1861 πλατὺ
543 1810 664 1862 καθ’
694 1810 853 1879 ἡμῶν
897 1812 1190 1883 διευρύνων
1241 1820 1432 1889 στόμα,
1467 1821 1700 1891 θεὼρειᾶ

1810 1834 1898 1901 qui
1936 1834 2172 1901 amplum
2208 1847 2271 1887 os
2314 1806 2502 1887 contra
2551 1806 2647 1888 nos
2695 1833 2911 1897 dilatas,
2935 1833 3057 1887 vide
3101 1831 3374 1886 subtiliter

119 1895 334 1959 λεπτῶς
383 1898 447 1949 τὸ
498 1902 820 1968 μυστήριον.
857 1904 965 1970 Τὴν
1007 1906 1098 1958 ἐπὶ
1147 1909 1367 1977 Χριστῷ
1409 1912 1700 1982 λεγομένην

1810 1932 2231 1977 sacramentum.
2272 1920 2562 1985 Uniouetn,
2605 1938 2727 1991 quae
2782 1923 2835 1977 in
2878 1922 3100 1977 Christo
3139 1931 3246 1987 est,
3281 1936 3373 1975 ca-

117 1987 314 2036 ἒνωσιν
364 1989 778 2055 συκοφαντῆσαί
804 2000 825 2025 ι
860 2007 1023 2055 τινες,
1054 1999 1493 2064 παρατρέποντες
1525 2005 1603 2063 είς
1646 2004 1700 2055 ad

1809 2010 2138 2064 lumniantur
2184 2013 2425 2080 quidam,
2470 1987 2665 2081 praeter
2714 2025 2992 2065 sacrarum
3037 2010 3369 2064 Litterarum

118 2073 374 2137 ἀκαλλὲς,
411 2077 506 2126 καὶ
530 2078 607 2137 εἰς
628 2078 689 2127 τὺ
715 2077 905 2129 δοκοῦν
932 2082 1113 2144 αὐτοῖς
1141 2084 1292 2153 παρά
1315 2101 1373 2151 γε
1394 2086 1486 2137 τὸν
1508 2088 1700 2139 σκοπὸν

1809 2099 2163 2161 propositum,
2192 2102 2241 2150 in
2267 2115 2486 2164 pravam
2525 2110 2579 2152 et
2614 2100 2666 2151 in
2696 2113 2848 2150 suam
2888 2099 3125 2164 ipsorum
3158 2097 3373 2152 senten-

119 2164 224 2215 τῶν
262 2165 434 2234 ἱερῶν
464 2166 848 2235 Γραμματων·
880 2171 1012 2236 φασὶ
1041 2171 1146 2239 γὰρ
1179 2173 1469 2244 διῃρῆσθαι
1500 2176 1599 2245 μὲν
1627 2179 1700 2241 είς

1808 2184 1934 2237 tiam
1960 2184 2364 2254 detorquentes.
2413 2186 2605 2242 Dicunt
2632 2188 2797 2254 enim,
2839 2189 3039 2243 divisas
3079 2202 3203 2243 esse
3241 2203 3270 2241 a
3313 2202 3371 2241 se

120 2255 265 2307 Ξιπαν
289 2255 565 2325 ἀλλήλων,
599 2259 690 2309 καὶ
714 2259 1023 2330 ὀλοτρόπως
1045 2263 1347 2335 ἀποφοιτᾷν
1369 2264 1465 2328 τὰς
1492 2266 1702 2333 φύσεις,

122 2344 223 2412 toi;
254 2362 313 2397 τε
352 2341 499 2396 εἶναι
549 2347 644 2398 καὶ
674 2347 777 2400 ἀνὰ
810 2349 974 2419 μέρος
1008 2351 1304 2420 ἑκατέραςο
1342 2352 1625 2423 ἄνθρωπον
1648 2355 1704 2408 δὲ

118 2434 258 2487 οὕτω
297 2435 574 2502 συνῆφθαι
607 2437 726 2506 Θεῷ
756 2440 1020 2507 σχετικῶς
1042 2441 1393 2497 διατείνονται
1427 2446 1567 2498 κατά
1608 2447 1704 2517 μή·

117 2542 212 2589 νην
258 2524 361 2593 τὴν
408 2525 591 2589 ἀξίαν,
622 2527 788 2595 ἡγουν
820 2528 1129 2596 αὑθεντίαν,
1164 2535 1260 2587 καὶ
1289 2538 1429 2587 κατὰ
1458 2537 1556 2605 τὴν
1605 2537 1704 2606 τῆς

118 2615 367 2684 υίὸτητος
418 2616 760 2685 ὁμωνυμίαν.
794 2618 1009 2690 Ταύτην
1056 2623 1272 2692 ἀναιρεῖ
1321 2625 1416 2695 τὴν
1469 2626 1625 2691 δόξαν
1675 2631 1703 2682 ὁ

117 2705 592 2775 ἀναθεματισμὸς,
625 2708 717 2759 καὶ
751 2710 868 2771 ταῖς
899 2708 1041 2763 οὕτω
1083 2710 1512 2783 βδελυρωτάταις
1553 2735 1701 2771 κενο-

119 2798 354 2863 φωνίαις
402 2798 808 2855 ἀντανίσταται.
840 2800 1251 2857 Διασεόαιοῦται
1297 2805 1406 2876 γὰρ
1434 2807 1701 2861 ὲνωθέντα

118 2879 259 2939 κατὰ
294 2888 486 2955 φύσιν,
521 2891 799 2943 τουτέστιν
826 2892 886 2944 οὑ
915 2895 1197 2963 σχετικῶς,
1230 2898 1368 2951 ἀλλὰ
1404 2900 1543 2953 κατὰ
1569 2901 1700 2970 ἁλή-

115 2978 269 3030 θειαν
319 2981 390 3047 τῇ
439 2979 575 3047 ἁγίᾳ
610 2982 775 3049 σαρκὶ
814 2981 902 3033 τὸν
933 2983 1124 3050 Λόγον,
1150 2986 1327 3056 ψυχὴν
1369 2989 1566 3060 ἐχούσῃ
1604 2991 1701 3059 τὴν

114 3068 329 3137 νοερὰν,
378 3070 523 3121 κατὰ
556 3069 764 3139 μηδένα
794 3071 995 3142 τρόπον
1035 3074 1418 3145 διατέμνεσθαι
1449 3079 1578 3143 δεῖν,
1615 3081 1701 3134 ἵνα

116 3159 187 3227 μὴ
219 3158 317 3211 δύο
350 3160 566 3227 νοῶμεν
598 3162 768 3224 υἱοὺς,
814 3164 1127 3233 μερίζοντες
1172 3168 1263 3221 τὸν
1309 3171 1624 3240 ἀμέριστον.
1644 3173 1700 3226 Ὀ

112 3251 164 3299 δὲ
188 3252 250 3301 οὐ
282 3252 490 3313 συνιεὶς
514 3251 541 3303 ὃ
570 3251 623 3303 τί
650 3254 778 3305 ποτέ
800 3255 946 3307 ἐστιν
971 3256 1161 3321 ένωσις
1182 3262 1401 3330 φυσικὴ,
1426 3262 1699 3316 τουτέστιν

113 3339 343 3407 ἀληθὴς,
382 3339 445 3391 οὐ
472 3340 779 3407 συγχέουσα
811 3345 908 3406 τὰς
941 3346 1149 3413 φύσεις,
1173 3349 1295 3401 οὔτε
1334 3351 1441 3419 μὴν
1469 3354 1696 3424 ἀνακιρ-

114 3427 305 3478 νὼσαι
358 3427 498 3496 πρός
550 3444 615 3494 γε
663 3430 724 3481 τὸ
771 3431 879 3483 δεῖν
936 3434 1203 3506 ἑκατέραν
1234 3439 1485 3508 ἑτεροίως
1528 3443 1696 3510 ἔχειν,

113 3513 247 3579 ὅπερ
271 3512 396 3563 ἐστὶ
425 3514 798 3597 μειρακιῶδές
824 3535 876 3570 τι
894 3520 943 3582 ι),
967 3522 1060 3572 καὶ
1080 3522 1305 3592 ψυχρὸν,
1329 3527 1538 3595 δέχεται
1564 3532 1699 3597 πρὸς

114 3602 392 3667 ἀπόδειξιν
413 3595 489 3653 ὧν
518 3600 576 3656 εὖ
597 3605 742 3673 ἔχειν
772 3608 1055 3680 ὑπείληφε,
1075 3614 1169 3664 καὶ
1198 3614 1260 3684 δὴ
1288 3617 1378 3667 καί
1404 3635 1567 3687 φησιν
1585 3595 1698 3674 "Ei.

112 3692 318 3761 φυσικὴ
350 3689 578 3759 γέγονεν
612 3698 642 3763 ἡ
675 3695 1001 3770 ἔνωσις,οὺχ
1022 3702 1265 3767 ἑκούσιος
1301 3707 1332 3775 ἡ
1366 3707 1588 3772 κένωσις
1602 3710 1697 3763 τοῦ

112 3782 311 3848 λόγου,
342 3782 461 3834 ἀλλ’
494 3778 607 3835 οἷον
640 3783 698 3848 ἐξ
728 3787 971 3857 ἀνάγκης
1000 3792 1097 3843 καὶ
1130 3791 1249 3860 βίας
1272 3811 1285 3826 ο
1318 3795 1694 3870 ἀναγκαστικὴ

109 3872 213 3940 γὰρ
250 3874 285 3941 ἡ
324 3872 511 3941 φύσις.
551 3876 661 3926 Καὶ
716 3877 851 3945 πρός
886 3895 949 3944 γε
1000 3881 1064 3949 δὴ
1110 3882 1266 3937 τοῦτο
1319 3885 1453 3953 φαίη
1503 3905 1583 3951 τις
1630 3888 1695 3941 ἂν

110 3961 278 4030 αὐτῷ,
309 3962 395 4014 ὅτι
428 3962 594 4014 Helvi
624 3979 679 4014 τε
707 3964 797 4015 καὶ
834 3965 980 4033 δίψα,
1004 3969 1100 4019 καὶ
1136 3970 1206 4021 τὰ
1231 3972 1412 4035 λοιπὰ,
1446 3975 1696 4045 καθάπερ

109 4050 243 4120 ἔφης
291 4050 480 4113 αὐτὸς,
512 4053 712 4121 σαρκὸς
756 4051 822 4105 ἂν
871 4050 981 4107 εἷεν
1026 4058 1437 4129 ἀρρωστήματα
1468 4065 1695 4131 φυσικὰ,

111 4142 196 4192 καὶ
229 4143 291 4193 ὲν
326 4142 466 4209 ἡμῖν
496 4142 678 4204 αὐτοῖς
706 4144 804 4215 τὴν
836 4145 1046 4215 κίνησιν
1080 4147 1225 4217 ἔχει’
1256 4151 1337 4203 ὅτι
1370 4153 1463 4204 καὶ
1493 4170 1695 4223 τυραν-

110 4229 379 4299 νουμένην
414 4231 527 4292 τοῖς
556 4231 755 4283 πάθεσι
780 4234 876 4303 τὴν
909 4234 1069 4302 φύσιν
1103 4240 1417 4308 κεκτήμεθα
1440 4257 1452 4271 ο
1488 4244 1519 4311 ή
1546 4244 1600 4296 δέ
1630 4262 1692 4312 γε

110 4316 225 4371 θεία
243 4336 307 4370 τε
350 4321 449 4371 καὶ
471 4320 781 4389 ἀπόρρητος
804 4322 899 4375 τοῦ
924 4324 1059 4378 Θεοῦ
1077 4327 1251 4394 Λόγου
1276 4330 1457 4396 φύσις,
1487 4332 1691 4395 πάθους

1807 2273 2056 2345 invicem,
2105 2286 2160 2328 et
2214 2277 2468 2330 omnibus
2523 2277 2701 2331 modis
2759 2276 2970 2346 sejuugi
3020 2286 3268 2342 naturas,
3315 2285 3373 2330 et

1804 2365 2028 2418 seorsim
2064 2378 2127 2418 ac
2179 2365 2517 2434 dispertitam
2563 2375 2847 2434 utramque
2889 2381 3049 2430 esse;
3095 2367 3367 2420 hominem

1805 2463 1985 2506 autem
2035 2453 2115 2509 sic
2144 2454 2498 2523 coniunctum
2543 2470 2663 2510 esse
2709 2455 2820 2509 Deo
2863 2470 2959 2523 per
2994 2456 3366 2511 habitudinem

1804 2546 2160 2609 contendunt,
2199 2548 2493 2600 secundum
2531 2548 2707 2600 solam
2755 2547 3097 2617 dignitatem,
3142 2547 3243 2602 hoc
3286 2558 3372 2601 est

1803 2636 2209 2701 auctoritatem,
2236 2636 2318 2690 vel
2354 2640 2650 2691 secundum
2680 2638 2959 2692 llliationis
3000 2637 3247 2693 eamdem
3281 2652 3371 2692 no-

1804 2724 2171 2779 minationem.
2188 2722 2337 2779 Hanc
2360 2725 2671 2794 opinionem
2698 2725 2836 2781 tollit
2855 2726 3366 2789 anatbentatismus,

1802 2821 1854 2864 ct
1888 2812 2146 2868 adversus
2180 2823 2289 2868 tam
2327 2817 2692 2869 exsecrandas
2740 2830 2935 2870 vocum
2984 2815 3277 2869 inanitates
3308 2830 3369 2869 se

1802 2903 2041 2969 opponit.
2076 2903 2289 2957 Asserit
2322 2905 2466 2956 enim
2499 2904 2730 2959 Verbum
2757 2905 3106 2967 naturaliter,
3135 2906 3239 2957 hoc
3260 2915 3367 2967 est,

1802 3008 1907 3045 non
1933 2994 2227 3047 secundum
2261 2994 2659 3061 habitudinem,
2708 2995 2802 3050 sed
2829 3009 2955 3050 vere
2987 2996 3195 3049 unitum
3239 3010 3369 3049 san-

1802 3091 1900 3136 cta:
1924 3084 2074 3136 carni
2107 3084 2431 3139 rationalem
2470 3085 2688 3141 habenti
2724 3088 2983 3151 animam,
3019 3085 3166 3140 nullo
3206 3086 3369 3141 modo

1803 3172 2151 3226 dividendum
2176 3188 2319 3236 esse,
2349 3189 2416 3227 ne
2440 3175 2576 3228 duos
2600 3175 2957 3243 imaginemur
2985 3175 3146 3240 ﬂlios,
3185 3185 3241 3228 et
3264 3175 3368 3228 im-

1803 3262 2110 3331 partibilem
2157 3265 2480 3330 partiamur.
2518 3264 2588 3322 At
2613 3266 2698 3319 hic
2722 3279 2826 3317 non
2853 3264 3182 3333 intelligens,
3210 3265 3365 3332 quid-

1803 3365 1924 3402 nam
1966 3350 2036 3402 sit
2063 3353 2189 3404 unio
2224 3353 2509 3415 naturalis,
2540 3354 2641 3407 hoc
2687 3362 2772 3407 est
2804 3368 2957 3419 vera,
2993 3368 3097 3408 non
3134 3354 3366 3409 confun-

1799 3440 1932 3492 dens
1962 3448 2207 3503 naturas,
2255 3457 2431 3508 neque
2481 3444 2843 3497 commiscens
2888 3444 2999 3507 ita,
3047 3455 3105 3497 ut
3138 3454 3367 3513 utraque

1801 3528 1960 3581 aliter
1988 3543 2110 3583 esse
2138 3539 2384 3597 oporteat
2432 3546 2593 3599 quam
2627 3543 2685 3585 ut
2723 3543 2827 3596 est,
2861 3532 3065 3601 puerile
3093 3535 3363 3600 quoddam

1797 3631 1852 3674 ct
1893 3619 2148 3690 frigidum
2195 3624 2359 3675 sumit
2406 3632 2783 3692 argumentum
2849 3624 2915 3677 ad
2962 3638 3023 3677 ea
3067 3624 3380 3692 probauda,‘

1797 3727 1917 3780 quae
1953 3713 2089 3766 bene
2112 3727 2171 3767 se
2199 3713 2399 3767 habere
2427 3715 2748 3777 arbitratur,
2780 3726 2835 3768 et
2867 3713 3039 3782 inquit
3069 3731 3082 3767 :
3120 3714 3365 3767 Si‘natu-

1797 3802 1927 3855 ralis
1959 3802 2101 3857 facta
2122 3812 2210 3857 est
2241 3804 2388 3866 unio,
2419 3804 2717 3858 exinanitio
2740 3804 2901 3859 Verbi
2926 3805 3226 3859 voluntaria
3255 3821 3361 3859 non

1795 3893 1919 3959 fuit,
1952 3894 2044 3948 sed
2075 3895 2229 3962 quasi
2277 3910 2339 3949 ex
2388 3895 2437 3949 vi
2481 3904 2537 3949 et
2574 3895 2917 3949 necessitate.
2963 3895 3165 3949 Natura
3214 3896 3362 3950 enim

1796 3997 1992 4053 cogere
2022 3984 2182 4038 solet.
2210 3986 2289 4038 Ad
2322 3986 2423 4040 hoc
2453 3986 2598 4040 dicat
2635 3987 2832 4053 aliquis
2872 3986 2921 4039 ei
2953 4004 2966 4040 :
3008 3984 3254 4049 Esuries,
3306 3997 3360 4039 et

1795 4074 1940 4137 sitis,
1979 4082 2032 4127 et
2072 4084 2291 4139 extera,
2327 4090 2448 4143 qua:
2480 4076 2595 4144 ipse
2650 4076 2857 4141 dixisti,
2897 4077 3079 4129 carnis
3109 4086 3236 4129 sunt
3262 4074 3362 4128 na-

1796 4163 1997 4216 turales
2049 4162 2417 4227 inﬁrmitates,
2470 4172 2524 4218 et
2573 4163 2626 4217 in
2692 4164 2847 4217 nobis
2888 4164 3022 4233 ipsis
3065 4164 3359 4219 metionem

1795 4248 2018 4313 habent,
2050 4251 2175 4319 quia
2209 4259 2459 4304 naturam
2494 4255 2833 4320 possidemus
2856 4251 3236 4306 all‘ectionibus
3268 4254 3361 4306 ob-

1793 4338 2052 4390 noxiam;
2102 4340 2215 4405 ipsa
2271 4351 2450 4393 autem
2497 4341 2674 4393 divina
2726 4352 2780 4395 et
2834 4341 3122 4396 ineﬂ'abilis
3166 4349 3376 4395 natura».

111 4409 198 4460 καὶ
230 4411 486 4478 ἀνάγκης
514 4411 859 4475 ἁνεπίδεκτος
892 4413 1025 4469 οὖσα
1060 4420 1373 4486 παντελῶς,
1407 4425 1468 4475 οὐ
1502 4425 1686 4493 βεϐία-

111 4515 221 4527 ρ--.
260 4500 403 4527 -..λ-
436 4517 583 4527 -.....-
640 4501 759 4527 -K_-
800 4504 901 4527 .-ιη
940 4507 992 4527 ιη
1029 4508 1083 4527 ιη
1130 4512 1185 4527 γη
1335 4512 1349 4527 1
1531 4514 1542 4527 ι
1583 4515 1605 4527 ι
1639 4518 1658 4527 ..

1803 4424 1975 4491 Verbi,
1995 4426 2137 4479 nullo
2157 4430 2312 4481 modo
2330 4430 2670 4497 passionibus
2689 4440 2747 4484 et
2768 4431 3076 4484 necessitati
3095 4430 3358 4499 subjecta,

109 4515 226 4553 σται
260 4500 403 4570 πρός
435 4517 603 4565 τινος,
638 4501 761 4555 οὔτε
797 4504 901 4573 μὴν
936 4507 994 4569 ἐξ
1023 4508 1223 4578 ἑαυτῆς
1246 4512 1381 4580 πρός
1408 4530 1471 4580 γε
1496 4514 1555 4566 τὸ
1578 4515 1687 4567 δεῖν

1803 4512 1973 4583 neque
2002 4517 2071 4571 ab
2099 4518 2209 4571 ullo
2235 4518 2370 4580 alio,
2399 4534 2498 4573 nec
2520 4535 2549 4572 a
2575 4521 2753 4587 seipsa
2798 4529 2982 4574 coacta
3020 4529 3103 4574 est
3133 4522 3199 4573 ad
3232 4522 3355 4584 hoc,

108 4588 424 4661 ἀϐουλήτως
475 4591 727 4658 γενέσθαι
776 4596 932 4664 σὰρξ,
966 4598 1131 4667 ἤγουν
1164 4602 1222 4652 τὸ
1249 4602 1587 4673 ἀνθρώπινον
1614 4608 1690 4662 οἱ·

110 4680 487 4734 ηιὼσασθαιε
553 4683 793 4753 μέτρον,
842 4687 1193 4743 ἐπιλαϐέσθαι
1255 4709 1313 4744 τε
1379 4697 1689 4765 σπέρματος

122 4770 524 4840 Ἀδραάμ.⁶’οτι
574 4773 632 4826 δὲ
683 4776 1097 4843 ἀκατάσκεπτος
1148 4781 1342 4851 κομιδῇ
1396 4785 1615 4851 γέγονεν
1661 4788 1689 4838 ὁ

109 4855 257 4924 λόγος
284 4861 461 4931 αὐτῷ,
497 4863 732 4931 χαλεπὸν
762 4866 915 4919 οὐδὲν
935 4871 1048 4932 τοῖς
1082 4870 1354 4924 ἐθέλουσιν
1383 4873 1685 4942 ίδεῖν.”Εφη

1793 4614 1851 4659 ιιι
1884 4616 2082 4675 praeter
2115 4609 2447 4661 voluntatem
2482 4622 2611 4663 caro
2648 4610 2820 4671 ﬁeret,
2860 4610 2943 4663 vel
2982 4612 3358 4679 appropriaret

1791 4698 1894 4751 sibi
1939 4698 2293 4751 humanitatis
2323 4711 2656 4763 mensuram,
2693 4700 3230 4769 apprehenderetque
3265 4718 3356 4757 se-

1792 4801 1912 4840 men
1942 4786 2174 4840 Abrahae
2200 4788 2267 4840 “.
2302 4788 2471 4853 Quam
2503 4789 2902 4845 inconsiderate
2942 4800 3120 4845 autem
3157 4793 3355 4859 loqua-

1794 4886 1898 4939 tur,
1933 4876 2084 4938 nulli,
2113 4878 2205 4944 qui
2240 4878 2493 4943 voluerit,
2544 4877 2759 4933 diﬂicile
2805 4881 2910 4934 erit
2954 4881 3157 4936 videre.
3213 4883 3354 4938 Dicit

108 4948 230 5019 γὰρ,
264 4952 349 5003 ὅτι
390 4952 569 5017 πάντη
615 4970 673 5005 τε
701 4955 793 5007 καὶ
820 4956 1037 5019 πάντως
1068 4959 1137 5011 τὰ
1164 4962 1348 5015 κατὰά
1389 4963 1548 5030 φύσιν
1576 4967 1687 5028 τοῖς

1803 4968 1951 5030 ιιιιηι,
1993 4968 2134 5036 quod
2184 4970 2448 5022 naturalia
2492 4971 2839 5025 necessitatis
2884 4972 3093 5041 legibus
3126 4975 3352 5029 omnino

108 5040 199 5103 τῆς
236 5042 487 5109 ἀνάγκης
522 5044 866 5100 ὑποκείσεται
912 5048 1130 5119 μέτροις
1152 5063 1173 5089 θ
1198 5068 1210 5080 υ
1244 5055 1337 5106 καὶ
1370 5056 1686 5124 παρεκόμι-

1803 5073 2009 5113 ποιέυε
2044 5059 2447 5126 subjacebunt:
2485 5071 2539 5115 et
2577 5063 2642 5117 ad
2684 5065 3207 5120 demonstrationem
3251 5068 3353 5121 hoc

111 5145 193 5181 σίν
222 5134 296 5194 είς
324 5133 605 5197 ἀπόδειξιν
639 5134 702 5186 τὸ
728 5136 1038 5209 ἁῦουλήτως
1081 5144 1226 5211 ἡμᾶς
1258 5145 1446 5209 πεῖναν
1489 5163 1545 5199 τε
1593 5148 1684 5201 καὶ

1803 5149 1985 5215 tttulit,
2041 5152 2184 5219 quod
2241 5162 2438 5219 prmler
2479 5153 2811 5211 voluntatem
2858 5166 3100 5210 nostram
3147 5160 3353 5212 esuria-

173 5304 219 5337 ν’
256 5307 425 5362 llebr.
471 5322 535 5371 tt,
573 5306 650 5359 l5.

1164 5466 1335 5521 Varia:
1369 5460 1624 5524 lectiones
1652 5488 1713 5526 ex
1739 5475 1917 5531 codice
1944 5477 2302 5547 Seguieriano.

226 5634 351 5695 mo:
400 5688 413 5697 ι
456 5630 480 5655 ι
513 5616 965 5697 διεγρηγορήσας.

1069 5628 1093 5666 1
1123 5619 1295 5690 ἄθρει.

115 5697 132 5720 ι
160 5686 507 5739 οἰκειοῦσθαι.
590 5687 614 5725 d
640 5686 869 5748 παντως
902 5705 971 5740 κα
986 5689 1059 5741 τά.

1143 5702 1162 5726 τ’
1196 5691 1396 5757 νόμοις.

1406 5632 1425 5658 ²
1454 5627 1862 5691 συκοζκαντοῦσι.

1978 5642 1994 5660 ·
2026 5634 2381 5703 ἀνακρίνασα.
2488 5640 2512 5679 b
2623 5642 2739 5712 ὅπει
2795 5644 2929 5710 ἐστὶ,
2967 5648 3344 5717 μειρακιῶδες.
