4042 6486
632 424 736 482 407
1617 426 1672 479 S.
1715 426 1984 482 CYBlLLl
2020 424 2486 481 ALEXANDRINI
2527 426 2835 481 ARCHIEP.
3765 412 3872 465 ⁸08

633 559 757 597 mus
787 553 838 596 et
871 543 1136 605 sitiamus,
1179 554 1370 598 natura
1415 545 1483 598 ad
1529 546 1631 600 hoc
1680 555 1930 610 vocante,
1980 545 2193 599 etiamsi

2303 545 2460 614 δίψαν
2494 546 2848 614 εἰσδέχεσθαι,
2886 543 3153 611 καλούσης
3182 541 3259 602 εἰς
3290 535 3444 590 τοῦτο
3489 535 3586 602 τῆς
3633 529 3869 598 φύσεως,

634 635 754 701 quis
785 633 940 687 nolit.
974 634 1132 702 Atqui
1184 637 1493 704 oportebat,
1538 637 1711 691 virum
1746 637 1998 706 peritum,
2037 648 2092 690 et
2142 637 2194 690 in

2303 633 2404 687 κᾶν
2426 636 2473 686 εί
2499 633 2572 703 μὴ
2599 633 2836 702 βούλοιτό
2862 649 2963 695 τις,
2980 629 3121 682 Ἀλλ’
3146 624 3214 698 ἦν
3241 623 3431 694 ἀνδρὸς
3460 618 3758 689 εὑμαθοῦς,
3778 616 3874 668 καὶ

633 725 719 778 his
751 736 984 778 mentem
1007 725 1363 780 exercitatam
1398 729 1708 788 habentem,
1734 727 1898 780 etiam
1942 741 2029 780 res
2065 725 2194 778 soli-

2299 726 2637 794 ἠκονημένον
2659 724 2870 792 ἔχοντος
2890 725 2968 784 εἰς
2995 719 3166 772 ταῦτα
3185 716 3275 769 τδν
3302 712 3446 772 νοῦν,
3469 710 3560 762 καὶ
3579 709 3648 761 τὰ
3669 705 3874 777 στερῤἀ

636 815 735 869 das
767 815 970 876 videre.
1002 830 1122 884 quae
1155 817 1347 870 merito
1380 817 1603 886 majoris
1637 817 1796 886 213
1832 817 1980 886 pensi
2019 827 2195 870 erant.

2298 813 2408 866 τῶν
2451 815 2793 884 πραγμάτων
2829 814 2973 874 ἰδεῖν,
3001 811 3037 864 ἃ,
3069 808 3163 862 καὶ
3199 807 3358 874 λόγου
3395 802 3634 862 πλείονος
3673 796 3877 860 ἀξιοῖτο

635 905 770 959 Nam
802 907 844 960 si
879 921 1067 959 verum
1101 918 1206 970 est,
1237 909 1378 975 quod
1427 909 1589 962 homo
1619 909 1914 962 secundum
1945 915 2195 960 naturam

2300 901 2365 955 ἂν
2399 905 2638 966 εἰκότως.
2673 904 2734 955 Εἰ
2784 904 2892 973 γὰρ
2936 903 3036 954 οὐκ
3083 895 3342 968 ἀληθὲςί,
3373 896 3454 948 ὃτι
3496 889 3714 959 λογικός
3757 890 3875 939 ἐστι

635 997 708 1048 sit
760 994 1060 1059 rationalis,
1105 1009 1235 1064 ergo
1299 1005 1495 1064 praeter
1540 996 1875 1050 voluntatem
1922 1004 1977 1049 et
2012 1004 2200 1050 coacte

2300 999 2442 1051 κατὰ
2495 996 2657 1064 φύσιν
2710 996 2739 1048 ό
2795 993 3076 1060 ἄνθρωπος
3104 1028 3119 1052 ,
3173 988 3281 1055 ἄρα
3337 984 3648 1052 ἀϐουλήτως
3693 989 3718 1026 8
3778 979 3875 1029 xui.

636 1093 719 1137 cst
752 1084 1054 1137 rationalis.
1090 1085 1227 1152 Quid
1250 1086 1468 1139 autem?
1493 1087 1577 1139 die
1613 1086 1766 1151 mihi,
1796 1086 1935 1140 Deus
1957 1087 2196 1139 omnium

2300 1086 2732 1156 ἡναγκασμένως
2765 1085 2879 1137 ἐστὶ
2907 1080 3141 1148 λογικός.
3174 1079 3240 1130 Τί
3272 1076 3356 1140 δέ;
3393 1074 3514 1126 εἰπέ
3559 1087 3682 1140 μοι,
3719 1069 3816 1119 καὶ
3849 1069 3877 1116 ὁ

637 1188 818 1228 annon
872 1176 1167 1228 secundum
1197 1184 1444 1229 naturam
1476 1185 1558 1229 est
1582 1174 1760 1230 Deus?
1800 1190 1978 1230 annon
2005 1190 2201 1230 secun-

2301 1177 2409 1231 τῶν
2443 1177 2579 1231 ὅλων
2610 1176 2762 1240 Θεὸς,
2794 1174 2852 1226 οὑ
2901 1171 3041 1226 κατά
3085 1169 3245 1238 φύσιν
3279 1166 3396 1218 ἐστὶ
3432 1163 3603 1225 Θεός;
3636 1160 3697 1212 οὐ
3732 1157 3878 1210 κατά

637 1265 762 1318 dum
789 1274 1038 1318 naturam
1071 1273 1156 1318 est
1186 1275 1429 1329 sanctus,
1461 1267 1660 1335 justus,
1694 1266 1886 1328 bonus,
1927 1267 2056 1332 vita,
2085 1267 2197 1328 lux,

2303 1269 2463 1337 φύσιν
2515 1268 2688 1334 ἅγιος,
2744 1266 2969 1327 δίκαιος,
3023 1261 3246 1332 ἀγαθὸς,
3298 1255 3433 1325 ζωὴ,
3485 1253 3631 1321 φῶς,
3689 1249 3875 1315 σοφία.

636 1354 901 1419 sapientia
929 1363 983 1408 et
1006 1354 1218 1408 virtus?
1247 1352 1384 1408 Num
1415 1355 1579 1423 igitur
1613 1357 1728 1423 ipse
1757 1367 1973 1422 quoque
2003 1363 2202 1422 prater

2305 1363 2397 1414 καὶ
2443 1359 2700 1428 δύναμις;
2742 1352 2868 1425 τΑρ’
2898 1353 2992 1408 οὖν
3043 1354 3138 1407 καὶ
3189 1349 3351 1410 αὐτὸς
3409 1344 3722 1411 ἀϐουλήτως
3784 1339 3881 1389 καὶ

635 1442 969 1497 voluntatem
994 1453 1049 1497 et
1077 1454 1262 1499 coacte
1285 1453 1370 1498 est
1391 1444 1534 1513 quod
1567 1443 1692 1497 est?
1715 1445 1784 1497 At
1814 1457 1963 1505 vero,
1985 1443 2199 1511 opinor,

2304 1453 2379 1515 ὼς
2418 1451 2476 1517 ἐξ
2521 1451 2766 1518 ἀνάγκης
2797 1448 2945 1500 ἐστὶν
2975 1445 3009 1498 ἆ
3048 1447 3224 1507 tactv;
3272 1437 3434 1500 Ἀλλ’,
3464 1431 3637 1505 οἶμαι,
3681 1431 3743 1483 τὸ
3786 1429 3881 1482 οὖ-

635 1533 714 1586 sic
736 1532 868 1587 velle
892 1549 1103 1602 sapere,
1124 1548 1386 1588 summam
1407 1534 1732 1588 dementiam
1754 1547 1856 1586 non
1875 1532 2106 1586 obscure
2123 1548 2204 1585 ar-

2305 1560 2412 1605 τως
2492 1541 2709 1594 ἑλέσθαι
2781 1539 2997 1608 φρονεῖν
3072 1537 3171 1605 τῆς
3247 1534 3326 1594 εἰς
3406 1527 3556 1596 λῆξιν
3635 1520 3881 1592 ἡκούσης

636 1638 799 1688 guere
822 1623 1035 1691 poterit.
1056 1624 1194 1690 Quid
1210 1624 1373 1693 igitur
1387 1624 1540 1679 nobis
1561 1623 1924 1687 mendacium,
1948 1632 2202 1691 tanquam

2307 1631 2704 1701 ὲμϐροντησίας
2766 1629 2864 1680 οὐκ
2937 1622 3261 1692 ἀσυμφανὴς
3329 1618 3548 1685 ἔλεγχος
3616 1612 3682 1664 ἂν
3769 1608 3878 1701 εἴη.

638 1728 849 1766 murum
871 1714 1334 1784 inexpugnabilem
1352 1724 1408 1770 et
1431 1715 1686 1769 invictum
1711 1715 1964 1783 opponit?
1987 1723 2040 1768 et
2066 1713 2204 1767 adeo

2309 1698 2376 1774 'lii
2418 1698 2609 1773 ’τοίνυν
2660 1720 2793 1788 ἡμῖν
2838 1716 2911 1779 ὡς
2962 1713 3172 1784 ἄμαχόν
3215 1728 3272 1763 τε
3307 1711 3331 1749 la
3387 1706 3482 1760 καὶ
3519 1698 3881 1788 δυσκαταγω-

639 1802 851 1857 inﬁrma
901 1804 1230 1873 problemata
1272 1811 1490 1868 tractat,
1536 1814 1590 1858 et
1630 1806 1854 1860 audiens
1900 1805 2201 1858 naturalem

2307 1828 2485 1864 νιστον
2545 1809 2894 1877 ἐπιτείχισμα
2962 1805 3196 1855 ποιεῖται
3240 1800 3301 1851 τὸ
3347 1795 3564 1865 ψεῦδος,
3625 1790 3718 1843 καὶ
3771 1786 3881 1877 τῷν

638 1891 834 1944 factam
863 1907 982 1946 esse
1007 1893 1280 1958 unionem,
1312 1894 1362 1946 id
1393 1901 1476 1946 est
1507 1907 1708 1958 veram,
1745 1904 1800 1947 et
1832 1895 2202 1948 conversionis

2307 1901 2451 1954 οῦτω
2497 1898 2712 1969 σαθρῶν
2759 1898 2990 1949 ἅπτεται
3040 1889 3464 1964 προϐλημάτων,
3511 1884 3604 1936 καὶ
3642 1875 3883 1969 φυσικήν

636 1990 944 2047 expertem,
1002 1981 1452 2050 inconfusumque
1510 1985 1732 2038 omnino
1780 1984 2202 2037 substantiarum

2307 1993 2522 2046 ἀκούων
2561 1965 2813 2058 γενέσθαι
2853 1988 2952 2057 τὴν
2999 1984 3213 2042 ἕνωσιν,
3240 1978 3486 2028 τουτέστι
3532 1965 3879 2058 sqvamea,

635 2084 982 2136 concursum,
1019 2080 1250 2126 attentat
1279 2082 1525 2127 evertere
1555 2074 1661 2127 vim
1685 2074 1994 2138 .dictorum,
2035 2075 2104 2127 ita
2148 2083 2205 2126 ut

2307 2085 2400 2137 καὶ
2437 2053 2642 2148 τροπῆς
2670 2053 2980 2143 ἐλευθέραν,
3003 2072 3098 2124 καὶ
3127 2067 3430 2135 ἀσύγχυτον
3464 2056 3744 2148 παντελῶς
3773 2053 3881 2148 των

633 2162 885 2213 videatur
912 2174 1018 2214 non
1049 2175 1169 2215 esse
1200 2171 1348 2214 recte
1383 2161 1546 2224 facta,
1593 2165 1689 2214 sed
1719 2164 2018 2216 secundum
2052 2165 2205 2217 sitni-

2309 2169 2659 2221 ὑποστάσεων
2689 2164 2926 2225 σύνοδον,
2980 2157 3332 2229 περιτρέπειν
3377 2152 3632 2220 πειρᾶται
3665 2144 3774 2199 τῶν
3805 2145 3884 2194 εἰ·

635 2249 940 2312 litudinem,
981 2263 1102 2318 qua:
1140 2251 1196 2302 in
1239 2251 1394 2303 nobis
1437 2249 1556 2302 est?
1586 2249 1696 2304 Nec
1730 2248 1986 2303 formidat
2030 2251 2204 2303 audax

2313 2259 2561 2331 ρημένων
2591 2257 2689 2325 τὴν
2719 2253 2968 2322 δύναμιν,
3013 2253 3092 2313 είς
3125 2249 3186 2301 τὸ
3226 2247 3301 2318 μὴ
3326 2243 3502 2314 ὀρθῶς
3548 2235 3881 2331 πεποιήσθαι

636 2339 1038 2393 inevitabilibus
1051 2339 1466 2393 necessitatibus
1479 2339 1912 2408 subjicereVerbi
1932 2351 2202 2398 naturam.

2306 2324 2481 2402 δοκεῖν
2513 2324 2676 2401 καθ’ίί
2709 2345 3000 2414 ὁμοιότητα
3032 2342 3133 2410 τὴν
3164 2337 3301 2408 πρὸς
3331 2335 3512 2404 hisac;
3543 2331 3614 2383 Οὺ
3654 2326 3832 2379 δέδιεν
3856 2324 3884 2373 ὁ

636 2428 951 2482 Exinanivit
994 2428 1343 2496 semetipsum
1382 2442 1487 2483 non
1536 2430 1738 2498 absque
1771 2429 2078 2495 voluntate;
2112 2432 2205 2485 sed

2310 2441 2511 2510 θρασὺς
2540 2437 2799 2506 ἀφύκτοις
2829 2434 3097 2500 ἀνάγκαις
3124 2429 3223 2498 τὴν
3247 2425 3341 2479 τοῦ
3367 2424 3539 2490 Λόγου
3565 2418 3733 2510 φύσιν

640 2516 942 2570 voluntarie
962 2514 1285 2582 Unigenitns
1310 2513 1482 2569 factus
1506 2525 1588 2568 est
1619 2517 1798 2578 homo,
1830 2525 1882 2569 et
1910 2531 2038 2582 non,
2068 2519 2209 2572 sicut

2309 2507 2494 2592 τιθείς.
2534 2527 2856 2580 Κεκένωκεν
2885 2522 3076 2577 ἑαυτὸν
3110 2520 3209 2572 οὐκ
3242 2513 3581 2583 ἀϐουλήτως,
3617 2507 3735 2562 ἀλλ“
3767 2507 3890 2558 ὲθε-

639 2614 695 2658 tn
720 2605 876 2669 dicis,
902 2605 1144 2674 suscepit
1169 2606 1463 2669 hominem,
1482 2605 1900 2660 habitudinalem
1925 2608 2133 2661 donans
2156 2608 2205 2661 ei

2309 2623 2498 2690 λοντὴς
2538 2621 2566 2672 ὁ
2596 2615 2905 2685 Μονογενὴς
2946 2613 3168 2681 γέγονεν
3199 2607 3505 2678 ἄνθρωπος,
3535 2600 3632 2656 καὶ
3653 2600 3774 2668 οὐχ,
3813 2597 3893 2690 ᾡς

636 2694 1059 2763 eopulatiouem,
1090 2696 1480 2766 ﬁliationisque
1510 2699 1679 2767 gratia
1731 2712 2024 2762 coronans,
2066 2700 2207 2754 sicut

2313 2716 2376 2767 σὺ
2408 2687 2531 2782 φής,
2567 2709 2825 2764 ἀνέλαϐεν
2867 2706 3175 2776 ἄνθρωπον,
3213 2697 3470 2769 σχετικὴν
3499 2692 3650 2762 αὐτῷ
3677 2687 3891 2782 δωρού-

637 2803 756 2842 nos.
790 2786 975 2858 Itaque
999 2789 1124 2843 licet
1155 2803 1251 2844 nos
1283 2789 1668 2858 intelligamus,
1703 2789 1884 2844 unitas
1922 2805 2043 2844 esse
2085 2791 2212 2845 sub-

2313 2779 2589 2876 μενος-τὴν
2637 2802 2950 2868 συνάφειαν,
3005 2797 3098 2848 καὶ
3130 2794 3196 2861 τῇ
3243 2791 3342 2859 τῆς
3386 2787 3663 2876 υίότητος-
3693 2779 3888 2876 χ-ἀριτι

639 2879 892 2946 stantias,
909 2880 1285 2950 hominemque
1299 2881 1496 2934 factum
1514 2881 1923 2935 et'incarnatum
1943 2893 2061 2935 esse
2077 2881 2211 2936 Ver-

2312 2868 2611 2964 στεφανοῦν,
2634 2890 2886 2960 καθάπερ
2907 2887 3053 2957 ἡμᾶς
3069 2901 3086 2918 ο
3105 2884 3245 2938 ὥστε
3274 2878 3378 2932 κᾶν
3403 2874 3614 2944 νοῶμεν
3641 2868 3894 2964 ήνωσθαι

641 2973 789 3035 bum,
813 2980 869 3025 et
895 2971 1139 3025 videatur
1173 2970 1571 3039 quodammodo
1600 2971 1891 3024 secundum
1919 2972 2021 3026 hoc
2050 2981 2207 3027 natu-

2310 2958 2783 3048 τὰς-ὑποστάσεις,
2823 2958 3242 3046 ὲνανθρωπῆσαί
3274 2986 3334 3022 τε
3379 2966 3474 3021 καὶ
3521 2958 3890 3033 σαρκωθῆναι

641 3061 774 3115 ralis
806 3060 912 3115 dici
951 3077 978 3115 a
1021 3061 1176 3116 nobis
1226 3063 1378 3127 unio,
1421 3072 1479 3117 ut
1509 3064 1741 3132 expellat
1776 3080 1880 3118 non
1930 3080 2112 3119 veram
2158 3076 2212 3120 et

2311 3078 2402 3130 τὸν
2427 3076 2618 3144 Λόγον,
2638 3073 2735 3127 καὶ
2758 3072 2889 3141 δοκῇ
2910 3085 3026 3130 πως
3053 3063 3195 3118 κατά
3223 3061 3382 3115 τοῦτο
3408 3055 3611 3127 φυσικὴ
3631 3051 3897 3144 λέγεσθαι

643 3150 1090 3216 habitudinalem,
1122 3167 1284 3220 quam
1329 3168 1425 3208 nos
1467 3168 1563 3222 per
1599 3154 1758 3209 [idem
1814 3164 1867 3208 et
1901 3157 2239 3220 sanctiﬁeao,

2315 3169 2444 3236 παρ’
2465 3141 2623 3235 ἡμῶν
2645 3166 2678 3234 ή
2699 3163 2912 3225 ἓνωσις,
2932 3160 3031 3229 τὴν
3055 3159 3154 3209 οὑκ
3179 3152 3354 3222 ἀληθῆ
3388 3167 3448 3202 τε
3498 3147 3591 3244 καλ.
3628 3141 3898 3244 σχετικὴν

647 3242 850 3297 tionem
884 3242 1216 3308 habuimus;
1245 3244 1371 3312 quia
1402 3245 1597 3298 divinae
1625 3255 1830 3299 natura:
1869 3245 1997 3300 faeti
2024 3261 2212 3300 sumus

2315 3233 2694 3318 Exedit—rauca,
2725 3253 2791 3323 ἢν
2829 3252 2991 3319 ἡμεῖς
3025 3247 3343 3314 ἐσχήκαμεν
3394 3240 3488 3293 διά
3519 3237 3759 3295 πίστεως
3800 3233 3899 3323 καὶ

641 3333 1025 3398 consortes“,
1083 3334 1223 3389 sicut
1266 3337 1440 3403 inquit
1483 3336 1727 3390 Paulus:
1767 3353 1785 3386 ι
1817 3336 1919 3403 Qui
1973 3337 2214 3391 adhmret

2316 3329 2717 3417 ἀγιασμοῦ,δτι
2737 3321 2831 3396 καὶ
2855 3341 3004 3402 Θείας
3039 3337 3254 3406 φύσεως
3289 3331 3596 3400 γεγόναμεν
3621 3321 3898 3417 κοινωνοὶ,

643 3423 872 3478 Domino
918 3439 1058 3478 unus
1101 3425 1325 3493 spiritus
1356 3436 1440 3480 est
1461 3425 1542 3492 ⁸¹;
1573 3445 1592 3477 ›
1632 3440 1737 3479 non
1775 3435 1954 3478 tamen
1997 3426 2215 3495 sulijicit

2321 3412 2414 3489 xu).
2450 3412 2594 3488 καθά
2619 3434 2632 3482 i
2674 3447 2837 3502 φησιν
2868 3433 2896 3484 ὁ
2927 3428 3157 3489 Παῦλος-
3195 3444 3212 3476 ι
3235 3424 3294 3475 ’0
3325 3417 3662 3486 κολλώμενος
3686 3413 3767 3482 τῷ
3787 3412 3904 3464 Κυ-

645 3513 1059 3569 necessitatihus
1097 3524 1151 3568 et
1183 3515 1431 3580 imperiis
1466 3524 1672 3568 natura:
1704 3515 1832 3567 illud
1865 3513 2213 3569 allectionum

2329 3528 2448 3599 ρίῳ.
2479 3525 2537 3579 ἒν
2570 3524 2965 3592 πνεῦμά,ὲστιν
2985 3539 2996 3548 ·
3037 3538 3054 3569 ι
3100 3518 3218 3570 ἀλλ’
3251 3516 3351 3582 οὐχ
3382 3507 3702 3599 ὑποτίθησιν
3731 3505 3907 3599 ἀνάγ-

645 3619 841 3673 cxpers
873 3614 929 3657 et
962 3605 1187 3659 liberum
1229 3604 1320 3658 Dei
1358 3606 1590 3660 Verbum
1622 3623 1635 3658 :
1669 3607 1813 3660 nolle
1855 3615 2036 3659 autem
2067 3607 2215 3660 unita

2318 3592 2444 3679 καις
2500 3615 2593 3670 καὶ
2621 3611 2952 3675 πλεονεξίαις
2979 3609 3237 3677 φυσικαῖς
3258 3605 3349 3656 τὸν
3386 3598 3574 3668 ἀπαθῆ
3607 3595 3702 3648 καὶ
3744 3592 3906 3644 ἐλεύ-

646 3704 767 3763 post
801 3695 1053 3747 unionem
1093 3695 1144 3747 in
1184 3695 1288 3748 duo
1319 3697 1560 3762 separari
1593 3697 1810 3761 debere,
1847 3714 1960 3752 mea
1997 3709 2217 3752 senten-

2320 3707 2477 3776 θέρον
2505 3703 2600 3756 τοῦ
2632 3701 2768 3755 Θεοῦ
2801 3701 2994 3768 Λόγον.
3041 3697 3115 3748 Τὸ
3139 3695 3196 3748 δέ
3222 3709 3285 3760 γε
3317 3690 3393 3759 μὴ
3420 3687 3596 3776 θέλειν
3627 3681 3776 3776 μετὰ.
3790 3681 3905 3776 τὴν

649 3785 725 3838 tia
787 3783 1010 3837 omnino
1064 3783 1542 3852 irreprebensihile
1594 3795 1677 3839 est
1745 3795 1800 3840 et
1853 3787 2216 3855 inculpabile,

2319 3769 2513 3848 ἕνωσιν
2541 3789 2869 3862 διαιρεῖσθαι
2898 3787 3058 3856 διχῇι
3111 3784 3178 3836 τά
3204 3779 3482 3851 ἡνωμένα,
3512 3775 3607 3829 καὶ
3649 3769 3908 3862 ἀλλήλων

651 3874 887 3927 maxime
914 3873 1037 3941 quia
1067 3873 1242 3927 bonus
1273 3875 1374 3927 iste
1405 3873 1781 3929 Theodoretus
1807 3875 2101 3942 hominem,
2127 3879 2217 3946 qui

2322 3883 2606 3952 ὲπιφοιτᾷν
2636 3859 2680 3941 1',
2708 3880 2794 3947 εἴη
2825 3877 2911 3941 ἂν,
2952 3874 3028 3936 ὦς
3055 3872 3119 3942 γέ
3156 3887 3248 3941 μοι
3296 3869 3548 3939 φαίνεται
3569 3905 3582 3926 ,
3617 3859 3908 3922 παντελῶς

650 3978 788 4017 unus
813 3963 977 4017 etiam
1005 3965 1299 4017 secundum
1328 3981 1425 4019 nos
1459 3967 1796 4036 intelligitur,
1834 3968 1883 4019 in
1917 3969 2219 4037 exemplqu

2321 3972 2660 4035 ἀνυπαίτιον,
2692 3970 2784 4022 καὶ
2819 3965 3012 4037 μώμου
3047 3961 3287 4034 μακράν,
3319 3957 3535 4030 μάλισθ’
3572 3956 3654 4007 ὅτι
3685 3954 3784 4004 καὶ
3809 3953 3908 4005 αὑ-

650 4054 965 4122 assumpsit,
990 4063 1045 4106 et
1072 4054 1122 4106 in
1153 4054 1259 4108 duo
1281 4055 1448 4109 dividi
1487 4071 1593 4111 non
1627 4060 1754 4112 sinit
1791 4077 1802 4112 :
1831 4059 2077 4129 quamvis
2109 4059 2223 4128 ipsa

2322 4065 2412 4127 τὸς
2441 4065 2469 4118 ό
2495 4062 2730 4133 χρηστὸς
2777 4059 2960 4112 οὐτοσὶ
2996 4053 3324 4123 Θεοδώριτος
3371 4048 3464 4100 τὸν
3509 4045 3604 4097 ἕνα
3647 4045 3744 4096 καὶ
3777 4043 3911 4133 καθ’

652 4149 768 4208 eius
800 4145 1166 4201 consideratio
1203 4160 1323 4200 non.
1358 4148 1604 4216 repudiet
1628 4151 1971 4219 partitionem
2008 4158 2062 4203 et
2087 4150 2225 4204 divi-

2325 4132 2811 4227 ﬂpdcﬂvoot'apsvov
2863 4148 3149 4218 ἄνθρωπον
3185 4145 3264 4204 είς
3305 4137 3657 4210 παράδειγμα
3695 4132 3911 4227 λαϐὼν,

657 4239 887 4308 sionem,
918 4249 1176 4308 quantum
1216 4239 1283 4293 ad
1318 4241 1598 4294 sciendum
1649 4242 1863 4306 attinet,
1889 4241 2034 4309 quod
2077 4241 2222 4294 aliud

2325 4224 2424 4299 οῦκ
2458 4246 2522 4314 ea
2548 4241 2842 4312 τέμνεσθαι
2879 4241 3002 4309 διχῇ
3025 4245 3064 4273 ω
3085 4252 3098 4264 ·
3126 4235 3303 4288 καίτοι
3336 4230 3435 4300 τῆς
3470 4227 3556 4281 ἐπ’
3589 4224 3740 4294 αὐτῷ
3771 4225 3910 4278 θεω-

655 4331 872 4399 quidem
909 4331 1207 4385 secundum
1253 4342 1503 4384 naturam
1549 4340 1632 4386 est
1672 4333 1875 4397 anima,
1914 4331 2060 4386 aliud
2093 4346 2224 4386 vero

2329 4338 2451 4406 ρίας
2471 4336 2572 4389 οὐκ
2597 4332 2980 4406 ἀπαράδεκτον
3012 4325 3242 4398 ἐχούσης
3273 4324 3371 4393 τὴν
3400 4320 3564 4374 οἱονεὶ
3589 4317 3790 4406 τομὴν,
3813 4316 3916 4368 καί¹

654 4423 949 4476 secundum
983 4437 1135 4476 suam
1182 4432 1433 4479 naturam
1485 4438 1635 4479 caro.
1689 4425 1877 4494 itaque
1924 4427 2221 4480 secundum

2326 4399 2614 4499 διαίρεσιν,
2649 4399 2798 4490 τόνγε
2824 4417 2959 4493 ἧκον
2990 4422 3068 4482 εις
3101 4418 3162 4470 τὸ
3187 4413 3387 4468 ειδέναι
3412 4410 3576 4479 φημὶ,
3717 4405 3917 4499 ἕτερον

656 4513 886 4566 similem
923 4513 1186 4566 rationem
1221 4513 1557 4582 inquirentes
1594 4516 1883 4584 diligenter
1933 4517 2185 4572 unionem
2209 4557 2224 4581 ,

2334 4497 2547 4590 μέντοι
2572 4527 2598 4555 η
2631 4515 2769 4569 κατά
2796 4515 2956 4583 φύσιν
2981 4509 3127 4564 ἐστὶν
3155 4509 3189 4576 ή
3218 4505 3388 4574 ψυχὴ,
3416 4502 3605 4570 ἓτερον
3626 4497 3682 4550 δέ
3708 4514 3761 4590 τι
3788 4497 3915 4549 κατ’

656 4616 776 4670 qua:
803 4603 857 4655 in
879 4601 1100 4656 Christo
1123 4601 1266 4657 facta
1295 4617 1416 4657 esse
1440 4604 1792 4674 intelligatur,
1831 4607 2226 4662 considerando

2333 4589 2470 4665 ίδίαν
2508 4608 2726 4677 φύσινῆ
2764 4603 2920 4675 σάρξ.
2958 4599 3167 4655 Οὐκοῦν
3198 4595 3340 4650 κατά
3377 4611 3440 4662 γε
3480 4592 3572 4644 τὸν
3604 4590 3718 4641 ἴσον
3749 4589 3919 4656 λόγον

657 4691 875 4760 quidem
924 4691 1260 4746 divinitatem
1318 4700 1371 4744 et
1420 4692 1844 4761 humanitatem,
1899 4712 2224 4752 concursum

2332 4697 2916 4770 πολυπραγμονοῦντες
2941 4693 3038 4762 τὴν
3063 4691 3278 4748 ἕνωσιν,
3298 4685 3445 4755 ἥπερ
3469 4682 3535 4735 ἂν
3566 4681 3657 4732 ἐπὶ
3684 4677 3920 4748 Χριστῷ

657 4795 849 4834 verum
891 4780 1184 4835 secundum
1237 4779 1491 4834 unionem
1542 4781 1743 4835 factum
1782 4797 1905 4836 esse
1955 4786 2224 4850 dicimus;

2333 4789 2650 4860 πεπρᾶχθαι
2679 4789 2884 4847 νοοῖτο,
2931 4787 2997 4853 τῇ
3051 4782 3148 4852 μὲν
3194 4777 3398 4847 θεωρίᾳ
3429 4771 3682 4842 θεότητός
3715 4788 3777 4822 τε
3822 4772 3921 4822 καὶ

661 4885 768 4926 non
793 4867 956 4940 214
992 4870 1324 4937 ignorantes,
1360 4871 1502 4938 quod
1547 4871 1691 4924 aliud
1734 4872 2014 4940 quiddam,
2061 4888 2225 4941 quam

2332 4881 2750 4950 ἀνθρωπότητος
2786 4875 3000 4929 σύνοδον
3042 4870 3214 4940 ἀληθῆ
3260 4868 3380 4921 καθ’
3426 4866 3620 4917 ἕνωσιν
3655 4861 3920 4950 γενέσθαι

662 4976 814 5025 caro,
843 4963 1136 5017 secundum
1177 4970 1425 5013 naturam
1459 4963 1527 5015 sit
1571 4962 1663 5016 Dei
1703 4960 1963 5030 Verbum,
1998 4974 2052 5017 et
2083 4967 2228 5017 aliud

2339 4949 2542 5036 φαμὲν,
2575 4968 2673 5019 οὐκ
2720 4963 3050 5034 ἠγνοηκότες
3079 5000 3093 5023 ,
3131 4961 3212 5013 ὅτι
3242 4958 3430 5026 ἕτερος
3462 4953 3560 5022 μὲν
3588 4949 3730 5004 κατά
3757 4956 3783 4984 ο
3818 4949 3920 5019 τὴν

665 5069 854 5111 rursus
887 5053 1182 5108 secundum
1218 5066 1368 5106 suam
1405 5063 1656 5107 naturam
1698 5055 1772 5108 sit
1819 5070 1966 5108 caro.
2003 5054 2116 5108 Non
2150 5064 2233 5109 est

2342 5062 2519 5128 σάρκα
2552 5058 2692 5110 κατὰ
2745 5055 2904 5123 φύσιν
2931 5053 3078 5105 ἐστὶν
3109 5053 3137 5104 ὁ
3168 5052 3232 5102 ὲκ
3261 5047 3396 5101 Θεοῦ
3425 5047 3616 5110 Λόγος,
3655 5041 3826 5110 ἑτέρα
3867 5041 3923 5093 δὲ

666 5156 844 5204 autem
879 5157 1071 5212 tutam,
1099 5148 1268 5202 semel
1295 5148 1442 5200 unita
1473 5147 1778 5202 dissecare:
1817 5162 1991 5217 neque
2016 5150 2066 5199 in
2098 5149 2232 5200 duos

2340 5148 2406 5205 αὖ
2446 5152 2567 5203 κατ’
2609 5151 2743 5202 ίδίαν
2779 5148 2939 5216 φύσιν
2973 5144 3100 5213 παρ’
3144 5142 3305 5196 αὐτὸν
3337 5143 3371 5210 ἡ
3399 5138 3556 5208 σάρξ.
3600 5132 3920 5187 Ἐνωθέντα

667 5241 806 5301 filios
836 5241 1079 5296 dividere
1117 5254 1282 5294 unum
1329 5239 1605 5294 Christum
1637 5248 1690 5292 et
1736 5237 1928 5294 Filium
1966 5251 2020 5294 et
2054 5239 2232 5294 Domi-

2339 5241 2396 5296 δὲ
2439 5239 2584 5308 ἅπαξ
2624 5239 2932 5310 διατέμνειν
2959 5237 3058 5289 οὐκ
3084 5231 3324 5302 ἀσφαλὲς
3347 5271 3362 5296 ,
3411 5227 3534 5280 οὕτε
3570 5225 3675 5294 μὴν
3703 5226 3784 5285 εἰς
3826 5223 3924 5276 δύο

740 5391 786 5426 ⁸¹
825 5392 865 5448 ll
899 5393 1042 5451 Petr.
1078 5412 1112 5456 ι,
1151 5395 1200 5446 4.
1279 5395 1322 5424 ⁸³
1366 5392 1380 5444 l
1414 5393 1518 5447 Cor
1568 5409 1617 5444 vt
1679 5394 1760 5445 l7.

1736 5545 1908 5608 Varia:
1938 5547 2193 5599 lectiones
2223 5559 2283 5597 ex
2318 5544 2502 5597 codice
2536 5540 2905 5611 Seguieriano.

741 5707 762 5748 ί
791 5707 876 5762 ἷσ.
916 5707 962 5759 εί
993 5706 1098 5774 γὰρ
1128 5702 1343 5774 ἀληθές.
1425 5704 1448 5741 ε
1473 5697 1562 5752 οῦν
1591 5701 1681 5774 καὶ
1707 5702 1864 5765 αὐτὸς
1893 5699 2206 5768 ἁδούλητος.
2281 5698 2308 5738 h
2338 5715 2408 5753 τι.
2449 5698 2463 5738 ί
2504 5697 2596 5752 καὶ⁹
2627 5695 2766 5750 καθ’.
2851 5693 2865 5744 i
2907 5692 3067 5748 καθά.
3146 5694 3171 5732 ι
3199 5692 3341 5762 δίχα.
3425 5692 3442 5728 ³
3471 5689 3558 5743 ῑσ.
3580 5692 3921 5760 -ἁποφοιτᾷν.

741 5778 942 5851 ΙΙΙδίχα.
1015 5785 1039 5812 η
1071 5772 1161 5827 70'.
1198 5773 1292 5844 μέν
1327 5789 1396 5824 τι.
1472 5782 1490 5801 °
1520 5772 1689 5840 παρὰ.
