  <div class='ocr_page' id='page_1' title='image "/cluster/home/n/w/nwhite01/storage/ocr_20150623/76/ien.35556001661040/216.png"; bbox 0 0 4042 6432; ppageno 0'>
   <div class='ocr_carea' id='block_1_1' title="bbox 149 350 2859 409">
    <p class='ocr_par' dir='ltr' id='par_1_1' title="bbox 149 350 2859 409">
     <span class='ocr_line' id='line_1_1' title="bbox 149 350 2859 409; baseline -0 -3"><span class='ocrx_word' id='word_1_1' title='bbox 149 354 236 407; x_wconf 73' lang='grc' dir='ltr'><strong>ιοθ</strong></span> <span class='ocrx_word' id='word_1_2' title='bbox 713 351 1244 407; x_wconf 77' lang='lat' dir='ltr'><strong>APOLOGETICUS</strong></span> <span class='ocrx_word' id='word_1_3' title='bbox 1284 351 1564 406; x_wconf 79' lang='lat' dir='ltr'><strong>CONTRA</strong></span> <span class='ocrx_word' id='word_1_4' title='bbox 1604 351 2125 409; x_wconf 84' lang='lat' dir='ltr'><strong>THEODORETUM</strong></span> <span class='ocrx_word' id='word_1_5' title='bbox 2170 352 2306 407; x_wconf 79' lang='lat' dir='ltr'><strong>PRO</strong></span> <span class='ocrx_word' id='word_1_6' title='bbox 2342 353 2435 408; x_wconf 83' lang='lat' dir='ltr'><strong>XII</strong></span> <span class='ocrx_word' id='word_1_7' title='bbox 2474 350 2859 409; x_wconf 84' lang='lat' dir='ltr'><strong>CAPITIBUS.</strong></span> 
     </span>
    </p>
   </div>
   <div class='ocr_carea' id='block_1_2' title="bbox 3282 349 3392 406">
    <p class='ocr_par' dir='ltr' id='par_1_2' title="bbox 3282 349 3392 406">
     <span class='ocr_line' id='line_1_2' title="bbox 3282 349 3392 406; baseline -0.018 0"><span class='ocrx_word' id='word_1_8' title='bbox 3282 349 3392 406; x_wconf 75' lang='grc' dir='ltr'>ΗΟ</span> 
     </span>
    </p>
   </div>
   <div class='ocr_carea' id='block_1_3' title="bbox 143 469 1717 544">
    <p class='ocr_par' dir='ltr' id='par_1_3' title="bbox 143 470 1714 542">
     <span class='ocr_line' id='line_1_3' title="bbox 143 470 1714 542; baseline 0 -17"><span class='ocrx_word' id='word_1_9' title='bbox 143 470 537 539; x_wconf 76' lang='grc' dir='ltr'>καταμερίζειν</span> <span class='ocrx_word' id='word_1_10' title='bbox 568 472 741 534; x_wconf 70' lang='grc' dir='ltr'>υἱοὺς,</span> <span class='ocrx_word' id='word_1_11' title='bbox 775 472 865 523; x_wconf 82' lang='grc' dir='ltr'><strong>τὸν</strong></span> <span class='ocrx_word' id='word_1_12' title='bbox 894 471 990 525; x_wconf 78' lang='grc' dir='ltr'>ἕνα</span> <span class='ocrx_word' id='word_1_13' title='bbox 1028 473 1283 542; x_wconf 76' lang='grc' dir='ltr'>Χριστὸν,</span> <span class='ocrx_word' id='word_1_14' title='bbox 1314 475 1407 526; x_wconf 82' lang='grc' dir='ltr'><strong>καὶ</strong></span> <span class='ocrx_word' id='word_1_15' title='bbox 1440 473 1588 539; x_wconf 81' lang='grc' dir='ltr'>Υίὸν,</span> <span class='ocrx_word' id='word_1_16' title='bbox 1619 475 1714 526; x_wconf 76' lang='grc' dir='ltr'><strong>καὶ</strong></span> 
     </span>
    </p>
   </div>
   <div class='ocr_carea' id='block_1_4' title="bbox 1822 469 3393 544">
    <p class='ocr_par' dir='ltr' id='par_1_4' title="bbox 1822 469 3393 544">
     <span class='ocr_line' id='line_1_4' title="bbox 1822 469 3393 544; baseline -0.002 -18"><span class='ocrx_word' id='word_1_17' title='bbox 1822 490 1965 538; x_wconf 88' lang='lat' dir='ltr'><strong>num,</strong></span> <span class='ocrx_word' id='word_1_18' title='bbox 2000 475 2250 542; x_wconf 85' lang='lat' dir='ltr'><strong>cuiquam</strong></span> <span class='ocrx_word' id='word_1_19' title='bbox 2288 475 2551 544; x_wconf 70' lang='lat' dir='ltr'><strong>permittit</strong></span> <span class='ocrx_word' id='word_1_20' title='bbox 2589 485 2750 527; x_wconf 80' lang='lat' dir='ltr'><strong>rectae</strong></span> <span class='ocrx_word' id='word_1_21' title='bbox 2799 470 2923 526; x_wconf 80' lang='lat' dir='ltr'><strong>fidei</strong></span> <span class='ocrx_word' id='word_1_22' title='bbox 2966 469 3129 535; x_wconf 85' lang='lat' dir='ltr'><strong>ratio,</strong></span> <span class='ocrx_word' id='word_1_23' title='bbox 3170 469 3245 524; x_wconf 92' lang='lat' dir='ltr'><strong>ita</strong></span> <span class='ocrx_word' id='word_1_24' title='bbox 3291 485 3393 525; x_wconf 89' lang='lat' dir='ltr'><strong>nos</strong></span> 
     </span>
    </p>
   </div>
   <div class='ocr_carea' id='block_1_5' title="bbox 142 560 1724 632">
    <p class='ocr_par' dir='ltr' id='par_1_5' title="bbox 142 560 1724 632">
     <span class='ocr_line' id='line_1_5' title="bbox 142 560 1724 632; baseline 0.001 -19"><span class='ocrx_word' id='word_1_25' title='bbox 142 560 338 629; x_wconf 77' lang='grc' dir='ltr'><strong>Κύριον</strong></span> <span class='ocrx_word' id='word_1_26' title='bbox 375 560 567 627; x_wconf 80' lang='grc' dir='ltr'>ὲφίησί</span> <span class='ocrx_word' id='word_1_27' title='bbox 609 577 751 612; x_wconf 89' lang='grc' dir='ltr'>τισιν</span> <span class='ocrx_word' id='word_1_28' title='bbox 783 563 810 613; x_wconf 88' lang='grc' dir='ltr'>ὁ</span> <span class='ocrx_word' id='word_1_29' title='bbox 860 562 956 631; x_wconf 82' lang='grc' dir='ltr'>τῆς</span> <span class='ocrx_word' id='word_1_30' title='bbox 1000 562 1288 632; x_wconf 79' lang='grc' dir='ltr'>ὀρθότητος</span> <span class='ocrx_word' id='word_1_31' title='bbox 1338 564 1530 631; x_wconf 87' lang='grc' dir='ltr'>λόγος,</span> <span class='ocrx_word' id='word_1_32' title='bbox 1566 563 1724 616; x_wconf 74' lang='grc' dir='ltr'>παιδ·</span> 
     </span>
    </p>
   </div>
   <div class='ocr_carea' id='block_1_6' title="bbox 138 650 1720 721">
    <p class='ocr_par' dir='ltr' id='par_1_6' title="bbox 138 650 1720 721">
     <span class='ocr_line' id='line_1_6' title="bbox 138 650 1720 721; baseline 0.001 -16"><span class='ocrx_word' id='word_1_33' title='bbox 138 650 465 719; x_wconf 79' lang='grc' dir='ltr'>αγωγούσης</span> <span class='ocrx_word' id='word_1_34' title='bbox 490 652 639 720; x_wconf 77' lang='grc' dir='ltr'>ἡμᾶς</span> <span class='ocrx_word' id='word_1_35' title='bbox 665 655 744 714; x_wconf 86' lang='grc' dir='ltr'><strong>είς</strong></span> <span class='ocrx_word' id='word_1_36' title='bbox 766 651 924 705; x_wconf 89' lang='grc' dir='ltr'>τοῦτο</span> <span class='ocrx_word' id='word_1_37' title='bbox 950 652 1051 721; x_wconf 81' lang='grc' dir='ltr'>τῆς</span> <span class='ocrx_word' id='word_1_38' title='bbox 1072 654 1232 720; x_wconf 84' lang='grc' dir='ltr'>ἀγίας</span> <span class='ocrx_word' id='word_1_39' title='bbox 1254 655 1346 706; x_wconf 75' lang='grc' dir='ltr'><strong>καὶ</strong></span> <span class='ocrx_word' id='word_1_40' title='bbox 1362 654 1720 708; x_wconf 87' lang='grc' dir='ltr'>θεοπνεύστου</span> 
     </span>
    </p>
   </div>
   <div class='ocr_carea' id='block_1_7' title="bbox 136 741 1716 814">
    <p class='ocr_par' dir='ltr' id='par_1_7' title="bbox 136 741 1716 814">
     <span class='ocr_line' id='line_1_7' title="bbox 136 741 1716 814; baseline 0.003 -21"><span class='ocrx_word' id='word_1_41' title='bbox 136 743 169 793; x_wconf 86' lang='grc' dir='ltr'><strong>Γ</strong></span> <span class='ocrx_word' id='word_1_42' title='bbox 173 742 380 811; x_wconf 78' lang='grc' dir='ltr'>ραφῆς.</span> <span class='ocrx_word' id='word_1_43' title='bbox 420 741 587 793; x_wconf 79' lang='grc' dir='ltr'>Ἀλλά</span> <span class='ocrx_word' id='word_1_44' title='bbox 617 741 726 810; x_wconf 84' lang='grc' dir='ltr'><strong>γάρ</strong></span> <span class='ocrx_word' id='word_1_45' title='bbox 749 741 858 793; x_wconf 87' lang='grc' dir='ltr'><strong>τῶν</strong></span> <span class='ocrx_word' id='word_1_46' title='bbox 899 743 997 811; x_wconf 85' lang='grc' dir='ltr'><strong>μὲν</strong></span> <span class='ocrx_word' id='word_1_47' title='bbox 1024 744 1120 811; x_wconf 81' lang='grc' dir='ltr'><strong>τῆς</strong></span> <span class='ocrx_word' id='word_1_48' title='bbox 1151 743 1407 812; x_wconf 80' lang='grc' dir='ltr'><strong>ἀληθείας</strong></span> <span class='ocrx_word' id='word_1_49' title='bbox 1430 743 1716 814; x_wconf 78' lang='grc' dir='ltr'><strong>δογμάτων</strong></span> 
     </span>
    </p>
   </div>
   <div class='ocr_carea' id='block_1_8' title="bbox 134 832 1718 904">
    <p class='ocr_par' dir='ltr' id='par_1_8' title="bbox 134 832 1718 904">
     <span class='ocr_line' id='line_1_8' title="bbox 134 832 1718 904; baseline 0.001 -20"><span class='ocrx_word' id='word_1_50' title='bbox 134 833 306 900; x_wconf 76' lang='grc' dir='ltr'>ὀλίγος</span> <span class='ocrx_word' id='word_1_51' title='bbox 347 832 508 901; x_wconf 84' lang='grc' dir='ltr'>αὐτῷ</span> <span class='ocrx_word' id='word_1_52' title='bbox 544 832 827 894; x_wconf 82' lang='grc' dir='ltr'><strong>παντελῶς</strong></span> <span class='ocrx_word' id='word_1_53' title='bbox 855 834 884 884; x_wconf 90' lang='grc' dir='ltr'><strong>ό</strong></span> <span class='ocrx_word' id='word_1_54' title='bbox 913 833 1068 899; x_wconf 81' lang='grc' dir='ltr'>λόγος</span> <span class='ocrx_word' id='word_1_55' title='bbox 1090 848 1102 860; x_wconf 90' lang='grc'><strong>·</strong></span> <span class='ocrx_word' id='word_1_56' title='bbox 1150 834 1239 885; x_wconf 71' lang='grc' dir='ltr'><strong>καὶ</strong></span> <span class='ocrx_word' id='word_1_57' title='bbox 1283 834 1344 885; x_wconf 84' lang='grc' dir='ltr'><strong>τὸ</strong></span> <span class='ocrx_word' id='word_1_58' title='bbox 1379 833 1575 886; x_wconf 81' lang='grc' dir='ltr'>εἰδέναι</span> <span class='ocrx_word' id='word_1_59' title='bbox 1618 834 1718 904; x_wconf 74' lang='grc' dir='ltr'><strong>μέν</strong></span> 
     </span>
    </p>
   </div>
   <div class='ocr_carea' id='block_1_9' title="bbox 134 922 1718 992">
    <p class='ocr_par' dir='ltr' id='par_1_9' title="bbox 134 922 1718 992">
     <span class='ocr_line' id='line_1_9' title="bbox 134 922 1718 992; baseline 0.001 -16"><span class='ocrx_word' id='word_1_60' title='bbox 134 942 177 976; x_wconf 82' lang='grc' dir='ltr'><strong>τι</strong></span> <span class='ocrx_word' id='word_1_61' title='bbox 207 922 320 975; x_wconf 85' lang='grc' dir='ltr'><strong>τῶν</strong></span> <span class='ocrx_word' id='word_1_62' title='bbox 356 924 682 989; x_wconf 74' lang='grc' dir='ltr'>ἀναγκαίων</span> <span class='ocrx_word' id='word_1_63' title='bbox 735 926 817 986; x_wconf 83' lang='grc' dir='ltr'><strong>είς</strong></span> <span class='ocrx_word' id='word_1_64' title='bbox 859 924 1044 992; x_wconf 71' lang='grc' dir='ltr'>ὄνησιν</span> <span class='ocrx_word' id='word_1_65' title='bbox 1071 923 1131 975; x_wconf 83' lang='grc' dir='ltr'><strong>οῦ</strong></span> <span class='ocrx_word' id='word_1_66' title='bbox 1164 924 1401 991; x_wconf 82' lang='grc' dir='ltr'><strong>μετρίως</strong></span> <span class='ocrx_word' id='word_1_67' title='bbox 1438 924 1718 977; x_wconf 81' lang='grc' dir='ltr'>ἁποσπου-</span> 
     </span>
    </p>
   </div>
   <div class='ocr_carea' id='block_1_10' title="bbox 134 1012 1721 1083">
    <p class='ocr_par' dir='ltr' id='par_1_10' title="bbox 134 1012 1721 1083">
     <span class='ocr_line' id='line_1_10' title="bbox 134 1012 1721 1083; baseline 0 -18"><span class='ocrx_word' id='word_1_68' title='bbox 134 1012 377 1076; x_wconf 75' lang='grc' dir='ltr'>δάζεται,</span> <span class='ocrx_word' id='word_1_69' title='bbox 418 1012 679 1083; x_wconf 86' lang='grc' dir='ltr'>καθάπερ</span> <span class='ocrx_word' id='word_1_70' title='bbox 716 1030 767 1065; x_wconf 89' lang='grc' dir='ltr'><strong>τι</strong></span> <span class='ocrx_word' id='word_1_71' title='bbox 815 1013 923 1065; x_wconf 89' lang='grc' dir='ltr'><strong>τῶν</strong></span> <span class='ocrx_word' id='word_1_72' title='bbox 966 1014 1171 1065; x_wconf 84' lang='grc' dir='ltr'>ἀδικεῖν</span> <span class='ocrx_word' id='word_1_73' title='bbox 1202 1014 1521 1082; x_wconf 82' lang='grc' dir='ltr'><strong>πεφυκότων</strong></span> <span class='ocrx_word' id='word_1_74' title='bbox 1546 1028 1558 1042; x_wconf 74' lang='grc'><strong><em>⁸</em></strong></span> <span class='ocrx_word' id='word_1_75' title='bbox 1597 1016 1721 1066; x_wconf 85' lang='grc' dir='ltr'>ὲπι-</span> 
     </span>
    </p>
   </div>
   <div class='ocr_carea' id='block_1_11' title="bbox 136 1104 1720 1174">
    <p class='ocr_par' dir='ltr' id='par_1_11' title="bbox 136 1104 1720 1174">
     <span class='ocr_line' id='line_1_11' title="bbox 136 1104 1720 1174; baseline 0.001 -18"><span class='ocrx_word' id='word_1_76' title='bbox 136 1104 466 1174; x_wconf 79' lang='grc' dir='ltr'>σεμνύνεται</span> <span class='ocrx_word' id='word_1_77' title='bbox 506 1104 564 1156; x_wconf 84' lang='grc' dir='ltr'>δὲ</span> <span class='ocrx_word' id='word_1_78' title='bbox 613 1105 727 1166; x_wconf 73' lang='grc' dir='ltr'>καὶ,</span> <span class='ocrx_word' id='word_1_79' title='bbox 774 1104 847 1166; x_wconf 86' lang='grc' dir='ltr'>ὡς</span> <span class='ocrx_word' id='word_1_80' title='bbox 895 1104 1038 1166; x_wconf 75' lang='grc' dir='ltr'>εἰκὸς</span> <span class='ocrx_word' id='word_1_81' title='bbox 1059 1114 1109 1167; x_wconf 83' lang='lat' dir='ltr'><strong>P,</strong></span> <span class='ocrx_word' id='word_1_82' title='bbox 1148 1105 1225 1173; x_wconf 80' lang='grc' dir='ltr'><strong>τῷ</strong></span> <span class='ocrx_word' id='word_1_83' title='bbox 1270 1104 1485 1172; x_wconf 78' lang='grc' dir='ltr'>ψεύδει,</span> <span class='ocrx_word' id='word_1_84' title='bbox 1524 1105 1617 1159; x_wconf 79' lang='grc' dir='ltr'><strong>καὶ</strong></span> <span class='ocrx_word' id='word_1_85' title='bbox 1657 1104 1720 1158; x_wconf 86' lang='grc' dir='ltr'><strong>τό</strong></span> 
     </span>
    </p>
   </div>
   <div class='ocr_carea' id='block_1_12' title="bbox 133 1190 1717 1263">
    <p class='ocr_par' dir='ltr' id='par_1_12' title="bbox 133 1190 1717 1263">
     <span class='ocr_line' id='line_1_12' title="bbox 133 1190 1717 1263; baseline 0.002 -19"><span class='ocrx_word' id='word_1_86' title='bbox 133 1193 329 1245; x_wconf 77' lang='grc' dir='ltr'>εἰδέναι</span> <span class='ocrx_word' id='word_1_87' title='bbox 359 1195 747 1261; x_wconf 81' lang='grc' dir='ltr'>συκοφαντεῖν,</span> <span class='ocrx_word' id='word_1_88' title='bbox 771 1190 831 1246; x_wconf 83' lang='grc' dir='ltr'><strong>εὖ</strong></span> <span class='ocrx_word' id='word_1_89' title='bbox 872 1193 1014 1261; x_wconf 86' lang='grc' dir='ltr'>μάλα</span> <span class='ocrx_word' id='word_1_90' title='bbox 1038 1193 1415 1263; x_wconf 84' lang='grc' dir='ltr'>κατωρθωκώς</span> <span class='ocrx_word' id='word_1_91' title='bbox 1434 1212 1447 1225; x_wconf 73' lang='grc' dir='ltr'><strong>ο</strong></span> <span class='ocrx_word' id='word_1_92' title='bbox 1473 1195 1717 1247; x_wconf 81' lang='grc' dir='ltr'><strong>ἀκουέτω</strong></span> 
     </span>
    </p>
   </div>
   <div class='ocr_carea' id='block_1_13' title="bbox 1822 560 3393 636">
    <p class='ocr_par' dir='ltr' id='par_1_13' title="bbox 1822 560 3393 636">
     <span class='ocr_line' id='line_1_13' title="bbox 1822 560 3393 636; baseline -0.004 -17"><span class='ocrx_word' id='word_1_93' title='bbox 1822 576 2005 621; x_wconf 89' lang='lat' dir='ltr'><strong>sancta</strong></span> <span class='ocrx_word' id='word_1_94' title='bbox 2050 567 2416 636; x_wconf 88' lang='lat' dir='ltr'><strong>divinitusque</strong></span> <span class='ocrx_word' id='word_1_95' title='bbox 2460 567 2723 634; x_wconf 74' lang='lat' dir='ltr'><strong>inSpirata</strong></span> <span class='ocrx_word' id='word_1_96' title='bbox 2765 564 3046 633; x_wconf 81' lang='lat' dir='ltr'><strong>Scriptura</strong></span> <span class='ocrx_word' id='word_1_97' title='bbox 3086 560 3393 617; x_wconf 87' lang='lat' dir='ltr'><strong>crudiente.</strong></span> 
     </span>
    </p>
   </div>
   <div class='ocr_carea' id='block_1_14' title="bbox 1826 652 3391 726">
    <p class='ocr_par' dir='ltr' id='par_1_14' title="bbox 1826 652 3391 726">
     <span class='ocr_line' id='line_1_14' title="bbox 1826 652 3391 726; baseline -0.004 -17"><span class='ocrx_word' id='word_1_98' title='bbox 1826 654 1929 709; x_wconf 88' lang='lat' dir='ltr'><strong>Sed</strong></span> <span class='ocrx_word' id='word_1_99' title='bbox 1965 657 2117 724; x_wconf 93' lang='lat' dir='ltr'><strong>plane</strong></span> <span class='ocrx_word' id='word_1_100' title='bbox 2148 656 2222 709; x_wconf 85' lang='lat' dir='ltr'><strong>illi</strong></span> <span class='ocrx_word' id='word_1_101' title='bbox 2259 657 2449 726; x_wconf 81' lang='lat' dir='ltr'><strong>exigua</strong></span> <span class='ocrx_word' id='word_1_102' title='bbox 2488 670 2616 710; x_wconf 87' lang='lat' dir='ltr'><strong>cura</strong></span> <span class='ocrx_word' id='word_1_103' title='bbox 2660 664 2744 709; x_wconf 89' lang='lat' dir='ltr'><strong>est</strong></span> <span class='ocrx_word' id='word_1_104' title='bbox 2790 654 2857 709; x_wconf 89' lang='lat' dir='ltr'><strong>de</strong></span> <span class='ocrx_word' id='word_1_105' title='bbox 2888 652 3134 707; x_wconf 90' lang='lat' dir='ltr'><strong>veritatis</strong></span> <span class='ocrx_word' id='word_1_106' title='bbox 3170 652 3391 721; x_wconf 82' lang='lat' dir='ltr'><strong>dogma-</strong></span> 
     </span>
    </p>
   </div>
   <div class='ocr_carea' id='block_1_15' title="bbox 1827 742 3395 813">
    <p class='ocr_par' dir='ltr' id='par_1_15' title="bbox 1827 742 3395 813">
     <span class='ocr_line' id='line_1_15' title="bbox 1827 742 3395 813; baseline -0.005 -12"><span class='ocrx_word' id='word_1_107' title='bbox 1827 747 2003 813; x_wconf 87' lang='lat' dir='ltr'><strong>tibus;</strong></span> <span class='ocrx_word' id='word_1_108' title='bbox 2059 757 2113 801; x_wconf 90' lang='lat' dir='ltr'><strong>et</strong></span> <span class='ocrx_word' id='word_1_109' title='bbox 2158 762 2263 802; x_wconf 92' lang='lat' dir='ltr'><strong>non</strong></span> <span class='ocrx_word' id='word_1_110' title='bbox 2314 747 2573 801; x_wconf 86' lang='lat' dir='ltr'><strong>mediocri</strong></span> <span class='ocrx_word' id='word_1_111' title='bbox 2631 746 2809 800; x_wconf 84' lang='lat' dir='ltr'><strong>studio</strong></span> <span class='ocrx_word' id='word_1_112' title='bbox 2852 744 3049 813; x_wconf 76' lang='lat' dir='ltr'><strong>refugit</strong></span> <span class='ocrx_word' id='word_1_113' title='bbox 3093 742 3395 812; x_wconf 87' lang='lat' dir='ltr'><strong>intelligere</strong></span> 
     </span>
    </p>
   </div>
   <div class='ocr_carea' id='block_1_16' title="bbox 1826 835 3394 907">
    <p class='ocr_par' dir='ltr' id='par_1_16' title="bbox 1826 835 3394 907">
     <span class='ocr_line' id='line_1_16' title="bbox 1826 835 3394 907; baseline -0.005 -16"><span class='ocrx_word' id='word_1_114' title='bbox 1826 838 2029 905; x_wconf 89' lang='lat' dir='ltr'><strong>aliquid</strong></span> <span class='ocrx_word' id='word_1_115' title='bbox 2058 852 2268 905; x_wconf 89' lang='lat' dir='ltr'><strong>eorum,</strong></span> <span class='ocrx_word' id='word_1_116' title='bbox 2295 853 2417 907; x_wconf 87' lang='lat' dir='ltr'><strong>quae</strong></span> <span class='ocrx_word' id='word_1_117' title='bbox 2453 838 2518 893; x_wconf 89' lang='lat' dir='ltr'><strong>ad</strong></span> <span class='ocrx_word' id='word_1_118' title='bbox 2564 838 2852 891; x_wconf 85' lang='lat' dir='ltr'><strong>utilitatem</strong></span> <span class='ocrx_word' id='word_1_119' title='bbox 2894 835 3201 891; x_wconf 87' lang='lat' dir='ltr'><strong>necessaria</strong></span> <span class='ocrx_word' id='word_1_120' title='bbox 3246 843 3394 897; x_wconf 90' lang='lat' dir='ltr'><strong>sunt,</strong></span> 
     </span>
    </p>
   </div>
   <div class='ocr_carea' id='block_1_17' title="bbox 1823 928 3398 997">
    <p class='ocr_par' dir='ltr' id='par_1_17' title="bbox 1823 928 3398 997">
     <span class='ocr_line' id='line_1_17' title="bbox 1823 928 3398 997; baseline -0.004 -16"><span class='ocrx_word' id='word_1_121' title='bbox 1823 928 1980 981; x_wconf 89' lang='lat' dir='ltr'><strong>sicuti</strong></span> <span class='ocrx_word' id='word_1_122' title='bbox 2009 942 2071 983; x_wconf 89' lang='lat' dir='ltr'><strong>ea</strong></span> <span class='ocrx_word' id='word_1_123' title='bbox 2104 943 2226 995; x_wconf 66' lang='lat' dir='ltr'><strong>quae</strong></span> <span class='ocrx_word' id='word_1_124' title='bbox 2256 942 2456 982; x_wconf 87' lang='lat' dir='ltr'><strong>nocere</strong></span> <span class='ocrx_word' id='word_1_125' title='bbox 2492 936 2753 997; x_wconf 89' lang='lat' dir='ltr'><strong>possunt;</strong></span> <span class='ocrx_word' id='word_1_126' title='bbox 2787 928 3071 980; x_wconf 90' lang='lat' dir='ltr'><strong>mendaclo</strong></span> <span class='ocrx_word' id='word_1_127' title='bbox 3103 934 3306 989; x_wconf 90' lang='lat' dir='ltr'><strong>autem,</strong></span> <span class='ocrx_word' id='word_1_128' title='bbox 3339 932 3398 975; x_wconf 93' lang='lat' dir='ltr'><strong>ut</strong></span> 
     </span>
    </p>
   </div>
   <div class='ocr_carea' id='block_1_18' title="bbox 1822 1014 3392 1087">
    <p class='ocr_par' dir='ltr' id='par_1_18' title="bbox 1822 1014 3392 1087">
     <span class='ocr_line' id='line_1_18' title="bbox 1822 1014 3392 1087; baseline -0.003 -17"><span class='ocrx_word' id='word_1_129' title='bbox 1822 1028 2065 1087; x_wconf 86' lang='lat' dir='ltr'><strong>apparet,</strong></span> <span class='ocrx_word' id='word_1_130' title='bbox 2100 1018 2384 1086; x_wconf 80' lang='lat' dir='ltr'><strong>gloriatur,</strong></span> <span class='ocrx_word' id='word_1_131' title='bbox 2420 1019 2584 1073; x_wconf 88' lang='lat' dir='ltr'><strong>etiam</strong></span> <span class='ocrx_word' id='word_1_132' title='bbox 2613 1018 2681 1071; x_wconf 77' lang='lat' dir='ltr'><strong>ad</strong></span> <span class='ocrx_word' id='word_1_133' title='bbox 2715 1016 3155 1071; x_wconf 77' lang='lat' dir='ltr'><strong>calumniantium</strong></span> <span class='ocrx_word' id='word_1_134' title='bbox 3187 1014 3392 1082; x_wconf 85' lang='lat' dir='ltr'><strong>optime</strong></span> 
     </span>
    </p>
   </div>
   <div class='ocr_carea' id='block_1_19' title="bbox 1822 1103 3396 1175">
    <p class='ocr_par' dir='ltr' id='par_1_19' title="bbox 1822 1103 3396 1175">
     <span class='ocr_line' id='line_1_19' title="bbox 1822 1103 3396 1175; baseline -0.003 -14"><span class='ocrx_word' id='word_1_135' title='bbox 1822 1109 2149 1173; x_wconf 86' lang='lat' dir='ltr'><strong>instructus;</strong></span> <span class='ocrx_word' id='word_1_136' title='bbox 2205 1108 2392 1161; x_wconf 86' lang='lat' dir='ltr'><strong>audiat</strong></span> <span class='ocrx_word' id='word_1_137' title='bbox 2448 1122 2479 1160; x_wconf 86' lang='lat' dir='ltr'><strong>a</strong></span> <span class='ocrx_word' id='word_1_138' title='bbox 2527 1106 2728 1162; x_wconf 91' lang='lat' dir='ltr'><strong>nobis:</strong></span> <span class='ocrx_word' id='word_1_139' title='bbox 2765 1124 2783 1158; x_wconf 79' lang='grc' dir='ltr'><strong>ι</strong></span> <span class='ocrx_word' id='word_1_140' title='bbox 2816 1106 2953 1172; x_wconf 83' lang='lat' dir='ltr'><strong>Quid</strong></span> <span class='ocrx_word' id='word_1_141' title='bbox 3014 1104 3270 1175; x_wconf 87' lang='lat' dir='ltr'><strong>gloriaris</strong></span> <span class='ocrx_word' id='word_1_142' title='bbox 3341 1103 3396 1157; x_wconf 86' lang='lat' dir='ltr'><strong>in</strong></span> 
     </span>
    </p>
   </div>
   <div class='ocr_carea' id='block_1_20' title="bbox 1825 1196 3395 1269">
    <p class='ocr_par' dir='ltr' id='par_1_20' title="bbox 1825 1196 3395 1269">
     <span class='ocr_line' id='line_1_20' title="bbox 1825 1196 3395 1269; baseline -0.002 -18"><span class='ocrx_word' id='word_1_143' title='bbox 1825 1199 2052 1263; x_wconf 89' lang='lat' dir='ltr'><strong>malitia,</strong></span> <span class='ocrx_word' id='word_1_144' title='bbox 2112 1200 2341 1269; x_wconf 87' lang='lat' dir='ltr'><strong>potens?</strong></span> <span class='ocrx_word' id='word_1_145' title='bbox 2382 1199 2720 1268; x_wconf 89' lang='lat' dir='ltr'><strong>iniquitatem</strong></span> <span class='ocrx_word' id='word_1_146' title='bbox 2752 1208 2861 1252; x_wconf 87' lang='lat' dir='ltr'><strong>tota</strong></span> <span class='ocrx_word' id='word_1_147' title='bbox 2906 1197 3013 1262; x_wconf 89' lang='lat' dir='ltr'><strong>die,</strong></span> <span class='ocrx_word' id='word_1_148' title='bbox 3069 1196 3395 1266; x_wconf 75' lang='lat' dir='ltr'><strong>iniustitiam</strong></span> 
     </span>
    </p>
   </div>
   <div class='ocr_carea' id='block_1_21' title="bbox 134 1283 1717 1371">
    <p class='ocr_par' dir='ltr' id='par_1_21' title="bbox 134 1283 1717 1371">
     <span class='ocr_line' id='line_1_21' title="bbox 134 1283 1717 1371; baseline 0.003 -35"><span class='ocrx_word' id='word_1_149' title='bbox 134 1284 267 1371; x_wconf 61' lang='grc' dir='ltr'><strong>⁴πρὸς</strong></span> <span class='ocrx_word' id='word_1_150' title='bbox 292 1284 479 1354; x_wconf 75' lang='grc' dir='ltr'>ἡμῶν·</span> <span class='ocrx_word' id='word_1_151' title='bbox 512 1302 531 1333; x_wconf 75' lang='grc' dir='ltr'><strong>ι</strong></span> <span class='ocrx_word' id='word_1_152' title='bbox 552 1283 617 1335; x_wconf 88' lang='grc' dir='ltr'>Τί</span> <span class='ocrx_word' id='word_1_153' title='bbox 640 1285 889 1354; x_wconf 77' lang='grc' dir='ltr'>ὲγκαυχᾷ</span> <span class='ocrx_word' id='word_1_154' title='bbox 910 1287 963 1335; x_wconf 81' lang='grc' dir='ltr'><strong>ἐν</strong></span> <span class='ocrx_word' id='word_1_155' title='bbox 986 1285 1170 1355; x_wconf 72' lang='grc' dir='ltr'>κακίᾳ,</span> <span class='ocrx_word' id='word_1_156' title='bbox 1194 1288 1222 1338; x_wconf 90' lang='grc' dir='ltr'><strong>ό</strong></span> <span class='ocrx_word' id='word_1_157' title='bbox 1242 1287 1717 1356; x_wconf 64' lang='lat' dir='ltr'><strong>6uva16;;&amp;vop.fa\</strong></span> 
     </span>
    </p>
   </div>
   <div class='ocr_carea' id='block_1_22' title="bbox 1822 1283 2537 1371">
    <p class='ocr_par' dir='ltr' id='par_1_22' title="bbox 1836 1290 2537 1361">
     <span class='ocr_line' id='line_1_22' title="bbox 1836 1290 2537 1361; baseline -0.001 -17"><span class='ocrx_word' id='word_1_158' title='bbox 1836 1292 2090 1360; x_wconf 76' lang='lat' dir='ltr'><strong>cogitavit</strong></span> <span class='ocrx_word' id='word_1_159' title='bbox 2119 1292 2298 1361; x_wconf 85' lang='lat' dir='ltr'><strong>lingua</strong></span> <span class='ocrx_word' id='word_1_160' title='bbox 2333 1300 2421 1344; x_wconf 89' lang='lat' dir='ltr'><strong>tua</strong></span> <span class='ocrx_word' id='word_1_161' title='bbox 2443 1290 2537 1343; x_wconf 74' lang='grc'><strong>⁸³⁸.</strong></span> 
     </span>
    </p>
   </div>
   <div class='ocr_carea' id='block_1_23' title="bbox 130 1376 1711 1450">
    <p class='ocr_par' dir='ltr' id='par_1_23' title="bbox 130 1376 1711 1450">
     <span class='ocr_line' id='line_1_23' title="bbox 130 1376 1711 1450; baseline 0.002 -21"><span class='ocrx_word' id='word_1_162' title='bbox 130 1376 257 1446; x_wconf 77' lang='grc' dir='ltr'>ὅλην</span> <span class='ocrx_word' id='word_1_163' title='bbox 286 1378 392 1445; x_wconf 82' lang='grc' dir='ltr'>τὴν</span> <span class='ocrx_word' id='word_1_164' title='bbox 416 1376 653 1446; x_wconf 81' lang='grc' dir='ltr'><strong>ἡμέραν,</strong></span> <span class='ocrx_word' id='word_1_165' title='bbox 677 1377 891 1431; x_wconf 82' lang='grc' dir='ltr'>ἀδικίαν</span> <span class='ocrx_word' id='word_1_166' title='bbox 921 1380 1203 1446; x_wconf 76' lang='grc' dir='ltr'>ἐλογίσατο</span> <span class='ocrx_word' id='word_1_167' title='bbox 1228 1382 1262 1450; x_wconf 85' lang='grc' dir='ltr'>ή</span> <span class='ocrx_word' id='word_1_168' title='bbox 1304 1379 1525 1448; x_wconf 91' lang='grc' dir='ltr'>γλῶσσά</span> <span class='ocrx_word' id='word_1_169' title='bbox 1549 1398 1664 1436; x_wconf 90' lang='grc' dir='ltr'>σου.</span> <span class='ocrx_word' id='word_1_170' title='bbox 1692 1399 1711 1432; x_wconf 71' lang='grc' dir='ltr'><strong>ι</strong></span> 
     </span>
    </p>
   </div>
   <div class='ocr_carea' id='block_1_24' title="bbox 567 1494 1268 1548">
    <p class='ocr_par' dir='ltr' id='par_1_24' title="bbox 567 1494 1268 1548">
     <span class='ocr_line' id='line_1_24' title="bbox 567 1494 1268 1548; baseline 0.004 -3"><span class='ocrx_word' id='word_1_171' title='bbox 567 1494 1159 1548; x_wconf 79' lang='grc' dir='ltr'><strong>ΛΝᾹΘΕΜΛΤΙΣΜΟΣ</strong></span> <span class='ocrx_word' id='word_1_172' title='bbox 1196 1499 1268 1548; x_wconf 85' lang='grc' dir='ltr'><strong>Δ’.</strong></span> 
     </span>
    </p>
   </div>
   <div class='ocr_carea' id='block_1_25' title="bbox 197 1605 1715 1680">
    <p class='ocr_par' dir='ltr' id='par_1_25' title="bbox 197 1605 1715 1680">
     <span class='ocr_line' id='line_1_25' title="bbox 197 1605 1715 1680; baseline 0.005 -24"><span class='ocrx_word' id='word_1_173' title='bbox 197 1605 268 1657; x_wconf 80' lang='lat' dir='ltr'><strong>EE’</strong></span> <span class='ocrx_word' id='word_1_174' title='bbox 294 1622 381 1668; x_wconf 90' lang='grc' dir='ltr'><strong>τις</strong></span> <span class='ocrx_word' id='word_1_175' title='bbox 405 1607 722 1674; x_wconf 79' lang='grc' dir='ltr'>προσώποις</span> <span class='ocrx_word' id='word_1_176' title='bbox 747 1609 921 1674; x_wconf 75' lang='grc' dir='ltr'>δυσὶν,</span> <span class='ocrx_word' id='word_1_177' title='bbox 951 1610 1119 1680; x_wconf 75' lang='grc' dir='ltr'>ήγουν</span> <span class='ocrx_word' id='word_1_178' title='bbox 1144 1610 1474 1663; x_wconf 79' lang='grc' dir='ltr'>ὑποστάσεσι</span> <span class='ocrx_word' id='word_1_179' title='bbox 1497 1650 1510 1672; x_wconf 94' lang='grc'><strong>,</strong></span> <span class='ocrx_word' id='word_1_180' title='bbox 1538 1612 1635 1673; x_wconf 92' lang='grc' dir='ltr'><strong>τάς</strong></span> <span class='ocrx_word' id='word_1_181' title='bbox 1656 1627 1715 1663; x_wconf 90' lang='grc' dir='ltr'><strong>τε</strong></span> 
     </span>
    </p>
   </div>
   <div class='ocr_carea' id='block_1_26' title="bbox 130 1697 1717 1771">
    <p class='ocr_par' dir='ltr' id='par_1_26' title="bbox 130 1697 1717 1771">
     <span class='ocr_line' id='line_1_26' title="bbox 130 1697 1717 1771; baseline 0.004 -24"><span class='ocrx_word' id='word_1_182' title='bbox 130 1697 187 1748; x_wconf 79' lang='grc' dir='ltr'>ὲν</span> <span class='ocrx_word' id='word_1_183' title='bbox 220 1698 340 1757; x_wconf 83' lang='grc' dir='ltr'>τοῖς</span> <span class='ocrx_word' id='word_1_184' title='bbox 370 1697 755 1765; x_wconf 84' lang='grc' dir='ltr'>εὐαγγελικοῖς</span> <span class='ocrx_word' id='word_1_185' title='bbox 786 1700 879 1751; x_wconf 71' lang='grc' dir='ltr'><strong>καὶ</strong></span> <span class='ocrx_word' id='word_1_186' title='bbox 905 1702 1284 1764; x_wconf 86' lang='grc' dir='ltr'>ἀποστολικοῖς</span> <span class='ocrx_word' id='word_1_187' title='bbox 1318 1702 1717 1771; x_wconf 75' lang='grc' dir='ltr'>συγγράμμασι</span> 
     </span>
    </p>
   </div>
   <div class='ocr_carea' id='block_1_27' title="bbox 2224 1491 2994 1549">
    <p class='ocr_par' dir='ltr' id='par_1_27' title="bbox 2224 1491 2994 1549">
     <span class='ocr_line' id='line_1_27' title="bbox 2224 1491 2994 1549; baseline -0.004 0"><span class='ocrx_word' id='word_1_188' title='bbox 2224 1492 2866 1549; x_wconf 73' lang='lat' dir='ltr'><strong>ANATIIEMATISMUS</strong></span> <span class='ocrx_word' id='word_1_189' title='bbox 2907 1491 2994 1546; x_wconf 85' lang='lat' dir='ltr'><strong>IV.</strong></span> 
     </span>
    </p>
   </div>
   <div class='ocr_carea' id='block_1_28' title="bbox 1900 1601 3401 1678">
    <p class='ocr_par' dir='ltr' id='par_1_28' title="bbox 1900 1601 3401 1678">
     <span class='ocr_line' id='line_1_28' title="bbox 1900 1601 3401 1678; baseline -0.004 -16"><span class='ocrx_word' id='word_1_190' title='bbox 1900 1608 1956 1662; x_wconf 92' lang='lat' dir='ltr'><strong>Si</strong></span> <span class='ocrx_word' id='word_1_191' title='bbox 1990 1608 2112 1678; x_wconf 89' lang='lat' dir='ltr'><strong>quis</strong></span> <span class='ocrx_word' id='word_1_192' title='bbox 2153 1608 2364 1661; x_wconf 89' lang='lat' dir='ltr'><strong>duabus</strong></span> <span class='ocrx_word' id='word_1_193' title='bbox 2408 1604 2657 1675; x_wconf 85' lang='lat' dir='ltr'><strong>personis</strong></span> <span class='ocrx_word' id='word_1_194' title='bbox 2700 1605 2814 1657; x_wconf 84' lang='lat' dir='ltr'><strong>sive</strong></span> <span class='ocrx_word' id='word_1_195' title='bbox 2866 1601 3246 1671; x_wconf 86' lang='lat' dir='ltr'><strong>hypostasibus</strong></span> <span class='ocrx_word' id='word_1_196' title='bbox 3306 1615 3401 1656; x_wconf 78' lang='lat' dir='ltr'><strong>eas</strong></span> 
     </span>
    </p>
   </div>
   <div class='ocr_carea' id='block_1_29' title="bbox 1827 1690 3401 1764">
    <p class='ocr_par' dir='ltr' id='par_1_29' title="bbox 1827 1690 3401 1764">
     <span class='ocr_line' id='line_1_29' title="bbox 1827 1690 3401 1764; baseline -0.003 -15"><span class='ocrx_word' id='word_1_197' title='bbox 1827 1713 1985 1752; x_wconf 85' lang='lat' dir='ltr'><strong>voces</strong></span> <span class='ocrx_word' id='word_1_198' title='bbox 2028 1698 2298 1759; x_wconf 90' lang='lat' dir='ltr'><strong>attribuit,</strong></span> <span class='ocrx_word' id='word_1_199' title='bbox 2344 1711 2465 1764; x_wconf 77' lang='lat' dir='ltr'><strong>quae</strong></span> <span class='ocrx_word' id='word_1_200' title='bbox 2517 1695 2569 1747; x_wconf 88' lang='lat' dir='ltr'><strong>in</strong></span> <span class='ocrx_word' id='word_1_201' title='bbox 2608 1692 2937 1762; x_wconf 80' lang='lat' dir='ltr'><strong>evangelicis</strong></span> <span class='ocrx_word' id='word_1_202' title='bbox 2986 1698 3040 1745; x_wconf 90' lang='lat' dir='ltr'><strong>et</strong></span> <span class='ocrx_word' id='word_1_203' title='bbox 3088 1690 3401 1758; x_wconf 82' lang='lat' dir='ltr'><strong>apostolicis</strong></span> 
     </span>
    </p>
   </div>
   <div class='ocr_carea' id='block_1_30' title="bbox 128 1780 1717 1865">
    <p class='ocr_par' dir='ltr' id='par_1_30' title="bbox 128 1788 1717 1865">
     <span class='ocr_line' id='line_1_30' title="bbox 128 1788 1717 1865; baseline 0.005 -25"><span class='ocrx_word' id='word_1_204' title='bbox 128 1788 379 1858; x_wconf 77' lang='grc' dir='ltr'>διανέμει</span> <span class='ocrx_word' id='word_1_205' title='bbox 436 1789 654 1857; x_wconf 79' lang='grc' dir='ltr'>φωνὰς,</span> <span class='ocrx_word' id='word_1_206' title='bbox 709 1792 742 1858; x_wconf 82' lang='grc' dir='ltr'><strong>ἢ</strong></span> <span class='ocrx_word' id='word_1_207' title='bbox 792 1793 887 1845; x_wconf 77' lang='grc' dir='ltr'><strong>ἐπὶ</strong></span> <span class='ocrx_word' id='word_1_208' title='bbox 934 1794 1156 1863; x_wconf 82' lang='grc' dir='ltr'>Χριστῷ</span> <span class='ocrx_word' id='word_1_209' title='bbox 1199 1794 1353 1865; x_wconf 83' lang='grc' dir='ltr'>παρὰ</span> <span class='ocrx_word' id='word_1_210' title='bbox 1396 1793 1506 1845; x_wconf 86' lang='grc' dir='ltr'><strong>τῶν</strong></span> <span class='ocrx_word' id='word_1_211' title='bbox 1551 1795 1717 1863; x_wconf 83' lang='grc' dir='ltr'>ἁγίων</span> 
     </span>
    </p>
   </div>
   <div class='ocr_carea' id='block_1_31' title="bbox 1822 1780 3400 1865">
    <p class='ocr_par' dir='ltr' id='par_1_31' title="bbox 1828 1780 3400 1858">
     <span class='ocr_line' id='line_1_31' title="bbox 1828 1780 3400 1858; baseline -0.006 -15"><span class='ocrx_word' id='word_1_212' title='bbox 1828 1790 2130 1858; x_wconf 88' lang='lat' dir='ltr'><strong>Scripturis</strong></span> <span class='ocrx_word' id='word_1_213' title='bbox 2159 1787 2358 1855; x_wconf 83' lang='lat' dir='ltr'><strong>passim</strong></span> <span class='ocrx_word' id='word_1_214' title='bbox 2409 1792 2741 1845; x_wconf 89' lang='lat' dir='ltr'><strong>occurrunt;</strong></span> <span class='ocrx_word' id='word_1_215' title='bbox 2797 1794 2985 1849; x_wconf 60' lang='lat' dir='ltr'><strong>quave</strong></span> <span class='ocrx_word' id='word_1_216' title='bbox 3020 1796 3048 1832; x_wconf 90' lang='lat' dir='ltr'><strong>a</strong></span> <span class='ocrx_word' id='word_1_217' title='bbox 3097 1780 3303 1833; x_wconf 85' lang='lat' dir='ltr'><strong>sanctis</strong></span> <span class='ocrx_word' id='word_1_218' title='bbox 3330 1780 3400 1834; x_wconf 85' lang='lat' dir='ltr'><strong>de</strong></span> 
     </span>
    </p>
   </div>
   <div class='ocr_carea' id='block_1_32' title="bbox 128 1876 1717 1954">
    <p class='ocr_par' dir='ltr' id='par_1_32' title="bbox 128 1876 1717 1954">
     <span class='ocr_line' id='line_1_32' title="bbox 128 1876 1717 1954; baseline 0.008 -27"><span class='ocrx_word' id='word_1_219' title='bbox 128 1876 436 1947; x_wconf 81' lang='grc' dir='ltr'>λεγομένας</span> <span class='ocrx_word' id='word_1_220' title='bbox 456 1920 470 1941; x_wconf 91' lang='grc'><strong>,</strong></span> <span class='ocrx_word' id='word_1_221' title='bbox 498 1878 533 1947; x_wconf 75' lang='grc' dir='ltr'>ἢ</span> <span class='ocrx_word' id='word_1_222' title='bbox 564 1882 695 1949; x_wconf 85' lang='grc' dir='ltr'>παρ’</span> <span class='ocrx_word' id='word_1_223' title='bbox 729 1882 896 1934; x_wconf 80' lang='grc' dir='ltr'>αὑτοῦ</span> <span class='ocrx_word' id='word_1_224' title='bbox 944 1885 1074 1953; x_wconf 73' lang='grc' dir='ltr'>περὶ</span> <span class='ocrx_word' id='word_1_225' title='bbox 1105 1884 1295 1936; x_wconf 80' lang='grc' dir='ltr'>ἑαυτοῦ</span> <span class='ocrx_word' id='word_1_226' title='bbox 1320 1901 1330 1914; x_wconf 83' lang='grc'><em>’</em></span> <span class='ocrx_word' id='word_1_227' title='bbox 1363 1886 1457 1937; x_wconf 74' lang='grc' dir='ltr'><strong>καὶ</strong></span> <span class='ocrx_word' id='word_1_228' title='bbox 1484 1885 1582 1948; x_wconf 84' lang='grc' dir='ltr'>τὰς</span> <span class='ocrx_word' id='word_1_229' title='bbox 1620 1888 1717 1954; x_wconf 76' lang='grc' dir='ltr'><strong>μὲν</strong></span> 
     </span>
    </p>
   </div>
   <div class='ocr_carea' id='block_1_33' title="bbox 129 1966 1720 2043">
    <p class='ocr_par' dir='ltr' id='par_1_33' title="bbox 129 1966 1720 2043">
     <span class='ocr_line' id='line_1_33' title="bbox 129 1966 1720 2043; baseline 0.008 -25"><span class='ocrx_word' id='word_1_230' title='bbox 129 1968 203 2029; x_wconf 80' lang='grc' dir='ltr'>ὡς</span> <span class='ocrx_word' id='word_1_231' title='bbox 247 1966 530 2038; x_wconf 83' lang='grc' dir='ltr'>ἀνθρώπῳ</span> <span class='ocrx_word' id='word_1_232' title='bbox 588 1970 741 2040; x_wconf 84' lang='grc' dir='ltr'><strong>παρά</strong></span> <span class='ocrx_word' id='word_1_233' title='bbox 798 1971 888 2023; x_wconf 82' lang='grc' dir='ltr'><strong>τὸν</strong></span> <span class='ocrx_word' id='word_1_234' title='bbox 938 1974 1003 2023; x_wconf 81' lang='grc' dir='ltr'>ὲκ</span> <span class='ocrx_word' id='word_1_235' title='bbox 1068 1974 1202 2024; x_wconf 89' lang='grc' dir='ltr'>Θεοῦ</span> <span class='ocrx_word' id='word_1_236' title='bbox 1257 1976 1473 2043; x_wconf 63' lang='grc' dir='ltr'>Πατρός</span> <span class='ocrx_word' id='word_1_237' title='bbox 1542 1977 1720 2043; x_wconf 87' lang='grc' dir='ltr'>Λόγον</span> 
     </span>
    </p>
   </div>
   <div class='ocr_carea' id='block_1_34' title="bbox 137 2057 1721 2131">
    <p class='ocr_par' dir='ltr' id='par_1_34' title="bbox 137 2057 1721 2131">
     <span class='ocr_line' id='line_1_34' title="bbox 137 2057 1721 2131; baseline 0.004 -24"><span class='ocrx_word' id='word_1_238' title='bbox 137 2057 322 2119; x_wconf 82' lang='grc' dir='ltr'>ίδικῶς</span> <span class='ocrx_word' id='word_1_239' title='bbox 361 2059 644 2126; x_wconf 78' lang='grc' dir='ltr'>νοουμένῳ</span> <span class='ocrx_word' id='word_1_240' title='bbox 675 2062 981 2128; x_wconf 87' lang='grc' dir='ltr'>προσάπτει</span> <span class='ocrx_word' id='word_1_241' title='bbox 1009 2102 1025 2125; x_wconf 92' lang='grc'><strong>,</strong></span> <span class='ocrx_word' id='word_1_242' title='bbox 1073 2062 1173 2123; x_wconf 77' lang='grc' dir='ltr'>τὰς</span> <span class='ocrx_word' id='word_1_243' title='bbox 1210 2062 1265 2113; x_wconf 87' lang='grc' dir='ltr'>δὲ</span> <span class='ocrx_word' id='word_1_244' title='bbox 1291 2062 1367 2124; x_wconf 83' lang='grc' dir='ltr'>ὠς</span> <span class='ocrx_word' id='word_1_245' title='bbox 1396 2062 1721 2131; x_wconf 80' lang='grc' dir='ltr'>θεοπρεπεῖς</span> 
     </span>
    </p>
   </div>
   <div class='ocr_carea' id='block_1_35' title="bbox 135 2147 1594 2221">
    <p class='ocr_par' dir='ltr' id='par_1_35' title="bbox 135 2147 1594 2221">
     <span class='ocr_line' id='line_1_35' title="bbox 135 2147 1594 2221; baseline 0.004 -23"><span class='ocrx_word' id='word_1_246' title='bbox 135 2148 283 2217; x_wconf 78' lang='grc' dir='ltr'>μόνῳ</span> <span class='ocrx_word' id='word_1_247' title='bbox 308 2147 389 2217; x_wconf 86' lang='grc' dir='ltr'>τῷ</span> <span class='ocrx_word' id='word_1_248' title='bbox 425 2149 491 2200; x_wconf 85' lang='grc' dir='ltr'>ὲκ</span> <span class='ocrx_word' id='word_1_249' title='bbox 518 2148 653 2201; x_wconf 82' lang='grc' dir='ltr'>Θεοῦ</span> <span class='ocrx_word' id='word_1_250' title='bbox 686 2150 900 2219; x_wconf 81' lang='grc' dir='ltr'>Πατρὸς</span> <span class='ocrx_word' id='word_1_251' title='bbox 930 2151 1090 2220; x_wconf 86' lang='grc' dir='ltr'>Λόγῳ</span> <span class='ocrx_word' id='word_1_252' title='bbox 1109 2168 1120 2179; x_wconf 91' lang='grc'><strong>·</strong></span> <span class='ocrx_word' id='word_1_253' title='bbox 1155 2153 1404 2221; x_wconf 82' lang='grc' dir='ltr'>ἀνάθεμα</span> <span class='ocrx_word' id='word_1_254' title='bbox 1434 2151 1594 2204; x_wconf 77' lang='grc' dir='ltr'>ἔστω.</span> 
     </span>
    </p>
   </div>
   <div class='ocr_carea' id='block_1_36' title="bbox 550 2344 1307 2417">
    <p class='ocr_par' dir='ltr' id='par_1_36' title="bbox 550 2344 1307 2417">
     <span class='ocr_line' id='line_1_36' title="bbox 550 2344 1307 2417; baseline 0.005 -21"><span class='ocrx_word' id='word_1_255' title='bbox 550 2344 820 2413; x_wconf 77' lang='grc' dir='ltr'>Θεοδωρή</span> <span class='ocrx_word' id='word_1_256' title='bbox 828 2362 935 2400; x_wconf 86' lang='grc' dir='ltr'><strong>του</strong></span> <span class='ocrx_word' id='word_1_257' title='bbox 975 2345 1307 2417; x_wconf 80' lang='grc' dir='ltr'>ἁνατροπη.</span> 
     </span>
    </p>
   </div>
   <div class='ocr_carea' id='block_1_37' title="bbox 196 2453 1717 2530">
    <p class='ocr_par' dir='ltr' id='par_1_37' title="bbox 196 2453 1717 2530">
     <span class='ocr_line' id='line_1_37' title="bbox 196 2453 1717 2530; baseline 0.007 -25"><span class='ocrx_word' id='word_1_258' title='bbox 196 2453 453 2522; x_wconf 86' lang='grc' dir='ltr'>Συγγενῆ</span> <span class='ocrx_word' id='word_1_259' title='bbox 500 2455 598 2507; x_wconf 76' lang='grc' dir='ltr'>καὶ</span> <span class='ocrx_word' id='word_1_260' title='bbox 638 2454 811 2508; x_wconf 89' lang='grc' dir='ltr'>ταῦτα</span> <span class='ocrx_word' id='word_1_261' title='bbox 844 2458 956 2520; x_wconf 88' lang='grc' dir='ltr'>τοῖς</span> <span class='ocrx_word' id='word_1_262' title='bbox 999 2457 1101 2528; x_wconf 73' lang='grc' dir='ltr'>ἤδη</span> <span class='ocrx_word' id='word_1_263' title='bbox 1145 2457 1417 2527; x_wconf 78' lang='grc' dir='ltr'>λεχθεῖσι·</span> <span class='ocrx_word' id='word_1_264' title='bbox 1468 2460 1717 2530; x_wconf 82' lang='grc' dir='ltr'>βούλεται</span> 
     </span>
    </p>
   </div>
   <div class='ocr_carea' id='block_1_38' title="bbox 130 2544 1719 2620">
    <p class='ocr_par' dir='ltr' id='par_1_38' title="bbox 130 2544 1719 2620">
     <span class='ocr_line' id='line_1_38' title="bbox 130 2544 1719 2620; baseline 0.008 -25"><span class='ocrx_word' id='word_1_265' title='bbox 130 2545 259 2613; x_wconf 74' lang='grc' dir='ltr'>γὰρ,</span> <span class='ocrx_word' id='word_1_266' title='bbox 292 2545 369 2607; x_wconf 83' lang='grc' dir='ltr'>ὡς</span> <span class='ocrx_word' id='word_1_267' title='bbox 406 2544 661 2615; x_wconf 79' lang='grc' dir='ltr'>κράσεως</span> <span class='ocrx_word' id='word_1_268' title='bbox 694 2547 1070 2619; x_wconf 80' lang='grc' dir='ltr'>γεγενημένης</span> <span class='ocrx_word' id='word_1_269' title='bbox 1096 2587 1111 2613; x_wconf 88' lang='grc'><strong>,</strong></span> <span class='ocrx_word' id='word_1_270' title='bbox 1144 2550 1411 2620; x_wconf 89' lang='grc' dir='ltr'>μηδεμίαν</span> <span class='ocrx_word' id='word_1_271' title='bbox 1442 2549 1581 2606; x_wconf 77' lang='grc' dir='ltr'>εἶναι</span> <span class='ocrx_word' id='word_1_272' title='bbox 1628 2554 1719 2608; x_wconf 79' lang='grc' dir='ltr'>λό-</span> 
     </span>
    </p>
   </div>
   <div class='ocr_carea' id='block_1_39' title="bbox 130 2635 1720 2710">
    <p class='ocr_par' dir='ltr' id='par_1_39' title="bbox 130 2635 1720 2710">
     <span class='ocr_line' id='line_1_39' title="bbox 130 2635 1720 2710; baseline 0.007 -23"><span class='ocrx_word' id='word_1_273' title='bbox 130 2653 241 2701; x_wconf 89' lang='grc' dir='ltr'><strong>γων</strong></span> <span class='ocrx_word' id='word_1_274' title='bbox 274 2635 549 2705; x_wconf 79' lang='grc' dir='ltr'>διαφοράν</span> <span class='ocrx_word' id='word_1_275' title='bbox 572 2676 587 2703; x_wconf 91' lang='grc'><strong>,</strong></span> <span class='ocrx_word' id='word_1_276' title='bbox 620 2636 732 2689; x_wconf 89' lang='grc' dir='ltr'><strong>τῶν</strong></span> <span class='ocrx_word' id='word_1_277' title='bbox 768 2639 826 2690; x_wconf 74' lang='grc' dir='ltr'>ὲν</span> <span class='ocrx_word' id='word_1_278' title='bbox 855 2639 967 2701; x_wconf 84' lang='grc' dir='ltr'>τοῖς</span> <span class='ocrx_word' id='word_1_279' title='bbox 999 2639 1167 2709; x_wconf 82' lang='grc' dir='ltr'>ἱεροῖς</span> <span class='ocrx_word' id='word_1_280' title='bbox 1216 2641 1589 2710; x_wconf 85' lang='grc' dir='ltr'>Εὑαγγελίοις,</span> <span class='ocrx_word' id='word_1_281' title='bbox 1628 2648 1720 2700; x_wconf 81' lang='grc' dir='ltr'>καὶ</span> 
     </span>
    </p>
   </div>
   <div class='ocr_carea' id='block_1_40' title="bbox 129 2727 1719 2804">
    <p class='ocr_par' dir='ltr' id='par_1_40' title="bbox 129 2727 1719 2804">
     <span class='ocr_line' id='line_1_40' title="bbox 129 2727 1719 2804; baseline 0.008 -26"><span class='ocrx_word' id='word_1_282' title='bbox 129 2730 239 2789; x_wconf 84' lang='grc' dir='ltr'>τοῖς</span> <span class='ocrx_word' id='word_1_283' title='bbox 298 2727 691 2791; x_wconf 86' lang='grc' dir='ltr'>ἀποστολικοῖς</span> <span class='ocrx_word' id='word_1_284' title='bbox 736 2731 1165 2801; x_wconf 86' lang='grc' dir='ltr'>συγγράμμασιν</span> <span class='ocrx_word' id='word_1_285' title='bbox 1218 2734 1571 2804; x_wconf 77' lang='grc' dir='ltr'>εἰρημένων,</span> <span class='ocrx_word' id='word_1_286' title='bbox 1625 2739 1719 2791; x_wconf 77' lang='grc' dir='ltr'>καὶ</span> 
     </span>
    </p>
   </div>
   <div class='ocr_carea' id='block_1_41' title="bbox 130 2816 1718 2893">
    <p class='ocr_par' dir='ltr' id='par_1_41' title="bbox 130 2816 1718 2893">
     <span class='ocr_line' id='line_1_41' title="bbox 130 2816 1718 2893; baseline 0.008 -25"><span class='ocrx_word' id='word_1_287' title='bbox 130 2816 327 2877; x_wconf 84' lang='grc' dir='ltr'>ταῦτα,</span> <span class='ocrx_word' id='word_1_288' title='bbox 358 2818 624 2886; x_wconf 84' lang='grc' dir='ltr'>πολεμεῖν</span> <span class='ocrx_word' id='word_1_289' title='bbox 654 2818 787 2881; x_wconf 72' lang='grc' dir='ltr'>ἴσως</span> <span class='ocrx_word' id='word_1_290' title='bbox 828 2820 1041 2891; x_wconf 81' lang='grc' dir='ltr'>Ἀρείῳ,</span> <span class='ocrx_word' id='word_1_291' title='bbox 1067 2821 1163 2876; x_wconf 82' lang='grc' dir='ltr'>καὶ</span> <span class='ocrx_word' id='word_1_292' title='bbox 1193 2822 1467 2893; x_wconf 84' lang='grc' dir='ltr'>Εὐνομίῳ,</span> <span class='ocrx_word' id='word_1_293' title='bbox 1486 2826 1718 2891; x_wconf 77' lang='grc' dir='ltr'>καὶτοῖς</span> 
     </span>
    </p>
   </div>
   <div class='ocr_carea' id='block_1_42' title="bbox 130 2904 1713 2981">
    <p class='ocr_par' dir='ltr' id='par_1_42' title="bbox 130 2904 1713 2981">
     <span class='ocr_line' id='line_1_42' title="bbox 130 2904 1713 2981; baseline 0.009 -24"><span class='ocrx_word' id='word_1_294' title='bbox 130 2904 338 2968; x_wconf 75' lang='grc' dir='ltr'>λοιποῖς</span> <span class='ocrx_word' id='word_1_295' title='bbox 378 2907 768 2977; x_wconf 85' lang='grc' dir='ltr'>αἱρεσιάρχαις</span> <span class='ocrx_word' id='word_1_296' title='bbox 799 2912 1216 2981; x_wconf 89' lang='grc' dir='ltr'>σεμνυνόμενος.</span> <span class='ocrx_word' id='word_1_297' title='bbox 1263 2915 1485 2969; x_wconf 86' lang='grc' dir='ltr'>Είπάτω</span> <span class='ocrx_word' id='word_1_298' title='bbox 1531 2918 1713 2971; x_wconf 81' lang='grc' dir='ltr'>τοίνυν</span> 
     </span>
    </p>
   </div>
   <div class='ocr_carea' id='block_1_43' title="bbox 129 2996 1719 3074">
    <p class='ocr_par' dir='ltr' id='par_1_43' title="bbox 129 2996 1719 3074">
     <span class='ocr_line' id='line_1_43' title="bbox 129 2996 1719 3074; baseline 0.009 -26"><span class='ocrx_word' id='word_1_299' title='bbox 129 2998 156 3048; x_wconf 84' lang='grc' dir='ltr'><strong>ό</strong></span> <span class='ocrx_word' id='word_1_300' title='bbox 182 2997 294 3050; x_wconf 87' lang='grc' dir='ltr'><strong>τῶν</strong></span> <span class='ocrx_word' id='word_1_301' title='bbox 325 2996 493 3049; x_wconf 89' lang='grc' dir='ltr'>θείων</span> <span class='ocrx_word' id='word_1_302' title='bbox 522 2998 810 3068; x_wconf 83' lang='grc' dir='ltr'>δογμάτων</span> <span class='ocrx_word' id='word_1_303' title='bbox 842 2999 1163 3065; x_wconf 83' lang='grc' dir='ltr'>διδάσκαλος</span> <span class='ocrx_word' id='word_1_304' title='bbox 1189 3004 1425 3074; x_wconf 75' lang='grc' dir='ltr'>ἀκριϐὴς</span> <span class='ocrx_word' id='word_1_305' title='bbox 1449 3047 1463 3072; x_wconf 95' lang='grc'><strong>,</strong></span> <span class='ocrx_word' id='word_1_306' title='bbox 1496 3007 1616 3070; x_wconf 86' lang='grc' dir='ltr'><strong>πῶς</strong></span> <span class='ocrx_word' id='word_1_307' title='bbox 1653 3009 1719 3062; x_wconf 82' lang='grc' dir='ltr'><strong>ἂν</strong></span> 
     </span>
    </p>
   </div>
   <div class='ocr_carea' id='block_1_44' title="bbox 127 3089 1790 3188">
    <p class='ocr_par' dir='ltr' id='par_1_44' title="bbox 127 3089 1790 3188">
     <span class='ocr_line' id='line_1_44' title="bbox 127 3089 1790 3188; baseline 0.007 -48"><span class='ocrx_word' id='word_1_308' title='bbox 127 3089 555 3188; x_wconf 34' lang='grc' dir='ltr'>διελέγξειειτὴν</span> <span class='ocrx_word' id='word_1_309' title='bbox 580 3089 695 3188; x_wconf 59' lang='grc' dir='ltr'><strong>τῶν</strong></span> <span class='ocrx_word' id='word_1_310' title='bbox 719 3091 1012 3162; x_wconf 84' lang='grc' dir='ltr'>αίρετικῶν</span> <span class='ocrx_word' id='word_1_311' title='bbox 1036 3092 1405 3165; x_wconf 85' lang='grc' dir='ltr'>βλασφημίαν,</span> <span class='ocrx_word' id='word_1_312' title='bbox 1438 3100 1505 3153; x_wconf 87' lang='grc' dir='ltr'><strong>τά</strong></span> <span class='ocrx_word' id='word_1_313' title='bbox 1525 3115 1717 3152; x_wconf 85' lang='grc' dir='ltr'>ταπει-</span> <span class='ocrx_word' id='word_1_314' title='bbox 1747 3129 1790 3188; x_wconf 74' lang='lat' dir='ltr'><strong>c</strong></span> 
     </span>
    </p>
   </div>
   <div class='ocr_carea' id='block_1_45' title="bbox 128 3179 1718 3258">
    <p class='ocr_par' dir='ltr' id='par_1_45' title="bbox 128 3179 1718 3258">
     <span class='ocr_line' id='line_1_45' title="bbox 128 3179 1718 3258; baseline 0.008 -28"><span class='ocrx_word' id='word_1_315' title='bbox 128 3179 232 3243; x_wconf 84' lang='grc' dir='ltr'>νῶς</span> <span class='ocrx_word' id='word_1_316' title='bbox 276 3179 374 3233; x_wconf 76' lang='grc' dir='ltr'><strong>καὶ</strong></span> <span class='ocrx_word' id='word_1_317' title='bbox 425 3179 704 3249; x_wconf 80' lang='grc' dir='ltr'>ἁρμοδίως</span> <span class='ocrx_word' id='word_1_318' title='bbox 736 3182 886 3251; x_wconf 89' lang='grc' dir='ltr'><strong>παρά</strong></span> <span class='ocrx_word' id='word_1_319' title='bbox 911 3186 1011 3254; x_wconf 76' lang='grc' dir='ltr'><strong>τῆς</strong></span> <span class='ocrx_word' id='word_1_320' title='bbox 1036 3183 1131 3238; x_wconf 83' lang='grc' dir='ltr'>τοῦ</span> <span class='ocrx_word' id='word_1_321' title='bbox 1158 3184 1346 3239; x_wconf 85' lang='grc' dir='ltr'>δούλου</span> <span class='ocrx_word' id='word_1_322' title='bbox 1382 3188 1601 3258; x_wconf 80' lang='grc' dir='ltr'>μορφῆς</span> <span class='ocrx_word' id='word_1_323' title='bbox 1638 3190 1718 3243; x_wconf 79' lang='grc' dir='ltr'>εί·-</span> 
     </span>
    </p>
   </div>
   <div class='ocr_carea' id='block_1_46' title="bbox 132 3268 1721 3351">
    <p class='ocr_par' dir='ltr' id='par_1_46' title="bbox 132 3268 1721 3351">
     <span class='ocr_line' id='line_1_46' title="bbox 132 3268 1721 3351; baseline 0.004 -23"><span class='ocrx_word' id='word_1_324' title='bbox 132 3268 385 3337; x_wconf 77' lang='grc' dir='ltr'>ρημένα,</span> <span class='ocrx_word' id='word_1_325' title='bbox 436 3268 517 3339; x_wconf 81' lang='grc' dir='ltr'>τῷ</span> <span class='ocrx_word' id='word_1_326' title='bbox 564 3269 683 3340; x_wconf 83' lang='grc' dir='ltr'>Θεῷ</span> <span class='ocrx_word' id='word_1_327' title='bbox 731 3270 892 3342; x_wconf 86' lang='grc' dir='ltr'>Λόγῳ</span> <span class='ocrx_word' id='word_1_328' title='bbox 935 3275 1289 3346; x_wconf 86' lang='grc' dir='ltr'>προσάπτων.</span> <span class='ocrx_word' id='word_1_329' title='bbox 1332 3278 1561 3333; x_wconf 85' lang='grc' dir='ltr'>Ἐκεῖνοι</span> <span class='ocrx_word' id='word_1_330' title='bbox 1613 3281 1721 3351; x_wconf 83' lang='grc' dir='ltr'>γὰρ</span> 
     </span>
    </p>
   </div>
   <div class='ocr_carea' id='block_1_47' title="bbox 128 3356 1717 3438">
    <p class='ocr_par' dir='ltr' id='par_1_47' title="bbox 128 3356 1717 3438">
     <span class='ocr_line' id='line_1_47' title="bbox 128 3356 1717 3438; baseline 0.008 -30"><span class='ocrx_word' id='word_1_331' title='bbox 128 3356 287 3409; x_wconf 83' lang='grc' dir='ltr'>τοῦτο</span> <span class='ocrx_word' id='word_1_332' title='bbox 316 3356 629 3422; x_wconf 76' lang='grc' dir='ltr'>ποιοῦντες,</span> <span class='ocrx_word' id='word_1_333' title='bbox 658 3360 939 3424; x_wconf 85' lang='grc' dir='ltr'>ὲλάττονα,</span> <span class='ocrx_word' id='word_1_334' title='bbox 973 3364 1066 3415; x_wconf 80' lang='grc' dir='ltr'><strong>καὶ</strong></span> <span class='ocrx_word' id='word_1_335' title='bbox 1102 3365 1326 3434; x_wconf 86' lang='grc' dir='ltr'>κτίσμα,</span> <span class='ocrx_word' id='word_1_336' title='bbox 1358 3367 1452 3419; x_wconf 75' lang='grc' dir='ltr'><strong>καὶ</strong></span> <span class='ocrx_word' id='word_1_337' title='bbox 1481 3368 1717 3438; x_wconf 86' lang='grc' dir='ltr'>ποίημα,</span> 
     </span>
    </p>
   </div>
   <div class='ocr_carea' id='block_1_48' title="bbox 128 3446 1719 3514">
    <p class='ocr_par' dir='ltr' id='par_1_48' title="bbox 128 3446 1719 3514">
     <span class='ocr_line' id='line_1_48' title="bbox 128 3446 1719 3514; baseline 0.011 -17"><span class='ocrx_word' id='word_1_338' title='bbox 128 3449 221 3499; x_wconf 74' lang='grc' dir='ltr'><strong>καὶ</strong></span> <span class='ocrx_word' id='word_1_339' title='bbox 247 3446 464 3512; x_wconf 82' lang='grc' dir='ltr'>δοῦλον,</span> <span class='ocrx_word' id='word_1_340' title='bbox 488 3449 585 3500; x_wconf 80' lang='grc' dir='ltr'>καὶ</span> <span class='ocrx_word' id='word_1_341' title='bbox 618 3448 678 3513; x_wconf 78' lang='grc' dir='ltr'>ἐξ</span> <span class='ocrx_word' id='word_1_342' title='bbox 704 3451 804 3501; x_wconf 84' lang='grc' dir='ltr'><strong>οὐκ</strong></span> <span class='ocrx_word' id='word_1_343' title='bbox 829 3451 998 3505; x_wconf 75' lang='grc' dir='ltr'>ὄντων</span> <span class='ocrx_word' id='word_1_344' title='bbox 1031 3454 1124 3506; x_wconf 84' lang='grc' dir='ltr'><strong>τὸν</strong></span> <span class='ocrx_word' id='word_1_345' title='bbox 1149 3454 1277 3507; x_wconf 84' lang='grc' dir='ltr'>Υίὺν</span> <span class='ocrx_word' id='word_1_346' title='bbox 1301 3457 1395 3509; x_wconf 88' lang='grc' dir='ltr'><strong>τοῦ</strong></span> <span class='ocrx_word' id='word_1_347' title='bbox 1419 3457 1556 3511; x_wconf 87' lang='grc' dir='ltr'>Θεοῦ</span> <span class='ocrx_word' id='word_1_348' title='bbox 1581 3455 1719 3514; x_wconf 81' lang='grc' dir='ltr'>εῖναι</span> 
     </span>
    </p>
   </div>
   <div class='ocr_carea' id='block_1_49' title="bbox 127 3538 1721 3614">
    <p class='ocr_par' dir='ltr' id='par_1_49' title="bbox 127 3538 1721 3614">
     <span class='ocr_line' id='line_1_49' title="bbox 127 3538 1721 3614; baseline 0.008 -23"><span class='ocrx_word' id='word_1_349' title='bbox 127 3538 552 3607; x_wconf 78' lang='grc' dir='ltr'>δογματίζουσι.</span> <span class='ocrx_word' id='word_1_350' title='bbox 584 3539 703 3592; x_wconf 87' lang='grc' dir='ltr'>Τίνι</span> <span class='ocrx_word' id='word_1_351' title='bbox 726 3541 906 3594; x_wconf 89' lang='grc' dir='ltr'>τοίνυν</span> <span class='ocrx_word' id='word_1_352' title='bbox 939 3545 1183 3612; x_wconf 82' lang='grc' dir='ltr'>ὴμεῖς,οί</span> <span class='ocrx_word' id='word_1_353' title='bbox 1201 3547 1463 3601; x_wconf 88' lang='grc' dir='ltr'>τάναντία</span> <span class='ocrx_word' id='word_1_354' title='bbox 1489 3550 1721 3614; x_wconf 73' lang='grc' dir='ltr'>ἐκείνοις</span> 
     </span>
    </p>
   </div>
   <div class='ocr_carea' id='block_1_50' title="bbox 130 3628 1722 3710">
    <p class='ocr_par' dir='ltr' id='par_1_50' title="bbox 130 3628 1722 3710">
     <span class='ocr_line' id='line_1_50' title="bbox 130 3628 1722 3710; baseline 0.008 -29"><span class='ocrx_word' id='word_1_355' title='bbox 130 3630 486 3699; x_wconf 74' lang='grc' dir='ltr'>φρονοῦντες,</span> <span class='ocrx_word' id='word_1_356' title='bbox 506 3630 602 3682; x_wconf 77' lang='grc' dir='ltr'><strong>καὶ</strong></span> <span class='ocrx_word' id='word_1_357' title='bbox 627 3630 911 3700; x_wconf 85' lang='grc' dir='ltr'>όμοούσιον</span> <span class='ocrx_word' id='word_1_358' title='bbox 938 3628 1076 3687; x_wconf 73' lang='grc' dir='ltr'>εἶναι</span> <span class='ocrx_word' id='word_1_359' title='bbox 1106 3634 1199 3689; x_wconf 78' lang='grc' dir='ltr'>καὶ</span> <span class='ocrx_word' id='word_1_360' title='bbox 1225 3637 1494 3691; x_wconf 78' lang='grc' dir='ltr'>συναῖδιον</span> <span class='ocrx_word' id='word_1_361' title='bbox 1509 3637 1586 3709; x_wconf 82' lang='grc' dir='ltr'>τῷ</span> <span class='ocrx_word' id='word_1_362' title='bbox 1601 3639 1722 3710; x_wconf 86' lang='grc' dir='ltr'><strong>Θεῷ</strong></span> 
     </span>
    </p>
   </div>
   <div class='ocr_carea' id='block_1_51' title="bbox 129 3720 1719 3798">
    <p class='ocr_par' dir='ltr' id='par_1_51' title="bbox 129 3720 1719 3798">
     <span class='ocr_line' id='line_1_51' title="bbox 129 3720 1719 3798; baseline 0.008 -26"><span class='ocrx_word' id='word_1_363' title='bbox 129 3724 223 3773; x_wconf 79' lang='grc' dir='ltr'>καὶ</span> <span class='ocrx_word' id='word_1_364' title='bbox 254 3722 440 3791; x_wconf 80' lang='grc' dir='ltr'>Πατρὶ</span> <span class='ocrx_word' id='word_1_365' title='bbox 466 3720 558 3774; x_wconf 78' lang='grc' dir='ltr'><strong>τὸν</strong></span> <span class='ocrx_word' id='word_1_366' title='bbox 578 3722 707 3775; x_wconf 83' lang='grc' dir='ltr'>Υίὺν</span> <span class='ocrx_word' id='word_1_367' title='bbox 731 3723 1142 3793; x_wconf 84' lang='grc' dir='ltr'>ὁμολογοῦντες,</span> <span class='ocrx_word' id='word_1_368' title='bbox 1163 3727 1499 3798; x_wconf 90' lang='grc' dir='ltr'>δημιουργόν</span> <span class='ocrx_word' id='word_1_369' title='bbox 1525 3748 1585 3783; x_wconf 86' lang='grc' dir='ltr'><strong>τε</strong></span> <span class='ocrx_word' id='word_1_370' title='bbox 1610 3732 1719 3785; x_wconf 90' lang='grc' dir='ltr'><strong>τῶν</strong></span> 
     </span>
    </p>
   </div>
   <div class='ocr_carea' id='block_1_52' title="bbox 128 3813 1719 3893">
    <p class='ocr_par' dir='ltr' id='par_1_52' title="bbox 128 3813 1719 3893">
     <span class='ocr_line' id='line_1_52' title="bbox 128 3813 1719 3893; baseline 0.007 -29"><span class='ocrx_word' id='word_1_371' title='bbox 128 3813 288 3876; x_wconf 79' lang='grc' dir='ltr'>ὅλων,</span> <span class='ocrx_word' id='word_1_372' title='bbox 345 3814 445 3867; x_wconf 79' lang='grc' dir='ltr'><strong>καὶ</strong></span> <span class='ocrx_word' id='word_1_373' title='bbox 494 3814 750 3885; x_wconf 81' lang='grc' dir='ltr'>ποιητὴν,</span> <span class='ocrx_word' id='word_1_374' title='bbox 800 3814 894 3868; x_wconf 74' lang='grc' dir='ltr'><strong>καὶ</strong></span> <span class='ocrx_word' id='word_1_375' title='bbox 935 3817 1276 3889; x_wconf 82' lang='grc' dir='ltr'>κοσμήτορα,</span> <span class='ocrx_word' id='word_1_376' title='bbox 1324 3820 1418 3872; x_wconf 79' lang='grc' dir='ltr'><strong>καὶ</strong></span> <span class='ocrx_word' id='word_1_377' title='bbox 1447 3820 1719 3893; x_wconf 80' lang='grc' dir='ltr'>κυϐερνή-</span> 
     </span>
    </p>
   </div>
   <div class='ocr_carea' id='block_1_53' title="bbox 128 3903 1715 3983">
    <p class='ocr_par' dir='ltr' id='par_1_53' title="bbox 128 3903 1715 3983">
     <span class='ocr_line' id='line_1_53' title="bbox 128 3903 1715 3983; baseline 0.009 -30"><span class='ocrx_word' id='word_1_378' title='bbox 128 3920 249 3970; x_wconf 82' lang='grc' dir='ltr'>την,</span> <span class='ocrx_word' id='word_1_379' title='bbox 273 3903 373 3957; x_wconf 72' lang='grc' dir='ltr'><strong>καὶ</strong></span> <span class='ocrx_word' id='word_1_380' title='bbox 412 3903 699 3973; x_wconf 86' lang='grc' dir='ltr'>πρύτανιν,</span> <span class='ocrx_word' id='word_1_381' title='bbox 721 3905 814 3957; x_wconf 77' lang='grc' dir='ltr'>καὶ</span> <span class='ocrx_word' id='word_1_382' title='bbox 835 3907 1131 3976; x_wconf 85' lang='grc' dir='ltr'>πάνσοφον,</span> <span class='ocrx_word' id='word_1_383' title='bbox 1166 3910 1262 3961; x_wconf 82' lang='grc' dir='ltr'><strong>καὶ</strong></span> <span class='ocrx_word' id='word_1_384' title='bbox 1286 3912 1715 3983; x_wconf 85' lang='grc' dir='ltr'>παντοδύναμον,</span> 
     </span>
    </p>
   </div>
   <div class='ocr_carea' id='block_1_54' title="bbox 132 3993 1718 4069">
    <p class='ocr_par' dir='ltr' id='par_1_54' title="bbox 132 3993 1718 4069">
     <span class='ocr_line' id='line_1_54' title="bbox 132 3993 1718 4069; baseline 0.006 -23"><span class='ocrx_word' id='word_1_385' title='bbox 132 3994 334 4061; x_wconf 76' lang='grc' dir='ltr'>μᾶλλον</span> <span class='ocrx_word' id='word_1_386' title='bbox 380 3993 442 4046; x_wconf 82' lang='grc' dir='ltr'>δὲ</span> <span class='ocrx_word' id='word_1_387' title='bbox 489 3994 857 4065; x_wconf 82' lang='grc' dir='ltr'>αὑτοδύναμον</span> <span class='ocrx_word' id='word_1_388' title='bbox 878 4007 929 4061; x_wconf 74' lang='grc' dir='ltr'><strong>ιι,</strong></span> <span class='ocrx_word' id='word_1_389' title='bbox 966 3999 1060 4050; x_wconf 81' lang='grc' dir='ltr'>καὶ</span> <span class='ocrx_word' id='word_1_390' title='bbox 1101 3999 1401 4069; x_wconf 77' lang='grc' dir='ltr'>αὑτοζωὴν,</span> <span class='ocrx_word' id='word_1_391' title='bbox 1436 4002 1533 4055; x_wconf 60' lang='grc' dir='ltr'><strong>κα)⁵</strong></span> <span class='ocrx_word' id='word_1_392' title='bbox 1562 4004 1718 4055; x_wconf 84' lang='grc' dir='ltr'>αὐτο-</span> 
     </span>
    </p>
   </div>
   <div class='ocr_carea' id='block_1_55' title="bbox 132 4083 1719 4162">
    <p class='ocr_par' dir='ltr' id='par_1_55' title="bbox 132 4083 1719 4162">
     <span class='ocr_line' id='line_1_55' title="bbox 132 4083 1719 4162; baseline 0.006 -26"><span class='ocrx_word' id='word_1_393' title='bbox 132 4085 326 4151; x_wconf 73' lang='grc' dir='ltr'>σοςρίαν</span> <span class='ocrx_word' id='word_1_394' title='bbox 352 4124 369 4146; x_wconf 91' lang='grc'><strong>,</strong></span> <span class='ocrx_word' id='word_1_395' title='bbox 414 4083 705 4153; x_wconf 81' lang='grc' dir='ltr'>ἀναθῶμεν</span> <span class='ocrx_word' id='word_1_396' title='bbox 739 4086 832 4137; x_wconf 63' lang='grc' dir='ltr'>τόδ</span> <span class='ocrx_word' id='word_1_397' title='bbox 870 4105 887 4136; x_wconf 77' lang='grc' dir='ltr'><strong>ι</strong></span> <span class='ocrx_word' id='word_1_398' title='bbox 921 4086 1023 4139; x_wconf 81' lang='grc' dir='ltr'><strong>Θεέ</strong></span> <span class='ocrx_word' id='word_1_399' title='bbox 1076 4104 1200 4157; x_wconf 92' lang='grc' dir='ltr'>μου,</span> <span class='ocrx_word' id='word_1_400' title='bbox 1234 4089 1335 4141; x_wconf 87' lang='grc' dir='ltr'>Θεὲ</span> <span class='ocrx_word' id='word_1_401' title='bbox 1385 4107 1507 4159; x_wconf 88' lang='grc' dir='ltr'>μου,</span> <span class='ocrx_word' id='word_1_402' title='bbox 1555 4092 1608 4143; x_wconf 89' lang='grc' dir='ltr'><strong>τί</strong></span> <span class='ocrx_word' id='word_1_403' title='bbox 1651 4109 1719 4162; x_wconf 87' lang='grc' dir='ltr'><strong>με</strong></span> 
     </span>
    </p>
   </div>
   <div class='ocr_carea' id='block_1_56' title="bbox 128 4174 1721 4254">
    <p class='ocr_par' dir='ltr' id='par_1_56' title="bbox 128 4174 1721 4254">
     <span class='ocr_line' id='line_1_56' title="bbox 128 4174 1721 4254; baseline 0.006 -29"><span class='ocrx_word' id='word_1_404' title='bbox 128 4174 526 4240; x_wconf 80' lang='grc' dir='ltr'>ὲγκατέλιπες;</span> <span class='ocrx_word' id='word_1_405' title='bbox 565 4191 584 4222; x_wconf 75' lang='grc' dir='ltr'><strong>ι</strong></span> <span class='ocrx_word' id='word_1_406' title='bbox 620 4174 715 4227; x_wconf 81' lang='grc' dir='ltr'>καὶ</span> <span class='ocrx_word' id='word_1_407' title='bbox 745 4174 841 4226; x_wconf 89' lang='grc' dir='ltr'>τό·</span> <span class='ocrx_word' id='word_1_408' title='bbox 885 4195 903 4227; x_wconf 78' lang='lat' dir='ltr'><strong>t</strong></span> <span class='ocrx_word' id='word_1_409' title='bbox 939 4177 1122 4247; x_wconf 84' lang='grc' dir='ltr'>Πάτερ</span> <span class='ocrx_word' id='word_1_410' title='bbox 1147 4218 1160 4241; x_wconf 95' lang='grc'><strong>,</strong></span> <span class='ocrx_word' id='word_1_411' title='bbox 1206 4180 1254 4231; x_wconf 84' lang='grc' dir='ltr'><strong>εί</strong></span> <span class='ocrx_word' id='word_1_412' title='bbox 1298 4178 1545 4243; x_wconf 82' lang='grc' dir='ltr'>δυνατὸν,</span> <span class='ocrx_word' id='word_1_413' title='bbox 1584 4200 1721 4254; x_wconf 86' lang='grc' dir='ltr'>παρ-</span> 
     </span>
    </p>
   </div>
   <div class='ocr_carea' id='block_1_57' title="bbox 128 4264 1715 4339">
    <p class='ocr_par' dir='ltr' id='par_1_57' title="bbox 128 4264 1715 4339">
     <span class='ocr_line' id='line_1_57' title="bbox 128 4264 1715 4339; baseline 0.008 -24"><span class='ocrx_word' id='word_1_414' title='bbox 128 4264 332 4317; x_wconf 80' lang='grc' dir='ltr'>ελθέτω</span> <span class='ocrx_word' id='word_1_415' title='bbox 390 4264 455 4315; x_wconf 81' lang='grc' dir='ltr'><strong>τὸ</strong></span> <span class='ocrx_word' id='word_1_416' title='bbox 499 4266 761 4334; x_wconf 77' lang='grc' dir='ltr'>ποτήριον</span> <span class='ocrx_word' id='word_1_417' title='bbox 808 4266 966 4320; x_wconf 89' lang='grc' dir='ltr'>τοῦτο</span> <span class='ocrx_word' id='word_1_418' title='bbox 1030 4268 1125 4321; x_wconf 86' lang='grc' dir='ltr'>ἀπ’</span> <span class='ocrx_word' id='word_1_419' title='bbox 1179 4271 1347 4339; x_wconf 76' lang='grc' dir='ltr'>ἐμοῦ·</span> <span class='ocrx_word' id='word_1_420' title='bbox 1398 4291 1415 4323; x_wconf 78' lang='grc' dir='ltr'><strong>ι</strong></span> <span class='ocrx_word' id='word_1_421' title='bbox 1458 4273 1554 4324; x_wconf 74' lang='grc' dir='ltr'><strong>καὶ</strong></span> <span class='ocrx_word' id='word_1_422' title='bbox 1616 4276 1715 4327; x_wconf 75' lang='grc' dir='ltr'>τόο</span> 
     </span>
    </p>
   </div>
   <div class='ocr_carea' id='block_1_58' title="bbox 132 4354 1714 4431">
    <p class='ocr_par' dir='ltr' id='par_1_58' title="bbox 132 4354 1714 4431">
     <span class='ocr_line' id='line_1_58' title="bbox 132 4354 1714 4431; baseline 0.008 -28"><span class='ocrx_word' id='word_1_423' title='bbox 132 4373 147 4403; x_wconf 79' lang='grc' dir='ltr'><strong>ι</strong></span> <span class='ocrx_word' id='word_1_424' title='bbox 184 4356 402 4425; x_wconf 86' lang='grc' dir='ltr'>Πάτερ,</span> <span class='ocrx_word' id='word_1_425' title='bbox 446 4354 625 4408; x_wconf 90' lang='grc' dir='ltr'>σῶσόν</span> <span class='ocrx_word' id='word_1_426' title='bbox 659 4372 726 4423; x_wconf 90' lang='grc' dir='ltr'><strong>με</strong></span> <span class='ocrx_word' id='word_1_427' title='bbox 766 4356 875 4409; x_wconf 83' lang='grc' dir='ltr'><strong>ἀπὸ</strong></span> <span class='ocrx_word' id='word_1_428' title='bbox 909 4360 1011 4427; x_wconf 83' lang='grc' dir='ltr'>τῆς</span> <span class='ocrx_word' id='word_1_429' title='bbox 1040 4358 1190 4429; x_wconf 83' lang='grc' dir='ltr'>ὥρας</span> <span class='ocrx_word' id='word_1_430' title='bbox 1211 4360 1433 4431; x_wconf 86' lang='grc' dir='ltr'>ταύτης·</span> <span class='ocrx_word' id='word_1_431' title='bbox 1463 4381 1482 4413; x_wconf 78' lang='grc' dir='ltr'><strong>ι</strong></span> <span class='ocrx_word' id='word_1_432' title='bbox 1518 4364 1611 4415; x_wconf 81' lang='grc' dir='ltr'><strong>καὶ</strong></span> <span class='ocrx_word' id='word_1_433' title='bbox 1635 4364 1714 4417; x_wconf 89' lang='grc' dir='ltr'>τό·</span> 
     </span>
    </p>
   </div>
   <div class='ocr_carea' id='block_1_59' title="bbox 1825 1870 3403 1943">
    <p class='ocr_par' dir='ltr' id='par_1_59' title="bbox 1825 1870 3403 1943">
     <span class='ocr_line' id='line_1_59' title="bbox 1825 1870 3403 1943; baseline -0.007 -10"><span class='ocrx_word' id='word_1_434' title='bbox 1825 1880 2069 1943; x_wconf 80' lang='lat' dir='ltr'><strong>Christo,</strong></span> <span class='ocrx_word' id='word_1_435' title='bbox 2102 1878 2181 1931; x_wconf 86' lang='lat' dir='ltr'><strong>vel</strong></span> <span class='ocrx_word' id='word_1_436' title='bbox 2215 1878 2281 1930; x_wconf 88' lang='lat' dir='ltr'><strong>ab</strong></span> <span class='ocrx_word' id='word_1_437' title='bbox 2308 1877 2423 1943; x_wconf 89' lang='lat' dir='ltr'><strong>ipso</strong></span> <span class='ocrx_word' id='word_1_438' title='bbox 2449 1888 2662 1943; x_wconf 89' lang='lat' dir='ltr'><strong>quoque</strong></span> <span class='ocrx_word' id='word_1_439' title='bbox 2695 1872 2914 1926; x_wconf 87' lang='lat' dir='ltr'><strong>Christo</strong></span> <span class='ocrx_word' id='word_1_440' title='bbox 2946 1871 3010 1924; x_wconf 80' lang='lat' dir='ltr'><strong>de</strong></span> <span class='ocrx_word' id='word_1_441' title='bbox 3040 1871 3217 1938; x_wconf 90' lang='lat' dir='ltr'><strong>seipso</strong></span> <span class='ocrx_word' id='word_1_442' title='bbox 3245 1870 3403 1924; x_wconf 62' lang='lat' dir='ltr'><strong>dictze</strong></span> 
     </span>
    </p>
   </div>
   <div class='ocr_carea' id='block_1_60' title="bbox 1825 1962 3404 2033">
    <p class='ocr_par' dir='ltr' id='par_1_60' title="bbox 1825 1962 3404 2033">
     <span class='ocr_line' id='line_1_60' title="bbox 1825 1962 3404 2033; baseline -0.006 -10"><span class='ocrx_word' id='word_1_443' title='bbox 1825 1980 1980 2033; x_wconf 88' lang='lat' dir='ltr'><strong>sunt;</strong></span> <span class='ocrx_word' id='word_1_444' title='bbox 2017 1978 2075 2021; x_wconf 90' lang='lat' dir='ltr'><strong>et</strong></span> <span class='ocrx_word' id='word_1_445' title='bbox 2112 1968 2247 2022; x_wconf 83' lang='lat' dir='ltr'><strong>alias</strong></span> <span class='ocrx_word' id='word_1_446' title='bbox 2273 1966 2490 2033; x_wconf 86' lang='lat' dir='ltr'><strong>quidem</strong></span> <span class='ocrx_word' id='word_1_447' title='bbox 2534 1974 2591 2016; x_wconf 85' lang='grc' dir='ltr'><strong>ιιι</strong></span> <span class='ocrx_word' id='word_1_448' title='bbox 2632 1962 2835 2015; x_wconf 84' lang='lat' dir='ltr'><strong>homini</strong></span> <span class='ocrx_word' id='word_1_449' title='bbox 2866 1971 3117 2028; x_wconf 87' lang='lat' dir='ltr'><strong>tauquam</strong></span> <span class='ocrx_word' id='word_1_450' title='bbox 3156 1974 3404 2013; x_wconf 86' lang='lat' dir='ltr'><strong>seorsum</strong></span> 
     </span>
    </p>
   </div>
   <div class='ocr_carea' id='block_1_61' title="bbox 1827 2048 3405 2110">
    <p class='ocr_par' dir='ltr' id='par_1_61' title="bbox 1827 2048 3405 2110">
     <span class='ocr_line' id='line_1_61' title="bbox 1827 2048 3405 2110; baseline -0.004 -3"><span class='ocrx_word' id='word_1_451' title='bbox 1827 2072 1855 2107; x_wconf 84' lang='lat' dir='ltr'><strong>a</strong></span> <span class='ocrx_word' id='word_1_452' title='bbox 1889 2057 1982 2109; x_wconf 86' lang='lat' dir='ltr'><strong>Dei</strong></span> <span class='ocrx_word' id='word_1_453' title='bbox 2016 2056 2194 2108; x_wconf 81' lang='lat' dir='ltr'><strong>Verbo</strong></span> <span class='ocrx_word' id='word_1_454' title='bbox 2227 2054 2573 2108; x_wconf 80' lang='lat' dir='ltr'><strong>considerato</strong></span> <span class='ocrx_word' id='word_1_455' title='bbox 2627 2050 2883 2110; x_wconf 83' lang='lat' dir='ltr'><strong>ascribit,</strong></span> <span class='ocrx_word' id='word_1_456' title='bbox 2927 2048 3061 2101; x_wconf 76' lang='lat' dir='ltr'><strong>alias</strong></span> <span class='ocrx_word' id='word_1_457' title='bbox 3104 2063 3231 2102; x_wconf 83' lang='lat' dir='ltr'><strong>vero</strong></span> <span class='ocrx_word' id='word_1_458' title='bbox 3284 2057 3405 2101; x_wconf 88' lang='lat' dir='ltr'><strong>tan-</strong></span> 
     </span>
    </p>
   </div>
   <div class='ocr_carea' id='block_1_62' title="bbox 1828 2134 3398 2211">
    <p class='ocr_par' dir='ltr' id='par_1_62' title="bbox 1828 2134 3398 2211">
     <span class='ocr_line' id='line_1_62' title="bbox 1828 2134 3398 2211; baseline -0.001 -17"><span class='ocrx_word' id='word_1_459' title='bbox 1828 2157 1986 2211; x_wconf 89' lang='lat' dir='ltr'><strong>quam</strong></span> <span class='ocrx_word' id='word_1_460' title='bbox 2019 2143 2130 2196; x_wconf 92' lang='lat' dir='ltr'><strong>Deo</strong></span> <span class='ocrx_word' id='word_1_461' title='bbox 2164 2144 2568 2203; x_wconf 82' lang='lat' dir='ltr'><strong>convenientes,</strong></span> <span class='ocrx_word' id='word_1_462' title='bbox 2605 2141 2703 2192; x_wconf 91' lang='lat' dir='ltr'><strong>soli</strong></span> <span class='ocrx_word' id='word_1_463' title='bbox 2741 2138 2915 2191; x_wconf 82' lang='lat' dir='ltr'><strong>Patris</strong></span> <span class='ocrx_word' id='word_1_464' title='bbox 2947 2134 3125 2191; x_wconf 81' lang='lat' dir='ltr'><strong>Verbo</strong></span> <span class='ocrx_word' id='word_1_465' title='bbox 3149 2140 3398 2209; x_wconf 86' lang='lat' dir='ltr'><strong>adaptat;</strong></span> 
     </span>
    </p>
   </div>
   <div class='ocr_carea' id='block_1_63' title="bbox 1827 2231 2238 2288">
    <p class='ocr_par' dir='ltr' id='par_1_63' title="bbox 1827 2231 2238 2288">
     <span class='ocr_line' id='line_1_63' title="bbox 1827 2231 2238 2288; baseline -0.007 -1"><span class='ocrx_word' id='word_1_466' title='bbox 1827 2235 2113 2288; x_wconf 85' lang='lat' dir='ltr'><strong>anathema</strong></span> <span class='ocrx_word' id='word_1_467' title='bbox 2148 2231 2238 2285; x_wconf 90' lang='lat' dir='ltr'><strong>sit.</strong></span> 
     </span>
    </p>
   </div>
   <div class='ocr_carea' id='block_1_64' title="bbox 2266 2340 2970 2409">
    <p class='ocr_par' dir='ltr' id='par_1_64' title="bbox 2266 2340 2970 2409">
     <span class='ocr_line' id='line_1_64' title="bbox 2266 2340 2970 2409; baseline 0.003 -16"><span class='ocrx_word' id='word_1_468' title='bbox 2266 2340 2575 2395; x_wconf 81' lang='lat' dir='ltr'><strong>Theodoreti</strong></span> <span class='ocrx_word' id='word_1_469' title='bbox 2617 2341 2970 2409; x_wconf 80' lang='lat' dir='ltr'><strong>reprehensio.</strong></span> 
     </span>
    </p>
   </div>
   <div class='ocr_carea' id='block_1_65' title="bbox 1898 2452 3406 2521">
    <p class='ocr_par' dir='ltr' id='par_1_65' title="bbox 1898 2452 3406 2521">
     <span class='ocr_line' id='line_1_65' title="bbox 1898 2452 3406 2521; baseline -0.001 -12"><span class='ocrx_word' id='word_1_470' title='bbox 1898 2454 2037 2509; x_wconf 89' lang='lat' dir='ltr'><strong>Sunt</strong></span> <span class='ocrx_word' id='word_1_471' title='bbox 2062 2465 2118 2508; x_wconf 87' lang='lat' dir='ltr'><strong>et</strong></span> <span class='ocrx_word' id='word_1_472' title='bbox 2148 2456 2263 2510; x_wconf 68' lang='lat' dir='ltr'><strong>haec</strong></span> <span class='ocrx_word' id='word_1_473' title='bbox 2292 2454 2399 2518; x_wconf 85' lang='lat' dir='ltr'><strong>bis,</strong></span> <span class='ocrx_word' id='word_1_474' title='bbox 2432 2467 2553 2521; x_wconf 76' lang='lat' dir='ltr'><strong>qua:</strong></span> <span class='ocrx_word' id='word_1_475' title='bbox 2572 2452 2683 2520; x_wconf 91' lang='lat' dir='ltr'><strong>jam</strong></span> <span class='ocrx_word' id='word_1_476' title='bbox 2718 2453 2858 2507; x_wconf 86' lang='lat' dir='ltr'><strong>dicta</strong></span> <span class='ocrx_word' id='word_1_477' title='bbox 2900 2461 3050 2518; x_wconf 88' lang='lat' dir='ltr'><strong>sunt,</strong></span> <span class='ocrx_word' id='word_1_478' title='bbox 3084 2461 3315 2521; x_wconf 87' lang='lat' dir='ltr'><strong>cognata</strong></span> <span class='ocrx_word' id='word_1_479' title='bbox 3348 2457 3406 2507; x_wconf 80' lang='grc' dir='ltr'><strong>οι</strong></span> 
     </span>
    </p>
   </div>
   <div class='ocr_carea' id='block_1_66' title="bbox 1827 2538 3402 2608">
    <p class='ocr_par' dir='ltr' id='par_1_66' title="bbox 1827 2538 3402 2608">
     <span class='ocr_line' id='line_1_66' title="bbox 1827 2538 3402 2608; baseline -0.006 -9"><span class='ocrx_word' id='word_1_480' title='bbox 1827 2545 2109 2602; x_wconf 75' lang='lat' dir='ltr'><strong>assimilis.</strong></span> <span class='ocrx_word' id='word_1_481' title='bbox 2144 2544 2266 2597; x_wconf 85' lang='lat' dir='ltr'><strong>Vult</strong></span> <span class='ocrx_word' id='word_1_482' title='bbox 2300 2545 2465 2605; x_wconf 89' lang='lat' dir='ltr'><strong>enim,</strong></span> <span class='ocrx_word' id='word_1_483' title='bbox 2508 2551 2766 2608; x_wconf 83' lang='lat' dir='ltr'><strong>tanquam</strong></span> <span class='ocrx_word' id='word_1_484' title='bbox 2803 2538 3195 2608; x_wconf 86' lang='lat' dir='ltr'><strong>temperatione</strong></span> <span class='ocrx_word' id='word_1_485' title='bbox 3238 2539 3402 2604; x_wconf 87' lang='lat' dir='ltr'><strong>facta,</strong></span> 
     </span>
    </p>
   </div>
   <div class='ocr_carea' id='block_1_67' title="bbox 1829 2624 3404 2699">
    <p class='ocr_par' dir='ltr' id='par_1_67' title="bbox 1829 2624 3404 2699">
     <span class='ocr_line' id='line_1_67' title="bbox 1829 2624 3404 2699; baseline -0.009 -8"><span class='ocrx_word' id='word_1_486' title='bbox 1829 2637 1881 2691; x_wconf 90' lang='lat' dir='ltr'><strong>in</strong></span> <span class='ocrx_word' id='word_1_487' title='bbox 1918 2634 2280 2696; x_wconf 89' lang='lat' dir='ltr'><strong>sermonibus,</strong></span> <span class='ocrx_word' id='word_1_488' title='bbox 2318 2632 2408 2699; x_wconf 91' lang='lat' dir='ltr'><strong>qui</strong></span> <span class='ocrx_word' id='word_1_489' title='bbox 2438 2630 2492 2683; x_wconf 93' lang='lat' dir='ltr'><strong>in</strong></span> <span class='ocrx_word' id='word_1_490' title='bbox 2522 2630 2695 2682; x_wconf 80' lang='lat' dir='ltr'><strong>sacris</strong></span> <span class='ocrx_word' id='word_1_491' title='bbox 2723 2626 3032 2696; x_wconf 84' lang='lat' dir='ltr'><strong>Evangeliis</strong></span> <span class='ocrx_word' id='word_1_492' title='bbox 3061 2634 3115 2679; x_wconf 91' lang='lat' dir='ltr'><strong>et</strong></span> <span class='ocrx_word' id='word_1_493' title='bbox 3146 2624 3404 2693; x_wconf 85' lang='lat' dir='ltr'><strong>apostoli-</strong></span> 
     </span>
    </p>
   </div>
   <div class='ocr_carea' id='block_1_68' title="bbox 1826 2714 3403 2793">
    <p class='ocr_par' dir='ltr' id='par_1_68' title="bbox 1826 2714 3403 2793">
     <span class='ocr_line' id='line_1_68' title="bbox 1826 2714 3403 2793; baseline -0.011 -11"><span class='ocrx_word' id='word_1_494' title='bbox 1826 2727 1908 2783; x_wconf 86' lang='lat' dir='ltr'><strong>cis</strong></span> <span class='ocrx_word' id='word_1_495' title='bbox 1951 2724 2172 2793; x_wconf 89' lang='lat' dir='ltr'><strong>scriptis</strong></span> <span class='ocrx_word' id='word_1_496' title='bbox 2214 2723 2342 2777; x_wconf 88' lang='lat' dir='ltr'><strong>dicti</strong></span> <span class='ocrx_word' id='word_1_497' title='bbox 2382 2728 2526 2781; x_wconf 88' lang='lat' dir='ltr'><strong>sunt.</strong></span> <span class='ocrx_word' id='word_1_498' title='bbox 2585 2719 2787 2774; x_wconf 90' lang='lat' dir='ltr'><strong>nullam</strong></span> <span class='ocrx_word' id='word_1_499' title='bbox 2840 2732 2966 2772; x_wconf 82' lang='lat' dir='ltr'><strong>esse</strong></span> <span class='ocrx_word' id='word_1_500' title='bbox 3013 2714 3403 2776; x_wconf 72' lang='lat' dir='ltr'><strong>differentiam,</strong></span> 
     </span>
    </p>
   </div>
   <div class='ocr_carea' id='block_1_69' title="bbox 1827 2806 3405 2887">
    <p class='ocr_par' dir='ltr' id='par_1_69' title="bbox 1827 2806 3405 2887">
     <span class='ocr_line' id='line_1_69' title="bbox 1827 2806 3405 2887; baseline -0.01 -14"><span class='ocrx_word' id='word_1_501' title='bbox 1827 2818 1989 2887; x_wconf 91' lang='lat' dir='ltr'><strong>idque</strong></span> <span class='ocrx_word' id='word_1_502' title='bbox 2013 2815 2242 2871; x_wconf 77' lang='lat' dir='ltr'><strong>fortasse</strong></span> <span class='ocrx_word' id='word_1_503' title='bbox 2269 2815 2337 2877; x_wconf 88' lang='lat' dir='ltr'><strong>is.</strong></span> <span class='ocrx_word' id='word_1_504' title='bbox 2363 2814 2455 2883; x_wconf 93' lang='lat' dir='ltr'><strong>qui</strong></span> <span class='ocrx_word' id='word_1_505' title='bbox 2480 2812 2743 2867; x_wconf 87' lang='lat' dir='ltr'><strong>adversus</strong></span> <span class='ocrx_word' id='word_1_506' title='bbox 2761 2810 2952 2864; x_wconf 84' lang='lat' dir='ltr'><strong>Arium</strong></span> <span class='ocrx_word' id='word_1_507' title='bbox 2980 2819 3034 2863; x_wconf 94' lang='lat' dir='ltr'><strong>et</strong></span> <span class='ocrx_word' id='word_1_508' title='bbox 3058 2806 3405 2872; x_wconf 87' lang='lat' dir='ltr'><strong>Eunomium,</strong></span> 
     </span>
    </p>
   </div>
   <div class='ocr_carea' id='block_1_70' title="bbox 1826 2899 3409 2972">
    <p class='ocr_par' dir='ltr' id='par_1_70' title="bbox 1826 2899 3409 2972">
     <span class='ocr_line' id='line_1_70' title="bbox 1826 2899 3409 2972; baseline -0.008 -8"><span class='ocrx_word' id='word_1_509' title='bbox 1826 2918 1883 2965; x_wconf 90' lang='lat' dir='ltr'><strong>et</strong></span> <span class='ocrx_word' id='word_1_510' title='bbox 1914 2916 2143 2964; x_wconf 70' lang='lat' dir='ltr'><strong>caeteros</strong></span> <span class='ocrx_word' id='word_1_511' title='bbox 2169 2906 2566 2960; x_wconf 70' lang='lat' dir='ltr'><strong>haeresiarchas</strong></span> <span class='ocrx_word' id='word_1_512' title='bbox 2605 2918 2664 2958; x_wconf 91' lang='lat' dir='ltr'><strong>se</strong></span> <span class='ocrx_word' id='word_1_513' title='bbox 2702 2916 2944 2972; x_wconf 87' lang='lat' dir='ltr'><strong>pugnare</strong></span> <span class='ocrx_word' id='word_1_514' title='bbox 2989 2901 3273 2970; x_wconf 87' lang='lat' dir='ltr'><strong>gloriatur.</strong></span> <span class='ocrx_word' id='word_1_515' title='bbox 3313 2899 3409 2952; x_wconf 85' lang='lat' dir='ltr'><strong>Di-</strong></span> 
     </span>
    </p>
   </div>
   <div class='ocr_carea' id='block_1_71' title="bbox 1827 2988 3408 3066">
    <p class='ocr_par' dir='ltr' id='par_1_71' title="bbox 1827 2988 3408 3066">
     <span class='ocr_line' id='line_1_71' title="bbox 1827 2988 3408 3066; baseline -0.005 -15"><span class='ocrx_word' id='word_1_516' title='bbox 1827 3006 1917 3052; x_wconf 87' lang='lat' dir='ltr'><strong>cat</strong></span> <span class='ocrx_word' id='word_1_517' title='bbox 1945 2997 2112 3066; x_wconf 84' lang='lat' dir='ltr'><strong>igitur</strong></span> <span class='ocrx_word' id='word_1_518' title='bbox 2137 2994 2231 3048; x_wconf 88' lang='lat' dir='ltr'><strong>ille</strong></span> <span class='ocrx_word' id='word_1_519' title='bbox 2278 3007 2559 3047; x_wconf 90' lang='lat' dir='ltr'><strong>sacrorum</strong></span> <span class='ocrx_word' id='word_1_520' title='bbox 2605 2991 2918 3060; x_wconf 87' lang='lat' dir='ltr'><strong>dogmatum</strong></span> <span class='ocrx_word' id='word_1_521' title='bbox 2957 2988 3408 3057; x_wconf 77' lang='lat' dir='ltr'><strong>diligentissimus</strong></span> 
     </span>
    </p>
   </div>
   <div class='ocr_carea' id='block_1_72' title="bbox 1826 3081 3408 3157">
    <p class='ocr_par' dir='ltr' id='par_1_72' title="bbox 1826 3081 3408 3157">
     <span class='ocr_line' id='line_1_72' title="bbox 1826 3081 3408 3157; baseline -0.006 -13"><span class='ocrx_word' id='word_1_522' title='bbox 1826 3086 2342 3157; x_wconf 88' lang='lat' dir='ltr'><strong>doctor,quomodo</strong></span> <span class='ocrx_word' id='word_1_523' title='bbox 2390 3084 2769 3140; x_wconf 69' lang='lat' dir='ltr'><strong>haereticorum</strong></span> <span class='ocrx_word' id='word_1_524' title='bbox 2835 3081 3225 3149; x_wconf 88' lang='lat' dir='ltr'><strong>blasphemiam</strong></span> <span class='ocrx_word' id='word_1_525' title='bbox 3283 3081 3408 3135; x_wconf 84' lang='lat' dir='ltr'><strong>red-</strong></span> 
     </span>
    </p>
   </div>
   <div class='ocr_carea' id='block_1_73' title="bbox 1822 3170 3405 3249">
    <p class='ocr_par' dir='ltr' id='par_1_73' title="bbox 1822 3170 3405 3249">
     <span class='ocr_line' id='line_1_73' title="bbox 1822 3170 3405 3249; baseline -0.007 -15"><span class='ocrx_word' id='word_1_526' title='bbox 1822 3191 2032 3249; x_wconf 84' lang='lat' dir='ltr'><strong>arguat,</strong></span> <span class='ocrx_word' id='word_1_527' title='bbox 2082 3180 2210 3232; x_wconf 91' lang='lat' dir='ltr'><strong>dum</strong></span> <span class='ocrx_word' id='word_1_528' title='bbox 2264 3192 2350 3242; x_wconf 85' lang='lat' dir='ltr'><strong>ea,</strong></span> <span class='ocrx_word' id='word_1_529' title='bbox 2388 3191 2507 3246; x_wconf 63' lang='lat' dir='ltr'><strong>qua:</strong></span> <span class='ocrx_word' id='word_1_530' title='bbox 2539 3174 2813 3229; x_wconf 88' lang='lat' dir='ltr'><strong>humiliter</strong></span> <span class='ocrx_word' id='word_1_531' title='bbox 2844 3183 2900 3227; x_wconf 89' lang='lat' dir='ltr'><strong>et</strong></span> <span class='ocrx_word' id='word_1_532' title='bbox 2931 3185 3171 3241; x_wconf 86' lang='lat' dir='ltr'><strong>congrue</strong></span> <span class='ocrx_word' id='word_1_533' title='bbox 3200 3186 3230 3224; x_wconf 90' lang='lat' dir='ltr'><strong>a</strong></span> <span class='ocrx_word' id='word_1_534' title='bbox 3259 3170 3405 3225; x_wconf 87' lang='lat' dir='ltr'><strong>servi</strong></span> 
     </span>
    </p>
   </div>
   <div class='ocr_carea' id='block_1_74' title="bbox 1823 3263 3408 3337">
    <p class='ocr_par' dir='ltr' id='par_1_74' title="bbox 1823 3263 3408 3337">
     <span class='ocr_line' id='line_1_74' title="bbox 1823 3263 3408 3337; baseline -0.006 -11"><span class='ocrx_word' id='word_1_535' title='bbox 1823 3273 1996 3326; x_wconf 85' lang='lat' dir='ltr'><strong>forma</strong></span> <span class='ocrx_word' id='word_1_536' title='bbox 2045 3270 2320 3337; x_wconf 87' lang='lat' dir='ltr'><strong>dicuntur,</strong></span> <span class='ocrx_word' id='word_1_537' title='bbox 2373 3269 2485 3324; x_wconf 92' lang='lat' dir='ltr'><strong>Deo</strong></span> <span class='ocrx_word' id='word_1_538' title='bbox 2526 3267 2705 3323; x_wconf 79' lang='lat' dir='ltr'><strong>Verbo</strong></span> <span class='ocrx_word' id='word_1_539' title='bbox 2752 3266 2936 3335; x_wconf 80' lang='lat' dir='ltr'><strong>aptat?</strong></span> <span class='ocrx_word' id='word_1_540' title='bbox 2980 3263 3062 3317; x_wconf 89' lang='lat' dir='ltr'><strong>llli</strong></span> <span class='ocrx_word' id='word_1_541' title='bbox 3109 3264 3254 3317; x_wconf 90' lang='lat' dir='ltr'><strong>enim</strong></span> <span class='ocrx_word' id='word_1_542' title='bbox 3305 3263 3408 3317; x_wconf 89' lang='lat' dir='ltr'><strong>hoc</strong></span> 
     </span>
    </p>
   </div>
   <div class='ocr_carea' id='block_1_75' title="bbox 1822 3356 3408 3429">
    <p class='ocr_par' dir='ltr' id='par_1_75' title="bbox 1822 3356 3408 3429">
     <span class='ocr_line' id='line_1_75' title="bbox 1822 3356 3408 3429; baseline -0.006 -11"><span class='ocrx_word' id='word_1_543' title='bbox 1822 3362 2111 3429; x_wconf 83' lang='lat' dir='ltr'><strong>facientes,</strong></span> <span class='ocrx_word' id='word_1_544' title='bbox 2142 3363 2435 3428; x_wconf 84' lang='lat' dir='ltr'><strong>minorem,</strong></span> <span class='ocrx_word' id='word_1_545' title='bbox 2470 3369 2524 3417; x_wconf 91' lang='lat' dir='ltr'><strong>et</strong></span> <span class='ocrx_word' id='word_1_546' title='bbox 2553 3370 2887 3423; x_wconf 89' lang='lat' dir='ltr'><strong>creaturam,</strong></span> <span class='ocrx_word' id='word_1_547' title='bbox 2926 3369 2980 3411; x_wconf 89' lang='lat' dir='ltr'><strong>et</strong></span> <span class='ocrx_word' id='word_1_548' title='bbox 3013 3356 3311 3418; x_wconf 82' lang='lat' dir='ltr'><strong>facturam,</strong></span> <span class='ocrx_word' id='word_1_549' title='bbox 3350 3360 3408 3408; x_wconf 78' lang='lat' dir='ltr'><strong>et</strong></span> 
     </span>
    </p>
   </div>
   <div class='ocr_carea' id='block_1_76' title="bbox 1821 3448 3407 3518">
    <p class='ocr_par' dir='ltr' id='par_1_76' title="bbox 1821 3448 3407 3518">
     <span class='ocr_line' id='line_1_76' title="bbox 1821 3448 3407 3518; baseline -0.006 -9"><span class='ocrx_word' id='word_1_550' title='bbox 1821 3469 2062 3518; x_wconf 86' lang='lat' dir='ltr'><strong>servum,</strong></span> <span class='ocrx_word' id='word_1_551' title='bbox 2114 3463 2171 3509; x_wconf 89' lang='lat' dir='ltr'><strong>et</strong></span> <span class='ocrx_word' id='word_1_552' title='bbox 2220 3467 2289 3507; x_wconf 84' lang='lat' dir='ltr'><strong>ex</strong></span> <span class='ocrx_word' id='word_1_553' title='bbox 2338 3467 2446 3508; x_wconf 90' lang='lat' dir='ltr'><strong>non</strong></span> <span class='ocrx_word' id='word_1_554' title='bbox 2501 3452 2847 3507; x_wconf 79' lang='lat' dir='ltr'><strong>exstantibus</strong></span> <span class='ocrx_word' id='word_1_555' title='bbox 2900 3450 3097 3507; x_wconf 86' lang='lat' dir='ltr'><strong>Filium</strong></span> <span class='ocrx_word' id='word_1_556' title='bbox 3147 3448 3238 3501; x_wconf 90' lang='lat' dir='ltr'><strong>Dei</strong></span> <span class='ocrx_word' id='word_1_557' title='bbox 3284 3459 3407 3501; x_wconf 85' lang='lat' dir='ltr'><strong>esse</strong></span> 
     </span>
    </p>
   </div>
   <div class='ocr_carea' id='block_1_77' title="bbox 1820 3534 3408 3611">
    <p class='ocr_par' dir='ltr' id='par_1_77' title="bbox 1820 3534 3408 3611">
     <span class='ocr_line' id='line_1_77' title="bbox 1820 3534 3408 3611; baseline -0.005 -16"><span class='ocrx_word' id='word_1_558' title='bbox 1820 3550 2084 3597; x_wconf 89' lang='lat' dir='ltr'><strong>statuunt.</strong></span> <span class='ocrx_word' id='word_1_559' title='bbox 2119 3538 2222 3596; x_wconf 86' lang='lat' dir='ltr'><strong>Cui</strong></span> <span class='ocrx_word' id='word_1_560' title='bbox 2251 3540 2416 3611; x_wconf 89' lang='lat' dir='ltr'><strong>igitur</strong></span> <span class='ocrx_word' id='word_1_561' title='bbox 2447 3553 2572 3606; x_wconf 83' lang='lat' dir='ltr'><strong>nos,</strong></span> <span class='ocrx_word' id='word_1_562' title='bbox 2604 3540 2696 3608; x_wconf 92' lang='lat' dir='ltr'><strong>qui</strong></span> <span class='ocrx_word' id='word_1_563' title='bbox 2727 3539 2944 3593; x_wconf 87' lang='lat' dir='ltr'><strong>diversa</strong></span> <span class='ocrx_word' id='word_1_564' title='bbox 2969 3550 3134 3605; x_wconf 84' lang='lat' dir='ltr'><strong>quam</strong></span> <span class='ocrx_word' id='word_1_565' title='bbox 3167 3534 3244 3588; x_wconf 90' lang='lat' dir='ltr'><strong>illi</strong></span> <span class='ocrx_word' id='word_1_566' title='bbox 3280 3548 3408 3588; x_wconf 88' lang='lat' dir='ltr'><strong>sen-</strong></span> 
     </span>
    </p>
   </div>
   <div class='ocr_carea' id='block_1_78' title="bbox 1820 3624 3406 3696">
    <p class='ocr_par' dir='ltr' id='par_1_78' title="bbox 1820 3624 3406 3696">
     <span class='ocr_line' id='line_1_78' title="bbox 1820 3624 3406 3696; baseline -0.004 -10"><span class='ocrx_word' id='word_1_567' title='bbox 1820 3631 2005 3696; x_wconf 88' lang='lat' dir='ltr'><strong>timus,</strong></span> <span class='ocrx_word' id='word_1_568' title='bbox 2033 3639 2089 3685; x_wconf 91' lang='lat' dir='ltr'><strong>et</strong></span> <span class='ocrx_word' id='word_1_569' title='bbox 2116 3629 2642 3687; x_wconf 83' lang='lat' dir='ltr'><strong>consubstantialem</strong></span> <span class='ocrx_word' id='word_1_570' title='bbox 2685 3643 2808 3683; x_wconf 86' lang='lat' dir='ltr'><strong>esse</strong></span> <span class='ocrx_word' id='word_1_571' title='bbox 2838 3637 2893 3681; x_wconf 90' lang='lat' dir='ltr'><strong>et</strong></span> <span class='ocrx_word' id='word_1_572' title='bbox 2927 3635 3259 3681; x_wconf 84' lang='lat' dir='ltr'><strong>coaeternum</strong></span> <span class='ocrx_word' id='word_1_573' title='bbox 3294 3624 3406 3679; x_wconf 83' lang='lat' dir='ltr'><strong>Deo</strong></span> 
     </span>
    </p>
   </div>
   <div class='ocr_carea' id='block_1_79' title="bbox 1820 3713 3399 3787">
    <p class='ocr_par' dir='ltr' id='par_1_79' title="bbox 1820 3713 3399 3787">
     <span class='ocr_line' id='line_1_79' title="bbox 1820 3713 3399 3787; baseline -0.008 -9"><span class='ocrx_word' id='word_1_574' title='bbox 1820 3731 1874 3778; x_wconf 89' lang='lat' dir='ltr'><strong>et</strong></span> <span class='ocrx_word' id='word_1_575' title='bbox 1903 3721 2049 3777; x_wconf 82' lang='lat' dir='ltr'><strong>Patri</strong></span> <span class='ocrx_word' id='word_1_576' title='bbox 2093 3721 2289 3777; x_wconf 84' lang='lat' dir='ltr'><strong>Filium</strong></span> <span class='ocrx_word' id='word_1_577' title='bbox 2330 3721 2690 3783; x_wconf 82' lang='lat' dir='ltr'><strong>confitemur,</strong></span> <span class='ocrx_word' id='word_1_578' title='bbox 2741 3717 3098 3787; x_wconf 81' lang='lat' dir='ltr'><strong>opiﬁcemque</strong></span> <span class='ocrx_word' id='word_1_579' title='bbox 3134 3713 3399 3776; x_wconf 86' lang='lat' dir='ltr'><strong>omnium,</strong></span> 
     </span>
    </p>
   </div>
   <div class='ocr_carea' id='block_1_80' title="bbox 1820 3809 3405 3879">
    <p class='ocr_par' dir='ltr' id='par_1_80' title="bbox 1820 3809 3405 3879">
     <span class='ocr_line' id='line_1_80' title="bbox 1820 3809 3405 3879; baseline -0.007 -11"><span class='ocrx_word' id='word_1_580' title='bbox 1820 3820 1877 3868; x_wconf 90' lang='lat' dir='ltr'><strong>et</strong></span> <span class='ocrx_word' id='word_1_581' title='bbox 1926 3812 2213 3879; x_wconf 83' lang='lat' dir='ltr'><strong>factorem,</strong></span> <span class='ocrx_word' id='word_1_582' title='bbox 2265 3821 2320 3867; x_wconf 90' lang='lat' dir='ltr'><strong>et</strong></span> <span class='ocrx_word' id='word_1_583' title='bbox 2362 3819 2698 3873; x_wconf 87' lang='lat' dir='ltr'><strong>ornatorem,</strong></span> <span class='ocrx_word' id='word_1_584' title='bbox 2742 3819 2800 3861; x_wconf 92' lang='lat' dir='ltr'><strong>et</strong></span> <span class='ocrx_word' id='word_1_585' title='bbox 2846 3809 3293 3876; x_wconf 87' lang='lat' dir='ltr'><strong>gubernatorem,</strong></span> <span class='ocrx_word' id='word_1_586' title='bbox 3346 3810 3405 3858; x_wconf 80' lang='lat' dir='ltr'><strong>et</strong></span> 
     </span>
    </p>
   </div>
   <div class='ocr_carea' id='block_1_81' title="bbox 1820 3899 3401 3965">
    <p class='ocr_par' dir='ltr' id='par_1_81' title="bbox 1820 3899 3401 3965">
     <span class='ocr_line' id='line_1_81' title="bbox 1820 3899 3401 3965; baseline -0.006 -6"><span class='ocrx_word' id='word_1_587' title='bbox 1820 3903 2346 3965; x_wconf 84' lang='lat' dir='ltr'><strong>administratorem,</strong></span> <span class='ocrx_word' id='word_1_588' title='bbox 2382 3909 2438 3956; x_wconf 89' lang='lat' dir='ltr'><strong>et</strong></span> <span class='ocrx_word' id='word_1_589' title='bbox 2472 3900 2527 3953; x_wconf 92' lang='lat' dir='ltr'><strong>in</strong></span> <span class='ocrx_word' id='word_1_590' title='bbox 2558 3899 2813 3953; x_wconf 86' lang='lat' dir='ltr'><strong>omnibus</strong></span> <span class='ocrx_word' id='word_1_591' title='bbox 2855 3899 3159 3964; x_wconf 88' lang='lat' dir='ltr'><strong>sapientem</strong></span> <span class='ocrx_word' id='word_1_592' title='bbox 3192 3906 3249 3950; x_wconf 84' lang='lat' dir='ltr'><strong>et</strong></span> <span class='ocrx_word' id='word_1_593' title='bbox 3279 3911 3401 3950; x_wconf 88' lang='lat' dir='ltr'><strong>om-</strong></span> 
     </span>
    </p>
   </div>
   <div class='ocr_carea' id='block_1_82' title="bbox 1820 3987 3401 4063">
    <p class='ocr_par' dir='ltr' id='par_1_82' title="bbox 1820 3987 3401 4063">
     <span class='ocr_line' id='line_1_82' title="bbox 1820 3987 3401 4063; baseline -0.006 -14"><span class='ocrx_word' id='word_1_594' title='bbox 1820 3994 2173 4063; x_wconf 84' lang='lat' dir='ltr'><strong>nipotentem,</strong></span> <span class='ocrx_word' id='word_1_595' title='bbox 2211 3992 2372 4061; x_wconf 72' lang='lat'><strong>215</strong></span> <span class='ocrx_word' id='word_1_596' title='bbox 2402 3992 2510 4045; x_wconf 92' lang='lat' dir='ltr'><strong>imo</strong></span> <span class='ocrx_word' id='word_1_597' title='bbox 2544 3993 2715 4059; x_wconf 86' lang='lat' dir='ltr'><strong>ipsam</strong></span> <span class='ocrx_word' id='word_1_598' title='bbox 2758 3990 3084 4057; x_wconf 86' lang='lat' dir='ltr'><strong>potentiam,</strong></span> <span class='ocrx_word' id='word_1_599' title='bbox 3128 3997 3185 4041; x_wconf 90' lang='lat' dir='ltr'><strong>et</strong></span> <span class='ocrx_word' id='word_1_600' title='bbox 3225 3987 3401 4056; x_wconf 81' lang='lat' dir='ltr'><strong>ipsam</strong></span> 
     </span>
    </p>
   </div>
   <div class='ocr_carea' id='block_1_83' title="bbox 1821 4078 3399 4152">
    <p class='ocr_par' dir='ltr' id='par_1_83' title="bbox 1821 4078 3399 4152">
     <span class='ocr_line' id='line_1_83' title="bbox 1821 4078 3399 4152; baseline -0.004 -15"><span class='ocrx_word' id='word_1_601' title='bbox 1821 4087 2008 4152; x_wconf 87' lang='lat' dir='ltr'><strong>vitam,</strong></span> <span class='ocrx_word' id='word_1_602' title='bbox 2049 4095 2104 4141; x_wconf 87' lang='lat' dir='ltr'><strong>et</strong></span> <span class='ocrx_word' id='word_1_603' title='bbox 2152 4086 2323 4152; x_wconf 86' lang='lat' dir='ltr'><strong>ipsam</strong></span> <span class='ocrx_word' id='word_1_604' title='bbox 2356 4082 2679 4150; x_wconf 86' lang='lat' dir='ltr'><strong>sapientiam</strong></span> <span class='ocrx_word' id='word_1_605' title='bbox 2721 4094 2841 4134; x_wconf 87' lang='lat' dir='ltr'><strong>esse</strong></span> <span class='ocrx_word' id='word_1_606' title='bbox 2881 4078 3238 4145; x_wconf 76' lang='lat' dir='ltr'><strong>aﬂirmatuus,</strong></span> <span class='ocrx_word' id='word_1_607' title='bbox 3288 4079 3399 4139; x_wconf 90' lang='lat' dir='ltr'><strong>cui,</strong></span> 
     </span>
    </p>
   </div>
   <div class='ocr_carea' id='block_1_84' title="bbox 1820 4167 3403 4244">
    <p class='ocr_par' dir='ltr' id='par_1_84' title="bbox 1820 4167 3403 4244">
     <span class='ocr_line' id='line_1_84' title="bbox 1820 4167 3403 4244; baseline -0.004 -15"><span class='ocrx_word' id='word_1_608' title='bbox 1820 4175 2078 4244; x_wconf 87' lang='lat' dir='ltr'><strong>inquam,</strong></span> <span class='ocrx_word' id='word_1_609' title='bbox 2124 4175 2489 4228; x_wconf 88' lang='lat' dir='ltr'><strong>attribuemus</strong></span> <span class='ocrx_word' id='word_1_610' title='bbox 2536 4170 2666 4224; x_wconf 91' lang='lat' dir='ltr'><strong>illud</strong></span> <span class='ocrx_word' id='word_1_611' title='bbox 2721 4187 2735 4223; x_wconf 87' lang='lat'><strong>:</strong></span> <span class='ocrx_word' id='word_1_612' title='bbox 2774 4187 2793 4220; x_wconf 75' lang='grc' dir='ltr'><strong>ι</strong></span> <span class='ocrx_word' id='word_1_613' title='bbox 2829 4170 2969 4223; x_wconf 88' lang='lat' dir='ltr'><strong>Deus</strong></span> <span class='ocrx_word' id='word_1_614' title='bbox 3018 4182 3200 4233; x_wconf 90' lang='lat' dir='ltr'><strong>meus,</strong></span> <span class='ocrx_word' id='word_1_615' title='bbox 3257 4167 3403 4223; x_wconf 85' lang='lat' dir='ltr'><strong>Deus</strong></span> 
     </span>
    </p>
   </div>
   <div class='ocr_carea' id='block_1_85' title="bbox 1821 4258 3402 4335">
    <p class='ocr_par' dir='ltr' id='par_1_85' title="bbox 1821 4258 3402 4335">
     <span class='ocr_line' id='line_1_85' title="bbox 1821 4258 3402 4335; baseline -0.006 -14"><span class='ocrx_word' id='word_1_616' title='bbox 1821 4282 1993 4331; x_wconf 85' lang='lat' dir='ltr'><strong>meus,</strong></span> <span class='ocrx_word' id='word_1_617' title='bbox 2043 4267 2231 4335; x_wconf 87' lang='lat' dir='ltr'><strong>utquid</strong></span> <span class='ocrx_word' id='word_1_618' title='bbox 2296 4280 2383 4319; x_wconf 91' lang='lat' dir='ltr'><strong>me</strong></span> <span class='ocrx_word' id='word_1_619' title='bbox 2420 4262 2759 4330; x_wconf 82' lang='lat' dir='ltr'><strong>dereliquisti</strong></span> <span class='ocrx_word' id='word_1_620' title='bbox 2780 4260 2868 4314; x_wconf 64' lang='grc' dir='ltr'><strong>’νε</strong></span> <span class='ocrx_word' id='word_1_621' title='bbox 2898 4280 2916 4312; x_wconf 72' lang='grc' dir='ltr'><strong>ι</strong></span> <span class='ocrx_word' id='word_1_622' title='bbox 2956 4270 3012 4313; x_wconf 90' lang='lat' dir='ltr'><strong>et</strong></span> <span class='ocrx_word' id='word_1_623' title='bbox 3042 4260 3169 4313; x_wconf 87' lang='lat' dir='ltr'><strong>illud</strong></span> <span class='ocrx_word' id='word_1_624' title='bbox 3202 4278 3215 4313; x_wconf 91' lang='lat'><strong>:</strong></span> <span class='ocrx_word' id='word_1_625' title='bbox 3248 4278 3267 4311; x_wconf 77' lang='grc' dir='ltr'><strong>ι</strong></span> <span class='ocrx_word' id='word_1_626' title='bbox 3297 4258 3402 4312; x_wconf 84' lang='lat' dir='ltr'><strong>Pa-</strong></span> 
     </span>
    </p>
   </div>
   <div class='ocr_carea' id='block_1_86' title="bbox 1822 4349 3393 4425">
    <p class='ocr_par' dir='ltr' id='par_1_86' title="bbox 1822 4349 3393 4425">
     <span class='ocr_line' id='line_1_86' title="bbox 1822 4349 3393 4425; baseline -0.005 -16"><span class='ocrx_word' id='word_1_627' title='bbox 1822 4366 1922 4421; x_wconf 86' lang='lat' dir='ltr'><strong>ter,</strong></span> <span class='ocrx_word' id='word_1_628' title='bbox 1970 4359 2013 4413; x_wconf 89' lang='lat' dir='ltr'><strong>si</strong></span> <span class='ocrx_word' id='word_1_629' title='bbox 2048 4356 2305 4425; x_wconf 86' lang='lat' dir='ltr'><strong>possibile</strong></span> <span class='ocrx_word' id='word_1_630' title='bbox 2337 4362 2439 4418; x_wconf 89' lang='lat' dir='ltr'><strong>est,</strong></span> <span class='ocrx_word' id='word_1_631' title='bbox 2478 4362 2717 4407; x_wconf 87' lang='lat' dir='ltr'><strong>transeat</strong></span> <span class='ocrx_word' id='word_1_632' title='bbox 2748 4366 2779 4404; x_wconf 92' lang='lat' dir='ltr'><strong>a</strong></span> <span class='ocrx_word' id='word_1_633' title='bbox 2826 4365 2912 4404; x_wconf 92' lang='lat' dir='ltr'><strong>me</strong></span> <span class='ocrx_word' id='word_1_634' title='bbox 2960 4350 3099 4403; x_wconf 77' lang='lat' dir='ltr'><strong>calix</strong></span> <span class='ocrx_word' id='word_1_635' title='bbox 3136 4349 3337 4411; x_wconf 74' lang='lat' dir='ltr'><strong>iste&quot;;</strong></span> <span class='ocrx_word' id='word_1_636' title='bbox 3371 4366 3393 4401; x_wconf 73' lang='grc' dir='ltr'>ι)</span> 
     </span>
    </p>
   </div>
   <div class='ocr_carea' id='block_1_87' title="bbox 132 4439 1717 4516">
    <p class='ocr_par' dir='ltr' id='par_1_87' title="bbox 132 4444 1713 4516">
     <span class='ocr_line' id='line_1_87' title="bbox 132 4444 1713 4516; baseline 0.008 -21"><span class='ocrx_word' id='word_1_637' title='bbox 132 4462 150 4495; x_wconf 78' lang='grc' dir='ltr'><strong>ι</strong></span> <span class='ocrx_word' id='word_1_638' title='bbox 181 4445 295 4516; x_wconf 81' lang='grc' dir='ltr'>Τὴν</span> <span class='ocrx_word' id='word_1_639' title='bbox 328 4444 489 4515; x_wconf 85' lang='grc' dir='ltr'>ὥραν</span> <span class='ocrx_word' id='word_1_640' title='bbox 534 4446 756 4515; x_wconf 76' lang='grc' dir='ltr'>ἐκείνην</span> <span class='ocrx_word' id='word_1_641' title='bbox 788 4447 965 4508; x_wconf 79' lang='grc' dir='ltr'>οὐδεὶς</span> <span class='ocrx_word' id='word_1_642' title='bbox 1010 4446 1171 4513; x_wconf 83' lang='grc' dir='ltr'>οἶδεν,</span> <span class='ocrx_word' id='word_1_643' title='bbox 1206 4452 1327 4503; x_wconf 83' lang='grc' dir='ltr'>οὐδὲ</span> <span class='ocrx_word' id='word_1_644' title='bbox 1378 4456 1405 4505; x_wconf 87' lang='grc' dir='ltr'>ὁ</span> <span class='ocrx_word' id='word_1_645' title='bbox 1454 4454 1580 4515; x_wconf 80' lang='grc' dir='ltr'>Υἱὸς</span> <span class='ocrx_word' id='word_1_646' title='bbox 1620 4454 1713 4507; x_wconf 91' lang='grc' dir='ltr'><strong>τοῦ</strong></span> 
     </span>
    </p>
   </div>
   <div class='ocr_carea' id='block_1_88' title="bbox 1822 4439 3395 4516">
    <p class='ocr_par' dir='ltr' id='par_1_88' title="bbox 1822 4439 3395 4512">
     <span class='ocr_line' id='line_1_88' title="bbox 1822 4439 3395 4512; baseline -0.008 -7"><span class='ocrx_word' id='word_1_647' title='bbox 1822 4460 1913 4505; x_wconf 89' lang='lat' dir='ltr'><strong>et:</strong></span> <span class='ocrx_word' id='word_1_648' title='bbox 1952 4468 1969 4499; x_wconf 74' lang='grc' dir='ltr'><strong>ε</strong></span> <span class='ocrx_word' id='word_1_649' title='bbox 2000 4448 2183 4512; x_wconf 84' lang='lat' dir='ltr'><strong>Pater,</strong></span> <span class='ocrx_word' id='word_1_650' title='bbox 2211 4448 2359 4502; x_wconf 87' lang='lat' dir='ltr'><strong>salva</strong></span> <span class='ocrx_word' id='word_1_651' title='bbox 2404 4460 2488 4500; x_wconf 90' lang='lat' dir='ltr'><strong>me</strong></span> <span class='ocrx_word' id='word_1_652' title='bbox 2532 4460 2597 4499; x_wconf 82' lang='lat' dir='ltr'><strong>ex</strong></span> <span class='ocrx_word' id='word_1_653' title='bbox 2652 4446 2755 4498; x_wconf 87' lang='lat' dir='ltr'><strong>bac</strong></span> <span class='ocrx_word' id='word_1_654' title='bbox 2799 4443 2928 4497; x_wconf 91' lang='lat' dir='ltr'><strong>hora</strong></span> <span class='ocrx_word' id='word_1_655' title='bbox 2948 4441 3034 4505; x_wconf 60' lang='lat'><strong>‘5;</strong></span> <span class='ocrx_word' id='word_1_656' title='bbox 3070 4459 3088 4491; x_wconf 74' lang='grc' dir='ltr'><strong>ι</strong></span> <span class='ocrx_word' id='word_1_657' title='bbox 3129 4450 3185 4494; x_wconf 86' lang='lat' dir='ltr'><strong>et</strong></span> <span class='ocrx_word' id='word_1_658' title='bbox 3220 4439 3395 4493; x_wconf 90' lang='lat' dir='ltr'><strong>illud:</strong></span> 
     </span>
    </p>
   </div>
   <div class='ocr_carea' id='block_1_89' title="bbox 127 4534 1706 4610">
    <p class='ocr_par' dir='ltr' id='par_1_89' title="bbox 127 4534 1706 4610">
     <span class='ocr_line' id='line_1_89' title="bbox 127 4534 1706 4610; baseline 0.007 -23"><span class='ocrx_word' id='word_1_659' title='bbox 127 4534 450 4606; x_wconf 75' lang='grc' dir='ltr'>ἁνθρώτωυο</span> <span class='ocrx_word' id='word_1_660' title='bbox 490 4554 509 4588; x_wconf 70' lang='grc' dir='ltr'><strong>ι</strong></span> <span class='ocrx_word' id='word_1_661' title='bbox 542 4536 636 4589; x_wconf 80' lang='grc' dir='ltr'><strong>καί</strong></span> <span class='ocrx_word' id='word_1_662' title='bbox 668 4536 736 4589; x_wconf 82' lang='grc' dir='ltr'>τὰ</span> <span class='ocrx_word' id='word_1_663' title='bbox 772 4537 926 4603; x_wconf 81' lang='grc' dir='ltr'>ἄλλα,</span> <span class='ocrx_word' id='word_1_664' title='bbox 957 4539 1057 4591; x_wconf 88' lang='grc' dir='ltr'><strong>ὃσα</strong></span> <span class='ocrx_word' id='word_1_665' title='bbox 1091 4542 1364 4604; x_wconf 86' lang='grc' dir='ltr'>ταπεινῶς</span> <span class='ocrx_word' id='word_1_666' title='bbox 1392 4542 1483 4594; x_wconf 83' lang='grc' dir='ltr'>ὑπ’</span> <span class='ocrx_word' id='word_1_667' title='bbox 1512 4544 1706 4610; x_wconf 83' lang='grc' dir='ltr'>αὐτοῦ,</span> 
     </span>
    </p>
   </div>
   <div class='ocr_carea' id='block_1_90' title="bbox 129 4624 1710 4703">
    <p class='ocr_par' dir='ltr' id='par_1_90' title="bbox 129 4624 1710 4703">
     <span class='ocr_line' id='line_1_90' title="bbox 129 4624 1710 4703; baseline 0.007 -27"><span class='ocrx_word' id='word_1_668' title='bbox 129 4624 217 4677; x_wconf 81' lang='grc' dir='ltr'>καὶ</span> <span class='ocrx_word' id='word_1_669' title='bbox 264 4625 375 4677; x_wconf 78' lang='grc' dir='ltr'>ὑπὸ</span> <span class='ocrx_word' id='word_1_670' title='bbox 423 4624 533 4677; x_wconf 89' lang='grc' dir='ltr'><strong>τῶν</strong></span> <span class='ocrx_word' id='word_1_671' title='bbox 564 4625 727 4692; x_wconf 76' lang='grc' dir='ltr'>ἱερῶν</span> <span class='ocrx_word' id='word_1_672' title='bbox 760 4627 1072 4681; x_wconf 81' lang='grc' dir='ltr'>ἀποστόλων</span> <span class='ocrx_word' id='word_1_673' title='bbox 1112 4630 1243 4698; x_wconf 77' lang='grc' dir='ltr'>περὶ</span> <span class='ocrx_word' id='word_1_674' title='bbox 1275 4630 1439 4683; x_wconf 74' lang='grc' dir='ltr'>αὐτοῦ</span> <span class='ocrx_word' id='word_1_675' title='bbox 1496 4634 1710 4703; x_wconf 72' lang='grc' dir='ltr'>εἴρηται</span> 
     </span>
    </p>
   </div>
   <div class='ocr_carea' id='block_1_91' title="bbox 129 4716 1710 4793">
    <p class='ocr_par' dir='ltr' id='par_1_91' title="bbox 129 4716 1710 4793">
     <span class='ocr_line' id='line_1_91' title="bbox 129 4716 1710 4793; baseline 0.008 -27"><span class='ocrx_word' id='word_1_676' title='bbox 129 4716 218 4767; x_wconf 79' lang='grc' dir='ltr'>καὶ</span> <span class='ocrx_word' id='word_1_677' title='bbox 239 4716 593 4784; x_wconf 77' lang='grc' dir='ltr'>γέγραπταις</span> <span class='ocrx_word' id='word_1_678' title='bbox 631 4716 747 4768; x_wconf 91' lang='grc' dir='ltr'>Τίνι</span> <span class='ocrx_word' id='word_1_679' title='bbox 771 4717 870 4787; x_wconf 85' lang='grc' dir='ltr'><strong>τὴν</strong></span> <span class='ocrx_word' id='word_1_680' title='bbox 897 4722 1088 4773; x_wconf 88' lang='grc' dir='ltr'>πεῖναν</span> <span class='ocrx_word' id='word_1_681' title='bbox 1119 4722 1214 4773; x_wconf 80' lang='grc' dir='ltr'><strong>καὶ</strong></span> <span class='ocrx_word' id='word_1_682' title='bbox 1238 4722 1335 4791; x_wconf 82' lang='grc' dir='ltr'><strong>τὴν</strong></span> <span class='ocrx_word' id='word_1_683' title='bbox 1356 4722 1516 4791; x_wconf 73' lang='grc' dir='ltr'>δίψαν</span> <span class='ocrx_word' id='word_1_684' title='bbox 1542 4742 1710 4793; x_wconf 82' lang='grc' dir='ltr'>προσ-</span> 
     </span>
    </p>
   </div>
   <div class='ocr_carea' id='block_1_92' title="bbox 131 4805 1708 4882">
    <p class='ocr_par' dir='ltr' id='par_1_92' title="bbox 131 4805 1708 4882">
     <span class='ocr_line' id='line_1_92' title="bbox 131 4805 1708 4882; baseline 0.004 -23"><span class='ocrx_word' id='word_1_685' title='bbox 131 4805 375 4877; x_wconf 47' lang='lat' dir='ltr'><strong>ﬂoruit;</strong></span> <span class='ocrx_word' id='word_1_686' title='bbox 432 4808 541 4859; x_wconf 91' lang='grc' dir='ltr'>τίνι</span> <span class='ocrx_word' id='word_1_687' title='bbox 582 4807 675 4859; x_wconf 82' lang='grc' dir='ltr'><strong>τὸν</strong></span> <span class='ocrx_word' id='word_1_688' title='bbox 720 4808 888 4863; x_wconf 87' lang='grc' dir='ltr'>κόπον</span> <span class='ocrx_word' id='word_1_689' title='bbox 935 4810 1029 4862; x_wconf 79' lang='grc' dir='ltr'><strong>καὶ</strong></span> <span class='ocrx_word' id='word_1_690' title='bbox 1068 4810 1158 4863; x_wconf 82' lang='grc' dir='ltr'><strong>τὸν</strong></span> <span class='ocrx_word' id='word_1_691' title='bbox 1194 4809 1392 4874; x_wconf 75' lang='grc' dir='ltr'>ὖπνονς</span> <span class='ocrx_word' id='word_1_692' title='bbox 1444 4813 1549 4865; x_wconf 86' lang='grc' dir='ltr'>τίνι</span> <span class='ocrx_word' id='word_1_693' title='bbox 1608 4815 1708 4882; x_wconf 81' lang='grc' dir='ltr'><strong>τὴν</strong></span> 
     </span>
    </p>
   </div>
   <div class='ocr_carea' id='block_1_93' title="bbox 129 4897 1707 4972">
    <p class='ocr_par' dir='ltr' id='par_1_93' title="bbox 129 4897 1707 4972">
     <span class='ocr_line' id='line_1_93' title="bbox 129 4897 1707 4972; baseline 0.003 -22"><span class='ocrx_word' id='word_1_694' title='bbox 129 4898 346 4964; x_wconf 72' lang='grc' dir='ltr'>ἄγνοιαν</span> <span class='ocrx_word' id='word_1_695' title='bbox 380 4900 481 4949; x_wconf 74' lang='grc' dir='ltr'>καὶ</span> <span class='ocrx_word' id='word_1_696' title='bbox 521 4897 619 4967; x_wconf 82' lang='grc' dir='ltr'>τὴν</span> <span class='ocrx_word' id='word_1_697' title='bbox 664 4898 900 4963; x_wconf 86' lang='grc' dir='ltr'>δειλίαν;</span> <span class='ocrx_word' id='word_1_698' title='bbox 929 4900 1025 4962; x_wconf 89' lang='grc' dir='ltr'>Τίς</span> <span class='ocrx_word' id='word_1_699' title='bbox 1053 4901 1081 4952; x_wconf 87' lang='grc' dir='ltr'><strong>ὁ</strong></span> <span class='ocrx_word' id='word_1_700' title='bbox 1114 4901 1211 4969; x_wconf 85' lang='grc' dir='ltr'><strong>τῆς</strong></span> <span class='ocrx_word' id='word_1_701' title='bbox 1242 4902 1540 4972; x_wconf 84' lang='grc' dir='ltr'>ἀγγελικῆς</span> <span class='ocrx_word' id='word_1_702' title='bbox 1591 4903 1707 4972; x_wconf 87' lang='grc' dir='ltr'>δεη-</span> 
     </span>
    </p>
   </div>
   <div class='ocr_carea' id='block_1_94' title="bbox 130 4986 1708 5065">
    <p class='ocr_par' dir='ltr' id='par_1_94' title="bbox 130 4986 1708 5065">
     <span class='ocr_line' id='line_1_94' title="bbox 130 4986 1708 5065; baseline 0.004 -26"><span class='ocrx_word' id='word_1_703' title='bbox 130 4986 236 5052; x_wconf 75' lang='grc' dir='ltr'>θεὶς</span> <span class='ocrx_word' id='word_1_704' title='bbox 286 4988 653 5065; x_wconf 70' lang='grc' dir='ltr'>συμμαχίαςς</span> <span class='ocrx_word' id='word_1_705' title='bbox 697 4990 758 5041; x_wconf 83' lang='lat' dir='ltr'><strong>Ei</strong></span> <span class='ocrx_word' id='word_1_706' title='bbox 805 4989 897 5042; x_wconf 90' lang='grc' dir='ltr'><strong>τοῦ</strong></span> <span class='ocrx_word' id='word_1_707' title='bbox 944 4991 1078 5044; x_wconf 86' lang='grc' dir='ltr'>Θεοῦ</span> <span class='ocrx_word' id='word_1_708' title='bbox 1126 4992 1303 5061; x_wconf 87' lang='grc' dir='ltr'>Λόγου</span> <span class='ocrx_word' id='word_1_709' title='bbox 1334 4992 1541 5059; x_wconf 89' lang='grc' dir='ltr'>ταῦτα,</span> <span class='ocrx_word' id='word_1_710' title='bbox 1590 4994 1708 5057; x_wconf 89' lang='grc' dir='ltr'><strong>πῶς</strong></span> 
     </span>
    </p>
   </div>
   <div class='ocr_carea' id='block_1_95' title="bbox 129 5079 1704 5155">
    <p class='ocr_par' dir='ltr' id='par_1_95' title="bbox 129 5079 1704 5155">
     <span class='ocr_line' id='line_1_95' title="bbox 129 5079 1704 5155; baseline 0.004 -23"><span class='ocrx_word' id='word_1_711' title='bbox 129 5079 397 5152; x_wconf 64' lang='grc' dir='ltr'>ἠγνόησεν</span> <span class='ocrx_word' id='word_1_712' title='bbox 427 5083 459 5151; x_wconf 86' lang='grc' dir='ltr'><strong>ή</strong></span> <span class='ocrx_word' id='word_1_713' title='bbox 485 5081 686 5149; x_wconf 76' lang='grc' dir='ltr'>σοφίας</span> <span class='ocrx_word' id='word_1_714' title='bbox 718 5082 841 5144; x_wconf 90' lang='grc' dir='ltr'><strong>Πῶς</strong></span> <span class='ocrx_word' id='word_1_715' title='bbox 870 5082 915 5134; x_wconf 85' lang='grc' dir='ltr'>δ’</span> <span class='ocrx_word' id='word_1_716' title='bbox 941 5083 1007 5137; x_wconf 81' lang='grc' dir='ltr'><strong>ἂν</strong></span> <span class='ocrx_word' id='word_1_717' title='bbox 1036 5084 1260 5153; x_wconf 85' lang='grc' dir='ltr'>κληθείη</span> <span class='ocrx_word' id='word_1_718' title='bbox 1288 5085 1448 5152; x_wconf 86' lang='grc' dir='ltr'>σοφία</span> <span class='ocrx_word' id='word_1_719' title='bbox 1471 5087 1503 5152; x_wconf 82' lang='grc' dir='ltr'>ἡ</span> <span class='ocrx_word' id='word_1_720' title='bbox 1526 5085 1586 5136; x_wconf 85' lang='grc' dir='ltr'><strong>τὸ</strong></span> <span class='ocrx_word' id='word_1_721' title='bbox 1606 5086 1704 5155; x_wconf 84' lang='grc' dir='ltr'><strong>τῆς</strong></span> 
     </span>
    </p>
   </div>
   <div class='ocr_carea' id='block_1_96' title="bbox 130 5171 1699 5245">
    <p class='ocr_par' dir='ltr' id='par_1_96' title="bbox 130 5171 1699 5245">
     <span class='ocr_line' id='line_1_96' title="bbox 130 5171 1699 5245; baseline 0.003 -23"><span class='ocrx_word' id='word_1_722' title='bbox 130 5171 344 5237; x_wconf 77' lang='grc' dir='ltr'>ἀγνοίας</span> <span class='ocrx_word' id='word_1_723' title='bbox 378 5172 584 5243; x_wconf 75' lang='grc' dir='ltr'>ἔχουσα</span> <span class='ocrx_word' id='word_1_724' title='bbox 617 5173 819 5238; x_wconf 77' lang='grc' dir='ltr'>πάθοςς</span> <span class='ocrx_word' id='word_1_725' title='bbox 860 5175 982 5238; x_wconf 90' lang='grc' dir='ltr'><strong>Πῶς</strong></span> <span class='ocrx_word' id='word_1_726' title='bbox 1007 5175 1051 5227; x_wconf 90' lang='grc' dir='ltr'>δ’</span> <span class='ocrx_word' id='word_1_727' title='bbox 1080 5175 1147 5229; x_wconf 84' lang='grc' dir='ltr'>ἂν</span> <span class='ocrx_word' id='word_1_728' title='bbox 1170 5175 1484 5245; x_wconf 84' lang='grc' dir='ltr'>άληθεύσειε</span> <span class='ocrx_word' id='word_1_729' title='bbox 1525 5175 1699 5245; x_wconf 83' lang='grc' dir='ltr'>λέγων</span> 
     </span>
    </p>
   </div>
   <div class='ocr_carea' id='block_1_97' title="bbox 195 5324 1717 5398">
    <p class='ocr_par' dir='ltr' id='par_1_97' title="bbox 195 5324 1717 5398">
     <span class='ocr_line' id='line_1_97' title="bbox 195 5324 1717 5398; baseline 0.004 -19"><span class='ocrx_word' id='word_1_730' title='bbox 195 5325 257 5398; x_wconf 61' lang='grc' dir='ltr'><strong>’ξς</strong></span> <span class='ocrx_word' id='word_1_731' title='bbox 297 5325 443 5381; x_wconf 87' lang='lat' dir='ltr'><strong>Psal.</strong></span> <span class='ocrx_word' id='word_1_732' title='bbox 476 5325 636 5398; x_wconf 63' lang='lat'><strong>1,1,5,</strong></span> <span class='ocrx_word' id='word_1_733' title='bbox 667 5326 742 5398; x_wconf 35' lang='grc' dir='ltr'><strong>ιτ,</strong></span> <span class='ocrx_word' id='word_1_734' title='bbox 777 5324 845 5398; x_wconf 81' lang='lat'><strong>_&quot;</strong></span> <span class='ocrx_word' id='word_1_735' title='bbox 884 5325 1079 5398; x_wconf 75' lang='lat' dir='ltr'><strong>Matth.</strong></span> <span class='ocrx_word' id='word_1_736' title='bbox 1125 5324 1292 5398; x_wconf 79' lang='lat' dir='ltr'><strong>xxvii,</strong></span> <span class='ocrx_word' id='word_1_737' title='bbox 1339 5328 1431 5383; x_wconf 68' lang='grc'><strong>46.</strong></span> <span class='ocrx_word' id='word_1_738' title='bbox 1506 5329 1550 5359; x_wconf 70' lang='grc'>⁸⁸</span> <span class='ocrx_word' id='word_1_739' title='bbox 1590 5328 1717 5386; x_wconf 81' lang='lat' dir='ltr'><strong>Matt</strong></span> 
     </span>
    </p>
   </div>
   <div class='ocr_carea' id='block_1_98' title="bbox 1822 5324 2744 5398">
    <p class='ocr_par' dir='ltr' id='par_1_98' title="bbox 1829 5328 2744 5398">
     <span class='ocr_line' id='line_1_98' title="bbox 1829 5328 2744 5398; baseline -0.005 -11"><span class='ocrx_word' id='word_1_740' title='bbox 1829 5348 1978 5398; x_wconf 75' lang='lat' dir='ltr'><strong>xxvi,</strong></span> <span class='ocrx_word' id='word_1_741' title='bbox 2031 5332 2120 5387; x_wconf 77' lang='lat'><strong>59.</strong></span> <span class='ocrx_word' id='word_1_742' title='bbox 2212 5330 2257 5361; x_wconf 80' lang='grc'><strong>⁸⁸</strong></span> <span class='ocrx_word' id='word_1_743' title='bbox 2295 5328 2450 5386; x_wconf 78' lang='lat' dir='ltr'><strong>Joan.</strong></span> <span class='ocrx_word' id='word_1_744' title='bbox 2505 5343 2607 5396; x_wconf 84' lang='lat' dir='ltr'><strong>xtl,</strong></span> <span class='ocrx_word' id='word_1_745' title='bbox 2654 5328 2744 5383; x_wconf 74' lang='lat'><strong>27.</strong></span> 
     </span>
    </p>
   </div>
   <div class='ocr_carea' id='block_1_99' title="bbox 129 5391 1693 5463">
    <p class='ocr_par' dir='ltr' id='par_1_99' title="bbox 129 5391 1693 5463">
     <span class='ocr_line' id='line_1_99' title="bbox 129 5391 1693 5463; baseline 0.003 -16"><span class='ocrx_word' id='word_1_746' title='bbox 129 5391 171 5421; x_wconf 83' lang='grc'>⁸’</span> <span class='ocrx_word' id='word_1_747' title='bbox 207 5392 398 5449; x_wconf 77' lang='lat' dir='ltr'><strong>latth.</strong></span> <span class='ocrx_word' id='word_1_748' title='bbox 432 5411 509 5454; x_wconf 85' lang='lat' dir='ltr'><strong>tv.</strong></span> <span class='ocrx_word' id='word_1_749' title='bbox 542 5396 598 5449; x_wconf 76' lang='grc'><strong>2.</strong></span> <span class='ocrx_word' id='word_1_750' title='bbox 699 5395 745 5427; x_wconf 84' lang='grc'><strong>⁸⁸</strong></span> <span class='ocrx_word' id='word_1_751' title='bbox 766 5394 923 5451; x_wconf 83' lang='lat' dir='ltr'><strong>Joan.</strong></span> <span class='ocrx_word' id='word_1_752' title='bbox 955 5412 1027 5463; x_wconf 87' lang='lat' dir='ltr'><strong>tv,</strong></span> <span class='ocrx_word' id='word_1_753' title='bbox 1057 5397 1110 5451; x_wconf 87' lang='lat'><strong>6.</strong></span> <span class='ocrx_word' id='word_1_754' title='bbox 1190 5397 1233 5428; x_wconf 82' lang='lat'><strong>&quot;</strong></span> <span class='ocrx_word' id='word_1_755' title='bbox 1275 5397 1401 5452; x_wconf 87' lang='lat' dir='ltr'><strong>Luc.</strong></span> <span class='ocrx_word' id='word_1_756' title='bbox 1437 5412 1575 5462; x_wconf 80' lang='lat' dir='ltr'><strong>xm,</strong></span> <span class='ocrx_word' id='word_1_757' title='bbox 1604 5400 1693 5454; x_wconf 75' lang='grc' dir='ltr'><strong>ιδ.</strong></span> 
     </span>
    </p>
   </div>
   <div class='ocr_carea' id='block_1_100' title="bbox 1826 4529 3397 4601">
    <p class='ocr_par' dir='ltr' id='par_1_100' title="bbox 1826 4529 3397 4601">
     <span class='ocr_line' id='line_1_100' title="bbox 1826 4529 3397 4601; baseline -0.009 -6"><span class='ocrx_word' id='word_1_758' title='bbox 1826 4542 2074 4595; x_wconf 72' lang='lat' dir='ltr'><strong>«Horam</strong></span> <span class='ocrx_word' id='word_1_759' title='bbox 2136 4540 2281 4593; x_wconf 87' lang='lat' dir='ltr'><strong>illam</strong></span> <span class='ocrx_word' id='word_1_760' title='bbox 2340 4552 2498 4593; x_wconf 85' lang='lat' dir='ltr'><strong>nemo</strong></span> <span class='ocrx_word' id='word_1_761' title='bbox 2546 4534 2727 4597; x_wconf 88' lang='lat' dir='ltr'><strong>novit,</strong></span> <span class='ocrx_word' id='word_1_762' title='bbox 2787 4547 2961 4601; x_wconf 89' lang='lat' dir='ltr'><strong>neque</strong></span> <span class='ocrx_word' id='word_1_763' title='bbox 2992 4529 3158 4584; x_wconf 87' lang='lat' dir='ltr'><strong>Filius</strong></span> <span class='ocrx_word' id='word_1_764' title='bbox 3215 4531 3397 4583; x_wconf 78' lang='lat' dir='ltr'><strong>homi-</strong></span> 
     </span>
    </p>
   </div>
   <div class='ocr_carea' id='block_1_101' title="bbox 1819 4621 3394 4696">
    <p class='ocr_par' dir='ltr' id='par_1_101' title="bbox 1819 4621 3394 4696">
     <span class='ocr_line' id='line_1_101' title="bbox 1819 4621 3394 4696; baseline -0.01 -9"><span class='ocrx_word' id='word_1_765' title='bbox 1819 4635 1903 4687; x_wconf 89' lang='lat' dir='ltr'><strong>nis</strong></span> <span class='ocrx_word' id='word_1_766' title='bbox 1922 4631 2003 4696; x_wconf 80' lang='grc'><strong>⁸⁸;</strong></span> <span class='ocrx_word' id='word_1_767' title='bbox 2034 4650 2052 4682; x_wconf 75' lang='grc' dir='ltr'><strong>ι</strong></span> <span class='ocrx_word' id='word_1_768' title='bbox 2083 4641 2138 4685; x_wconf 90' lang='lat' dir='ltr'><strong>et</strong></span> <span class='ocrx_word' id='word_1_769' title='bbox 2177 4628 2281 4683; x_wconf 87' lang='lat' dir='ltr'><strong>alia</strong></span> <span class='ocrx_word' id='word_1_770' title='bbox 2309 4638 2645 4696; x_wconf 68' lang='lat' dir='ltr'><strong>quaecunque</strong></span> <span class='ocrx_word' id='word_1_771' title='bbox 2682 4621 2957 4675; x_wconf 85' lang='lat' dir='ltr'><strong>humiliter</strong></span> <span class='ocrx_word' id='word_1_772' title='bbox 2985 4622 3053 4673; x_wconf 84' lang='lat' dir='ltr'><strong>ab</strong></span> <span class='ocrx_word' id='word_1_773' title='bbox 3101 4622 3238 4687; x_wconf 86' lang='lat' dir='ltr'><strong>ipso.</strong></span> <span class='ocrx_word' id='word_1_774' title='bbox 3271 4627 3328 4672; x_wconf 89' lang='lat' dir='ltr'><strong>et</strong></span> <span class='ocrx_word' id='word_1_775' title='bbox 3362 4632 3394 4671; x_wconf 81' lang='lat' dir='ltr'><strong>a</strong></span> 
     </span>
    </p>
   </div>
   <div class='ocr_carea' id='block_1_102' title="bbox 1816 4708 3393 4785">
    <p class='ocr_par' dir='ltr' id='par_1_102' title="bbox 1816 4708 3393 4785">
     <span class='ocr_line' id='line_1_102' title="bbox 1816 4708 3393 4785; baseline -0.009 -8"><span class='ocrx_word' id='word_1_776' title='bbox 1816 4724 2021 4777; x_wconf 88' lang='lat' dir='ltr'><strong>sanctis</strong></span> <span class='ocrx_word' id='word_1_777' title='bbox 2047 4718 2306 4785; x_wconf 85' lang='lat' dir='ltr'><strong>apostolis</strong></span> <span class='ocrx_word' id='word_1_778' title='bbox 2333 4720 2399 4770; x_wconf 88' lang='lat' dir='ltr'><strong>de</strong></span> <span class='ocrx_word' id='word_1_779' title='bbox 2429 4718 2544 4784; x_wconf 91' lang='lat' dir='ltr'><strong>ipso</strong></span> <span class='ocrx_word' id='word_1_780' title='bbox 2586 4715 2731 4769; x_wconf 83' lang='lat' dir='ltr'><strong>dicta</strong></span> <span class='ocrx_word' id='word_1_781' title='bbox 2755 4713 3069 4778; x_wconf 89' lang='lat' dir='ltr'><strong>scriptaque</strong></span> <span class='ocrx_word' id='word_1_782' title='bbox 3105 4708 3271 4763; x_wconf 77' lang='lat' dir='ltr'><strong>sunt?</strong></span> <span class='ocrx_word' id='word_1_783' title='bbox 3295 4709 3393 4764; x_wconf 75' lang='lat' dir='ltr'><strong>Cui</strong></span> 
     </span>
    </p>
   </div>
   <div class='ocr_carea' id='block_1_103' title="bbox 1816 4799 3390 4878">
    <p class='ocr_par' dir='ltr' id='par_1_103' title="bbox 1816 4799 3390 4878">
     <span class='ocr_line' id='line_1_103' title="bbox 1816 4799 3390 4878; baseline -0.009 -12"><span class='ocrx_word' id='word_1_784' title='bbox 1816 4813 2014 4866; x_wconf 81' lang='lat' dir='ltr'><strong>famem</strong></span> <span class='ocrx_word' id='word_1_785' title='bbox 2062 4819 2117 4863; x_wconf 94' lang='lat' dir='ltr'><strong>et</strong></span> <span class='ocrx_word' id='word_1_786' title='bbox 2166 4808 2311 4862; x_wconf 88' lang='lat' dir='ltr'><strong>sitim</strong></span> <span class='ocrx_word' id='word_1_787' title='bbox 2358 4808 2737 4878; x_wconf 87' lang='lat' dir='ltr'><strong>adaptabimus</strong></span> <span class='ocrx_word' id='word_1_788' title='bbox 2763 4804 2962 4858; x_wconf 74' lang='lat' dir='ltr'><strong>&quot;icui</strong></span> <span class='ocrx_word' id='word_1_789' title='bbox 3017 4799 3390 4866; x_wconf 82' lang='lat' dir='ltr'><strong>fatigationem</strong></span> 
     </span>
    </p>
   </div>
   <div class='ocr_carea' id='block_1_104' title="bbox 1814 4891 3392 4968">
    <p class='ocr_par' dir='ltr' id='par_1_104' title="bbox 1814 4891 3392 4968">
     <span class='ocr_line' id='line_1_104' title="bbox 1814 4891 3392 4968; baseline -0.009 -10"><span class='ocrx_word' id='word_1_790' title='bbox 1814 4913 1869 4958; x_wconf 90' lang='lat' dir='ltr'><strong>et</strong></span> <span class='ocrx_word' id='word_1_791' title='bbox 1926 4916 2174 4957; x_wconf 87' lang='lat' dir='ltr'><strong>somnum</strong></span> <span class='ocrx_word' id='word_1_792' title='bbox 2196 4901 2284 4955; x_wconf 77' lang='grc' dir='ltr'><strong>⁸θῖ</strong></span> <span class='ocrx_word' id='word_1_793' title='bbox 2329 4902 2415 4955; x_wconf 92' lang='lat' dir='ltr'><strong>cui</strong></span> <span class='ocrx_word' id='word_1_794' title='bbox 2470 4900 2832 4968; x_wconf 83' lang='lat' dir='ltr'><strong>ignorantiam</strong></span> <span class='ocrx_word' id='word_1_795' title='bbox 2886 4906 2941 4950; x_wconf 90' lang='lat' dir='ltr'><strong>et</strong></span> <span class='ocrx_word' id='word_1_796' title='bbox 3000 4891 3392 4948; x_wconf 73' lang='lat' dir='ltr'><strong>formidinem?</strong></span> 
     </span>
    </p>
   </div>
   <div class='ocr_carea' id='block_1_105' title="bbox 1814 4981 3389 5063">
    <p class='ocr_par' dir='ltr' id='par_1_105' title="bbox 1814 4981 3389 5063">
     <span class='ocr_line' id='line_1_105' title="bbox 1814 4981 3389 5063; baseline -0.005 -16"><span class='ocrx_word' id='word_1_797' title='bbox 1814 4995 1945 5061; x_wconf 85' lang='lat' dir='ltr'><strong>Quis</strong></span> <span class='ocrx_word' id='word_1_798' title='bbox 2001 4995 2245 5063; x_wconf 89' lang='lat' dir='ltr'><strong>angelico</strong></span> <span class='ocrx_word' id='word_1_799' title='bbox 2290 4994 2529 5047; x_wconf 89' lang='lat' dir='ltr'><strong>subsidio</strong></span> <span class='ocrx_word' id='word_1_800' title='bbox 2580 4992 2816 5045; x_wconf 90' lang='lat' dir='ltr'><strong>habebat</strong></span> <span class='ocrx_word' id='word_1_801' title='bbox 2863 5001 3000 5055; x_wconf 92' lang='lat' dir='ltr'><strong>opus</strong></span> <span class='ocrx_word' id='word_1_802' title='bbox 3027 4985 3114 5037; x_wconf 69' lang='grc' dir='ltr'><strong>⁸θῖ</strong></span> <span class='ocrx_word' id='word_1_803' title='bbox 3164 4981 3220 5037; x_wconf 90' lang='lat' dir='ltr'><strong>Si</strong></span> <span class='ocrx_word' id='word_1_804' title='bbox 3274 4982 3389 5039; x_wconf 60' lang='lat' dir='ltr'><strong>hac</strong></span> 
     </span>
    </p>
   </div>
   <div class='ocr_carea' id='block_1_106' title="bbox 1814 5074 3385 5154">
    <p class='ocr_par' dir='ltr' id='par_1_106' title="bbox 1814 5074 3385 5154">
     <span class='ocr_line' id='line_1_106' title="bbox 1814 5074 3385 5154; baseline -0.009 -14"><span class='ocrx_word' id='word_1_805' title='bbox 1814 5087 1906 5141; x_wconf 92' lang='lat' dir='ltr'><strong>Dei</strong></span> <span class='ocrx_word' id='word_1_806' title='bbox 1937 5085 2095 5141; x_wconf 85' lang='lat' dir='ltr'><strong>Verbi</strong></span> <span class='ocrx_word' id='word_1_807' title='bbox 2125 5096 2272 5151; x_wconf 89' lang='lat' dir='ltr'><strong>sunt,</strong></span> <span class='ocrx_word' id='word_1_808' title='bbox 2298 5085 2568 5154; x_wconf 88' lang='lat' dir='ltr'><strong>quomodo</strong></span> <span class='ocrx_word' id='word_1_809' title='bbox 2596 5081 2866 5153; x_wconf 89' lang='lat' dir='ltr'><strong>ignoravit</strong></span> <span class='ocrx_word' id='word_1_810' title='bbox 2897 5076 3204 5146; x_wconf 84' lang='lat' dir='ltr'><strong>sapientia?</strong></span> <span class='ocrx_word' id='word_1_811' title='bbox 3236 5074 3385 5139; x_wconf 83' lang='lat' dir='ltr'><strong>Quo-</strong></span> 
     </span>
    </p>
   </div>
   <div class='ocr_carea' id='block_1_107' title="bbox 1812 5164 3377 5244">
    <p class='ocr_par' dir='ltr' id='par_1_107' title="bbox 1812 5164 3377 5244">
     <span class='ocr_line' id='line_1_107' title="bbox 1812 5164 3377 5244; baseline -0.009 -13"><span class='ocrx_word' id='word_1_812' title='bbox 1812 5178 1969 5231; x_wconf 85' lang='lat' dir='ltr'><strong>modo</strong></span> <span class='ocrx_word' id='word_1_813' title='bbox 2004 5187 2181 5232; x_wconf 89' lang='lat' dir='ltr'><strong>autem</strong></span> <span class='ocrx_word' id='word_1_814' title='bbox 2216 5185 2438 5231; x_wconf 88' lang='lat' dir='ltr'><strong>vocetur</strong></span> <span class='ocrx_word' id='word_1_815' title='bbox 2476 5174 2763 5244; x_wconf 86' lang='lat' dir='ltr'><strong>sapientia,</strong></span> <span class='ocrx_word' id='word_1_816' title='bbox 2796 5184 2914 5240; x_wconf 74' lang='lat' dir='ltr'><strong>quae</strong></span> <span class='ocrx_word' id='word_1_817' title='bbox 2938 5167 3258 5237; x_wconf 70' lang='lat' dir='ltr'><strong>ignorantia:</strong></span> <span class='ocrx_word' id='word_1_818' title='bbox 3292 5164 3377 5218; x_wconf 87' lang='lat' dir='ltr'><strong>itt-</strong></span> 
     </span>
    </p>
   </div>
   <div class='ocr_carea' id='block_1_108' title="bbox 2847 5316 3375 5391">
    <p class='ocr_par' dir='ltr' id='par_1_108' title="bbox 2847 5316 3375 5391">
     <span class='ocr_line' id='line_1_108' title="bbox 2847 5316 3375 5391; baseline -0.021 -10"><span class='ocrx_word' id='word_1_819' title='bbox 2847 5326 2892 5359; x_wconf 81' lang='lat'>“</span> <span class='ocrx_word' id='word_1_820' title='bbox 2933 5323 3101 5381; x_wconf 81' lang='lat' dir='ltr'><strong>Marc.</strong></span> <span class='ocrx_word' id='word_1_821' title='bbox 3136 5338 3255 5391; x_wconf 82' lang='lat' dir='ltr'><strong>xm,</strong></span> <span class='ocrx_word' id='word_1_822' title='bbox 3282 5316 3375 5373; x_wconf 75' lang='lat'><strong>32.</strong></span> 
     </span>
    </p>
   </div>
   <div class='ocr_carea' id='block_1_109' title="bbox 1200 5548 2362 5620">
    <p class='ocr_par' dir='ltr' id='par_1_109' title="bbox 1200 5548 2362 5620">
     <span class='ocr_line' id='line_1_109' title="bbox 1200 5548 2362 5620; baseline 0.001 -17"><span class='ocrx_word' id='word_1_823' title='bbox 1200 5548 1374 5608; x_wconf 73' lang='lat' dir='ltr'><strong>Varia:</strong></span> <span class='ocrx_word' id='word_1_824' title='bbox 1393 5551 1649 5610; x_wconf 80' lang='lat' dir='ltr'><strong>lectiones</strong></span> <span class='ocrx_word' id='word_1_825' title='bbox 1676 5567 1741 5609; x_wconf 82' lang='lat' dir='ltr'><strong>ex</strong></span> <span class='ocrx_word' id='word_1_826' title='bbox 1772 5552 1959 5611; x_wconf 83' lang='lat' dir='ltr'><strong>codice</strong></span> <span class='ocrx_word' id='word_1_827' title='bbox 1991 5548 2362 5620; x_wconf 84' lang='lat' dir='ltr'><strong>Seguieriano.</strong></span> 
     </span>
    </p>
   </div>
   <div class='ocr_carea' id='block_1_110' title="bbox 195 5701 1305 5775">
    <p class='ocr_par' dir='ltr' id='par_1_110' title="bbox 195 5701 1305 5775">
     <span class='ocr_line' id='line_1_110' title="bbox 195 5701 1305 5775; baseline 0.005 -20"><span class='ocrx_word' id='word_1_828' title='bbox 195 5712 222 5755; x_wconf 77' lang='grc' dir='ltr'><strong>ιι</strong></span> <span class='ocrx_word' id='word_1_829' title='bbox 246 5704 385 5759; x_wconf 77' lang='grc' dir='ltr'><strong>κατά</strong></span> <span class='ocrx_word' id='word_1_830' title='bbox 402 5705 463 5760; x_wconf 79' lang='grc' dir='ltr'><strong>τὸ</strong></span> <span class='ocrx_word' id='word_1_831' title='bbox 494 5702 665 5767; x_wconf 74' lang='grc' dir='ltr'>εἰκός.</span> <span class='ocrx_word' id='word_1_832' title='bbox 743 5712 771 5754; x_wconf 70' lang='lat' dir='ltr'><strong>tt</strong></span> <span class='ocrx_word' id='word_1_833' title='bbox 801 5702 887 5758; x_wconf 81' lang='grc' dir='ltr'><strong>ισ.</strong></span> <span class='ocrx_word' id='word_1_834' title='bbox 922 5701 1305 5775; x_wconf 41' lang='grc' dir='ltr'>αὑτοδύναμινμ</span> 
     </span>
    </p>
   </div>
  </div>
