4042 6434
669 357 771 412 ιιι

1632 349 1688 403 S.
1731 347 2009 405 CYRILLI
2055 346 2516 402 ALEXANDRINI
2560 344 2873 398 Alitillllil‘.

3810 342 3919 396 M2

668 464 912 521 ﬁrmitati
945 472 1025 518 est
1054 462 1328 518 obnoxia?
1359 462 1639 527 Quomodo
1678 479 1840 517 verax
1877 466 1999 527 erit,
2045 464 2233 516 dicens

2343 460 2481 528 ἔχειν
2512 460 2577 510 τὰ
2607 459 2698 509 τοῦ
2755 458 2963 529 Πατρὸς
3013 458 3212 521 πάντα,
3258 456 3353 509 τοῦ
3398 455 3608 525 Πατρὸς
3639 457 3737 507 οὐκ
3777 458 3917 523 ἔχων

668 556 869 610 habere
898 569 957 607 se
990 554 1172 607 omnia
1235 570 1356 623 qua:
1388 552 1548 607 Pater
1569 554 1635 616 9°,
1670 569 1788 607 cum
1832 553 2009 608 Patris
2042 554 2229 621 cogni-

670 646 871 698 tionem
915 658 1019 696 non
1075 644 1304 697 habeat?
1338 662 1355 693 ι
1388 644 1569 706 Solus,
1619 643 1795 712 inquit
1849 643 2020 707 enim,
2074 644 2233 696 Pater

669 734 818 788 novit
847 734 986 785 diem
1020 732 1166 785 illum
1189 734 1256 785 ἰ.
1292 753 1310 784 ι
1343 732 1622 798 Quomodo
1649 734 1753 786 erit
1778 732 2232 787 incommutabilis

668 824 846 891 imago
883 822 1182 886 Genitoris,
1223 838 1328 876 non
1366 823 1569 884 omnia,
1603 837 1720 889 qua:
1759 821 2035 875 Genitoris
2082 833 2231 885 sunt,

672 910 911 964 habens?
940 911 1131 978 Itaque
1160 911 1205 964 si
1238 911 1453 979 quidem
1481 925 1539 963 se
1567 910 1817 978 ignorare
1845 910 2028 963 dicens
2070 924 2231 963 verax

671 1002 794 1063 iuit,
832 1001 947 1053 haec
977 1000 1174 1068 aliquis
1199 1002 1265 1054 de
1290 1015 1356 1055 eo
1385 1003 1697 1055 existimare
1726 1002 1914 1070 possit.
1951 1000 2006 1055 Si
2052 1012 2230 1055 autem

668 1091 807 1144 diem
841 1091 1036 1151 sciens,
1081 1100 1137 1145 ut
1174 1107 1284 1145 rem
1333 1093 1655 1157 occultaret,
1702 1092 1952 1162 ignorare
1998 1108 2055 1145 se
2086 1094 2231 1147 illum

668 1182 817 1245 dicit,
862 1180 983 1235 vide
1021 1182 1071 1235 in
1102 1198 1260 1251 quam
1310 1183 1721 1252 blasphemiam,
1758 1187 1897 1252 quod
1945 1185 2231 1253 colligitur,

668 1272 885 1336 evadat,
910 1284 967 1326 ut
993 1274 1193 1327 veritas
1222 1274 1513 1328 mentiatur
1545 1293 1558 1329 :
1586 1290 1705 1343 quae
1737 1276 2008 1329 immerito
2034 1278 2235 1330 veritas

669 1363 897 1427 dicetur,
939 1364 981 1418 si
1013 1364 1139 1433 quid
1183 1365 1233 1418 in
1283 1380 1342 1420 se
1383 1366 1545 1419 habet
1579 1368 1793 1419 veritati
1829 1368 2133 1421 adversum.
2177 1366 2233 1421 Si

670 1464 846 1507 autem
888 1456 1086 1509 veritas
1140 1471 1245 1509 non
1294 1458 1575 1522 mentitur,
1612 1470 1787 1525 neque
1828 1459 1968 1513 Deus
2000 1458 2233 1513 Verbum

669 1544 833 1607 diem,
865 1560 1025 1614 quem
1068 1544 1217 1610 fecit,
1250 1547 1480 1617 ignorat,
1506 1562 1666 1616 quem
1700 1549 1813 1615 ipse
1840 1549 2145 1618 praeliuivit,
2183 1550 2233 1603 in

668 1647 775 1699 quo
800 1634 1141 1702 iudicaturus
1172 1646 1254 1691 est
1284 1638 1473 1693 orbem
1491 1640 1575 1705 ";
1607 1641 1699 1694 sed
1740 1640 1901 1694 habet
1930 1640 2107 1697 Patris
2147 1658 2238 1697 co-

666 1722 982 1789 gnitionem,
1010 1732 1067 1777 ut
1091 1725 1271 1795 imago
1296 1726 1777 1785 incommutabilis.
1810 1730 1924 1786 Non
1958 1732 2120 1800 igitur
2143 1731 2236 1787 Dei

675 1810 827 1865 Verbi
864 1823 940 1866 est
984 1813 1314 1883 ignorantia,
1361 1818 1455 1872 sed
1504 1818 1690 1875 formae
1726 1822 1894 1889 servi,
1936 1838 2054 1891 qua:
2089 1831 2235 1878 tanta
2270 1794 2311 1848 Β

670 1914 765 1967 per
795 1900 925 1953 illud
956 1910 1167 1971 tempus
1216 1905 1444 1969 sciebat,
1480 1917 1677 1975 quanta
1723 1910 1894 1964 deitas
1929 1911 2238 1968 inhabitans

674 1986 969 2045 revelabat.
1004 1988 1130 2043 Hec
1167 2002 1222 2045 et
1255 1993 1320 2045 de
1360 1993 1483 2049 aliis
1529 1996 1797 2052 similibus
1832 1999 2057 2053 dicenda
2091 2012 2233 2055 sunt.

668 2076 948 2138 Quomodo
999 2079 1141 2131 enim
1195 2082 1388 2134 rationi
1438 2095 1857 2138 consentaneum
1897 2098 2018 2149 est,
2070 2087 2235 2141 Deum

668 2162 901 2218 Verbum
948 2167 1129 2220 dicere
1178 2169 1245 2220 ad
1307 2168 1520 2222 Patrem
1555 2185 1570 2223 :
1607 2190 1625 2221 ι
1658 2172 1838 2235 Pater,
1881 2175 1925 2227 si
1988 2175 2240 2242 possibile

669 2264 770 2315 est,
802 2262 1040 2309 transeat
1070 2270 1097 2309 a
1125 2272 1211 2310 me
1235 2257 1372 2311 calix
1405 2260 1507 2313 iste
1532 2278 1545 2313 :
1567 2272 1939 2317 verumtamen
1971 2280 2075 2318 non
2099 2266 2239 2320 sicut

668 2360 765 2412 ego
803 2346 944 2410 volo,
979 2347 1075 2401 sed
1128 2348 1265 2402 sicut
1302 2357 1354 2403 tu
1372 2349 1460 2402 ⁸³7
1491 2368 1509 2401 ι
1551 2351 1717 2404 multa
1765 2353 1908 2407 enim
1945 2354 2237 2424 incongrua

670 2453 856 2492 rursus
901 2439 1026 2494 hinc
1060 2440 1333 2495 accidunt.
1383 2441 1447 2494 Et
1484 2444 1718 2511 primum
1763 2445 2041 2500 discordes
2080 2455 2241 2501 erunt

669 2528 831 2582 Pater
864 2543 918 2583 et
958 2529 1164 2595 Filius;
1187 2541 1242 2585 et
1271 2530 1375 2585 alia
1405 2532 1622 2602 quidem
1659 2536 1796 2590 volet
1829 2536 2013 2602 Pater,
2042 2546 2097 2591 et
2134 2538 2239 2591 alia

669 2621 854 2676 Filius.
881 2620 971 2675 Ait
992 2624 1137 2676 enim
1169 2643 1181 2679 :
1212 2645 1229 2675 ι
1264 2627 1644 2681 Verumtamen
1673 2644 1777 2681 non
1808 2629 1951 2683 sicut
1972 2645 2071 2700 ego
2093 2631 2238 2697 volo,

669 2712 762 2765 sed
799 2712 939 2765 sicut
976 2722 1052 2767 tu.
1083 2732 1103 2766 ι
1143 2714 1345 2770 Deinde
1376 2733 1627 2787 magnam
1662 2735 1851 2773 rursus
1881 2720 2239 2791 ignorantiam

670 2802 971 2857 videbimus
1002 2804 1057 2859 in
1107 2806 1265 2861 Filio.
1311 2807 1629 2864 Invenietur
1673 2810 1817 2864 enim
1856 2812 2133 2881 ignorans,
2173 2829 2239 2868 an

671 2891 927 2960 possibile
976 2893 1079 2957 sit,
1122 2895 1207 2947 vel
1257 2911 1396 2961 non,
1439 2899 1579 2965 quod
1634 2906 1872 2953 transeat
1912 2900 2071 2955 calix.
2131 2902 2242 2958 lloc

670 2990 849 3036 autem
881 2983 945 3037 de
975 2983 1083 3039 Den
1104 2984 1285 3041 Verbo
1311 2988 1515 3053 dicere,
1560 2990 1783 3058 impium
1818 3000 1873 3045 et
1906 2972 2263 3063 blasphemia,

672 3071 889 3139 plenum
920 3074 1079 3132 foret.
1112 3075 1330 3132 Sciebat
1355 3080 1499 3132 enim
1529 3082 1750 3147 optime,
1774 3083 1865 3149 qui
1897 3095 2117 3153 propter
2140 3086 2242 3140 hoc
2269 3117 2314 3179 ο

672 3164 986 3232 advenerat,
1018 3170 1108 3235 qui
1145 3180 1335 3237 sponte
1367 3181 1608 3225 nostram
1651 3182 1899 3227 naturam
1933 3190 2240 3245 assumpse-

672 3262 778 3318 rat,
808 3258 900 3327 qui
943 3260 1182 3328 seipsum
1211 3261 1604 3329 exinaniverat,
1636 3268 1884 3335 quisnam
1918 3269 2242 3323 sacramenti

671 3346 1088 3415 dispensationis
1140 3350 1263 3406 linis
1317 3362 1483 3407 esset.
1549 3353 1700 3411 Unde
1727 3357 1892 3426 216
1928 3365 1983 3411 et
2040 3358 2246 3412 sanCtis

671 3440 929 3519 apostolis
964 3442 1290 3508 praedicebat
1320 3461 1333 3495 :
1369 3460 1389 3493 ι
1421 3443 1560 3499 Ecce
1590 3446 1938 3501 ascendimus
1968 3445 2245 3517 Jerosoly-

673 3546 839 3595 mam,
870 3542 925 3586 et
950 3530 1118 3588 Filius
1146 3534 1383 3589 hominis
1415 3535 1659 3590 tradetur
1687 3537 1739 3589 in
1777 3552 1969 3591 manus
2005 3538 2243 3607 gentium

673 3622 742 3676 ad
775 3622 1128 3690 illudendum,
1174 3634 1228 3680 et
1257 3624 1660 3695 ﬂagellandum,
1696 3636 1751 3681 et
1780 3628 2241 3694 cruciﬁgendum:

671 3722 726 3767 et
776 3715 938 3769 tertia
991 3717 1077 3771 die
1128 3717 1460 3787 resurget".
1495 3735 1514 3768 ›
1565 3718 1665 3785 Qui
1715 3719 1878 3789 igitur
1924 3720 2037 3773 haec
2083 3728 2243 3773 antea

673 3805 1004 3873 praedicavit,
1038 3816 1092 3861 et
1118 3805 1338 3862 Petrum
1380 3810 1778 3878 deprecantem,
1814 3825 1882 3864 ne
1924 3809 2026 3864 hoc
2069 3809 2243 3872 ﬁeret,

674 3896 958 3963 corripuit,
1001 3897 1273 3966 quomodo
1306 3899 1653 3967 deprecatur,
1676 3915 1741 3953 ne
1789 3900 1901 3963 ﬁat,
1946 3901 2034 3967 qui
2077 3900 2248 3953 mani-

678 3985 814 4039 feste
840 3987 1048 4040 sciebat
1079 3989 1262 4042 omnia
1298 3990 1599 4043 eventura?
1622 3990 1902 4057 Quomodo
1931 4000 2109 4045 autem
2138 4007 2243 4046 non

673 4071 1007 4138 absurdum,
1050 4074 1325 4129 Abraham
1374 4075 1595 4144 quidem
1652 4085 1776 4132 ante
1830 4078 1996 4131 multa
2050 4080 2244 4133 saecula

674 4161 816 4215 diem
862 4162 979 4229 ejus
1028 4164 1251 4230 vidisse,
1294 4174 1349 4220 et
1400 4168 1646 4235 gavisum
1685 4169 1904 4232 esse";
1960 4178 2014 4223 et
2054 4168 2245 4223 Isaiam

675 4249 927 4308 similiter
970 4257 1287 4325 praedixisse
1329 4260 1620 4315 salutarem
1663 4261 1777 4331 ejus
1824 4264 2152 4330 passionem,
2193 4273 2248 4318 et

674 4342 991 4411 Jeremiam,
1020 4353 1076 4399 et
1109 4348 1409 4413 Danielem,
1454 4360 1503 4405 et
1537 4351 1879 4420 Zachariam,
1919 4362 2081 4423 atque
2109 4355 2245 4410 adeo

2335 551 2431 618 τὴν
2456 550 2692 615 γνῶσινς
2736 570 2751 598 ι
2788 550 2961 609 Μόνος
2998 548 3126 619 γὰρ,
3164 549 3350 616 φησὶν,
3379 542 3518 599 οἶδεν
3540 549 3568 598 6
3596 547 3785 615 Πατὴρ
3815 550 3916 616 τὴν

2334 642 2547 710 ἡμέραν
2591 640 2827 707 ἐκείνην.
2868 659 2884 688 ο
2930 639 3053 700 Πῶς
3087 639 3130 689 δ’
3167 640 3232 690 ἂν
3279 638 3441 691 εἰκὼν
3490 639 3917 705 ἀπαράλλακτος

2333 734 2417 800 εἴη
2452 731 2546 783 τοῦ
2580 734 2965 799 γεννήσαντος,
3000 730 3073 799 μὴ
3108 730 3283 781 πάντα
3313 730 3452 797 ἔχων
3480 730 3573 781 τοῦ
3615 732 3914 799 γεννήσαν-

2331 837 2456 884 τος;
2506 821 2567 871 Εἰ
2605 818 2703 886 μὲν
2736 814 2827 869 οὖν
2873 816 3125 885 ἀληθεύει
3170 816 3347 881 λέγων
3381 818 3617 883 ἀγνοεῖν,
3651 817 3805 869 ταῦτ’
3848 821 3915 869 ἄν

2332 924 2413 969 τις
2451 907 2713 960 ὑπολάϐοι
2751 906 2878 975 περί
2907 905 3070 957 αὑτοῦ
3096 916 3138 957 τ.
3195 904 3256 957 Εἰ
3287 905 3343 956 δὲ
3378 900 3485 957 οἶδε
3526 906 3624 973 τὴν
3673 905 3912 975 ἡμέραν,

2337 1002 2599 1070 κρύπτειν
2648 1000 2706 1051 δὲ
2752 997 3073 1068 βουλόμενος
3097 1038 3111 1061 ,
3150 997 3363 1063 ἀγνοεῖν
3398 996 3545 1063 λέγει
3571 1006 3614 1058 ⁸,
3649 998 3782 1065 ὁρᾷς
3833 1000 3915 1058 εἰς

2334 1091 2495 1142 ποίαν
2531 1090 2876 1158 βλασφημίαν
2923 1091 3091 1157 χωρεῖ
3126 1089 3185 1141 τὸ
3232 1088 3633 1156 συναγόμενον;
3691 1087 3751 1138 Ἠ
3803 1089 3914 1157 γὰρ

2334 1180 2561 1251 ἀλήθεια
2589 1182 2605 1214 ί
2637 1180 2927 1249 ψεύδεται,
2966 1180 3090 1248 ἥτις
3128 1180 3228 1232 οὐκ
3258 1179 3480 1240 εἰκότως
3513 1178 3738 1246 ἀλήθεια
3780 1179 3915 1242 κλη-

2335 1273 2477 1342 θείη,
2503 1272 2701 1342 ἔχουσά
2722 1288 2774 1323 τι
2809 1272 2917 1321 τῶν
2952 1272 3239 1323 ἐναντίωνο
3276 1271 3323 1321 εἰ
3356 1269 3411 1319 δέ
3440 1266 3563 1320 οὔτε
3596 1268 3851 1334 ψεύδεται
3882 1272 3914 1335 ἡ

2336 1364 2581 1434 ἀλήθεια,
2618 1362 2741 1416 οὔτε
2773 1366 2799 1415 6
2828 1362 2958 1424 Θεὸς
2991 1362 3161 1428 Λόγος
3192 1362 3378 1427 ἀγνοεῖ
3418 1360 3519 1428 τὴν
3567 1358 3782 1427 ἡμέραν
3847 1361 3916 1427 ἣν

2337 1456 2498 1518 αὐτὸς
2531 1454 2805 1523 ἐποίησεν,
2828 1455 2893 1524 ἣν
2925 1452 3086 1515 αὐτὸς
3118 1450 3390 1521 διώρισεν,
3422 1451 3480 1501 ἐν
3582 1451 3765 1519 μέλλει
3792 1450 3916 1519 κρί-

2337 1563 2449 1600 νειν
2471 1546 2571 1615 τὴν
2600 1545 2950 1614 οἰκουμένην,
2985 1543 3099 1595 ἀλλ’
3136 1542 3246 1611 ἔχει
3280 1542 3373 1595 τοῦ
3407 1542 3617 1609 Πατρὸς
3652 1543 3750 1610 τὴν
3780 1541 3921 1608 γνῶ-

2339 1651 2444 1695 σιν,
2491 1635 2566 1697 ῶς
2613 1632 2776 1685 εἰκὼν
2817 1631 3263 1700 ἀπαράλλακτος.
3315 1632 3427 1683 Οὐκ
3475 1630 3579 1699 ἀρα
3627 1630 3721 1681 τοῦ
3777 1628 3918 1681 Θεοῦ

2339 1725 2513 1793 Λόγου
2556 1727 2589 1793 ἡ
2632 1723 2843 1790 ἄγνοια,
2886 1722 3022 1774 ἀλλά
3052 1721 3150 1790 τῆς
3179 1720 3273 1773 τοῦ
3308 1720 3492 1772 δούλου
3540 1724 3787 1789 μορφῆς,
3820 1720 3922 1787 τῆς

2339 1814 2578 1868 τοσαῦτα
2616 1815 2736 1867 κατ’
2786 1816 2962 1865 έκεῖνο
2998 1811 3091 1864 τοῦ
3127 1811 3319 1878 καιροῦ
3364 1810 3737 1879 γινωσκούσης
3763 1852 3776 1873 ,
3817 1812 3922 1863 ὅσα

2340 1906 2374 1975 ἡ
2400 1902 2686 1955 ἐνοικοῦσα
2718 1901 2910 1971 θεότης
2944 1900 3286 1965 ἀπεκάλυψε.
3320 1899 3505 1950 Ταῦτα
3531 1899 3623 1948 καὶ
3652 1899 3777 1966 περί
3808 1898 3919 1949 τῶν

2338 1992 2512 2046 ἄλλων
2544 1990 2650 2043 τῶν
2689 1989 2889 2057 ὁμοίων
2929 1990 3079 2038 ἐστιν
3127 1989 3321 2037 εἰπεῖν.
3374 1986 3495 2047 Πῶς
3542 1986 3649 2055 γὰρ
3698 1987 3765 2039 ἂν
3805 1987 3918 2054 ἔχοι

2338 2080 2516 2145 λόγον,
2545 2076 2637 2129 τόν
2658 2075 2790 2128 Θεὸν
2817 2076 2988 2143 Λόγον
3017 2077 3190 2127 εἰπεῖν
3220 2075 3354 2145 πρὸς
3382 2075 3473 2126 τὸν
3505 2077 3747 2145 Πατέρα’
3778 2079 3917 2129 «Πά-

2338 2184 2456 2238 τερ,
2487 2169 2533 2219 εἰ
2564 2166 2809 2231 δυνατὸν,
2856 2167 3175 2237 παρελθέτω
3212 2167 3272 2218 τὸ
3302 2168 3561 2236 ποτήριον
3604 2168 3696 2219 ἀπ’
3743 2166 3882 2235 ἐμοῦ
3904 2184 3917 2197 ·

2340 2257 2479 2326 πλὴν
2526 2257 2624 2327 οὐχ
2657 2258 2733 2319 ὡς
2761 2255 2871 2325 ἐγὼ
2900 2256 3061 2319 θέλω,
3110 2255 3225 2308 ἀλλ’
3260 2256 3334 2317 ῶς
3378 2256 3482 2320 σύ;
3526 2276 3541 2305 ι
3583 2256 3763 2308 Πολλά
3810 2258 3923 2327 γάρ

2340 2347 2590 2401 ἐντεῦθεν
2634 2347 2798 2401 πάλιν
2837 2346 3128 2415 συμϐαίνει
3179 2346 3248 2398 τά
3302 2346 3509 2399 ἄτοπα·
3564 2346 3660 2398 καὶ
3700 2345 3927 2415 πρῶτον

2343 2439 2441 2509 μὲν
2471 2437 2532 2490 τὸ
2554 2437 2810 2507 διχονοεῖν
2837 2438 2926 2490 τὸν
2955 2437 3175 2506 Πατέρα
3198 2438 3291 2489 καὶ
3322 2437 3411 2489 τὸν
3446 2436 3599 2498 Υἰὸν,
3628 2437 3718 2489 καὶ
3749 2438 3919 2505 ἔτερα

2344 2529 2442 2600 μὲν
2474 2527 2761 2598 βούλεσθαι
2787 2527 2879 2580 τὸν
2910 2526 3153 2598 Πατέρα,
3190 2528 3354 2596 ἕτερα
3377 2528 3431 2580 δὲ
3459 2528 3547 2579 τὸν
3577 2527 3733 2578 Υἱόν.
3775 2527 3923 2596 Ἔφη

2340 2620 2481 2691 γάρ·
2523 2638 2542 2671 ι
2584 2620 2751 2689 Πλὴν,
2802 2619 2901 2689 οὐχ
2957 2622 3032 2683 ὡς
3082 2618 3191 2687 ἐγὼ
3243 2618 3405 2680 θέλω,
3458 2618 3573 2670 ἀλλ’
3621 2619 3694 2679 ὡς
3746 2618 3853 2669 σύο
3896 2636 3914 2668 ι

2341 2712 2531 2781 ἐπειδὴ
2555 2720 2580 2748 η
2616 2711 2819 2780 πολλὴν
2856 2705 3011 2772 αὖθις
3046 2711 3267 2777 ἄγνοιαν
3300 2711 3356 2761 ἐν
3386 2708 3463 2778 τῷ
3498 2707 3611 2777 Υἰῷ
3644 2706 3926 2777 θεωρήσο-

2344 2820 2462 2873 μεν.
2508 2802 2878 2873 Εὑρεθὴσεται
2916 2802 3022 2871 γὰρ
3048 2800 3281 2869 ἀγνοῶν,
3317 2800 3376 2852 οὐ
3400 2807 3429 2837 ν
3460 2800 3708 2862 δυνατὸν,
3742 2799 3776 2866 ἢ
3810 2800 3924 2867 μὴ,

2342 2893 2633 2963 παρελθεῖν
2656 2893 2717 2945 τὸ
2747 2894 3025 2963 ποτήριον.
3061 2890 3233 2945 Τοῦτο
3264 2891 3322 2943 δὲ
3359 2889 3491 2959 περὶ
3524 2889 3618 2942 τοῦ
3648 2887 3787 2941 Θεοῦ
3817 2888 3925 2940 Λό-

2342 3001 2439 3051 γου
2476 2982 2677 3051 λέγειν,
2717 2982 2975 3044 δυσσεϐὲς
3023 2983 3117 3034 καὶ
3178 2981 3527 3051 βλασφημίας
3568 2979 3772 3049 γέμον·
3811 2978 3929 3048 ᾔδει

2344 3076 2452 3146 γὰρ
2474 3073 2714 3146 ἀκριϐῶς
2740 3076 2768 3127 6
2796 3073 2884 3127 διὰ
2912 3072 3073 3126 τοῦτο
3106 3072 3572 3142 παραγενόμενος,
3606 3072 3633 3122 ό
3658 3068 3802 3122 ἑκὼν
3826 3070 3932 3139 τὴν

2342 3167 2623 3238 ἡμετέραν
2666 3164 2828 3234 φύσιν
2874 3163 3181 3228 ἀναλαϐὼν,
3228 3166 3257 3215 6
3284 3164 3478 3216 ἑαυτὸν
3520 3161 3797 3223 κενώσας,
3828 3160 3930 3212 τοῦ

2342 3260 2443 3327 τῆς
2469 3255 2779 3325 οἰκονομίας
2809 3253 3106 3325 μυστηρίου
3140 3253 3201 3305 τὸ
3230 3252 3400 3314 τέλος.
3435 3252 3511 3303 Δι’
3536 3244 3596 3303 οὗ
3634 3264 3660 3291 ι
3690 3251 3784 3302 καὶ
3813 3253 3933 3313 τοῖς

2348 3348 2513 3416 ἱεροῖς
2542 3345 2840 3415 προῦλεγεν
2868 3344 3186 3406 ἀποστόλοις
3205 3357 3219 3370 ·
3245 3361 3263 3393 ι
3286 3341 3417 3394 Ἰδοὺ
3440 3340 3806 3409 ἀναϐαίνομεν
3848 3344 3934 3403 εἰς

2358 3437 2729 3505 Ἰεροσόλυμα,
2750 3435 2845 3487 καὶ
2874 3436 2902 3485 ὁ
2933 3434 3062 3496 Υἱὸς
3088 3431 3184 3485 τοῦ
3215 3432 3509 3503 ἀνθρώπου
3542 3433 3934 3503 παραδοθήσε-

2348 3544 2436 3580 ται
2469 3528 2549 3589 εἰς
2592 3528 2780 3596 χεῖρας
2826 3525 3019 3585 ἐθνῶν,
3062 3524 3141 3585 εἰς
3176 3524 3236 3575 τὸ
3267 3523 3530 3592 ἐμπαῖξαι
3555 3524 3715 3575 αὐτὸν
3737 3532 3789 3587 γ,
3831 3528 3935 3578 καὶ

2350 3618 2724 3687 μαστιγῶσαι,
2756 3616 2853 3669 καὶ
2895 3614 3230 3685 σταυρῶσαι,
3278 3614 3374 3667 καὶ
3419 3616 3488 3684 τῇ
3533 3614 3693 3685 τρίτῃ
3736 3617 3935 3687 ἡμέρᾳ

2345 3711 2707 3780 ἀναστήσεται
2730 3718 2775 3761 ι.
2797 3726 2829 3765 ,ι
2873 3708 2932 3759 '0
2959 3708 3141 3760 τοίνυν
3169 3704 3343 3760 ταῦτα
3396 3705 3751 3777 προκηρύξας
3775 3746 3789 3769 ,
3833 3710 3936 3759 καὶ

2347 3801 2425 3873 τῷ
2450 3801 2641 3872 Πέτρῳ
2670 3801 3001 3869 ἐπιτιμήσας
3031 3798 3392 3869 ἀπευξαμένῳ
3416 3798 3475 3851 τὸ
3501 3798 3776 3867 γενέσθαι,
3810 3798 3934 3861 πῶς

2346 3893 2645 3962 ἀπεύχεται
2691 3891 2766 3960 μὴ
2816 3888 3092 3957 γενέσθαι,
3127 3889 3186 3955 ὃς
3221 3889 3404 3956 σαφῶς
3436 3883 3545 3941 οἵδε
3572 3888 3680 3939 πᾶν
3706 3888 3768 3939 τὸ
3800 3889 3933 3939 ἐσό-

2351 4002 2510 4056 μενον
2528 4001 2542 4048 ;
2561 3984 2686 4046 Πῶς
2716 3983 2761 4035 δ’
2789 3982 2887 4034 οὐκ
2917 3981 3135 4041 ἄτοπον,
3180 3980 3430 4048 Ἀϐραὰμ
3460 3979 3557 4047 μὲν
3580 3977 3688 4048 πρὸ
3711 3979 3934 4030 πολλῶν

2347 4075 2550 4145 γενεῶν
2583 4075 2707 4127 ἰδεῖν
2744 4074 2841 4143 τὴν
2873 4071 3088 4142 ἡμέραν
3135 4070 3323 4131 αὑτοῦ,
3363 4069 3457 4129 καὶ
3507 4069 3787 4138 χαρῆναι,
3832 4071 3935 4121 καὶ

2358 4169 2587 4221 Ἡσαΐαν
2619 4166 2881 4226 ὡσαύτως
2927 4162 3289 4233 προθεσπίσαι
3317 4173 3343 4201 ι
3377 4161 3543 4213 αὑτοῦ
3574 4160 3641 4212 τὰ
3682 4161 3937 4231 σωτήρια

2348 4259 2517 4330 πάθη,
2559 4258 2653 4311 καὶ
2695 4256 2983 4327 Ἱερεμίαν,
3009 4253 3104 4307 καὶ
3127 4252 3345 4322 Δανιὴλ,
3380 4251 3479 4304 καὶ
3507 4250 3811 4321 Ζαχαρίαν,
3833 4256 3937 4305 καὶ

2348 4351 2527 4404 πάντα
2563 4348 2671 4401 τῶν
2703 4345 2999 4417 προφητῶν
3045 4344 3225 4414 χορὸν,
3274 4343 3434 4396 αὑτὸν
3464 4343 3521 4394 δὲ
3549 4345 3788 4411 ἀγνοεῖν,
3834 4347 3938 4398 καὶ

675 4449 893 4489 onmem
932 4436 1315 4505 prOphetarum
1349 4440 1609 4507 chorum,
1643 4443 1815 4509 ipsum
1847 4459 1975 4499 vero
2006 4454 2060 4499 et
2094 4446 2242 4516 igno-

2350 4441 2671 4511 ἀπαλλαγὴν
2693 4440 2886 4500 αἰτεῖν,
2916 4438 3007 4490 καὶ
3033 4434 3395 4504 ἀπεύχεσθαι,
3416 4434 3445 4486 ὃ
3472 4450 3523 4485 τι
3555 4433 3649 4487 ἐπὶ
3681 4437 3938 4507 σωτηρίᾳ

677 4538 819 4588 rare,
856 4534 907 4578 et
936 4525 1314 4582 liberationem
1347 4539 1550 4597 petere,
1589 4541 1644 4585 et
1680 4533 1959 4603 deprecari
2010 4538 2152 4605 quod
2195 4536 2248 4590 in

678 4614 906 4668 salutem
933 4616 1084 4670 orbis
1118 4615 1363 4671 futurum
1400 4620 1557 4674 erat?
1590 4622 1757 4689 Igitur
1790 4625 1906 4679 haec
1939 4626 2099 4680 verba
2143 4641 2248 4680 non

676 4712 805 4756 sunt
858 4702 949 4757 Dei
996 4704 1181 4769 Verbi,
1219 4707 1314 4761 sed
1360 4706 1547 4763 formae
1596 4711 1762 4775 servi,
1810 4725 1929 4779 qua:
1976 4718 2251 4769 metuebat

678 4806 937 4861 mortem,
969 4814 1035 4854 eo
1055 4802 1197 4869 quod
1232 4804 1467 4858 nondum
1494 4814 1614 4859 erat
1642 4821 1788 4861 mors
1814 4808 2086 4863 destructa
2122 4824 2134 4859 :
2163 4810 2249 4861 cui

678 4889 867 4943 formae
901 4889 1043 4943 Deus
1082 4890 1343 4961 Verbum,
1378 4894 1497 4949 loco
1538 4896 1715 4951 timori
1746 4898 1892 4964 dato,
1931 4898 2046 4952 haec
2067 4898 2248 4952 dicere

678 4978 947 5045 permisit,
993 4989 1053 5032 ut
1084 4982 1252 5049 geniti
1302 4994 1585 5053 appareret
1622 4994 1840 5051 natura,
1886 4994 1940 5041 et
1990 5001 2055 5041 ne
2093 5001 2240 5051 eum,

680 5071 769 5137 qui
818 5083 882 5123 ex
913 5070 1190 5125 Abraham
1235 5081 1287 5127 et
1333 5073 1502 5128 David
1531 5076 1908 5142 descenderat,
1941 5076 2241 5147 putativum

750 5242 795 5321 ’ξ
831 5242 989 5298 Joan.
1021 5246 1250 5321 xvr_,_15.
1327 5251 1367 5282 "
1414 5249 1601 5304 Matth.
1638 5267 1781 5321 xxw,
1810 5250 1897 5306 56.
1973 5253 2020 5283 ⁸⁸
2057 5254 2179 5307 Act.
2212 5267 2340 5316 xvn,
2372 5252 2458 5305 '51.

680 5314 725 5344 "
766 5312 921 5369 Joan.
955 5328 1071 5380 Vill,
1103 5316 1192 5369 56.

2351 4536 2448 4603 τῆς
2470 4530 2795 4600 οἰκουμένης
2818 4527 3040 4597 ἔμελλεν
3071 4523 3324 4589 ἐσεσθαι;
3349 4523 3558 4576 Οὐκοῦν
3585 4523 3644 4575 οὐ
3675 4522 3771 4576 τοῦ
3792 4524 3937 4578 Θεοῦ

2352 4625 2527 4692 Λόγου
2566 4621 2735 4674 ταῦτα
2766 4620 2833 4671 τά
2876 4619 3128 4688 ῥήματα,
3169 4615 3306 4669 ἀλλά
3336 4615 3434 4683 τῆς
3478 4613 3662 4667 δούλου
3712 4617 3939 4686 μορφῆς

2351 4718 2450 4783 τῆς
2497 4712 2777 4781 δειλιώσης
2809 4710 2899 4762 τὸν
2930 4709 3180 4769 θάνατον,
3229 4706 3319 4760 διὰ
3361 4704 3423 4756 τὸ
3456 4706 3529 4774 μή
3574 4720 3661 4755 πω
3700 4702 3939 4773 λυθῆναι

2352 4806 2445 4858 τὸν
2491 4804 2744 4865 θάνατον,
2780 4800 2865 4869 ῆι)
2905 4802 2933 4852 6
2984 4799 3115 4861 Θεὸς
3148 4797 3319 4865 Λόγος
3362 4794 3534 4847 ταῦτα
3584 4795 3761 4846 εἰπεῖν
3801 4812 3938 4847 συν-

2354 4893 2619 4964 εχὼρησε,
2657 4890 2840 4961 χώραν
2884 4886 3131 4949 δεδωκὼς
3171 4890 3237 4957 τῇ
3291 4885 3483 4955 δειλίᾳ,
3538 4884 3625 4937 ἵνα
3655 4886 3801 4955 φανῇ
3837 4887 3939 4937 τοῦ

2353 4984 2634 5053 τεχθέντος
2660 4984 2692 5051 ἠ
2715 4980 2895 5048 φύσις,
2934 4979 3029 5030 καὶ
3061 4978 3135 5047 μὴ
3162 4976 3383 5045 δόκησιν
3425 4973 3459 5042 ἡ
3501 4974 3807 5042 φαντασίαν
3841 4975 3940 5028 τὸν

2354 5075 2412 5138 ἐξ
2448 5072 2698 5144 Ἀϐραὰμ
2738 5071 2832 5124 καλ⁴
2857 5068 3020 5121 Δαυϊδ
3042 5067 3400 5135 ὑπολάϐωμεν
3420 5080 3433 5093 ·
3468 5064 3498 5116 ὃ
3517 5062 3627 5115 τῶν
3654 5063 3941 5118 δυσσεϐῶν

2564 5250 2609 5279 ⁵³
2650 5247 2836 5301 Matth.
2870 5259 3017 5309 xxvr,
3060 5242 3149 5297 59.
3253 5243 3299 5273 "
3339 5240 3526 5293 Matth.
3572 5253 3663 5300 xx,
3708 5239 3794 5302 18,
3846 5240 3939 5294 19.

1738 5471 1910 5527 Variae
1936 5473 2198 5528 lectiones
2242 5486 2308 5525 ex
2349 5470 2535 5525 codice
2565 5468 2937 5537 Seguieriano.

762 5635 787 5665 τ
816 5626 999 5685 αὐτόν.

690 5695 715 5738 b
746 5635 787 5757 ﬂ"
816 5628 999 5685 αὐτόν.
1080 5642 1100 5669 ⁸
1135 5628 1328 5698 λέγων.
1415 5635 1432 5670 ί
1463 5631 1508 5683 εἰ
1535 5632 1567 5701 ἡ
1597 5630 1843 5701 ἀλήθεια.
1922 5638 1949 5666 ⁸
1980 5628 2185 5682 ἔπειται

2264 5636 2284 5658 ν
2317 5629 2385 5683 εἰ.
2467 5632 2490 5659 κ
2524 5624 2622 5676 διό.
2708 5630 2731 5669 1
2760 5621 2929 5691 αὐτῷ.

3010 5628 3030 5655 ι
3062 5615 3437 5688 ἐγερθήσεται.
3518 5626 3535 5647 ⁵
3564 5619 3937 5689 προκηρύξαι.
