4042 6432
153 366 245 423 H5

730 365 1262 423 APOLOGETICUS
1300 365 1571 420 CONTRA
1618 364 2137 419 'l'llEODORETUM
2184 362 2316 417 PRO
2354 362 2445 417 ΧΙΙ
2488 358 2869 416 CAPITIBUS.

3301 353 3403 409 ιιι

151 477 449 545 αἱρετικῶν
481 479 514 546 ὴ
554 478 832 547 συμμορία
867 477 1135 540 παθοῦσα,
1184 478 1387 546 ταύτην
1436 478 1531 546 τὴν
1574 477 1734 544 βλασ-

1844 479 1918 529 vel
1948 476 2345 543 phantasticum
2379 474 2814 541 suspicarentur;
2848 470 2987 539 quod
3029 481 3189 535 passa
3216 466 3405 534 impio-

153 567 359 635 φημίαν
390 566 713 635 ἐγέννησεν.
760 568 971 622 Οὐκοῦν
1007 569 1073 619 τὰ
1111 570 1207 637 μὲν
1240 568 1557 637 θεοπρεπῶς
1586 569 1735 636 εἰρη-

155 659 286 722 μένα
324 657 428 708 καὶ
464 658 837 727 πεπραγμένα
875 659 954 728 τῷ
986 657 1104 727 Θεῷ
1152 658 1307 726 Λόγῳ
1364 657 1731 727 προσάψομεψ

151 748 209 799 τά
248 747 309 798 δὲ
346 748 631 810 ταπεινῶς
670 748 938 818 εἰρημένα
989 749 1081 799 καὶ
1128 747 1495 817 πεπραγμένα
1547 748 1735 800 δούλου

154 839 332 905 μορφῇ
404 838 897 907 προσαρμὸσομεν,
959 837 1042 890 ῐνα
1097 838 1172 907 μὴ
1218 838 1314 891 τὴν
1369 837 1578 907 Ἀρείου
1645 840 1736 891 καὶ

152 928 421 998 Εὐνομίαν
462 928 815 999 βλασφημίαν
841 929 1101 999 νοσῶμεν.

621 1141 933 1210 Ἀπολογία
963 1142 1289 1209 Κυρίλλου.

220 1271 332 1324 Καὶ
378 1271 503 1333 πῶς
529 1272 629 1325 οὐκ
662 1273 908 1343 ἄμεινον,
937 1268 981 1325 ὦ
1010 1274 1142 1337 ’τὰν,
1173 1272 1271 1342 τὴν
1300 1272 1407 1325 τῶν
1436 1272 1741 1341 εἰρημένων

158 1364 451 1431 βασανίσαι
482 1363 734 1432 δύναμιν,
769 1364 958 1433 μίσους
981 1382 1038 1416 τε
1073 1366 1165 1416 καὶ
1191 1363 1563 1435 προσπαθείας
1592 1362 1739 1412 ὲλευο

156 1455 322 1524 θέραν
348 1454 552 1522 ἔχοντα
581 1454 680 1524 τὴν
712 1454 981 1516 διάνοιαν;
1034 1454 1172 1506 Ἀλλ’
1216 1454 1416 1522 ἥκιστα
1447 1453 1546 1520 μὲν
1584 1450 1743 1502 τοῦτο

157 1544 288 1613 δρᾷν
318 1544 485 1608 ἀξιοῖ.
520 1545 843 1615 Περιΐστησι
864 1546 919 1598 δὲ
950 1545 1109 1597 πάλιν
1142 1545 1233 1597 ἐπὶ
1259 1544 1317 1597 τὸ
1348 1544 1498 1612 αὑτῴ
1526 1541 1738 1606 δοκοῦν,

158 1636 251 1686 καὶ
285 1635 352 1704 δή
408 1650 566 1705 φησι”
604 1635 856 1704 Συγγενῆ
904 1636 997 1687 καὶ
1046 1632 1217 1686 ταῦτα
1250 1636 1363 1695 τοῖς
1412 1634 1512 1701 ἠδη
1565 1632 1740 1684 διαλε-

158 1724 370 1791 χθείσι·
428 1724 681 1793 βούλεται
728 1725 873 1793 γάρ,
922 1724 998 1786 ώς
1036 1725 1281 1793 κράσεως
1327 1722 1737 1791 γεγενημένης,

1841 582 1954 620 rum
1987 568 2361 620 haereticorum
2406 575 2622 618 caterva
2674 565 2815 617 hanc
2849 560 3239 629 blasphemiam
3276 570 3404 625 pro-

1840 660 1975 711 tulit.
2013 660 2174 727 Igitur
2202 675 2285 719 ea.
2325 674 2441 726 qua:
2489 657 2630 710 dicta
2670 665 2724 709 et
2770 653 2909 707 laeta
2959 660 3083 705 sunt
3123 650 3289 704 Deum
3320 649 3408 701 de.

1838 750 2008 802 centia
2038 790 2051 808 ,
2103 748 2208 801 Deo
2251 748 2425 801 Verbo
2474 742 3003 800 accommodabimus
3044 752 3217 806 :quaa
3279 749 3409 789 vero

1839 838 2114 890 humiliter
2142 837 2284 888 dicta
2336 847 2391 888 et
2420 836 2554 888 facta
2603 843 2746 896 sunt,
2780 831 2967 885 forma:
3008 828 3149 884 servi
3196 826 3407 894 aptabi-

1839 942 1979 991 mus,
2009 944 2073 979 ne
2118 927 2327 988 eodem,
2366 942 2472 993 quo
2503 925 2663 977 Arius
2699 934 2755 977 et
2787 920 3102 981 Eunomius.
3156 914 3408 982 blasphe-

1840 1018 1960 1070 mia:
1998 1018 2183 1071 morbo
2219 1016 2543 1069 laboremus.

2387 1151 2575 1220 Cyrilli
2614 1149 2863 1217 defensio.

1910 1283 1989 1337 En
2025 1295 2227 1352 quanto
2261 1283 2453 1347 satius,
2484 1296 2516 1331 0
2544 1280 2735 1338 amice.
2771 1278 2910 1331 foret
2951 1276 2992 1330 si
3030 1283 3117 1329 tua
3152 1289 3303 1327 mens
3345 1274 3413 1328 ab

1842 1376 1966 1428 odio
1994 1383 2048 1427 et
2075 1372 2450 1426 affectionibus
2476 1370 2640 1421 libera
2664 1369 2933 1421 dictorum
2969 1374 3277 1419 nostrorum
3304 1363 3412 1415 vim

1843 1466 2170 1533 exquireret.
2202 1462 2398 1515 Verum
2450 1462 2548 1513 hoc
2599 1459 2775 1512 facere
2809 1473 2912 1510 non
2945 1466 3121 1514 curat.
3158 1456 3251 1507 sed
3301 1458 3415 1507 ha‘c

1844 1557 2040 1625 redigit
2069 1568 2277 1608 rursum
2325 1548 2388 1605 ad
2432 1553 2504 1613 id,
2538 1550 2679 1618 quod
2714 1548 2813 1602 sibi
2855 1548 3047 1615 placet.
3092 1545 3299 1599 Etenim
3335 1544 3417 1596 di-

1845 1648 1958 1700 cit:
1988 1645 2124 1699 Sunt
2161 1654 2214 1697 et
2247 1644 2357 1696 haec
2384 1642 2487 1704 his,
2517 1640 2768 1707 quatiam
2810 1639 2958 1691 dicta
3002 1646 3149 1699 sunt,
3194 1634 3413 1689 similia.

1849 1736 1969 1789 Vult
1996 1737 2160 1798 enim,
2205 1745 2457 1801 tanquam
2496 1731 2884 1799 temperatione
2914 1728 3076 1789 facta.
3116 1728 3168 1780 in
3212 1739 3420 1779 serum-

162 1815 439 1883 μηδεμίαν
486 1811 629 1866 εἷναι
661 1813 838 1881 λόγων
866 1813 1128 1883 διαφορὰν
1172 1812 1279 1864 τῶν
1324 1813 1382 1864 ὲν
1422 1814 1534 1873 τοῖς
1574 1812 1738 1881 ἱεροῖς

1847 1823 2022 1886 nibus,
2058 1822 2145 1887 qui
2181 1822 2232 1872 in
2286 1820 2461 1872 sacris
2503 1816 2809 1885 Evangeliis
2850 1826 2904 1869 et
2934 1814 3248 1883 apostolicis
3283 1813 3419 1867 seri-

159 1903 523 1971 Εὐαγγελίοις
544 1940 559 1963 ,
584 1902 618 1972 ἢ
652 1904 765 1963 τοῖς
792 1903 1169 1966 ἀποπολικοίς
1200 1902 1628 1971 συγγράμμασιν
1667 1902 1743 1951 εἰ-

162 1995 455 2064 ρημένων·
510 1993 607 2045 καὶ
660 1990 835 2044 ταῦτα
886 1990 1141 2060 πολεμεῖν
1196 1989 1326 2052 ἴσως
1378 1991 1601 2058 Ἀρείῳ,
1652 1990 1746 2043 καὶ

163 2083 444 2152 Εὐνομίῳ,
496 2083 730 2144 καὶτοῖς
764 2080 968 2143 λοιποῖς
1000 2080 1380 2150 αἰρεσιάρχαις
1412 2078 1744 2146 σεμνυνόμε-

156 2192 263 2236 νος.
304 2174 471 2226 Ἀλλὰ
508 2173 684 2225 ταῦτα
712 2172 814 2241 μὲν
848 2173 1070 2233 ἐκεῖνος.
1112 2170 1253 2237 Ἐγὼ
1281 2170 1337 2221 δὲ
1360 2167 1613 2221 τοσοῦτον
1641 2170 1745 2235 ἀφ·

155 2265 367 2333 ἕστηκα
404 2260 505 2313 τοῦ
555 2259 966 2330 συγκεκρᾶσθαι
1009 2260 1188 2327 λέγειν
1220 2256 1477 2327 ἀλλήλαις
1506 2257 1605 2317 τὰς
1643 2255 1742 2322 φύ-

156 2371 307 2415 σεις,
344 2353 567 2423 φορμόν
598 2368 658 2403 τε
690 2352 787 2404 καὶ
835 2350 1096 2419 σύγχυσιν
1147 2350 1431 2416 ὑπομεῖναι
1479 2348 1572 2399 καὶ
1612 2363 1741 2416 τρο-

156 2447 285 2515 πὴν,
322 2447 453 2498 ὅσον
485 2446 581 2498 καὶ
610 2444 773 2505 αὐτὸς
811 2442 906 2494 τοῦ
939 2440 1181 2503 δοξάζειν
1208 2437 1402 2508 ὀρθῶς.
1448 2437 1591 2489 Ἀλλ’
1623 2436 1743 2489 οὐδὲ

154 2537 330 2602 λόγων
359 2534 631 2604 διαφορὰν
656 2533 1047 2603 ἀνῃρήκαμενν
1082 2530 1237 2598 ῐσμεν
1264 2529 1396 2598 γάρ,
1432 2529 1513 2581 ὅτι
1552 2530 1600 2581 οἱ
1644 2528 1743 2598 μὲν

154 2628 335 2681 αὐτῶν
366 2626 632 2693 γεγόνασι
663 2623 985 2693 Θεοπρεπῶς
1012 2662 1026 2686 ,
1059 2623 1109 2674 οἰ
1138 2621 1195 2674 δὲ
1230 2620 1583 2692 ἀνθρωπίνως
1606 2637 1619 2651 ³
1651 2622 1745 2674 καὶ

151 2719 201 2770 οἰ
239 2718 342 2785 μὲν
374 2719 445 2784 τῇ
494 2715 775 2784 ὑπερτάτη
822 2713 1093 2785 πρέπουσι
1120 2713 1244 2783 δόξῃ
1266 2753 1281 2777 ,
1322 2714 1371 2765 οἱ
1403 2714 1459 2765 δέ
1490 2715 1595 2765 εἰσι
1633 2715 1745 2775 τοῖς

154 2809 248 2877 τῆς
279 2804 576 2867 κενώσεως
607 2806 829 2876 μέτροις
859 2804 1271 2875 ἀρμοδιώτεροι.
1303 2804 1515 2874 Χρῆναι
1544 2803 1602 2856 δέ
1638 2821 1744 2871 φα-

157 2916 256 2967 μεν
305 2898 516 2961 αὐτοὺς
556 2899 618 2950 οὐ
673 2896 990 2968 προσώποις
1035 2898 1187 2949 δυσὶν
1220 2896 1464 2966 ἀλλήλων
1510 2896 1743 2949 εἰσάπαν

151 2984 515 3053 διῃρημένοις
552 2983 928 3053 ἀπονέμεσθαι
978 2984 1123 3036 δεῖν·
1171 2986 1219 3036 εἰ
1260 2985 1368 3053 γάρ
1414 2987 1559 3037 ἐστιν
1598 2978 1677 3046 εἷς
1716 2986 1744 3036 ό

153 3074 362 3144 Κύριος
396 3074 558 3145 ἡμῶν
602 3073 811 3143 Ἰησοῦς
840 3075 1093 3144 Χριστὸς,
1134 3075 1230 3143 μία
1258 3092 1318 3127 τε
1365 3076 1547 3139 πίστις
1589 3079 1620 3145 ή
1662 3079 1742 3138 εἰς

1845 1911 1950 1978 ptis
2009 1910 2136 1963 dicti
2194 1919 2338 1972 sunt,
2399 1908 2600 1961 nullam
2653 1920 2774 1961 esse
2828 1904 3212 1967 diﬂcrentiam,
3258 1902 3420 1971 idque

1846 2002 2076 2055 fortasse
2118 2002 2185 2066 is,
2215 2002 2302 2063 qui
2338 2000 2601 2052 adversus
2644 1998 2832 2050 Arium
2879 2007 2934 2050 et
2982 1993 3324 2055 Eunomium,
3366 2001 3420 2045 et

1845 2100 2071 2144 cmtcros
2128 2091 2519 2143 haeresiarchas
2571 2103 2631 2140 se
2682 2101 2923 2154 pugnare
2973 2088 3256 2155 gloriatur.
3314 2084 3419 2137 Sed

1846 2178 1958 2231 haec
2008 2177 2223 2245 quidem
2281 2176 2393 2229 ille.
2450 2176 2561 2243 Ego
2610 2184 2791 2228 autem
2854 2184 3064 2227 tantum
3116 2174 3314 2236 abest,
3363 2179 3421 2224 ut

1842 2266 2018 2319 dicam
2049 2273 2480 2331 contemperatas
2528 2264 2669 2315 inter
2704 2276 2764 2316 sc.
2805 2273 3049 2325 naturas,
3085 2262 3421 2314 mistionem-

1843 2372 1947 2426 que
1976 2365 2029 2411 et
2064 2354 2430 2410 confusionem
2459 2371 2522 2410 ac
2556 2356 2862 2410 versionem
2896 2352 3223 2421 suscepisse,
3254 2367 3423 2420 quan-

1846 2456 1957 2502 tum
1991 2448 2105 2517 ipse
2133 2446 2285 2501 abest
2327 2462 2355 2499 a
2392 2455 2537 2500 recte
2567 2447 2869 2500 sentiendo.
2902 2445 3040 2511 Quin
3078 2460 3177 2499 nec
3216 2457 3422 2498 sermo-

1847 2554 1971 2592 num
2030 2537 2391 2592 dil'ferentiatn
2443 2550 2473 2590 e
2539 2537 2714 2591 medio
2779 2536 3100 2591 sustulimus
3160 2534 3421 2588 :scitnus

1845 2630 2011 2692 enim,
2044 2628 2185 2697 quod
2233 2626 2321 2679 alii
2364 2626 2581 2695 quidem
2629 2628 2762 2680 tales
2793 2634 2936 2690 sunt,
2985 2632 3042 2678 ut
3089 2625 3155 2679 de
3191 2623 3298 2677 Deo
3330 2623 3420 2675 de-

1844 2728 2031 2774 center
2076 2718 2351 2782 dicantur;
2402 2718 2490 2769 alii
2538 2732 2666 2771 vero
2712 2717 2779 2769 ad
2829 2718 3120 2770 humanam
3173 2724 3420 2769 ttaturam

1847 2810 2298 2864 accommodate:
2333 2816 2387 2862 et
2435 2806 2508 2861 illi
2557 2806 2771 2874 quidem
2815 2807 2977 2875 217
3014 2820 3278 2860 summam
3328 2806 3423 2858 de»

1847 2913 1973 2957 cent
2040 2901 2306 2969 gloriam,
2366 2898 2421 2953 hi
2475 2908 2655 2952 autem
2702 2897 3091 2951 exiuanitionis
3153 2910 3422 2949 mensura:

1846 2989 2315 3045 convenientiores
2358 2997 2508 3041 sunt.
2554 2986 2819 3041 Caeterum
2873 2985 3127 3047 dicimus,
3174 3000 3268 3039 eos
3318 2999 3421 3037 non

1848 3082 2054 3135 duabus
2090 3080 2336 3148 personis
2371 3081 2510 3133 inter
2545 3093 2603 3134 se
2648 3078 2822 3132 modis
2869 3077 3123 3131 omnibus
3154 3076 3423 3130 distinctis

154 3165 337 3229 αὐτὸν,
372 3166 473 3216 καὶ
507 3165 567 3216 ἓν
593 3164 655 3216 τὸ
682 3163 986 3233 βάπτισμα,
1033 3164 1091 3217 ἓν
1121 3165 1271 3217 ἔσται
1322 3166 1537 3227 πάντως
1575 3164 1740 3217 αὐτοῦ

1848 3170 2271 3223 distribuendos.
2319 3169 2455 3223 Nam
2507 3170 2552 3223 si
2609 3183 2750 3223 unus
2796 3177 2881 3222 est
2928 3166 3191 3221 Dominus
3237 3177 3425 3219 noster

155 3256 248 3307 καὶ
278 3255 582 3323 πρόσωπον
610 3254 687 3315 ὡς
716 3253 836 3315 ἑνός
856 3269 870 3283 ο
897 3254 991 3305 καὶ
1021 3254 1179 3324 εἰπερ
1200 3256 1348 3307 ἐστὶν
1379 3256 1407 3306 ό
1430 3256 1589 3317 αὐτὸς
1614 3255 1745 3320 Θεός

154 3363 212 3398 τε
244 3344 389 3414 ὁμοῦ
436 3345 532 3397 καὶ
572 3343 879 3414 ἄνθρωπος,
906 3344 1196 3413 ἀρμόσειεν
1230 3344 1296 3396 ἂν
1322 3344 1470 3413 αὐτῷ
1500 3346 1597 3397 καὶ
1621 3345 1747 3413 δίχα

158 3435 355 3506 μώμου
399 3434 607 3497 παντὸς
664 3435 983 3503 θεοπρεπῶς
1030 3451 1090 3486 τε
1132 3434 1268 3503 ὁμοῦ
1304 3438 1396 3487 καὶ
1434 3436 1615 3504 μέντοι
1653 3436 1747 3487 καὶ

154 3526 522 3599 ἀνθρωπίνως
557 3524 828 3576 ποιεῖσθαι
862 3525 987 3586 τοὺς
1015 3525 1232 3591 λόγους·
1282 3524 1407 3576 οὕτε
1453 3526 1550 3593 τῆς
1594 3525 1745 3588 θείας

153 3618 319 3669 αὐτοῦ
365 3616 465 3667 καὶ
495 3615 813 3683 ἀπορρήτου
843 3614 1053 3681 φύσεως
1086 3615 1575 3684 μειονεκτουμένης
1603 3617 1744 3667 κατά

153 3724 202 3759 τι
232 3706 369 3774 γοῦν
421 3705 560 3767 ὅλως
607 3704 711 3774 τῆς
753 3703 849 3757 τοῦ
884 3706 1096 3776 Πατρδς
1130 3706 1403 3777 ὑπεροχῆς
1450 3707 1537 3759 διά
1570 3724 1649 3757 τοι
1684 3706 1743 3757 τὸ

153 3798 334 3849 λαλεῖν
393 3795 777 3865 ἀνθρωπίνως,
832 3794 956 3847 οὔτε
1015 3797 1121 3864 μὴν
1184 3796 1591 3864 ἀπιστουμένης
1642 3797 1742 3865 τῆς

152 3888 474 3956 οἰκονομίας
524 3885 621 3954 τῆς
672 3884 810 3955 μετά
843 3885 1063 3957 σαρκὸς,
1113 3887 1242 3939 ὅταν
1287 3886 1423 3951 μετά
1470 3887 1562 3938 τοῦ
1602 3882 1740 3939 εἶναι

152 3982 308 4045 Θεὸς,
342 3978 441 4030 καὶ
473 3976 761 4046 ἄνθρωπος
782 3977 904 4030 καθ’
924 3979 1073 4048 ἡμᾶς
1102 3976 1354 4044 γενέσθαι
1387 3978 1735 4047 κηρύττεται.

153 4074 339 4127 Πάντα
366 4072 553 4124 τοίνυν
576 4071 694 4122 ἐστὶ
715 4068 807 4121 τοῦ
836 4070 953 4132 ἐνὸς
974 4069 1231 4138 Χριστοῦ,
1248 4070 1315 4121 τά
1343 4087 1401 4122 τε
1432 4070 1735 4140 θεοπρεπῆ,

151 4166 243 4216 καὶ
262 4164 336 4216 τὰ
370 4160 713 4229 ἀνθρώπινα.
742 4158 805 4209 Εἰ
843 4158 942 4226 μὲν
975 4159 1080 4226 γὰρ
1106 4158 1166 4209 οὑ
1195 4158 1419 4224 γέγονεν
1448 4156 1735 4225 ἄνθρωπος

148 4260 175 4307 ὀ
203 4259 266 4306 ὲκ
292 4250 436 4306 Θεοῦ
463 4248 677 4318 Πατρός
706 4248 879 4317 Λόγος
899 4290 912 4311 ,
943 4248 1019 4317 μὴ
1058 4248 1285 4300 λαλείτω
1320 4247 1441 4300 καθ’
1468 4248 1612 4316 ἡμᾶς
1642 4248 1739 4299 άν-

148 4343 469 4412 θρωπίνως.
497 4340 560 4391 Εἰ
599 4339 656 4391 δὲ
682 4338 880 4406 ἀληθὲς
906 4339 987 4390 ὅτι
1025 4337 1418 4407 παραπλησίως
1444 4340 1575 4406 ἡμῖν
1606 4354 1737 4407 μετ.

150 4438 307 4505 ἐσχεν
344 4434 585 4502 αἵματος
623 4432 719 4483 καὶ
748 4429 971 4499 σαρκὸς,
996 4430 1089 4481 καὶ
1112 4427 1369 4498 ὡμοιώθη
1400 4428 1541 4481 κατά
1562 4429 1737 4483 πάντα
1767 4459 1816 4518 D

151 4530 258 4588 τοῖς
290 4524 550 4591 ἀδελφοῖς
576 4562 591 4585 ,
632 4523 763 4591 ἡμῖν
792 4519 1037 4590 δηλονότι
1063 4562 1077 4583 ,
1125 4521 1177 4572 τί
1206 4522 1266 4573 τὸ
1294 4521 1394 4591 τῆς
1423 4521 1733 4589 οἰκονομίας

152 4617 403 4687 εὑτεχνὲς
428 4626 453 4652 ε
486 4612 860 4682 ἀνοητοτάτως
900 4612 1260 4681 διασύρουσι,
1299 4609 1484 4678 φωνῆς
1525 4608 1734 4678 ἀνθρω-

156 4710 310 4775 πίνης
332 4706 436 4757 οὐκ
462 4703 798 4772 ἀνεχόμενοι,
822 4702 915 4753 καὶ
941 4702 1000 4754 τὸ
1026 4703 1085 4754 ἐν
1115 4701 1293 4769 λόγοις
1321 4702 1733 4770 σμικροπρεπὲς

151 4798 231 4849 διὰ
258 4798 361 4866 τὴν
395 4794 710 4863 οἰκονομίαν
740 4793 816 4854 ὡς
848 4792 1021 4861 ἑτέρῳ
1059 4792 1178 4845 κατ’
1218 4791 1350 4843 ἰδίαν
1384 4792 1513 4860 Υἰῷ,
1537 4794 1603 4863 τῇ
1638 4790 1730 4842 τοῦ

152 4889 332 4961 δούλου
392 4888 575 4956 μορφῇ
606 4884 630 4920 ά
654 4925 670 4948 ,
704 4883 956 4952 καθάπερ
1004 4883 1157 4935 αὐτοί
1206 4900 1389 4951 φασιν,
1420 4883 1729 4935 ἀνατιθέναι

154 4979 542 5042 σπουδάζοντες
564 4994 577 5041 ;
611 4976 896 5028 Ἀσύνετον
917 4975 973 5027 δὲ
1003 4976 1276 5037 παντελῶς
1301 4976 1362 5027 τὸ
1388 4975 1727 5045 σκήπτεσθαι

158 5070 246 5135 μὲν
273 5070 514 5123 δεδιέναι
536 5069 635 5129 τὰς
659 5068 766 5120 τῶν
791 5067 1084 5136 αἱρετικῶν
1112 5067 1458 5137 δυστροπίας,
1484 5062 1603 5118 εἶτα
1628 5066 1726 5134 τῆς

155 5165 311 5233 ὀρθῆς
365 5164 601 5224 πίστεως
643 5163 743 5231 τὴν
795 5163 1092 5232 παράδοσιν
1133 5161 1490 5232 ἀποκομίζειν
1530 5164 1726 5223 αὐτοὺς

155 5255 251 5319 ἰξω
276 5255 372 5308 τοῦ
406 5254 742 5324 καθήκοντος
770 5253 952 5322 λόγου.
976 5255 1231 5323 Ἀμεινον
1260 5254 1316 5306 δὲ
1340 5254 1504 5320 φαίην
1526 5252 1612 5316 ἂν,
1634 5255 1727 5306 καὶ

219 5410 262 5444 ιο
303 5409 506 5478 Ephes.
542 5408 702 5473 1ν,5.
780 5409 823 5438 ’ν
865 5406 1026 5463 Hebr.
1062 5423 1120 5471 ιι,
1157 5407 1241 5462 ιι.
1319 5404 1365 5437 νε
1404 5406 1531 5461 ibid.
1568 5366 1671 5460 ιτς

1848 3260 2006 3315 Jesus
2053 3261 2323 3325 Christus,
2376 3275 2590 3330 unaque
2640 3260 2794 3326 ﬁdes,
2852 3272 2975 3327 qua:
3031 3258 3085 3311 in
3146 3257 3318 3320 illum,
3371 3267 3427 3309 et

1850 3366 2015 3404 unum
2048 3352 2313 3419 baptisma
2330 3352 2399 3411 ’°,
2430 3366 2535 3403 una
2566 3364 2781 3418 quoque
2812 3348 2929 3415 ejus
2961 3360 3218 3414 tanquam
3266 3347 3427 3399 unius

1847 3443 1951 3495 erit
1992 3456 2241 3509 persona.
2276 3440 2342 3494 Et
2379 3440 2818 3509 quandoquidem
2860 3437 3005 3492 idem
3054 3438 3193 3492 Deus
3232 3446 3314 3491 est
3347 3437 3416 3490 si-

1848 3534 1957 3587 mul
1992 3544 2046 3587 et
2095 3534 2275 3599 homo,
2312 3543 2574 3603 congruet
2629 3532 2729 3599 ipsi
2774 3542 2827 3583 et
2875 3531 3078 3596 absque
3132 3528 3426 3595 reprehen-

1846 3625 2018 3689 sione,
2054 3635 2111 3675 ut
2148 3623 2287 3675 idem
2336 3636 2617 3675 sermones
2662 3621 2921 3689 proferat,
2956 3620 3071 3673 sive
3103 3618 3212 3672 Deo
3251 3617 3423 3687 digni,

1845 3714 1959 3768 sive
2008 3714 2228 3766 humani
2266 3713 2376 3765 sint
2404 3728 2418 3764 :
2450 3726 2627 3780 neque
2671 3712 2849 3764 divina
2904 3722 2960 3763 et
2988 3708 3279 3761 ineﬂabilis
3309 3708 3427 3771 eius

1847 3817 2039 3860 natura
2092 3804 2197 3857 ulla
2240 3806 2291 3857 in
2348 3819 2403 3857 re
2460 3804 2528 3856 ab
2574 3802 2900 3857 excellentia
2936 3800 3139 3863 Patris,
3186 3814 3281 3866 per
3325 3798 3425 3851 hoc

1845 3896 1987 3963 quod
2014 3895 2252 3963 loquitur
2278 3910 2362 3956 ea,
2394 3910 2512 3962 qua:
2541 3894 2929 3946 humanitatem
2957 3892 3195 3959 sapiunt,
3226 3890 3425 3943 minui-

1848 3996 1955 4050 tnr,
1988 4000 2163 4053 neque
2202 3995 2489 4053 propterea
2519 3982 2910 4052 dispensationi
2943 3996 3066 4034 cum
3096 3995 3261 4035 carne
3291 3981 3423 4034 lidcs

1845 4077 2159 4143 abrogatur,
2182 4076 2422 4142 quando,
2447 4089 2569 4126 cum
2599 4074 2699 4126 hoc
2726 4071 2871 4139 quod
2893 4078 2971 4123 est
2995 4069 3214 4132 Deus,et
3239 4070 3421 4133 homo,

1842 4166 1985 4218 sicut
2035 4179 2168 4229 nos,
2221 4162 2399 4219 factus
2444 4177 2565 4216 esse
2608 4162 2951 4231 praedicatur.
3008 4158 3195 4226 Itaque
3240 4160 3421 4211 omnia

1843 4265 1970 4309 sunt
1988 4255 2148 4308 unius
2171 4255 2395 4317 Christi,
2428 4262 2536 4307 tam
2562 4268 2647 4317 ea,
2676 4266 2796 4319 quae
2827 4250 2993 4303 Deum
3017 4249 3234 4310 decent,
3259 4264 3419 4314 quam

1842 4359 1961 4412 quae
1988 4343 2377 4398 humanitatem
2408 4341 2668 4395 referunt.
2702 4336 2837 4392 Nam
2861 4339 2905 4392 si
2936 4338 3153 4406 quidem
3183 4335 3420 4391 Verbum

1844 4435 1994 4499 illud,
2031 4433 2171 4501 quod
2194 4448 2263 4488 ex
2299 4433 2407 4487 Deo
2437 4431 2599 4485 Patre
2626 4440 2729 4496 est,
2757 4444 2861 4484 non
2894 4428 3096 4482 factum
3124 4438 3207 4481 est
3234 4429 3418 4491 homo,

1843 4526 2156 4579 humanitus
2204 4527 2501 4579 secundum
2556 4538 2654 4577 nos
2695 4536 2763 4575 ne
2800 4521 3075 4589 loquatur.
3120 4518 3177 4572 Si
3240 4528 3419 4572 autem

1845 4631 2031 4670 verum
2056 4627 2160 4681 est,
2189 4617 2330 4683 quod
2357 4613 2606 4666 similiter
2638 4612 2780 4665 sicut
2815 4625 2913 4664 nos
2940 4611 3214 4677 particeps
3245 4608 3420 4662 factus

1841 4716 1924 4761 est
1968 4705 2247 4773 sanguinis
2295 4712 2349 4756 et
2398 4702 2582 4756 carnis
2603 4702 2670 4767 ⁸⁷,
2704 4709 2760 4753 et
2808 4699 3143 4753 assimilatus
3177 4707 3263 4751 est
3310 4697 3419 4750 fra—

1841 4798 2014 4850 tribus
2055 4811 2149 4863 per
2181 4796 2361 4848 omnia
2386 4794 2453 4858 '3,
2486 4792 2640 4846 nobis
2682 4790 2951 4853 videlicet,
2994 4803 3091 4843 cur
3122 4788 3414 4856 sapientis-

1836 4889 1987 4943 simae
2037 4885 2422 4956 dispensationi
2473 4884 2795 4938 stultissime
2841 4882 3176 4941 obtrectant,
3227 4893 3413 4931 vocem

1837 4981 2124 5033 humanam
2160 4994 2262 5031 non
2298 4978 2554 5039 ferentes,
2584 4986 2635 5028 et
2666 4976 2837 5037 illam,
2867 4988 2985 5042 quae
3023 4988 3089 5027 ex
3128 4972 3419 5039 distiensa-

1837 5072 1977 5124 tioue
2027 5080 2143 5133 est,
2201 5070 2466 5123 sermonis
2505 5068 2817 5123 tenuitatem
2871 5065 3021 5134 quasi
3067 5064 3133 5117 ad
3180 5063 3409 5115 alterum

1834 5162 2060 5213 seorsim
2096 5160 2311 5222 Filium,
2345 5161 2409 5213 ad
2438 5159 2665 5213 formam
2698 5158 2863 5223 servi,
2890 5157 3031 5210 sicut
3060 5156 3160 5224 ipsi
3195 5154 3405 5217 dicunt,

1863 5252 2038 5305 elei-re
2070 5252 2389 5306 studentes?
2427 5251 2662 5306 Omnino
2691 5260 2869 5305 autem
2900 5248 3126 5303 stultum
3172 5256 3275 5308 est,
3308 5244 3407 5297 lin-

1226 5557 1399 5615 Variae
1424 5558 1682 5615 lectiones
1709 5574 1771 5614 ex
1808 5556 1993 5612 codice
2028 5552 2395 5627 Seguieriano.

229 5732 249 5763 ⁸
273 5721 513 5792 εὐτυχές.
600 5716 624 5757 ά
651 5717 745 5788 τὴν
782 5715 869 5770 τοῦ
898 5715 1079 5770 δούλου
1118 5716 1347 5787 μορφήν.
