4042 6438
636 336 742 392 6|5

1658 344 1715 400 S.
1759 344 2035 401 CYRILLI
2073 343 2542 400 ALEXANDRINI
2578 345 2893 402 ARCHIEP.

3793 348 3896 402 416

636 468 764 521 gere
801 453 1019 523 quidem
1051 457 1193 526 quod
1241 467 1483 513 metuant
1530 462 1903 516 haereticorum
1934 466 2201 532 perversi-

2308 463 2440 515 πολὺ
2474 462 2593 515 λίαν
2621 463 3046 534 εὐμαθέστερον,
3074 465 3171 526 τὰς
3202 463 3551 533 ἀνθρωπίνας
3583 463 3843 516 ἀνάπτειν
3874 480 3895 501 τ

634 552 799 605 tates,
830 545 1024 598 deinde
1053 547 1309 615 ipsosmet
1339 558 1499 603 recta:
1531 550 1651 604 ﬁdei
1682 553 2027 607 traditionem
2055 566 2205 607 extra

633 635 1044 691 convenientem
1103 639 1369 694 rationem
1416 642 1707 697 abducere.
1788 644 1974 699 Melius
2026 658 2205 701 autem

634 727 886 789 dixerim,
922 736 977 781 et
1006 727 1165 797 longe
1216 732 1480 787 eruditius
1524 748 1667 797 esse,
1718 735 1981 791 humanas
2023 748 2209 806 aptare

633 826 793 866 voces
842 828 945 868 non
985 817 1139 871 alteri
1180 835 1424 888 personae
1476 825 1669 893 magis,
1722 840 1838 893 qua:
1882 829 2110 882 seorsim
2155 837 2208 883 et

634 902 846 957 divisim
876 904 1213 977 intelligatur
1250 924 1370 966 esse
1398 912 1587 974 Filius,
1633 924 1686 968 et
1720 917 1857 970 sicut
1888 917 1987 984 ipsi
2020 919 2207 975 dicere

633 988 827 1057 solent,
879 992 1066 1048 forma:
1108 999 1274 1061 servi,
1330 1002 1424 1054 sed
1468 1003 1645 1069 potius
1696 1003 2050 1062 humanitatis
2089 1009 2208 1077 ejus

634 1084 903 1138 mensuris
928 1087 1247 1143 attribuere.
1286 1090 1418 1144 Nam
1450 1108 1591 1157 eum,
1622 1096 1713 1163 qui
1752 1098 1912 1151 simul
1953 1098 2094 1153 Deus
2123 1110 2206 1155 est

631 1180 687 1224 et
729 1172 908 1237 homo,
960 1186 1251 1247 utrumque
1300 1195 1607 1237 sermonem
1646 1187 1931 1242 admittere
1970 1199 2203 1258 oportet.

630 1263 792 1334 Atqui
818 1269 1012 1332 miror,
1042 1274 1310 1338 quomodo
1339 1276 1502 1329 etiam
1537 1279 1651 1347 ipse
1679 1280 1897 1334 simulet
1932 1282 2201 1349 conﬁteri,

632 1368 795 1408 unum
828 1371 948 1412 esse
988 1358 1284 1427 Christum,
1317 1365 1410 1433 qui
1444 1367 1654 1422 scilicet
1694 1369 1833 1424 idem
1865 1371 2007 1427 Deus
2044 1373 2205 1428 simul

628 1452 682 1495 et
707 1443 866 1499 homo
889 1447 988 1501 sit:
1009 1459 1063 1502 et
1094 1459 1295 1519 tamen,
1322 1456 1475 1521 quasi
1506 1458 1557 1509 in
1584 1458 1908 1515 oblivionem
1937 1463 2204 1519 adductus

628 1544 816 1584 eorum
876 1549 996 1602 quae
1054 1538 1191 1592 bene
1231 1554 1289 1594 se
1336 1543 1535 1597 habere
1568 1548 1798 1612 putavit,
1836 1561 2055 1618 separet
2102 1553 2204 1611 ite-

629 1634 745 1671 rum
779 1635 945 1674 unum
974 1624 1027 1676 in
1054 1627 1207 1680 duos.
1241 1627 1376 1682 Nam
1419 1630 1717 1691 Salvatoris
1744 1652 1928 1694 vocem
1959 1645 2199 1712 apponit,

627 1710 894 1765 dicentis:
926 1729 945 1761 ι
978 1711 1054 1767 De
1095 1715 1184 1768 die
1222 1730 1403 1773 autem
1456 1722 1543 1776 illa
1592 1736 1647 1778 et
1678 1727 1808 1781 hora
1844 1710 2003 1786 nemo
2029 1710 2199 1801 novit,

626 1812 803 1867 neque
832 1803 1007 1870 angeli
1034 1805 1317 1874 calorum,
1347 1826 1523 1881 neque
1556 1814 1740 1880 Filius,
1776 1821 1876 1875 nisi
1900 1821 2143 1879 Pater".
2176 1846 2196 1879 ι
2234 1802 2276 1858 Β

625 1887 828 1944 Deinde
875 1895 1192 1962 sapientiam
1236 1913 1360 1954 esse
1400 1901 1672 1961 adiuuans
1708 1908 1944 1963 Verbqu
1992 1926 2058 1967 ex
2093 1916 2201 1970 Deo

624 1976 787 2033 Patre
822 1993 1031 2047 natum,
1062 2002 1182 2054 qua:
1213 1997 1267 2042 et
1290 1994 1467 2045 omnia
1500 1993 1677 2049 futura
1721 2012 2040 2066 prmnoscat,
2067 2004 2203 2072 adji-

622 2070 699 2123 cit
730 2081 784 2125 et
828 2073 999 2128 dicit:
1035 2078 1201 2147 213
1224 2080 1341 2135 Non
1390 2084 1556 2153 igitur
1590 2086 1751 2142 Verbi
1794 2091 1885 2144 Dei
1935 2103 2017 2146 est
2051 2070 2203 2163 igno-

624 2162 823 2225 rantia,
856 2165 947 2216 sed
980 2166 1163 2221 forma:
1185 2172 1351 2234 servi,
1380 2188 1499 2241 qua:
1532 2183 1683 2229 tanta
1715 2193 1813 2245 per
1841 2190 2050 2250 tempus
2074 2162 2201 2241 illud

625 2249 859 2317 sciebat,
888 2265 1088 2321 quanta
1115 2258 1291 2313 deitas
1326 2260 1633 2317 inhabitans
1672 2249 1963 2327 revelabat.
2002 2272 2122 2329 llaec
2150 2287 2204 2331 et

623 2340 691 2393 de
721 2341 845 2396 aliis
882 2343 1149 2403 similibus
1179 2350 1407 2405 dicenda
1443 2365 1590 2411 sunt.
1625 2355 1795 2426 Igitur
1834 2362 1877 2413 si
1920 2378 2024 2416 non
2056 2382 2204 2419 men-

626 2428 742 2481 tiris
773 2430 958 2486 dicens
1002 2449 1167 2489 unum
1227 2452 1347 2494 esse
1389 2442 1671 2498 Dominum
1718 2460 1771 2502 et
1814 2451 2084 2506 Christum
2115 2454 2205 2509 Je-

624 2532 765 2580 sum,
804 2524 1051 2577 eumdem
1090 2528 1297 2582 scilicet
1328 2532 1495 2587 Deum
1536 2546 1590 2597 et
1619 2539 1912 2604 hominem,
1946 2560 2041 2597 cur
2066 2547 2203 2599 divi-

624 2607 728 2671 dis,
775 2620 830 2663 et
865 2612 998 2668 duos
1036 2617 1221 2672 dicere
1261 2620 1401 2676 ﬁlios
1449 2640 1553 2678 non
1604 2630 1923 2685 erubescis?
1966 2634 2044 2686 An
2097 2652 2201 2689 non

625 2696 784 2761 plane
814 2700 922 2754 duo
964 2716 1143 2771 erunt,
1203 2708 1248 2762 si
1282 2710 1499 2778 quidem
1555 2730 1661 2769 non
1701 2728 1782 2772 est
1820 2719 1959 2773 idem
2000 2726 2089 2791 qui
2126 2724 2205 2777 di-

627 2801 869 2843 mensam
899 2793 1062 2847 habet
1091 2797 1376 2852 scientiam
1410 2816 1531 2855 cum
1568 2818 1654 2869 eo,
1688 2806 1777 2871 qui
1811 2809 1958 2860 novit
1986 2811 2201 2874 omnia;

624 2885 679 2929 et
710 2894 832 2933 cum
862 2896 950 2945 eu,
973 2885 1065 2952 qui
1095 2888 1350 2953 partitam
1378 2891 1570 2960 recipit
1599 2894 2007 2960 revelationem,
2044 2898 2087 2951 is
2114 2900 2204 2967 qui

626 2969 896 3036 perfectus
945 2986 1027 3029 est
1082 2978 1134 3031 in
1185 2980 1480 3049 sapientia,
1527 2992 1585 3038 et
1640 2994 1787 3039 tanta
1849 3000 2204 3055 cognoscens,

625 3072 822 3128 quanta
872 3074 927 3118 et
972 3066 1177 3122 Pater?
1207 3070 1275 3123 Et
1321 3071 1365 3124 si
1417 3075 1632 3142 quidem
1679 3082 1762 3130 est
1792 3092 1927 3131 unus
1972 3088 2027 3132 et
2064 3080 2204 3133 idem

2315 551 2497 620 φωνὰς
2541 553 2639 623 οὑχ
2683 555 2853 625 ἑτέρῳ
2900 553 3177 625 προσώπῳ
3238 554 3460 624 μᾶλλον,
3504 556 3780 625 νοουμένῳ
3836 574 3895 607 τε

2318 644 2499 707 ίδικῶς
2536 646 2630 697 καὶ
2663 647 2766 699 ἀνά
2803 647 2969 717 μέρος
3010 648 3158 717 Υίῷ,
3203 651 3268 717 τῇ
3313 647 3407 699 τοῦ
3438 647 3628 700 δούλου
3677 654 3893 719 μορφῇ,

2312 734 2456 787 καθὰ
2485 735 2664 803 λέγειν
2699 736 2815 801 ἔθος
2848 739 3053 800 αὑτοῖς,
3098 738 3428 808 προσνέμειν
3466 737 3521 789 δὲ
3554 739 3752 806 μᾶλλον
3780 744 3893 804 τοῖς

2309 825 2410 895 τῆς
2462 826 2882 898 ἀνθρωπὸτητος
2927 828 3092 881 αὑτοῦ
3144 831 3403 901 μέτροιςο
3458 830 3564 883 ἔδει
3615 832 3722 901 γὰρ
3760 832 3893 885 ὄντα

2311 914 2443 968 Θεὸν
2470 917 2603 987 ὁμοῦ
2655 920 2746 972 καὶ
2770 919 3077 987 ἄνθρωπον,
3102 919 3170 971 δι’
3204 921 3407 989 ἀμφοῖν
3438 920 3571 972 ἱέναι
3601 920 3619 958 ί
3657 924 3772 974 τοῖν
3805 922 3895 975 λό-

2311 1023 2447 1072 γοιν.
2478 1008 2752 1078 Θαυμάζω
2800 1010 2857 1062 δὲ
2886 1011 3035 1072 ὅπως
3078 1010 3429 1079 ὑποκρίνεται
3459 1011 3559 1078 μὲν
3593 1014 3685 1063 καὶ
3726 1013 3892 1075 αὑτὸς

2309 1097 2614 1165 ὁμολογεῖν,
2644 1099 2839 1169 ὅτιπερ
2867 1093 2944 1161 εἷς
2978 1101 3068 1151 ὲστ
3082 1114 3127 1149 ιν
3147 1100 3175 1150 6
3195 1098 3449 1168 Χριστὸς,
3478 1098 3507 1148 6
3528 1098 3688 1160 αὑτὸς
3710 1098 3893 1167 δηλον-

2308 1185 2390 1237 ότι
2423 1185 2556 1248 Θεὸς
2589 1186 2727 1256 ὁμοῦ
2779 1191 2871 1238 καὶ
2905 1186 3190 1257 ἄνθρωπος
3211 1203 3223 1214 ·
3276 1187 3354 1247 είς
3401 1185 3571 1255 λήθην
3600 1186 3656 1238 δὲ
3697 1188 3890 1257 ὥσπερ

2310 1270 2740 1346 ὑπενεχθεὶς,ὦν
2767 1272 2826 1329 εὖ
2850 1276 2993 1345 ἐχειν
3019 1276 3305 1345 ὑπείληφε,
3338 1276 3576 1344 διίστησι
3603 1276 3766 1329 πάλιν
3808 1279 3892 1339 είς

2304 1370 2398 1421 δύο
2434 1369 2526 1420 τὸν
2554 1367 2670 1419 ἕνα.
2708 1366 3051 1436 Παρατίθησι
3085 1365 3183 1435 μὲν
3218 1366 3329 1436 γὰρ
3363 1366 3455 1419 τοῦ
3493 1368 3743 1438 Σωτῆρος
3774 1387 3891 1436 φω⁴

2305 1459 2404 1527 νὴν
2445 1456 2727 1524 λέγοντος·
2782 1474 2798 1504 ι
2836 1455 2971 1523 Περὶ
3012 1454 3068 1507 δὲ
3100 1454 3196 1521 τῆς
3233 1454 3447 1523 ἡμέρας
3494 1453 3746 1523 ἐκείνης,
3790 1454 3891 1504 καὶ

2304 1549 2405 1618 τῆς
2429 1547 2598 1618 ὥρας,
2620 1546 2795 1608 οὐδεὶς
2815 1542 2976 1607 οἶδεν,
2998 1542 3120 1595 οὑδὲ
3149 1543 3198 1595 οἱ
3232 1542 3453 1609 ἄγγελοι
3482 1542 3593 1594 τῶν
3615 1543 3887 1608 οὐρανῶν,

2303 1638 2425 1692 οὐδὲ
2471 1639 2500 1690 6
2534 1636 2695 1698 Υἱὸς,
2737 1636 2785 1686 εί
2835 1635 2908 1704 μὴ
2959 1635 2986 1684 6
3037 1633 3247 1701 Πατήρ.
3283 1651 3301 1683 ι
3340 1626 3472 1684 Εἶτα
3518 1633 3709 1699 σοφίαν
3749 1629 3892 1683 εἶναι

2304 1730 2788 1799 διαϐεϐαιούμενος
2816 1728 2908 1780 τὸν
2948 1728 3013 1779 ὲκ
3038 1725 3173 1778 Θεοῦ
3198 1724 3371 1793 φύντα
3392 1725 3585 1790 Λόγον,
3616 1725 3798 1777 πάντα
3831 1741 3891 1776 τε

2309 1821 2506 1875 ειδέναι
2539 1821 2606 1873 τά
2634 1819 2887 1888 ἐσόμενα,
2914 1816 3278 1885 προσεπάγει,
3301 1813 3394 1865 καί
3424 1828 3607 1880 φησιν’
3644 1815 3759 1865 Οὑκ
3782 1812 3894 1881 ἄρα

2308 1911 2401 1965 τοῦ
2430 1909 2566 1964 Θεοῦ
2596 1910 2772 1975 Λόγου
2806 1912 2838 1977 ὴ
2872 1907 3086 1971 ἄγνοια,
3120 1903 3257 1956 ἀλλά
3291 1902 3389 1970 τῆς
3421 1902 3515 1953 τοῦ
3546 1902 3731 1954 δούλου
3764 1919 3897 1971 μορ-

2310 2004 2439 2072 φῆς,
2472 2002 2572 2067 τῆς
2620 1998 2857 2051 τοσαῦτα
2908 1997 3028 2047 κατ’
3052 1997 3227 2047 έκεῖνο
3262 1992 3455 2063 καιροῦ
3491 1992 3894 2061 γινωσκούσης,

2308 2094 2409 2144 ὅσα
2440 2092 2473 2159 ἡ
2508 2087 2794 2142 ἐνοικοῦσα
2817 2087 3010 2155 θεότης
3037 2083 3380 2152 ἀπεκάλυψε.
3413 2083 3601 2136 Ταῦτα
3633 2084 3725 2136 καὶ
3761 2085 3895 2153 περὶ

2307 2181 2415 2233 τῶν
2458 2178 2633 2233 ἄλλων
2688 2178 2933 2247 ὁμοίωςϐ
2983 2176 3135 2227 ἔστιν
3185 2174 3382 2228 εἰπεῖν.
3438 2172 3647 2225 Οὑκοῦν
3702 2176 3750 2226 εἰ
3816 2174 3893 2244 μὴ

2308 2272 2482 2343 ψεύδῃ
2519 2271 2693 2339 λέγων
2726 2270 2822 2320 ἕνα
2868 2266 3070 2335 Κύριον
3122 2265 3216 2317 καὶ
3254 2263 3489 2334 Χριστὸν
3526 2264 3755 2334 Ἰησοῦν,
3797 2266 3895 2317 τὸν

2310 2362 2472 2415 αὑτὸν
2506 2360 2746 2430 δηλονότι
2790 2357 2922 2409 Θεόν
2968 2371 3027 2406 τε
3068 2353 3204 2423 ὁμοῦ
3280 2353 3374 2407 καὶ
3422 2352 3731 2423 ἄνθρωπον,
3770 2356 3891 2408 ἀνθ’

2310 2452 2434 2505 ὅτου
2456 2450 2703 2521 διαιρεῖς,
2742 2446 2836 2500 καὶ
2864 2445 2956 2499 δύο
2983 2446 3158 2511 λέγων
3189 2444 3337 2505 υίοὺς
3365 2444 3463 2495 οὑκ
3491 2444 3785 2514 ἐρυθριᾷς;
3821 2449 3893 2498 ’Ἡ

2310 2542 2430 2609 οὑχδ⁸
2479 2538 2571 2592 δύο
2611 2555 2712 2590 που
2759 2537 2976 2597 πάντως
3022 2529 3132 2586 εῐεν
3180 2531 3267 2595 ἂν,
3318 2533 3476 2602 εἴπερ
3514 2534 3664 2587 ἐστὶν
3711 2536 3811 2605 οὑχ
3866 2539 3898 2588 6

2311 2634 2473 2694 αὐτὸς
2489 2630 2566 2700 τῷ
2597 2647 2664 2700 με
2673 2645 2840 2699 μετρη
2851 2628 3017 2695 μένην
3036 2625 3212 2694 ἔχοντι
3236 2624 3438 2691 γνῶσιν
3458 2628 3485 2678 6
3509 2627 3685 2679 πάντα
3710 2628 3896 2691 εἰδώς·

2312 2724 2406 2775 καὶ
2435 2721 2510 2792 τῷ
2543 2720 2776 2792 μερικὴν
2802 2718 3075 2787 δεχομένῳ
3104 2716 3202 2786 τὴν
3235 2716 3578 2784 ἀποκάλυψιν
3613 2720 3641 2769 6
3684 2719 3901 2784 τέλειος

2312 2812 2370 2864 ὲν
2400 2811 2590 2878 σοφία,
2623 2809 2715 2861 καὶ
2746 2806 2985 2859 τοσαῦτα
3013 2802 3318 2871 γινώσκων,
3348 2804 3448 2857 ὅσα
3479 2806 3572 2856 καὶ
3600 2808 3627 2857 6
3668 2807 3899 2877 Πατήρ;

2312 2899 2423 2951 Καὶ
2454 2898 2614 2968 εῐπερ
2660 2897 2807 2950 ἐστὶν
2840 2890 2920 2958 εἷς
2978 2911 3039 2946 τε
3101 2894 3193 2945 καὶ
3237 2896 3265 2946 6
3322 2895 3506 2957 αὐτὸς,
3551 2894 3638 2947 διά
3687 2897 3749 2947 τὸ
3793 2898 3902 2965 τῆς

2312 2989 2546 3059 ἀληθοῦς
2571 2986 2815 3047 ἐνώσεως
2843 2984 3053 3055 χρῆμα,
3094 2983 3185 3035 καὶ
3214 2983 3313 3052 οὑχ
3349 2983 3536 3053 ἕτερος
3577 2985 3672 3037 καὶ
3701 2986 3900 3055 ἔτερος

2313 3078 2656 3150 διῃρημένως
2680 3077 2706 3115 h
2727 3092 2785 3127 τε
2820 3075 2911 3127 καὶ
2937 3071 3040 3125 ἀνὰ
3071 3073 3261 3141 μέρος,
3288 3070 3456 3123 αὑτοῦ
3481 3072 3698 3133 πάντως
3733 3072 3899 3124 ἔσται

626 3160 849 3218 propter
881 3169 1061 3209 veram
1102 3159 1382 3225 unionem,
1417 3173 1479 3217 iet
1526 3179 1631 3219 non
1691 3166 1828 3220 alius
1863 3178 2025 3238 atque
2072 3172 2207 3225 alius

2312 3137 2493 3223 τὸ
2525 3137 2743 3228 ειδέναι,
2767 3166 2859 3217 καὶ
2889 3164 2987 3232 μέν
3016 3137 3097 3215 τοί
3130 3137 3223 3214 καὶ
3250 3162 3312 3214 τὸ
3348 3162 3423 3231 μὴ
3450 3162 3654 3215 εἰδέναι
3682 3163 3897 3219 δοκεῖν.

625 3241 933 3308 disjunctim
1005 3256 1061 3301 et
1133 3250 1383 3317 divisim,
1435 3254 1552 3322 ejus
1603 3256 1828 3311 omnino
1884 3261 1988 3311 erit
2044 3261 2210 3315 etiam

629 3330 800 3397 ipsum
836 3336 980 3390 scire
1021 3347 1079 3392 et
1132 3341 1302 3395 videri
1337 3346 1571 3397 nescire.
1602 3344 1789 3414 Itaque
1821 3350 2210 3417 novitquidem

627 3430 683 3475 et
716 3422 832 3492 ipse
868 3427 1071 3492 divine,
1125 3439 1185 3483 ut
1231 3432 1494 3501 sapientia
1529 3434 1715 3490 Patris
1744 3454 1757 3489 :
1788 3438 2040 3504 quoniam
2086 3454 2213 3494 vero

631 3524 939 3568 mensuram
979 3518 1281 3585 ignorantis
1323 3522 1689 3577 humanitatis
1724 3525 1946 3589 subivit,
1991 3526 2211 3596 dispen-

628 3600 799 3657 sative
844 3610 1119 3675 proprium
1168 3610 1296 3666 facit
1348 3613 1449 3667 hoc
1480 3628 1603 3668 cum
1652 3615 1807 3678 aliis,
1861 3630 2198 3686 quanquam,

628 3691 763 3746 sicut
794 3695 993 3749 dudum
1029 3698 1164 3763 dixi,
1198 3702 1454 3771 ignorans
1496 3704 1650 3765 nihil,
1694 3707 1785 3759 sed
1816 3708 1994 3763 sciens
2027 3712 2207 3764 omnia

626 3795 749 3834 cum
776 3779 953 3838 Patre.
990 3784 1122 3840 Nam
1151 3799 1373 3859 propter
1401 3806 1561 3859 quam
1593 3808 1812 3847 causam
1842 3798 2061 3852 esurire
2086 3798 2125 3861 ³,
2153 3808 2207 3852 et

628 3883 696 3925 ex
720 3872 912 3929 itinere
938 3876 1151 3947 fatigari
1184 3880 1444 3944 dicitur”,
1468 3886 1716 3952 quamvis
1752 3887 1861 3940 vita
1884 3897 1937 3942 et
1966 3889 2209 3945 viviﬁcus

629 3961 723 4025 sit,
767 3966 825 4016 ut
857 3963 1013 4030 Deus,
1067 3976 1119 4022 et
1153 3969 1267 4037 ipse
1311 3972 1385 4025 sit
1430 3973 1585 4040 panis
1638 3974 1793 4030 vivus
1830 3978 1922 4043 qui
1954 3978 2021 4031 de
2062 3980 2203 4034 coelo

626 4049 909 4107 descendit
945 4064 998 4108 et
1047 4057 1141 4111 dat
1168 4060 1332 4113 vitam
1364 4062 1633 4129 mundo’;
1664 4073 1718 4117 et
1748 4065 1968 4134 insuper
1994 4068 2108 4137 ipse
2135 4071 2207 4124 sit

626 4142 890 4197 virtutum
928 4144 1227 4203 Dominus?
1257 4149 1487 4217 Verum,
1524 4162 1583 4207 ut
1623 4157 1880 4211 credatur
1911 4164 2203 4217 secundum

626 4233 910 4290 veritatem
949 4237 1123 4294 factus
1159 4241 1349 4306 homo,
1387 4247 1761 4314 appropriavit
1793 4249 1893 4302 sibi
1931 4250 2163 4307 humana
2186 4296 2200 4321 ,

626 4324 679 4377 in
714 4324 873 4382 bonis
907 4344 1018 4385 sua:
1053 4341 1261 4389 natura:
1297 4338 1636 4391 mansionem
1674 4340 1923 4395 stabilem
1961 4342 2198 4411 habens,

2312 3259 2523 3314 Οὑκοῦν
2568 3254 2676 3309 οἶδε
2720 3257 2818 3325 μὲν
2866 3254 2961 3309 καὶ
2999 3252 3163 3315 αὑτὸς
3210 3252 3409 3314 θεῖκῶς
3450 3254 3525 3314 ὼς
3580 3253 3743 3321 σοφία
3798 3255 3897 3307 τοῦ

2310 3350 2543 3419 Πατρός.
2594 3347 2813 3415 Ἐπειδὴ
2836 3345 2894 3397 δὲ
2923 3343 2983 3395 τὸ
3008 3347 3104 3411 τῆς
3134 3343 3437 3411 ἀγνοούσης
3464 3343 3901 3415 ἀνθρωπότητος

2311 3439 2477 3493 ὑπέδυ
2544 3436 2779 3507 μέτρον,
2821 3430 3181 3501 οἰκονομικῶς
3224 3431 3523 3483 οἰκειοῦται
3584 3434 3676 3485 καὶ
3730 3434 3902 3488 τοῦτο

2313 3528 2451 3599 μετὰ
2482 3526 2590 3578 τῶν
2633 3524 2834 3587 ἄλλων,
2869 3522 2962 3575 καί
3005 3538 3125 3580 τοι,
3172 3519 3425 3591 καθάπερ
3471 3519 3607 3591 ἔφην
3645 3523 3857 3592 ἀρτίως
3883 3566 3895 3585 ,

2310 3617 2597 3689 ἡγνοηκὼς
2631 3611 2805 3677 οὐδὲν,
2848 3612 2962 3666 ἀλλ’
3013 3609 3168 3673 εἰδὼς
3206 3610 3420 3665 ἅπαντα
3470 3614 3607 3680 μετά
3636 3614 3732 3665 τοῦ
3776 3617 3898 3668 Πα-

2308 3711 2454 3778 τρός.
2518 3707 2671 3759 Ἐπεὶ
2719 3704 2806 3757 διά
2864 3704 3022 3756 ποίαν
3088 3702 3268 3754 αἰτίαν
3318 3703 3572 3771 πεινῆσαι
3626 3704 3894 3770 λέγεται,

2311 3799 2402 3853 καὶ
2451 3801 2647 3867 καμεῖν
2689 3796 2749 3859 ἐξ
2790 3792 3124 3862 ὁδοιπορίας,
3176 3792 3269 3844 καί
3313 3809 3395 3845 τοι
3430 3790 3562 3864 ζωὴ,
3612 3796 3705 3848 καὶ
3753 3798 3899 3860 (mo-

2308 3888 2459 3951 ποιὸς
2491 3887 2749 3955 ὑπάρχων
2788 3884 2862 3947 ὡς
2908 3882 3075 3945 Θεὸς,
3113 3882 3205 3934 καὶ
3256 3881 3419 3943 αὐτὸς
3460 3881 3535 3935 ὣν
3573 3885 3600 3935 6
3650 3886 3818 3955 ἄρτος
3865 3891 3898 3941 6

2307 3981 2438 4045 ζῶν,
2472 3981 2499 4031 6
2539 3980 2603 4030 ὲκ
2643 3976 2737 4029 τοῦ
2787 3974 3019 4045 οὑρανοῦ
3064 3974 3331 4037 καταϐὰς,
3369 3976 3459 4028 καὶ
3510 3974 3654 4046 ζωὴν
3705 3978 3896 4043 διδοὺς

2305 4070 2383 4140 τῷ
2412 4069 2622 4138 κόσμῳ,
2658 4068 2751 4119 καὶ
2781 4066 2941 4127 αὑτὸς
2971 4064 3046 4117 ὣν
3078 4065 3279 4134 ὁμοίως
3318 4065 3427 4117 τῶν
3449 4066 3735 4136 δυνάμεων
3762 4071 3888 4121 K13-

2308 4176 2452 4230 ριος;
2498 4157 2638 4210 Ἀλλ’
2666 4158 2753 4209 ἵνα
2785 4154 3109 4225 πιστεύηται
3133 4155 3274 4207 κατά
3305 4156 3560 4225 ἀλήθειαν
3592 4159 3895 4227 γενόμενος

2304 4253 2609 4322 ἄνθρωπος,
2652 4247 2947 4302 οἰκειοῦται
2981 4248 3049 4299 τά
3080 4246 3423 4316 ἀνθρώπινα,
3468 4252 3581 4311 τοῖς
3610 4251 3708 4319 τῆς
3746 4251 3895 4317 ίδίας

2304 4344 2516 4413 φύσεως
2549 4342 2773 4410 ἀγαθοῖς
2806 4338 3219 4408 ὲμφιλοχωρῶν,
3250 4339 3342 4391 καὶ
3385 4340 3697 4409 ἀκλονήτως
3740 4341 3896 4410 ἔχων

622 4424 679 4469 et
711 4416 976 4475 indivulse
1011 4423 1249 4479 retinens
1282 4440 1365 4491 ea,
1402 4427 1455 4481 in
1492 4429 1691 4496 quibus
1725 4445 1940 4500 semper
1972 4444 2112 4499 erat,
2146 4444 2200 4488 et

2308 4436 2371 4488 τὰ
2402 4437 2458 4486 ὲν
2480 4426 2561 4495 οἷς
2580 4428 2647 4501 ἦν
2679 4433 2787 4492 ἀεὶ,
2816 4432 2909 4482 καὶ
2938 4430 3074 4493 ἐστι,
3100 4430 3196 4482 καὶ
3220 4430 3372 4483 ἔσται
3396 4432 3708 4495 διαπαντός.
3731 4435 3801 4487 Ὅ
3820 4453 3893 4502 γε

626 4517 730 4572 est,
761 4519 816 4564 et
848 4511 971 4566 erit.
1002 4511 1123 4567 Jam
1156 4516 1251 4585 qui
1285 4518 1671 4573 revelationem
1701 4521 1882 4575 datam
1915 4538 2035 4578 esse
2066 4526 2198 4580 dicit

2308 4527 2413 4597 μὴν
2440 4522 2783 4590 ἀποκάλυψιν
2804 4521 2979 4589 λέγων
2996 4520 3242 4573 δεδόσθαι
3267 4525 3332 4591 τῇ
3365 4522 3457 4575 τοῦ
3481 4523 3666 4577 δούλου
3691 4532 3890 4599 μορφῇ

622 4601 809 4657 formae
837 4606 977 4660 servl
1011 4607 1079 4661 ab
1112 4607 1454 4663 inbabitante
1484 4610 1619 4674 Deo,
1650 4626 1877 4681 eamque
1912 4630 2198 4670 mensura—

622 4701 766 4758 tam,
805 4694 849 4749 is
884 4693 1290 4751 Emmanuelem
1328 4699 1641 4768 prophetam
1678 4702 1835 4756 nobis
1867 4703 2031 4767 facit,
2069 4704 2195 4761 Dei-

623 4784 907 4855 ferumque
942 4788 1237 4853 hominem,
1271 4798 1433 4859 atque
1471 4790 1615 4845 aliud
1651 4792 1805 4846 nihil.
1843 4792 2009 4853 Porro
2044 4804 2198 4865 putat

622 4890 681 4931 se
715 4888 933 4932 acutum
966 4880 1222 4948 quiddam
1256 4892 1310 4936 et
1344 4882 1760 4952 inexpugnabile
1793 4884 1974 4939 dicere
2009 4903 2022 4939 :
2055 4886 2191 4941 Nam

623 4967 666 5021 si
696 4966 789 5021 Dei
818 4968 1051 5024 Verbum
1079 4980 1182 5039 est,
1210 4972 1405 5041 inquit,
1432 4974 1524 5041 qui
1554 4972 1809 5028 clamavit
1838 4998 1848 5029 ;
1885 4995 1903 5027 ι
1943 4976 2115 5042 Pater,
2148 4978 2193 5033 si

622 5058 877 5127 possibile
902 5069 1018 5124 est,
1060 5070 1298 5117 transeat
1324 5077 1354 5116 a
1386 5077 1471 5118 me
1511 5063 1649 5118 calix
1696 5064 1871 5131 iste‘;
1898 5084 1915 5116 ι
1959 5068 2192 5136 primum

623 5148 839 5217 quidem
869 5150 1143 5207 discordat
1171 5167 1199 5206 a
1230 5152 1415 5220 Patre,
1446 5169 1547 5209 nec
1576 5166 1723 5210 recte
1762 5157 2083 5225 deprecatur
2128 5174 2194 5215 ne

624 5240 772 5297 bibat
818 5242 1081 5311 calicem,
1125 5254 1179 5301 et
1226 5248 1464 5317 quidem,
1509 5250 1705 5318 inquit,
1756 5265 1862 5305 non
1910 5250 2186 5321 ignorans,

693 5394 736 5427 ’θ
774 5395 940 5451 Marc.
970 5413 1089 5464 xm,
1120 5400 1209 5455 52.
1287 5402 1303 5432 ¹
1345 5400 1535 5457 Matth.
1568 5418 1619 5456 tv
1670 5402 1724 5455 2.
1802 5404 1822 5435 ³
1860 5401 2011 5458 Joan.
2061 5419 2136 5468 iv,
2172 5404 2223 5457 6.

2304 4616 2456 4687 παρά
2475 4614 2571 4667 τοῦ
2608 4613 2989 4681 ένοικήσαντος
3013 4610 3172 4672 Θεοῦ,
3216 4612 3309 4663 καὶ
3352 4612 3556 4681 ταύτην
3602 4632 3891 4687 μεμετρη-

2306 4708 2494 4776 μένην,
2543 4704 2826 4773 προφήτην
2870 4703 3002 4771 ἡμῖν
3052 4701 3344 4769 ἀποφαίνει
3376 4702 3467 4756 τὸν
3508 4704 3887 4775 Ἐμμανουήλ,

2303 4799 2396 4851 καὶ
2415 4799 2686 4865 Θεοφόρον
2708 4795 3015 4863 ἄνθρωπον,
3039 4793 3132 4845 καὶ
3157 4793 3345 4862 ἕτερον
3377 4793 3548 4847 οὐδέν.
3584 4795 3743 4848 Ἀλλά
3769 4798 3893 4866 γὰρ

2301 4890 2471 4945 οἴεταί
2498 4907 2550 4941 τι
2592 4888 2655 4940 τὸ
2701 4887 2882 4955 σοφὸν,
2933 4886 3029 4939 καὶ
3064 4885 3534 4953 ἀνανταγώνιστον
3568 4890 3763 4942 εἰπεῖν.
3815 4892 3888 4945 ΕΞ

2301 4982 2410 5051 γὰρ
2456 4982 2483 5033 6
2526 4980 2621 5032 τοῦ
2654 4978 2789 5031 Θεοῦ
2823 4978 3011 5045 Λόγος,
3070 4976 3256 5045 φησὶν,
3293 4978 3320 5029 6
3375 4977 3665 5047 κεκραγώς
3714 4981 3835 5033 ἐστι
3869 5000 3884 5012 ·

2306 5091 2325 5123 1
2357 5073 2559 5141 Πάτερ,
2590 5075 2639 5123 εί
2665 5071 2908 5134 δυνατὸν,
2942 5066 3260 5139 παρελθέτω
3297 5068 3391 5121 ἀπ’
3438 5068 3574 5139 ἐμοῦ
3614 5069 3676 5121 τὸ
3704 5073 3851 5141 ποτή

2302 5179 2416 5233 ριον
2446 5162 2627 5215 τοῦτο·
2665 5182 2682 5213 ι
2716 5161 2932 5231 πρῶτον
2960 5159 3057 5229 μὲν
3084 5159 3314 5229 διχονοεῖ
3340 5159 3475 5230 πρὸς
3502 5160 3593 5214 τὸν
3628 5161 3884 5231 Πατέρα,

2300 5256 2645 5323 παραιτεῖται
2674 5252 2730 5306 δὲ
2753 5255 2853 5307 οὑκ
2884 5252 3058 5324 ὀρθῶς
3086 5254 3146 5307 τὸ
3168 5255 3311 5307 πιεῖν
3342 5253 3402 5307 τὸ
3432 5254 3717 5326 ποτήριον.
3738 5255 3891 5307 Καί·-

2301 5405 2319 5435 ³
2358 5403 2511 5458 Joan.
2543 5420 2616 5468 vi,
2649 5404 2737 5457 35.
2817 5404 2836 5435 ’⁸
2874 5404 3065 5460 Matth.
3101 5419 3246 5473 xxvi,
3279 5406 3368 5463 39.

1685 5554 1856 5609 Variae
1886 5554 2145 5610 lectiones
2173 5569 2237 5610 ex
2266 5557 2450 5613 codice
2476 5554 2849 5627 Seguieriano.

713 5714 735 5743 ⁸
768 5704 1127 5775 προσάπτειν.
1209 5708 1228 5751 ἲ
1263 5704 1421 5767 εἶναι.
1503 5711 1528 5753 ε
1560 5708 1778 5781 ὁμοίων.
1854 5710 1884 5753 ιι
1924 5710 2239 5783 διῃρημένοι
2271 5728 2350 5767 τε.
