4042 6472
141 368 220 419 Ηῑ
701 365 1232 422 APOLOGETICUS
1273 367 1550 420 CONTRA
1592 367 2118 426 THEODORETUM
2155 371 2289 427 PRO
2331 373 2420 428 XII
2465 373 2849 431 CAPITIBUS.
3275 380 3377 433 M8

141 498 220 539 τοι,
253 481 449 549 φησὶν.
485 481 586 533 οὐκ
615 481 920 550 ἠγνοηκὼς,
951 483 1032 534 ὅτι
1065 483 1139 550 τῷ
1173 484 1363 552 κόσμω
1393 487 1658 554 σωτήριον
1689 488 1700 524 ί

1816 490 2013 541 ιιιιιηιΙο
2049 490 2273 543 salutem
2318 490 2601 544 allaturam
2647 490 2947 559 passionem
2986 505 3161 543 suam.
3197 490 3379 561 Itaque

138 571 347 639 ἔμελλεν
387 572 615 627 ἔσεσθαι
653 573 714 624 τὸ
770 574 964 625 παθεῖν
999 574 1181 625 αὐτόν.
1239 574 1448 626 Οὐκοῦν
1501 577 1600 627 οὐκ
1643 575 1708 628 ἂν

1813 577 2048 630 vicissim
2086 581 2267 632 audiet
2300 589 2352 632 et
2388 594 2416 632 a
2453 578 2626 643 nobis,
2666 580 2754 645 qui
2795 589 2900 631 tam
2938 578 3256 634 adulterinis
3289 594 3379 634 co-

137 658 248 724 εἷεν,
282 664 479 731 φησὶν,
505 665 558 715 αἱ
588 664 790 716 τοιαίδε
819 663 913 716 τού
953 663 1089 715 Θεοῦ
1111 666 1284 728 Λόγου
1319 666 1515 733 φωναί.
1558 667 1709 718 ’Λντ-

1810 669 2156 732 gitatinnihns
2206 679 2352 722 natat
2396 685 2409 720 :
2457 669 2594 737 Ergo
2647 669 2901 737 quoniam
2955 669 3047 722 tibi
3093 669 3307 725 videtur
3347 686 3377 723 a

136 754 422 806 ακούσεται
490 757 669 808 τοίνυν
721 757 815 808 xa‘t
870 757 1007 822 πρός
1041 773 1103 821 γε
1139 755 1296 823 ἡμῶν
1339 757 1369 806 ό
1416 759 1526 819 τοῖς
1570 756 1710 809 οὕτω

1812 759 1918 812 Deo
1938 758 2112 812 Verho
2142 760 2275 813 tales
2302 773 2458 812 voces
2486 759 2811 812 amovendas
2837 773 2977 823 esse,
3005 758 3212 828 solique
3237 762 3376 814 servi

136 846 408 914 κιδὸἡλοις
448 848 750 916 νηχόμενος
796 848 1099 916 λογισμοῖς
1147 848 1359 900 Οὐκοῦν
1407 849 1592 917 ἐπειδὴ
1627 867 1710 902 σοι

1812 849 1998 904 furnuc
2019 851 2368 918 adaptandas,
2389 849 2551 919 219
2573 863 2748 903 nonne
2768 849 2817 901 in
2838 852 2973 903 duos
3009 850 3204 903 iterum
3241 849 3379 902 lilios

134 937 264 988 δοκεῖ
295 937 400 988 τοῦ
444 939 543 1004 μὲν
571 938 709 990 Θεοῦ
740 938 918 1005 Λόγου
949 937 1048 999 τάς
1076 937 1334 999 τοιαύτας
1366 940 1548 1004 φωνὰς
1572 941 1708 991 dmo-

1812 956 1975 994 unum
2025 941 2274 1008 partiris?
2315 941 2380 994 Et
2423 943 2544 1009 quis
2592 941 2694 994 hcc
2744 941 3050 1009 sapientum
3098 941 3381 1009 perspicue

137 1028 410 1081 σοὸεῖσθαι
442 1030 576 1089 δεῖν,
616 1029 753 1102 μόνῃ
786 1029 842 1081 δὲ
874 1029 1042 1091 αύτάς
1076 1031 1338 1082 ἀνάπτειν
1371 1032 1435 1099 τῇ
1469 1030 1562 1082 τοῦ
1593 1031 1712 1082 δού-

1812 1048 1918 1085 non
1951 1032 2271 1101 cognoscet?
2301 1031 2428 1084 Nam
2459 1031 2600 1085 dicet
2637 1031 2864 1084 fortasse
2893 1030 3196 1098 quispiam,
3230 1039 3378 1095 tuas,

134 1120 213 1171 λου
242 1124 458 1190 μορφῇ,
494 1117 583 1191 ἆρ’
617 1123 718 1174 οὐκ
747 1124 830 1185 είς
849 1123 941 1175 δύο
971 1123 1133 1176 πάλιν
1163 1123 1314 1185 υἱοὺς
1342 1124 1712 1191 καταδιαιρεῖς

1813 1123 1946 1176 heus
1978 1131 2064 1184 tu,
2100 1136 2332 1191 sequens
2367 1121 2719 1186 cogitationes
2741 1159 2755 1185 ,
2788 1120 2914 1188 quia
2954 1135 3052 1174 uec
3086 1119 3379 1186 credibile,

135 1211 213 1263 τὸν
244 1213 377 1276 ἕνας
427 1213 543 1265 Καὶ
571 1214 677 1265 τίνι
713 1213 874 1267 τοῦτο
912 1214 1022 1268 τῶν
1058 1210 1116 1266 εὖ
1162 1217 1506 1283 φρονούντων
1536 1219 1712 1286 ἀσυμ-

1815 1227 1912 1266 nec
1954 1211 2150 1264 rationi
2194 1221 2639 1273 consentaneum,
2679 1218 2738 1263 ut
2780 1208 2950 1262 forma
2991 1210 3130 1264 servi
3171 1211 3381 1278 passio-

136 1303 328 1368 φανέςς
377 1303 531 1373 Ἐρεῖ
561 1307 670 1374 γὰρ
699 1306 826 1367 ἴσως
858 1323 963 1367 τις,
991 1309 1105 1367 τοῖς
1135 1310 1269 1371 σοῖς,
1300 1301 1344 1359 ὦ
1377 1303 1550 1373 οὗτος,
1590 1310 1714 1361 ἐπό-

1815 1316 1934 1355 nem
1983 1301 2246 1364 declinet,
2288 1311 2342 1356 et
2390 1317 2510 1354 cum
2559 1300 2747 1364 Patre,
2795 1301 2902 1355 imo
2949 1310 3004 1354 et
3050 1300 3384 1356 inhabitente

139 1409 287 1460 μενος
311 1392 626 1461 λογισμοῖς,
675 1394 755 1446 ὅτι
796 1395 891 1448 καὶ
932 1395 1216 1457 ἀπίθανον,
1243 1400 1338 1450 καὶ
1379 1399 1537 1466 λόγου
1572 1401 1713 1470 πέρα

1817 1393 1995 1449 Verbo
2036 1394 2296 1448 dissidere
2345 1393 2611 1446 videatur.
2665 1393 2884 1446 Sciebat
2933 1393 3114 1458 enim,
3169 1394 3384 1461 opinor,

135 1483 220 1534 τοῦ
269 1485 585 1552 πρέποντος
625 1486 686 1537 τὸ
744 1488 1127 1556 παραιτεῖσθαι
1166 1489 1228 1541 τὸ
1264 1490 1434 1553 πάθος
1478 1493 1576 1562 τὴν
1620 1492 1713 1544 τοῦ

1816 1488 2118 1554 passionem
2157 1485 2601 1546 suamomnibus,
2635 1484 2726 1552 qui
2758 1486 2856 1537 sub
2889 1484 3029 1539 coelo
3061 1493 3205 1548 sunt,
3240 1483 3387 1537 salu-

137 1571 316 1624 δούλου
357 1575 602 1643 μορφὴν,
661 1577 753 1628 καὶ
784 1576 1132 1646 διχονοοῦσαν
1182 1581 1409 1650 ὁρᾶσθαι
1455 1582 1588 1652 πρὸς
1625 1583 1714 1634 τὸν

1818 1585 2009 1636 tarem,
2039 1585 2093 1626 et
2122 1575 2185 1626 iis
2213 1589 2347 1642 quos
2378 1587 2523 1626 mors
2551 1573 2776 1635 vicerat,
2808 1573 2932 1627 vitae
2960 1573 3384 1627 conciliatricem

139 1663 375 1732 Πατέρα,
412 1667 506 1717 καὶ
537 1666 673 1736 πρὸς
700 1667 863 1719 αὐτὸν
890 1666 946 1718 δὲ
974 1667 1068 1718 τὸν
1113 1668 1470 1738 ὲνοικήσαντα
1504 1671 1675 1738 Λόγον
1698 1687 1714 1702 ο

1817 1663 1950 1717 fore.
1983 1662 2278 1732 Oportebat
2307 1677 2460 1726 sane,
2495 1662 2690 1730 inquit,
2722 1663 2894 1716 videri
2924 1665 3086 1717 etiam
3121 1673 3264 1717 metu
3298 1679 3389 1718 su-

136 1755 242 1823 ᾔδει
274 1756 410 1825 γὰρ,
425 1752 681 1824 οἶμαι,τὸ
707 1757 879 1818 πάθος
900 1758 1036 1827 πρὸς
1058 1759 1331 1828 σωτηρίαν
1359 1759 1575 1813 ἔσεσθαι
1603 1766 1715 1824 τοῖς

1818 1755 2119 1821 perierem,
2159 1754 2476 1820 divinosque
2520 1763 2682 1804 nutus
2730 1752 2884 1820 sequi
2937 1761 3204 1822 paratum.
3244 1753 3386 1822 Age,

138 1847 222 1896 ὑπ’
255 1846 516 1913 οὐρανὸν,
543 1848 639 1899 καὶ
669 1846 816 1915 ζωῆς
839 1848 1095 1917 πρόξενον
1118 1827 1230 1912 τοῖς
1259 1849 1472 1922 Θανάτῳ
1503 1870 1714 1922 νενικη-

1824 1861 1948 1898 num
1982 1845 2145 1915 igitur
2173 1860 2277 1898 non
2314 1855 2362 1897 te
2391 1844 2560 1897 sentis
2593 1853 2794 1898 temere
2827 1844 3116 1912 nugatum?
3142 1859 3388 1911 quaenam

139 1937 336 2004 μένοις.
386 1937 536 1988 Ἔδει
579 1937 642 2006 δὴ
697 1934 793 1990 οὖν
843 1939 1093 2007 ὁρᾶσθαι,
1153 1942 1319 2010 φησὶ,
1367 1944 1459 1994 xa‘t
1513 1944 1714 2008 δειλίας

1820 1945 1900 1990 est
1932 1937 2054 1989 talis
2082 1936 2472 1989 sententiarum
2503 1935 2680 2003 inepta
2712 1934 2936 1988 levitas?
2964 1934 3075 2002 Ego
3096 1947 3222 1989 vero
3249 1934 3389 2002 quod

136 2027 368 2092 ἀμείνων
386 2026 400 2074 5
421 2067 434 2087 ,
454 2027 550 2077 καὶ
574 2029 686 2089 τοῖς
706 2027 870 2089 θείοις
888 2029 1151 2097 νεύμασιν
1171 2031 1483 2084 ἀκολουθεῖν
1502 2035 1680 2103 ᾑρημέ
1697 2065 1712 2073 -

1821 2044 1983 2097 parva
2032 2029 2249 2096 quidem
2298 2028 2409 2082 sint
2457 2028 2638 2082 omnia
2689 2028 2923 2081 humana
2954 2025 3128 2080 Verbo
3170 2040 3236 2080 ex
3283 2024 3391 2080 Deo

135 2132 215 2179 νος
241 2118 288 2168 ι.
306 2113 440 2184 'Ap'
472 2113 565 2168 οὖν
583 2119 684 2168 οὐκ
707 2117 943 2190 αἰσθάνῃ
963 2118 1366 2188 πεφλυαρηκὼς
1391 2123 1510 2190 εικῆ
1537 2140 1549 2187 ;
1577 2125 1657 2185 τίς
1683 2127 1714 2191 ἡ

1824 2131 1972 2182 nato,
2003 2121 2205 2189 absque
2234 2119 2337 2172 ulla
2372 2135 2521 2172 mora
2554 2119 2805 2173 dixerim.
2834 2118 3028 2182 Quaero
3059 2127 3261 2178 autem,
3292 2129 3391 2169 cu-

133 2205 366 2275 τοσαύτη
402 2204 416 2243 ¹
458 2205 570 2258 τῶν
596 2206 820 2258 ἐννοιῶν
852 2208 1177 2277 χυδαιότης;
1219 2209 1358 2276 Ἐγὼ
1390 2210 1464 2275 δὲ,
1503 2211 1584 2263 ὅτι
1617 2213 1715 2280 μὲν

1818 2209 1903 2278 jus
1945 2209 2113 2264 fuisse
2155 2217 2371 2275 putetur
2404 2209 2725 2272 exinanitio,
2761 2218 2816 2261 et
2855 2208 2979 2276 quis
3023 2208 3163 2260 hanc
3197 2206 3391 2260 volun-

135 2299 339 2368 σμικρά
377 2298 458 2369 τῷ
490 2300 555 2350 ἐκ
585 2298 722 2350 Θεοῦ
762 2298 921 2367 φύντι
968 2300 1128 2369 Λόγῳ
1161 2302 1339 2354 πάντα
1369 2302 1486 2354 ἐστὶ
1514 2302 1580 2356 τὰ
1623 2304 1714 2355 ἀν-

1824 2301 1958 2353 tarie
2007 2298 2209 2353 tulerit.
2255 2297 2386 2351 Nam
2436 2299 2512 2362 si,
2559 2299 3009 2368 quemadmodum
3056 2296 3131 2351 illi
3174 2297 3389 2362 dicunt,

133 2386 403 2457 θρώπινα,
433 2389 602 2456 φαίην
635 2387 701 2440 ἂν
723 2389 882 2441 δκνου
912 2389 1034 2459 δίχα
1067 2391 1267 2454 παντός
1292 2408 1303 2418 ·
1346 2392 1495 2461 ζητῶ
1527 2392 1584 2444 δὲ
1618 2393 1714 2461 τὴν

1823 2390 1994 2444 forma
2038 2392 2208 2454 servi,
2248 2391 2362 2445 sive
2404 2391 2494 2458 qui
2538 2400 2620 2443 est
2658 2405 2723 2443 ex
2770 2389 2975 2442 semine
3018 2387 3213 2450 David;
3255 2401 3393 2456 quo-

133 2478 382 2538 κένωσιν,
418 2480 566 2542 τίνος
609 2480 675 2532 ἂν
703 2480 957 2547 γενέσθαι
995 2485 1188 2546 νοοῖτο,
1241 2484 1334 2536 καὶ
1385 2486 1467 2547 τίς
1497 2485 1524 2536 ὁ
1559 2484 1715 2537 τοῦτο

1825 2484 2009 2548 modo,
2054 2483 2137 2537 vel
2175 2497 2280 2551 quo
2315 2491 2475 2550 pacto
2509 2479 2819 2535 exinanitus
2852 2489 2967 2542 est,
3007 2483 3053 2533 si
3088 2494 3116 2532 a
3156 2479 3267 2533 Deo
3301 2494 3390 2532 as-

133 2563 314 2618 παθὼν
345 2568 650 2633 ἑκουσίως;
685 2571 747 2622 Ei
783 2572 880 2638 μὲν
910 2573 1040 2642 γὰρ.
1067 2575 1138 2636 ὡς
1172 2575 1324 2627 αὐτοί
1352 2593 1532 2643 φασιν,
1559 2579 1590 2645 ή
1621 2577 1713 2628 τοῦ

1822 2585 2069 2642 sumptus
2114 2574 2236 2628 est?
2281 2572 2337 2627 Si
2390 2583 2568 2627 autem
2618 2573 2790 2640 ipsum
2833 2569 3102 2634 Verbum,
3146 2570 3286 2639 quod
3337 2571 3389 2624 in

129 2657 309 2708 δούλου
351 2658 564 2727 μορφὴ,
616 2660 734 2726 ἦτοι
783 2662 871 2712 6⁸³³
908 2663 971 2712 ἐκ
999 2664 1336 2732 ·σπέρματος
1388 2666 1481 2717 τοῦ
1531 2666 1712 2730 Δαυῒδ,

1824 2670 1988 2720 forma
2023 2676 2071 2720 et
2108 2666 2418 2734 aequalitate
2452 2663 2542 2717 Dei
2576 2673 2624 2716 et
2662 2663 2836 2717 Patris
2869 2662 3117 2724 exsistit,
3152 2665 3389 2731 seipsum

131 2749 260 2809 πῶς,
285 2750 318 2817 ἦ
363 2749 489 2800 τίνα
529 2750 832 2802 κεκένωται
856 2754 1079 2823 τρόπον,
1103 2757 1150 2806 εί
1183 2756 1532 2826 προσελήφθη
1567 2761 1716 2827 παρά

1821 2756 2186 2812 exinanivisse
2233 2755 2515 2818 dicitur”;
2563 2754 2834 2822 quomodo
2885 2768 3100 2812 rursus,
3149 2753 3230 2806 vel
3282 2765 3390 2820 quo

129 2835 296 2895 Θεοῦς
338 2836 404 2887 Ei.
429 2837 488 2888 δὲ
524 2839 686 2900 αὐτὸς
721 2840 749 2890 ὁ
771 2843 827 2891 ἐν
862 2844 1043 2911 μορφῇ
1076 2843 1166 2894 καὶ
1199 2843 1403 2914 ίσότητι
1438 2845 1532 2898 τοῦ
1576 2847 1712 2899 Θεοῦ

1822 2856 1977 2913 pacto
2028 2847 2359 2900 exinanitum
2412 2856 2526 2908 est,
2582 2846 2625 2899 si
2677 2845 2878 2898 vitabat
2929 2841 3392 2897 exinanitionem!

132 2926 216 2975 καὶ
254 2929 481 2997 Πατρός
537 2930 806 2997 ὑπάρχων
845 2932 1015 2997 Λόγοι,
1066 2934 1257 2986 ἑαυτὸν
1293 2935 1526 2990 κενῶσαι
1561 2938 1714 3005 λέγε-

1822 2937 2132 2992 Exinanitio
2177 2948 2355 2992 autem
2403 2937 2509 2991 Deo
2550 2937 2753 3000 Verbo,
2799 2937 2939 3005 quod
2984 2935 3288 2988 versionem
3336 2942 3393 2988 et

127 3033 232 3077 ται,
257 3018 382 3079 πῶς
414 3018 479 3088 δὴ
504 3020 745 3091 «animi;
778 3022 898 3073 τίνα
928 3024 1226 3078 κεκένωται
1257 3029 1476 3096 τρόπον,
1497 3032 1544 3081 εί
1582 3048 1716 3100 παρ-

1822 3032 2127 3098 passionem
2162 3031 2355 3092 nescit,
2387 3038 2469 3083 est
2500 3028 2677 3082 facere
2708 3040 2760 3082 et
2790 3029 2969 3082 dicere
2999 3027 3252 3095 quiddam
3284 3025 3388 3079 hu-

127 3111 327 3161 αιτοῖτο
372 3109 472 3180 τὴν
534 3111 801 3177 κένωσινς
851 3114 1094 3178 Κένωσις
1139 3117 1196 3169 δὲ
1254 3118 1333 3186 τῷ
1380 3119 1500 3188 Θεῷ
1533 3122 1710 3190 Λόγῳ,

1824 3139 2037 3176 manum
2058 3162 2073 3187 ,
2108 3135 2328 3191 propter
2355 3120 2778 3190 dispensativum
2811 3119 2877 3171 ad
2906 3132 3125 3172 carnem
3158 3129 3389 3169 concur-

127 3198 319 3252 παθεῖν
373 3202 482 3253 οὐκ
526 3201 692 3255 εἰδότι
746 3204 845 3272 τὴν
893 3207 1122 3277 τροπὴν,
1167 3207 1228 3260 τὺ
1267 3208 1463 3280 δρᾶσαί
1519 3227 1571 3262 τι
1622 3211 1716 3263 καὶ

1821 3229 1960 3267 sum.
1997 3213 2233 3268 Tametsi
2276 3221 2451 3266 autem
2496 3209 2774 3286 factus_sit
2815 3210 3004 3272 homo,
3045 3206 3190 3261 nullo
3233 3207 3393 3260 modo

128 3290 298 3342 εἰπεῖν
338 3291 454 3343 τῶν
484 3292 848 3364 ἀνθρωπίνων
880 3295 968 3349 διὰ
993 3297 1091 3367 τὴν
1126 3298 1263 3368 πρὸς
1291 3299 1470 3370 σάρκα
1498 3301 1714 3354 σύνοδον

1822 3305 2144 3359 sacramenti
2183 3303 2318 3357 ratio
2352 3311 2599 3354 naturam
2633 3301 2748 3369 ejus
2780 3300 2915 3354 laesit
2951 3317 2964 3353 :
3005 3298 3204 3352 mansit
3237 3297 3382 3351 enim

126 3382 507 3452 οἰκονομικήν.
567 3385 707 3436 Ἀλλ’
747 3388 795 3438 εἰ
843 3388 937 3439 καὶ
966 3388 1192 3454 γέγονεν
1238 3390 1560 3460 ἄνθρωπος,
1594 3393 1714 3446 κατ’

1821 3395 1962 3463 quod
2009 3403 2157 3458 erat,
2195 3394 2358 3448 etiam
2407 3392 2458 3445 in
2504 3391 2894 3445 humanitatem
2941 3405 3059 3444 sese
3099 3387 3393 3444 demittens

125 3473 312 3525 οὐδένα
341 3475 552 3542 τρόπον
577 3473 743 3525 αύτδν
765 3477 793 3526 ό
820 3475 912 3527 τοῦ
948 3478 1254 3547 μυστηρίου
1297 3479 1454 3546 λόγος
1499 3483 1578 3544 εἰς
1615 3483 1715 3552 τὴν

1821 3494 2039 3553 propter
2069 3470 2254 3537 mundi
2286 3483 2514 3537 salutem
2549 3497 2612 3534 ac
2644 3482 2831 3534 vitam.
2865 3479 3161 3547 Eapropter
3193 3493 3296 3530 non
3335 3476 3388 3530 in

126 3564 287 3615 αὑτοῦ
320 3567 491 3630 φύσιν
533 3563 847 3631 ἀδικήσειεν
885 3565 969 3618 ἄν.
1000 3567 1293 3636 Μεμένηκε
1325 3570 1434 3638 γὰρ
1472 3570 1501 3622 ὃ
1531 3567 1598 3640 ἦν
1622 3575 1714 3625 καὶ

1822 3574 1959 3628 duas
1992 3589 2269 3643 personas,
2308 3571 2402 3627 sed
2440 3584 2693 3640 tanquam
2730 3571 2783 3624 in
2825 3584 2989 3623 unum
3025 3568 3300 3622 Christum
3337 3576 3393 3620 et

125 3655 180 3702 ὲν
217 3652 617 3723 ἀνθρωπότητι
668 3653 1013 3723 καθηγμένος
1056 3665 1082 3692 ιι
1120 3657 1206 3711 διὰ
1237 3659 1335 3729 τὴν
1367 3659 1460 3712 τοῦ
1511 3662 1714 3731 κόσμου

1818 3662 2036 3726 Filium,
2065 3673 2121 3717 et
2154 3665 2340 3726 Deum,
2369 3661 2708 3731 evangelicas
2736 3670 2789 3714 et
2821 3667 3134 3713 sanctorum
3170 3667 3393 3727 aposto-

127 3743 409 3811 σωτηρίαν
453 3744 552 3795 καὶ
623 3743 789 3813 ζωήν.
839 3746 1049 3798 Οὐκοῦν
1093 3747 1155 3800 οὐ
1197 3747 1510 3817 προσώποις
1540 3750 1713 3817 δυσὶν,

1817 3755 1989 3808 lormn
2030 3753 2325 3806 referentes
2358 3765 2535 3815 voces,
2572 3766 2748 3818 neque
2783 3751 3020 3807 divinam
3055 3751 3171 3817 ejus
3212 3748 3393 3803 immi-

124 3833 234 3883 ἀλλ’
263 3833 343 3895 ὠς
379 3833 463 3885 ἐνί
489 3831 733 3902 Χριστῷ,
764 3835 858 3886 καὶ
888 3834 1020 3904 Υίῷ,
1047 3837 1141 3889 καὶ
1170 3836 1311 3907 Θεῷ,
1339 3839 1437 3901 τάς
1461 3856 1521 3891 τε
1551 3841 1716 3908 εὐαγ-

1819 3843 2036 3896 nuimus
2066 3852 2315 3895 naturam
2342 3851 2396 3894 et
2422 3839 2648 3909 gloriam
2679 3848 2896 3908 propter
2924 3839 3188 3901 humana,
3217 3852 3393 3907 neque

123 3923 346 3988 γελικάς
403 3925 500 3976 καὶ
528 3924 630 3986 τάς
669 3925 781 3978 τῶν
814 3927 984 3994 ἁγίων
1016 3929 1332 3982 ἀποστόλων
1363 3931 1714 4001 ἀναθήσομεν

1818 3932 2278 4003 dispensationem
2323 3946 2614 4000 negamus,
2655 3931 2750 3984 sed
2794 3940 3016 3998 propter
3056 3944 3153 3983 nos
3195 3929 3391 3983 factam

123 4016 328 4080 φωνὰς,
374 4015 505 4068 οὔτε
553 4017 654 4085 τὴν
701 4016 854 4070 θείαν
895 4017 990 4070 τοῦ
1057 4020 1266 4090 Κυρίου
1326 4025 1708 4094 κατασμικρύ-

1515 4025 1708 4094 μικρύ-
1817 4041 1940 4079 esse
1973 4026 2139 4093 ipsius
2163 4023 2324 4077 Verbi
2360 4025 2787 4079 incarnationem
2820 4022 3111 4074 credimus.

121 4121 300 4168 νοντες
333 4114 357 4140 °
407 4107 574 4174 φύσιν
605 4123 664 4157 τε
697 4108 790 4159 καὶ
831 4108 987 4172 δόξαν
1033 4110 1121 4162 διὰ
1162 4111 1229 4164 τὰ
1265 4113 1604 4183 ἀνθρώπινα,
1643 4115 1767 4170 οὔτε
1811 4119 1916 4188 μὴν
1957 4121 2281 4190 ἀρνούμενοι
2312 4129 2338 4169 P
2372 4118 2471 4188 τὴν
2519 4117 2834 4186 οἰκονομίαν
2859 4155 2873 4180 ,
2921 4114 3037 4169 ἀλλ’
3084 4112 3250 4167 αὐτοῦ
3297 4111 3396 4167 τοῦ

121 4199 294 4264 Λόγου
329 4196 594 4264 γενέσθαι
629 4198 1024 4264 σπουδάζοντες
1051 4212 1078 4251 ει
1124 4201 1223 4272 τὴν
1251 4203 1318 4256 δι’
1364 4207 1511 4276 ἡμᾶς
1547 4208 1982 4281 ὲνανθρὼπησιν.

552 4315 1150 4372 ΑΝΑΘΕΜΑΤΙΣΜΟΣ
1204 4322 1278 4376 E'.
1742 4328 1787 4384 Β

1742 4328 1787 4384 D
2226 4324 2872 4381 ANATIIEMATISMUS
2913 4323 2981 4376 V.

184 4429 254 4481 Εῐ
285 4448 370 4492 τις
400 4430 583 4499 τολμᾷ
608 4431 791 4497 λέγειν
826 4431 1082 4503 θεοφόρον
1125 4434 1412 4507 ἄνθρωπον
1446 4441 1536 4493 τὸν
1575 4442 1618 4494 Χ
1630 4460 1713 4513 ρι-

1896 4439 1951 4493 Si
2010 4441 2129 4508 quis
2182 4440 2361 4493 dicere
2416 4441 2575 4493 audet
2624 4439 2901 4492 Christum
2954 4437 3226 4492 hominem
3281 4436 3396 4491 dei-

121 4519 262 4581 στὺν,
293 4521 390 4572 καὶ
418 4520 544 4588 οὐχὶ
580 4520 645 4589 δὴ
688 4521 891 4589 μᾶλλον
923 4523 1056 4576 Θεὸν
1090 4520 1228 4579 εἶναι
1264 4529 1406 4581 κατὰ
1430 4531 1706 4599 ἀλήθειαν,

1821 4529 2016 4592 ferum,
2046 4546 2108 4582 ac
2138 4545 2242 4583 non
2272 4529 2451 4598 potius
2479 4544 2661 4583 verum
2695 4530 2856 4581 Deum
2888 4542 3028 4592 esse,
3059 4537 3243 4597 utpote
3274 4527 3394 4580 uni-

119 4611 210 4660 καὶ
244 4611 378 4662 Υίὸν
418 4620 440 4644 τ
473 4609 596 4674 ἕνα,
624 4613 720 4664 καὶ
748 4611 929 4681 φύσει,
964 4615 1098 4667 καθὸ
1131 4617 1323 4685 γέγονε
1362 4620 1498 4690 σὰρξ
1537 4625 1565 4674 ό
1603 4625 1708 4677 Λό-

1818 4641 1940 4678 rutn
1976 4640 2038 4676 ac
2075 4622 2372 4676 naturalem
2408 4621 2633 4685 Filium,
2672 4629 2940 4688 quatenus
2975 4620 3229 4672 nimirum
3260 4617 3395 4672 Ver-

119 4716 231 4764 γος,
280 4702 381 4755 καὶ
436 4702 807 4773 κεκοινώνηκε
859 4708 1259 4777 παραπλησίως
1291 4713 1423 4763 ἡμῖν
1480 4714 1707 4783 αἵματος

1816 4714 1942 4768 bum
1979 4728 2107 4767 caro
2142 4713 2338 4768 factum
2372 4711 2521 4764 carni
2562 4719 2615 4764 et
2651 4709 2900 4777 sanguini
2938 4709 3163 4777 perinde
3196 4723 3263 4764 ac
3295 4723 3395 4764 nos

119 4791 208 4841 καὶ
238 4792 451 4861 σαρκός
470 4809 484 4823 ο
515 4793 769 4863 ἀνάθεμα
802 4795 966 4851 ἔστω.

1820 4801 2237 4857 communicavit
2260 4804 2314 4868 ';
2348 4801 2632 4854 anathema
2667 4801 2753 4854 sit.

558 4906 938 4973 Θεοδωρήτου
963 4910 1290 4978 ἀνατροπὴ.

2154 4917 2319 4986 220
2357 4916 2668 4970 Theodoreti
2711 4915 3057 4983 reprehensio.

185 5013 676 5086 Κεκοινωνηκέναι
716 5020 850 5087 ἡμῖν
892 5022 1293 5093 παραπλησίως
1330 5029 1561 5097 αἵματος
1613 5031 1706 5081 καὶ

1887 5031 2211 5100 Participem
2249 5031 2435 5094 fuisse,
2475 5031 2616 5084 sicut
2652 5045 2769 5091 nos,
2805 5029 3088 5095 sanguinis
3119 5036 3172 5079 et
3205 5025 3387 5078 carnis

122 5105 347 5172 σαρκὸς,
395 5107 495 5158 καὶ
520 5106 706 5176 ψυχῆς
730 5109 1000 5164 ἀθανάτου
1035 5113 1126 5165 τὸν
1152 5113 1283 5168 Θεὸν
1303 5119 1474 5184 Λόγον
1495 5119 1582 5173 διὰ
1611 5121 1710 5190 τὴν

1815 5133 1865 5178 et
1910 5124 2101 5177 anima:
2144 5122 2465 5177 immortalis
2505 5121 2670 5174 Deum
2699 5118 2933 5173 Verbum
2975 5126 3195 5186 propter
3233 5116 3391 5168 nnio—

121 5191 308 5248 ἕνωσιν
348 5197 452 5268 τὴν
490 5199 630 5268 πρὸς
675 5199 850 5254 ταῦτα
897 5204 1098 5272 φαμὲν,
1143 5207 1319 5276 σάρκα
1357 5210 1411 5261 δὲ
1445 5211 1536 5263 τὸν
1577 5212 1707 5265 Θεὸν

1817 5231 1936 5268 nem
1975 5231 2094 5270 cum
2137 5217 2254 5270 istis
2289 5216 2547 5280 dicimus;
2585 5227 2803 5265 carnem
2841 5219 3018 5264 autem
3061 5208 3224 5262 Deum
3258 5204 3391 5258 Ver-

182 5348 204 5379 '
241 5349 484 5420 Philipp.
523 5367 584 5415 n,
619 5351 673 5417 6,
709 5353 760 5406 7.
839 5354 859 5383 ‘
900 5353 1062 5408 llchr.
1099 5371 1156 5415 ll,
1194 5358 1280 5411 li.

1195 5509 1368 5564 Varire
1399 5511 1655 5566 lectiones
1685 5530 1745 5568 ex
1782 5517 1968 5570 codice
2006 5515 2381 5584 Seguieriano.

190 5658 518 5747 ί-σωτη-ξὶία.
656 5659 888 5747 ἀμείνω.
975 5661 999 5700 li
1035 5662 1329 5747 ᾑρημένον.
1414 5664 1704 5737 1τοιαύτη.
1781 5678 1815 5700 ’³
1842 5670 1922 5725 τό.
2018 5682 2044 5709 η
2071 5673 2416 5743 καθιγμένος.
2513 5684 2538 5712 °
2571 5676 2734 5730 αὐτοῦ
2779 5692 3310 5747 κατασμικρυνοιιεν.

125 5727 510 5797 ῢάρνούμεθα.
590 5738 618 5776 ιι
653 5727 997 5792 πιστεύοντες
1041 5727 1096 5767 m"
1128 5727 1202 5794 ὡς
1231 5733 1363 5786 υίόν.
