4042 6510
631 405 735 459 419

1637 403 1692 459 S.
1733 402 1999 458 CYRILLI
2039 399 2502 456 ALEXANDRINI
2542 401 2857 456 ARCIIIEP.

3776 408 3880 461 420

634 520 760 574 bum
803 521 1160 575 conversione
1195 520 1425 588 quadam
1462 517 1658 574 factum
1694 533 1843 586 esse,
1882 535 1984 573 non
2025 518 2196 573 solum

2304 516 2475 582 Λόγον
2510 521 2683 587 τροπῇ
2717 535 2818 570 τινι
2857 517 3208 588 γεγενῆσθαι,
3237 535 3297 570 ου
3334 520 3492 588 μόνον
3531 520 3592 570 ού
3625 519 3880 591 λέγομεν,

632 625 736 663 non
764 609 1017 672 dicimus,
1047 611 1139 664 sed
1168 618 1221 663 et
1250 623 1343 662 eos
1372 609 1462 676 qui
1491 609 1693 674 dicunt,
1722 609 2014 678 impietatis
2040 622 2200 662 accu-

631 715 836 754 samus.
868 700 1117 770 Pugnare
1148 700 1292 754 enim
1328 701 1428 753 hoc
1462 709 1515 752 et
1548 716 1668 753 cum
1704 701 1834 769 ipsis
1866 699 2022 755 dictis
2051 700 2202 755 vide-

631 800 741 845 tur.
771 791 904 845 Nam
935 792 979 846 si
1011 805 1329 845 conversum
1360 800 1443 845 est
1473 791 1706 845 Verbum
1740 792 1790 844 in
1823 805 2062 855 carnem,
2095 806 2202 846 non

632 882 1052 935 communicavit
1085 882 1364 935 nobiscum
1399 883 1550 935 carni
1585 891 1638 934 et
1672 882 1917 950 sanguini
1953 900 1966 936 :
2001 881 2047 936 si
2077 896 2204 936 vero

631 973 1050 1026 communicavit
1101 972 1253 1026 carni
1301 982 1355 1026 et
1400 973 1670 1041 sanguini,
1720 982 1779 1026 ut
1827 973 1962 1026 alius
2009 982 2206 1041 praeter

632 1062 751 1116 haec
780 1063 1207 1117 communicavit
1233 1081 1246 1116 :
1276 1066 1320 1117 si
1350 1074 1529 1118 autem
1561 1064 1703 1117 aliud
1729 1064 1983 1133 quiddam
2014 1073 2205 1133 prater

632 1151 806 1218 ipsum
845 1160 930 1203 est
963 1165 1119 1209 caro.
1158 1165 1261 1204 non
1301 1150 1472 1218 ipsum
1512 1151 1563 1204 in
1599 1165 1818 1205 carnem
1852 1161 1935 1206 est
1966 1167 2202 1207 versum.

630 1239 800 1310 lgilur
825 1241 1332 1295 communicationis
1361 1242 1578 1295 nomine
1606 1250 1843 1304 utentes,
1872 1243 2014 1296 sicut
2041 1257 2202 1295 unum

630 1331 846 1398 quidem
883 1329 1077 1383 Filium
1112 1332 1405 1385 adoramus
1435 1343 1490 1385 et
1521 1347 1642 1386 eum
1679 1333 1768 1402 qui
1803 1333 2120 1399 assumpsit.
2153 1343 2208 1387 et

632 1424 683 1477 id
710 1423 851 1491 quod
880 1434 1212 1490 assumptum
1239 1433 1324 1476 est
1351 1444 1366 1475 :
1397 1433 1712 1477 naturarum
1741 1434 1922 1479 autem
1951 1424 2204 1478 differen-

632 1513 760 1566 tiam
809 1514 1183 1581 agnoscimus,
1229 1523 1282 1566 et
1329 1513 1590 1567 deiferum
1642 1515 1944 1580 hominem,
1991 1516 2131 1571 sicut
2175 1530 2204 1570 a

631 1602 816 1656 multis
847 1605 1048 1657 sanctis
1079 1603 1330 1658 Patribus
1364 1606 1542 1658 dictus
1570 1615 1652 1659 est
1673 1646 1688 1669 ,
1722 1622 1826 1660 non
1856 1607 2155 1662 devitamus
2188 1627 2200 1660 :

629 1705 860 1759 quorum
905 1708 1043 1747 unus
1085 1709 1308 1762 magnus
1357 1694 1444 1747 ille
1487 1695 1716 1750 Basilius
1759 1698 1809 1749 in
1853 1713 2102 1752 sermone
2141 1701 2206 1752 de

630 1793 816 1836 sancto
857 1781 1061 1851 Spiritu
1104 1786 1167 1837 ad
1203 1785 1635 1852 Amphilochium
1675 1788 1779 1842 hoc
1818 1803 1949 1843 usus
1985 1799 2069 1843 est
2109 1804 2207 1842 no-

2304 607 2440 660 ἀλλά
2467 610 2560 661 καὶ
2591 612 2717 672 τοὺς
2747 610 3002 676 λέγοντας
3030 610 3659 681 ἀσεϐείαςγραφόμεθα.
3696 613 3883 666 Ἐναν-

2304 696 2418 748 τίον
2449 697 2506 749 δὲ
2560 697 2719 750 τοῦτο
2765 699 2858 750 καὶ
2906 699 3090 761 αὐτοῖς
3131 702 3244 761 τοῖς
3289 699 3604 769 εἰρημένοις
3661 710 3684 738 ³
3734 701 3884 755 ἔστιν

2309 786 2455 840 ἰδεῖν.
2484 789 2547 840 El
2585 789 2686 859 γὰρ
2728 790 2938 860 ἐτράπη
2969 790 2997 842 6
3035 790 3208 856 Λόγος
3241 792 3318 853 είς
3355 792 3555 861 σάρκα,
3599 793 3658 845 ού
3702 811 3886 847 κεκοι-

2306 874 2546 945 νώνηκεν
2573 878 2701 946 ἡμῖν
2751 878 2950 948 σαρκὸς
3015 879 3108 931 καὶ
3155 879 3422 948 αἵματος·
3472 881 3520 932 εί
3581 880 3639 933 δὲ
3679 882 3884 952 σαρκὸς

2306 968 2400 1020 καλ⁵
2433 968 2665 1039 αἵματος
2716 968 3135 1040 κεκοινώνηκεν,
3167 970 3241 1034 ὡς
3274 970 3434 1034 ἄλλος
3467 972 3618 1038 παρά
3654 972 3829 1025 ταῦτα
3861 975 3879 1009 ⁸

2307 1058 2719 1129 κεκοινώνηκεν·
2755 1061 2804 1113 ει
2837 1061 2893 1111 δὲ
2927 1059 3054 1114 ἄλλο
3090 1077 3141 1112 τι
3171 1058 3298 1130 παρ’
3332 1044 3494 1113 αὐτόν
3525 1062 3556 1131 ἡ
3595 1062 3751 1131 σὰρξ,
3782 1063 3886 1115 ούκ

2306 1151 2464 1213 αὐτὸς
2500 1151 2711 1222 ἐτράπη
2743 1154 2819 1214 είς
2844 1152 3041 1221 σάρκα.
3081 1152 3287 1204 Οὐκοῦν
3329 1151 3406 1221 τῷ
3448 1153 3543 1221 τῆς
3588 1154 3885 1216 κοινωνίας

2307 1243 2531 1311 ὀνόματι
2573 1241 2866 1312 χρώμενοι,
2915 1241 2991 1305 ὡς
3023 1243 3121 1297 ἕνα
3157 1243 3255 1314 μὲν
3294 1245 3420 1296 Υίὺν
3463 1244 3887 1315 προσκυνοῦμεν

2307 1332 2396 1383 τὸν
2422 1331 2672 1396 λαϐόντα,
2706 1335 2798 1385 καὶ
2820 1333 2880 1384 τὸ
2899 1333 3122 1402 ληφθέν.
3165 1333 3283 1386 Τῶν
3313 1335 3368 1387 δὲ
3395 1334 3608 1403 φύσεων
3646 1336 3744 1406 τὴν
3763 1336 3887 1389 δια-

2309 1421 2481 1493 φορὰν
2518 1422 2881 1492 γνωρίζομεν,
2935 1423 3029 1474 καὶ
3075 1422 3165 1475 τὸν
3196 1423 3454 1493 θεοφόρον
3486 1424 3541 1478 δὲ
3591 1425 3888 1497 ἄνθρωπον

2308 1514 2382 1575 ὼς
2406 1513 2622 1576 πολλοῖς
2652 1513 2760 1565 τῶν
2801 1513 2972 1580 ἁγίων
3004 1514 3265 1583 Πατέρων
3297 1515 3611 1584 εἰρημένον,
3644 1516 3704 1568 οὐ
3739 1533 3892 1584 παρ-

2307 1603 2607 1674 αιτούμεθα
2633 1621 2647 1636 ο
2676 1597 2749 1658 ὧν
2804 1598 2883 1667 εἷς
2927 1607 2955 1656 6
3001 1604 3174 1673 μέγας
3209 1605 3488 1667 Βασίλειος
3536 1608 3594 1656 ὲν
3630 1605 3706 1675 τῷ
3742 1606 3890 1675 πρὸς

2320 1696 2667 1766 ’Λμςριλόχιον
2690 1697 2820 1765 περὶ
2848 1693 2940 1746 τοῦ
2969 1695 3124 1761 ἁγίου
3163 1694 3480 1760 Πνεύματος
3514 1695 3677 1764 λόγῳ,
3705 1695 3891 1765 τούτῳ

2307 1782 2654 1853 χρησάμενος
2681 1782 2759 1850 τῷ
2794 1781 3041 1850 ὀνόματι,
3077 1782 3169 1833 καὶ
3201 1783 3258 1834 ὲν
3286 1784 3350 1849 τῇ
3381 1781 3475 1834 τοῦ
3512 1781 3890 1852 πεντηκοστοῦ

629 1873 775 1926 mine
796 1880 851 1926 et
877 1873 928 1926 in
957 1874 1338 1942 explanatione
1363 1877 1797 1945 quinquagesimi
1829 1879 1953 1934 noni
1985 1879 2196 1948 psalmi.

2304 1874 2525 1928 ἑννάτου
2563 1872 2779 1942 ψαλμοῦ
2834 1871 3100 1940 ἑρμηνείᾳ
3127 1887 3138 1899 ·
3197 1869 3473 1939 καλοῦμεν
3523 1870 3578 1923 δὲ
3609 1870 3892 1940 Θεοφόρον

631 1959 902 2015 Vocamus
931 1975 1108 2017 autem
1152 1964 1414 2019 deiferum
1445 1965 1748 2031 hominem,
1777 1983 1882 2023 non
1910 1971 2050 2038 quod
2078 1985 2202 2039 par-

628 2053 908 2107 ticularem
938 2053 1227 2121 quamdam
1255 2055 1493 2108 divinam
1523 2057 1754 2125 gratiam
1785 2059 2081 2126 acceperit,
2108 2061 2201 2115 setl

627 2143 772 2210 quod
795 2157 1010 2195 omnem
1035 2145 1239 2196 unitam
1265 2146 1458 2198 habeat
1482 2145 1604 2199 Filii
1629 2147 1902 2200 deitatem.
1927 2147 2037 2201 Hoc
2058 2151 2200 2200 enim

629 2232 992 2299 interpretans
1038 2233 1226 2286 beatus
1277 2234 1472 2287 Paulus
1518 2235 1732 2288 dicebat
1779 2253 1792 2289 :
1841 2255 1858 2287 ι
1901 2236 2087 2290 Videte
2138 2252 2204 2292 ne

629 2321 753 2388 quis
789 2334 884 2373 vos
928 2321 1268 2389 depraedetur
1303 2336 1398 2390 per
1432 2323 1858 2390 philosotihiam,
1899 2334 1949 2377 et
1991 2325 2202 2378 inanem

629 2412 929 2477 fallaciam,
960 2412 1254 2466 secundum
1287 2413 1633 2466 traditionem
1668 2414 1978 2478 hominum,
2011 2429 2204 2468 secun-

629 2503 755 2555 dum
783 2502 1048 2557 elementa
1079 2502 1242 2572 hujus
1271 2505 1478 2568 mundi,
1505 2513 1560 2558 et
1587 2519 1692 2557 non
1723 2507 2018 2559 secundum
2048 2505 2204 2560 Chri-

629 2604 771 2647 stum
808 2611 821 2646 :
857 2595 982 2661 quia
1021 2593 1071 2646 in
1108 2594 1226 2661 ipso
1265 2594 1528 2648 inhabitat
1560 2595 1737 2649 omnis
1776 2595 2054 2666 plenitudo
2089 2597 2204 2651 dei-

630 2682 758 2735 tatis
786 2680 1138 2750 corporaliter
1155 2681 1196 2736 ’.
1228 2701 1246 2732 ο

1174 2813 1362 2885 Cyr-illi
1401 2815 1656 2884 defensio.

699 2955 894 3010 lterum
927 2953 1091 3008 etiam
1126 2947 1178 3006 in
1213 2951 1314 3007 hoc
1347 2951 1465 3006 loco
1495 2968 1653 3020 quam
1692 2953 1924 3006 inaniter
1950 2967 2200 3023 nugetur,

627 3046 912 3100 ostendere
959 3041 1273 3096 facillimum
1323 3051 1425 3096 est.
1470 3043 1707 3096 Dicimus
1750 3043 1895 3096 enim
1946 3058 2046 3096 nos
2097 3059 2200 3095 non

628 3137 829 3190 debere
857 3136 923 3189 ab
948 3133 1130 3202 aliquo
1155 3132 1421 3187 deiferum
1450 3133 1720 3187 hominem
1752 3133 2021 3186 nominari
2047 3133 2204 3186 Chri-

2305 1967 2609 2036 ἄνθρωπον,
2641 1967 2736 2034 οὐχ
2777 1965 2853 2027 ὡς
2888 1967 3118 2036 μερικὴν
3152 1981 3273 2014 τινα
3316 1963 3466 2014 Θείαν
3513 1963 3677 2033 χάριν
3727 1965 3894 2029 δεξά-

2309 2072 2488 2124 μενον,
2521 2056 2637 2108 ἀλλ*
2665 2058 2740 2115 ὡς
2770 2057 2948 2106 πᾶσαν
2973 2053 3257 2123 ἡνωμένην
3286 2053 3476 2122 ἔχοντα
3497 2053 3592 2106 τοῦ
3627 2054 3756 2108 Υίοῦ
3784 2057 3894 2124 τὴν

2306 2143 2557 2213 θεότητα.
2587 2144 2758 2196 Τοῦτο
2789 2144 2898 2213 γὰρ
2948 2146 2976 2195 6
3025 2144 3297 2213 μακάριος
3351 2146 3670 2215 ἑρμηνεύων
3728 2146 3893 2213 ἔλεγε

2307 2235 2518 2296 Παῦλος
2543 2250 2554 2261 ⁸
2592 2255 2609 2285 ι
2637 2234 2897 2297 Βλέπετε,
2934 2235 3008 2303 μή
3035 2251 3117 2296 τις
3151 2236 3178 2285 6
3202 2246 3228 2272 ιι
3267 2235 3600 2302 συλαγωγῶν
3628 2237 3772 2306 ὑμᾶς
3797 2237 3894 2288 διὰ

2306 2324 2406 2393 τῆς
2433 2324 2777 2392 φιλοσοφίας,
2811 2326 2905 2377 καὶ
2942 2325 3105 2393 κενῆς
3143 2324 3380 2393 ἀπάτης,
3407 2327 3547 2378 κατά
3579 2326 3677 2396 τὴν
3704 2329 3896 2396 παρά-

2304 2417 2450 2469 δοσιν
2477 2418 2583 2469 τῶν
2615 2416 2939 2485 ἀνθρώπων,
2969 2418 3110 2470 κατὰ
3132 2417 3199 2469 τὰ
3245 2421 3485 2487 στοιχεῖα
3515 2419 3608 2471 τοῦ
3648 2420 3892 2490 κόσμου,

2308 2509 2400 2560 καὶ
2426 2509 2486 2559 οὐ
2517 2507 2659 2560 κατά
2698 2508 2930 2576 Χριστόν
2957 2524 2967 2534 ·
3008 2508 3090 2559 ὄτι
3132 2508 3190 2559 ἐν
3224 2508 3372 2578 αὐτῷ
3403 2513 3648 2563 κατοικεῖ
3679 2511 3791 2564 πᾶν
3830 2512 3898 2563 τὸ

2307 2599 2583 2668 πλήρωμα
2611 2599 2709 2668 τῆς
2741 2597 2992 2667 θεότητος
3027 2599 3378 2668 σωματικῶς.
3411 2619 3427 2651 ο

2745 2822 3070 2888 Ἀπολογία
3109 2823 3438 2888 Κυρίλλου.

2378 2953 2675 3008 Κάνταῦθα
2728 2955 2785 3007 δὲ
2843 2956 3006 3007 πάλιν
3058 2955 3517 3024 είκαιομυθοῦντα
3591 2957 3897 3022 δεικνύειν,

2298 3047 2540 3116 ,χαλεπὸν
2563 3045 2734 3098 οὐδέν.
2769 3047 2952 3114 Φαμὲν
2986 3047 3092 3115 γὰρ
3121 3049 3281 3116 ἡμεῖς
3314 3048 3373 3099 τὸ
3407 3048 3481 3117 μὴ
3512 3048 3713 3117 χρῆναι
3751 3052 3899 3120 πρός

2305 3155 2449 3199 τινος
2485 3136 2742 3207 θεοφόρον
2775 3136 3058 3202 ἄνθρωπον
3089 3137 3452 3205 ὀνομάζεσθαι
3490 3139 3580 3188 τὸν
3625 3139 3898 3205 Χριστὸν,

628 3237 793 3290 ειυηι,
824 3237 881 3279 ιιι
911 3240 1017 3278 non
1046 3225 1186 3279 sicut
1213 3239 1352 3277 unus
1379 3233 1689 3279 sanctorum
1719 3224 2077 3293 inlelligatur;
2109 3225 2200 3278 sed

2307 3232 2396 3284 ἵνα
2530 3197 2661 3281 καθ’.
2701 3229 2796 3280 ἕνα
2822 3197 2929 3280 τῶν
2973 3227 3145 3294 ἁγίων
3181 3197 3370 3291 νοοίτο,
3403 3227 3534 3278 Θεὸν
3580 3228 3634 3280 δὲ
3679 3197 3901 3296 μᾶλλον

627 3318 798 3386 magis
831 3316 999 3371 Deum
1031 3330 1216 3369 verum
1249 3315 1376 3368 illud
1408 3314 1639 3368 Verbum
1676 3314 1792 3380 Dei,
1824 3316 1966 3384 quod
2003 3315 2204 3369 factum

628 3417 710 3459 est
747 3407 929 3468 homo,
965 3414 1018 3459 et
1051 3406 1388 3459 incarnatum
1411 3404 1852 3473 est.Perstringit
1887 3415 2068 3457 autem
2107 3405 2197 3457 ille

629 3499 827 3551 iterum
852 3511 915 3551 ea
942 3511 1060 3566 quae
1086 3506 1233 3550 recte
1257 3497 1398 3549 dicta
1420 3505 1571 3560 sunt,
1592 3496 1864 3564 variisque
1891 3499 2063 3550 modis
2083 3511 2206 3563 pro-

630 3587 839 3656 digiose
882 3597 937 3641 et
981 3587 1111 3641 false
1155 3586 1411 3654 loquitur.
1453 3586 1631 3655 lnquit
1673 3598 1880 3647 autem.
1920 3587 2063 3656 quod
2107 3601 2205 3641 nos

629 3679 872 3732 dicamus
902 3677 1138 3732 Verbum
1184 3677 1280 3732 Dei
1325 3692 1645 3732 conversum
1693 3692 1813 3732 esse
1855 3678 1908 3730 in
1954 3685 2203 3730 naturam

628 3771 831 3834 carnis,
865 3778 919 3822 et
955 3768 1194 3822 rationes
1226 3769 1387 3831 eruit,
1421 3770 1619 3834 quibus
1653 3765 1940 3819 ostendere
1974 3766 2203 3833 studuit,

629 3858 866 3913 Verbum
895 3859 986 3911 Dei
1012 3872 1116 3910 non
1144 3869 1265 3910 esse
1292 3855 1667 3910 convertibile.
1694 3855 1806 3925 Ego
1831 3871 1960 3910 vero
1987 3856 2038 3910 id
2065 3859 2206 3925 quod

629 3950 926 4018 saepissime
952 3949 1084 4012 dixi,
1110 3949 1214 4003 hoc
1241 3962 1382 4002 nunc
1407 3963 1622 4017 quoque
1649 3950 1958 4004 necessario
1986 3952 2161 4004 dicam
2189 3969 2201 4003 :

628 4042 763 4096 Cum
807 4054 965 4093 nemo
997 4040 1068 4092 sit
1105 4038 1194 4106 qui
1235 4037 1378 4092 dicat
1414 4038 1572 4106 22],
1608 4037 1841 4091 divinam
1883 4039 2206 4107 incorrupti-

631 4135 901 4202 bilemque
923 4131 1083 4186 Verbi
1117 4139 1367 4183 naturam
1398 4130 1449 4183 in
1481 4143 1699 4184 carnem
1732 4139 2000 4184 terrenam
2030 4140 2206 4184 trans-

633 4227 950 4286 formatam,
981 4221 1232 4276 omnibus
1267 4229 1446 4274 autem
1484 4235 1590 4275 uno
1622 4236 1887 4277 consensu
1924 4223 2207 4276 inconver-

634 4316 834 4370 tibilem
892 4326 1012 4367 esse
1068 4311 1431 4374 testantibus,
1491 4311 1721 4368 desinite
1774 4327 2206 4382 supervacaneos

632 4405 872 4474 perferre
911 4404 1159 4466 labores,
1195 4411 1254 4455 ut
1287 4416 1380 4457 eos
1415 4403 1507 4469 qui
1547 4402 1765 4456 minime
1798 4403 2008 4471 decepti
2044 4415 2202 4469 sunt,

2306 3317 2557 3387 ἀληθινὸν
2581 3318 2738 3370 ἑνανθ
2750 3318 2902 3386 ρωπή
2914 3333 3099 3377 σαντα,
3126 3317 3219 3368 καὶ
3243 3317 3661 3386 σεσαρκωμένον
3677 3317 3773 3371 τὸν
3798 3320 3903 3373 τοῦ

2307 3408 2440 3460 Θεοῦ
2471 3408 2665 3474 Λόγον.
2699 3406 3055 3476 Ἐπιπλήττει
3076 3407 3132 3458 δὲ
3166 3407 3328 3459 πάλιν
3355 3407 3537 3459 οὑτοσὶ
3567 3411 3680 3468 τοῖς
3713 3410 3904 3479 ὀρθῶς

2308 3498 2645 3567 εἰρημένοις,
2680 3498 2773 3549 καὶ
2804 3497 3065 3558 ποικίλως
3112 3497 3462 3566 τερατεύεται
3498 3501 3588 3551 καὶ
3619 3500 3906 3569 ψευδηγο-

2311 3591 2426 3659 ρεῖ·
2456 3588 2589 3655 φησὶ
2627 3588 2733 3656 γὰρ
2776 3588 2923 3655 ἡμᾶς
2968 3587 3046 3648 εἰς
3078 3586 3174 3655 τὴν
3211 3587 3311 3654 τῆς
3357 3590 3560 3654 σαρκὸς
3588 3591 3754 3656 φύσιν
3787 3610 3905 3645 πα-

2314 3677 2684 3748 ρατετράφθαι
2711 3677 2892 3742 λέγειν
2922 3677 3011 3727 τὸν
3051 3676 3145 3728 τοῦ
3188 3676 3320 3728 Θεοῦ
3358 3679 3549 3744 Λόγον,
3595 3683 3688 3732 καὶ
3738 3683 3867 3748 λογι
3891 3715 3903 3724 -

2311 3769 2481 3836 σμοὺς
2528 3766 2838 3836 ἁνορύττει,
2889 3766 2955 3819 δι’
2988 3759 3063 3818 ὧν
3112 3767 3432 3832 ἀποφαίνειν
3471 3769 3815 3823 ἐσπούδακεν
3851 3783 3904 3835 ι’,

2309 3859 2384 3920 ὡς
2418 3859 2519 3910 οὐκ
2558 3857 2623 3910 ἂν
2667 3857 2750 3924 εἴη
2783 3858 3051 3926 ἄτρεπτος
3080 3870 3104 3896 ι
3133 3859 3160 3908 6
3187 3857 3282 3908 τοῦ
3320 3857 3457 3909 Θεοῦ
3496 3859 3689 3926 Λόγος.
3733 3864 3800 3913 ’0
3839 3865 3905 3914 δὲ

2308 3947 2371 4014 δὴ
2397 3946 2717 4006 πλειστάκις
2749 3945 2904 4013 ἔφην,
2941 3947 3099 3996 τοῦτο
3140 3946 3232 3997 καὶ
3266 3945 3360 3997 νῦν
3392 3948 3705 4012 ἀναγκαίως
3739 3951 3860 4018 ἐρῶ
3887 3969 3904 3983 ο

2309 4034 2533 4096 Ούδενὸς
2562 4035 2639 4096 είς
2664 4034 2841 4103 σάρκα
2861 4033 2957 4101 τὴν
2987 4033 3092 4085 ὑπὸ
3113 4042 3140 4080 γ
3165 4034 3267 4101 γῆς
3293 4036 3774 4104 μεταπεποιῆσθαι
3808 4039 3906 4089 λέ-

2308 4143 2496 4194 γοντος
2516 4125 2614 4194 τὴν
2650 4124 2802 4178 θείαν
2840 4141 2899 4176 τε
2945 4125 3040 4176 καὶ
3067 4125 3345 4194 ἀκήρατον
3365 4124 3458 4177 τοῦ
3481 4125 3656 4192 Λόγου
3700 4128 3903 4194 φύσιν,

2309 4217 2575 4286 ἄτρεπτον
2602 4215 2658 4267 δὲ
2691 4216 2946 4268 ἁπάντων
2983 4215 3384 4284 ὁμολογούντων
3429 4217 3622 4287 αὐτὴν,
3666 4220 3906 4273 παύσα-

2309 4311 2402 4364 σθε
2430 4311 2624 4370 πόνους
2667 4309 3016 4369 δαπανῶντες
3050 4309 3241 4370 κενοὺς
3277 4318 3322 4369 ι,
3360 4309 3439 4370 εἷς
3473 4325 3535 4374 γε
3577 4309 3639 4361 τὸ
3686 4311 3907 4379 χρῆναι

2308 4401 2674 4471 πληροφορεῖν
2708 4399 2833 4460 τοὺς
2880 4396 3180 4466 οὐδαμόθεν
3234 4398 3642 4467 ἠπατημένους,
3675 4400 3763 4472 ὅτι
3799 4404 3907 4454 καὶ

631 4495 894 4549 certiores
927 4494 1136 4547 faciatis
1165 4493 1309 4561 quod
1335 4492 1566 4547 Verbum
1600 4493 1692 4547 Dei
1722 4495 2019 4548 secundum
2047 4501 2203 4549 natu-

2308 4491 2577 4562 ἄτρεπτος
2605 4489 2744 4541 κατά
2793 4489 2953 4556 φύσιν
2983 4490 3076 4540 καὶ
3118 4488 3476 4552 ἀναλλοίωτός
3512 4491 3656 4542 ἐστιν
3679 4491 3709 4541 6
3755 4491 3909 4556 Θεὸς

634 4601 749 4639 ram
779 4585 848 4638 sit
882 4583 1289 4637 inconvertibile
1318 4592 1372 4637 et
1402 4584 1761 4639 immutabile.
1792 4584 1922 4650 Quis
1953 4587 2098 4640 enim
2130 4588 2205 4641 ita

631 4676 876 4742 stupidus
910 4685 963 4727 ct
1001 4673 1223 4725 insanus
1257 4679 1371 4736 est,
1405 4680 1462 4724 ut
1498 4681 1602 4724 tam
1642 4676 1850 4743 turpia,
1883 4685 1938 4730 et
1972 4676 2040 4730 ab
2077 4679 2206 4746 ipsis

634 4765 775 4816 forte
805 4762 1188 4830 insipientibus
1219 4764 1556 4830 respuenda,
1587 4765 1790 4816 sentire
1821 4775 1875 4817 et
1905 4767 2084 4820 dicere
2116 4782 2205 4820 ve-

632 4853 735 4905 lit?
784 4850 1116 4918 Obstupesco
1166 4860 1380 4917 autem,
1429 4853 1571 4920 quod
1620 4869 1739 4906 cum
1793 4855 1992 4922 ubique
2037 4855 2204 4910 Deum

633 4957 753 4997 esse
783 4941 1182 4995 Emmanuelein
1211 4940 1460 5008 alIirmet,
1491 4944 1541 4996 in
1570 4943 1656 4998 his
1683 4945 2105 5010 deprehenditur
2130 4948 2204 5000 illi

635 5032 1002 5099 propheticam
1058 5045 1366 5084 mensuram
1418 5035 1678 5088 tribuere.
1729 5035 2011 5090 Hominem
2061 5037 2204 5090 enim

637 5118 910 5174 Deiferum
940 5134 1062 5175 eum
1094 5136 1214 5175 esse
1245 5122 1404 5186 dicit,
1438 5136 1492 5176 ut
1521 5123 1767 5177 videatur
1795 5124 1989 5178 similis
2021 5126 2203 5189 nobis,

640 5211 732 5281 qui
767 5226 863 5280 per
893 5221 1138 5265 sanctum
1175 5211 1433 5280 Spiritum
1469 5214 1634 5269 Deum
1672 5217 1910 5269 omnium
1945 5215 2207 5271 habemus

715 5367 734 5397 ⁷
772 5367 956 5422 Coloss
1011 5384 1067 5432 ιι,
1102 5368 1155 5434 8,
1184 5368 1235 5422 9.

2310 4584 2502 4651 Λόγος.
2535 4582 2632 4643 Τίς
2685 4582 2790 4648 γὰρ
2842 4578 3015 4641 οὕτως
3071 4579 3443 4648 ἀπόπληκτος,
3491 4579 3524 4648 ἦ
3575 4582 3911 4652 παράφρων

2308 4673 2478 4736 ἑστιν,
2518 4671 2593 4732 ὼς
2624 4670 2694 4721 τὰ
2738 4668 2910 4730 οῦτως
2941 4667 3164 4736 αἰσχρὰ,
3215 4669 3308 4719 καὶ
3363 4668 3545 4729 αὐτοῖς
3585 4669 3728 4736 τάχα
3778 4675 3910 4732 τοῖς

2311 4764 2563 4832 ἀνοήτοις
2613 4759 2917 4828 ἀπόϐλητα,
2968 4761 3186 4828 φρονεῖν
3234 4758 3448 4810 ἑλέσθαι
3510 4757 3603 4808 καὶ
3663 4758 3908 4826 λέγειν;

2308 4851 2796 4920 Καταπέπληγμαι
2826 4851 2905 4914 δὲ,
2925 4849 3007 4901 ὅτι
3032 4848 3125 4901 καί
3150 4864 3230 4900 τοι
3253 4846 3733 4916 διαϐεϐαιούμενος
3765 4867 3915 4902 παν-

2314 4943 2455 5012 ταχῆ
2488 4941 2621 4993 Θεὸν
2643 4936 2780 4992 εἶναι
2807 4939 2896 4991 τὸν
2925 4938 3663 5009 Ἐμμανουὴλ,προφητικῶς
3689 4951 3716 4979 ι
3745 4942 3914 5012 αὐτῷ

2319 5033 2516 5102 μέτρον
2555 5029 2936 5100 ἑκνενεμηκὼς
2972 5033 3028 5080 ἑν
3056 5028 3267 5090 τούτοις
3299 5029 3648 5099 εὑρίσκεται·
3676 5029 3913 5102 ἄνθρω-

2317 5141 2418 5175 πον
2452 5123 2559 5192 γὰρ
2596 5119 2732 5173 εἷναί
2767 5137 2898 5188 φησι
2933 5118 3203 5189 Θεοφόρον
3239 5120 3424 5183 αὐτὸν,
3462 5120 3527 5170 ἵν’
3564 5119 3742 5189 ὁρῷτο
3770 5126 3913 5176 καθ’

2313 5217 2483 5284 ἡμᾶς,
2514 5216 2640 5275 τοὺς
2682 5213 2900 5265 ἔναυλον
2937 5212 3157 5281 ἔχοντας
3187 5212 3275 5266 διὰ
3310 5212 3404 5265 τοῦ
3441 5211 3595 5278 ἀγίου
3629 5213 3910 5283 Πνεῦμα-

1705 5522 1880 5576 Variae
1911 5522 2166 5579 lectiones
2194 5537 2258 5579 ex
2286 5523 2469 5577 codice
2499 5523 2874 5593 Seguieriano.

714 5685 737 5712 ο
764 5673 945 5735 αὐτοῖς
972 5668 1300 5741 εἰρημένοις.
1384 5672 1401 5706 ί
1434 5671 1572 5725 αύτά
1593 5670 1782 5726 ταῦτα.

645 5750 671 5791 1
701 5745 830 5800 ἀπό.
912 5753 931 5778 ²
957 5743 1330 5804 διαπονοῦντες
1353 5743 1591 5803 καινούς.
1670 5751 1687 5772 ⁸
1713 5745 2064 5812 προφητικὸν.

1901 5685 1924 5711 υ
1955 5673 2103 5746 ἔσται
2138 5677 2184 5729 6.
2265 5685 2287 5712 ν
2315 5676 2624 5744 ἀποφαίνει,
2681 5669 2754 5729 ὧν
2779 5675 3091 5746 ἀνορύττειν
3141 5675 3491 5731 ἐσπούδακεν.

3634 5678 3910 5747 τρεπτός.
