  <div class='ocr_page' id='page_1' title='image "/cluster/home/n/w/nwhite01/storage/ocr_20150623/76/ien.35556001661040/222.png"; bbox 0 0 4042 6448; ppageno 0'>
   <div class='ocr_carea' id='block_1_1' title="bbox 134 350 2861 415">
    <p class='ocr_par' dir='ltr' id='par_1_1' title="bbox 134 350 2861 415">
     <span class='ocr_line' id='line_1_1' title="bbox 134 350 2861 415; baseline -0.002 -5"><span class='ocrx_word' id='word_1_1' title='bbox 134 358 213 410; x_wconf 62' lang='lat' dir='ltr'><strong>iii</strong></span> <span class='ocrx_word' id='word_1_2' title='bbox 712 355 1246 415; x_wconf 78' lang='lat' dir='ltr'><strong>APOLOGETICUS</strong></span> <span class='ocrx_word' id='word_1_3' title='bbox 1288 354 1561 409; x_wconf 78' lang='lat' dir='ltr'><strong>CONTRA</strong></span> <span class='ocrx_word' id='word_1_4' title='bbox 1607 350 2133 406; x_wconf 81' lang='lat' dir='ltr'><strong>THEODORETUM</strong></span> <span class='ocrx_word' id='word_1_5' title='bbox 2175 350 2309 405; x_wconf 80' lang='lat' dir='ltr'><strong>PRO</strong></span> <span class='ocrx_word' id='word_1_6' title='bbox 2350 350 2442 403; x_wconf 80' lang='lat' dir='ltr'><strong>XII</strong></span> <span class='ocrx_word' id='word_1_7' title='bbox 2480 350 2861 407; x_wconf 77' lang='lat' dir='ltr'><strong>CAPITIBUS.</strong></span> 
     </span>
    </p>
   </div>
   <div class='ocr_carea' id='block_1_2' title="bbox 3290 353 3396 406">
    <p class='ocr_par' dir='ltr' id='par_1_2' title="bbox 3290 353 3396 406">
     <span class='ocr_line' id='line_1_2' title="bbox 3290 353 3396 406; baseline 0 -1"><span class='ocrx_word' id='word_1_8' title='bbox 3290 353 3396 406; x_wconf 68' lang='grc'><strong>422</strong></span> 
     </span>
    </p>
   </div>
   <div class='ocr_carea' id='block_1_3' title="bbox 130 466 1706 538">
    <p class='ocr_par' dir='ltr' id='par_1_3' title="bbox 130 470 1706 538">
     <span class='ocr_line' id='line_1_3' title="bbox 130 470 1706 538; baseline -0.01 -6"><span class='ocrx_word' id='word_1_9' title='bbox 130 490 206 532; x_wconf 75' lang='grc' dir='ltr'><strong>τος</strong></span> <span class='ocrx_word' id='word_1_10' title='bbox 236 472 329 522; x_wconf 82' lang='grc' dir='ltr'><strong>τὸν</strong></span> <span class='ocrx_word' id='word_1_11' title='bbox 368 471 484 521; x_wconf 76' lang='grc' dir='ltr'><strong>τῶν</strong></span> <span class='ocrx_word' id='word_1_12' title='bbox 524 470 662 522; x_wconf 73' lang='grc' dir='ltr'>ὅλων</span> <span class='ocrx_word' id='word_1_13' title='bbox 702 471 854 522; x_wconf 80' lang='grc' dir='ltr'>Θεόν.</span> <span class='ocrx_word' id='word_1_14' title='bbox 904 472 1169 523; x_wconf 82' lang='grc' dir='ltr'>Κατοικεῖ</span> <span class='ocrx_word' id='word_1_15' title='bbox 1199 470 1307 538; x_wconf 84' lang='grc' dir='ltr'><strong>γὰρ</strong></span> <span class='ocrx_word' id='word_1_16' title='bbox 1348 473 1405 521; x_wconf 85' lang='grc' dir='ltr'>ὲν</span> <span class='ocrx_word' id='word_1_17' title='bbox 1445 471 1562 529; x_wconf 88' lang='grc' dir='ltr'>ταῖς</span> <span class='ocrx_word' id='word_1_18' title='bbox 1594 485 1706 537; x_wconf 61' lang='grc' dir='ltr'>καρε</span> 
     </span>
    </p>
   </div>
   <div class='ocr_carea' id='block_1_4' title="bbox 1812 466 3393 538">
    <p class='ocr_par' dir='ltr' id='par_1_4' title="bbox 1832 466 3393 523">
     <span class='ocr_line' id='line_1_4' title="bbox 1832 466 3393 523; baseline 0.003 -7"><span class='ocrx_word' id='word_1_19' title='bbox 1832 466 1882 518; x_wconf 92' lang='lat' dir='ltr'><strong>in</strong></span> <span class='ocrx_word' id='word_1_20' title='bbox 1920 468 2070 519; x_wconf 87' lang='lat' dir='ltr'><strong>nobis</strong></span> <span class='ocrx_word' id='word_1_21' title='bbox 2109 466 2459 521; x_wconf 77' lang='lat' dir='ltr'><strong>habitantem.</strong></span> <span class='ocrx_word' id='word_1_22' title='bbox 2496 468 2708 522; x_wconf 84' lang='lat' dir='ltr'><strong>Habitat</strong></span> <span class='ocrx_word' id='word_1_23' title='bbox 2743 470 2886 521; x_wconf 91' lang='lat' dir='ltr'><strong>enim</strong></span> <span class='ocrx_word' id='word_1_24' title='bbox 2922 469 2972 521; x_wconf 90' lang='lat' dir='ltr'><strong>in</strong></span> <span class='ocrx_word' id='word_1_25' title='bbox 3008 470 3261 523; x_wconf 75' lang='lat' dir='ltr'><strong>cordibus</strong></span> <span class='ocrx_word' id='word_1_26' title='bbox 3298 486 3393 521; x_wconf 78' lang='lat' dir='ltr'><strong>no-</strong></span> 
     </span>
    </p>
   </div>
   <div class='ocr_carea' id='block_1_5' title="bbox 130 554 1714 631">
    <p class='ocr_par' dir='ltr' id='par_1_5' title="bbox 130 554 1714 631">
     <span class='ocr_line' id='line_1_5' title="bbox 130 554 1714 631; baseline -0.004 -17"><span class='ocrx_word' id='word_1_27' title='bbox 130 565 260 623; x_wconf 77' lang='grc' dir='ltr'>δίαις</span> <span class='ocrx_word' id='word_1_28' title='bbox 301 561 498 631; x_wconf 78' lang='grc' dir='ltr'>ἡμῶν,</span> <span class='ocrx_word' id='word_1_29' title='bbox 532 554 626 613; x_wconf 59' lang='grc' dir='ltr'><strong>καῖ</strong></span> <span class='ocrx_word' id='word_1_30' title='bbox 675 560 840 628; x_wconf 78' lang='grc' dir='ltr'>ἐσμὲν</span> <span class='ocrx_word' id='word_1_31' title='bbox 873 561 987 611; x_wconf 77' lang='grc' dir='ltr'>ναοὶ</span> <span class='ocrx_word' id='word_1_32' title='bbox 1028 560 1163 611; x_wconf 84' lang='grc' dir='ltr'><strong>Θεοῦ</strong></span> <span class='ocrx_word' id='word_1_33' title='bbox 1209 560 1427 623; x_wconf 80' lang='grc' dir='ltr'>ζῶντος.</span> <span class='ocrx_word' id='word_1_34' title='bbox 1463 560 1614 609; x_wconf 87' lang='grc' dir='ltr'>Ἐστι</span> <span class='ocrx_word' id='word_1_35' title='bbox 1660 557 1714 608; x_wconf 85' lang='grc' dir='ltr'><strong>δὲ</strong></span> 
     </span>
    </p>
   </div>
   <div class='ocr_carea' id='block_1_6' title="bbox 127 647 1716 720">
    <p class='ocr_par' dir='ltr' id='par_1_6' title="bbox 127 647 1716 720">
     <span class='ocr_line' id='line_1_6' title="bbox 127 647 1716 720; baseline -0.003 -17"><span class='ocrx_word' id='word_1_36' title='bbox 127 654 176 703; x_wconf 80' lang='grc' dir='ltr'><strong>ού</strong></span> <span class='ocrx_word' id='word_1_37' title='bbox 204 653 418 702; x_wconf 69' lang='grc' dir='ltr'>ταυτὸν</span> <span class='ocrx_word' id='word_1_38' title='bbox 460 651 749 720; x_wconf 80' lang='grc' dir='ltr'>ἄνθρωπον</span> <span class='ocrx_word' id='word_1_39' title='bbox 785 650 959 700; x_wconf 72' lang='grc' dir='ltr'>εἰπεῖν</span> <span class='ocrx_word' id='word_1_40' title='bbox 994 648 1244 715; x_wconf 85' lang='grc' dir='ltr'>γενέσθαι</span> <span class='ocrx_word' id='word_1_41' title='bbox 1280 650 1368 701; x_wconf 85' lang='grc' dir='ltr'><strong>τὸν</strong></span> <span class='ocrx_word' id='word_1_42' title='bbox 1392 648 1585 715; x_wconf 90' lang='grc' dir='ltr'>Λόγον,</span> <span class='ocrx_word' id='word_1_43' title='bbox 1622 647 1716 699; x_wconf 78' lang='grc' dir='ltr'>καὶ</span> 
     </span>
    </p>
   </div>
   <div class='ocr_carea' id='block_1_7' title="bbox 126 738 1714 809">
    <p class='ocr_par' dir='ltr' id='par_1_7' title="bbox 126 738 1714 809">
     <span class='ocr_line' id='line_1_7' title="bbox 126 738 1714 809; baseline 0 -19"><span class='ocrx_word' id='word_1_44' title='bbox 126 740 249 792; x_wconf 79' lang='grc' dir='ltr'>Θεὸν</span> <span class='ocrx_word' id='word_1_45' title='bbox 275 742 335 792; x_wconf 82' lang='grc' dir='ltr'>ὲν</span> <span class='ocrx_word' id='word_1_46' title='bbox 380 739 664 808; x_wconf 81' lang='grc' dir='ltr'><strong>ἀνθρώπῳ</strong></span> <span class='ocrx_word' id='word_1_47' title='bbox 716 740 1043 807; x_wconf 72' lang='grc' dir='ltr'><strong>κατοικῆσαι</strong></span> <span class='ocrx_word' id='word_1_48' title='bbox 1076 740 1335 809; x_wconf 77' lang='grc' dir='ltr'>νομίζειν.</span> <span class='ocrx_word' id='word_1_49' title='bbox 1375 738 1437 790; x_wconf 73' lang='grc' dir='ltr'><strong>Εἰ</strong></span> <span class='ocrx_word' id='word_1_50' title='bbox 1482 740 1586 808; x_wconf 86' lang='grc' dir='ltr'>γὰρ</span> <span class='ocrx_word' id='word_1_51' title='bbox 1621 739 1714 790; x_wconf 83' lang='grc' dir='ltr'>καί</span> 
     </span>
    </p>
   </div>
   <div class='ocr_carea' id='block_1_8' title="bbox 125 829 1715 898">
    <p class='ocr_par' dir='ltr' id='par_1_8' title="bbox 125 829 1715 898">
     <span class='ocr_line' id='line_1_8' title="bbox 125 829 1715 898; baseline -0.001 -16"><span class='ocrx_word' id='word_1_52' title='bbox 125 833 266 882; x_wconf 76' lang='grc' dir='ltr'>ἐστιν</span> <span class='ocrx_word' id='word_1_53' title='bbox 297 829 518 897; x_wconf 84' lang='grc' dir='ltr'>ἀληθὴς</span> <span class='ocrx_word' id='word_1_54' title='bbox 545 831 577 898; x_wconf 81' lang='grc' dir='ltr'>ἡ</span> <span class='ocrx_word' id='word_1_55' title='bbox 609 829 702 880; x_wconf 91' lang='grc' dir='ltr'><strong>τοῦ</strong></span> <span class='ocrx_word' id='word_1_56' title='bbox 738 830 1007 897; x_wconf 82' lang='grc' dir='ltr'><strong>μακαρίου</strong></span> <span class='ocrx_word' id='word_1_57' title='bbox 1041 829 1252 881; x_wconf 82' lang='grc' dir='ltr'>Παύλου</span> <span class='ocrx_word' id='word_1_58' title='bbox 1282 830 1453 897; x_wconf 80' lang='grc' dir='ltr'>φωνὴ,</span> <span class='ocrx_word' id='word_1_59' title='bbox 1479 830 1557 880; x_wconf 79' lang='grc' dir='ltr'>ὅτι</span> <span class='ocrx_word' id='word_1_60' title='bbox 1586 848 1603 877; x_wconf 79' lang='lat' dir='ltr'><strong>i</strong></span> <span class='ocrx_word' id='word_1_61' title='bbox 1626 830 1715 881; x_wconf 84' lang='grc' dir='ltr'>Ἑν</span> 
     </span>
    </p>
   </div>
   <div class='ocr_carea' id='block_1_9' title="bbox 124 918 1712 989">
    <p class='ocr_par' dir='ltr' id='par_1_9' title="bbox 124 918 1712 989">
     <span class='ocr_line' id='line_1_9' title="bbox 124 918 1712 989; baseline -0.002 -16"><span class='ocrx_word' id='word_1_62' title='bbox 124 921 267 989; x_wconf 73' lang='grc' dir='ltr'>αὐτῷ</span> <span class='ocrx_word' id='word_1_63' title='bbox 297 921 586 989; x_wconf 79' lang='grc' dir='ltr'>ηὑδόκησε</span> <span class='ocrx_word' id='word_1_64' title='bbox 618 922 941 989; x_wconf 80' lang='grc' dir='ltr'>κατοικῆσαι</span> <span class='ocrx_word' id='word_1_65' title='bbox 962 922 1069 971; x_wconf 79' lang='grc' dir='ltr'>πᾶν</span> <span class='ocrx_word' id='word_1_66' title='bbox 1094 920 1155 971; x_wconf 90' lang='grc' dir='ltr'><strong>τὸ</strong></span> <span class='ocrx_word' id='word_1_67' title='bbox 1184 919 1455 989; x_wconf 79' lang='grc' dir='ltr'>πλήρωμα</span> <span class='ocrx_word' id='word_1_68' title='bbox 1479 920 1577 988; x_wconf 78' lang='grc' dir='ltr'>τῆς</span> <span class='ocrx_word' id='word_1_69' title='bbox 1599 918 1712 970; x_wconf 87' lang='grc' dir='ltr'>θεό-</span> 
     </span>
    </p>
   </div>
   <div class='ocr_carea' id='block_1_10' title="bbox 124 1011 1712 1081">
    <p class='ocr_par' dir='ltr' id='par_1_10' title="bbox 124 1011 1712 1081">
     <span class='ocr_line' id='line_1_10' title="bbox 124 1011 1712 1081; baseline -0.001 -16"><span class='ocrx_word' id='word_1_70' title='bbox 124 1032 281 1081; x_wconf 68' lang='grc' dir='ltr'>τητος</span> <span class='ocrx_word' id='word_1_71' title='bbox 316 1012 685 1080; x_wconf 83' lang='grc' dir='ltr'>σωματικῶς,</span> <span class='ocrx_word' id='word_1_72' title='bbox 742 1031 759 1062; x_wconf 74' lang='grc' dir='ltr'><strong>ι</strong></span> <span class='ocrx_word' id='word_1_73' title='bbox 800 1012 1108 1073; x_wconf 86' lang='grc' dir='ltr'>τουτέστιν,</span> <span class='ocrx_word' id='word_1_74' title='bbox 1142 1012 1202 1062; x_wconf 87' lang='grc' dir='ltr'><strong>οὐ</strong></span> <span class='ocrx_word' id='word_1_75' title='bbox 1248 1012 1534 1081; x_wconf 78' lang='grc' dir='ltr'>σχετικῶςο</span> <span class='ocrx_word' id='word_1_76' title='bbox 1596 1011 1712 1063; x_wconf 70' lang='grc' dir='ltr'>ἀλλ’</span> 
     </span>
    </p>
   </div>
   <div class='ocr_carea' id='block_1_11' title="bbox 122 1099 1713 1175">
    <p class='ocr_par' dir='ltr' id='par_1_11' title="bbox 122 1099 1713 1175">
     <span class='ocr_line' id='line_1_11' title="bbox 122 1099 1713 1175; baseline -0.002 -20"><span class='ocrx_word' id='word_1_77' title='bbox 122 1101 208 1156; x_wconf 76' lang='grc' dir='ltr'><strong>οὖν</strong></span> <span class='ocrx_word' id='word_1_78' title='bbox 252 1104 354 1156; x_wconf 72' lang='grc' dir='ltr'>ἕνα</span> <span class='ocrx_word' id='word_1_79' title='bbox 419 1101 449 1141; x_wconf 77' lang='grc' dir='ltr'><strong>ι’</strong></span> <span class='ocrx_word' id='word_1_80' title='bbox 504 1104 670 1173; x_wconf 73' lang='grc' dir='ltr'>φησὶν</span> <span class='ocrx_word' id='word_1_81' title='bbox 720 1099 861 1155; x_wconf 74' lang='grc' dir='ltr'>εἶναι</span> <span class='ocrx_word' id='word_1_82' title='bbox 902 1102 1032 1154; x_wconf 91' lang='grc' dir='ltr'>Θεὸν</span> <span class='ocrx_word' id='word_1_83' title='bbox 1065 1103 1157 1154; x_wconf 84' lang='grc' dir='ltr'><strong>τὸν</strong></span> <span class='ocrx_word' id='word_1_84' title='bbox 1200 1103 1434 1175; x_wconf 83' lang='grc' dir='ltr'>Πατέρα,</span> <span class='ocrx_word' id='word_1_85' title='bbox 1482 1103 1575 1154; x_wconf 62' lang='grc' dir='ltr'><strong>καὶ⁸</strong></span> <span class='ocrx_word' id='word_1_86' title='bbox 1618 1103 1713 1153; x_wconf 76' lang='grc' dir='ltr'><strong>ἕνα</strong></span> 
     </span>
    </p>
   </div>
   <div class='ocr_carea' id='block_1_12' title="bbox 125 1188 1713 1266">
    <p class='ocr_par' dir='ltr' id='par_1_12' title="bbox 125 1188 1713 1266">
     <span class='ocr_line' id='line_1_12' title="bbox 125 1188 1713 1266; baseline -0.003 -17"><span class='ocrx_word' id='word_1_87' title='bbox 125 1197 332 1266; x_wconf 81' lang='grc' dir='ltr'>Κύριον</span> <span class='ocrx_word' id='word_1_88' title='bbox 380 1196 599 1264; x_wconf 78' lang='grc' dir='ltr'>Ἰησοῦν</span> <span class='ocrx_word' id='word_1_89' title='bbox 630 1195 893 1264; x_wconf 89' lang='grc' dir='ltr'>Χριστὸν,</span> <span class='ocrx_word' id='word_1_90' title='bbox 921 1194 987 1246; x_wconf 84' lang='grc' dir='ltr'><strong>δι’</strong></span> <span class='ocrx_word' id='word_1_91' title='bbox 1013 1188 1073 1246; x_wconf 76' lang='grc' dir='ltr'><strong>οὗ</strong></span> <span class='ocrx_word' id='word_1_92' title='bbox 1096 1195 1163 1246; x_wconf 86' lang='grc' dir='ltr'>τὰ</span> <span class='ocrx_word' id='word_1_93' title='bbox 1197 1195 1391 1248; x_wconf 84' lang='grc' dir='ltr'>πάντα.</span> <span class='ocrx_word' id='word_1_94' title='bbox 1414 1194 1551 1262; x_wconf 81' lang='grc' dir='ltr'>Φαίη</span> <span class='ocrx_word' id='word_1_95' title='bbox 1581 1194 1625 1246; x_wconf 79' lang='grc' dir='ltr'><strong>δ’</strong></span> <span class='ocrx_word' id='word_1_96' title='bbox 1648 1193 1713 1246; x_wconf 80' lang='grc' dir='ltr'>ἄν</span> 
     </span>
    </p>
   </div>
   <div class='ocr_carea' id='block_1_13' title="bbox 120 1284 1708 1355">
    <p class='ocr_par' dir='ltr' id='par_1_13' title="bbox 120 1284 1708 1355">
     <span class='ocr_line' id='line_1_13' title="bbox 120 1284 1708 1355; baseline -0.003 -14"><span class='ocrx_word' id='word_1_97' title='bbox 120 1304 222 1349; x_wconf 77' lang='grc' dir='ltr'>τις,</span> <span class='ocrx_word' id='word_1_98' title='bbox 262 1289 363 1339; x_wconf 76' lang='grc' dir='ltr'>καὶ</span> <span class='ocrx_word' id='word_1_99' title='bbox 414 1290 473 1338; x_wconf 83' lang='grc' dir='ltr'>ὲν</span> <span class='ocrx_word' id='word_1_100' title='bbox 518 1286 793 1355; x_wconf 79' lang='grc' dir='ltr'><strong>ἀνθρώπῳ</strong></span> <span class='ocrx_word' id='word_1_101' title='bbox 847 1289 1120 1339; x_wconf 77' lang='grc' dir='ltr'>κατοικεῖν</span> <span class='ocrx_word' id='word_1_102' title='bbox 1155 1286 1213 1338; x_wconf 87' lang='grc' dir='ltr'><strong>τὸ</strong></span> <span class='ocrx_word' id='word_1_103' title='bbox 1258 1286 1474 1355; x_wconf 81' lang='grc' dir='ltr'>πνεῦμα</span> <span class='ocrx_word' id='word_1_104' title='bbox 1521 1284 1708 1337; x_wconf 82' lang='grc' dir='ltr'>αὑτοῦ.</span> 
     </span>
    </p>
   </div>
   <div class='ocr_carea' id='block_1_14' title="bbox 125 1378 1712 1449">
    <p class='ocr_par' dir='ltr' id='par_1_14' title="bbox 125 1378 1712 1449">
     <span class='ocr_line' id='line_1_14' title="bbox 125 1378 1712 1449; baseline -0.002 -18"><span class='ocrx_word' id='word_1_105' title='bbox 125 1381 233 1431; x_wconf 71' lang='grc' dir='ltr'><strong>Καὶ</strong></span> <span class='ocrx_word' id='word_1_106' title='bbox 266 1379 408 1446; x_wconf 89' lang='grc' dir='ltr'>γοῦν</span> <span class='ocrx_word' id='word_1_107' title='bbox 460 1380 775 1449; x_wconf 80' lang='grc' dir='ltr'>γέγραπται</span> <span class='ocrx_word' id='word_1_108' title='bbox 810 1378 935 1446; x_wconf 75' lang='grc' dir='ltr'>περὶ</span> <span class='ocrx_word' id='word_1_109' title='bbox 970 1379 1166 1431; x_wconf 84' lang='grc' dir='ltr'>τινῶν·</span> <span class='ocrx_word' id='word_1_110' title='bbox 1201 1397 1218 1427; x_wconf 76' lang='grc' dir='ltr'><strong>ι</strong></span> <span class='ocrx_word' id='word_1_111' title='bbox 1250 1379 1389 1440; x_wconf 81' lang='grc' dir='ltr'>Τοὺς</span> <span class='ocrx_word' id='word_1_112' title='bbox 1434 1378 1487 1429; x_wconf 80' lang='grc' dir='ltr'><strong>δὲ</strong></span> <span class='ocrx_word' id='word_1_113' title='bbox 1530 1393 1712 1429; x_wconf 87' lang='grc' dir='ltr'>κατοι-</span> 
     </span>
    </p>
   </div>
   <div class='ocr_carea' id='block_1_15' title="bbox 124 1464 1709 1538">
    <p class='ocr_par' dir='ltr' id='par_1_15' title="bbox 124 1464 1709 1538">
     <span class='ocr_line' id='line_1_15' title="bbox 124 1464 1709 1538; baseline -0.003 -17"><span class='ocrx_word' id='word_1_114' title='bbox 124 1471 358 1532; x_wconf 83' lang='grc' dir='ltr'>κοῦντας</span> <span class='ocrx_word' id='word_1_115' title='bbox 408 1470 589 1531; x_wconf 81' lang='grc' dir='ltr'>οἰκίας</span> <span class='ocrx_word' id='word_1_116' title='bbox 627 1469 883 1538; x_wconf 84' lang='grc' dir='ltr'>πηλίνας,</span> <span class='ocrx_word' id='word_1_117' title='bbox 920 1488 935 1518; x_wconf 75' lang='grc' dir='ltr'><strong>ι</strong></span> <span class='ocrx_word' id='word_1_118' title='bbox 982 1468 1039 1533; x_wconf 78' lang='grc' dir='ltr'>ἐξ</span> <span class='ocrx_word' id='word_1_119' title='bbox 1070 1464 1145 1521; x_wconf 83' lang='grc' dir='ltr'>ὧν</span> <span class='ocrx_word' id='word_1_120' title='bbox 1178 1470 1271 1522; x_wconf 69' lang='grc' dir='ltr'><strong>καὶ</strong></span> <span class='ocrx_word' id='word_1_121' title='bbox 1320 1470 1472 1520; x_wconf 74' lang='grc' dir='ltr'>αὐτοὶ</span> <span class='ocrx_word' id='word_1_122' title='bbox 1502 1468 1565 1519; x_wconf 80' lang='grc' dir='ltr'><strong>ἐκ</strong></span> <span class='ocrx_word' id='word_1_123' title='bbox 1616 1465 1709 1519; x_wconf 89' lang='grc' dir='ltr'><strong>τοῦ</strong></span> 
     </span>
    </p>
   </div>
   <div class='ocr_carea' id='block_1_16' title="bbox 126 1556 1710 1631">
    <p class='ocr_par' dir='ltr' id='par_1_16' title="bbox 126 1556 1710 1631">
     <span class='ocr_line' id='line_1_16' title="bbox 126 1556 1710 1631; baseline -0.002 -17"><span class='ocrx_word' id='word_1_124' title='bbox 126 1562 291 1614; x_wconf 80' lang='grc' dir='ltr'>αὐτοῦ</span> <span class='ocrx_word' id='word_1_125' title='bbox 350 1561 533 1629; x_wconf 85' lang='grc' dir='ltr'>πηλοῦ</span> <span class='ocrx_word' id='word_1_126' title='bbox 574 1563 775 1631; x_wconf 79' lang='grc' dir='ltr'>ἐσμεν·</span> <span class='ocrx_word' id='word_1_127' title='bbox 810 1561 927 1613; x_wconf 83' lang='grc' dir='ltr'>ἀλλ’</span> <span class='ocrx_word' id='word_1_128' title='bbox 956 1558 1049 1614; x_wconf 79' lang='grc' dir='ltr'><strong>οῦν</strong></span> <span class='ocrx_word' id='word_1_129' title='bbox 1096 1556 1174 1623; x_wconf 72' lang='grc' dir='ltr'>εἷς</span> <span class='ocrx_word' id='word_1_130' title='bbox 1206 1564 1423 1622; x_wconf 82' lang='grc' dir='ltr'>νοεῖται,</span> <span class='ocrx_word' id='word_1_131' title='bbox 1455 1561 1548 1612; x_wconf 77' lang='grc' dir='ltr'><strong>καὶ</strong></span> <span class='ocrx_word' id='word_1_132' title='bbox 1597 1559 1710 1611; x_wconf 77' lang='grc' dir='ltr'>ἔστι</span> 
     </span>
    </p>
   </div>
   <div class='ocr_carea' id='block_1_17' title="bbox 124 1652 1710 1723">
    <p class='ocr_par' dir='ltr' id='par_1_17' title="bbox 124 1652 1710 1723">
     <span class='ocr_line' id='line_1_17' title="bbox 124 1652 1710 1723; baseline 0 -20"><span class='ocrx_word' id='word_1_133' title='bbox 124 1653 265 1703; x_wconf 75' lang='grc' dir='ltr'>κατὰ</span> <span class='ocrx_word' id='word_1_134' title='bbox 301 1652 564 1705; x_wconf 85' lang='grc' dir='ltr'>σύνθεσιν</span> <span class='ocrx_word' id='word_1_135' title='bbox 593 1652 882 1722; x_wconf 79' lang='grc' dir='ltr'>ἄνθρωπος</span> <span class='ocrx_word' id='word_1_136' title='bbox 914 1654 1021 1704; x_wconf 80' lang='grc' dir='ltr'>ἀπό</span> <span class='ocrx_word' id='word_1_137' title='bbox 1061 1669 1118 1705; x_wconf 89' lang='grc' dir='ltr'><strong>τε</strong></span> <span class='ocrx_word' id='word_1_138' title='bbox 1149 1652 1350 1723; x_wconf 86' lang='grc' dir='ltr'>σαρκὸς</span> <span class='ocrx_word' id='word_1_139' title='bbox 1399 1653 1493 1704; x_wconf 70' lang='grc' dir='ltr'>καὶ</span> <span class='ocrx_word' id='word_1_140' title='bbox 1529 1652 1623 1721; x_wconf 77' lang='grc' dir='ltr'><strong>τῆς</strong></span> <span class='ocrx_word' id='word_1_141' title='bbox 1654 1654 1710 1703; x_wconf 82' lang='grc' dir='ltr'><strong>ἐν</strong></span> 
     </span>
    </p>
   </div>
   <div class='ocr_carea' id='block_1_18' title="bbox 121 1741 1710 1811">
    <p class='ocr_par' dir='ltr' id='par_1_18' title="bbox 121 1741 1710 1811">
     <span class='ocr_line' id='line_1_18' title="bbox 121 1741 1710 1811; baseline -0.001 -18"><span class='ocrx_word' id='word_1_142' title='bbox 121 1743 257 1809; x_wconf 66' lang='grc' dir='ltr'>αὐτῇ</span> <span class='ocrx_word' id='word_1_143' title='bbox 294 1743 667 1808; x_wconf 78' lang='grc' dir='ltr'>κατοικούσης</span> <span class='ocrx_word' id='word_1_144' title='bbox 717 1741 898 1809; x_wconf 77' lang='grc' dir='ltr'>ψυχῆς</span> <span class='ocrx_word' id='word_1_145' title='bbox 945 1743 1155 1811; x_wconf 82' lang='grc' dir='ltr'>νοερᾶς.</span> <span class='ocrx_word' id='word_1_146' title='bbox 1202 1742 1265 1791; x_wconf 83' lang='grc' dir='ltr'><strong>Τί</strong></span> <span class='ocrx_word' id='word_1_147' title='bbox 1312 1742 1494 1793; x_wconf 82' lang='grc' dir='ltr'>τοίνυν</span> <span class='ocrx_word' id='word_1_148' title='bbox 1531 1741 1710 1793; x_wconf 87' lang='grc' dir='ltr'>διακυ-</span> 
     </span>
    </p>
   </div>
   <div class='ocr_carea' id='block_1_19' title="bbox 123 1830 1713 1899">
    <p class='ocr_par' dir='ltr' id='par_1_19' title="bbox 123 1830 1713 1899">
     <span class='ocr_line' id='line_1_19' title="bbox 123 1830 1713 1899; baseline 0 -18"><span class='ocrx_word' id='word_1_149' title='bbox 123 1833 232 1882; x_wconf 80' lang='grc' dir='ltr'><strong>κῶν</strong></span> <span class='ocrx_word' id='word_1_150' title='bbox 266 1834 327 1882; x_wconf 88' lang='grc' dir='ltr'><strong>ού</strong></span> <span class='ocrx_word' id='word_1_151' title='bbox 370 1831 609 1882; x_wconf 86' lang='grc' dir='ltr'>παύεται</span> <span class='ocrx_word' id='word_1_152' title='bbox 646 1831 737 1881; x_wconf 83' lang='grc' dir='ltr'><strong>τὸν</strong></span> <span class='ocrx_word' id='word_1_153' title='bbox 790 1830 948 1899; x_wconf 80' lang='grc' dir='ltr'>ὀρθόν</span> <span class='ocrx_word' id='word_1_154' title='bbox 986 1847 1044 1880; x_wconf 87' lang='grc' dir='ltr'><strong>τε</strong></span> <span class='ocrx_word' id='word_1_155' title='bbox 1087 1832 1179 1880; x_wconf 77' lang='grc' dir='ltr'><strong>καὶ</strong></span> <span class='ocrx_word' id='word_1_156' title='bbox 1217 1830 1577 1899; x_wconf 83' lang='grc' dir='ltr'>ἀδιάστροφον</span> <span class='ocrx_word' id='word_1_157' title='bbox 1615 1832 1713 1899; x_wconf 79' lang='grc' dir='ltr'>τῆς</span> 
     </span>
    </p>
   </div>
   <div class='ocr_carea' id='block_1_20' title="bbox 123 1920 1714 1988">
    <p class='ocr_par' dir='ltr' id='par_1_20' title="bbox 123 1920 1714 1988">
     <span class='ocr_line' id='line_1_20' title="bbox 123 1920 1714 1988; baseline 0.002 -18"><span class='ocrx_word' id='word_1_158' title='bbox 123 1923 365 1982; x_wconf 78' lang='grc' dir='ltr'>πίστεως</span> <span class='ocrx_word' id='word_1_159' title='bbox 396 1922 595 1987; x_wconf 63' lang='grc' dir='ltr'>λόγονξ</span> <span class='ocrx_word' id='word_1_160' title='bbox 629 1921 765 1972; x_wconf 81' lang='grc' dir='ltr'>Ποτὲ</span> <span class='ocrx_word' id='word_1_161' title='bbox 802 1921 904 1988; x_wconf 85' lang='grc' dir='ltr'><strong>μὲν</strong></span> <span class='ocrx_word' id='word_1_162' title='bbox 929 1921 1036 1988; x_wconf 85' lang='grc' dir='ltr'>γὰρ</span> <span class='ocrx_word' id='word_1_163' title='bbox 1062 1921 1157 1971; x_wconf 78' lang='grc' dir='ltr'>ἕνα</span> <span class='ocrx_word' id='word_1_164' title='bbox 1181 1921 1313 1988; x_wconf 63' lang='grc' dir='ltr'>φησι</span> <span class='ocrx_word' id='word_1_165' title='bbox 1342 1921 1595 1988; x_wconf 84' lang='grc' dir='ltr'>Χριστὸν,</span> <span class='ocrx_word' id='word_1_166' title='bbox 1620 1920 1714 1973; x_wconf 72' lang='grc' dir='ltr'>καὶ</span> 
     </span>
    </p>
   </div>
   <div class='ocr_carea' id='block_1_21' title="bbox 123 2009 1714 2079">
    <p class='ocr_par' dir='ltr' id='par_1_21' title="bbox 123 2009 1714 2079">
     <span class='ocr_line' id='line_1_21' title="bbox 123 2009 1714 2079; baseline 0 -18"><span class='ocrx_word' id='word_1_167' title='bbox 123 2012 269 2072; x_wconf 77' lang='grc' dir='ltr'>Υἱὸν,</span> <span class='ocrx_word' id='word_1_168' title='bbox 307 2014 407 2062; x_wconf 74' lang='grc' dir='ltr'><strong>καὶ</strong></span> <span class='ocrx_word' id='word_1_169' title='bbox 444 2011 672 2079; x_wconf 77' lang='grc' dir='ltr'>Κύριον,</span> <span class='ocrx_word' id='word_1_170' title='bbox 702 2010 793 2060; x_wconf 87' lang='grc' dir='ltr'><strong>τὸν</strong></span> <span class='ocrx_word' id='word_1_171' title='bbox 840 2009 1002 2061; x_wconf 82' lang='grc' dir='ltr'>αὑτὸν</span> <span class='ocrx_word' id='word_1_172' title='bbox 1035 2010 1166 2061; x_wconf 87' lang='grc' dir='ltr'>Θεόν</span> <span class='ocrx_word' id='word_1_173' title='bbox 1197 2028 1253 2062; x_wconf 90' lang='grc' dir='ltr'><strong>τε</strong></span> <span class='ocrx_word' id='word_1_174' title='bbox 1303 2010 1437 2079; x_wconf 83' lang='grc' dir='ltr'>ὁμοῦ</span> <span class='ocrx_word' id='word_1_175' title='bbox 1496 2012 1587 2063; x_wconf 75' lang='grc' dir='ltr'>καὶ</span> <span class='ocrx_word' id='word_1_176' title='bbox 1622 2010 1714 2063; x_wconf 80' lang='grc' dir='ltr'><strong>ἄν-</strong></span> 
     </span>
    </p>
   </div>
   <div class='ocr_carea' id='block_1_22' title="bbox 122 2099 1710 2170">
    <p class='ocr_par' dir='ltr' id='par_1_22' title="bbox 122 2099 1710 2170">
     <span class='ocr_line' id='line_1_22' title="bbox 122 2099 1710 2170; baseline -0.001 -19"><span class='ocrx_word' id='word_1_177' title='bbox 122 2101 370 2169; x_wconf 86' lang='grc' dir='ltr'>θρωπον,</span> <span class='ocrx_word' id='word_1_178' title='bbox 398 2101 531 2151; x_wconf 83' lang='grc' dir='ltr'>ποτὲ</span> <span class='ocrx_word' id='word_1_179' title='bbox 570 2100 627 2151; x_wconf 81' lang='grc' dir='ltr'><strong>δὲ</strong></span> <span class='ocrx_word' id='word_1_180' title='bbox 658 2102 769 2161; x_wconf 86' lang='grc' dir='ltr'>τοῖς</span> <span class='ocrx_word' id='word_1_181' title='bbox 798 2100 905 2151; x_wconf 83' lang='grc' dir='ltr'><strong>τῶν</strong></span> <span class='ocrx_word' id='word_1_182' title='bbox 938 2099 1231 2170; x_wconf 83' lang='grc' dir='ltr'>προφητῶν</span> <span class='ocrx_word' id='word_1_183' title='bbox 1262 2100 1435 2168; x_wconf 77' lang='grc' dir='ltr'>ἐνίησι</span> <span class='ocrx_word' id='word_1_184' title='bbox 1471 2101 1710 2169; x_wconf 84' lang='grc' dir='ltr'>μέτροις,</span> 
     </span>
    </p>
   </div>
   <div class='ocr_carea' id='block_1_23' title="bbox 121 2189 1713 2260">
    <p class='ocr_par' dir='ltr' id='par_1_23' title="bbox 121 2189 1713 2260">
     <span class='ocr_line' id='line_1_23' title="bbox 121 2189 1713 2260; baseline 0 -19"><span class='ocrx_word' id='word_1_185' title='bbox 121 2191 400 2260; x_wconf 73' lang='grc' dir='ltr'>Θεοφόρον</span> <span class='ocrx_word' id='word_1_186' title='bbox 434 2189 726 2258; x_wconf 78' lang='grc' dir='ltr'>ἄνθρωπον</span> <span class='ocrx_word' id='word_1_187' title='bbox 780 2189 1065 2257; x_wconf 76' lang='grc' dir='ltr'>ὀνομάζων</span> <span class='ocrx_word' id='word_1_188' title='bbox 1117 2189 1296 2243; x_wconf 79' lang='grc' dir='ltr'>αὐτόν.</span> <span class='ocrx_word' id='word_1_189' title='bbox 1342 2190 1607 2258; x_wconf 83' lang='grc' dir='ltr'>Ἥγνόηκε</span> <span class='ocrx_word' id='word_1_190' title='bbox 1657 2190 1713 2241; x_wconf 86' lang='grc' dir='ltr'>δὲ</span> 
     </span>
    </p>
   </div>
   <div class='ocr_carea' id='block_1_24' title="bbox 120 2278 1712 2349">
    <p class='ocr_par' dir='ltr' id='par_1_24' title="bbox 120 2278 1712 2349">
     <span class='ocr_line' id='line_1_24' title="bbox 120 2278 1712 2349; baseline 0 -19"><span class='ocrx_word' id='word_1_191' title='bbox 120 2284 255 2348; x_wconf 69' lang='grc' dir='ltr'>τάχα</span> <span class='ocrx_word' id='word_1_192' title='bbox 286 2298 391 2330; x_wconf 77' lang='grc' dir='ltr'><strong>που</strong></span> <span class='ocrx_word' id='word_1_193' title='bbox 437 2281 533 2331; x_wconf 70' lang='grc' dir='ltr'><strong>καὶ</strong></span> <span class='ocrx_word' id='word_1_194' title='bbox 564 2282 694 2349; x_wconf 68' lang='grc' dir='ltr'>ἡμῖν</span> <span class='ocrx_word' id='word_1_195' title='bbox 730 2281 914 2341; x_wconf 78' lang='grc' dir='ltr'>αὐτοῖς</span> <span class='ocrx_word' id='word_1_196' title='bbox 946 2283 1002 2331; x_wconf 81' lang='grc' dir='ltr'>ὲν</span> <span class='ocrx_word' id='word_1_197' title='bbox 1034 2280 1135 2348; x_wconf 72' lang='grc' dir='ltr'><strong>ἴσῳ</strong></span> <span class='ocrx_word' id='word_1_198' title='bbox 1166 2278 1354 2341; x_wconf 71' lang='grc' dir='ltr'>τιθεὶς,</span> <span class='ocrx_word' id='word_1_199' title='bbox 1386 2280 1541 2349; x_wconf 76' lang='grc' dir='ltr'>εἴπερ</span> <span class='ocrx_word' id='word_1_200' title='bbox 1565 2281 1712 2331; x_wconf 75' lang='grc' dir='ltr'>ἐστὶν</span> 
     </span>
    </p>
   </div>
   <div class='ocr_carea' id='block_1_25' title="bbox 119 2369 1710 2439">
    <p class='ocr_par' dir='ltr' id='par_1_25' title="bbox 119 2369 1710 2439">
     <span class='ocr_line' id='line_1_25' title="bbox 119 2369 1710 2439; baseline -0.001 -18"><span class='ocrx_word' id='word_1_201' title='bbox 119 2373 176 2421; x_wconf 71' lang='grc' dir='ltr'><strong>ού</strong></span> <span class='ocrx_word' id='word_1_202' title='bbox 226 2371 365 2431; x_wconf 84' lang='grc' dir='ltr'>θεὸς</span> <span class='ocrx_word' id='word_1_203' title='bbox 416 2370 657 2439; x_wconf 82' lang='grc' dir='ltr'>άληθῶς,</span> <span class='ocrx_word' id='word_1_204' title='bbox 712 2371 837 2432; x_wconf 78' lang='grc' dir='ltr'>ναὸς</span> <span class='ocrx_word' id='word_1_205' title='bbox 875 2370 931 2422; x_wconf 83' lang='grc' dir='ltr'>δὲ</span> <span class='ocrx_word' id='word_1_206' title='bbox 970 2370 1204 2439; x_wconf 80' lang='grc' dir='ltr'>μᾶλλον,</span> <span class='ocrx_word' id='word_1_207' title='bbox 1264 2370 1338 2429; x_wconf 83' lang='grc' dir='ltr'>ὼς</span> <span class='ocrx_word' id='word_1_208' title='bbox 1377 2369 1710 2431; x_wconf 78' lang='grc' dir='ltr'>ἐνοικοῦντος</span> 
     </span>
    </p>
   </div>
   <div class='ocr_carea' id='block_1_26' title="bbox 122 2453 1710 2527">
    <p class='ocr_par' dir='ltr' id='par_1_26' title="bbox 122 2453 1710 2527">
     <span class='ocr_line' id='line_1_26' title="bbox 122 2453 1710 2527; baseline -0.001 -18"><span class='ocrx_word' id='word_1_209' title='bbox 122 2460 268 2527; x_wconf 67' lang='grc' dir='ltr'>αὐτῷ</span> <span class='ocrx_word' id='word_1_210' title='bbox 300 2460 402 2510; x_wconf 84' lang='grc' dir='ltr'><strong>τοῦ</strong></span> <span class='ocrx_word' id='word_1_211' title='bbox 448 2459 652 2524; x_wconf 84' lang='grc' dir='ltr'>Λόγου,</span> <span class='ocrx_word' id='word_1_212' title='bbox 685 2460 828 2512; x_wconf 84' lang='grc' dir='ltr'><strong>καθὰ</strong></span> <span class='ocrx_word' id='word_1_213' title='bbox 868 2460 961 2511; x_wconf 81' lang='grc' dir='ltr'><strong>καὶ</strong></span> <span class='ocrx_word' id='word_1_214' title='bbox 1001 2461 1057 2509; x_wconf 87' lang='grc' dir='ltr'>ὲν</span> <span class='ocrx_word' id='word_1_215' title='bbox 1086 2461 1242 2527; x_wconf 77' lang='grc' dir='ltr'>ἡμῖν,</span> <span class='ocrx_word' id='word_1_216' title='bbox 1284 2457 1425 2508; x_wconf 79' lang='grc' dir='ltr'>Ἀλλ’</span> <span class='ocrx_word' id='word_1_217' title='bbox 1468 2458 1567 2526; x_wconf 84' lang='grc' dir='ltr'>ούχ</span> <span class='ocrx_word' id='word_1_218' title='bbox 1610 2453 1710 2508; x_wconf 79' lang='grc' dir='ltr'>ὧδε</span> 
     </span>
    </p>
   </div>
   <div class='ocr_carea' id='block_1_27' title="bbox 117 2537 1710 2618">
    <p class='ocr_par' dir='ltr' id='par_1_27' title="bbox 117 2537 1710 2618">
     <span class='ocr_line' id='line_1_27' title="bbox 117 2537 1710 2618; baseline 0.001 -21"><span class='ocrx_word' id='word_1_219' title='bbox 117 2548 291 2600; x_wconf 77' lang='grc' dir='ltr'>ταῦτα</span> <span class='ocrx_word' id='word_1_220' title='bbox 352 2548 506 2617; x_wconf 73' lang='grc' dir='ltr'>ἔχειν</span> <span class='ocrx_word' id='word_1_221' title='bbox 564 2551 595 2618; x_wconf 84' lang='grc' dir='ltr'>ὴ</span> <span class='ocrx_word' id='word_1_222' title='bbox 650 2548 1005 2609; x_wconf 79' lang='grc' dir='ltr'>θεόπνευστος</span> <span class='ocrx_word' id='word_1_223' title='bbox 1034 2546 1137 2616; x_wconf 78' lang='grc' dir='ltr'>ἔφη</span> <span class='ocrx_word' id='word_1_224' title='bbox 1181 2537 1467 2616; x_wconf 49' lang='grc' dir='ltr'><strong>Γραφήίσ</strong></span> <span class='ocrx_word' id='word_1_225' title='bbox 1516 2548 1710 2614; x_wconf 78' lang='grc' dir='ltr'>Γέγονε</span> 
     </span>
    </p>
   </div>
   <div class='ocr_carea' id='block_1_28' title="bbox 118 2636 1708 2708">
    <p class='ocr_par' dir='ltr' id='par_1_28' title="bbox 118 2636 1708 2708">
     <span class='ocr_line' id='line_1_28' title="bbox 118 2636 1708 2708; baseline -0.001 -19"><span class='ocrx_word' id='word_1_226' title='bbox 118 2639 225 2708; x_wconf 75' lang='grc' dir='ltr'>γὰρ</span> <span class='ocrx_word' id='word_1_227' title='bbox 265 2639 411 2707; x_wconf 76' lang='grc' dir='ltr'>σάρξ</span> <span class='ocrx_word' id='word_1_228' title='bbox 439 2641 467 2689; x_wconf 98' lang='lat'><strong>6</strong></span> <span class='ocrx_word' id='word_1_229' title='bbox 490 2639 683 2702; x_wconf 79' lang='grc' dir='ltr'>Λόγος,</span> <span class='ocrx_word' id='word_1_230' title='bbox 712 2636 806 2687; x_wconf 69' lang='grc' dir='ltr'>καὶ</span> <span class='ocrx_word' id='word_1_231' title='bbox 830 2637 1141 2705; x_wconf 74' lang='grc' dir='ltr'>ἐσκήνωσεν</span> <span class='ocrx_word' id='word_1_232' title='bbox 1175 2637 1231 2687; x_wconf 84' lang='grc' dir='ltr'>ὲν</span> <span class='ocrx_word' id='word_1_233' title='bbox 1266 2638 1415 2706; x_wconf 80' lang='grc' dir='ltr'>ἡμῖν,</span> <span class='ocrx_word' id='word_1_234' title='bbox 1455 2655 1471 2687; x_wconf 77' lang='grc' dir='ltr'><strong>ι</strong></span> <span class='ocrx_word' id='word_1_235' title='bbox 1513 2638 1595 2689; x_wconf 81' lang='grc' dir='ltr'>ἵνα</span> <span class='ocrx_word' id='word_1_236' title='bbox 1636 2640 1708 2707; x_wconf 88' lang='grc' dir='ltr'>μή</span> 
     </span>
    </p>
   </div>
   <div class='ocr_carea' id='block_1_29' title="bbox 116 2725 1710 2796">
    <p class='ocr_par' dir='ltr' id='par_1_29' title="bbox 116 2725 1710 2796">
     <span class='ocr_line' id='line_1_29' title="bbox 116 2725 1710 2796; baseline 0.001 -18"><span class='ocrx_word' id='word_1_237' title='bbox 116 2746 196 2791; x_wconf 80' lang='grc' dir='ltr'><strong>τις</strong></span> <span class='ocrx_word' id='word_1_238' title='bbox 227 2730 418 2795; x_wconf 71' lang='grc' dir='ltr'>οἴηται</span> <span class='ocrx_word' id='word_1_239' title='bbox 448 2727 589 2779; x_wconf 70' lang='grc' dir='ltr'>κατὰ</span> <span class='ocrx_word' id='word_1_240' title='bbox 624 2725 833 2795; x_wconf 78' lang='grc' dir='ltr'>τροπὴν</span> <span class='ocrx_word' id='word_1_241' title='bbox 884 2727 978 2779; x_wconf 79' lang='grc' dir='ltr'>καὶ</span> <span class='ocrx_word' id='word_1_242' title='bbox 1015 2726 1343 2796; x_wconf 84' lang='grc' dir='ltr'>μετάστασιν</span> <span class='ocrx_word' id='word_1_243' title='bbox 1367 2728 1446 2789; x_wconf 76' lang='grc' dir='ltr'><strong>εἰς</strong></span> <span class='ocrx_word' id='word_1_244' title='bbox 1484 2727 1580 2796; x_wconf 79' lang='grc' dir='ltr'><strong>τὴν</strong></span> <span class='ocrx_word' id='word_1_245' title='bbox 1614 2730 1710 2795; x_wconf 68' lang='grc' dir='ltr'><strong>τῆς</strong></span> 
     </span>
    </p>
   </div>
   <div class='ocr_carea' id='block_1_30' title="bbox 122 2817 1711 2886">
    <p class='ocr_par' dir='ltr' id='par_1_30' title="bbox 122 2817 1711 2886">
     <span class='ocr_line' id='line_1_30' title="bbox 122 2817 1711 2886; baseline 0.001 -19"><span class='ocrx_word' id='word_1_246' title='bbox 122 2819 323 2886; x_wconf 76' lang='grc' dir='ltr'>σαρκὸς</span> <span class='ocrx_word' id='word_1_247' title='bbox 358 2817 533 2869; x_wconf 78' lang='grc' dir='ltr'>αὑτοῦ</span> <span class='ocrx_word' id='word_1_248' title='bbox 564 2818 1039 2886; x_wconf 83' lang='grc' dir='ltr'>μεταπεποιῆσθαι</span> <span class='ocrx_word' id='word_1_249' title='bbox 1086 2817 1264 2886; x_wconf 80' lang='grc' dir='ltr'>φύσιν.</span> <span class='ocrx_word' id='word_1_250' title='bbox 1308 2819 1365 2870; x_wconf 85' lang='grc' dir='ltr'>Ὀ</span> <span class='ocrx_word' id='word_1_251' title='bbox 1386 2820 1440 2871; x_wconf 84' lang='grc' dir='ltr'>δὲ</span> <span class='ocrx_word' id='word_1_252' title='bbox 1470 2819 1711 2885; x_wconf 79' lang='grc' dir='ltr'>γεγονὼς</span> 
     </span>
    </p>
   </div>
   <div class='ocr_carea' id='block_1_31' title="bbox 120 2906 1708 2978">
    <p class='ocr_par' dir='ltr' id='par_1_31' title="bbox 120 2906 1708 2978">
     <span class='ocr_line' id='line_1_31' title="bbox 120 2906 1708 2978; baseline 0 -19"><span class='ocrx_word' id='word_1_253' title='bbox 120 2909 276 2976; x_wconf 73' lang='grc' dir='ltr'>σὰρξ,</span> <span class='ocrx_word' id='word_1_254' title='bbox 298 2909 477 2977; x_wconf 75' lang='grc' dir='ltr'>ἦγουν</span> <span class='ocrx_word' id='word_1_255' title='bbox 507 2906 821 2977; x_wconf 83' lang='grc' dir='ltr'>ἄνθρωπος,</span> <span class='ocrx_word' id='word_1_256' title='bbox 846 2908 945 2959; x_wconf 84' lang='grc' dir='ltr'><strong>οὑκ</strong></span> <span class='ocrx_word' id='word_1_257' title='bbox 976 2907 1261 2978; x_wconf 81' lang='grc' dir='ltr'>ἄνθρωπος</span> <span class='ocrx_word' id='word_1_258' title='bbox 1295 2908 1550 2978; x_wconf 83' lang='grc' dir='ltr'>θεοφόρος</span> <span class='ocrx_word' id='word_1_259' title='bbox 1575 2911 1708 2971; x_wconf 70' lang='grc' dir='ltr'>ἐστὶ,</span> 
     </span>
    </p>
   </div>
   <div class='ocr_carea' id='block_1_32' title="bbox 116 2997 1708 3067">
    <p class='ocr_par' dir='ltr' id='par_1_32' title="bbox 116 2997 1708 3067">
     <span class='ocr_line' id='line_1_32' title="bbox 116 2997 1708 3067; baseline 0.001 -20"><span class='ocrx_word' id='word_1_260' title='bbox 116 2998 247 3059; x_wconf 82' lang='grc' dir='ltr'>Θεὸς</span> <span class='ocrx_word' id='word_1_261' title='bbox 279 2998 339 3049; x_wconf 85' lang='grc' dir='ltr'><strong>δὲ</strong></span> <span class='ocrx_word' id='word_1_262' title='bbox 393 2998 600 3067; x_wconf 71' lang='grc' dir='ltr'>μᾶλλον</span> <span class='ocrx_word' id='word_1_263' title='bbox 642 3000 717 3058; x_wconf 77' lang='grc' dir='ltr'><strong>εἰς</strong></span> <span class='ocrx_word' id='word_1_264' title='bbox 754 2997 1060 3049; x_wconf 82' lang='grc' dir='ltr'>ἐθελούσιον</span> <span class='ocrx_word' id='word_1_265' title='bbox 1092 2997 1321 3049; x_wconf 86' lang='grc' dir='ltr'>κένωσιν</span> <span class='ocrx_word' id='word_1_266' title='bbox 1352 2998 1537 3060; x_wconf 74' lang='grc' dir='ltr'>καθεὶς</span> <span class='ocrx_word' id='word_1_267' title='bbox 1585 2999 1708 3049; x_wconf 77' lang='grc' dir='ltr'>ἐαυ-</span> 
     </span>
    </p>
   </div>
   <div class='ocr_carea' id='block_1_33' title="bbox 116 3088 1704 3158">
    <p class='ocr_par' dir='ltr' id='par_1_33' title="bbox 116 3088 1704 3158">
     <span class='ocr_line' id='line_1_33' title="bbox 116 3088 1704 3158; baseline 0.001 -20"><span class='ocrx_word' id='word_1_268' title='bbox 116 3088 223 3151; x_wconf 84' lang='grc' dir='ltr'>τὸν,</span> <span class='ocrx_word' id='word_1_269' title='bbox 269 3090 370 3139; x_wconf 73' lang='grc' dir='ltr'><strong>καὶ</strong></span> <span class='ocrx_word' id='word_1_270' title='bbox 409 3088 546 3139; x_wconf 73' lang='grc' dir='ltr'>ἰδίαν</span> <span class='ocrx_word' id='word_1_271' title='bbox 578 3090 952 3157; x_wconf 78' lang='grc' dir='ltr'>ποιησάμενος</span> <span class='ocrx_word' id='word_1_272' title='bbox 985 3089 1163 3158; x_wconf 84' lang='grc' dir='ltr'>σάρκα</span> <span class='ocrx_word' id='word_1_273' title='bbox 1205 3088 1303 3155; x_wconf 81' lang='grc' dir='ltr'>τὴν</span> <span class='ocrx_word' id='word_1_274' title='bbox 1333 3090 1396 3141; x_wconf 82' lang='grc' dir='ltr'><strong>ὲκ</strong></span> <span class='ocrx_word' id='word_1_275' title='bbox 1429 3090 1704 3157; x_wconf 81' lang='grc' dir='ltr'>γυναικός·</span> 
     </span>
    </p>
   </div>
   <div class='ocr_carea' id='block_1_34' title="bbox 1823 559 3390 630">
    <p class='ocr_par' dir='ltr' id='par_1_34' title="bbox 1823 559 3390 630">
     <span class='ocr_line' id='line_1_34' title="bbox 1823 559 3390 630; baseline 0.003 -20"><span class='ocrx_word' id='word_1_276' title='bbox 1823 560 1980 619; x_wconf 79' lang='lat' dir='ltr'><strong>stris;</strong></span> <span class='ocrx_word' id='word_1_277' title='bbox 2025 569 2080 612; x_wconf 87' lang='lat' dir='ltr'><strong>et</strong></span> <span class='ocrx_word' id='word_1_278' title='bbox 2121 574 2307 613; x_wconf 90' lang='lat' dir='ltr'><strong>sumus</strong></span> <span class='ocrx_word' id='word_1_279' title='bbox 2358 560 2551 629; x_wconf 88' lang='lat' dir='ltr'><strong>templa</strong></span> <span class='ocrx_word' id='word_1_280' title='bbox 2598 559 2689 613; x_wconf 85' lang='lat' dir='ltr'><strong>Dei</strong></span> <span class='ocrx_word' id='word_1_281' title='bbox 2738 562 2983 614; x_wconf 74' lang='lat' dir='ltr'><strong>viventis.</strong></span> <span class='ocrx_word' id='word_1_282' title='bbox 3027 561 3210 630; x_wconf 85' lang='lat' dir='ltr'><strong>Neque</strong></span> <span class='ocrx_word' id='word_1_283' title='bbox 3252 563 3390 616; x_wconf 89' lang='lat' dir='ltr'><strong>idem</strong></span> 
     </span>
    </p>
   </div>
   <div class='ocr_carea' id='block_1_35' title="bbox 1824 648 3389 721">
    <p class='ocr_par' dir='ltr' id='par_1_35' title="bbox 1824 648 3389 721">
     <span class='ocr_line' id='line_1_35' title="bbox 1824 648 3389 721; baseline 0.003 -22"><span class='ocrx_word' id='word_1_284' title='bbox 1824 648 1985 701; x_wconf 78' lang='lat' dir='ltr'><strong>fuerit</strong></span> <span class='ocrx_word' id='word_1_285' title='bbox 2013 650 2214 713; x_wconf 78' lang='lat' dir='ltr'><strong>dicere,</strong></span> <span class='ocrx_word' id='word_1_286' title='bbox 2241 650 2476 703; x_wconf 80' lang='lat' dir='ltr'><strong>Verbum</strong></span> <span class='ocrx_word' id='word_1_287' title='bbox 2507 650 2708 703; x_wconf 80' lang='lat' dir='ltr'><strong>factum</strong></span> <span class='ocrx_word' id='word_1_288' title='bbox 2737 666 2856 704; x_wconf 90' lang='lat' dir='ltr'><strong>esse</strong></span> <span class='ocrx_word' id='word_1_289' title='bbox 2889 652 3179 715; x_wconf 79' lang='lat' dir='ltr'><strong>hominem,</strong></span> <span class='ocrx_word' id='word_1_290' title='bbox 3209 664 3261 706; x_wconf 89' lang='lat' dir='ltr'><strong>et</strong></span> <span class='ocrx_word' id='word_1_291' title='bbox 3294 669 3389 721; x_wconf 57' lang='lat' dir='ltr'><strong>pii.</strong></span> 
     </span>
    </p>
   </div>
   <div class='ocr_carea' id='block_1_36' title="bbox 1825 738 3390 796">
    <p class='ocr_par' dir='ltr' id='par_1_36' title="bbox 1825 738 3390 796">
     <span class='ocr_line' id='line_1_36' title="bbox 1825 738 3390 796; baseline 0.003 -5"><span class='ocrx_word' id='word_1_292' title='bbox 1825 750 1936 791; x_wconf 86' lang='lat' dir='ltr'><strong>tare</strong></span> <span class='ocrx_word' id='word_1_293' title='bbox 1978 740 2145 792; x_wconf 93' lang='lat' dir='ltr'><strong>Deilln</strong></span> <span class='ocrx_word' id='word_1_294' title='bbox 2192 740 2434 795; x_wconf 78' lang='lat' dir='ltr'><strong>habitare</strong></span> <span class='ocrx_word' id='word_1_295' title='bbox 2478 740 2529 792; x_wconf 91' lang='lat' dir='ltr'><strong>in</strong></span> <span class='ocrx_word' id='word_1_296' title='bbox 2577 741 2809 793; x_wconf 83' lang='lat' dir='ltr'><strong>homine.</strong></span> <span class='ocrx_word' id='word_1_297' title='bbox 2848 738 2981 792; x_wconf 86' lang='lat' dir='ltr'><strong>Nam</strong></span> <span class='ocrx_word' id='word_1_298' title='bbox 3022 742 3232 795; x_wconf 90' lang='lat' dir='ltr'><strong>etiamsi</strong></span> <span class='ocrx_word' id='word_1_299' title='bbox 3270 758 3390 796; x_wconf 85' lang='lat' dir='ltr'><strong>vera</strong></span> 
     </span>
    </p>
   </div>
   <div class='ocr_carea' id='block_1_37' title="bbox 1821 829 3391 898">
    <p class='ocr_par' dir='ltr' id='par_1_37' title="bbox 1821 829 3391 898">
     <span class='ocr_line' id='line_1_37' title="bbox 1821 829 3391 898; baseline 0.002 -15"><span class='ocrx_word' id='word_1_300' title='bbox 1821 841 1901 883; x_wconf 91' lang='lat' dir='ltr'><strong>est</strong></span> <span class='ocrx_word' id='word_1_301' title='bbox 1938 830 2076 882; x_wconf 82' lang='lat' dir='ltr'><strong>beati</strong></span> <span class='ocrx_word' id='word_1_302' title='bbox 2114 829 2264 881; x_wconf 84' lang='lat' dir='ltr'><strong>Pauli</strong></span> <span class='ocrx_word' id='word_1_303' title='bbox 2302 844 2422 891; x_wconf 78' lang='lat' dir='ltr'><strong>vox,</strong></span> <span class='ocrx_word' id='word_1_304' title='bbox 2457 830 2596 896; x_wconf 84' lang='lat' dir='ltr'><strong>quod</strong></span> <span class='ocrx_word' id='word_1_305' title='bbox 2638 848 2655 879; x_wconf 76' lang='grc' dir='ltr'><strong>ι</strong></span> <span class='ocrx_word' id='word_1_306' title='bbox 2698 830 3021 898; x_wconf 84' lang='lat' dir='ltr'><strong>complacuit</strong></span> <span class='ocrx_word' id='word_1_307' title='bbox 3056 832 3107 883; x_wconf 89' lang='lat' dir='ltr'><strong>ili</strong></span> <span class='ocrx_word' id='word_1_308' title='bbox 3145 832 3257 898; x_wconf 88' lang='lat' dir='ltr'><strong>ipso</strong></span> <span class='ocrx_word' id='word_1_309' title='bbox 3292 834 3391 886; x_wconf 81' lang='lat' dir='ltr'><strong>ha-</strong></span> 
     </span>
    </p>
   </div>
   <div class='ocr_carea' id='block_1_38' title="bbox 1823 921 3387 990">
    <p class='ocr_par' dir='ltr' id='par_1_38' title="bbox 1823 921 3387 990">
     <span class='ocr_line' id='line_1_38' title="bbox 1823 921 3387 990; baseline 0.002 -17"><span class='ocrx_word' id='word_1_310' title='bbox 1823 922 1993 974; x_wconf 88' lang='lat' dir='ltr'><strong>bitare</strong></span> <span class='ocrx_word' id='word_1_311' title='bbox 2026 936 2240 973; x_wconf 90' lang='lat' dir='ltr'><strong>omnem</strong></span> <span class='ocrx_word' id='word_1_312' title='bbox 2281 922 2667 987; x_wconf 78' lang='lat' dir='ltr'><strong>plenitudinem</strong></span> <span class='ocrx_word' id='word_1_313' title='bbox 2705 921 2917 974; x_wconf 87' lang='lat' dir='ltr'><strong>deitatis</strong></span> <span class='ocrx_word' id='word_1_314' title='bbox 2951 923 3328 990; x_wconf 87' lang='lat' dir='ltr'><strong>corporaliter.</strong></span> <span class='ocrx_word' id='word_1_315' title='bbox 3369 944 3387 976; x_wconf 74' lang='grc' dir='ltr'><strong>ο</strong></span> 
     </span>
    </p>
   </div>
   <div class='ocr_carea' id='block_1_39' title="bbox 1823 1010 3397 1081">
    <p class='ocr_par' dir='ltr' id='par_1_39' title="bbox 1823 1010 3397 1081">
     <span class='ocr_line' id='line_1_39' title="bbox 1823 1010 3397 1081; baseline 0.001 -17"><span class='ocrx_word' id='word_1_316' title='bbox 1823 1012 1873 1064; x_wconf 89' lang='lat' dir='ltr'><strong>id</strong></span> <span class='ocrx_word' id='word_1_317' title='bbox 1902 1020 2017 1073; x_wconf 88' lang='lat' dir='ltr'><strong>est,</strong></span> <span class='ocrx_word' id='word_1_318' title='bbox 2051 1026 2154 1063; x_wconf 91' lang='lat' dir='ltr'><strong>non</strong></span> <span class='ocrx_word' id='word_1_319' title='bbox 2188 1025 2285 1077; x_wconf 90' lang='lat' dir='ltr'><strong>per</strong></span> <span class='ocrx_word' id='word_1_320' title='bbox 2312 1010 2719 1073; x_wconf 87' lang='lat' dir='ltr'><strong>habitudinem;</strong></span> <span class='ocrx_word' id='word_1_321' title='bbox 2756 1020 2991 1065; x_wconf 81' lang='lat' dir='ltr'><strong>attamen</strong></span> <span class='ocrx_word' id='word_1_322' title='bbox 3026 1028 3187 1065; x_wconf 90' lang='lat' dir='ltr'><strong>unum</strong></span> <span class='ocrx_word' id='word_1_323' title='bbox 3224 1014 3397 1081; x_wconf 91' lang='lat' dir='ltr'><strong>inquit</strong></span> 
     </span>
    </p>
   </div>
   <div class='ocr_carea' id='block_1_40' title="bbox 1820 1099 3393 1156">
    <p class='ocr_par' dir='ltr' id='par_1_40' title="bbox 1820 1099 3393 1156">
     <span class='ocr_line' id='line_1_40' title="bbox 1820 1099 3393 1156; baseline 0 -2"><span class='ocrx_word' id='word_1_324' title='bbox 1820 1115 1938 1154; x_wconf 86' lang='lat' dir='ltr'><strong>esse</strong></span> <span class='ocrx_word' id='word_1_325' title='bbox 1973 1101 2138 1153; x_wconf 89' lang='lat' dir='ltr'><strong>Deum</strong></span> <span class='ocrx_word' id='word_1_326' title='bbox 2174 1099 2387 1152; x_wconf 83' lang='lat' dir='ltr'><strong>Patrem</strong></span> <span class='ocrx_word' id='word_1_327' title='bbox 2420 1109 2473 1153; x_wconf 89' lang='lat' dir='ltr'><strong>et</strong></span> <span class='ocrx_word' id='word_1_328' title='bbox 2506 1116 2670 1153; x_wconf 91' lang='lat' dir='ltr'><strong>unum</strong></span> <span class='ocrx_word' id='word_1_329' title='bbox 2707 1100 2987 1154; x_wconf 91' lang='lat' dir='ltr'><strong>Dominum</strong></span> <span class='ocrx_word' id='word_1_330' title='bbox 3021 1100 3202 1156; x_wconf 85' lang='lat' dir='ltr'><strong>Jesum</strong></span> <span class='ocrx_word' id='word_1_331' title='bbox 3236 1103 3393 1156; x_wconf 85' lang='lat' dir='ltr'><strong>Chri—</strong></span> 
     </span>
    </p>
   </div>
   <div class='ocr_carea' id='block_1_41' title="bbox 1820 1188 3395 1261">
    <p class='ocr_par' dir='ltr' id='par_1_41' title="bbox 1820 1188 3395 1261">
     <span class='ocr_line' id='line_1_41' title="bbox 1820 1188 3395 1261; baseline 0.002 -18"><span class='ocrx_word' id='word_1_332' title='bbox 1820 1201 1981 1252; x_wconf 85' lang='lat' dir='ltr'><strong>snlm,</strong></span> <span class='ocrx_word' id='word_1_333' title='bbox 2020 1205 2116 1259; x_wconf 90' lang='lat' dir='ltr'><strong>per</strong></span> <span class='ocrx_word' id='word_1_334' title='bbox 2156 1204 2315 1257; x_wconf 90' lang='lat' dir='ltr'><strong>quem</strong></span> <span class='ocrx_word' id='word_1_335' title='bbox 2361 1188 2602 1244; x_wconf 84' lang='lat' dir='ltr'><strong>omnia&#39;.</strong></span> <span class='ocrx_word' id='word_1_336' title='bbox 2649 1188 2915 1245; x_wconf 65' lang='lat' dir='ltr'><strong>Prarterea</strong></span> <span class='ocrx_word' id='word_1_337' title='bbox 2959 1193 3156 1246; x_wconf 81' lang='lat' dir='ltr'><strong>dixerit</strong></span> <span class='ocrx_word' id='word_1_338' title='bbox 3200 1194 3395 1261; x_wconf 83' lang='lat' dir='ltr'><strong>aliquis</strong></span> 
     </span>
    </p>
   </div>
   <div class='ocr_carea' id='block_1_42' title="bbox 1819 1281 3394 1351">
    <p class='ocr_par' dir='ltr' id='par_1_42' title="bbox 1819 1281 3394 1351">
     <span class='ocr_line' id='line_1_42' title="bbox 1819 1281 3394 1351; baseline 0.004 -17"><span class='ocrx_word' id='word_1_339' title='bbox 1819 1283 1981 1334; x_wconf 87' lang='lat' dir='ltr'><strong>etiam</strong></span> <span class='ocrx_word' id='word_1_340' title='bbox 2014 1283 2063 1333; x_wconf 91' lang='lat' dir='ltr'><strong>in</strong></span> <span class='ocrx_word' id='word_1_341' title='bbox 2096 1281 2310 1335; x_wconf 82' lang='lat' dir='ltr'><strong>homine</strong></span> <span class='ocrx_word' id='word_1_342' title='bbox 2340 1282 2583 1336; x_wconf 88' lang='lat' dir='ltr'><strong>habitare</strong></span> <span class='ocrx_word' id='word_1_343' title='bbox 2610 1284 2860 1350; x_wconf 81' lang='lat' dir='ltr'><strong>spiritum</strong></span> <span class='ocrx_word' id='word_1_344' title='bbox 2889 1283 3004 1351; x_wconf 83' lang='lat' dir='ltr'><strong>ejus</strong></span> <span class='ocrx_word' id='word_1_345' title='bbox 3033 1302 3046 1337; x_wconf 93' lang='lat'>:</span> <span class='ocrx_word' id='word_1_346' title='bbox 3079 1286 3218 1339; x_wconf 86' lang='lat' dir='ltr'><strong>unde</strong></span> <span class='ocrx_word' id='word_1_347' title='bbox 3250 1296 3303 1340; x_wconf 89' lang='lat' dir='ltr'><strong>et</strong></span> <span class='ocrx_word' id='word_1_348' title='bbox 3328 1288 3394 1340; x_wconf 88' lang='lat' dir='ltr'><strong>dc</strong></span> 
     </span>
    </p>
   </div>
   <div class='ocr_carea' id='block_1_43' title="bbox 1820 1372 3393 1444">
    <p class='ocr_par' dir='ltr' id='par_1_43' title="bbox 1820 1372 3393 1444">
     <span class='ocr_line' id='line_1_43' title="bbox 1820 1372 3393 1444; baseline 0.004 -20"><span class='ocrx_word' id='word_1_349' title='bbox 1820 1372 2091 1425; x_wconf 88' lang='lat' dir='ltr'><strong>nonnullis</strong></span> <span class='ocrx_word' id='word_1_350' title='bbox 2131 1372 2390 1441; x_wconf 89' lang='lat' dir='ltr'><strong>scriptum</strong></span> <span class='ocrx_word' id='word_1_351' title='bbox 2435 1382 2517 1426; x_wconf 89' lang='lat' dir='ltr'><strong>est</strong></span> <span class='ocrx_word' id='word_1_352' title='bbox 2557 1391 2568 1424; x_wconf 90' lang='lat'><strong>:</strong></span> <span class='ocrx_word' id='word_1_353' title='bbox 2614 1390 2632 1425; x_wconf 79' lang='grc' dir='ltr'><strong>ι</strong></span> <span class='ocrx_word' id='word_1_354' title='bbox 2679 1374 2784 1428; x_wconf 83' lang='lat' dir='ltr'><strong>Eos</strong></span> <span class='ocrx_word' id='word_1_355' title='bbox 2826 1384 3006 1428; x_wconf 89' lang='lat' dir='ltr'><strong>autem</strong></span> <span class='ocrx_word' id='word_1_356' title='bbox 3048 1377 3138 1444; x_wconf 92' lang='lat' dir='ltr'><strong>qui</strong></span> <span class='ocrx_word' id='word_1_357' title='bbox 3182 1377 3393 1431; x_wconf 84' lang='lat' dir='ltr'><strong>inhabi-</strong></span> 
     </span>
    </p>
   </div>
   <div class='ocr_carea' id='block_1_44' title="bbox 1820 1462 3391 1534">
    <p class='ocr_par' dir='ltr' id='par_1_44' title="bbox 1820 1462 3391 1534">
     <span class='ocr_line' id='line_1_44' title="bbox 1820 1462 3391 1534; baseline 0.004 -20"><span class='ocrx_word' id='word_1_358' title='bbox 1820 1471 1937 1516; x_wconf 83' lang='lat' dir='ltr'><strong>tant</strong></span> <span class='ocrx_word' id='word_1_359' title='bbox 1970 1464 2157 1516; x_wconf 83' lang='lat' dir='ltr'><strong>ilomos</strong></span> <span class='ocrx_word' id='word_1_360' title='bbox 2190 1462 2363 1516; x_wconf 82' lang='lat' dir='ltr'><strong>luteas</strong></span> <span class='ocrx_word' id='word_1_361' title='bbox 2392 1464 2451 1527; x_wconf 87' lang='lat'><strong>’;</strong></span> <span class='ocrx_word' id='word_1_362' title='bbox 2495 1482 2514 1514; x_wconf 73' lang='grc' dir='ltr'><strong>ι</strong></span> <span class='ocrx_word' id='word_1_363' title='bbox 2552 1480 2615 1517; x_wconf 80' lang='lat' dir='ltr'><strong>ex</strong></span> <span class='ocrx_word' id='word_1_364' title='bbox 2651 1465 2848 1532; x_wconf 89' lang='lat' dir='ltr'><strong>quibus</strong></span> <span class='ocrx_word' id='word_1_365' title='bbox 2880 1475 2934 1520; x_wconf 88' lang='lat' dir='ltr'><strong>et</strong></span> <span class='ocrx_word' id='word_1_366' title='bbox 2966 1466 3064 1534; x_wconf 89' lang='lat' dir='ltr'><strong>ipsi</strong></span> <span class='ocrx_word' id='word_1_367' title='bbox 3103 1468 3168 1520; x_wconf 88' lang='lat' dir='ltr'><strong>de</strong></span> <span class='ocrx_word' id='word_1_368' title='bbox 3202 1469 3391 1521; x_wconf 86' lang='lat' dir='ltr'><strong>eodem</strong></span> 
     </span>
    </p>
   </div>
   <div class='ocr_carea' id='block_1_45' title="bbox 1818 1550 3393 1624">
    <p class='ocr_par' dir='ltr' id='par_1_45' title="bbox 1818 1550 3393 1624">
     <span class='ocr_line' id='line_1_45' title="bbox 1818 1550 3393 1624; baseline 0.005 -23"><span class='ocrx_word' id='word_1_369' title='bbox 1818 1550 1931 1602; x_wconf 88' lang='lat' dir='ltr'><strong>luto</strong></span> <span class='ocrx_word' id='word_1_370' title='bbox 1958 1566 2142 1605; x_wconf 90' lang='lat' dir='ltr'><strong>smnus</strong></span> <span class='ocrx_word' id='word_1_371' title='bbox 2171 1570 2182 1605; x_wconf 91' lang='lat'><strong>:</strong></span> <span class='ocrx_word' id='word_1_372' title='bbox 2210 1560 2262 1605; x_wconf 89' lang='lat' dir='ltr'><strong>et</strong></span> <span class='ocrx_word' id='word_1_373' title='bbox 2293 1561 2468 1605; x_wconf 88' lang='lat' dir='ltr'><strong>tamen</strong></span> <span class='ocrx_word' id='word_1_374' title='bbox 2495 1567 2637 1607; x_wconf 89' lang='lat' dir='ltr'><strong>unus</strong></span> <span class='ocrx_word' id='word_1_375' title='bbox 2665 1553 2985 1624; x_wconf 81' lang='lat' dir='ltr'><strong>intelligitur</strong></span> <span class='ocrx_word' id='word_1_376' title='bbox 3011 1566 3059 1609; x_wconf 88' lang='lat' dir='ltr'><strong>et</strong></span> <span class='ocrx_word' id='word_1_377' title='bbox 3088 1567 3171 1610; x_wconf 91' lang='lat' dir='ltr'><strong>est</strong></span> <span class='ocrx_word' id='word_1_378' title='bbox 3198 1572 3393 1611; x_wconf 89' lang='lat' dir='ltr'><strong>secun-</strong></span> 
     </span>
    </p>
   </div>
   <div class='ocr_carea' id='block_1_46' title="bbox 1820 1642 3391 1710">
    <p class='ocr_par' dir='ltr' id='par_1_46' title="bbox 1820 1642 3391 1710">
     <span class='ocr_line' id='line_1_46' title="bbox 1820 1642 3391 1710; baseline 0.003 -15"><span class='ocrx_word' id='word_1_379' title='bbox 1820 1642 1942 1695; x_wconf 90' lang='lat' dir='ltr'><strong>dum</strong></span> <span class='ocrx_word' id='word_1_380' title='bbox 1988 1644 2427 1697; x_wconf 89' lang='lat' dir='ltr'><strong>constitutionem</strong></span> <span class='ocrx_word' id='word_1_381' title='bbox 2478 1646 2667 1710; x_wconf 88' lang='lat' dir='ltr'><strong>homo,</strong></span> <span class='ocrx_word' id='word_1_382' title='bbox 2711 1660 2777 1699; x_wconf 77' lang='lat' dir='ltr'><strong>ex</strong></span> <span class='ocrx_word' id='word_1_383' title='bbox 2826 1660 2991 1700; x_wconf 87' lang='lat' dir='ltr'><strong>carne</strong></span> <span class='ocrx_word' id='word_1_384' title='bbox 3035 1653 3089 1700; x_wconf 86' lang='lat' dir='ltr'><strong>et</strong></span> <span class='ocrx_word' id='word_1_385' title='bbox 3143 1648 3391 1701; x_wconf 87' lang='lat' dir='ltr'><strong>rationali</strong></span> 
     </span>
    </p>
   </div>
   <div class='ocr_carea' id='block_1_47' title="bbox 1820 1715 3395 1802">
    <p class='ocr_par' dir='ltr' id='par_1_47' title="bbox 1820 1715 3395 1802">
     <span class='ocr_line' id='line_1_47' title="bbox 1820 1715 3395 1802; baseline 0.006 -22"><span class='ocrx_word' id='word_1_386' title='bbox 1820 1730 1996 1783; x_wconf 88' lang='lat' dir='ltr'><strong>anima</strong></span> <span class='ocrx_word' id='word_1_387' title='bbox 2022 1715 2162 1784; x_wconf 82' lang='lat' dir='ltr'><strong>illam</strong></span> <span class='ocrx_word' id='word_1_388' title='bbox 2183 1732 2538 1785; x_wconf 89' lang='lat' dir='ltr'><strong>inhabitante.</strong></span> <span class='ocrx_word' id='word_1_389' title='bbox 2564 1731 2741 1797; x_wconf 87' lang='lat' dir='ltr'><strong>Quare</strong></span> <span class='ocrx_word' id='word_1_390' title='bbox 2783 1733 2946 1802; x_wconf 70' lang='lat' dir='ltr'><strong>igitur</strong></span> <span class='ocrx_word' id='word_1_391' title='bbox 2984 1750 3085 1788; x_wconf 91' lang='lat' dir='ltr'><strong>non</strong></span> <span class='ocrx_word' id='word_1_392' title='bbox 3106 1746 3280 1789; x_wconf 83' lang='lat' dir='ltr'><strong>cessat</strong></span> <span class='ocrx_word' id='word_1_393' title='bbox 3310 1751 3395 1789; x_wconf 87' lang='lat' dir='ltr'><strong>re-</strong></span> 
     </span>
    </p>
   </div>
   <div class='ocr_carea' id='block_1_48' title="bbox 1749 1812 3389 1890">
    <p class='ocr_par' dir='ltr' id='par_1_48' title="bbox 1749 1812 3389 1890">
     <span class='ocr_line' id='line_1_48' title="bbox 1749 1812 3389 1890; baseline 0.009 -22"><span class='ocrx_word' id='word_1_394' title='bbox 1749 1812 1789 1867; x_wconf 82' lang='lat' dir='ltr'><strong>B</strong></span> <span class='ocrx_word' id='word_1_395' title='bbox 1821 1830 1961 1872; x_wconf 82' lang='lat' dir='ltr'><strong>ctam</strong></span> <span class='ocrx_word' id='word_1_396' title='bbox 2003 1823 2331 1890; x_wconf 81' lang='lat' dir='ltr'><strong>minimeque</strong></span> <span class='ocrx_word' id='word_1_397' title='bbox 2368 1838 2681 1890; x_wconf 83' lang='lat' dir='ltr'><strong>perversam</strong></span> <span class='ocrx_word' id='word_1_398' title='bbox 2718 1825 2836 1879; x_wconf 78' lang='lat' dir='ltr'><strong>fidei</strong></span> <span class='ocrx_word' id='word_1_399' title='bbox 2874 1828 3134 1881; x_wconf 89' lang='lat' dir='ltr'><strong>rationem</strong></span> <span class='ocrx_word' id='word_1_400' title='bbox 3170 1839 3389 1882; x_wconf 84' lang='lat' dir='ltr'><strong>contur-</strong></span> 
     </span>
    </p>
   </div>
   <div class='ocr_carea' id='block_1_49' title="bbox 1815 1911 3389 1981">
    <p class='ocr_par' dir='ltr' id='par_1_49' title="bbox 1815 1911 3389 1981">
     <span class='ocr_line' id='line_1_49' title="bbox 1815 1911 3389 1981; baseline 0.005 -18"><span class='ocrx_word' id='word_1_401' title='bbox 1815 1911 1976 1964; x_wconf 84' lang='lat' dir='ltr'><strong>bare?</strong></span> <span class='ocrx_word' id='word_1_402' title='bbox 1994 1913 2294 1980; x_wconf 83' lang='lat' dir='ltr'><strong>Aliquando</strong></span> <span class='ocrx_word' id='word_1_403' title='bbox 2311 1915 2453 1967; x_wconf 85' lang='lat' dir='ltr'><strong>enim</strong></span> <span class='ocrx_word' id='word_1_404' title='bbox 2476 1930 2640 1967; x_wconf 89' lang='lat' dir='ltr'><strong>unum</strong></span> <span class='ocrx_word' id='word_1_405' title='bbox 2661 1915 3082 1971; x_wconf 89' lang='lat' dir='ltr'><strong>dicithristunl</strong></span> <span class='ocrx_word' id='word_1_406' title='bbox 3104 1929 3155 1971; x_wconf 89' lang='lat' dir='ltr'><strong>et</strong></span> <span class='ocrx_word' id='word_1_407' title='bbox 3173 1918 3389 1981; x_wconf 87' lang='lat' dir='ltr'><strong>Filium,</strong></span> 
     </span>
    </p>
   </div>
   <div class='ocr_carea' id='block_1_50' title="bbox 1813 2003 3390 2073">
    <p class='ocr_par' dir='ltr' id='par_1_50' title="bbox 1813 2003 3390 2073">
     <span class='ocr_line' id='line_1_50' title="bbox 1813 2003 3390 2073; baseline 0.004 -18"><span class='ocrx_word' id='word_1_408' title='bbox 1813 2012 1865 2056; x_wconf 94' lang='lat' dir='ltr'><strong>et</strong></span> <span class='ocrx_word' id='word_1_409' title='bbox 1889 2003 2202 2069; x_wconf 87' lang='lat' dir='ltr'><strong>Dominum,</strong></span> <span class='ocrx_word' id='word_1_410' title='bbox 2230 2006 2475 2059; x_wconf 89' lang='lat' dir='ltr'><strong>eumdem</strong></span> <span class='ocrx_word' id='word_1_411' title='bbox 2502 2006 2667 2058; x_wconf 88' lang='lat' dir='ltr'><strong>Deum</strong></span> <span class='ocrx_word' id='word_1_412' title='bbox 2695 2006 2854 2059; x_wconf 88' lang='lat' dir='ltr'><strong>simul</strong></span> <span class='ocrx_word' id='word_1_413' title='bbox 2881 2016 2934 2061; x_wconf 90' lang='lat' dir='ltr'><strong>et</strong></span> <span class='ocrx_word' id='word_1_414' title='bbox 2957 2008 3262 2073; x_wconf 88' lang='lat' dir='ltr'><strong>hominem;</strong></span> <span class='ocrx_word' id='word_1_415' title='bbox 3290 2010 3390 2061; x_wconf 84' lang='lat' dir='ltr'><strong>ali-</strong></span> 
     </span>
    </p>
   </div>
   <div class='ocr_carea' id='block_1_51' title="bbox 1815 2093 3394 2162">
    <p class='ocr_par' dir='ltr' id='par_1_51' title="bbox 1815 2093 3394 2162">
     <span class='ocr_line' id='line_1_51' title="bbox 1815 2093 3394 2162; baseline 0.004 -20"><span class='ocrx_word' id='word_1_416' title='bbox 1815 2093 2032 2159; x_wconf 90' lang='lat' dir='ltr'><strong>quando</strong></span> <span class='ocrx_word' id='word_1_417' title='bbox 2065 2108 2213 2158; x_wconf 89' lang='lat' dir='ltr'><strong>vero,</strong></span> <span class='ocrx_word' id='word_1_418' title='bbox 2250 2093 2634 2162; x_wconf 86' lang='lat' dir='ltr'><strong>prophetarum</strong></span> <span class='ocrx_word' id='word_1_419' title='bbox 2672 2110 2980 2150; x_wconf 88' lang='lat' dir='ltr'><strong>mensuram</strong></span> <span class='ocrx_word' id='word_1_420' title='bbox 3015 2097 3063 2150; x_wconf 85' lang='lat' dir='ltr'><strong>ei</strong></span> <span class='ocrx_word' id='word_1_421' title='bbox 3094 2096 3394 2156; x_wconf 64' lang='grc' dir='ltr'><strong>(1³ης,ῡεὶ-</strong></span> 
     </span>
    </p>
   </div>
   <div class='ocr_carea' id='block_1_52' title="bbox 1816 2181 3391 2253">
    <p class='ocr_par' dir='ltr' id='par_1_52' title="bbox 1816 2181 3391 2253">
     <span class='ocr_line' id='line_1_52' title="bbox 1816 2181 3391 2253; baseline 0.006 -22"><span class='ocrx_word' id='word_1_422' title='bbox 1816 2181 1988 2233; x_wconf 76' lang='lat' dir='ltr'><strong>rerum</strong></span> <span class='ocrx_word' id='word_1_423' title='bbox 2029 2182 2301 2233; x_wconf 91' lang='lat' dir='ltr'><strong>hominem</strong></span> <span class='ocrx_word' id='word_1_424' title='bbox 2354 2182 2620 2249; x_wconf 88' lang='lat' dir='ltr'><strong>appellat;</strong></span> <span class='ocrx_word' id='word_1_425' title='bbox 2658 2184 2911 2252; x_wconf 74' lang='lat' dir='ltr'><strong>ignorans</strong></span> <span class='ocrx_word' id='word_1_426' title='bbox 2966 2184 3207 2239; x_wconf 77' lang='lat' dir='ltr'><strong>fortassis</strong></span> <span class='ocrx_word' id='word_1_427' title='bbox 3250 2189 3391 2253; x_wconf 89' lang='lat' dir='ltr'><strong>quod</strong></span> 
     </span>
    </p>
   </div>
   <div class='ocr_carea' id='block_1_53' title="bbox 1818 2270 3393 2342">
    <p class='ocr_par' dir='ltr' id='par_1_53' title="bbox 1818 2270 3393 2342">
     <span class='ocr_line' id='line_1_53' title="bbox 1818 2270 3393 2342; baseline 0.005 -19"><span class='ocrx_word' id='word_1_428' title='bbox 1818 2272 1965 2323; x_wconf 89' lang='lat' dir='ltr'><strong>illiilli</strong></span> <span class='ocrx_word' id='word_1_429' title='bbox 2001 2270 2154 2322; x_wconf 82' lang='lat' dir='ltr'><strong>nobis</strong></span> <span class='ocrx_word' id='word_1_430' title='bbox 2184 2272 2445 2339; x_wconf 65' lang='lat' dir='ltr'><strong>arqttalem</strong></span> <span class='ocrx_word' id='word_1_431' title='bbox 2480 2272 2669 2339; x_wconf 82' lang='lat' dir='ltr'><strong>faciat;</strong></span> <span class='ocrx_word' id='word_1_432' title='bbox 2701 2274 2744 2327; x_wconf 89' lang='lat' dir='ltr'><strong>si</strong></span> <span class='ocrx_word' id='word_1_433' title='bbox 2775 2276 2991 2342; x_wconf 90' lang='lat' dir='ltr'><strong>quidem</strong></span> <span class='ocrx_word' id='word_1_434' title='bbox 3025 2291 3127 2328; x_wconf 90' lang='lat' dir='ltr'><strong>non</strong></span> <span class='ocrx_word' id='word_1_435' title='bbox 3160 2289 3241 2330; x_wconf 87' lang='lat' dir='ltr'><strong>est</strong></span> <span class='ocrx_word' id='word_1_436' title='bbox 3265 2292 3393 2331; x_wconf 83' lang='lat' dir='ltr'><strong>vere</strong></span> 
     </span>
    </p>
   </div>
   <div class='ocr_carea' id='block_1_54' title="bbox 1817 2360 3392 2433">
    <p class='ocr_par' dir='ltr' id='par_1_54' title="bbox 1817 2360 3392 2433">
     <span class='ocr_line' id='line_1_54' title="bbox 1817 2360 3392 2433; baseline 0.006 -22"><span class='ocrx_word' id='word_1_437' title='bbox 1817 2360 1975 2422; x_wconf 90' lang='lat' dir='ltr'><strong>Deus,</strong></span> <span class='ocrx_word' id='word_1_438' title='bbox 2020 2360 2112 2412; x_wconf 88' lang='lat' dir='ltr'><strong>sed</strong></span> <span class='ocrx_word' id='word_1_439' title='bbox 2158 2360 2413 2428; x_wconf 87' lang='lat' dir='ltr'><strong>templum</strong></span> <span class='ocrx_word' id='word_1_440' title='bbox 2462 2360 2661 2429; x_wconf 90' lang='lat' dir='ltr'><strong>potius,</strong></span> <span class='ocrx_word' id='word_1_441' title='bbox 2710 2372 2897 2430; x_wconf 90' lang='lat' dir='ltr'><strong>utpote</strong></span> <span class='ocrx_word' id='word_1_442' title='bbox 2940 2364 2992 2417; x_wconf 87' lang='lat' dir='ltr'><strong>ill</strong></span> <span class='ocrx_word' id='word_1_443' title='bbox 3036 2380 3143 2433; x_wconf 91' lang='lat' dir='ltr'><strong>quo</strong></span> <span class='ocrx_word' id='word_1_444' title='bbox 3184 2366 3392 2421; x_wconf 89' lang='lat' dir='ltr'><strong>habitet</strong></span> 
     </span>
    </p>
   </div>
   <div class='ocr_carea' id='block_1_55' title="bbox 1817 2448 3389 2512">
    <p class='ocr_par' dir='ltr' id='par_1_55' title="bbox 1817 2448 3389 2512">
     <span class='ocr_line' id='line_1_55' title="bbox 1817 2448 3389 2512; baseline 0.006 -12"><span class='ocrx_word' id='word_1_445' title='bbox 1817 2448 1955 2501; x_wconf 88' lang='lat' dir='ltr'><strong>Deus</strong></span> <span class='ocrx_word' id='word_1_446' title='bbox 1975 2449 2229 2512; x_wconf 83' lang='lat' dir='ltr'><strong>Verbum,</strong></span> <span class='ocrx_word' id='word_1_447' title='bbox 2259 2450 2400 2503; x_wconf 84' lang='lat' dir='ltr'><strong>sicut</strong></span> <span class='ocrx_word' id='word_1_448' title='bbox 2428 2460 2481 2502; x_wconf 87' lang='lat' dir='ltr'><strong>et</strong></span> <span class='ocrx_word' id='word_1_449' title='bbox 2512 2451 2563 2503; x_wconf 86' lang='lat' dir='ltr'><strong>in</strong></span> <span class='ocrx_word' id='word_1_450' title='bbox 2597 2452 2771 2506; x_wconf 90' lang='lat' dir='ltr'><strong>nobis.</strong></span> <span class='ocrx_word' id='word_1_451' title='bbox 2794 2450 2993 2507; x_wconf 80' lang='lat' dir='ltr'><strong>Verum</strong></span> <span class='ocrx_word' id='word_1_452' title='bbox 3027 2455 3203 2508; x_wconf 90' lang='lat' dir='ltr'><strong>divina</strong></span> <span class='ocrx_word' id='word_1_453' title='bbox 3240 2457 3389 2510; x_wconf 80' lang='lat' dir='ltr'><strong>Scri-</strong></span> 
     </span>
    </p>
   </div>
   <div class='ocr_carea' id='block_1_56' title="bbox 1815 2538 3391 2607">
    <p class='ocr_par' dir='ltr' id='par_1_56' title="bbox 1815 2538 3391 2607">
     <span class='ocr_line' id='line_1_56' title="bbox 1815 2538 3391 2607; baseline 0.005 -15"><span class='ocrx_word' id='word_1_454' title='bbox 1815 2551 1966 2607; x_wconf 91' lang='lat' dir='ltr'><strong>ptura</strong></span> <span class='ocrx_word' id='word_1_455' title='bbox 1998 2556 2151 2593; x_wconf 89' lang='lat' dir='ltr'><strong>secus</strong></span> <span class='ocrx_word' id='word_1_456' title='bbox 2177 2541 2336 2593; x_wconf 90' lang='lat' dir='ltr'><strong>habet</strong></span> <span class='ocrx_word' id='word_1_457' title='bbox 2364 2558 2375 2593; x_wconf 91' lang='lat'><strong>:</strong></span> <span class='ocrx_word' id='word_1_458' title='bbox 2406 2558 2423 2589; x_wconf 79' lang='lat' dir='ltr'><strong>l</strong></span> <span class='ocrx_word' id='word_1_459' title='bbox 2453 2538 2685 2594; x_wconf 88' lang='lat' dir='ltr'><strong>Verbum</strong></span> <span class='ocrx_word' id='word_1_460' title='bbox 2716 2542 2857 2595; x_wconf 88' lang='lat' dir='ltr'><strong>enim</strong></span> <span class='ocrx_word' id='word_1_461' title='bbox 2887 2558 3016 2597; x_wconf 87' lang='lat' dir='ltr'><strong>caro</strong></span> <span class='ocrx_word' id='word_1_462' title='bbox 3046 2543 3246 2598; x_wconf 77' lang='lat' dir='ltr'><strong>factum</strong></span> <span class='ocrx_word' id='word_1_463' title='bbox 3306 2560 3391 2600; x_wconf 82' lang='lat' dir='ltr'><strong>est</strong></span> 
     </span>
    </p>
   </div>
   <div class='ocr_carea' id='block_1_57' title="bbox 1814 2631 3387 2700">
    <p class='ocr_par' dir='ltr' id='par_1_57' title="bbox 1814 2631 3387 2700">
     <span class='ocr_line' id='line_1_57' title="bbox 1814 2631 3387 2700; baseline 0.003 -16"><span class='ocrx_word' id='word_1_464' title='bbox 1814 2640 1867 2685; x_wconf 89' lang='lat' dir='ltr'><strong>et</strong></span> <span class='ocrx_word' id='word_1_465' title='bbox 1906 2631 2165 2684; x_wconf 84' lang='lat' dir='ltr'><strong>habitavit</strong></span> <span class='ocrx_word' id='word_1_466' title='bbox 2199 2632 2251 2683; x_wconf 91' lang='lat' dir='ltr'><strong>in</strong></span> <span class='ocrx_word' id='word_1_467' title='bbox 2291 2631 2444 2684; x_wconf 89' lang='lat' dir='ltr'><strong>nobis</strong></span> <span class='ocrx_word' id='word_1_468' title='bbox 2472 2632 2549 2695; x_wconf 86' lang='grc'><strong>¹⁰;</strong></span> <span class='ocrx_word' id='word_1_469' title='bbox 2590 2650 2607 2681; x_wconf 74' lang='grc' dir='ltr'><strong>ι</strong></span> <span class='ocrx_word' id='word_1_470' title='bbox 2650 2646 2714 2685; x_wconf 91' lang='lat' dir='ltr'><strong>ne</strong></span> <span class='ocrx_word' id='word_1_471' title='bbox 2750 2632 2871 2700; x_wconf 89' lang='lat' dir='ltr'><strong>quis</strong></span> <span class='ocrx_word' id='word_1_472' title='bbox 2905 2642 3055 2700; x_wconf 90' lang='lat' dir='ltr'><strong>putet</strong></span> <span class='ocrx_word' id='word_1_473' title='bbox 3090 2637 3387 2689; x_wconf 85' lang='lat' dir='ltr'><strong>secundum</strong></span> 
     </span>
    </p>
   </div>
   <div class='ocr_carea' id='block_1_58' title="bbox 1816 2722 3391 2781">
    <p class='ocr_par' dir='ltr' id='par_1_58' title="bbox 1816 2722 3391 2781">
     <span class='ocr_line' id='line_1_58' title="bbox 1816 2722 3391 2781; baseline 0.003 -4"><span class='ocrx_word' id='word_1_474' title='bbox 1816 2722 2222 2777; x_wconf 87' lang='lat' dir='ltr'><strong>conversionem</strong></span> <span class='ocrx_word' id='word_1_475' title='bbox 2275 2731 2329 2775; x_wconf 90' lang='lat' dir='ltr'><strong>et</strong></span> <span class='ocrx_word' id='word_1_476' title='bbox 2382 2724 2891 2777; x_wconf 88' lang='lat' dir='ltr'><strong>transmutationem</strong></span> <span class='ocrx_word' id='word_1_477' title='bbox 2946 2726 2999 2776; x_wconf 90' lang='lat' dir='ltr'><strong>in</strong></span> <span class='ocrx_word' id='word_1_478' title='bbox 3049 2726 3229 2780; x_wconf 90' lang='lat' dir='ltr'><strong>carnis</strong></span> <span class='ocrx_word' id='word_1_479' title='bbox 3280 2742 3391 2781; x_wconf 71' lang='lat' dir='ltr'><strong>suae</strong></span> 
     </span>
    </p>
   </div>
   <div class='ocr_carea' id='block_1_59' title="bbox 1816 2812 3386 2878">
    <p class='ocr_par' dir='ltr' id='par_1_59' title="bbox 1816 2812 3386 2878">
     <span class='ocr_line' id='line_1_59' title="bbox 1816 2812 3386 2878; baseline 0.003 -12"><span class='ocrx_word' id='word_1_480' title='bbox 1816 2812 2256 2866; x_wconf 83' lang='lat' dir='ltr'><strong>transformatum</strong></span> <span class='ocrx_word' id='word_1_481' title='bbox 2299 2828 2419 2867; x_wconf 89' lang='lat' dir='ltr'><strong>esse</strong></span> <span class='ocrx_word' id='word_1_482' title='bbox 2464 2824 2729 2868; x_wconf 87' lang='lat' dir='ltr'><strong>naturam.</strong></span> <span class='ocrx_word' id='word_1_483' title='bbox 2769 2816 2921 2878; x_wconf 82' lang='lat' dir='ltr'><strong>Quod</strong></span> <span class='ocrx_word' id='word_1_484' title='bbox 2963 2826 3142 2869; x_wconf 87' lang='lat' dir='ltr'><strong>autem</strong></span> <span class='ocrx_word' id='word_1_485' title='bbox 3189 2817 3386 2871; x_wconf 79' lang='lat' dir='ltr'><strong>factum</strong></span> 
     </span>
    </p>
   </div>
   <div class='ocr_carea' id='block_1_60' title="bbox 1814 2904 3389 2966">
    <p class='ocr_par' dir='ltr' id='par_1_60' title="bbox 1814 2904 3389 2966">
     <span class='ocr_line' id='line_1_60' title="bbox 1814 2904 3389 2966; baseline 0.003 -10"><span class='ocrx_word' id='word_1_486' title='bbox 1814 2912 1893 2956; x_wconf 82' lang='lat' dir='ltr'><strong>est</strong></span> <span class='ocrx_word' id='word_1_487' title='bbox 1937 2919 2082 2966; x_wconf 87' lang='lat' dir='ltr'><strong>caro,</strong></span> <span class='ocrx_word' id='word_1_488' title='bbox 2121 2904 2221 2957; x_wconf 88' lang='lat' dir='ltr'><strong>hoc</strong></span> <span class='ocrx_word' id='word_1_489' title='bbox 2261 2913 2343 2956; x_wconf 90' lang='lat' dir='ltr'><strong>est</strong></span> <span class='ocrx_word' id='word_1_490' title='bbox 2386 2904 2566 2963; x_wconf 90' lang='lat' dir='ltr'><strong>homo,</strong></span> <span class='ocrx_word' id='word_1_491' title='bbox 2601 2920 2705 2957; x_wconf 92' lang='lat' dir='ltr'><strong>non</strong></span> <span class='ocrx_word' id='word_1_492' title='bbox 2750 2914 2830 2957; x_wconf 86' lang='lat' dir='ltr'><strong>est</strong></span> <span class='ocrx_word' id='word_1_493' title='bbox 2871 2904 3041 2958; x_wconf 81' lang='lat' dir='ltr'><strong>deifer</strong></span> <span class='ocrx_word' id='word_1_494' title='bbox 3075 2906 3255 2965; x_wconf 91' lang='lat' dir='ltr'><strong>homo.</strong></span> <span class='ocrx_word' id='word_1_495' title='bbox 3294 2908 3389 2961; x_wconf 88' lang='lat' dir='ltr'><strong>sed</strong></span> 
     </span>
    </p>
   </div>
   <div class='ocr_carea' id='block_1_61' title="bbox 1815 2992 3385 3063">
    <p class='ocr_par' dir='ltr' id='par_1_61' title="bbox 1815 2992 3385 3063">
     <span class='ocr_line' id='line_1_61' title="bbox 1815 2992 3385 3063; baseline 0.003 -18"><span class='ocrx_word' id='word_1_496' title='bbox 1815 2992 1955 3046; x_wconf 89' lang='lat' dir='ltr'><strong>Deus</strong></span> <span class='ocrx_word' id='word_1_497' title='bbox 1992 2993 2168 3060; x_wconf 89' lang='lat' dir='ltr'><strong>potius</strong></span> <span class='ocrx_word' id='word_1_498' title='bbox 2205 2994 2255 3046; x_wconf 92' lang='lat' dir='ltr'><strong>in</strong></span> <span class='ocrx_word' id='word_1_499' title='bbox 2294 2994 2711 3046; x_wconf 86' lang='lat' dir='ltr'><strong>cxinanitioncm</strong></span> <span class='ocrx_word' id='word_1_500' title='bbox 2750 3003 3105 3061; x_wconf 79' lang='lat' dir='ltr'><strong>Spontaneam</strong></span> <span class='ocrx_word' id='word_1_501' title='bbox 3147 3000 3385 3063; x_wconf 86' lang='lat' dir='ltr'><strong>seipsuin</strong></span> 
     </span>
    </p>
   </div>
   <div class='ocr_carea' id='block_1_62' title="bbox 1817 3084 3389 3154">
    <p class='ocr_par' dir='ltr' id='par_1_62' title="bbox 1817 3084 3389 3154">
     <span class='ocr_line' id='line_1_62' title="bbox 1817 3084 3389 3154; baseline 0.002 -18"><span class='ocrx_word' id='word_1_502' title='bbox 1817 3084 2134 3145; x_wconf 83' lang='lat' dir='ltr'><strong>demittens,</strong></span> <span class='ocrx_word' id='word_1_503' title='bbox 2170 3092 2222 3135; x_wconf 92' lang='lat' dir='ltr'><strong>el</strong></span> <span class='ocrx_word' id='word_1_504' title='bbox 2258 3098 2409 3137; x_wconf 85' lang='lat' dir='ltr'><strong>suam</strong></span> <span class='ocrx_word' id='word_1_505' title='bbox 2447 3084 2648 3137; x_wconf 78' lang='lat' dir='ltr'><strong>faciens</strong></span> <span class='ocrx_word' id='word_1_506' title='bbox 2684 3098 2936 3145; x_wconf 83' lang='lat' dir='ltr'><strong>carnem,</strong></span> <span class='ocrx_word' id='word_1_507' title='bbox 2971 3100 3132 3154; x_wconf 88' lang='lat' dir='ltr'><strong>quam</strong></span> <span class='ocrx_word' id='word_1_508' title='bbox 3167 3100 3233 3139; x_wconf 77' lang='lat' dir='ltr'><strong>ex</strong></span> <span class='ocrx_word' id='word_1_509' title='bbox 3272 3102 3389 3139; x_wconf 84' lang='lat' dir='ltr'><strong>illii-</strong></span> 
     </span>
    </p>
   </div>
   <div class='ocr_carea' id='block_1_63' title="bbox 116 3150 1706 3247">
    <p class='ocr_par' dir='ltr' id='par_1_63' title="bbox 116 3150 1703 3247">
     <span class='ocr_line' id='line_1_63' title="bbox 116 3150 1703 3247; baseline 0 -18"><span class='ocrx_word' id='word_1_510' title='bbox 116 3181 297 3246; x_wconf 81' lang='grc' dir='ltr'>σάρκα</span> <span class='ocrx_word' id='word_1_511' title='bbox 334 3179 418 3238; x_wconf 82' lang='grc' dir='ltr'>δὲ,</span> <span class='ocrx_word' id='word_1_512' title='bbox 453 3180 557 3229; x_wconf 76' lang='grc' dir='ltr'><strong>οὐκ</strong></span> <span class='ocrx_word' id='word_1_513' title='bbox 595 3150 823 3246; x_wconf 70' lang='grc' dir='ltr'>ἀψύχον,</span> <span class='ocrx_word' id='word_1_514' title='bbox 850 3178 970 3229; x_wconf 79' lang='grc' dir='ltr'>οὐδὲ</span> <span class='ocrx_word' id='word_1_515' title='bbox 1007 3150 1188 3242; x_wconf 76' lang='grc' dir='ltr'>ἄνουν,</span> <span class='ocrx_word' id='word_1_516' title='bbox 1222 3150 1335 3231; x_wconf 71' lang='grc' dir='ltr'>ἀλλ’</span> <span class='ocrx_word' id='word_1_517' title='bbox 1366 3150 1606 3247; x_wconf 54' lang='grc' dir='ltr'>ἔμίψυχόν</span> <span class='ocrx_word' id='word_1_518' title='bbox 1647 3150 1703 3229; x_wconf 87' lang='grc' dir='ltr'><strong>τε</strong></span> 
     </span>
    </p>
   </div>
   <div class='ocr_carea' id='block_1_64' title="bbox 1812 3150 3391 3247">
    <p class='ocr_par' dir='ltr' id='par_1_64' title="bbox 1813 3176 3391 3245">
     <span class='ocr_line' id='line_1_64' title="bbox 1813 3176 3391 3245; baseline 0.004 -18"><span class='ocrx_word' id='word_1_519' title='bbox 1813 3176 1942 3228; x_wconf 86' lang='lat' dir='ltr'><strong>liere</strong></span> <span class='ocrx_word' id='word_1_520' title='bbox 1972 3177 2179 3242; x_wconf 90' lang='lat' dir='ltr'><strong>accepit</strong></span> <span class='ocrx_word' id='word_1_521' title='bbox 2206 3195 2217 3227; x_wconf 92' lang='lat'><strong>:</strong></span> <span class='ocrx_word' id='word_1_522' title='bbox 2244 3191 2486 3237; x_wconf 87' lang='lat' dir='ltr'><strong>carnem,</strong></span> <span class='ocrx_word' id='word_1_523' title='bbox 2516 3178 2756 3243; x_wconf 87' lang='lat' dir='ltr'><strong>inquam,</strong></span> <span class='ocrx_word' id='word_1_524' title='bbox 2788 3192 2960 3245; x_wconf 83' lang='lat' dir='ltr'><strong>neque</strong></span> <span class='ocrx_word' id='word_1_525' title='bbox 2989 3176 3184 3231; x_wconf 75' lang='lat' dir='ltr'><strong>anima:</strong></span> <span class='ocrx_word' id='word_1_526' title='bbox 3215 3193 3391 3245; x_wconf 83' lang='lat' dir='ltr'><strong>neque</strong></span> 
     </span>
    </p>
   </div>
   <div class='ocr_carea' id='block_1_65' title="bbox 115 3266 1707 3337">
    <p class='ocr_par' dir='ltr' id='par_1_65' title="bbox 115 3266 1707 3337">
     <span class='ocr_line' id='line_1_65' title="bbox 115 3266 1707 3337; baseline 0.002 -22"><span class='ocrx_word' id='word_1_527' title='bbox 115 3268 206 3315; x_wconf 78' lang='grc' dir='ltr'><strong>καὶ</strong></span> <span class='ocrx_word' id='word_1_528' title='bbox 228 3269 455 3335; x_wconf 75' lang='grc' dir='ltr'>νοεράν.</span> <span class='ocrx_word' id='word_1_529' title='bbox 492 3266 842 3334; x_wconf 74' lang='grc' dir='ltr'>Μεμνήμεθα</span> <span class='ocrx_word' id='word_1_530' title='bbox 876 3267 931 3318; x_wconf 82' lang='grc' dir='ltr'>δὲ</span> <span class='ocrx_word' id='word_1_531' title='bbox 964 3268 1056 3319; x_wconf 75' lang='grc' dir='ltr'>καὶ</span> <span class='ocrx_word' id='word_1_532' title='bbox 1088 3269 1213 3321; x_wconf 87' lang='grc' dir='ltr'>ναὸν</span> <span class='ocrx_word' id='word_1_533' title='bbox 1244 3268 1606 3337; x_wconf 83' lang='grc' dir='ltr'>ὀνομάσαντος</span> <span class='ocrx_word' id='word_1_534' title='bbox 1648 3268 1707 3318; x_wconf 86' lang='grc' dir='ltr'><strong>τὸ</strong></span> 
     </span>
    </p>
   </div>
   <div class='ocr_carea' id='block_1_66' title="bbox 117 3356 1707 3427">
    <p class='ocr_par' dir='ltr' id='par_1_66' title="bbox 117 3356 1707 3427">
     <span class='ocr_line' id='line_1_66' title="bbox 117 3356 1707 3427; baseline 0.001 -23"><span class='ocrx_word' id='word_1_535' title='bbox 117 3356 245 3407; x_wconf 79' lang='grc' dir='ltr'>[διον</span> <span class='ocrx_word' id='word_1_536' title='bbox 278 3357 448 3423; x_wconf 79' lang='grc' dir='ltr'>σῶμα</span> <span class='ocrx_word' id='word_1_537' title='bbox 468 3372 480 3385; x_wconf 90' lang='grc'>·</span> <span class='ocrx_word' id='word_1_538' title='bbox 516 3356 654 3424; x_wconf 84' lang='grc' dir='ltr'>πλὴν</span> <span class='ocrx_word' id='word_1_539' title='bbox 690 3357 749 3407; x_wconf 82' lang='grc' dir='ltr'><strong>ού</strong></span> <span class='ocrx_word' id='word_1_540' title='bbox 781 3360 1036 3426; x_wconf 83' lang='grc' dir='ltr'>σχετικὴν</span> <span class='ocrx_word' id='word_1_541' title='bbox 1058 3359 1349 3427; x_wconf 77' lang='grc' dir='ltr'>ἐποιήσατο</span> <span class='ocrx_word' id='word_1_542' title='bbox 1372 3358 1467 3427; x_wconf 79' lang='grc' dir='ltr'><strong>τὴν</strong></span> <span class='ocrx_word' id='word_1_543' title='bbox 1494 3358 1707 3424; x_wconf 77' lang='grc' dir='ltr'>ἐνοίκη-</span> 
     </span>
    </p>
   </div>
   <div class='ocr_carea' id='block_1_67' title="bbox 116 3447 1705 3516">
    <p class='ocr_par' dir='ltr' id='par_1_67' title="bbox 116 3447 1705 3516">
     <span class='ocr_line' id='line_1_67' title="bbox 116 3447 1705 3516; baseline 0.001 -20"><span class='ocrx_word' id='word_1_544' title='bbox 116 3463 219 3508; x_wconf 76' lang='grc' dir='ltr'>σιν,</span> <span class='ocrx_word' id='word_1_545' title='bbox 275 3449 426 3497; x_wconf 67' lang='grc' dir='ltr'>καθὰ</span> <span class='ocrx_word' id='word_1_546' title='bbox 490 3448 585 3498; x_wconf 75' lang='grc' dir='ltr'><strong>καὶ</strong></span> <span class='ocrx_word' id='word_1_547' title='bbox 639 3451 696 3498; x_wconf 84' lang='grc' dir='ltr'><strong>ἐν</strong></span> <span class='ocrx_word' id='word_1_548' title='bbox 731 3448 861 3515; x_wconf 79' lang='grc' dir='ltr'>ἡμῖν</span> <span class='ocrx_word' id='word_1_549' title='bbox 916 3447 1002 3499; x_wconf 79' lang='grc' dir='ltr'><strong>διὰ</strong></span> <span class='ocrx_word' id='word_1_550' title='bbox 1050 3448 1141 3499; x_wconf 88' lang='grc' dir='ltr'><strong>τοῦ</strong></span> <span class='ocrx_word' id='word_1_551' title='bbox 1184 3447 1528 3516; x_wconf 87' lang='grc' dir='ltr'>Πνεύματος,</span> <span class='ocrx_word' id='word_1_552' title='bbox 1593 3448 1705 3497; x_wconf 76' lang='grc' dir='ltr'>ἀλλ’</span> 
     </span>
    </p>
   </div>
   <div class='ocr_carea' id='block_1_68' title="bbox 112 3529 1708 3604">
    <p class='ocr_par' dir='ltr' id='par_1_68' title="bbox 112 3529 1708 3604">
     <span class='ocr_line' id='line_1_68' title="bbox 112 3529 1708 3604; baseline 0.002 -20"><span class='ocrx_word' id='word_1_553' title='bbox 112 3529 186 3596; x_wconf 78' lang='grc' dir='ltr'>εἷς</span> <span class='ocrx_word' id='word_1_554' title='bbox 216 3536 345 3585; x_wconf 79' lang='grc' dir='ltr'>καθ’</span> <span class='ocrx_word' id='word_1_555' title='bbox 390 3536 591 3587; x_wconf 75' lang='grc' dir='ltr'>ἕνωσιν</span> <span class='ocrx_word' id='word_1_556' title='bbox 628 3538 828 3587; x_wconf 80' lang='grc' dir='ltr'>νοεῖται</span> <span class='ocrx_word' id='word_1_557' title='bbox 864 3537 1119 3604; x_wconf 86' lang='grc' dir='ltr'>Χριστὸς.</span> <span class='ocrx_word' id='word_1_558' title='bbox 1165 3539 1257 3589; x_wconf 75' lang='grc' dir='ltr'>καὶ</span> <span class='ocrx_word' id='word_1_559' title='bbox 1290 3537 1438 3599; x_wconf 79' lang='grc' dir='ltr'>Υἱὸς,</span> <span class='ocrx_word' id='word_1_560' title='bbox 1472 3538 1565 3589; x_wconf 71' lang='grc' dir='ltr'><strong>καὶ</strong></span> <span class='ocrx_word' id='word_1_561' title='bbox 1602 3537 1708 3589; x_wconf 79' lang='grc' dir='ltr'><strong>Κύ-</strong></span> 
     </span>
    </p>
   </div>
   <div class='ocr_carea' id='block_1_69' title="bbox 114 3642 246 3694">
    <p class='ocr_par' dir='ltr' id='par_1_69' title="bbox 114 3642 246 3694">
     <span class='ocr_line' id='line_1_69' title="bbox 114 3642 246 3694; baseline 0.015 -18"><span class='ocrx_word' id='word_1_562' title='bbox 114 3642 246 3694; x_wconf 80' lang='grc' dir='ltr'>ριος.</span> 
     </span>
    </p>
   </div>
   <div class='ocr_carea' id='block_1_70' title="bbox 548 3906 1276 3974">
    <p class='ocr_par' dir='ltr' id='par_1_70' title="bbox 548 3906 1276 3974">
     <span class='ocr_line' id='line_1_70' title="bbox 548 3906 1276 3974; baseline 0.005 -17"><span class='ocrx_word' id='word_1_563' title='bbox 548 3906 1147 3961; x_wconf 81' lang='grc' dir='ltr'><strong>ΛΝΑΘΕΜΑΤΙΣΜΟΣ</strong></span> <span class='ocrx_word' id='word_1_564' title='bbox 1187 3908 1276 3974; x_wconf 70' lang='grc' dir='ltr'><strong>ς’.</strong></span> 
     </span>
    </p>
   </div>
   <div class='ocr_carea' id='block_1_71' title="bbox 177 4018 1702 4093">
    <p class='ocr_par' dir='ltr' id='par_1_71' title="bbox 177 4018 1702 4093">
     <span class='ocr_line' id='line_1_71' title="bbox 177 4018 1702 4093; baseline 0.003 -22"><span class='ocrx_word' id='word_1_565' title='bbox 177 4021 246 4072; x_wconf 67' lang='grc' dir='ltr'><strong>Εἴ</strong></span> <span class='ocrx_word' id='word_1_566' title='bbox 285 4038 372 4082; x_wconf 88' lang='grc' dir='ltr'><strong>τις</strong></span> <span class='ocrx_word' id='word_1_567' title='bbox 401 4019 563 4082; x_wconf 82' lang='grc' dir='ltr'>Θεὸν,</span> <span class='ocrx_word' id='word_1_568' title='bbox 596 4020 629 4090; x_wconf 82' lang='grc' dir='ltr'><strong>ἢ</strong></span> <span class='ocrx_word' id='word_1_569' title='bbox 666 4020 947 4090; x_wconf 84' lang='grc' dir='ltr'>Δεσπότην</span> <span class='ocrx_word' id='word_1_570' title='bbox 980 4018 1118 4075; x_wconf 73' lang='grc' dir='ltr'>εἶναι</span> <span class='ocrx_word' id='word_1_571' title='bbox 1151 4021 1300 4089; x_wconf 67' lang='grc' dir='ltr'>λέγει</span> <span class='ocrx_word' id='word_1_572' title='bbox 1342 4022 1434 4075; x_wconf 85' lang='grc' dir='ltr'><strong>τοῦ</strong></span> <span class='ocrx_word' id='word_1_573' title='bbox 1466 4023 1702 4093; x_wconf 84' lang='grc' dir='ltr'>Χριστοῦ</span> 
     </span>
    </p>
   </div>
   <div class='ocr_carea' id='block_1_72' title="bbox 108 4110 1702 4185">
    <p class='ocr_par' dir='ltr' id='par_1_72' title="bbox 108 4110 1702 4185">
     <span class='ocr_line' id='line_1_72' title="bbox 108 4110 1702 4185; baseline 0.003 -24"><span class='ocrx_word' id='word_1_574' title='bbox 108 4111 193 4162; x_wconf 78' lang='grc' dir='ltr'><strong>τὸν</strong></span> <span class='ocrx_word' id='word_1_575' title='bbox 224 4113 291 4163; x_wconf 81' lang='grc' dir='ltr'>ἐκ</span> <span class='ocrx_word' id='word_1_576' title='bbox 327 4110 469 4164; x_wconf 87' lang='grc' dir='ltr'>Θεοῦ</span> <span class='ocrx_word' id='word_1_577' title='bbox 501 4110 721 4180; x_wconf 86' lang='grc' dir='ltr'>Πατρὸς</span> <span class='ocrx_word' id='word_1_578' title='bbox 745 4112 934 4179; x_wconf 87' lang='grc' dir='ltr'>Λόγον,</span> <span class='ocrx_word' id='word_1_579' title='bbox 967 4113 1060 4164; x_wconf 80' lang='grc' dir='ltr'><strong>καὶ</strong></span> <span class='ocrx_word' id='word_1_580' title='bbox 1086 4113 1208 4182; x_wconf 73' lang='grc' dir='ltr'>οὐχὶ</span> <span class='ocrx_word' id='word_1_581' title='bbox 1258 4115 1321 4181; x_wconf 85' lang='grc' dir='ltr'><strong>δὴ</strong></span> <span class='ocrx_word' id='word_1_582' title='bbox 1372 4115 1569 4185; x_wconf 78' lang='grc' dir='ltr'>μᾶλλον</span> <span class='ocrx_word' id='word_1_583' title='bbox 1613 4116 1702 4167; x_wconf 83' lang='grc' dir='ltr'><strong>τὸν</strong></span> 
     </span>
    </p>
   </div>
   <div class='ocr_carea' id='block_1_73' title="bbox 106 4202 1703 4275">
    <p class='ocr_par' dir='ltr' id='par_1_73' title="bbox 106 4202 1703 4275">
     <span class='ocr_line' id='line_1_73' title="bbox 106 4202 1703 4275; baseline 0.004 -22"><span class='ocrx_word' id='word_1_584' title='bbox 106 4204 268 4254; x_wconf 74' lang='grc' dir='ltr'>αὑτὸν</span> <span class='ocrx_word' id='word_1_585' title='bbox 290 4204 562 4271; x_wconf 81' lang='grc' dir='ltr'>ὁμολογεῖ</span> <span class='ocrx_word' id='word_1_586' title='bbox 592 4202 728 4270; x_wconf 84' lang='grc' dir='ltr'>ὁμοῦ</span> <span class='ocrx_word' id='word_1_587' title='bbox 752 4219 811 4254; x_wconf 88' lang='grc' dir='ltr'><strong>τε</strong></span> <span class='ocrx_word' id='word_1_588' title='bbox 857 4203 988 4255; x_wconf 87' lang='grc' dir='ltr'>Θεὸν</span> <span class='ocrx_word' id='word_1_589' title='bbox 1019 4204 1115 4257; x_wconf 71' lang='grc' dir='ltr'>καὶ</span> <span class='ocrx_word' id='word_1_590' title='bbox 1162 4204 1470 4275; x_wconf 79' lang='grc' dir='ltr'>ἄνθρωπον,</span> <span class='ocrx_word' id='word_1_591' title='bbox 1504 4209 1578 4267; x_wconf 84' lang='grc' dir='ltr'><strong>ὡς</strong></span> <span class='ocrx_word' id='word_1_592' title='bbox 1618 4226 1703 4275; x_wconf 89' lang='grc' dir='ltr'>γε-</span> 
     </span>
    </p>
   </div>
   <div class='ocr_carea' id='block_1_74' title="bbox 104 4290 1701 4365">
    <p class='ocr_par' dir='ltr' id='par_1_74' title="bbox 104 4290 1701 4365">
     <span class='ocr_line' id='line_1_74' title="bbox 104 4290 1701 4365; baseline 0.004 -23"><span class='ocrx_word' id='word_1_593' title='bbox 104 4294 323 4357; x_wconf 79' lang='grc' dir='ltr'>γονότος</span> <span class='ocrx_word' id='word_1_594' title='bbox 371 4291 588 4360; x_wconf 86' lang='grc' dir='ltr'>σαρκὸς</span> <span class='ocrx_word' id='word_1_595' title='bbox 622 4290 715 4343; x_wconf 85' lang='grc' dir='ltr'><strong>τοῦ</strong></span> <span class='ocrx_word' id='word_1_596' title='bbox 757 4292 931 4358; x_wconf 84' lang='grc' dir='ltr'>Λόγου</span> <span class='ocrx_word' id='word_1_597' title='bbox 969 4294 1109 4346; x_wconf 83' lang='grc' dir='ltr'>κατὰ</span> <span class='ocrx_word' id='word_1_598' title='bbox 1151 4294 1249 4357; x_wconf 83' lang='grc' dir='ltr'>τὰς</span> <span class='ocrx_word' id='word_1_599' title='bbox 1288 4296 1529 4365; x_wconf 78' lang='grc' dir='ltr'>Γοαφάς’</span> <span class='ocrx_word' id='word_1_600' title='bbox 1565 4298 1701 4350; x_wconf 86' lang='grc' dir='ltr'>ἀνά-</span> 
     </span>
    </p>
   </div>
   <div class='ocr_carea' id='block_1_75' title="bbox 103 4382 444 4449">
    <p class='ocr_par' dir='ltr' id='par_1_75' title="bbox 103 4382 444 4449">
     <span class='ocr_line' id='line_1_75' title="bbox 103 4382 444 4449; baseline 0.003 -18"><span class='ocrx_word' id='word_1_601' title='bbox 103 4382 242 4449; x_wconf 86' lang='grc' dir='ltr'>θεμα</span> <span class='ocrx_word' id='word_1_602' title='bbox 272 4384 444 4434; x_wconf 75' lang='grc' dir='ltr'>ἔστω.</span> 
     </span>
    </p>
   </div>
   <div class='ocr_carea' id='block_1_76' title="bbox 544 4492 1284 4561">
    <p class='ocr_par' dir='ltr' id='par_1_76' title="bbox 544 4492 1284 4561">
     <span class='ocr_line' id='line_1_76' title="bbox 544 4492 1284 4561; baseline 0.004 -17"><span class='ocrx_word' id='word_1_603' title='bbox 544 4492 925 4558; x_wconf 80' lang='grc' dir='ltr'>Θεοδωρήτου</span> <span class='ocrx_word' id='word_1_604' title='bbox 954 4495 1284 4561; x_wconf 73' lang='grc' dir='ltr'>ἀνατροπὴ.</span> 
     </span>
    </p>
   </div>
   <div class='ocr_carea' id='block_1_77' title="bbox 182 4604 1695 4675">
    <p class='ocr_par' dir='ltr' id='par_1_77' title="bbox 182 4604 1695 4675">
     <span class='ocr_line' id='line_1_77' title="bbox 182 4604 1695 4675; baseline 0.003 -18"><span class='ocrx_word' id='word_1_605' title='bbox 182 4605 238 4657; x_wconf 91' lang='lat'>&#39;0</span> <span class='ocrx_word' id='word_1_606' title='bbox 264 4606 368 4674; x_wconf 85' lang='grc' dir='ltr'>μὲν</span> <span class='ocrx_word' id='word_1_607' title='bbox 416 4604 695 4673; x_wconf 86' lang='grc' dir='ltr'>μακάριος</span> <span class='ocrx_word' id='word_1_608' title='bbox 727 4604 937 4667; x_wconf 86' lang='grc' dir='ltr'>Παῦλος</span> <span class='ocrx_word' id='word_1_609' title='bbox 970 4606 1029 4658; x_wconf 77' lang='grc' dir='ltr'><strong>τὸ</strong></span> <span class='ocrx_word' id='word_1_610' title='bbox 1064 4606 1264 4675; x_wconf 81' lang='grc' dir='ltr'>ληφθὲν</span> <span class='ocrx_word' id='word_1_611' title='bbox 1303 4608 1407 4660; x_wconf 86' lang='grc' dir='ltr'><strong>ὑπὸ</strong></span> <span class='ocrx_word' id='word_1_612' title='bbox 1436 4608 1529 4661; x_wconf 85' lang='grc' dir='ltr'><strong>τοῦ</strong></span> <span class='ocrx_word' id='word_1_613' title='bbox 1561 4609 1695 4662; x_wconf 88' lang='grc' dir='ltr'>Θεοῦ</span> 
     </span>
    </p>
   </div>
   <div class='ocr_carea' id='block_1_78' title="bbox 98 4693 1694 4767">
    <p class='ocr_par' dir='ltr' id='par_1_78' title="bbox 98 4693 1694 4767">
     <span class='ocr_line' id='line_1_78' title="bbox 98 4693 1694 4767; baseline 0.006 -25"><span class='ocrx_word' id='word_1_614' title='bbox 98 4694 270 4759; x_wconf 66' lang='grc' dir='ltr'>Λόγου</span> <span class='ocrx_word' id='word_1_615' title='bbox 327 4693 561 4764; x_wconf 71' lang='grc' dir='ltr'>μορφὴν</span> <span class='ocrx_word' id='word_1_616' title='bbox 596 4693 783 4744; x_wconf 89' lang='grc' dir='ltr'>δούλου</span> <span class='ocrx_word' id='word_1_617' title='bbox 826 4695 1256 4765; x_wconf 88' lang='grc' dir='ltr'>προσαγορεύει·</span> <span class='ocrx_word' id='word_1_618' title='bbox 1282 4698 1465 4766; x_wconf 79' lang='grc' dir='ltr'>ἐπειδὴ</span> <span class='ocrx_word' id='word_1_619' title='bbox 1497 4698 1552 4749; x_wconf 86' lang='grc' dir='ltr'>δὲ</span> <span class='ocrx_word' id='word_1_620' title='bbox 1590 4700 1694 4767; x_wconf 81' lang='grc' dir='ltr'><strong>πρὸ</strong></span> 
     </span>
    </p>
   </div>
   <div class='ocr_carea' id='block_1_79' title="bbox 98 4782 1693 4855">
    <p class='ocr_par' dir='ltr' id='par_1_79' title="bbox 98 4782 1693 4855">
     <span class='ocr_line' id='line_1_79' title="bbox 98 4782 1693 4855; baseline 0.004 -23"><span class='ocrx_word' id='word_1_621' title='bbox 98 4784 191 4851; x_wconf 73' lang='grc' dir='ltr'>τῆς</span> <span class='ocrx_word' id='word_1_622' title='bbox 219 4784 480 4843; x_wconf 78' lang='grc' dir='ltr'>ὲνὼσεως</span> <span class='ocrx_word' id='word_1_623' title='bbox 513 4784 546 4850; x_wconf 77' lang='grc' dir='ltr'>ἡ</span> <span class='ocrx_word' id='word_1_624' title='bbox 599 4782 783 4849; x_wconf 70' lang='grc' dir='ltr'>λῆψις,</span> <span class='ocrx_word' id='word_1_625' title='bbox 812 4783 939 4854; x_wconf 74' lang='grc' dir='ltr'>περὶ</span> <span class='ocrx_word' id='word_1_626' title='bbox 966 4784 1023 4836; x_wconf 76' lang='grc' dir='ltr'>δὲ</span> <span class='ocrx_word' id='word_1_627' title='bbox 1061 4784 1160 4853; x_wconf 81' lang='grc' dir='ltr'>τῆς</span> <span class='ocrx_word' id='word_1_628' title='bbox 1204 4784 1416 4854; x_wconf 69' lang='grc' dir='ltr'>λήψεως</span> <span class='ocrx_word' id='word_1_629' title='bbox 1449 4788 1476 4836; x_wconf 90' lang='lat'><strong>6</strong></span> <span class='ocrx_word' id='word_1_630' title='bbox 1518 4789 1693 4855; x_wconf 77' lang='grc' dir='ltr'>μακά‹</span> 
     </span>
    </p>
   </div>
   <div class='ocr_carea' id='block_1_80' title="bbox 102 4869 1690 4943">
    <p class='ocr_par' dir='ltr' id='par_1_80' title="bbox 102 4869 1690 4943">
     <span class='ocr_line' id='line_1_80' title="bbox 102 4869 1690 4943; baseline 0.003 -23"><span class='ocrx_word' id='word_1_631' title='bbox 102 4888 211 4935; x_wconf 66' lang='lat' dir='ltr'><strong>pio;</strong></span> <span class='ocrx_word' id='word_1_632' title='bbox 237 4872 642 4938; x_wconf 70' lang='grc' dir='ltr'>διαλεγόμενος</span> <span class='ocrx_word' id='word_1_633' title='bbox 694 4869 941 4935; x_wconf 80' lang='grc' dir='ltr'>Παῦλος,</span> <span class='ocrx_word' id='word_1_634' title='bbox 980 4871 1192 4942; x_wconf 80' lang='grc' dir='ltr'>μορφὴν</span> <span class='ocrx_word' id='word_1_635' title='bbox 1232 4874 1415 4925; x_wconf 85' lang='grc' dir='ltr'>δούλου</span> <span class='ocrx_word' id='word_1_636' title='bbox 1448 4876 1546 4943; x_wconf 86' lang='grc' dir='ltr'><strong>τὴν</strong></span> <span class='ocrx_word' id='word_1_637' title='bbox 1594 4874 1690 4943; x_wconf 84' lang='grc' dir='ltr'>λη-</span> 
     </span>
    </p>
   </div>
   <div class='ocr_carea' id='block_1_81' title="bbox 96 4960 1692 5035">
    <p class='ocr_par' dir='ltr' id='par_1_81' title="bbox 96 4960 1692 5035">
     <span class='ocr_line' id='line_1_81' title="bbox 96 4960 1692 5035; baseline 0.006 -26"><span class='ocrx_word' id='word_1_638' title='bbox 96 4960 325 5025; x_wconf 52' lang='grc' dir='ltr'>ςθεῖσαν</span> <span class='ocrx_word' id='word_1_639' title='bbox 360 4961 791 5029; x_wconf 75' lang='grc' dir='ltr'>προσηγόρευσε</span> <span class='ocrx_word' id='word_1_640' title='bbox 812 4961 994 5027; x_wconf 82' lang='grc' dir='ltr'>φύσιν,</span> <span class='ocrx_word' id='word_1_641' title='bbox 1018 4963 1198 5016; x_wconf 83' lang='grc' dir='ltr'>οὐκέτι</span> <span class='ocrx_word' id='word_1_642' title='bbox 1221 4970 1404 5033; x_wconf 81' lang='grc' dir='ltr'>χώραν</span> <span class='ocrx_word' id='word_1_643' title='bbox 1437 4966 1573 5034; x_wconf 77' lang='grc' dir='ltr'>ἔχει,</span> <span class='ocrx_word' id='word_1_644' title='bbox 1594 4967 1692 5035; x_wconf 81' lang='grc' dir='ltr'>τῆς</span> 
     </span>
    </p>
   </div>
   <div class='ocr_carea' id='block_1_82' title="bbox 96 5051 1692 5129">
    <p class='ocr_par' dir='ltr' id='par_1_82' title="bbox 96 5051 1692 5129">
     <span class='ocr_line' id='line_1_82' title="bbox 96 5051 1692 5129; baseline 0.007 -30"><span class='ocrx_word' id='word_1_645' title='bbox 96 5052 340 5113; x_wconf 68' lang='grc' dir='ltr'>ἐνῴσεως</span> <span class='ocrx_word' id='word_1_646' title='bbox 384 5051 717 5119; x_wconf 84' lang='grc' dir='ltr'>γενομένης,</span> <span class='ocrx_word' id='word_1_647' title='bbox 760 5052 857 5119; x_wconf 82' lang='grc' dir='ltr'><strong>τῆς</strong></span> <span class='ocrx_word' id='word_1_648' title='bbox 898 5052 1139 5116; x_wconf 74' lang='grc' dir='ltr'>δουλείας</span> <span class='ocrx_word' id='word_1_649' title='bbox 1179 5057 1238 5107; x_wconf 87' lang='grc' dir='ltr'><strong>τὸ</strong></span> <span class='ocrx_word' id='word_1_650' title='bbox 1269 5058 1456 5125; x_wconf 76' lang='grc' dir='ltr'>ὄνομα.</span> <span class='ocrx_word' id='word_1_651' title='bbox 1484 5058 1543 5109; x_wconf 84' lang='grc' dir='ltr'><strong>Εἰ</strong></span> <span class='ocrx_word' id='word_1_652' title='bbox 1583 5060 1692 5129; x_wconf 84' lang='grc' dir='ltr'>γὰρ</span> 
     </span>
    </p>
   </div>
   <div class='ocr_carea' id='block_1_83' title="bbox 94 5141 1690 5216">
    <p class='ocr_par' dir='ltr' id='par_1_83' title="bbox 94 5141 1690 5216">
     <span class='ocr_line' id='line_1_83' title="bbox 94 5141 1690 5216; baseline 0.007 -27"><span class='ocrx_word' id='word_1_653' title='bbox 94 5142 202 5202; x_wconf 70' lang='grc' dir='ltr'>τοῖς</span> <span class='ocrx_word' id='word_1_654' title='bbox 240 5146 320 5204; x_wconf 90' lang='grc' dir='ltr'>εἰς</span> <span class='ocrx_word' id='word_1_655' title='bbox 360 5141 534 5194; x_wconf 76' lang='grc' dir='ltr'>α’ύτὸν</span> <span class='ocrx_word' id='word_1_656' title='bbox 563 5143 986 5195; x_wconf 85' lang='grc' dir='ltr'>πεπιστευκόσιν</span> <span class='ocrx_word' id='word_1_657' title='bbox 1023 5145 1051 5195; x_wconf 91' lang='lat'><strong>6</strong></span> <span class='ocrx_word' id='word_1_658' title='bbox 1103 5147 1425 5209; x_wconf 78' lang='grc' dir='ltr'>Ἀπόστολος</span> <span class='ocrx_word' id='word_1_659' title='bbox 1463 5150 1690 5216; x_wconf 77' lang='grc' dir='ltr'>γράφων</span> 
     </span>
    </p>
   </div>
   <div class='ocr_carea' id='block_1_84' title="bbox 94 5232 1691 5303">
    <p class='ocr_par' dir='ltr' id='par_1_84' title="bbox 94 5232 1691 5303">
     <span class='ocr_line' id='line_1_84' title="bbox 94 5232 1691 5303; baseline 0.006 -20"><span class='ocrx_word' id='word_1_660' title='bbox 94 5235 306 5298; x_wconf 64' lang='grc' dir='ltr'>ἱλεγεν·</span> <span class='ocrx_word' id='word_1_661' title='bbox 348 5254 367 5284; x_wconf 72' lang='grc' dir='ltr'><strong>ι</strong></span> <span class='ocrx_word' id='word_1_662' title='bbox 398 5234 571 5284; x_wconf 80' lang='grc' dir='ltr'>’Ὥστε</span> <span class='ocrx_word' id='word_1_663' title='bbox 611 5234 710 5285; x_wconf 76' lang='grc' dir='ltr'><strong>οὐκ</strong></span> <span class='ocrx_word' id='word_1_664' title='bbox 756 5234 834 5287; x_wconf 78' lang='grc' dir='ltr'>ἔτι</span> <span class='ocrx_word' id='word_1_665' title='bbox 866 5232 917 5287; x_wconf 84' lang='grc' dir='ltr'>εἶ</span> <span class='ocrx_word' id='word_1_666' title='bbox 962 5237 1165 5301; x_wconf 83' lang='grc' dir='ltr'>δοῦλος,</span> <span class='ocrx_word' id='word_1_667' title='bbox 1198 5240 1330 5291; x_wconf 83' lang='grc' dir='ltr'>ἀλλά</span> <span class='ocrx_word' id='word_1_668' title='bbox 1376 5242 1509 5303; x_wconf 87' lang='grc' dir='ltr'>υἱός·</span> <span class='ocrx_word' id='word_1_669' title='bbox 1541 5260 1558 5292; x_wconf 69' lang='grc' dir='ltr'><strong>ι</strong></span> <span class='ocrx_word' id='word_1_670' title='bbox 1597 5244 1691 5295; x_wconf 71' lang='grc' dir='ltr'>καὶ</span> 
     </span>
    </p>
   </div>
   <div class='ocr_carea' id='block_1_85' title="bbox 202 5386 1633 5457">
    <p class='ocr_par' dir='ltr' id='par_1_85' title="bbox 202 5386 1633 5457">
     <span class='ocr_line' id='line_1_85' title="bbox 202 5386 1633 5457; baseline 0.002 -15"><span class='ocrx_word' id='word_1_671' title='bbox 202 5388 222 5418; x_wconf 86' lang='grc'>⁸</span> <span class='ocrx_word' id='word_1_672' title='bbox 259 5389 273 5441; x_wconf 94' lang='lat' dir='ltr'><strong>l</strong></span> <span class='ocrx_word' id='word_1_673' title='bbox 305 5388 443 5442; x_wconf 89' lang='lat' dir='ltr'><strong>Cor.</strong></span> <span class='ocrx_word' id='word_1_674' title='bbox 479 5403 597 5454; x_wconf 84' lang='lat' dir='ltr'><strong>vni,</strong></span> <span class='ocrx_word' id='word_1_675' title='bbox 627 5386 681 5441; x_wconf 87' lang='lat'><em>6.</em></span> <span class='ocrx_word' id='word_1_676' title='bbox 759 5391 779 5421; x_wconf 80' lang='grc'><strong>⁹</strong></span> <span class='ocrx_word' id='word_1_677' title='bbox 819 5388 916 5446; x_wconf 80' lang='lat' dir='ltr'><strong>Joh</strong></span> <span class='ocrx_word' id='word_1_678' title='bbox 949 5407 1018 5456; x_wconf 87' lang='lat' dir='ltr'><strong>Iv,</strong></span> <span class='ocrx_word' id='word_1_679' title='bbox 1051 5392 1136 5447; x_wconf 80' lang='lat' dir='ltr'><strong>i9.</strong></span> <span class='ocrx_word' id='word_1_680' title='bbox 1218 5394 1258 5423; x_wconf 85' lang='grc'><strong>¹⁰</strong></span> <span class='ocrx_word' id='word_1_681' title='bbox 1298 5392 1449 5447; x_wconf 87' lang='lat' dir='ltr'><strong>Joan.</strong></span> <span class='ocrx_word' id='word_1_682' title='bbox 1483 5411 1520 5457; x_wconf 90' lang='lat' dir='ltr'><strong>l,</strong></span> <span class='ocrx_word' id='word_1_683' title='bbox 1554 5397 1633 5448; x_wconf 69' lang='lat' dir='ltr'><strong>l4.</strong></span> 
     </span>
    </p>
   </div>
   <div class='ocr_carea' id='block_1_86' title="bbox 1733 5394 2184 5459">
    <p class='ocr_par' dir='ltr' id='par_1_86' title="bbox 1733 5394 2184 5459">
     <span class='ocr_line' id='line_1_86' title="bbox 1733 5394 2184 5459; baseline 0.009 -12"><span class='ocrx_word' id='word_1_684' title='bbox 1733 5396 1768 5425; x_wconf 89' lang='grc'><strong>¹¹</strong></span> <span class='ocrx_word' id='word_1_685' title='bbox 1812 5394 1965 5447; x_wconf 85' lang='lat' dir='ltr'><strong>Joan.</strong></span> <span class='ocrx_word' id='word_1_686' title='bbox 2003 5411 2062 5459; x_wconf 90' lang='lat' dir='ltr'><strong>ll,</strong></span> <span class='ocrx_word' id='word_1_687' title='bbox 2102 5397 2184 5450; x_wconf 78' lang='grc'><strong>19.</strong></span> 
     </span>
    </p>
   </div>
   <div class='ocr_carea' id='block_1_87' title="bbox 1814 3266 3385 3333">
    <p class='ocr_par' dir='ltr' id='par_1_87' title="bbox 1814 3266 3385 3333">
     <span class='ocr_line' id='line_1_87' title="bbox 1814 3266 3385 3333; baseline 0.004 -18"><span class='ocrx_word' id='word_1_688' title='bbox 1814 3268 2008 3319; x_wconf 90' lang='lat' dir='ltr'><strong>mentis</strong></span> <span class='ocrx_word' id='word_1_689' title='bbox 2040 3268 2445 3333; x_wconf 83' lang='lat' dir='ltr'><strong>expertem,sed</strong></span> <span class='ocrx_word' id='word_1_690' title='bbox 2477 3266 2709 3318; x_wconf 88' lang='lat' dir='ltr'><strong>animam</strong></span> <span class='ocrx_word' id='word_1_691' title='bbox 2740 3277 2791 3319; x_wconf 88' lang='lat' dir='ltr'><strong>et</strong></span> <span class='ocrx_word' id='word_1_692' title='bbox 2824 3278 3053 3319; x_wconf 87' lang='lat' dir='ltr'><strong>mentem</strong></span> <span class='ocrx_word' id='word_1_693' title='bbox 3079 3268 3385 3323; x_wconf 87' lang='lat' dir='ltr'><strong>habentem.</strong></span> 
     </span>
    </p>
   </div>
   <div class='ocr_carea' id='block_1_88' title="bbox 1812 3352 3389 3422">
    <p class='ocr_par' dir='ltr' id='par_1_88' title="bbox 1812 3352 3389 3422">
     <span class='ocr_line' id='line_1_88' title="bbox 1812 3352 3389 3422; baseline 0.003 -15"><span class='ocrx_word' id='word_1_694' title='bbox 1812 3352 1996 3421; x_wconf 85' lang='lat' dir='ltr'><strong>Neque</strong></span> <span class='ocrx_word' id='word_1_695' title='bbox 2027 3369 2154 3407; x_wconf 85' lang='lat' dir='ltr'><strong>vero</strong></span> <span class='ocrx_word' id='word_1_696' title='bbox 2187 3355 2531 3408; x_wconf 84' lang='lat' dir='ltr'><strong>immemores</strong></span> <span class='ocrx_word' id='word_1_697' title='bbox 2560 3370 2777 3418; x_wconf 89' lang='lat' dir='ltr'><strong>sumus,</strong></span> <span class='ocrx_word' id='word_1_698' title='bbox 2814 3370 3007 3422; x_wconf 92' lang='lat' dir='ltr'><strong>corpus</strong></span> <span class='ocrx_word' id='word_1_699' title='bbox 3040 3372 3194 3411; x_wconf 91' lang='lat' dir='ltr'><strong>suum</strong></span> <span class='ocrx_word' id='word_1_700' title='bbox 3226 3361 3292 3411; x_wconf 87' lang='lat' dir='ltr'><strong>ab</strong></span> <span class='ocrx_word' id='word_1_701' title='bbox 3322 3375 3389 3412; x_wconf 80' lang='lat' dir='ltr'><strong>eo</strong></span> 
     </span>
    </p>
   </div>
   <div class='ocr_carea' id='block_1_89' title="bbox 1814 3442 3384 3511">
    <p class='ocr_par' dir='ltr' id='par_1_89' title="bbox 1814 3442 3384 3511">
     <span class='ocr_line' id='line_1_89' title="bbox 1814 3442 3384 3511; baseline 0.004 -16"><span class='ocrx_word' id='word_1_702' title='bbox 1814 3442 2067 3510; x_wconf 79' lang='lat' dir='ltr'><strong>templum</strong></span> <span class='ocrx_word' id='word_1_703' title='bbox 2094 3443 2255 3510; x_wconf 75' lang='grc'><strong>222</strong></span> <span class='ocrx_word' id='word_1_704' title='bbox 2281 3444 2601 3511; x_wconf 84' lang='lat' dir='ltr'><strong>appellatum</strong></span> <span class='ocrx_word' id='word_1_705' title='bbox 2630 3444 2670 3473; x_wconf 86' lang='grc'>¹¹</span> <span class='ocrx_word' id='word_1_706' title='bbox 2704 3461 2715 3495; x_wconf 90' lang='lat'><strong>:</strong></span> <span class='ocrx_word' id='word_1_707' title='bbox 2746 3460 2927 3497; x_wconf 85' lang='lat' dir='ltr'><strong>verum</strong></span> <span class='ocrx_word' id='word_1_708' title='bbox 2956 3461 3059 3499; x_wconf 91' lang='lat' dir='ltr'><strong>non</strong></span> <span class='ocrx_word' id='word_1_709' title='bbox 3089 3450 3384 3501; x_wconf 85' lang='lat' dir='ltr'><strong>secundum</strong></span> 
     </span>
    </p>
   </div>
   <div class='ocr_carea' id='block_1_90' title="bbox 1815 3533 3389 3603">
    <p class='ocr_par' dir='ltr' id='par_1_90' title="bbox 1815 3533 3389 3603">
     <span class='ocr_line' id='line_1_90' title="bbox 1815 3533 3389 3603; baseline 0.003 -17"><span class='ocrx_word' id='word_1_710' title='bbox 1815 3533 2203 3597; x_wconf 88' lang='lat' dir='ltr'><strong>habitudinem,</strong></span> <span class='ocrx_word' id='word_1_711' title='bbox 2247 3535 2388 3586; x_wconf 86' lang='lat' dir='ltr'><strong>sicut</strong></span> <span class='ocrx_word' id='word_1_712' title='bbox 2430 3543 2482 3586; x_wconf 90' lang='lat' dir='ltr'><strong>et</strong></span> <span class='ocrx_word' id='word_1_713' title='bbox 2527 3534 2579 3586; x_wconf 86' lang='lat' dir='ltr'><strong>in</strong></span> <span class='ocrx_word' id='word_1_714' title='bbox 2625 3534 2779 3587; x_wconf 89' lang='lat' dir='ltr'><strong>nobis</strong></span> <span class='ocrx_word' id='word_1_715' title='bbox 2825 3552 2919 3603; x_wconf 87' lang='lat' dir='ltr'><strong>per</strong></span> <span class='ocrx_word' id='word_1_716' title='bbox 2958 3537 3220 3603; x_wconf 87' lang='lat' dir='ltr'><strong>Spiritum</strong></span> <span class='ocrx_word' id='word_1_717' title='bbox 3264 3554 3389 3591; x_wconf 87' lang='lat' dir='ltr'><strong>san-</strong></span> 
     </span>
    </p>
   </div>
   <div class='ocr_carea' id='block_1_91' title="bbox 1812 3622 3386 3687">
    <p class='ocr_par' dir='ltr' id='par_1_91' title="bbox 1812 3622 3386 3687">
     <span class='ocr_line' id='line_1_91' title="bbox 1812 3622 3386 3687; baseline 0.004 -12"><span class='ocrx_word' id='word_1_718' title='bbox 1812 3632 1955 3675; x_wconf 89' lang='lat' dir='ltr'><strong>ctum</strong></span> <span class='ocrx_word' id='word_1_719' title='bbox 2035 3622 2478 3675; x_wconf 87' lang='lat' dir='ltr'><strong>inhabitationem</strong></span> <span class='ocrx_word' id='word_1_720' title='bbox 2542 3624 2702 3687; x_wconf 85' lang='lat' dir='ltr'><strong>fecit;</strong></span> <span class='ocrx_word' id='word_1_721' title='bbox 2756 3628 2847 3679; x_wconf 86' lang='lat' dir='ltr'><strong>sed</strong></span> <span class='ocrx_word' id='word_1_722' title='bbox 2902 3642 3039 3679; x_wconf 84' lang='lat' dir='ltr'><strong>unus</strong></span> <span class='ocrx_word' id='word_1_723' title='bbox 3091 3632 3386 3681; x_wconf 88' lang='lat' dir='ltr'><strong>secundum</strong></span> 
     </span>
    </p>
   </div>
   <div class='ocr_carea' id='block_1_92' title="bbox 1812 3713 3388 3783">
    <p class='ocr_par' dir='ltr' id='par_1_92' title="bbox 1812 3713 3388 3783">
     <span class='ocr_line' id='line_1_92' title="bbox 1812 3713 3388 3783; baseline 0.004 -17"><span class='ocrx_word' id='word_1_724' title='bbox 1812 3714 2064 3766; x_wconf 90' lang='lat' dir='ltr'><strong>unionem</strong></span> <span class='ocrx_word' id='word_1_725' title='bbox 2122 3713 2440 3781; x_wconf 84' lang='lat' dir='ltr'><strong>intelligitur</strong></span> <span class='ocrx_word' id='word_1_726' title='bbox 2490 3714 2759 3778; x_wconf 75' lang='lat' dir='ltr'><strong>Christus,</strong></span> <span class='ocrx_word' id='word_1_727' title='bbox 2815 3727 2869 3770; x_wconf 91' lang='lat' dir='ltr'><strong>et</strong></span> <span class='ocrx_word' id='word_1_728' title='bbox 2926 3717 3114 3783; x_wconf 86' lang='lat' dir='ltr'><strong>Filius,</strong></span> <span class='ocrx_word' id='word_1_729' title='bbox 3170 3729 3223 3771; x_wconf 87' lang='lat' dir='ltr'><strong>et</strong></span> <span class='ocrx_word' id='word_1_730' title='bbox 3286 3719 3388 3773; x_wconf 84' lang='lat' dir='ltr'><strong>Do-</strong></span> 
     </span>
    </p>
   </div>
   <div class='ocr_carea' id='block_1_93' title="bbox 1812 3818 2007 3855">
    <p class='ocr_par' dir='ltr' id='par_1_93' title="bbox 1812 3818 2007 3855">
     <span class='ocr_line' id='line_1_93' title="bbox 1812 3818 2007 3855; baseline 0.01 -2"><span class='ocrx_word' id='word_1_731' title='bbox 1812 3818 2007 3855; x_wconf 79' lang='lat' dir='ltr'><strong>mlﬂUS.</strong></span> 
     </span>
    </p>
   </div>
   <div class='ocr_carea' id='block_1_94' title="bbox 2214 3915 2984 3972">
    <p class='ocr_par' dir='ltr' id='par_1_94' title="bbox 2214 3915 2984 3972">
     <span class='ocr_line' id='line_1_94' title="bbox 2214 3915 2984 3972; baseline 0.001 -4"><span class='ocrx_word' id='word_1_732' title='bbox 2214 3915 2855 3972; x_wconf 78' lang='lat' dir='ltr'><strong>ANATHEMATISMUS</strong></span> <span class='ocrx_word' id='word_1_733' title='bbox 2898 3918 2984 3970; x_wconf 72' lang='grc' dir='ltr'><strong>Ἣ.</strong></span> 
     </span>
    </p>
   </div>
   <div class='ocr_carea' id='block_1_95' title="bbox 1883 4028 3383 4099">
    <p class='ocr_par' dir='ltr' id='par_1_95' title="bbox 1883 4028 3383 4099">
     <span class='ocr_line' id='line_1_95' title="bbox 1883 4028 3383 4099; baseline 0.002 -15"><span class='ocrx_word' id='word_1_734' title='bbox 1883 4031 1937 4085; x_wconf 89' lang='lat' dir='ltr'><strong>Si</strong></span> <span class='ocrx_word' id='word_1_735' title='bbox 1971 4030 2089 4099; x_wconf 91' lang='lat' dir='ltr'><strong>quis</strong></span> <span class='ocrx_word' id='word_1_736' title='bbox 2120 4029 2210 4083; x_wconf 89' lang='lat' dir='ltr'><strong>Dei</strong></span> <span class='ocrx_word' id='word_1_737' title='bbox 2244 4028 2420 4083; x_wconf 90' lang='lat' dir='ltr'><strong>Patris</strong></span> <span class='ocrx_word' id='word_1_738' title='bbox 2441 4028 2698 4095; x_wconf 86' lang='lat' dir='ltr'><strong>Verhum,</strong></span> <span class='ocrx_word' id='word_1_739' title='bbox 2734 4032 2933 4085; x_wconf 86' lang='lat' dir='ltr'><strong>Christi</strong></span> <span class='ocrx_word' id='word_1_740' title='bbox 2974 4032 3138 4085; x_wconf 85' lang='lat' dir='ltr'><strong>Deum</strong></span> <span class='ocrx_word' id='word_1_741' title='bbox 3168 4035 3244 4087; x_wconf 81' lang='lat' dir='ltr'><strong>vel</strong></span> <span class='ocrx_word' id='word_1_742' title='bbox 3283 4034 3383 4087; x_wconf 87' lang='lat' dir='ltr'><strong>Do-</strong></span> 
     </span>
    </p>
   </div>
   <div class='ocr_carea' id='block_1_96' title="bbox 1810 4118 3384 4188">
    <p class='ocr_par' dir='ltr' id='par_1_96' title="bbox 1810 4118 3384 4188">
     <span class='ocr_line' id='line_1_96' title="bbox 1810 4118 3384 4188; baseline 0.006 -17"><span class='ocrx_word' id='word_1_743' title='bbox 1810 4118 2013 4171; x_wconf 88' lang='lat' dir='ltr'><strong>minum</strong></span> <span class='ocrx_word' id='word_1_744' title='bbox 2050 4134 2171 4173; x_wconf 85' lang='lat' dir='ltr'><strong>esse</strong></span> <span class='ocrx_word' id='word_1_745' title='bbox 2205 4119 2436 4183; x_wconf 84' lang='lat' dir='ltr'><strong>dixerit,</strong></span> <span class='ocrx_word' id='word_1_746' title='bbox 2480 4130 2528 4173; x_wconf 92' lang='lat' dir='ltr'><strong>et</strong></span> <span class='ocrx_word' id='word_1_747' title='bbox 2572 4137 2674 4173; x_wconf 92' lang='lat' dir='ltr'><strong>non</strong></span> <span class='ocrx_word' id='word_1_748' title='bbox 2714 4122 2890 4188; x_wconf 88' lang='lat' dir='ltr'><strong>potius</strong></span> <span class='ocrx_word' id='word_1_749' title='bbox 2928 4124 3091 4175; x_wconf 85' lang='lat' dir='ltr'><strong>Deum</strong></span> <span class='ocrx_word' id='word_1_750' title='bbox 3133 4126 3291 4178; x_wconf 90' lang='lat' dir='ltr'><strong>simul</strong></span> <span class='ocrx_word' id='word_1_751' title='bbox 3328 4138 3384 4181; x_wconf 89' lang='lat' dir='ltr'><strong>et</strong></span> 
     </span>
    </p>
   </div>
   <div class='ocr_carea' id='block_1_97' title="bbox 1810 4209 3381 4279">
    <p class='ocr_par' dir='ltr' id='par_1_97' title="bbox 1810 4209 3381 4279">
     <span class='ocr_line' id='line_1_97' title="bbox 1810 4209 3381 4279; baseline 0.006 -19"><span class='ocrx_word' id='word_1_752' title='bbox 1810 4209 2080 4262; x_wconf 89' lang='lat' dir='ltr'><strong>hominem</strong></span> <span class='ocrx_word' id='word_1_753' title='bbox 2117 4211 2365 4263; x_wconf 88' lang='lat' dir='ltr'><strong>eumdem</strong></span> <span class='ocrx_word' id='word_1_754' title='bbox 2402 4211 2683 4263; x_wconf 82' lang='lat' dir='ltr'><strong>confessus</strong></span> <span class='ocrx_word' id='word_1_755' title='bbox 2720 4212 2917 4274; x_wconf 81' lang='lat' dir='ltr'><strong>fuerit,</strong></span> <span class='ocrx_word' id='word_1_756' title='bbox 2954 4225 3220 4279; x_wconf 86' lang='lat' dir='ltr'><strong>quatenus</strong></span> <span class='ocrx_word' id='word_1_757' title='bbox 3251 4215 3381 4269; x_wconf 78' lang='lat' dir='ltr'><strong>Ver—</strong></span> 
     </span>
    </p>
   </div>
   <div class='ocr_carea' id='block_1_98' title="bbox 1808 4300 3381 4373">
    <p class='ocr_par' dir='ltr' id='par_1_98' title="bbox 1808 4300 3381 4373">
     <span class='ocr_line' id='line_1_98' title="bbox 1808 4300 3381 4373; baseline 0.006 -22"><span class='ocrx_word' id='word_1_758' title='bbox 1808 4300 1932 4352; x_wconf 90' lang='lat' dir='ltr'><strong>bum</strong></span> <span class='ocrx_word' id='word_1_759' title='bbox 1976 4315 2103 4354; x_wconf 89' lang='lat' dir='ltr'><strong>caro</strong></span> <span class='ocrx_word' id='word_1_760' title='bbox 2146 4300 2344 4354; x_wconf 80' lang='lat' dir='ltr'><strong>factum</strong></span> <span class='ocrx_word' id='word_1_761' title='bbox 2384 4310 2499 4363; x_wconf 88' lang='lat' dir='ltr'><strong>est,</strong></span> <span class='ocrx_word' id='word_1_762' title='bbox 2535 4303 2831 4355; x_wconf 84' lang='lat' dir='ltr'><strong>secmidum</strong></span> <span class='ocrx_word' id='word_1_763' title='bbox 2875 4303 3213 4373; x_wconf 86' lang='lat' dir='ltr'><strong>Scripturas;</strong></span> <span class='ocrx_word' id='word_1_764' title='bbox 3251 4322 3381 4360; x_wconf 87' lang='lat' dir='ltr'><strong>ana-</strong></span> 
     </span>
    </p>
   </div>
   <div class='ocr_carea' id='block_1_99' title="bbox 1810 4390 2105 4444">
    <p class='ocr_par' dir='ltr' id='par_1_99' title="bbox 1810 4390 2105 4444">
     <span class='ocr_line' id='line_1_99' title="bbox 1810 4390 2105 4444; baseline 0.014 -4"><span class='ocrx_word' id='word_1_765' title='bbox 1810 4390 1986 4443; x_wconf 86' lang='lat' dir='ltr'><strong>thema</strong></span> <span class='ocrx_word' id='word_1_766' title='bbox 2017 4391 2105 4444; x_wconf 84' lang='lat' dir='ltr'><strong>sit.</strong></span> 
     </span>
    </p>
   </div>
   <div class='ocr_carea' id='block_1_100' title="bbox 2239 4504 2936 4572">
    <p class='ocr_par' dir='ltr' id='par_1_100' title="bbox 2239 4504 2936 4572">
     <span class='ocr_line' id='line_1_100' title="bbox 2239 4504 2936 4572; baseline 0.009 -16"><span class='ocrx_word' id='word_1_767' title='bbox 2239 4504 2547 4557; x_wconf 80' lang='lat' dir='ltr'><strong>Theodoreti</strong></span> <span class='ocrx_word' id='word_1_768' title='bbox 2589 4508 2936 4572; x_wconf 78' lang='lat' dir='ltr'><strong>reprehensio.</strong></span> 
     </span>
    </p>
   </div>
   <div class='ocr_carea' id='block_1_101' title="bbox 1869 4613 3374 4687">
    <p class='ocr_par' dir='ltr' id='par_1_101' title="bbox 1869 4613 3374 4687">
     <span class='ocr_line' id='line_1_101' title="bbox 1869 4613 3374 4687; baseline 0.007 -21"><span class='ocrx_word' id='word_1_769' title='bbox 1869 4613 2066 4666; x_wconf 88' lang='lat' dir='ltr'><strong>Beatus</strong></span> <span class='ocrx_word' id='word_1_770' title='bbox 2111 4615 2326 4682; x_wconf 90' lang='lat' dir='ltr'><strong>quidem</strong></span> <span class='ocrx_word' id='word_1_771' title='bbox 2375 4616 2601 4679; x_wconf 84' lang='lat' dir='ltr'><strong>Paulus,</strong></span> <span class='ocrx_word' id='word_1_772' title='bbox 2646 4618 2785 4682; x_wconf 90' lang='lat' dir='ltr'><strong>quod</strong></span> <span class='ocrx_word' id='word_1_773' title='bbox 2834 4628 3170 4687; x_wconf 86' lang='lat' dir='ltr'><strong>assumptum</strong></span> <span class='ocrx_word' id='word_1_774' title='bbox 3218 4631 3299 4675; x_wconf 84' lang='lat' dir='ltr'><strong>est</strong></span> <span class='ocrx_word' id='word_1_775' title='bbox 3345 4638 3374 4675; x_wconf 83' lang='lat' dir='ltr'><strong>a</strong></span> 
     </span>
    </p>
   </div>
   <div class='ocr_carea' id='block_1_102' title="bbox 1799 4702 3376 4775">
    <p class='ocr_par' dir='ltr' id='par_1_102' title="bbox 1799 4702 3376 4775">
     <span class='ocr_line' id='line_1_102' title="bbox 1799 4702 3376 4775; baseline 0.006 -20"><span class='ocrx_word' id='word_1_776' title='bbox 1799 4703 1908 4757; x_wconf 90' lang='lat' dir='ltr'><strong>Deo</strong></span> <span class='ocrx_word' id='word_1_777' title='bbox 1931 4702 2108 4757; x_wconf 83' lang='lat' dir='ltr'><strong>Verbo</strong></span> <span class='ocrx_word' id='word_1_778' title='bbox 2142 4705 2369 4756; x_wconf 81' lang='lat' dir='ltr'><strong>formam</strong></span> <span class='ocrx_word' id='word_1_779' title='bbox 2402 4706 2541 4757; x_wconf 82' lang='lat' dir='ltr'><strong>servi</strong></span> <span class='ocrx_word' id='word_1_780' title='bbox 2575 4705 2807 4772; x_wconf 89' lang='lat' dir='ltr'><strong>appellat</strong></span> <span class='ocrx_word' id='word_1_781' title='bbox 2836 4708 2875 4737; x_wconf 83' lang='lat'>&quot;</span> <span class='ocrx_word' id='word_1_782' title='bbox 2911 4726 2923 4759; x_wconf 93' lang='lat'><strong>:</strong></span> <span class='ocrx_word' id='word_1_783' title='bbox 2959 4711 3215 4775; x_wconf 87' lang='lat' dir='ltr'><strong>quoniam</strong></span> <span class='ocrx_word' id='word_1_784' title='bbox 3250 4727 3376 4766; x_wconf 91' lang='lat' dir='ltr'><strong>vero</strong></span> 
     </span>
    </p>
   </div>
   <div class='ocr_carea' id='block_1_103' title="bbox 1795 4795 3374 4869">
    <p class='ocr_par' dir='ltr' id='par_1_103' title="bbox 1795 4795 3374 4869">
     <span class='ocr_line' id='line_1_103' title="bbox 1795 4795 3374 4869; baseline 0.006 -22"><span class='ocrx_word' id='word_1_785' title='bbox 1795 4796 2048 4847; x_wconf 90' lang='lat' dir='ltr'><strong>unionem</strong></span> <span class='ocrx_word' id='word_1_786' title='bbox 2086 4795 2383 4861; x_wconf 87' lang='lat' dir='ltr'><strong>assumptio</strong></span> <span class='ocrx_word' id='word_1_787' title='bbox 2419 4800 2724 4863; x_wconf 64' lang='lat' dir='ltr'><strong>praecessit,</strong></span> <span class='ocrx_word' id='word_1_788' title='bbox 2767 4799 2831 4851; x_wconf 91' lang='lat' dir='ltr'><strong>de</strong></span> <span class='ocrx_word' id='word_1_789' title='bbox 2870 4801 3239 4869; x_wconf 84' lang='lat' dir='ltr'><strong>assumptione</strong></span> <span class='ocrx_word' id='word_1_790' title='bbox 3279 4819 3374 4855; x_wconf 86' lang='lat' dir='ltr'><strong>au-</strong></span> 
     </span>
    </p>
   </div>
   <div class='ocr_carea' id='block_1_104' title="bbox 1794 4885 3371 4952">
    <p class='ocr_par' dir='ltr' id='par_1_104' title="bbox 1794 4885 3371 4952">
     <span class='ocr_line' id='line_1_104' title="bbox 1794 4885 3371 4952; baseline 0.006 -15"><span class='ocrx_word' id='word_1_791' title='bbox 1794 4895 1898 4937; x_wconf 91' lang='lat' dir='ltr'><strong>tem</strong></span> <span class='ocrx_word' id='word_1_792' title='bbox 1946 4885 2221 4938; x_wconf 83' lang='lat' dir='ltr'><strong>disserens</strong></span> <span class='ocrx_word' id='word_1_793' title='bbox 2265 4885 2404 4939; x_wconf 91' lang='lat' dir='ltr'><strong>idem</strong></span> <span class='ocrx_word' id='word_1_794' title='bbox 2449 4886 2638 4941; x_wconf 88' lang='lat' dir='ltr'><strong>beatus</strong></span> <span class='ocrx_word' id='word_1_795' title='bbox 2685 4888 2905 4952; x_wconf 86' lang='lat' dir='ltr'><strong>Paulus,</strong></span> <span class='ocrx_word' id='word_1_796' title='bbox 2950 4888 3177 4944; x_wconf 83' lang='lat' dir='ltr'><strong>formam</strong></span> <span class='ocrx_word' id='word_1_797' title='bbox 3228 4895 3371 4947; x_wconf 89' lang='lat' dir='ltr'><strong>servi</strong></span> 
     </span>
    </p>
   </div>
   <div class='ocr_carea' id='block_1_105' title="bbox 1798 4976 3371 5049">
    <p class='ocr_par' dir='ltr' id='par_1_105' title="bbox 1798 4976 3371 5049">
     <span class='ocr_line' id='line_1_105' title="bbox 1798 4976 3371 5049; baseline 0.004 -20"><span class='ocrx_word' id='word_1_798' title='bbox 1798 4976 2085 5043; x_wconf 88' lang='lat' dir='ltr'><strong>appellavit</strong></span> <span class='ocrx_word' id='word_1_799' title='bbox 2134 4988 2380 5030; x_wconf 88' lang='lat' dir='ltr'><strong>naturam</strong></span> <span class='ocrx_word' id='word_1_800' title='bbox 2428 4992 2793 5049; x_wconf 85' lang='lat' dir='ltr'><strong>assumptam;</strong></span> <span class='ocrx_word' id='word_1_801' title='bbox 2850 4997 2952 5035; x_wconf 93' lang='lat' dir='ltr'><strong>non</strong></span> <span class='ocrx_word' id='word_1_802' title='bbox 3005 4982 3143 5035; x_wconf 88' lang='lat' dir='ltr'><strong>ultra</strong></span> <span class='ocrx_word' id='word_1_803' title='bbox 3196 4984 3371 5037; x_wconf 87' lang='lat' dir='ltr'><strong>locum</strong></span> 
     </span>
    </p>
   </div>
   <div class='ocr_carea' id='block_1_106' title="bbox 1800 5064 3370 5131">
    <p class='ocr_par' dir='ltr' id='par_1_106' title="bbox 1800 5064 3370 5131">
     <span class='ocr_line' id='line_1_106' title="bbox 1800 5064 3370 5131; baseline 0.008 -16"><span class='ocrx_word' id='word_1_804' title='bbox 1800 5064 1979 5126; x_wconf 88' lang='lat' dir='ltr'><strong>habet,</strong></span> <span class='ocrx_word' id='word_1_805' title='bbox 2006 5066 2202 5118; x_wconf 90' lang='lat' dir='ltr'><strong>unione</strong></span> <span class='ocrx_word' id='word_1_806' title='bbox 2226 5065 2390 5131; x_wconf 77' lang='lat' dir='ltr'><strong>facta,</strong></span> <span class='ocrx_word' id='word_1_807' title='bbox 2418 5068 2693 5123; x_wconf 86' lang='lat' dir='ltr'><strong>servitutis</strong></span> <span class='ocrx_word' id='word_1_808' title='bbox 2732 5086 2945 5123; x_wconf 87' lang='lat' dir='ltr'><strong>nomen.</strong></span> <span class='ocrx_word' id='word_1_809' title='bbox 2986 5069 3117 5124; x_wconf 87' lang='lat' dir='ltr'><strong>Nam</strong></span> <span class='ocrx_word' id='word_1_810' title='bbox 3159 5074 3202 5126; x_wconf 86' lang='lat' dir='ltr'><strong>si</strong></span> <span class='ocrx_word' id='word_1_811' title='bbox 3230 5074 3370 5127; x_wconf 84' lang='lat' dir='ltr'><strong>idem</strong></span> 
     </span>
    </p>
   </div>
   <div class='ocr_carea' id='block_1_107' title="bbox 1802 5152 3367 5225">
    <p class='ocr_par' dir='ltr' id='par_1_107' title="bbox 1802 5152 3367 5225">
     <span class='ocr_line' id='line_1_107' title="bbox 1802 5152 3367 5225; baseline 0.008 -22"><span class='ocrx_word' id='word_1_812' title='bbox 1802 5152 2088 5218; x_wconf 86' lang='lat' dir='ltr'><strong>Apostolus</strong></span> <span class='ocrx_word' id='word_1_813' title='bbox 2134 5154 2378 5208; x_wconf 87' lang='lat' dir='ltr'><strong>scribens</strong></span> <span class='ocrx_word' id='word_1_814' title='bbox 2427 5156 2508 5209; x_wconf 90' lang='lat' dir='ltr'><strong>his</strong></span> <span class='ocrx_word' id='word_1_815' title='bbox 2559 5158 2647 5224; x_wconf 90' lang='lat' dir='ltr'><strong>qui</strong></span> <span class='ocrx_word' id='word_1_816' title='bbox 2705 5159 2753 5210; x_wconf 88' lang='lat' dir='ltr'><strong>ill</strong></span> <span class='ocrx_word' id='word_1_817' title='bbox 2805 5160 2954 5213; x_wconf 88' lang='lat' dir='ltr'><strong>illlllll</strong></span> <span class='ocrx_word' id='word_1_818' title='bbox 3003 5163 3367 5225; x_wconf 85' lang='lat' dir='ltr'><strong>crediderant,</strong></span> 
     </span>
    </p>
   </div>
   <div class='ocr_carea' id='block_1_108' title="bbox 1799 5242 3364 5317">
    <p class='ocr_par' dir='ltr' id='par_1_108' title="bbox 1799 5242 3364 5317">
     <span class='ocr_line' id='line_1_108' title="bbox 1799 5242 3364 5317; baseline 0.008 -23"><span class='ocrx_word' id='word_1_819' title='bbox 1799 5242 2050 5295; x_wconf 71' lang='lat' dir='ltr'><strong>dicebat:</strong></span> <span class='ocrx_word' id='word_1_820' title='bbox 2085 5262 2100 5292; x_wconf 87' lang='lat' dir='ltr'><strong>i</strong></span> <span class='ocrx_word' id='word_1_821' title='bbox 2136 5244 2320 5311; x_wconf 84' lang='lat' dir='ltr'><strong>itaque</strong></span> <span class='ocrx_word' id='word_1_822' title='bbox 2341 5245 2450 5311; x_wconf 90' lang='lat' dir='ltr'><strong>jam</strong></span> <span class='ocrx_word' id='word_1_823' title='bbox 2478 5263 2581 5299; x_wconf 88' lang='lat' dir='ltr'><strong>non</strong></span> <span class='ocrx_word' id='word_1_824' title='bbox 2608 5258 2688 5301; x_wconf 82' lang='lat' dir='ltr'><strong>est</strong></span> <span class='ocrx_word' id='word_1_825' title='bbox 2714 5266 2924 5315; x_wconf 80' lang='lat' dir='ltr'><strong>servus,</strong></span> <span class='ocrx_word' id='word_1_826' title='bbox 2951 5253 3043 5305; x_wconf 83' lang='lat' dir='ltr'><strong>sed</strong></span> <span class='ocrx_word' id='word_1_827' title='bbox 3074 5254 3213 5306; x_wconf 89' lang='lat' dir='ltr'><strong>lilius</strong></span> <span class='ocrx_word' id='word_1_828' title='bbox 3236 5254 3308 5317; x_wconf 77' lang='grc' dir='ltr'>¹³ς</span> <span class='ocrx_word' id='word_1_829' title='bbox 3345 5272 3364 5302; x_wconf 73' lang='grc' dir='ltr'><strong>ι</strong></span> 
     </span>
    </p>
   </div>
   <div class='ocr_carea' id='block_1_109' title="bbox 2265 5397 3294 5471">
    <p class='ocr_par' dir='ltr' id='par_1_109' title="bbox 2265 5397 3294 5471">
     <span class='ocr_line' id='line_1_109' title="bbox 2265 5397 3294 5471; baseline 0.01 -22"><span class='ocrx_word' id='word_1_830' title='bbox 2265 5399 2307 5427; x_wconf 81' lang='grc'>¹¹</span> <span class='ocrx_word' id='word_1_831' title='bbox 2348 5397 2574 5468; x_wconf 87' lang='lat' dir='ltr'><strong>Philipp.</strong></span> <span class='ocrx_word' id='word_1_832' title='bbox 2614 5417 2669 5464; x_wconf 87' lang='lat' dir='ltr'><strong>ll,</strong></span> <span class='ocrx_word' id='word_1_833' title='bbox 2709 5402 2757 5454; x_wconf 88' lang='lat'><strong>7.</strong></span> <span class='ocrx_word' id='word_1_834' title='bbox 2840 5402 2880 5432; x_wconf 82' lang='grc'><strong>’³</strong></span> <span class='ocrx_word' id='word_1_835' title='bbox 2920 5403 3096 5459; x_wconf 85' lang='lat' dir='ltr'><strong>Galat.</strong></span> <span class='ocrx_word' id='word_1_836' title='bbox 3133 5420 3205 5471; x_wconf 82' lang='lat' dir='ltr'><strong>iv,</strong></span> <span class='ocrx_word' id='word_1_837' title='bbox 3242 5406 3294 5459; x_wconf 90' lang='lat'><strong>7.</strong></span> 
     </span>
    </p>
   </div>
   <div class='ocr_carea' id='block_1_110' title="bbox 1162 5544 2360 5615">
    <p class='ocr_par' dir='ltr' id='par_1_110' title="bbox 1162 5544 2360 5615">
     <span class='ocr_line' id='line_1_110' title="bbox 1162 5544 2360 5615; baseline 0.003 -17"><span class='ocrx_word' id='word_1_838' title='bbox 1162 5544 1330 5599; x_wconf 74' lang='lat' dir='ltr'><strong>Varia:</strong></span> <span class='ocrx_word' id='word_1_839' title='bbox 1367 5546 1621 5601; x_wconf 70' lang='lat' dir='ltr'><strong>lectiones</strong></span> <span class='ocrx_word' id='word_1_840' title='bbox 1659 5565 1719 5600; x_wconf 68' lang='lat' dir='ltr'><strong>ex</strong></span> <span class='ocrx_word' id='word_1_841' title='bbox 1769 5549 1956 5602; x_wconf 75' lang='lat' dir='ltr'><strong>codice</strong></span> <span class='ocrx_word' id='word_1_842' title='bbox 1988 5550 2360 5615; x_wconf 70' lang='lat' dir='ltr'><strong>Segnicriano.</strong></span> 
     </span>
    </p>
   </div>
   <div class='ocr_carea' id='block_1_111' title="bbox 164 5691 597 5749">
    <p class='ocr_par' dir='ltr' id='par_1_111' title="bbox 164 5691 597 5749">
     <span class='ocr_line' id='line_1_111' title="bbox 164 5691 597 5749; baseline 0 0"><span class='ocrx_word' id='word_1_843' title='bbox 164 5695 193 5734; x_wconf 68' lang='grc' dir='ltr'>δ</span> <span class='ocrx_word' id='word_1_844' title='bbox 217 5695 329 5748; x_wconf 71' lang='grc' dir='ltr'>ἀλλ’</span> <span class='ocrx_word' id='word_1_845' title='bbox 353 5691 451 5748; x_wconf 78' lang='grc' dir='ltr'><strong>οῦν</strong></span> <span class='ocrx_word' id='word_1_846' title='bbox 475 5696 597 5749; x_wconf 62' lang='grc' dir='ltr'>ἕνα.</span> 
     </span>
    </p>
   </div>
  </div>
