4042 6514
618 401 724 456 425

1615 396 1672 451 S.
1709 396 1989 453 CYRILLI
2029 397 2506 454 ALEXANDRINI
2530 396 2852 454 ARCIIIEP.

3780 405 3874 460 6‘24

617 528 672 574 et
711 517 966 572 Dominus
1005 515 1283 584 discipulis
1319 533 1332 569 :
1377 533 1393 565 ι
1435 513 1555 569 Jam
1596 530 1700 570 non
1734 517 1912 570 dicam
1947 531 2042 571 vos
2078 531 2198 571 ser-

2312 519 2332 569 6
2388 516 2596 586 Κύριος
2646 519 2760 578 τοῖς
2813 514 3115 586 μαθηταῖς·
3170 535 3188 566 ι
3233 517 3430 572 Οὐκέτι
3477 519 3692 572 καλέσω
3739 522 3876 590 ὑμᾶς
3985 504 3989 512 1

618 621 744 675 vos,
779 611 871 663 sed
905 608 1110 662 amicos
1136 607 1216 673 H';
1258 626 1276 658 ι
1313 606 1480 661 multo
1510 608 1680 678 magis
1712 608 1965 676 primitiae
1997 617 2196 664 nostra:

619 711 856 764 naturae,
886 715 981 769 per
1004 714 1164 769 quem
1191 708 1245 754 et
1274 713 1372 753 nos
1398 699 1702 766 adOptionis
1730 699 1927 752 donum
1956 699 2195 754 assecuti

619 807 833 856 sumus,
867 807 896 845 a
927 792 1067 845 servi
1099 789 1567 860 coguominatione
1599 789 1860 843 liberatus
1889 799 1994 844 est.
2025 791 2195 844 Deum

620 883 787 952 igitur
820 881 1053 935 fatemur
1086 881 1249 934 etiam
1291 881 1460 950 ipsam
1500 880 1642 936 servi
1684 881 1941 945 formam,
1978 888 2198 949 propter

619 972 827 1026 uuitam
881 972 981 1039 ipsi
1034 969 1127 1024 Dei
1181 969 1446 1031 formam;
1501 979 1555 1022 et
1601 968 1872 1022 credimus
1921 969 2197 1036 propheta:

619 1063 782 1115 etiam
829 1075 1054 1130 puerum
1096 1059 1501 1114 Emmanuelem
1546 1057 1865 1127 appellanti.
1910 1067 1964 1112 et
2011 1067 2194 1111 natum

619 1166 843 1222 puerum
893 1151 1070 1220 magni
1121 1150 1332 1204 consilii
1379 1150 1662 1216 angelum,
1707 1163 1771 1203 ac
1821 1148 2193 1202 admirabilem

618 1241 1012 1304 consiliarium,
1043 1250 1098 1294 et
1126 1240 1290 1294 Deum
1321 1239 1536 1303 fortem,
1566 1247 1619 1292 et
1647 1247 1968 1307 potestatem
1997 1238 2197 1293 haben-

622 1343 751 1398 tem,
777 1340 832 1385 et
860 1331 1158 1401 principem
1190 1330 1361 1396 pacis,
1390 1338 1708 1398 patremque
1736 1328 1898 1381 futuri
1927 1327 2106 1382 διεσαιὶ
2127 1330 2193 1383 ¹⁵.

619 1423 1006 1478 Verumtamen
1057 1421 1196 1474 idem
1228 1421 1508 1488 propheta,
1561 1420 1722 1471 etiam
1775 1427 1899 1486 post
1943 1418 2194 1472 unionem

617 1513 921 1584 praedicans
953 1510 1214 1578 assumpti
1250 1519 1526 1571 naturam,
1555 1521 1772 1562 servum
1804 1507 2036 1577 appellat
2067 1522 2195 1563 eum

618 1603 711 1675 qui
750 1613 834 1658 est
873 1618 940 1658 ex
978 1602 1188 1656 semine
1229 1601 1496 1664 Abrahae,
1535 1599 1614 1654 sic
1651 1599 1840 1654 dicens
1877 1617 1893 1653 :
1933 1618 1952 1652 ι
1994 1599 2196 1656 Servus

619 1710 774 1750 meus
802 1710 862 1750 es
892 1705 967 1757 tu,
1002 1692 1187 1755 Israel,
1220 1700 1274 1744 et
1307 1691 1361 1744 in
1387 1698 1440 1745 te
1471 1690 1816 1761 glorificabor
1839 1690 1918 1756 “;
1960 1709 1978 1742 ι
2013 1699 2068 1745 et
2097 1690 2196 1744 ite-

621 1803 740 1840 rum
781 1804 794 1839 :
841 1801 861 1834 σ
907 1784 997 1838 Sic
1038 1783 1208 1851 inquit
1256 1779 1541 1845 Dominus,
1579 1779 1672 1848 qui
1711 1779 1963 1834 formavit
2005 1795 2091 1834 me
2127 1795 2194 1836 ex

2299 599 2538 670 δούλους,
2572 607 2707 660 ἀλλά
2735 607 2921 675 φίλους
2943 621 2956 636 ⁸
2989 625 3008 657 ι
3044 606 3223 676 πολλῷ
3262 609 3325 679 δὴ
3363 608 3559 678 μᾶλλον
3591 613 3624 679 ἡ
3660 612 3877 682 ἀπαρχὴ
3987 599 3989 607 Ἰ

2299 698 2401 766 τῆς
2441 698 2716 768 ἡμετέρας
2757 697 3007 766 φύσεως,
3053 698 3120 750 δι’
3152 691 3213 750 οὑ
3253 710 3274 738 ο
3318 699 3411 752 καὶ
3445 701 3605 770 ἡμεῖς
3645 699 3737 752 τοῦ
3783 703 3877 771 τῆς

2301 789 2575 852 υἱοθεσίας
2635 788 2971 859 χαρίσματος
3007 788 3360 860 ἠξιώθημεν,
3401 791 3501 858 τῆς
3550 791 3645 844 τοῦ
3695 792 3878 847 δούλου

2301 878 2675 950 προσηγορίας
2729 876 3070 948 ἀπαλλαγείη
3099 877 3124 915 ἀ
3162 878 3249 932 ἄν.
3287 879 3418 933 Θεὸν
3472 881 3651 934 τοίνυν
3692 883 3879 952 όμολο-
3988 875 3989 880 “

2300 962 2504 1040 γοῦμεν
2540 969 2633 1022 καὶ
2659 969 2758 1038 τὴν
2790 968 2886 1021 τοῦ
2919 967 3104 1022 δούλου
3139 970 3374 1040 μορφὴν,
3409 971 3496 1024 διὰ
3527 973 3627 1042 τὴν
3671 973 3880 1025 ένωθεῐ-

2301 1075 2402 1111 σαν
2440 1061 2576 1129 αὑτῇ
2615 1057 2708 1111 τοῦ
2742 1058 2880 1111 Θεοῦ
2924 1061 3171 1131 μορφήν
3203 1060 3297 1112 καὶ
3328 1060 3628 1130 πειθόμεθα
3651 1062 3730 1130 τῷ
3752 1080 3880 1132 προ·

2299 1151 2446 1221 φήτῃ
2499 1150 2579 1219 τῷ
2620 1151 2713 1202 καὶ
2767 1150 3119 1220 Ἐμμανουήλ
3153 1151 3215 1203 τὸ
3256 1151 3455 1222 βρέφος
3503 1153 3879 1222 προσαγορεύ-

2298 1255 2434 1299 οντι,
2476 1239 2572 1292 καὶ
2598 1239 2658 1290 τὸ
2683 1231 2942 1304 γεννηθὲν
2979 1239 3190 1290 παιδίον
3220 1239 3464 1308 μεγάλης
3502 1239 3693 1309 βουλῆς
3720 1241 3883 1307 ἀγγε-

2298 1327 2421 1390 λον,
2460 1327 2556 1379 καὶ
2605 1326 2918 1395 θαυμαστὸν
2959 1327 3298 1396 σύμϐουλον,
3342 1330 3437 1382 καὶ
3468 1329 3599 1380 Θεὸν
3638 1330 3880 1400 ἰσχυρὸν,

2299 1417 2393 1471 καὶ
2419 1416 2790 1485 ὲξουσιαστὴν,
2839 1416 2934 1468 καὶ
2987 1417 3222 1486 ἄρχοντα
3261 1417 3505 1486 εἰρήνης,
3537 1419 3631 1470 καὶ
3665 1419 3883 1488 Πατέρα

2297 1508 2392 1562 τοῦ
2432 1509 2717 1578 μέλλοντος
2758 1508 2970 1566 αἰῶνος.
3000 1507 3190 1576 Ὅμως
3229 1507 3285 1559 δὲ
3331 1509 3359 1559 6
3403 1508 3566 1568 αὑτὸς
3599 1509 3884 1578 προφήτης

2299 1598 2390 1650 καὶ
2416 1598 2553 1667 μετὰ
2597 1599 2697 1666 τὴν
2746 1598 2943 1649 ἕνωσιν
2984 1595 3273 1666 κηρύττων
3307 1596 3399 1648 τοῦ
3453 1597 3747 1666 ληφθέντος
3787 1599 3885 1667 τὴν

2299 1689 2483 1757 φύσιν,
2529 1688 2716 1741 δοῦλον
2756 1687 3160 1757 προσαγορεύει
3204 1687 3296 1738 τὸν
3332 1688 3397 1739 ὲκ
3437 1688 3530 1741 τοῦ
3568 1689 3886 1758 σπέρματος

2313 1778 2593 1850 ’Δϐραάμ,
2611 1779 2810 1832 οὑτωσὶ
2836 1777 3009 1845 λέγων
3025 1792 3039 1806 ·
3075 1796 3093 1825 ι
3118 1776 3313 1838 Δοῦλὸς
3334 1795 3434 1845 μου
3450 1773 3501 1830 εἴ
3527 1779 3613 1840 σὺ,
3643 1779 3886 1848 Ἰσραὴλ,

621 1885 776 1929 utero
806 1888 1024 1928 servum
1054 1872 1156 1926 sibi
1184 1872 1226 1903 "
1255 1887 1270 1934 ;
1306 1889 1324 1922 ι
1361 1881 1415 1925 et
1449 1871 1610 1940 paulo
1639 1880 1762 1941 post
1793 1890 1808 1926 :
1847 1890 1866 1923 ι
1903 1869 2043 1927 Ecce
2069 1872 2194 1928 dedi

2312 1869 2396 1922 ιιαὶ
2426 1871 2484 1921 ὲν
2516 1869 2599 1922 σοὶ
2625 1867 3034 1938 δοξασθήσομαι
3057 1907 3072 1931 ,
3103 1885 3122 1918 ι
3155 1868 3247 1920 καὶ
3277 1867 3467 1920 πάλιν·
3502 1887 3521 1919 ι
3550 1869 3705 1922 Οὕτω
3736 1871 3888 1938 λέγει

619 1981 671 2026 te
704 1970 758 2024 in
796 1968 970 2023 foedus
1005 1965 1216 2035 populi,
1255 1964 1308 2018 in
1345 1964 1518 2020 lucem
1551 1967 1821 2034 gentium,
1857 1975 1915 2018 ut
1947 1973 2002 2019 tu
2037 1965 2114 2020 sis
2144 1966 2197 2019 in

618 2061 849 2114 salutem
885 2071 1061 2125 usque
1093 2055 1160 2110 ad
1195 2055 1446 2109 ultimum
1482 2065 1643 2109 terra:
1670 2056 1734 2107 ¹⁸.
1775 2074 1792 2106 ι
1830 2055 1984 2121 Quod
2018 2067 2198 2111 autem

617 2149 907 2204 formatum
931 2156 1013 2201 est
1036 2161 1101 2200 ex
1124 2153 1332 2208 ventre,
1360 2158 1466 2198 non
1492 2143 1636 2199 Deus
1655 2144 1912 2207 Verbum.
1937 2147 2030 2198 sed
2055 2146 2199 2198 servi

619 2239 789 2294 forma
819 2246 921 2291 est.
945 2235 1063 2290 Non
1093 2237 1240 2289 enim
1270 2235 1411 2290 Deus
1430 2235 1664 2289 Verbum
1696 2248 1994 2287 conversus
2023 2233 2201 2287 factus

617 2339 702 2384 est
729 2343 888 2393 caro;
914 2328 1006 2382 sed
1035 2324 1329 2395 assumpsit
1352 2339 1568 2378 carnem
1593 2325 1768 2378 anima
1794 2323 2038 2377 rationali
2068 2338 2202 2390 prae-

619 2422 812 2474 ditam.

1061 2616 1221 2686 223
1263 2615 1451 2685 Cyrilli
1495 2614 1756 2683 defensio.

691 2729 1104 2784 Sacramentum
1132 2723 1559 2794 dispensationis
1585 2721 1859 2793 Unigeniti
1887 2737 2008 2776 cum
2036 2737 2202 2778 carne

621 2821 930 2889 superiores
955 2829 1236 2872 sermones
1261 2830 1397 2884 quos
1423 2813 1670 2876 fecimus,
1702 2829 1843 2867 nunc
1871 2828 2087 2882 quoque
2116 2814 2204 2867 ni-

621 2912 732 2966 hilo
775 2910 951 2962 minus
993 2907 1349 2968 communiet,
1393 2921 1455 2959 ac
1495 2905 1818 2958 monstrabit
1857 2905 2111 2958 decentes
2151 2914 2206 2959 et

623 3000 1003 3064 rationabiles,
1044 2998 1203 3065 idque
1242 2997 1418 3050 facile.
1460 2995 1786 3064 Unigenitus
1821 2996 1964 3049 enim
2004 2994 2202 3059 Filius,

621 3090 711 3160 qui
756 3099 840 3144 est
881 3088 933 3140 in
975 3085 1146 3139 forma
1196 3084 1289 3138 Dei
1336 3084 1513 3138 Patris
1539 3083 1605 3145 ¹⁹,
1646 3089 1700 3135 et
1742 3097 1910 3150 aequa:
1950 3097 2072 3136 cum
2113 3083 2205 3138 illo

2301 1959 2548 2029 Κύριοςό
2588 1959 2803 2021 πλάσας
2846 1976 2912 2027 με
2953 1960 3018 2010 ὲκ
3069 1956 3276 2019 κοιλίας
3311 1957 3498 2010 δοῦλον
3524 1958 3717 2011 ἑαυτοῦ
3755 1970 3784 2000 ο
3811 1977 3829 1995 ο
3867 1980 3884 2011 ι

2302 2047 2396 2100 καὶ
2426 2049 2542 2114 μετ’
2582 2047 2772 2112 ὀλίγαο
2811 2064 2829 2096 ι
2863 2045 2994 2098 Ἰδοὺ
3032 2045 3241 2098 δέδωκά
3275 2062 3335 2097 σε
3377 2047 3456 2110 είς
3488 2047 3760 2119 διαθήκην
3801 2051 3894 2118 γέ-

2300 2153 2446 2200 νους,
2475 2137 2554 2198 είς
2588 2136 2704 2202 φῶς
2736 2135 2928 2198 ἐθνῶν,
2969 2134 3064 2187 τοῦ
3099 2130 3239 2188 εἷναί
3273 2153 3331 2188 σε
3363 2138 3445 2199 είς
3481 2140 3756 2208 σωτηρίαν
3787 2141 3894 2202 ἕως

2302 2225 2531 2293 ἐσχάτου
2573 2225 2670 2294 τῆς
2702 2227 2827 2296 γῆς.
2857 2244 2875 2276 ι
2903 2226 2978 2278 Τὸ
3022 2225 3079 2278 δὲ
3110 2225 3346 2279 πλασθὲν
3374 2229 3439 2281 ὲκ
3468 2229 3674 2292 κοιλίας
3704 2230 3748 2293 ἲ,
3795 2234 3895 2301 οὑχ

2301 2313 2329 2363 6
2367 2314 2501 2377 Θεὸς
2548 2314 2740 2383 Λόγος,
2783 2315 2897 2368 ἀλλ’
2941 2319 2973 2386 ὴ
3015 2315 3110 2368 τοῦ
3146 2317 3331 2370 δούλου
3369 2321 3677 2389 μορφή.ού
3723 2323 3840 2392 γὰρ
3868 2327 3897 2375 6

2302 2403 2434 2466 Θεὸς
2462 2405 2633 2471 Λόγος
2659 2405 2891 2474 τραπεὶς
2925 2406 3144 2472 ἐγένετο
3167 2408 3325 2478 σὰρξ,
3351 2409 3464 2461 ἀλλ’
3494 2411 3722 2464 ἀνέλαϐε
3759 2416 3900 2484 σάρ-

2305 2511 2375 2546 κα
2403 2495 2582 2564 ψυχὴν
2608 2496 2843 2565 ἔχουσαν
2871 2498 3085 2567 νοεράν.

2764 2611 2811 2658 Κ
2813 2606 3067 2672 υρίλλου
3098 2607 3400 2676 ἀπολογία

2376 2721 2488 2788 Τῆς
2540 2721 2679 2789 μετά
2724 2721 2925 2789 σαρκὸς
2958 2720 3272 2790 οἰκονομίας
3309 2720 3403 2773 τοῦ
3455 2723 3800 2789 Μονογενοῦς
3838 2723 3904 2775 τὸ

2310 2813 2608 2881 μυστήριον
2647 2812 2760 2872 τοῖς
2803 2809 2935 2879 πρὸς
2985 2809 3145 2878 ὴμῶν
3183 2811 3434 2878 γεγονόσι
3475 2814 3569 2864 καὶ
3608 2813 3704 2866 νῦν
3734 2815 3903 2867 οὐδὲν

2305 2901 2467 2974 ἦττον
2501 2904 2790 2954 συνασπιεῖ
2813 2901 3016 2968 λόγοις,
3042 2901 3136 2953 καὶ
3160 2901 3255 2954 τοῦ
3279 2902 3580 2971 πρέποντος
3609 2905 3709 2958 οὐκ
3737 2906 3907 2974 ἠμοι-

2310 2996 2550 3065 ρηκότας
2580 2993 2948 3058 καταδείξειεν
2988 2992 3053 3044 ἂν
3095 2993 3293 3054 αὐτοὺς
3332 2993 3423 3044 καὶ
3471 2994 3613 3062 μάλα
3667 2995 3901 3065 ῥᾳδίως.

2319 3087 2377 3140 ’0
2413 3085 2522 3156 γὰρ
2561 3085 2823 3153 ὑπάρχων
2877 3087 2933 3136 ὲν
2973 3085 3154 3153 μορφῇ
3196 3084 3290 3136 τοῦ
3323 3084 3482 3150 Θεοῦ,
3524 3086 3620 3139 καὶ
3676 3087 3908 3158 Πατρὸς

621 3195 890 3236 mensurae
926 3193 1022 3246 per
1051 3176 1266 3239 omnia,
1305 3173 1450 3243 paris
1488 3174 1708 3242 gloriae,
1744 3188 1808 3228 ac
1843 3173 1996 3238 liber,
2034 3174 2202 3228 forma

2314 3178 2606 3247 μονογενὴς
2634 3176 2788 3238 Υἱὸς,
2814 3177 2841 3227 6
2875 3175 3017 3228 κατὰ
3054 3177 3163 3228 πᾶν
3201 3174 3381 3229 ὁτιοῦν
3421 3176 3723 3248 ίσομέτρως
3754 3176 3910 3246 ἔχων

621 3273 763 3327 servi
800 3279 1080 3338 assumpta
1103 3268 1149 3299 ¹⁰
1188 3267 1355 3319 frater
1388 3263 1691 3333 appellatus
1725 3272 1810 3319 est
1843 3277 2030 3317 eorum
2055 3304 2069 3328 ,
2105 3265 2198 3334 qui

622 3363 724 3415 sub
759 3357 1035 3413 servitutis
1065 3355 1194 3423 jugo
1229 3363 1383 3407 erant
1407 3354 1474 3415 ²¹,
1515 3353 1616 3406 hoc
1650 3360 1734 3405 est
1774 3360 1979 3406 noster.
2017 3350 2201 3420 Itaque

623 3451 775 3520 quasi
813 3464 950 3502 unus
982 3463 1048 3502 ex
1084 3447 1236 3499 nobis
1270 3443 1648 3497 didrachmum
1686 3441 1944 3512 persolvit
1977 3457 2200 3495 censum

623 3541 1058 3608 exigentibus,et
1079 3554 1097 3586 ι
1126 3536 1300 3588 factus
1318 3545 1400 3588 est
1418 3548 1584 3601 super
1604 3533 1718 3603 lege
1736 3535 1888 3601 quasi
1909 3533 2151 3595 homo“,
2179 3550 2197 3583 ι

625 3633 716 3700 qui
736 3670 749 3693 ,
769 3640 826 3682 ut
855 3628 1023 3703 Deus,
1055 3626 1331 3695 legislalor
1359 3632 1441 3678 est
1474 3638 1488 3676 :
1524 3624 1945 3677 docehatautem
1970 3623 2205 3690 discipu-

628 3722 708 3773 l‘os
744 3732 872 3771 suos
907 3717 1030 3784 quia
1071 3725 1125 3767 et
1167 3711 1338 3766 Filius
1378 3721 1464 3765 est
1501 3725 1628 3764 vere
1663 3720 1717 3765 et
1757 3711 1810 3764 in
1854 3709 2024 3764 forma
2062 3711 2202 3764 servi

628 3819 850 3879 propter
886 3817 1140 3869 carnem,
1187 3804 1397 3858 tametsi
1442 3803 1738 3856 secundum
1787 3811 2036 3854 naturam
2077 3816 2206 3869 pro»

629 3901 802 3970 priam
837 3898 973 3952 liber
1007 3897 1097 3961 sit,
1135 3904 1325 3964 utpote
1362 3894 1525 3955 Deus,
1563 3902 1620 3946 et
1657 3907 1722 3945 ex
1761 3893 1888 3947 Deo.
1918 3892 2207 3945 Verumta-

630 4007 752 4045 men
789 3999 1047 4056 tauquam
1084 3987 1360 4056 propriam
1393 3985 1535 4039 servi
1575 3983 1803 4037 formam
1842 3983 2047 4037 habens
2081 3997 2208 4051 pro-

631 4078 1149 4150 pterexinanitionis
1170 4090 1503 4139 mensuram,
1521 4072 1843 4127 tributorum
1867 4075 2209 4128 exactoribus

632 4169 882 4224 subditus
917 4177 1058 4222 erat.
1096 4167 1366 4234 Quocirca
1402 4166 1448 4220 si
1481 4167 1601 4234 quis
1637 4166 1781 4219 dicat
1814 4180 1936 4219 eum
1973 4165 2210 4234 appella-

632 4265 744 4308 tum
789 4269 908 4308 esse
949 4269 1165 4308 servum
1209 4267 1307 4322 per
1341 4267 1527 4307 vocem
1567 4261 1881 4308 sanctorum
1925 4254 2211 4323 propheta-

631 4369 786 4420 rum,
820 4335 964 4406 nullo
1004 4355 1161 4408 modo
1193 4353 1395 4408 offendi
1432 4355 1586 4408 decet
1619 4373 1632 4407 :
1666 4364 2031 4421 cognoverant
2066 4356 2209 4407 enim

632 4458 730 4513 per
758 4442 1085 4496 revelantem
1119 4443 1199 4496 eis
1230 4441 1490 4510 Spiritum
1523 4452 1792 4508 sanctum,
1823 4444 1947 4511 quia
1972 4441 2210 4497 Verbum

2309 3267 2388 3337 τῷ
2415 3267 2787 3336 γεγεννηκότι,
2829 3268 2857 3319 6
2891 3267 3163 3336 ίσοκλεὴς,
3211 3268 3305 3321 καὶ
3341 3268 3647 3338 ἐλεύθερος,
3677 3269 3910 3338 μορφὴν

2310 3356 2495 3408 δούλου
2524 3354 2705 3407 λαϐὼν
2729 3358 3142 3426 κεχρημάτικεν
3179 3357 3410 3425 ἀδελφὸς
3435 3358 3533 3427 τῆς
3564 3359 3589 3398 ε
3621 3357 3727 3410 ὑπὸ
3752 3358 3916 3425 ζυγά

2311 3447 2578 3508 δουλείας,
2618 3447 2898 3498 τουτέστιν
2937 3450 3092 3515 ἡμῖν.
3125 3449 3237 3501 Καὶ
3262 3448 3391 3515 γοῦν
3417 3448 3492 3510 ὡς
3535 3444 3616 3511 εἷς
3650 3449 3710 3512 ἐξ
3738 3449 3913 3519 ἡμῶν

2316 3539 2664 3591 συντετέλεκε
2710 3539 2810 3608 μὲν
2861 3541 2974 3600 τοῖς
3026 3539 3426 3609 δασμολογοῦσι
3478 3540 3538 3592 τὸ
3576 3540 3914 3611 δίδραχμον,

2313 3633 2409 3685 καὶ
2445 3633 2666 3700 γέγονεν
2723 3632 2827 3684 ὑπὸ
2859 3634 3025 3703 νόμον
3054 3633 3128 3696 ὼς
3167 3632 3469 3704 ἄνθρωπος,
3527 3634 3555 3685 6
3595 3634 3917 3703 νομοθέτης

2313 3721 2388 3784 ὡς
2423 3721 2553 3784 Θεός
2579 3737 2590 3748 ·
2632 3721 2880 3774 ἐδίδασκε
2910 3723 2966 3775 δὲ
2995 3723 3122 3784 τοὺς
3157 3722 3353 3775 ἑαυτοῦ
3393 3721 3665 3792 μαθητὰς,
3690 3724 3777 3776 ὅτι
3813 3724 3920 3776 καὶ

2315 3809 2444 3871 Υἱός
2489 3811 2637 3861 ἐστιν
2688 3807 2903 3876 ἀληθῶς
2963 3810 3058 3860 καὶ
3103 3811 3160 3862 ἐν
3204 3813 3385 3879 μορφῇ
3426 3808 3613 3862 δούλου
3658 3810 3752 3862 διὰ
3805 3811 3918 3878 τὴν

2318 3900 2519 3968 σάρκα.
2566 3899 2790 3951 Καίτοι
2822 3898 2968 3951 κατὰ
3001 3898 3164 3966 φύσιν
3205 3897 3341 3950 ίδίαν
3371 3897 3651 3967 ἐλεύθερος
3683 3896 3786 3961 ῶν,
3833 3899 3921 3961 ὡς

2317 3993 2382 4043 ὲκ
2413 3988 2574 4052 Θεοῦ,
2599 3989 2693 4042 καὶ
2712 3989 2866 4051 Θεός.
2898 3988 3044 4058 Πλὴν
3077 3989 3152 4051 ὡς
3192 3988 3328 4043 ἰδίαν
3361 3987 3501 4059 ἔχων
3530 3989 3630 4058 τὴν
3659 3988 3760 4041 τοῦ
3787 3989 3924 4042 δού-

2316 4081 2410 4133 λου
2446 4080 2663 4150 μορφὴν
2694 4079 2783 4131 διὰ
2815 4078 2877 4131 τὸ
2908 4081 3010 4149 τῆς
3042 4078 3326 4141 κενώσεως
3378 4079 3601 4148 μέτρον,
3639 4079 3759 4142 τοῖς
3800 4078 3928 4132 τῶν

2315 4171 2485 4224 τελῶν
2530 4170 2869 4240 πράκτορσιν
2918 4170 3192 4238 ὑπόφορος
3237 4164 3326 4239 ἦν.
3371 4170 3537 4221 Ὥστε
3579 4169 3686 4221 κᾶν
3718 4167 3776 4221 εί
3830 4186 3928 4232 τις

2317 4265 2450 4335 λέγῃ
2485 4265 2669 4316 δοῦλον
2709 4264 2871 4315 αὑτὸν
2895 4262 3215 4332 ὠνομάσθαι
3244 4261 3331 4315 διά
3369 4263 3554 4333 φωνῆς
3588 4262 3702 4315 τῶν
3731 4263 3929 4332 ἁγίων

2320 4357 2638 4427 προφητῶν,
2675 4355 2796 4408 κατ’
2827 4355 3021 4408 οὑδένα
3051 4356 3252 4424 τρόπον
3285 4353 3736 4417 σκανδαλίζεσθαι
3767 4355 3930 4426 πρέ-

2321 4464 2446 4498 πει·
2479 4448 2680 4517 ᾔδεσαν
2712 4447 2842 4515 γάρ,
2884 4445 3362 4507 ἀποκαλύπτοντας
3401 4446 3582 4508 αὐτοῖς
3621 4443 3718 4497 τοῦ
3746 4447 3931 4514 ἁγίου

634 4533 775 4599 quod
807 4544 890 4588 est
919 4549 984 4586 ex
1021 4533 1130 4586 Deo
1165 4532 1358 4597 Patre,
1391 4533 1589 4588 factum
1622 4535 1815 4597 homo,
1845 4543 1967 4588 erat
1999 4536 2211 4604 quidem

2323 4538 2462 4592 Πνεύ
2473 4555 2662 4606 ματος,
2687 4538 2768 4588 ὃτι
2795 4535 3036 4603 γεγονὼς
3059 4535 3155 4587 ἀνθ
3163 4551 3345 4605 ρωπος
3371 4537 3398 4587 6
3421 4536 3484 4587 ὲκ
3517 4535 3651 4587 Θεοῦ
3687 4536 3934 4606 Πατρὸς

633 4634 684 4678 et
733 4625 813 4678 sic
853 4624 1108 4686 liberum,
1156 4631 1410 4691 tanquam
1455 4624 1645 4688 Filius,
1696 4639 1871 4693 neque
1912 4625 1992 4679 sic
2037 4636 2210 4681 tamen

637 4729 944 4767 mensuram
977 4714 1238 4781 sapientis
1267 4713 1651 4768 exinanitionis
1681 4716 2015 4782 repudiabat,
2045 4717 2208 4771 confi-

636 4812 861 4871 guratus
899 4801 1054 4855 nobis
1087 4799 1368 4856 servitutis
1397 4802 1525 4871 jugo
1561 4801 1808 4857 subditis.
1838 4805 1926 4856 Sic
1958 4815 2013 4857 et
2047 4805 2213 4860 Deum

637 4908 793 4946 suum
824 4893 951 4946 dicit
985 4891 1201 4947 Patrem
1225 4892 1292 4956 ",
1323 4893 1570 4961 quamvis
1603 4903 1794 4946 natura
1823 4894 1962 4948 Deus
1987 4894 2218 4948 exsiste-

639 4990 753 5045 ret,
789 4993 843 5036 et
875 4997 942 5036 ex
977 4984 1128 5049 ipso,
1161 4995 1216 5039 et
1251 4986 1395 5039 nullo
1432 4985 1589 5039 modo
1622 4983 1888 5054 gignentis
1923 4984 2215 5038 eminentia

639 5076 831 5127 minor.
861 5073 995 5126 (lum
1027 5073 1190 5141 igitur
1214 5073 1503 5130 Nestorius
1530 5076 1610 5130 sic
1636 5077 1840 5130 scribat
1865 5079 1930 5131 de
1954 5075 2172 5132 Christo
2199 5097 2211 5131 :

641 5165 818 5231 Atque
843 5163 977 5218 adeo
1003 5179 1192 5232 passus
1217 5165 1458 5235 pontifex
1487 5167 1813 5231 misericors,
1843 5183 1946 5220 non
1973 5169 2213 5222 viviﬁca-

715 5339 759 5370 “
795 5341 950 5415 Joan.
983 5359 1071 5405 xv,
1105 5345 1191 5401 15.
1272 5346 1315 5377 ¹⁸
1354 5346 1456 5401 lsa.
1493 5361 1588 5408 vn,
1621 5347 1719 5406 M;
1756 5364 1830 5408 ix,
1865 5347 1917 5400 6.
1998 5349 2041 5379 “
2081 5347 2185 5402 lsa.
2216 5366 2363 5415 xm,
2395 5350 2448 5403 5.

644 5408 769 5479 lipp.
804 5427 862 5478 ll,
893 5413 946 5465 6.

1023 5415 1068 5444 ¹⁰
1111 5416 1240 5470 ibid.
1275 5415 1326 5470 7.
1403 5418 1445 5447 ’ί
1488 5416 1650 5471 Hebr.
1689 5433 1742 5479 ιι,
1780 5418 1866 5471 15.
1943 5418 1987 5447 ’³
2029 5417 2218 5473 Matth.
2249 5436 2384 5484 xvu,
2413 5419 2604 5473 24-Ξὸ.

2326 4628 2522 4694 Λόγος,
2566 4621 2635 4694 ἦν
2691 4625 2788 4694 μὲν
2823 4626 2916 4677 καὶ
2965 4624 3137 4688 οὑτως
3183 4623 3469 4694 ἐλεύθερος
3516 4626 3592 4687 ὡς
3619 4627 3760 4689 υἱὸς,
3819 4629 3937 4680 οὶκ

2326 4718 2636 4786 ἀπόϐλητον
2669 4716 2726 4769 δὲ
2754 4715 2848 4768 καὶ
2874 4714 3018 4768 οὑτω
3050 4715 3110 4767 τὸ
3149 4715 3250 4784 τῆς
3280 4713 3565 4782 εὑτεχνοῦς
3604 4713 3877 4778 ὲνώσεως
3907 4719 3936 4755 h

2328 4811 2563 4862 ἐποιεῖτο
2593 4809 2788 4878 μέτρον
2825 4808 2955 4875 ἡμῖν
2978 4809 3090 4869 τοῖς
3120 4805 3223 4858 ὑπὸ
3253 4804 3394 4871 ζυγά
3417 4804 3660 4866 δουλείας
3692 4822 3759 4856 συ
3771 4824 3940 4876 μμε-

2327 4899 2626 4970 τρούμενος
2683 4901 2726 4951 ί.
2772 4897 2927 4951 Οὕτω
2976 4899 3072 4949 καὶ
3118 4896 3250 4948 Θεὸν
3307 4895 3502 4947 ἑαυτοῦ
3542 4896 3633 4947 τὸν
3686 4899 3944 4969 Πατέρα

2329 4993 2484 5061 φησι,
2519 4990 2660 5044 κατά
2705 4988 2867 5056 φύσιν
2918 4986 3095 5050 Θεὸςὶ
3139 4987 3422 5055 ὑπάρχων,
3477 4987 3571 5038 καὶ
3604 4986 3666 5049 ἐξ
3716 4990 3940 5050 αὑτοῦ,

2324 5081 2446 5135 κατ’
2465 5081 2653 5134 οὑδένα
2675 5080 2876 5150 τρόπον
2901 5080 2997 5149 τῆς
3030 5078 3123 5132 τοῦ
3154 5079 3407 5141 τεκόντος
3433 5078 3715 5149 ὑπεροχῆς
3737 5082 3947 5151 ἡττώ-

2327 5191 2506 5243 μενος.
2542 5170 2841 5240 Νεστορίου
2876 5171 3054 5224 τοίνυν
3094 5171 3191 5223 ὼδλ⁸
3235 5168 3576 5240 γεγραφότος
3629 5173 3768 5241 περὶ⁵
3831 5176 3947 5227 τοῦ

2530 5352 2571 5381 ιν
2616 5352 2745 5408 ibid,
2781 5355 2832 5408 1,
2911 5352 2954 5382 ¹⁸
2995 5350 3094 5403 lsa.
3127 5365 3260 5417 ml,
3288 5349 3356 5416 6;
3392 5365 3540 5416 :th,
3571 5351 3625 5404 6.
3710 5354 3755 5384 ¹⁹
3798 5354 3950 5410 Phi-

2678 5422 2724 5452 "
2763 5420 2917 5476 Joan.
2952 5436 3045 5486 xx,
3073 5419 3162 5472 17.

1683 5573 1858 5631 Variae
1890 5577 2150 5633 lectiones
2180 5594 2246 5634 ex
2272 5580 2457 5637 codice
2481 5578 2852 5647 Seguieriano.

722 5749 746 5780 ο
783 5743 848 5796 δι’
872 5742 956 5816 ἦς.

652 5811 807 5878 φύσει
829 5811 981 5873 Θεός.

1029 5749 1055 5789 ά
1082 5750 1390 5822 ἀπηλλάγη.
1470 5764 1493 5792 θ
1535 5753 1731 5824 ἐαυτῷ.
1817 5755 1835 5792 ί
1869 5757 1926 5810 ἐν
1954 5757 2149 5829 κοιλίᾳ.
2232 5759 2257 5799 8
2289 5759 2418 5822 τοῖς.
2497 5759 2523 5799 h
2552 5753 2858 5817 κενώσεως.

2973 5751 3534 5825 ισυμμορφούμενος.
3643 5755 3659 5807 1
3707 5759 3820 5814 καί
3862 5778 3960 5818 τοι
