4042 6440
122 317 209 374 λεδ
693 322 1233 383 APOLOCETICUS
1272 324 1561 386 CONTRA
1601 327 2131 387 TIIEODOBETUM
2171 328 2307 384 PRO
2344 328 2437 384 XII
2479 326 2865 383 CAPITIBUS.

3276 327 3381 385 ηδ

120 433 383 503 Χριστοῦ·
415 435 558 487 ὥστε
584 439 613 488 ὀ
652 438 841 492 παθὼν
889 442 1179 512 ἀρχιερεὺς
1223 444 1495 516 ἐλεήμων,
1535 445 1636 516 οὐχ
1677 446 1706 500 6

1815 456 1892 501 tor
1916 446 2032 516 ejus
2062 446 2151 515 qui
2184 458 2374 515 passus
2404 452 2488 499 est
2515 441 2661 498 Deus
2687 460 2701 496 :
2735 451 2791 497 et
2821 442 2987 496 Deum
3020 438 3221 494 Christi
3248 442 3380 497 Ver-

120 526 381 590 ζωοποιὸς
410 528 508 580 τοῦ
572 530 899 595 πεπονθότος
949 534 1101 597 Θεός·
1140 536 1235 589 καὶ
1275 536 1407 590 Θεὸν
1446 537 1539 590 τοῦ
1573 539 1707 608 Χρι-

119 616 232 669 στοῦ
266 618 365 671 τὸν
396 618 495 671 τοῦ
527 619 664 672 Θεοῦ
690 622 861 689 Λόγον
883 625 1274 696 ὀνομάσαντος,
1302 628 1629 697 προσθέντος
1649 629 1705 681 δὲ

117 708 323 769 τούτοις
346 726 359 738 ο
384 704 498 763 Ἦν
518 710 575 762 δὲ
607 711 635 762 6
662 713 828 776 αὐτὸς
857 718 949 768 καὶ
980 716 1202 787 βρέφος,
1232 720 1326 772 καὶ
1347 717 1441 770 τοῦ
1468 719 1704 789 βρέφους

115 798 427 867 Δεσπότης·
474 800 575 852 οὐκ
602 802 659 853 ἐν
691 802 880 873 κόσμῳ
912 808 1165 871 γενέσθαι
1186 808 1265 877 τῷ
1288 809 1483 870 δέοντι,
1508 809 1706 877 μᾶλλον

113 888 159 939 δὲ
191 888 288 939 καὶ
325 888 620 954 δυσσεϐῶς
658 893 800 960 ἄγαν
848 895 1313 967 διαϐεϐαιούμεοα
1352 899 1477 960 τοὺς
1516 897 1705 965 λόγους

114 978 302 1029 αὑτοῦ·
343 982 397 1030 εἰ
439 980 551 1048 γάρ
587 981 722 1045 Θεός
751 984 867 1036 ἐστι
895 985 988 1037 τοῦ
1016 988 1255 1057 Χριστοῦ
1276 990 1303 1040 6
1333 989 1396 1039 ἐκ
1430 987 1565 1039 θεοῦ
1598 990 1708 1041 Πα-

112 1068 229 1135 τρὸς
264 1068 472 1135 Λόγος,
511 1071 606 1124 δύο
635 1090 736 1125 που
762 1076 979 1140 πάντως
1002 1076 1109 1129 εἷεν
1140 1079 1205 1131 ἂν
1236 1078 1621 1147 ἀναμφιλόγως
1642 1078 1666 1117 ¹¹
1687 1093 1701 1107 ⁶

116 1153 222 1215 πῶς
260 1154 306 1204 δ’
341 1154 412 1206 ἂν
446 1160 626 1210 νοοῖτο
670 1161 763 1213 καὶ
803 1160 1000 1232 βρέφος
1025 1166 1053 1216 6
1092 1166 1275 1228 αὐτὸς,
1316 1167 1411 1219 καὶ
1446 1165 1538 1219 τοῦ
1580 1165 1706 1236 βρέ-

112 1259 237 1306 «seu;
268 1246 605 1318 Δεσπότηςς
641 1251 756 1303 Οὐκ
793 1252 859 1304 ἂν
888 1248 981 1305 οῦν
1025 1253 1236 1320 λέγοιτο
1276 1256 1372 1307 καὶ
1415 1254 1547 1317 Θεὸς
1576 1256 1703 1308 ἑαυ-

112 1333 237 1395 τοῦ,
280 1337 385 1388 καὶ
446 1340 730 1411 Δεσπότης
779 1344 807 1394 6
844 1343 1230 1414 Ἐμμανουήλ,
1282 1347 1439 1416 εἰπερ
1490 1346 1640 1398 ἐστὶν
1678 1346 1706 1398 6

113 1426 270 1488 αὐτὴ
302 1428 443 1491 Θεός
495 1446 555 1481 τε
584 1432 739 1500 ὁμοῦ,
774 1436 868 1485 καὶ
903 1434 1211 1504 ἄνθρωπος,
1256 1437 1331 1498 ὡς
1354 1436 1707 1510 ἐνανθρωπή-

116 1530 231 1575 σας,
283 1516 382 1566 καὶ
431 1521 856 1589 σεσαρκωμένος
898 1524 927 1574 6
964 1523 1057 1576 τοῦ
1090 1524 1226 1577 Θεοῦ
1267 1525 1459 1592 Λόγος.
1491 1526 1612 1579 ’Ὁτι
1648 1528 1707 1580 δὲ

113 1603 304 1674 θεότης
334 1606 439 1674 μὲν
475 1607 666 1679 ἔτερόν
719 1628 771 1663 τι
806 1613 947 1666 κατά
1001 1614 1164 1683 φύσιν
1201 1615 1337 1669 ἰδίαν
1384 1616 1553 1681 ἐστὶν,
1588 1618 1707 1670 ἓτε-

116 1711 201 1761 ρον
236 1694 292 1747 δὲ
333 1696 482 1748 κατά
534 1699 699 1766 φύσιν
754 1702 887 1755 ἰδίαν
938 1705 970 1771 ἡ
1024 1706 1417 1776 ἁνθρωπότης,
1470 1706 1587 1769 πῶς
1640 1708 1706 1761 ἂν

112 1787 411 1839 ὲνδοιάσειέ
469 1806 588 1853 τις;

114 1878 366 1947 Θεότητός
402 1898 459 1932 τε
492 1884 589 1934 καὶ
624 1884 1069 1955 άνΘρωπότητος,
1098 1890 1217 1941 καθ’
1260 1890 1455 1941 ἕνωσιν
1497 1892 1706 1943 οἰκονο-

112 1972 304 2037 μικήν.

553 2084 589 2131 Α
604 2083 1147 2139 ΝᾹΘΕΜΑΤΙΣΜΟΣ
1209 2088 1281 2139 Z'.

180 2212 248 2266 Εἰ
273 2216 361 2277 τίς
396 2232 589 2283 φησιν,
640 2217 714 2278 ὡς
758 2216 1046 2286 ἄνθρωπον
1090 2220 1423 2289 ὲνηργῆσθαι
1460 2219 1566 2273 ὑπὸ
1614 2218 1707 2273 τοῦ

114 2302 246 2355 Θεοῦ
281 2305 468 2372 Λόγου
512 2306 607 2358 τὸν
674 2305 904 2374 Ἰησοῦν,
941 2308 1035 2360 καὶ
1082 2307 1180 2377 τὴν
1230 2308 1324 2360 τοῦ
1370 2308 1710 2376 Μονογενοῦς

112 2394 355 2459 εὐδοξίαν
382 2396 712 2465 περιῆφθαι,
734 2397 808 2460 ὡς
835 2396 1007 2467 ἑτέρῳ
1037 2401 1169 2467 παρ’
1191 2400 1351 2451 αὑτὸν
1380 2400 1703 2469 ὑπάρχοντι·

113 2485 366 2554 ἀνάθεμα
409 2486 572 2537 ἔστω.
1612 2476 1615 2479 Ι

539 2596 922 2665 Θεοδωρήτου
969 2598 1299 2665 ἀνατροπὴ.

178 2712 241 2764 Εἰ
275 2711 456 2781 Θνητὴ
507 2710 602 2763 τοῦ
639 2710 933 2778 ἀνθρώπου
983 2713 1016 2783 ή
1052 2713 1233 2781 φύσις,
1271 2713 1384 2783 ζωὴ
1416 2714 1473 2768 δὲ
1504 2714 1532 2764 ὁ
1577 2714 1709 2777 Θεὸς

111 2798 305 2868 Λόγος,
340 2800 442 2851 καὶ
470 2799 762 2865 ζωοποιὸς,
794 2801 1058 2870 ἀνέστησε
1098 2802 1154 2856 δὲ
1183 2803 1272 2855 τὸν
1299 2803 1403 2854 ὑπὸ
1434 2804 1541 2855 τῶν
1580 2800 1707 2855 ’1ου-

112 2890 275 2943 δαίων
311 2889 553 2946 λυθέντα
582 2890 729 2953 ναὸν,
762 2891 857 2944 καὶ
886 2893 965 2954 εἰς
995 2893 1259 2964 οὐρανοὺς
1287 2893 1548 2963 ἀνήγαγε,
1593 2894 1711 2956 πῶς

111 2981 166 3032 οὐ
196 2981 534 3045 δεδόξασται
564 2982 598 3050 ἡ
632 2979 727 3033 τοῦ
760 2980 946 3035 δούλου
995 2984 1177 3053 μορφὴ
1209 2982 1298 3037 διὰ
1320 2984 1420 3053 τῆς
1452 2984 1546 3037 τοῦ
1575 2984 1709 3037 Θεοῦ

1808 536 1933 589 hum
1964 536 2054 589 Dei
2089 533 2468 597 nominaverit,
2488 533 2683 596 hisque
2713 530 3008 601 adiecerit:
3045 527 3174 582 Erat
3201 539 3381 583 autem

1807 635 1862 681 et
1890 628 2003 696 ipse
2033 626 2239 690 infans,
2270 635 2325 680 et
2354 623 2579 678 infantis
2618 624 2916 687 Dominus;
2950 622 3049 676 hos
3082 619 3225 674 illius
3258 634 3381 673 ser-

1810 732 1995 772 mones
2029 732 2132 772 non
2169 716 2343 773 solum
2381 716 2655 779 indecore,
2692 715 2785 769 sed
2822 722 2876 767 et
2912 713 3063 765 valde
3099 712 3262 780 impie
3294 711 3381 764 di-

1809 818 1925 865 ctos
1964 810 2277 865 asserimus.
2318 808 2449 861 Nam
2493 808 2537 860 si
2580 807 2722 861 Deus
2759 805 2961 859 Christi
3004 813 3085 857 est
3114 801 3381 865 Verbum,

1807 901 1949 966 quod
1977 917 2043 954 ex
2076 902 2182 955 Deo
2210 900 2376 953 Patre
2403 906 2505 961 est,
2534 900 2639 952 duo
2670 897 2856 967 utique
2881 901 3041 948 erunt
3069 893 3242 946 modis
3267 907 3386 946 om-

1809 989 1965 1042 nibus
1997 999 2053 1043 et
2090 988 2473 1042 indubitanter.
2511 986 2791 1052 Quomodo
2831 992 3011 1037 autem
3049 980 3383 1050 intelligatur

1809 1078 1954 1132 idem
1992 1078 2168 1132 infans
2206 1088 2261 1132 et
2299 1078 2520 1132 infantis
2555 1076 2850 1129 Dominus?
2883 1074 2998 1127 Non
3039 1073 3202 1140 igitur
3235 1071 3385 1125 dice-

1812 1176 1899 1221 tur
1943 1178 1999 1222 et
2027 1172 2396 1239 suimetipsius
2427 1171 2569 1225 Deus
2619 1178 2673 1222 et
2723 1167 2983 1222 Dominus
3045 1162 3380 1227 Emmanuel,

1808 1259 2243 1328 quandoquidem
2284 1262 2396 1330 ipse
2431 1261 2571 1314 idem
2611 1258 2771 1313 simul
2806 1267 2889 1317 est
2930 1256 3071 1311 Deus
3106 1268 3162 1310 et
3199 1256 3381 1317 homo,

1810 1358 2093 1418 postquam
2118 1350 2351 1405 Verbum
2389 1351 2482 1405 Dei
2519 1351 2681 1405 homo
2715 1349 2913 1403 factum
2951 1356 3003 1401 et
3043 1348 3381 1399 incarnatum

1808 1452 1910 1494 est.
1936 1439 2089 1506 Quod
2117 1448 2294 1494 autem
2323 1442 2495 1494 deitas
2520 1440 2662 1495 aliud
2689 1439 2947 1508 quiddam
2975 1447 3058 1492 est
3085 1436 3379 1491 secundum

1810 1545 1961 1584 suam
2001 1539 2275 1597 naturam,
2308 1531 2471 1602 224
2500 1532 2643 1585 aliud
2677 1540 2856 1585 autem
2889 1528 3187 1583 secundum
3225 1534 3383 1579 natu-

1811 1637 1925 1674 ram
1963 1636 2115 1675 suam
2156 1622 2498 1683 humanitas,
2543 1620 2813 1688 quomodo
2854 1620 2976 1688 quis
3016 1615 3383 1672 dubitaverit?

1812 1708 2195 1762 Verumtamen
2227 1723 2365 1763 unus
2395 1720 2478 1763 est
2504 1709 2751 1763 Christus
2777 1723 2842 1763 ex
2875 1707 3137 1762 ambabus
3168 1705 3383 1761 deitatis

651 1792 797 1862 Πλὴν
856 1791 936 1858 εἷς
984 1796 1042 1861 ἐξ
1098 1799 1301 1867 ἀμφοῖν
1353 1801 1380 1849 6
1432 1798 1704 1868 Χριστὸς,

1815 1808 1862 1852 et
1914 1798 2266 1852 humanitatis
2320 1799 2564 1863 naturis,
2616 1798 2909 1852 secundum
2966 1795 3383 1866 dispensationis

1813 1889 2086 1943 unionem.

2211 2086 2855 2144 ANATHEMATISMUS
2896 2087 3007 2142 VII.

1885 2218 1940 2272 Si
1974 2220 2095 2287 quis
2122 2218 2307 2274 Iesum
2358 2229 2613 2289 tanquam
2668 2220 2939 2273 hominem
2982 2234 3010 2271 a
3066 2218 3157 2274 Dei
3216 2219 3385 2276 Verbo

1811 2318 2073 2376 operante
2123 2322 2351 2373 mctum,
2404 2308 2789 2379 Unigenitique
2834 2308 3060 2380 gloriam
3112 2309 3209 2374 Illi,
3265 2321 3391 2364 tan-

1810 2416 1972 2467 quam
2005 2400 2162 2455 alteri
2214 2401 2446 2469 cuipiam
2492 2402 2557 2455 ab
2591 2402 2709 2470 ipso
2746 2399 2942 2462 Verbo,
2989 2401 3275 2457 advenisse
3308 2402 3393 2455 di-

1813 2492 1974 2555 xerit,
2008 2491 2293 2545 anathema
2326 2492 2418 2545 sit.

2253 2600 2561 2657 Theodoreti
2597 2602 2948 2670 reprehensio.

1884 2709 1940 2763 Si
1976 2708 2218 2765 mortalis
2247 2720 2330 2766 est
2366 2712 2597 2766 humana
2632 2719 2845 2777 natura,
2874 2712 3015 2766 Deus
3042 2720 3224 2766 autem
3257 2712 3389 2767 Ver-

1814 2800 1962 2863 bum,
2001 2815 2125 2854 cnm
2158 2802 2229 2855 sit
2259 2802 2369 2856 vita
2397 2810 2452 2857 et
2479 2802 2786 2867 vivificaris,
2811 2800 3100 2857 suscitavit
3132 2801 3391 2870 templum

1813 2903 1842 2941 a
1872 2888 2077 2944 Iudaeis
2108 2891 2364 2956 solutum,
2399 2902 2455 2945 et
2483 2891 2536 2946 in
2579 2892 2745 2946 cmlos
2770 2893 2949 2947 evexit
2973 2893 3055 2959 “,
3090 2907 3200 2962 quo
3232 2903 3395 2962 pacto

1816 2980 1987 3034 forma
2017 2982 2156 3035 servi
2191 2996 2285 3050 per
2318 2983 2545 3036 formam
2582 2984 2670 3036 Dei
2708 2983 3009 3052 glorificata
3046 2998 3151 3037 non
3181 2986 3303 3037 est?
3333 2982 3392 3039 Si

115 3073 332 3142 μορφῆς
359 3090 372 3135 ;
409 3072 472 3123 Εἰ
506 3072 615 3142 γὰρ
647 3072 816 3143 θνητὴ
840 3074 1160 3144 ὑπάρχουσα
1190 3076 1284 3128 καὶ
1313 3074 1330 3113 ι
1358 3076 1499 3128 κατά
1525 3076 1703 3140 φύσιν,

1817 3073 1960 3125 enim
1992 3088 2113 3127 cum
2148 3083 2341 3127 natura
2377 3073 2447 3128 sit
2482 3072 2752 3135 mortalis,
2789 3074 2928 3126 facta
2961 3084 3043 3129 est
3068 3074 3395 3130 immortalis

112 3162 387 3223 ἀΊάνατος
419 3161 614 3227 γέγονε
644 3162 730 3213 διὰ
762 3161 858 3230 τὴν
890 3163 1024 3232 πρὸς
1056 3162 1146 3214 τὸν
1180 3164 1312 3215 Θεὸν
1358 3165 1529 3230 Λόγον
1574 3164 1706 3216 ἕνω-

116 3268 218 3315 ςτν,
252 3251 454 3303 ἔλαϐεν
485 3250 515 3302 ὃ
554 3250 629 3321 μὴ
676 3247 854 3321 εἶχεν·
890 3251 917 3303 ὃ
946 3251 1001 3304 δὲ
1040 3253 1115 3321 μὴ
1162 3248 1289 3322 εἶχε
1324 3253 1581 3315 λαϐοῦσα,
1619 3255 1713 3306 καὶ

112 3342 468 3403 δοξασθεῖσα,
508 3342 659 3410 παρὰ
691 3342 784 3394 τοῦ
814 3342 1107 3404 δεδωκότος
1131 3342 1462 3407 δεδόξασται.
1494 3344 1584 3396 Διὸ
1618 3344 1715 3395 καὶ

114 3434 140 3481 6
181 3432 520 3494 ⁹Απόστο).ος
562 3432 697 3501 βοᾷ·
742 3450 760 3482 ι
802 3431 957 3485 Κατὰ
988 3431 1085 3500 τὴν
1124 3433 1404 3501 ἐνέργειαν
1443 3435 1534 3487 τοῦ
1579 3435 1714 3505 κρά-

114 3540 237 3586 τους
272 3526 378 3591 τῆς
418 3522 606 3592 ἰσχύος
638 3522 827 3587 αὑτοῦ,
851 3523 917 3593 ἣν
941 3524 1244 3593 ἐνήργησεν
1277 3526 1334 3575 ἐν
1368 3524 1445 3593 τῷ
1468 3523 1711 3593 Χριστῷ,

116 3615 339 3684 ἐγείρας
372 3615 543 3667 αὑτὸν
577 3616 643 3666 ἐκ
675 3613 903 3684 νεκρῶν.
955 3634 971 3665 ι

590 3726 891 3793 Κιφίλλου
934 3728 1252 3796 ἀπολογία.

183 3842 247 3891 Οἱ
272 3838 523 3909 Χριστὸν
561 3836 941 3905 ὀνομάζοντες,
975 3838 1073 3907 οὐχ
1118 3826 1216 3889 ἕνα
1262 3838 1381 3891 τινα
1433 3838 1541 3889 τῶν
1590 3835 1712 3889 καθ’

117 3934 262 3999 ἡμᾶς
314 3929 522 3983 κοινῶν
564 3937 603 3963 πη
654 3928 977 3998 ἀνθρώπων,
1031 3928 1146 3981 ἀλλ’
1193 3928 1711 3998 ὲνανΘρωπήσαντα,

117 4024 209 4072 καί
256 4018 691 4090 σεσαρκωμένον
737 4019 831 4071 τὸν
874 4020 937 4071 ὲκ
981 4017 1116 4071 Θεοῦ
1166 4016 1341 4087 φύντα
1383 4018 1554 4084 Λόγον
1603 4021 1716 4081 τοῖς

118 4112 505 4182 ἀκροωμένοις
555 4110 1097 4179 κατασημαίνουσιν·
1136 4108 1279 4162 ὥστε
1310 4108 1411 4161 κᾶν
1459 4108 1616 4177 εἰπερ
1664 4126 1715 4160 τι

118 4204 224 4256 τῶν
260 4201 769 4274 Θεοπρεπεστάτων
790 4202 1081 4271 ἐνεργῆσαι
1112 4201 1322 4268 λέγοιτο
1350 4200 1436 4252 διὰ
1461 4199 1554 4252 τοῦ
1585 4199 1715 4252 ἰδίου

122 4295 400 4365 σώματος,
439 4292 745 4365 ὀργανικὴν
789 4293 939 4361 αὑτῷ
988 4292 1325 4363 πληροῦντος
1359 4292 1458 4361 τὴν
1509 4293 1715 4361 ὑπουρ-

119 4385 262 4450 γίαν,
294 4384 457 4437 οὐδὲν
494 4378 661 4453 ἧττον
694 4382 856 4444 αὐτὸς
902 4383 930 4433 ὁ
968 4382 1072 4434 τῶν
1116 4382 1398 4451 δυνάμεων
1444 4383 1650 4453 Κύριος
1688 4385 1718 4435 6

120 4475 355 4543 Χριστὸς
391 4476 421 4526 6
453 4473 701 4543 ἐνεργῶν
746 4474 914 4535 ἐστιν,
947 4474 1008 4524 οὐ
1039 4473 1101 4524 τὸ
1128 4474 1371 4543 ἐνεργεῖν
1402 4472 1573 4541 ἑτέρῳ
1619 4471 1711 4525 δύ·
1752 4453 1794 4506 D

121 4566 311 4619 νασθαι
340 4563 526 4627 διδούς
547 4579 562 4593 ·
592 4561 846 4632 καθάπερ
872 4564 1063 4633 ἀμέλει
1095 4564 1189 4616 καί
1228 4568 1339 4625 τοῖς
1370 4566 1545 4632 ἁγίοις
1579 4566 1713 4619 ἀπο-

124 4660 329 4721 στόλοις
353 4656 614 4720 ἐξουσίαν
635 4655 808 4707 ἐδίδου
840 4654 982 4707 κατά
1009 4655 1333 4722 πνευμάτων
1364 4656 1712 4725 ἀκαθάρτων,

123 4750 259 4800 ὣστε
311 4746 610 4799 ἐκϐάλλειν
654 4746 792 4799 αὐτὰ
823 4744 917 4796 καὶ
962 4743 1285 4813 Θεραπεύειν
1325 4748 1505 4798 πᾶσαν
1540 4746 1714 4810 νόσον,

125 4842 215 4891 xz!
245 4843 431 4893 πᾶσαν
471 4836 747 4907 μαλακίαν
786 4838 844 4888 ἐν
872 4836 951 4905 τῷ
980 4835 1116 4903 λαῷ.
1149 4836 1259 4889 Καὶ
1304 4839 1433 4902 γοῦν
1460 4838 1487 4888 ὁ
1518 4835 1713 4887 Θεσπέο

126 4948 233 4996 σιος
265 4931 521 4992 Παῦλος·
562 4948 578 4977 ι
620 4929 691 4981 Οὐ
727 4928 836 4998 γάρ
876 4927 1061 4997 τολμῶ
1093 4944 1143 4979 τι
1178 4926 1380 4994 λέγειν,
1416 4926 1602 4997 φησὶν,
1639 4921 1713 4979 ὧν

124 5026 184 5075 οὐ
222 5022 641 5092 κατειργάσατο
679 5020 746 5072 δι’
796 5018 929 5088 ἐμοῦ
975 5019 1205 5087 Χριστὸς
1236 5017 1400 5088 ἔργῳ,
1447 5018 1544 5070 καὶ
1572 5017 1715 5085 λόγῳ

125 5117 181 5163 ἐν
206 5115 434 5180 δυνάμει
469 5111 737 5180 σημείων,
770 5112 864 5164 καὶ
888 5110 1154 5180 τεράτων,
1197 5110 1253 5161 ἐν
1283 5109 1509 5178 δυνάμει
1542 5108 1717 5162 Πνεῦ-

129 5222 290 5272 ματος
322 5203 509 5270 ἁγίου.
550 5222 566 5252 ›
605 5202 898 5270 Χαίροντες
923 5200 980 5253 δὲ
1015 5200 1109 5251 καὶ
1146 5199 1195 5250 οἰ
1238 5199 1497 5268 μακάριοι
1542 5197 1718 5265 μαθη-

128 5384 171 5413 ’δ
198 5380 345 5436 Ioan.
377 5396 437 5442 ll,
468 5376 553 5430 I9.
633 5381 677 5408 "'
722 5376 916 5446 Ephes.
951 5394 987 5441 ι,
1024 5378 1109 5431 I9.
1186 5377 1235 5408 "
1276 5374 1468 5430 Matth.
1502 5392 1555 5435 ι,
1599 5374 1652 5425 I.

1816 3174 2035 3232 praptcr
2067 3164 2316 3219 unionem
2345 3179 2467 3220 cum
2505 3163 2615 3219 Deo
2646 3164 2843 3229 Verbo,
2880 3165 3089 3234 accepit
3117 3167 3259 3234 quod
3287 3180 3392 3220 non

1816 3256 2075 3320 habebat;
2135 3256 2180 3309 si
2224 3265 2402 3311 autem
2447 3257 2590 3325 quod
2640 3270 2746 3310 non
2794 3256 3026 3311 habebat
3068 3257 3298 3326 accepit,
3340 3265 3396 3313 et

1816 3346 2112 3411 gloriﬁrata
2138 3355 2239 3409 est,
2264 3348 2330 3402 ab
2353 3361 2418 3401 co
2440 3347 2530 3415 qui
2555 3347 2704 3401 dedit
2731 3346 3030 3415 glorificata
3057 3356 3159 3402 εει.
3184 3348 3394 3403 Idcirco

1816 3447 1869 3490 et
1895 3436 2183 3500 Apostolus
2211 3437 2411 3490 clamat
2443 3456 2454 3492 :
2491 3456 2508 3487 ι
2545 3437 2853 3491 Secundum
2881 3438 3253 3505 operationem
3296 3452 3395 3507 po—

1817 3527 1998 3581 tentize
2032 3527 2250 3581 virtutis
2282 3527 2401 3596 ejus
2429 3541 2595 3596 quam
2636 3536 2895 3597 operatus
2926 3538 3010 3581 est
3051 3527 3104 3581 in
3151 3527 3394 3593 Christo,

1816 3615 2089 3669 suscitans
2121 3615 2268 3670 illum
2294 3632 2362 3672 ex
2392 3617 2623 3670 mortuis
2645 3618 2713 3669 “.
2752 3633 2770 3666 ι

2364 3726 2550 3795 Cyrilli
2583 3726 2838 3793 defensio.

1886 3838 1987 3905 Qui
2040 3837 2314 3892 Christum
2353 3837 2656 3903 nominant,
2706 3850 2813 3891 non
2859 3850 3025 3890 unum
3080 3838 3393 3906 quempiam

1817 3933 1962 3986 sicut
1992 3946 2091 3984 nos
2121 3928 2398 3997 vulgarem
2444 3926 2738 3991 hominem,
2777 3926 2871 3981 sed
2913 3923 3149 3980 Verbum
3179 3940 3249 3982 es
3282 3928 3394 3983 Deo

1818 4027 2026 4083 natum,
2060 4018 2333 4071 hominem
2366 4016 2567 4069 factum
2593 4023 2648 4069 et
2678 4015 3017 4069 incarnatum
3056 4016 3395 4072 auditoribus

1818 4109 2128 4179 significant
2159 4126 2171 4161 :
2206 4118 2368 4176 atque
2400 4109 2535 4162 adeo
2564 4108 2607 4161 si
2641 4107 2769 4175 quid
2795 4108 2937 4175 quod
2959 4106 3195 4161 maxime
3223 4106 3393 4162 Deum

1820 4201 2011 4253 deceat
2040 4214 2137 4268 per
2162 4212 2359 4267 corpus
2394 4212 2573 4259 suum,
2610 4197 2750 4265 quod
2781 4204 2840 4250 ut
2870 4210 3132 4265 organum
3166 4196 3267 4251 sibi
3295 4197 3397 4251 mi-

1822 4289 2108 4341 nisterium
2153 4286 2458 4348 exhiberet,
2504 4283 2697 4339 fecisse
2742 4283 2993 4349 dicatur;
3041 4282 3397 4336 nihilominus

1821 4383 1935 4451 ipse
1971 4380 2229 4434 virtutum
2270 4379 2531 4433 Dominus
2563 4376 2813 4432 Christus
2858 4388 3091 4443 operans
3134 4382 3243 4439 est,
3292 4388 3399 4427 non

1820 4473 2125 4527 concedens
2155 4468 2309 4524 alteri
2345 4477 2404 4523 ut
2440 4468 2611 4537 possit
2636 4466 2849 4535 operari
2884 4482 2897 4518 :
2934 4463 3395 4535 quemadmodum

1822 4564 2035 4619 scilicet
2081 4562 2254 4617 beatis
2288 4560 2548 4629 apostolis
2578 4552 2902 4629 potestatem
2950 4565 3141 4610 contra
3176 4556 3399 4624 spiritus

1826 4651 2135 4706 immundos
2160 4650 2329 4710 dedit,
2362 4658 2419 4701 nt
2450 4648 2567 4700 illos
2613 4647 2897 4711 ejicerent,
2924 4655 2975 4697 et
3001 4652 3259 4698 curarent
3281 4658 3398 4697 om-

1827 4757 1947 4796 nem
1996 4744 2240 4793 morbum
2290 4748 2345 4791 et
2382 4752 2595 4789 omnem
2648 4738 2958 4804 languorem
3013 4737 3063 4787 in
3106 4734 3299 4802 populo
3328 4736 3396 4786 ³⁵.

1820 4831 2111 4900 Propterea
2149 4829 2337 4882 beatus
2372 4825 2569 4880 Paulus
2600 4826 2809 4893 inquit:
2843 4844 2860 4875 ‹
2895 4824 3011 4878 Non
3048 4824 3191 4877 enim
3223 4825 3396 4876 audeo

1824 4922 2027 4991 aliquid
2060 4922 2208 4989 loqui
2244 4934 2429 4973 eorum
2471 4933 2591 4987 qua:
2626 4933 2719 4986 per
2761 4932 2846 4971 me
2888 4932 2992 4971 non
3025 4915 3203 4970 effecit
3236 4913 3391 4968 Chri-

1824 5024 1939 5068 stus
1968 5012 2130 5065 verbo
2175 5021 2228 5064 et
2259 5009 2438 5075 factis,
2472 5011 2523 5063 in
2560 5010 2761 5062 virtute
2799 5008 3078 5079 signorum
3122 5014 3177 5058 et
3216 5004 3399 5073 prodi-

1828 5105 2056 5174 giorum,
2093 5103 2147 5157 in
2182 5103 2380 5155 virtute
2422 5101 2659 5171 Spiritus
2699 5102 2869 5155 sancti
2917 5100 2985 5152 ⁸⁷.
3019 5117 3036 5149 ι
3089 5097 3399 5153 Gaudentes

1829 5205 2006 5249 autem
2041 5196 2205 5248 etiam
2255 5193 2398 5248 beati
2433 5193 2682 5262 discipnli
2722 5198 3071 5246 accesserunt
3106 5189 3395 5259 aliquando

1728 5371 1769 5401 ”
1808 5372 1965 5425 Rom.
1993 5385 2083 5433 xv,
2130 5370 2219 5423 I8.

1156 5530 1329 5586 Variae
1357 5529 1615 5584 lectiones
1642 5540 1707 5580 ex
1736 5526 1919 5580 codice
1951 5524 2323 5592 Seguieriano.

194 5694 219 5731 ι
242 5691 650 5765 ἀναμφιὸὁλως.
746 5685 761 5724 ι
796 5687 881 5740 ῖσ.
921 5687 1203 5753 παρέλκει
1228 5688 1314 5753 τὸ,
1344 5688 1457 5741 καί.

398 5791 679 5850 Parmae.
724 5784 843 5844 Ge.
888 5782 1141 5842 LXXVI.

1536 5694 1575 5723 ω
1611 5682 1785 5736 κοινὸν
1811 5680 2122 5750 ἄνθρωπον.

3046 5765 3118 5830 14
