4042 6444
649 327 752 381 42Ἱ

1615 315 1674 370 S.
1711 312 1984 371 CYRILLI
2016 304 2487 366 ALEXANDRINI
2527 305 2847 362 ARCIIIEP.

3806 302 3911 357 428

647 441 717 493 ad
741 436 1043 500 Christum,
1075 442 1129 487 et
1157 431 1412 485 dicebant
1439 445 1452 482 :
1496 447 1513 478 ι
1542 427 1792 491 Domine,
1827 427 1987 480 etiam
2019 427 2217 478 daemo-

2357 424 2413 476 αἱ
2446 421 2760 492 προσῄεσάν
2801 437 2931 473 ποτε
2965 420 3213 488 λέγοντες
3257 421 3332 489 τῷ
3361 422 3585 493 Χριστῷ
3655 440 3673 474 ι
3717 424 3916 493 Κυριε,

652 531 738 581 nia
775 525 1133 594 subjiciuntur
1167 519 1323 575 nobis
1357 522 1407 572 in
1448 517 1665 572 nomine
1698 528 1786 569 tuo
1826 516 1888 572 ³⁸.
1929 532 1946 564 ι
1991 515 2071 567 Ad
2099 529 2228 580 ope-

653 617 882 670 randum
913 613 1054 667 enim
1088 620 1359 681 permotos
1390 622 1509 662 esse
1550 623 1645 672 per
1674 606 1835 676 225
1865 605 2140 658 Christum
2174 604 2228 656 in

656 705 859 773 Spiritu
886 701 1140 756 homines
1169 707 1385 756 sanctos
1423 697 1675 758 dicimus,
1702 695 1845 763 quod
1878 694 1969 746 alii
2003 691 2068 745 ab
2113 693 2227 760 ipso

655 793 852 846 fuerint
893 808 907 844 :
939 791 1031 845 sed
1055 804 1157 843 non
1191 789 1270 840 sic
1295 786 1481 840 eodem
1509 786 1666 839 modo
1692 783 1874 838 Jesum
1898 798 1926 835 a
1961 781 2138 836 Verbo
2175 782 2225 833 in

655 884 860 951 Spiritu
912 881 978 935 ad
1036 877 1367 948 operandum
1424 886 1627 929 motum
1677 889 1798 929 esse
1855 873 2225 938 intelligimus,

654 973 811 1040 quasi
860 972 994 1024 alius
1023 971 1094 1024 sit
1140 968 1311 1020 Filius
1354 976 1550 1034 praeter
1583 964 1934 1033 Unigenitum
1983 977 2048 1016 ex
2099 961 2228 1014 Deo.

657 1060 834 1115 Unum
857 1060 1000 1113 enim
1026 1055 1349 1110 monstravit
1373 1056 1521 1121 unio,
1556 1065 1612 1109 et
1655 1064 1937 1122 propterea
1979 1067 2234 1106 cavemus

655 1165 723 1204 ne
750 1151 802 1203 in
828 1149 960 1203 duos
978 1147 1126 1200 illum
1157 1147 1483 1200 dividamus.
1514 1145 1647 1198 Nam
1667 1146 1914 1212 quamvis
1938 1143 2232 1199 secundum

659 1237 966 1308 Scripturas
1004 1236 1242 1292 Verbum
1279 1251 1406 1292 caro
1455 1235 1653 1290 factum
1701 1237 1863 1300 sit",
1908 1245 2144 1288 attamen
2180 1241 2233 1286 et

656 1329 737 1383 sic
782 1328 1076 1383 secundum
1114 1342 1296 1381 veram
1345 1327 1620 1390 unionem,
1660 1341 1779 1396 qua:
1817 1335 1872 1380 et
1903 1336 2137 1379 mentem
2182 1333 2237 1377 et

657 1434 960 1474 sermonem
1014 1419 1244 1484 excedit,
1304 1417 1614 1486 unigenitus
1673 1417 1846 1472 Filius
1895 1425 1998 1471 est.
2049 1413 2236 1482 itaque

655 1525 797 1563 unus
825 1519 881 1563 et
905 1510 1054 1562 solus
1079 1508 1329 1563 Christus
1358 1507 1515 1562 Jesus
1559 1523 1654 1577 per
1699 1521 1855 1562 suum
1890 1520 2088 1574 corpus
2112 1519 2238 1573 ope-

661 1611 809 1655 ratus
842 1611 926 1655 est
968 1602 1149 1654 divina
1193 1601 1384 1668 signa;
1432 1608 1486 1652 et
1518 1600 1776 1652 virtutem
1825 1595 2084 1664 operandi
2131 1609 2235 1647 non

658 1695 934 1761 accepisse
977 1707 1098 1746 eum
1169 1693 1395 1746 dicimus
1455 1691 1750 1744 secundum
1830 1688 2236 1742 similitudinem

657 1794 970 1837 sanctorum
1010 1800 1024 1836 :
1069 1783 1295 1851 impium
1335 1783 1478 1835 enim
1522 1783 1623 1834 hoc
1656 1789 1818 1844 esset,
1855 1795 1918 1832 ac
1949 1779 2104 1832 valde
2147 1779 2240 1830 ab-
2274 1766 2314 1819 Β

657 1890 872 1929 sonum.
905 1874 1057 1940 Quod
1098 1875 1141 1928 si
1174 1888 1238 1927 ex
1282 1873 1513 1927 mortuis
1542 1887 1742 1940 corpus
1780 1886 1940 1924 suum
1981 1869 2240 1923 excitavit

658 1967 954 2023 secundum
985 1965 1125 2034 quod
1169 1965 1276 2018 vita
1303 1973 1384 2019 est
1429 1974 1481 2017 et
1523 1963 1851 2026 vivilicator,
1891 1961 2004 2027 ipse
2034 1969 2234 2014 semet-

661 2060 836 2127 ipsum
884 2056 1187 2110 clariﬁcare
1211 2055 1560 2122 perspicitur,
1594 2070 1714 2107 cum
1748 2053 2016 2105 viviﬁcatn
2051 2060 2238 2103 ostcn-

660 2147 801 2200 derit
823 2161 976 2199 suam
1003 2153 1280 2209 naturam;
1314 2159 1487 2210 neque
1518 2143 1671 2195 alteri
1705 2143 1936 2209 cuipiam
1967 2151 2161 2207 prazter
2185 2154 2242 2192 se

661 2235 887 2305 gloriam
911 2234 1027 2302 ejus
1051 2233 1232 2302 operis
1263 2232 1528 2286 eﬂiciendi
1567 2231 1792 2296 largitus
1835 2241 1939 2283 cst.
1976 2229 2158 2294 Itaque
2190 2239 2244 2282 et

663 2326 728 2378 ad
757 2325 924 2378 Deum
956 2322 1198 2386 Patrem,
1234 2321 1325 2390 qui
1358 2321 1410 2374 in
1439 2319 1588 2373 caelis
1611 2331 1714 2382 est,
1741 2320 1992 2372 dicebat:
2021 2337 2037 2369 ι
2066 2319 2241 2383 Pater,

662 2415 897 2468 clarilica
942 2428 1027 2466 me
1055 2412 1225 2480 gloria
1273 2425 1434 2478 quam
1471 2411 1630 2463 habui
1674 2420 1964 2477 antequam
2011 2411 2244 2461 mundus

664 2515 807 2558 esset
840 2508 980 2572 apud
1013 2512 1062 2556 te
1083 2502 1162 2565 ³⁰;
1195 2520 1213 2551 ι
1246 2505 1490 2569 quamvis
1514 2510 1566 2554 et
1592 2500 1735 2553 Deus
1765 2511 1930 2566 esset,
1967 2510 2019 2552 et
2045 2517 2109 2553 ex
2135 2499 2245 2554 Deo

665 2596 960 2649 secundum
998 2604 1267 2655 naturam,
1320 2601 1373 2645 ct
1416 2592 1604 2660 gloriae
1649 2591 1909 2644 Dominus
1953 2592 2020 2642 ³¹.
2083 2591 2277 2645 Deni-.

664 2700 770 2753 que
815 2683 1083 2752 quomodo
1130 2683 1280 2750 quasi
1333 2681 1500 2749 gloria
1550 2696 1752 2751 egens,
1803 2681 2030 2749 gloriam
2081 2697 2242 2748 quam

665 2788 791 2833 ante
836 2777 1030 2832 saecula
1069 2776 1277 2840 habuit,
1331 2774 1687 2842 petit?’Quia
1738 2774 1880 2826 enim
1939 2773 2118 2826 factus
2164 2785 2245 2827 est

663 2870 848 2931 homo,
883 2877 935 2921 et
967 2881 1060 2933 per
1082 2881 1298 2918 carnem
1328 2880 1480 2918 suam
1517 2883 1534 2914 ι
1568 2865 1742 2932 gratia
1773 2863 1866 2917 Dei
1895 2878 1992 2931 pro
2030 2865 2246 2918 univer-

664 2961 742 3014 sis
768 2968 994 3012 mortem
1043 2955 1301 3024 gustavit,
1348 2973 1366 3006 ι
1418 2954 1716 3008 secundum
1755 2955 1897 3021 quod
1945 2955 2077 3007 dicit
2117 2954 2248 3007 bea-

666 3059 754 3103 tus
782 3047 1068 3111 Paulus";
1098 3060 1294 3100 cavens
1314 3045 1509 3098 exinde
1532 3045 1842 3113 ignominia:
1870 3044 2242 3113 opprobrium,

667 3139 1120 3194 resurrectionem
1146 3136 1414 3206 praedicit,
1443 3150 1539 3205 per
1561 3151 1722 3205 quam
1748 3137 1875 3204 quia
1906 3144 1960 3189 et
1998 3134 2242 3189 vivilicus
2277 3115 2320 3172 θ

666 3239 768 3292 est,
797 3237 982 3296 utpote
1010 3227 1172 3291 Deus,
1203 3237 1349 3281 recte
1379 3228 1747 3296 cognoscitur,
1794 3233 1849 3280 et
1896 3226 1974 3280 sic
2020 3240 2050 3278 a
2092 3225 2248 3278 nobis

669 3320 930 3374 creditur.
965 3317 1296 3371 Gloriﬁcavit
1327 3317 1490 3386 igitur
1521 3331 1626 3370 non
1656 3316 1827 3384 magis
1861 3315 2027 3368 alium
2057 3328 2246 3381 quem-

668 3411 835 3478 piam,
873 3408 964 3462 sed
999 3407 1258 3475 seipsum,
1309 3421 1432 3460 cum
1466 3406 1678 3459 unitum
1715 3405 1817 3459 sibi
1861 3403 2119 3471 templum
2159 3417 2247 3456 se-

669 3500 902 3554 cundum
933 3497 1214 3551 veritatem
1264 3494 1604 3549 exhibuisset
1651 3505 1825 3549 morte
1874 3493 2246 3562 praestantius.

667 3589 839 3644 Porro
863 3589 1003 3655 quod
1028 3587 1237 3639 unitum
1271 3586 1345 3638 illi
1374 3600 1595 3654 corpus,
1626 3599 1799 3653 neque
1829 3584 2042 3649 animae,
2077 3598 2250 3650 neque

670 3680 867 3734 mentis
910 3691 1105 3744 expers
1151 3675 1440 3738 credimus,
1487 3678 1579 3729 sed
1621 3675 1860 3727 animam
1906 3683 2250 3740 mentemque

673 3776 893 3836 habere,
928 3770 1228 3838 smpissime
1253 3785 1281 3821 a
1326 3771 1482 3823 nobis
1514 3770 1715 3822 dictum
1746 3778 1848 3822 est.

1050 3877 1692 3934 ANATHEMATISMUS
1730 3878 1865 3939 Vl".

744 3989 803 4044 Si
835 3989 954 4058 quis
987 3989 1170 4043 dicere
1237 3987 1399 4042 audet
1449 3988 1718 4043 hominem
1755 3997 2090 4060 assumptum
2143 4005 2249 4045 una

674 4095 793 4133 cum
828 4078 923 4134 Dei
973 4076 1152 4132 Verbo
1208 4077 1566 4143 adorandum,
1623 4087 1677 4131 et
1710 4080 2248 4149 conglorilicandum,

673 4180 729 4224 et
757 4169 948 4236 Deum,
984 4178 1240 4237 tanquam
1275 4169 1506 4222 alterum
1558 4184 1682 4224 cum
1729 4170 1917 4236 altero,
1966 4173 2250 4226 connomi—

674 4260 906 4313 nandum
955 4274 1076 4312 esse
1135 4259 1313 4328 (hunc
1363 4260 1506 4312 enim
1571 4259 1904 4314 intellectum
1962 4262 2248 4329 particula,

673 4366 813 4414 cum,
851 4351 1078 4419 adjecta,
1109 4355 1375 4419 perpetuo
1396 4363 1462 4403 ac
1489 4351 1804 4404 necessario
1835 4349 2034 4419 affert),
2058 4362 2111 4407 et
2140 4367 2251 4407 non

2334 515 2429 568 καὶ
2462 515 2530 567 τά
2558 515 2812 584 δαιμόνια
2849 516 2980 583 ἡμῖν
3030 515 3398 567 ὑποτάσσεται
3445 519 3537 568 ἐπὶ
3571 517 3647 586 τῷ
3690 517 3920 588 ὀνόματί

2336 625 2450 660 σου.
2505 626 2522 658 ι
2572 606 2940 675 Ἐνηργῆσθαι
2975 606 3074 675 μὲν
3107 606 3216 676 γὰρ
3253 606 3338 659 διὰ
3369 608 3605 676 Χριστοῦ
3655 610 3713 661 ὲν
3745 607 3920 663 Πνεύ-

2339 715 2469 767 ματι
2499 700 2622 760 τοὺς
2657 697 2844 764 ἀγίους
2878 698 3056 766 φαμὲν
3083 698 3158 759 ὡς
3200 699 3419 767 ἐτέρους
3449 699 3613 761 ὄντας
3656 701 3786 768 παρ’
3817 699 3921 751 αὑ-

2335 790 2448 843 τόν.
2492 791 2571 842 Ού
2604 789 2708 860 μὴν
2737 783 2880 841 οὕτω
2910 789 3051 842 κατὰ
3085 788 3174 842 τὸν
3212 788 3326 840 ἴσον
3368 790 3569 859 τρόπον
3613 791 3710 843 καὶ
3757 790 3925 843 αὑτὸν

2337 879 2675 949 ὲνηργῆσθαι
2724 888 2752 916 ιι
2799 879 2891 931 τὸν
2957 879 3167 947 Ἰησοῦν
3214 878 3366 949 παρά
3422 879 3516 931 τοῦ
3565 879 3741 947 Λόγου
3787 881 3848 933 ὲν
3899 888 3924 915 ⁰

2339 970 2638 1039 Πνεύματι,
2673 969 2748 1031 ὡς
2775 969 2963 1039 ἓτερον
2989 969 3117 1021 ὅντα
3150 969 3277 1021 Υίὸν
3304 970 3456 1040 παρά
3484 987 3547 1038 γε
3569 971 3661 1024 τὸν
3687 971 3750 1024 ὲκ
3785 972 3928 1024 Θεοῦ

2338 1062 2638 1130 Μονογενῆ.
2672 1062 2810 1114 Ἕνα
2843 1063 2952 1131 γὰρ
2979 1060 3212 1130 δέδειχεν
3237 1064 3269 1119 ἠ
3299 1061 3510 1125 ἓνωσις,
3546 1064 3640 1115 καὶ
3684 1063 3746 1116 τὸ
3787 1065 3933 1116 διαι-

2346 1156 2460 1223 ρεῖν
2491 1155 2570 1215 είς
2602 1152 2695 1204 δύο
2725 1152 3165 1222 παραιτούμεθα.
3213 1153 3274 1204 Εἰ
3304 1152 3412 1221 γὰρ
3443 1153 3537 1207 καὶ
3566 1153 3756 1220 γέγονε
3788 1154 3934 1221 σάρξ

2340 1245 2368 1294 6
2401 1242 2574 1309 Λόγος
2609 1240 2751 1292 κατὰ
2775 1242 2874 1303 τὰς
2908 1241 3151 1311 Γραφὰς,
3185 1239 3298 1291 ἀλλ’
3331 1239 3445 1291 ἔστι
3477 1241 3571 1291 καὶ
3599 1238 3770 1301 οὓτως
3800 1238 3935 1298 Υἱὸς

2345 1332 2638 1404 μονογενὴς
2698 1332 2819 1386 καθ’
2854 1331 3049 1384 ἕνωσιν
3107 1330 3281 1402 ἀληθῆ
3327 1331 3428 1399 τὴν
3473 1331 3613 1398 ὑπὲρ
3661 1328 3787 1382 νοῦν
3836 1331 3936 1381 καὶ

2340 1426 2513 1492 λόγον.
2550 1424 2722 1486 Αὐτὸς
2764 1423 3056 1495 τοιγαροῦν
3086 1426 3113 1476 ὁ
3139 1417 3220 1485 εἷς
3268 1437 3327 1474 τε
3373 1421 3468 1474 καὶ
3500 1421 3660 1490 μόνος
3695 1418 3938 1489 Χριστὸς

2355 1514 2580 1582 Ἰησοῦς,
2606 1514 2680 1576 ὼς
2706 1513 2771 1565 δι’
2794 1513 3028 1583 ὀργάνου
3061 1511 3154 1565 τοῦ
3191 1511 3320 1563 ἰδίου
3354 1511 3623 1578 σώματος,
3657 1511 3936 1578 ἐνήργησε

2341 1604 2441 1666 τὰς
2474 1603 2820 1672 θεοσημείας.
2857 1603 2967 1654 Καὶ
3014 1603 3113 1654 οὐκ
3155 1601 3492 1672 ὲνηργῆσθαί
3545 1617 3726 1668 φαμεν
3771 1599 3938 1652 αὐτὸν

2345 1695 2468 1748 καθ’
2513 1695 2809 1763 ὁμοιότητα
2853 1694 2960 1746 τῶν
3005 1695 3204 1760 ἁγίων·
3235 1693 3448 1744 ἀνόσιον
3482 1692 3590 1759 γάρ
3616 1689 3792 1753 τοῦτο,
3840 1690 3939 1741 καὶ

2345 1785 2553 1853 ἀπηχὲς
2583 1784 2803 1854 κομιδῇ.
2837 1785 2898 1836 El
2930 1785 2987 1836 δὲ
3019 1763 3113 1835 κᾷι
3144 1785 3366 1853 ήγειρεν
3400 1785 3464 1835 ὲκ
3490 1782 3700 1851 νεκρῶν
3733 1780 3939 1833 ἑαυτοῦ

2343 1874 2404 1925 τὸ
2440 1874 2620 1942 σῶμα,
2652 1873 2788 1924 καθὸ
2831 1874 2924 1924 καὶ
2955 1873 3089 1941 ζωὴ,
3118 1873 3214 1922 καὶ
3246 1871 3511 1934 ζωοποιός
3556 1873 3728 1933 ἐστιν,
3771 1870 3943 1933 αὐτὸς

2345 1963 2537 2016 ἑαυτὸν
2567 1962 2804 2027 δοξάζων
2830 1963 3043 2029 ὁρᾶται,
3077 1959 3343 2023 ζωοποιὸν
3372 1961 3660 2030 ἀποφήνας
3681 1960 3782 2028 τὴν
3810 1961 3944 2013 ἐαυ-

2344 2053 2439 2105 τοῦ
2475 2051 2657 2119 φύσιν,
2693 2053 2785 2102 καὶ
2823 2052 2922 2118 οὐχ
2969 2051 3140 2120 ἑτέρῳ
3175 2051 3282 2103 τινὶ
3317 2053 3446 2120 παρ’
3477 2050 3670 2103 ἑαυτὸν
3711 2049 3812 2120 τὴν
3848 2050 3947 2103 ἐπὶ

2345 2141 2504 2194 τοῦτο
2535 2153 2559 2191 P
2593 2143 2914 2210 κεχάρισται
2940 2143 3116 2205 δόξαν.
3152 2143 3262 2193 Καὶ
3290 2141 3419 2209 γοῦν
3450 2141 3657 2209 ἔφασκε
3685 2141 3826 2211 πρὸς
3855 2140 3949 2193 τὸν

2347 2235 2403 2284 ὲν
2442 2233 2690 2302 οὐρανοῖς
2723 2233 2960 2300 Πατέρα,
2997 2233 3091 2285 καλ¹
3131 2232 3299 2283 Θεόν·
3329 2252 3344 2281 ι
3380 2233 3582 2302 Πάτερ,
3613 2231 3843 2298 δόξασόν
3879 2251 3950 2303 με

2346 2325 2411 2390 τῇ
2447 2322 2596 2390 δόξῃ,
2724 2318 2870 2390 εἶχον
2905 2324 3013 2391 πρὸ
3059 2321 3154 2374 τοῦ
3199 2321 3292 2373 τὸν
3341 2323 3547 2391 κόσμον
3597 2317 3738 2373 εἶναι
3789 2321 3952 2392 παρά

2349 2410 2450 2463 σοί.
2497 2431 2513 2460 ι
2557 2411 2749 2463 Καίτοι
2788 2414 2880 2463 καὶ
2911 2412 3042 2473 Θεός
3073 2414 3207 2473 ἐστι,
3265 2411 3358 2462 καὶ
3393 2412 3457 2462 ἐκ
3487 2409 3622 2462 Θεοῦ
3667 2408 3812 2462 κατά
3845 2409 3954 2476 φύ-

2351 2518 2454 2563 σιν,
2494 2503 2585 2553 καὶ
2627 2503 2728 2569 τῆς
2763 2501 2924 2570 δόξης
2951 2501 3173 2571 Κύριος.
3211 2496 3340 2552 Εἶτα
3371 2501 3487 2563 πῶς
3518 2500 3592 2562 ὡς
3617 2500 3778 2570 δόξης
3827 2501 3954 2552 ἐπι-

2349 2593 2473 2661 δεὴς
2502 2593 2602 2662 τὴν
2630 2593 2966 2662 προκόσμιον
2995 2592 3159 2645 αὑτοῦ
3189 2592 3344 2656 δόξαν
3370 2594 3545 2657 aitet;
3587 2593 3809 2662 Ἐπειδὴ
3837 2591 3954 2660 γὰρ

2349 2684 2572 2750 γέγονεν
2615 2683 2923 2750 ἄνθρωπος,
2959 2685 3052 2735 καὶ
3080 2683 3165 2734 διὰ
3194 2683 3293 2750 τῆς
3322 2681 3516 2735 ἑαυτοῦ
3553 2681 3756 2752 σαρκὸς
3791 2699 3810 2732 ι
3851 2683 3956 2752 χά-

2353 2790 2458 2844 ριτι
2508 2773 2642 2825 Θεοῦ
2685 2774 2824 2842 ὑπὲρ
2868 2772 3068 2835 παντὸς
3120 2772 3384 2840 ἐγεύσατο
3429 2771 3682 2834 θανάτου,
3742 2789 3761 2822 ι
3799 2771 3956 2825 καθά

2349 2881 2515 2933 φησιν
2547 2865 2574 2915 6
2612 2865 2880 2933 μακάριος
2915 2863 3146 2929 Παῦλος,
3179 2866 3278 2933 τῆς
3309 2864 3558 2917 ἐντεῦθεν
3599 2861 3820 2926 ἀδοξίας
3857 2865 3956 2916 τὸν

2349 2954 2652 3024 ὀνειδισμὸν
2682 2955 3144 3026 παραιτούμενος,
3175 2957 3560 3025 προαναφωνεί
3577 2953 3676 3023 τὴν
3703 2954 3955 3007 ἀνάστα-

2353 3063 2459 3109 σιν,
2494 3047 2560 3098 δι’
2583 3043 2671 3115 ἧς,
2704 3048 2785 3100 ὅτι
2817 3049 2907 3098 καὶ
2931 3045 3065 3115 ζωὴ,
3103 3047 3194 3098 καὶ
3225 3047 3485 3109 ζωοποιός
3514 3049 3662 3097 ἐστιν
3691 3046 3768 3108 ὡς
3789 3046 3954 3110 Θεὸς,

2355 3133 2414 3190 εὖ
2450 3137 3059 3206 μάλατδιαγινώσκεται,
3084 3136 3230 3189 οῦτω
3257 3153 3316 3189 τε
3340 3137 3475 3207 πρὸς
3506 3138 3662 3208 ήμῶν
3693 3139 3957 3191 πιστεύε-

2355 3247 2464 3282 ται.
2523 3229 2765 3294 Ἐδόξασε
2808 3229 2989 3281 τοίνυν
3035 3229 3132 3296 οὐχ
3177 3228 3366 3298 ἕτερόν
3397 3245 3519 3280 τινα
3566 3229 3790 3298 μᾶλλον,
3834 3230 3954 3282 ἀλλ’

2356 3320 2568 3382 ἑαυτὸν,
2605 3319 2834 3372 θανάτου
2865 3320 3151 3388 κρείττονα
3195 3319 3287 3372 τὸν
3317 3321 3587 3372 ὲνωθὲντα
3623 3319 3775 3388 αὐτῷ
3804 3321 3958 3373 κατὰ

2356 3410 2613 3481 ἀλήθειαν
2642 3411 2930 3480 ἀποφήνας
2961 3410 3108 3462 ναόν.
3165 3411 3286 3462 ’Ότι
3331 3411 3388 3462 δὲ
3437 3410 3497 3461 τὸ
3544 3410 3745 3463 ἐνωθὲν
3796 3410 3958 3479 αὐτῷ

2359 3503 2519 3572 σῶμα
2546 3502 2645 3554 οὐκ
2674 3503 2881 3570 ἄψυχον
2917 3500 3038 3553 οὐδὲ
3072 3501 3232 3554 ἄνουν
3264 3498 3404 3554 εἶναι
3433 3501 3787 3570 πιστεύομεν,
3831 3501 3956 3553 ἀλλ’

2357 3593 2599 3663 ἔμψυχόν
2627 3609 2685 3644 τε
2721 3593 2815 3645 καὶ
2848 3591 3051 3657 ἔννουν,
3089 3591 3408 3654 πλειστάκις
3443 3593 3780 3661 εἰρήκαμενν

2796 3878 3388 3932 ΑΝΑΘΕΜΑΤΙΣΜΟΣ
3429 3879 3508 3930 H'.

2429 3993 2497 4045 Εί
2537 4008 2621 4054 τις
2664 3991 2840 4062 τολμᾷ
2877 3993 3058 4061 λέγειν
3100 3993 3191 4045 τὸν
3234 3992 3611 4062 ἀναληφθέντα
3656 3993 3960 4064 ἄνθρωπον

2361 4085 2904 4155 συμπροσκυνείσθαι
2933 4086 3044 4139 δεῖν
3072 4085 3152 4155 τῷ
3181 4085 3301 4154 Θεῷ
3330 4086 3509 4156 Λόγῳ,
3541 4087 3635 4140 καὶ
3685 4087 3955 4154 συνδοξά-

2357 4177 2567 4241 ζεσθαι,
2601 4176 2696 4228 καὶ
2725 4177 3192 4246 συγχρηματίζειν
3222 4177 3378 4242 Θεὸν,
3412 4177 3487 4240 ὡς
3515 4177 3702 4246 ἕτερον
3737 4178 3952 4248 ἑτέρῳο

2357 4267 2416 4320 τὸ
2446 4267 2575 4334 γὰρ,
2595 4268 2737 4330 σὺν,
2762 4267 2848 4319 ἀεὶ
2880 4267 3306 4337 προστιθέμενον
3339 4267 3496 4320 τοῦτο
3525 4269 3662 4321 νοεῖν
3697 4268 3958 4335 ἀναγκά-

2361 4374 2476 4409 σειο
2514 4356 2609 4410 καὶ
2641 4356 2761 4424 οὐχὶ
2795 4355 2858 4424 δὴ
2894 4356 3093 4424 μᾶλλον
3139 4357 3238 4425 μιᾷ
3269 4357 3635 4426 προσκυνήσει
3678 4361 3824 4427 τιμᾷ
3854 4359 3956 4411 τὸν

674 4439 854 4507 p0tius
879 4454 978 4492 una
1005 4439 1323 4493 adoratione
1353 4439 1764 4492 Emmanueletn
1786 4440 2036 4504 honorat,
2064 4456 2245 4495 unam-

2370 4451 2424 4502 ‘E
2433 4466 2469 4518 μ
2478 4447 2736 4516 μανουὴλ,
2757 4447 2848 4498 καὶ
2869 4447 2997 4514 μίαν
3016 4445 3163 4515 αὐτῷ
3180 4445 3277 4514 τὴν
3295 4447 3585 4516 ὁμολογίαν
3604 4449 3874 4502 συνάπτει
3899 4459 3953 4515 ⁴ι,

675 4545 781 4597 que
815 4530 885 4582 illi
914 4529 1365 4598 gloriﬁcationem
1396 4529 1666 4594 attribuit,
1697 4537 1968 4598 quatenus
2013 4530 2249 4586 Verbum

675 4621 873 4672 factum
907 4626 991 4670 est
1018 4631 1167 4682 caro,
1208 4617 1497 4670 anathema
1523 4615 1614 4670 sit.

1008 4726 1171 4795 226
1207 4726 1517 4781 Theodoreti
1565 4727 1914 4793 reprehensio.

745 4838 920 4891 Unam
955 4836 1199 4904 quidem,
1227 4843 1284 4889 ut
1314 4851 1457 4906 saepe
1491 4837 1623 4903 dixi,
1655 4837 2099 4906 gloriﬁcationem
2139 4836 2249 4892 Do-

672 4929 819 4984 mino
849 4927 1062 4982 Christo
1093 4927 1403 4990 tribuimus,
1437 4936 1492 4981 et
1543 4930 1717 4996 ipsum
1761 4926 1930 4982 Deum
1980 4928 2143 4982 simul
2195 4939 2251 4983 et

673 5018 946 5072 hominem
976 5016 1297 5072 conﬁtemur
1332 5033 1344 5069 :
1378 5015 1481 5070 hoc
1507 5018 1649 5070 enim
1691 5032 1788 5072 nos
1824 5017 2040 5072 unionis
2068 5018 2250 5072 docuit

673 5108 811 5163 ratio
842 5125 856 5160 :
892 5117 946 5160 at
978 5117 1293 5162 naturarum
1339 5109 1698 5176 proprietates
1739 5108 1923 5163 dicere
1966 5125 2071 5163 non
2107 5109 2244 5162 vita-

674 5200 867 5252 bimus.
895 5197 1078 5265 Neque
1102 5198 1246 5250 euim
1279 5199 1416 5251 Deus
1446 5196 1683 5251 Verbum
1715 5199 2019 5250 versionem
2051 5200 2102 5252 in
2129 5212 2246 5251 car-

740 5355 784 5384 “
825 5353 952 5406 Luc.
988 5370 1040 5420 π,
1079 5355 1162 5407 17.
1241 5355 1283 5383 ’³
1313 5352 1462 5407 Joan.
1488 5351 1617 5418 I,H.
1698 5351 1741 5382 ³ο
1781 5349 1936 5405 Joan.
1980 5366 2111 5419 xv",
2141 5353 2192 5406 5.

2357 4541 2490 4593 καθὸ
2521 4539 2711 4607 γέγονε
2747 4537 2880 4608 σὰρξ
2913 4539 2941 4590 6
2973 4537 3166 4605 Λόγος,
3195 4537 3445 4607 ἀνάθεμα
3473 4539 3633 4591 ἔστω.

2797 4730 3177 4799 Θεοδωρήτου
3211 4733 3520 4801 tit/amomi
3533 4775 3545 4786 .

2425 4837 2568 4890 Μίαν
2598 4838 2719 4907 μὲν,
2748 4839 2822 4902 ὼς
2855 4840 3110 4902 πολλάκις
3137 4841 3294 4910 ἔφην,
3317 4841 3415 4910 τὴν
3437 4840 3744 4910 δοξολογίαν
3772 4863 3953 4914 προσ-

2356 4929 2594 4997 φέρομεν
2626 4931 2702 4999 τῷ
2737 4932 2983 5003 Δεσπότῃ
3035 4931 3276 5004 Χριστῷ,
3331 4933 3424 4985 καὶ
3471 4933 3562 4986 τὸν
3595 4935 3760 4988 αὑτὸν
3811 4937 3954 4992 Θεὸν

2354 5019 2510 5087 ὁμοῦ,
2547 5022 2640 5071 καὶ
2667 5021 2952 5092 ἄνθρωπον
2981 5023 3369 5094 ὁμολογοῦμεν,
3406 5023 3564 5077 τοῦτο
3592 5025 3700 5097 γὰρ
3732 5029 3891 5097 ἡμᾶς
3925 5032 3954 5081 ὁ

2353 5109 2453 5177 τῆς
2471 5109 2716 5174 ὲνώσεως
2735 5113 2937 5178 ἐδίδαξε
2968 5115 3146 5182 λόγος,
3175 5115 3282 5169 τῶν
3299 5116 3354 5168 δὲ
3375 5117 3591 5186 φύσεων
3607 5119 3707 5182 τὰς
3741 5119 3951 5192 ἰδιότη-

2355 5218 2449 5262 τας
2467 5202 2526 5254 οὐ
2557 5206 3018 5275 παραιτησόμεθα
3035 5206 3236 5274 λέγειν.
3277 5208 3411 5263 Οῠτε
3428 5209 3536 5281 γὰρ
3556 5212 3583 5265 6
3610 5209 3744 5276 Θεὸς
3765 5213 3949 5285 Λόγος

2268 5355 2306 5383 ³¹
2352 5353 2368 5405 l
2398 5354 2520 5408 Cor.
2567 5371 2627 5419 ιι,
2659 5357 2710 5410 8.
2789 5359 2836 5388 "
2864 5359 3026 5415 Hebr.
3065 5375 3123 5428 ll,
3157 5361 3209 5417 9.

1692 5505 1862 5560 Varia:
1895 5505 2155 5561 lectiones
2180 5521 2244 5560 ex
2277 5510 2460 5565 codice
2494 5509 2872 5581 Seguieriauo.

742 5678 770 5704 ιλ
800 5667 1105 5735 ἐνεργῆσαι.
1189 5674 1212 5699 ⁰
1253 5664 1471 5734 νοοῦμεν
1502 5665 1580 5718 ἐν.
1658 5675 1682 5714 P
1714 5663 1904 5734 τούτῳ.

1986 5675 2010 5712 τι
2036 5665 2366 5738 ἀναπέμπει.
