4042 6448
122 353 206 406 L29
680 349 1202 409 APOLOGETICUS
1238 352 1514 408 CONTRA
1558 345 2081 405 THEODORETUM
2123 338 2256 396 Ι)Πο
2297 344 2387 399 XI!
2426 341 2816 398 CAPITIBUS.

3247 317 3354 396 430'

123 463 201 531 τὴν
231 462 309 525 εἰς
343 461 530 532 σάρκα
561 463 764 532 τροπὴν
795 463 1028 529 ἐδέξατο,
1053 465 1177 518 οὔτε
1206 467 1369 520 πάλιν
1399 468 1428 519 ό
1474 464 1681 536 ἄνθρω-

1795 475 1904 514 nem
1933 459 2160 526 accepit,
2176 471 2350 526 neque
2367 457 2606 511 vicissim
2631 457 2812 516 homo,
2831 454 3029 508 amisso
3049 455 3187 522 quod
3211 464 3354 516 erat.

123 569 203 614 cro;
243 551 502 604 ἀπώλεσε
535 553 633 621 μὲν
686 553 714 604 δ
745 549 835 623 ἦν,
883 559 962 618 εἰς
1011 557 1194 628 δὲτὴν
1223 559 1318 610 τοῦ
1355 557 1488 609 Θεοῦ
1524 559 1684 625 φύσιν

122 640 438 711 μετεϐλήθη.
467 641 679 694 Οὐκοῦν
712 644 981 715 ἑκατέρας
1010 647 1226 715 φύσεως
1257 647 1326 700 τὰ
1354 648 1458 698 ῖδια
1506 648 1685 713 λέγον-

119 747 211 792 τες,
235 730 328 782 τὸν
369 730 652 798 Δεσπότην
684 735 1091 805 προσκυνοῦμεν
1119 738 1374 807 Χριστόν.

572 859 880 925 Κυρίλλου
912 862 1230 934 ἀπολογία.

186 969 380 1037 Ἡμεῖς
424 969 504 1030 δὲ,
552 964 598 1022 ὦ
643 971 777 1036 ’τάν,
827 973 878 1026 οἱ
905 974 975 1027 τὰ
1004 976 1215 1044 ἀμείνω
1247 993 1308 1028 τε
1352 977 1444 1029 καὶ
1492 978 1685 1046 ἀληθέ-

119 1077 270 1112 στατα
317 1069 340 1096 τ
391 1063 613 1130 φρονεῖν
661 1064 929 1130 εἰωθότες,
966 1067 1060 1118 καὶ
1094 1067 1418 1137 ίσχνοτέρων
1469 1070 1685 1121 ἐννοιῶν

118 1150 401 1218 ἁπτόμενοι
451 1150 594 1219 πρὸς
624 1152 726 1221 τὴν
770 1154 864 1206 τοῦ
917 1157 1216 1225 μυστηρίου
1271 1157 1597 1227 διασάφησίν
1625 1176 1684 1210 τε

116 1242 194 1292 καὶ
224 1242 434 1310 εἴδησιν
466 1243 804 1312 ἀκριϐῆ,καὶ
836 1247 975 1299 κατά
1005 1264 1069 1313 γε
1089 1248 1150 1300 τὸ
1177 1251 1290 1310 τοῖς
1321 1249 1484 1319 ἱεροῖς
1506 1248 1687 1317 Γράμ-

118 1348 233 1398 μασι
269 1332 493 1395 δοκοῦν,
543 1334 639 1386 καὶ
687 1337 806 1397 ταῖς
858 1336 964 1389 τῶν
1009 1338 1179 1404 ἁγίων
1219 1339 1478 1407 Πατέρων
1512 1341 1683 1390 ἐπιειο

115 1424 295 1484 κεξαις,
348 1425 452 1477 οὐκ
487 1425 775 1494 ἄνθρωπον
819 1428 1142 1498 ἀνειλῆφθαι
1193 1450 1372 1501 φαμεν
1409 1432 1558 1502 παρὰ
1591 1433 1684 1486 τοῦ

113 1515 233 1565 Θεοῦ
264 1516 469 1581 Λόγου,
505 1517 776 1585 συνῆφθαι
812 1535 870 1569 τε
898 1522 991 1571 καὶ
1025 1523 1168 1574 κατά
1202 1523 1383 1592 σχέσιν
1410 1523 1560 1592 αὐτῷ
1589 1523 1685 1593 τὴν

112 1604 335 1673 θύραθεν
371 1608 790 1678 ὲπινοουμένην.
830 1609 1150 1680 ’Ἄνθρωπον
1183 1612 1237 1664 δὲ
1273 1612 1474 1682 μᾶλλον
1521 1613 1684 1666 αὑτὸν

111 1696 354 1761 γενέσθαι
387 1698 759 1766 διοριζόμεθα.
793 1700 1010 1769 Ταύτης
1049 1719 1110 1753 τε
1155 1703 1317 1755 ’ἑνεκα
1366 1703 1467 1772 τῆς
1509 1705 1686 1765 αίτίας

111 1788 205 1838 τῷν
260 1790 360 1855 τῆς
419 1789 710 1852 εὐσεϐείας
765 1789 1048 1860 δογμάτων
1103 1793 1454 1861 ἐξεστηκέναι
1504 1793 1682 1862 φαμὲν

109 1881 219 1941 τοὺς
246 1879 572 1947 τολμῶντας
598 1881 779 1947 λέγειν
824 1882 914 1933 τὸν
944 1882 1315 1951 ἀναληφθέντα
1361 1883 1642 1952 ἄνθρωπον
1667 1925 1681 1946 ,

109 1966 290 2032 λρῆναί
330 1983 394 2016 τε
436 1966 955 2035 διαϐεϐαιουμένους
986 1969 1165 2033 αὑτὸν,
1197 1971 1271 2032 ὡς
1299 1972 1486 2039 ἕτερον
1517 1972 1686 2041 ἑτέρῳ

112 2055 646 2124 σνμπροσκυνεῖσθαι
697 2056 810 2108 δεῖν
847 2057 925 2125 τῷ
976 2057 1087 2125 Υἱῷ
1116 2058 1208 2109 τοῦ
1257 2059 1412 2112 Θεοῦ.
1468 2060 1529 2110 Ei
1580 2061 1686 2127 γάρ

109 2148 242 2197 ἐστιν
274 2149 301 2197 ὁ
341 2147 509 2208 αὐτὸς
538 2147 671 2208 Θεός
701 2165 759 2199 τε
796 2147 952 2216 ὁμοῦ,
986 2148 1080 2200 καὶ
1114 2149 1420 2217 ἄνθρωπος,
1451 2166 1688 2217 προσκυ-

109 2239 261 2289 νεῖται
304 2238 514 2306 μᾶλλον
546 2239 620 2299 ὡς
671 2235 752 2300 εἷς
804 2240 1171 2308 προσκυνήσει
1217 2241 1335 2308 μιᾷ,
1382 2240 1501 2309 οὐχὶ
1553 2256 1688 2307 συμ-

112 2332 515 2395 προσκυνεῖται,
565 2330 658 2380 καὶ
689 2329 1122 2400 συγχρηματίζει
1173 2331 1324 2392 Θεός·
1372 2330 1457 2383 ἵνα
1490 2331 1563 2398 μὴ
1595 2331 1686 2382 ἅν-

109 2420 314 2484 θρωπος
345 2419 539 2480 ἁπλῶς
571 2414 710 2470 εἷναι
752 2420 1095 2490 πιστεύηται,
1130 2421 1308 2482 κοινός
1350 2437 1409 2471 τε
1445 2421 1536 2472 καὶ
1567 2421 1686 2472 καθ’

106 2511 238 2577 ἡμᾶς
263 2511 291 2560 ὁ
326 2509 706 2579 Ἐμμανουὴλ,
734 2510 883 2573 θείας
903 2527 962 2562 τε
989 2511 1147 2578 δόξης
1175 2517 1525 2580 μετεσχηκὼς
1549 2513 1688 2564 κατά

107 2601 269 2667 χάριν·
331 2599 681 2668 ὁμολογῆται
770 2600 825 2652 δὲ
886 2601 1085 2670 μᾶλλον
1140 2601 1269 2663 Θεὸς
1320 2603 1377 2651 ἐν
1427 2603 1591 2672 σαρκὶ
1623 2602 1686 2653 δι’

106 2691 260 2757 ἡμᾶς,
303 2691 431 2758 ἦτοι
482 2691 626 2742 κατὰ
675 2689 931 2759 ἀλήθειαν
977 2692 1260 2762 ἄνθρωπος
1308 2691 1565 2760 γεγονώς·
1624 2693 1686 2744 ού

109 2787 434 2853 μεταστάσει
459 2784 677 2851 φύσεως
709 2787 774 2853 τῇ
808 2786 948 2837 κατά
982 2784 1282 2846 ἀλλοίωσιν,
1323 2786 1417 2835 καὶ
1462 2784 1686 2856 τροπὴν,

106 2878 207 2928 ἀλλ’
240 2876 500 2938 ἑνώσεως
532 2877 838 2946 οἰκονομίᾳ.

535 3011 1129 3066 ΑΝΑΘΕΜΑΤΙΣΜΟΣ
1181 3013 1257 3068 9'.

169 3123 234 3175 Εἴ
256 3123 342 3185 τες
375 3139 533 3192 φησι,
557 3123 651 3175 τὸν
676 3123 772 3176 ἕνα
805 3124 1006 3194 Κύριον
1045 3126 1250 3196 Ἰησοῦν
1277 3128 1510 3198 Χριστὸν
1537 3128 1690 3192 δοξά-

107 3214 284 3276 ζεσθαι
321 3222 345 3250 ⁸
385 3215 542 3284 παρὰ
571 3214 665 3266 τοῦ
705 3215 1043 3284 Πνεύματος,
1078 3218 1153 3280 ὡς
1182 3218 1436 3288 ἀλλοτρίᾳ
1465 3220 1692 3288 δυνάμει

105 3309 162 3373 τῇ
194 3305 300 3374 ἰδίᾳ
329 3303 507 3357 αὑτοῦ
547 3305 850 3374 χρώμενον,
888 3307 981 3359 καὶ
1017 3308 1149 3374 παρ’
1181 3308 1344 3360 αὐτοῦ
1375 3307 1604 3361 λαϐόντα
1633 3309 1693 3360 τὸ

106 3398 344 3466 ἐνεργεῖν
382 3394 650 3447 δύνασθαι
683 3395 822 3448 κατά
857 3398 1178 3466 πνευμάτων
1221 3397 1566 3468 ἀκαθάρτων,
1599 3396 1693 3449 καὶ

105 3486 160 3538 τὸ
191 3484 444 3555 πληροῦν
472 3486 554 3546 εἰς
584 3484 904 3554 ἀνθρώπους
935 3486 1032 3549 τὰς
1058 3487 1406 3557 θεοσημείας,
1441 3490 1533 3541 καὶ
1574 3490 1694 3558 οὐχὶ

106 3575 161 3644 δὴ
193 3576 404 3646 μᾶλλον
441 3575 575 3628 [διον
620 3575 788 3627 αὑτοῦ
829 3575 887 3628 τὸ
935 3577 1160 3647 Πνεῦμά
1200 3595 1354 3648 φησι⁹
1400 3579 1466 3631 δι’
1498 3573 1557 3631 οὗ
1598 3580 1690 3630 καὶ

107 3666 378 3736 ἐνήργησε
418 3665 521 3727 τὰς
565 3664 928 3729 θεοστδιιεέαςο
963 3667 1210 3737 ἀνάθεμα
1249 3669 1409 3722 ἔστω.

539 3864 916 3931 Θεοδωρήτου
952 3866 1277 3933 ἁνατροπή.

185 3999 465 4054 Ἐνταῦθα
506 4000 696 4068 σαφῶς
728 3998 787 4052 οὐ
825 3999 950 4063 τοὺς
983 3998 1078 4052 νῦν
1110 3998 1466 4062 εὐσεϐοῦντας
1507 4001 1691 4070 μόνον,

107 4093 236 4144 ἀλλὰ
269 4093 370 4146 καὶ
399 4092 533 4153 τοὺς
564 4091 734 4142 πάλαι
759 4091 1154 4159 γεγενημένους
1183 4092 1427 4160 κήρυκας
1449 4091 1546 4160 τῆς
1566 4093 1699 4163 ἀληο

109 4183 273 4247 θείας,
309 4183 410 4236 καὶ
451 4181 652 4244 αὐτοὺς
683 4182 809 4242 τοὺς
836 4180 943 4232 τῶν
977 4179 1132 4232 θείων
1179 4179 1524 4247 Εὑαγγελίων
1569 4198 1698 4248 συγ-

107 4276 380 4344 γραφέας,
403 4275 501 4326 καὶ
518 4273 610 4324 τὸν
630 4273 735 4325 τῶν
751 4272 910 4341 ἱερῶν
931 4272 1242 4325 ἀποστόλων
1260 4273 1435 4342 χορὸν,
1458 4273 1548 4324 καὶ
1564 4274 1698 4342 πρὸς

107 4365 316 4426 τούτοις
349 4364 392 4415 Γ
396 4363 600 4432 αϐριὴλ
630 4363 722 4414 τὸν
747 4363 1085 4432 ἀρχάγγελον
1106 4363 1524 4430 ἀναθεματίζειν
1553 4363 1699 4415 ἐτόλ-

111 4473 267 4524 μησε.
305 4454 419 4506 Τὸν
455 4460 471 4488 ι
511 4455 619 4522 γὰρ
654 4453 794 4504 κατά
826 4454 1003 4522 σάρκα
1033 4452 1266 4521 Χριστὸν
1295 4455 1358 4504 ὲκ
1385 4453 1697 4521 Πνεύματος

110 4545 261 4608 ἁγίου
297 4540 674 4610 γεγεννῆσθαι
710 4540 923 4610 πρῶτος
953 4540 1158 4602 ἐκεῖνος
1187 4541 1279 4593 καὶ
1314 4541 1417 4610 πρὸ
1443 4542 1538 4609 τῆς
1575 4542 1698 4593 συλ-

108 4630 324 4699 λήψεως
351 4630 618 4700 ἐκήρυξε,
649 4631 743 4683 καὶ
775 4630 912 4699 μετὰ
944 4631 1039 4700 τὴν
1082 4630 1342 4700 σύλληψιν
1371 4631 1460 4683 τὸν
1501 4632 1694 4701 Ἰωσὴφ

110 4721 336 4786 ἐδίδαξε·
404 4720 547 4790 πρὸς
598 4721 695 4789 μὲν
740 4721 836 4790 τὴν
880 4721 1095 4788 Μαρίαν
1143 4721 1468 4790 ἐρωτῶσαν’
1509 4739 1527 4772 ι
1574 4721 1696 4783 Πῶς

113 4812 255 4863 ἔσται
290 4827 394 4880 μοι
435 4809 615 4875 τοῦτο,
651 4811 771 4863 ἐπεὶ
805 4810 972 4880 ἄνδρα
1009 4811 1070 4863 οὐ
1104 4811 1387 4878 γινώσκω;
1429 4830 1447 4862 ›
1485 4810 1692 4877 λέγων·

117 4917 134 4948 ι
172 4901 412 4968 Πνεῦμα
461 4900 620 4966 ἆγιον
671 4901 1017 4953 ἐπελεύσεται
1062 4902 1152 4952 ἐπὶ
1201 4902 1278 4964 σὲ,
1331 4902 1423 4953 καὶ
1471 4901 1697 4969 δύναμις

123 4990 389 5060 Ὑψίστου
409 4991 724 5044 ἐπισκιάσει
749 5009 848 5044 σοι·
873 4992 952 5044 διὸ
966 4993 1060 5044 καὶ
1085 4992 1142 5044 τὸ
1161 4991 1496 5059 γεννώμενον
1517 4992 1668 5058 ἅγιον
1682 5029 1695 5050 ,

114 5084 453 5154 κληθήσεται
486 5082 614 5143 Υἱὸς
640 5081 798 5134 Θεοῦο
840 5101 856 5132 ι
907 5083 1039 5152 πρὸς
1066 5083 1123 5135 δὲ
1154 5081 1243 5134 τὸν
1291 5081 1516 5150 Ἰωσήφ·
1559 5101 1576 5129 ι
1610 5081 1700 5150 Μὴ

117 5172 363 5242 φοὸηθῇς
405 5170 746 5240 παραλαϐεῖν
792 5173 1023 5242 Μαριὰμ
1052 5173 1150 5242 τὴν
1192 5174 1424 5238 γυναῖκά
1459 5188 1550 5223 σου
1575 5188 1587 5200 ·
1641 5172 1698 5226 τὸ

118 5263 220 5333 γὰρ
253 5266 312 5314 ἐν
344 5262 488 5330 αὐτῇ
522 5261 804 5330 γεννηθὲν,
842 5264 904 5314 ἐκ
935 5263 1247 5331 Πνεύματός
1277 5264 1423 5314 ἐστιν
1457 5263 1632 5328 ἁγίου.
1673 5278 1691 5312 ν

191 5419 233 5451 ³³
263 5419 400 5472 Luc.
449 5431 488 5475 ι,
530 5415 621 5477 34,
653 5414 740 5467 35.
826 5416 868 5445 ³⁵
897 5415 1083 5470 Matth.
1121 5431 1158 5483 ι,
1202 5416 1288 5468 20.

1791 551 1842 601 in
1887 559 2132 602 naturam
2180 547 2270 599 Dei
2307 554 2696 600 transmutatus
2731 555 2830 598 est.
2870 543 3038 612 Igitur
3075 544 3357 612 utriusque

1788 648 1991 692 natura:
2038 637 2397 706 proprietates
2435 638 2697 697 dicentes,
2750 634 3034 688 Dominum
3075 633 3356 689 Christum

1786 728 2093 780 adoramus.

2335 863 2521 933 Cyrilli
2557 865 2809 934 defensio.

1855 979 1924 1030 At
1958 994 2071 1042 nos,
2120 979 2204 1032 vir
2235 978 2454 1042 eximie,
2501 978 2716 1034 meliora
2763 980 3084 1047 verioraque
3127 979 3352 1034 credere

1787 1069 2008 1130 assueti,
2036 1071 2122 1136 qui
2148 1070 2458 1123 subtiliores
2487 1070 2787 1123 intellectus
2819 1070 2881 1123 ad
2906 1079 3219 1124 accuratam
3268 1085 3355 1124 sa-

1785 1159 2046 1210 cramenti
2080 1158 2234 1224 hujus
2259 1159 2751 1212 tnanifestationem
2784 1169 2836 1211 et
2866 1159 3224 1225 cognitionem
3263 1167 3348 1211 at—

1786 1249 2062 1315 tingimus,
2088 1249 2388 1303 secundum
2419 1251 2560 1316 quod
2597 1249 2766 1302 sacris
2798 1247 3097 1315 Scripturis
3124 1258 3179 1301 et
3220 1262 3352 1301 san-

1786 1348 1993 1391 ctorum
2041 1338 2260 1392 Patrum
2310 1343 2481 1408 mquis
2530 1339 3070 1409 interpretationibus
3117 1339 3354 1405 videtur,

1787 1444 1891 1482 non
1924 1429 2195 1481 hominem
2229 1438 2562 1496 assumptum
2599 1445 2722 1484 esse
2745 1430 2974 1482 dicimus
3011 1442 3039 1480 a
3074 1425 3180 1480 Deo
3218 1424 3358 1480 Ver-

1786 1517 1877 1580 bo,
1911 1526 1964 1572 et
1995 1517 2301 1586 copulatum
2335 1520 2407 1573 illi
2434 1523 2726 1574 secundum
2753 1518 3125 1573 habitudinem
3166 1531 3364 1586 quam-

1784 1609 1908 1662 dam
1946 1610 2288 1663 extrinsecus
2318 1613 2708 1678 excogitatam.
2744 1611 2838 1665 sed
2873 1609 3146 1663 hominem
3183 1608 3364 1676 potius

1785 1714 1906 1752 eum
1960 1699 2158 1752 factum
2193 1713 2314 1753 esse
2361 1701 2687 1766 deﬁnimus;
2736 1711 2792 1754 et
2841 1701 2982 1754 hanc
3039 1702 3108 1754 ob
3138 1713 3362 1753 causam

1785 1791 2053 1845 excidisse
2090 1806 2117 1844 a
2160 1793 2362 1861 pietate
2393 1792 2700 1861 dogmatum
2744 1806 2858 1857 eos,
2907 1792 2997 1860 qui
3034 1792 3234 1845 audent
3269 1790 3355 1843 di-

1789 1896 1911 1935 cere
1941 1893 2273 1948 assumptum
2301 1897 2419 1937 esse
2451 1893 2503 1937 et
2538 1897 2782 1938 asserere
2817 1882 3089 1935 hominem
3127 1881 3365 1934 adoran-

1789 1973 1912 2024 dum
1939 1987 2058 2024 cum
2096 1972 2234 2026 Filio
2269 1972 2384 2032 Dei,
2419 1983 2476 2026 ut
2505 1973 2734 2026 alterum
2772 1987 2894 2025 cum
2925 1971 3117 2025 altero.
3148 1969 3280 2023 Nam
3314 1970 3362 2024 si

1789 2062 2004 2129 quidem
2045 2062 2160 2125 ipse
2190 2063 2328 2116 Deus
2355 2065 2513 2115 simul
2549 2074 2603 2117 et
2649 2066 2831 2123 homo,
2861 2072 2912 2115 et
2941 2063 3198 2114 adoratur
3226 2061 3366 2114 sicut

1793 2166 1932 2204 unus
1973 2153 2289 2205 adorationc
2335 2167 2466 2212 una,
2511 2162 2563 2204 ct
2604 2167 2708 2205 non
2754 2151 3081 2204 coadoratur
3113 2160 3167 2203 et
3205 2150 3367 2203 simul

1791 2241 2087 2310 appellatur
2122 2242 2264 2295 Deus
2311 2259 2321 2291 :
2359 2256 2422 2293 ne
2452 2238 2766 2293 Emmanuel
2791 2239 3042 2291 credatur
3064 2250 3181 2291 esse
3206 2238 3368 2290 homo

1791 2333 2108 2402 simpliciter
2152 2341 2206 2386 et
2240 2332 2544 2385 communis
2576 2331 2716 2384 sicut
2748 2344 2864 2391 nos,
2909 2339 2962 2383 et
2991 2342 3086 2396 per
3129 2329 3359 2398 gratiam

1790 2425 1985 2478 divina:
2014 2424 2198 2492 gloria:
2226 2423 2536 2492 particeps;
2577 2421 2668 2473 sed
2707 2419 3060 2472 conﬁteantur
3094 2417 3241 2470 illum
3271 2431 3367 2485 po-

1791 2516 1895 2567 tius
1925 2515 2092 2568 Deum
2120 2513 2177 2568 in
2217 2527 2380 2569 carne
2409 2521 2628 2580 prepter
2658 2524 2776 2572 nos,
2808 2509 2858 2562 id
2891 2517 2992 2570 est,
3031 2522 3155 2562 vere
3185 2507 3364 2560 homi-

1795 2618 1912 2656 nem
1970 2601 2208 2664 factum,
2271 2617 2374 2655 non
2438 2599 2736 2654 mutatione
2807 2605 3009 2651 natura;
3070 2600 3366 2652 secundum

1795 2692 2168 2746 alterationem
2215 2701 2270 2745 et
2319 2691 2645 2754 versionem,
2693 2689 2792 2743 sed
2827 2688 3044 2744 unionis
3085 2687 3366 2756 dispensa-

1790 2785 1961 2838 tione.

2192 2999 2831 3057 ANATHEMATISMUS
2871 2999 2962 3054 ΙΧ,

1869 3114 1922 3169 Si
1954 3114 2074 3183 quis
2097 3130 2261 3168 unum
2290 3115 2574 3169 Dominum
2597 3113 2783 3168 Iesum
2809 3113 3084 3168 Christum
3109 3126 3135 3165 a
3167 3111 3370 3181 Spiritu

1800 3206 2153 3260 clariﬁcatum
2184 3206 2404 3272 dixerit,
2428 3206 2644 3275 propria
2664 3205 2863 3258 virtute
2895 3203 3086 3272 ipsius,
3115 3212 3371 3272 tanquam

1796 3297 1970 3352 aliena
1998 3305 2270 3363 utentem;
2302 3312 2366 3351 ac
2395 3298 2503 3350 vim
2533 3304 2587 3351 et
2609 3295 2901 3350 efﬁcaciam
2944 3297 3012 3349 ab
3052 3297 3240 3350 eodem
3277 3311 3372 3350 ac-

1797 3387 2029 3454 cepisse,
2061 3400 2166 3453 qua
2197 3394 2386 3439 contra
2424 3387 2730 3440 immundos
2765 3385 2992 3454 Spiritus
3027 3395 3370 3456 Operaretur,

1794 3485 1849 3531 et
1876 3477 2052 3531 divina
2078 3478 2220 3531 inter
2245 3478 2490 3532 homines
2516 3476 2679 3547 227
2714 3477 2974 3532 miracula
3004 3488 3267 3546 patraret,
3309 3493 3374 3534 ac

1797 3581 1902 3620 non
1928 3566 2106 3633 potius
2137 3567 2312 3634 ipsum
2346 3566 2630 3636 Spiritum,
2663 3582 2758 3635 per
2802 3582 2963 3637 quem
3006 3569 3184 3623 divina
3222 3569 3373 3640 signa

1796 3657 1986 3721 edidit,
2015 3656 2160 3711 illius
2186 3658 2465 3727 proprium
2486 3672 2606 3714 esse
2634 3658 2916 3714 confessus
2945 3660 3125 3726 fuerit,
3145 3662 3372 3716 anathe—

1797 3760 1885 3802 ma
1916 3748 2002 3802 sit.

2237 3860 2549 3913 Theodoreti
2588 3833 2937 3928 reprehensio.

1874 3991 1972 4046 Hic
2018 3992 2305 4048 manifeste
2358 3994 2824 4048 anathematizare
2873 3996 3217 4064 praesumpsit
3270 4009 3375 4050 non

1800 4098 1894 4138 eos
1923 4085 2081 4138 modo
2104 4086 2195 4154 qui
2227 4101 2369 4140 nunc
2394 4087 2478 4155 pie
2501 4089 2764 4150 sentiunt,
2798 4088 2889 4140 sed
2922 4096 2976 4140 et
3004 4102 3096 4142 eos
3124 4087 3215 4156 qui
3244 4087 3375 4140 olim

1802 4175 2045 4227 veritatis
2081 4175 2231 4230 fuere
2270 4191 2565 4245 praecones,
2602 4186 2765 4246 atque
2791 4178 2925 4231 adeo
2959 4178 3101 4244 ipsos
3130 4176 3379 4246 Evange-

1803 4267 1995 4320 liorum
2023 4269 2342 4335 scriptores,
2379 4277 2804 4336 sanctorumque
2840 4268 3206 4336 apostolorum
3245 4272 3378 4324 cho-

1803 4373 1943 4423 rum,
1973 4368 2027 4412 et
2063 4358 2364 4413 Gabrielem
2410 4360 2811 4428 archangelum.
2858 4360 3071 4414 Primus
3098 4364 3243 4417 enim
3290 4363 3380 4416 ille

1803 4450 2077 4504 Christum
2115 4451 2205 4517 qui
2261 4454 2568 4505 secundum
2625 4465 2847 4505 carnem
2903 4460 2989 4505 est
3046 4466 3112 4505 ex
3171 4451 3380 4519 Spiritu

1803 4550 1988 4594 sancto
2022 4549 2205 4594 natum
2239 4555 2381 4602 esse,
2416 4541 2577 4609 idque
2625 4551 2749 4594 ante
2791 4541 3200 4607 conceptionem
3237 4557 3380 4610 prae-

1803 4631 2020 4696 dicavit,
2052 4639 2108 4684 et
2140 4639 2262 4698 post
2293 4631 2701 4698 conceptionem
2735 4632 2910 4697 ipsunt
2938 4629 3135 4699 Joseph
3163 4630 3380 4695 docuit;

1805 4719 1986 4774 Maria:
2022 4721 2239 4789 quidem
2281 4721 2493 4790 roganti
2527 4738 2570 4774 ε(
2611 4719 2895 4783 Quomodo
2927 4722 3031 4776 erit
3076 4723 3206 4776 mihi
3256 4725 3380 4786 hoc,

1803 4810 2058 4876 quoniam
2088 4812 2261 4865 virum
2290 4827 2396 4867 non
2431 4813 2740 4882 cognosco?
2775 4830 2791 4860 ι
2831 4814 3015 4867 dicens
3046 4829 3061 4864 :
3094 4832 3111 4864 ‹
3141 4813 3381 4883 Spiritus

1805 4910 2026 4955 sanctus
2057 4903 2403 4972 superveniet
2434 4903 2484 4956 in
2509 4913 2580 4968 te,
2614 4912 2666 4956 et
2689 4904 2861 4957 virtus
2885 4904 3149 4958 Altissimi
3183 4906 3380 4959 obum-

1817 4992 1994 5046 brabit
2030 4994 2159 5056 tibi;
2198 4993 2425 5062 ideoque
2457 4995 2671 5061 etquod
2707 5007 2956 5049 nascetur
2991 5005 3260 5059 sanctum,
3288 5010 3381 5048 vo-

1813 5082 2023 5135 cabitur
2065 5083 2232 5139 Filius
2275 5087 2368 5140 Dei
2408 5087 2472 5138 ³³.
2514 5105 2532 5136 ι
2575 5087 2655 5140 Ad
2694 5085 2893 5153 Joseph
2929 5095 3104 5138 autem
3151 5086 3325 5152 inquit
3363 5105 3377 5138 :

1813 5189 1830 5220 ι
1864 5171 1938 5224 Nc
1969 5174 2158 5229 timeas
2188 5177 2434 5247 accipere
2465 5176 2683 5230 Mariam
2715 5182 2992 5245 conjugem
3020 5184 3161 5228 tuam
3190 5192 3202 5228 :
3232 5178 3377 5243 quod

1807 5263 1950 5317 enim
1984 5265 2036 5318 in
2072 5280 2133 5319 ea
2167 5276 2355 5322 natum
2405 5277 2509 5334 est,
2554 5285 2620 5321 ex
2657 5269 2859 5336 Spiritu
2889 5276 3076 5323 sancto
3114 5277 3199 5322 est
3228 5266 3306 5331 “;
3348 5285 3367 5318 ι

1164 5570 1333 5623 Varia:
1364 5569 1619 5626 lectiones
1648 5584 1708 5625 ex
1741 5569 1921 5624 codice
1957 5569 2229 5640 Segnieria
2243 5587 2327 5627 no.

198 5740 220 5767 '
254 5731 618 5802 ἀληθέστερα.
698 5733 718 5759 ⁶
755 5722 1084 5789 δεδοξάσθαι.
1170 5724 1181 5756 ¹
1215 5724 1293 5776 τό.
