4042 6438
661 328 758 383 151

1655 324 1712 377 S.
1747 321 2028 378 CYRlLlJ
2080 320 2551 377 ALEXANDRINI
2586 324 2907 381 ARCHIEP.

3801 337 3914 390 652

661 450 714 494 et
759 440 1086 511 evangelista
1126 460 1137 496 :
1183 462 1201 494 ι
1251 443 1387 497 Cum
1436 450 1603 505 esset,
1662 441 1857 509 inquit,
1906 440 2226 507 desponsata

2333 437 2441 492 Kal.
2466 442 2495 493 6
2517 441 2906 512 εὑαγγελιστής
2930 456 2943 470 ⁸
2996 461 3013 493 ι
3050 444 3491 515 Μνηστευθείσης
3516 447 3593 511 δε,
3626 449 3779 517 φησὶ,
3810 454 3916 522 τῆς

660 539 835 584 mater
861 530 977 597 ejus
1022 531 1187 587 Maria
1214 532 1437 601 Joseph,
1467 533 1684 586 inventa
1728 540 1812 585 est
1852 531 1905 584 in
1940 530 2098 584 utero
2129 530 2227 584 ha-

658 622 790 675 bens
823 621 889 675 de
937 622 1140 690 Spiritu
1174 634 1363 679 sancto
1407 626 1472 677 ³⁵.
1509 643 1528 676 3
1564 623 1701 689 Quin
1742 632 1796 675 et
1828 623 1943 690 ipse
1970 622 2229 677 Dominus

660 709 938 778 ingressus
971 714 1023 765 in
1053 728 1378 784 synagogam
1401 713 1729 777 Iudaeorum,
1756 721 2086 781 acceptoque
2107 727 2231 782 pro-

658 799 815 866 pheta
841 801 995 867 Isaia,
1022 819 1141 857 cum
1168 805 1342 859 locum
1381 806 1619 875 legisset,
1642 805 1694 857 in
1719 819 1825 872 quo
1849 804 1979 858 dicit
2006 821 2019 856 :
2056 822 2073 854 ι
2109 804 2230 873 Spi-

658 887 793 942 ritus
827 889 1035 945 Domini
1057 909 1215 962 super
1247 910 1353 959 me,
1384 910 1447 949 eo
1461 896 1604 964 quod
1632 896 1785 949 unxit
1814 909 1916 959 me,
1944 913 1961 945 3
1988 904 2043 948 et
2070 906 2230 950 caete-

658 992 740 1043 ra,
776 980 1049 1049 subjunin
1085 1000 1098 1038 :
1137 1003 1155 1034 ι
1196 985 1363 1039 llodie
1393 987 1658 1054 completa
1702 995 1779 1040 est
1814 984 2092 1054 Scriptura
2127 987 2228 1040 ista

658 1069 710 1121 in
739 1071 957 1124 auribus
986 1076 1180 1129 vestris
1220 1076 1286 1127 ³⁸.
1319 1095 1337 1126 3
1368 1076 1563 1131 Beatus
1593 1076 1754 1129 etiam
1785 1072 1978 1129 Petrus
2006 1075 2230 1144 loquens

656 1174 776 1212 cum
801 1161 996 1217 Judzeis
1026 1164 1125 1219 hoc
1169 1174 1416 1233 testatur,
1450 1167 1635 1221 dicens
1667 1182 1681 1221 :
1726 1186 1743 1217 ι
1775 1165 1956 1221 Jesum
1988 1182 2014 1219 a
2059 1167 2231 1220 Naza-

654 1248 794 1312 reth,
836 1265 995 1318 quem
1047 1256 1201 1307 unxit
1256 1255 1395 1309 Deus
1429 1256 1629 1324 Spiritu
1672 1256 1944 1309 sancto”.
1983 1274 2000 1307 3
2041 1256 2144 1310 Sed
2178 1265 2231 1311 et

654 1335 819 1391 Isaias
848 1348 976 1392 ante
1005 1343 1204 1396 multas
1235 1347 1617 1411 generationes
1651 1345 1772 1397 talia
1800 1346 2018 1399 oracula
2047 1345 2227 1413 prodi-

654 1427 727 1479 dit
765 1444 777 1478 :
834 1446 853 1478 ι
887 1429 1205 1497 Egredietur
1239 1434 1386 1502 virga
1422 1437 1488 1489 de
1519 1436 1700 1489 radice
1725 1433 1903 1501 Jesse,
1942 1446 1995 1489 et
2034 1435 2129 1488 llos
2164 1435 2228 1490 de

653 1518 835 1573 radice
866 1518 979 1585 ejus
1013 1523 1304 1589 ascendet;
1341 1534 1395 1578 et
1427 1528 1730 1594 requiescet
1754 1542 1918 1594 super
1952 1542 2073 1581 eum
2104 1527 2227 1594 Spi-

652 1608 790 1662 ritus
825 1608 939 1676 Dei,
980 1612 1202 1680 spiritus
1231 1616 1514 1684 sapientiaz
1555 1624 1611 1670 et
1649 1616 1977 1682 intellectus,
2006 1618 2228 1687 spiritus

650 1698 862 1753 consilii
884 1709 939 1754 et
968 1701 1325 1770 fortitudinis,
1362 1705 1590 1774 spiritus
1617 1709 1859 1761 scientias
1887 1720 1941 1761 et
1970 1709 2223 1778 pietatis;

2334 530 2538 601 μητρὸς
2560 532 2721 585 αὑτοῦ
2749 533 2967 603 Μαρίας
3007 534 3084 604 τῷ
3137 535 3356 607 Ἰωσὴφ,
3390 537 3587 608 εὑρέθη
3617 539 3678 592 ἐν
3708 544 3916 612 γαστρὶ

2328 616 2526 686 ἔχουσα
2553 621 2619 673 ἐκ
2664 620 2978 690 Πνεύματος
3022 621 3201 688 ἁγίου.
3237 642 3255 672 3
3303 624 3412 680 Καὶ
3448 624 3611 689 αὐτὸς
3646 625 3702 678 δὲ
3732 628 3759 677 ὁ
3796 627 3916 680 Κύ-

2333 722 2444 775 ριος
2466 709 2718 763 εἰσελθὼν
2745 710 2824 773 είς
2854 709 2950 780 τὴν
2987 712 3309 781 συναγωγὴν
3350 713 3459 766 τῶν
3494 714 3784 780 Ἰουδαίων,
3815 719 3917 770 καὶ

2329 794 2510 849 λαϐὼν
2546 797 2637 850 τὸν
2666 799 2952 869 προφήτην
2994 798 3243 865 Ἡσαΐαν,
3278 802 3372 853 καὶ
3410 802 3679 871 ἀναγνοὺς
3711 805 3773 857 τὸ
3806 824 3918 875 χωο

2331 885 2467 955 ρίον,
2497 889 2554 941 ἐν
2583 883 2627 955 ᾧ
2656 889 2835 956 λέγει·
2875 907 2893 940 ι
2934 888 3161 958 Πνεῦμα
3200 893 3408 961 Κυρίου
3437 894 3522 946 ἐπ’
3555 896 3679 965 ἐμὲ,
3707 888 3767 951 οὗ
3795 897 3919 950 ἔνει-

2330 992 2424 1029 κεν
2452 976 2635 1048 ἐχρισέ
2669 997 2756 1050 με,
2796 998 2813 1031 3
2850 979 2943 1033 καὶ
2977 981 3044 1032 τὰ
3084 978 3233 1049 ἑξῆς,
3275 985 3523 1053 ἐπήγαγε
3546 1002 3559 1015 ·
3613 1003 3631 1036 ι
3666 986 3922 1058 Σήμερον

2330 1064 2622 1137 ἐπληρώθη
2650 1070 2684 1138 ή
2711 1067 2900 1139 Γραφὴ
2925 1066 3062 1138 α’ύτη
3097 1070 3155 1120 ἐν
3179 1071 3292 1132 τοῖς
3320 1070 3453 1123 ώσὶν
3480 1072 3655 1141 ὑμῶν.
3690 1093 3709 1126 3
3742 1073 3923 1128 Τοῦτο

2330 1155 2385 1208 δέ
2414 1158 2507 1209 καὶ
2548 1158 2576 1209 6
2626 1160 2893 1233 μακάριος
2923 1159 3127 1230 Πέτρος
3170 1160 3554 1229 διαλεγόμενος
3600 1165 3737 1234 πρὸς
3779 1165 3924 1219 Ἰου-

2329 1243 2510 1307 δαίους
2541 1245 2643 1317 ἔφη
2668 1264 2680 1277 ·
2717 1266 2736 1298 ι
2787 1247 2992 1316 Ἰησοῦν
3023 1248 3114 1302 τὸν
3152 1249 3259 1302 ἀπὸ
3292 1248 3567 1320 Ναζαρὲτ,
3595 1251 3653 1305 ὃν
3695 1252 3924 1324 ἔχρισεν

2328 1336 2355 1386 ὁ
2379 1334 2511 1399 Θεὸς
2536 1336 2615 1406 τῷ
2644 1338 2921 1408 Πνεύματι
2950 1338 3026 1408 τῷ
3054 1338 3214 1410 ἁγίῳ.
3256 1357 3275 1391 3
3307 1339 3421 1392 Καὶ
3462 1340 3690 1405 Ἡσαΐας
3715 1342 3772 1395 δὲ
3806 1345 3924 1415 πρὸ

2330 1428 2537 1481 πολλῶν
2560 1431 2760 1497 γενεῶν
2787 1432 3012 1485 τοιαῦτα
3036 1432 3429 1504 προεθέσπισεν
3447 1448 3460 1463 ο
3487 1454 3505 1485 ι
3540 1434 3922 1499 Ἐξελεύσεται

2330 1522 2525 1593 ῥάϐδος
2558 1526 2622 1577 ἐκ
2655 1523 2754 1593 τῆς
2783 1524 2938 1594 ῥίζης
2980 1523 3197 1589 Ἰεσσαὶ,
3224 1525 3317 1578 καὶ
3341 1525 3501 1588 άνθος
3533 1526 3597 1579 ἐκ
3630 1527 3727 1597 τῆς
3755 1528 3926 1598 ῥίζης

2329 1614 2681 1684 ἀναϐήσεται,
2730 1614 2825 1669 καὶ
2868 1614 3318 1670 ἐπαναπαύσεται
3366 1616 3455 1669 ἐπ’
3478 1616 3640 1669 αὐτὸν
3686 1610 3924 1687 Πνεῦμα.

2329 1700 2424 1755 τοῦ
2455 1700 2615 1763 Θεοῦ,
2648 1701 2867 1772 πνεῦμα
2890 1702 3080 1770 σοφίας
3110 1703 3203 1755 καὶ
3232 1702 3519 1766 συνέσεως,
3551 1704 3765 1773 πνεῦμα
3791 1705 3925 1775 βου-η

649 1794 705 1840 et
746 1789 967 1857 spiritus
992 1794 1203 1848 timoris
1232 1796 1323 1849 Dei
1346 1770 1588 1864 implebit
1617 1813 1739 1852 eum
1766 1795 1843 1863 ³⁸;
1870 1817 1888 1851 3
1914 1770 2185 1853 et-iterum

2330 1793 2429 1864 λῆς
2464 1794 2559 1849 καὶ¹
2585 1770 2800 1864 ἰσχύος,
2816 1793 3030 1863 πνεῦμα
3062 1791 3338 1860 γνώσεως,
3365 1794 3458 1847 καὶ
3488 1770 3802 1857 εὐσεϐείας,⁷
3820 1797 3925 1849 καὶ

656 1892 677 1927 ι
714 1876 855 1932 Ecce
903 1895 1038 1948 puer
1072 1897 1246 1948 meus,
1284 1899 1444 1954 quem
1490 1887 1648 1956 elegi,
1697 1887 1926 1944 dilectus
1965 1904 2136 1956 meus,
2170 1891 2226 1944 in

650 1981 759 2036 quo
798 1968 935 2022 bene
967 1972 1291 2040 complacuit
1317 1976 1509 2029 animae
1535 1991 1666 2030 meae
1693 1994 1707 2031 :
1739 1992 1931 2045 ponam
1964 1977 2225 2046 Spiritum

651 2070 829 2110 meum
859 2071 1021 2127 super
1054 2074 1173 2114 eum
1203 2078 1215 2124 ;
1240 2061 1500 2128 judicium
1544 2066 1793 2134 gentibus
1834 2068 2075 2135 proferet
2104 2068 2167 2121 ".
2200 2086 2219 2118 3

654 2144 769 2200 Hoc.
804 2158 981 2200 autem
1010 2150 1375 2205 testimonium
1406 2163 1459 2207 et
1484 2155 1815 2223 evangelista
1849 2157 1901 2208 in
1944 2159 2054 2211 suis
2094 2172 2225 2212 con-

654 2238 1039 2306 scriptionibus
1070 2243 1267 2310 posuit.
1314 2244 1418 2297 Sed
1465 2254 1518 2299 ct
1568 2246 1681 2315 ipse
1721 2262 1936 2316 quoque
1964 2246 2228 2305 Dominus

653 2330 705 2382 in
735 2330 1037 2399 Evangeliis
1064 2333 1129 2386 ad
1164 2332 1376 2390 Judaaos
1411 2336 1485 2388 ait
1515 2353 1528 2389 :
1568 2354 1587 2387 ι
1618 2336 1675 2391 Si
1707 2349 1884 2392 autem
1918 2338 1971 2391 in
2022 2340 2227 2408 Spiritu

653 2422 748 2475 Dei
798 2438 899 2492 ego
940 2423 1099 2492 ejieio
1134 2425 1419 2493 daemonia,
1466 2426 1711 2496 profecto
1752 2430 1995 2497 pervenit
2044 2432 2096 2485 in
2128 2446 2224 2486 vos

654 2527 874 2581 regnum
904 2514 995 2567 Dei
1016 2514 1059 2546 ‘°
1089 2530 1103 2581 ;
1133 2534 1153 2568 3
1187 2525 1241 2569 et
1270 2513 1505 2572 Joannes
1533 2535 1547 2572 :
1578 2536 1595 2568 ι
1626 2518 1791 2587 228
1816 2518 1915 2584 Qui
1950 2521 2096 2574 misit
2119 2537 2222 2587 me,

654 2602 851 2672 inquit,
890 2604 1170 2672 baptizare
1210 2607 1260 2659 in
1300 2621 1460 2674 aqua,
1507 2608 1621 2677 ipse
1657 2611 1788 2662 mihi
1823 2609 1959 2664 dixit
2002 2627 2015 2664 :
2053 2610 2226 2681 Super

651 2706 811 2761 quem
842 2694 1042 2749 videris
1066 2694 1325 2763 Spiritum
1360 2698 1801 2763 descendentem,
1830 2708 1884 2754 et
1916 2711 2222 2755 manentem

653 2798 821 2852 super
839 2798 983 2849 eum,
1009 2787 1121 2855 ipse
1138 2796 1220 2840 est
1242 2788 1330 2855 qui
1361 2787 1598 2856 baptizat
1616 2788 1668 2843 in
1694 2789 1898 2858 Spiritu
1923 2801 2108 2846 sancto
2122 2792 2186 2845 “.
2202 2810 2219 2842 3

650 2871 767 2927 Non
814 2873 997 2943 itaque
1041 2878 1329 2945 prophetas
1380 2880 1553 2931 solum
1590 2887 1644 2933 et
1691 2879 1996 2947 apostolos,
2050 2895 2226 2950 neque

650 2963 957 3019 Gabrielem
990 2968 1374 3035 archangelum
1410 2969 1582 3022 solum
1630 2969 1730 3021 iste
1768 2984 2046 3023 sacrorum
2088 2971 2223 3040 dog-

651 3067 857 3110 matum
895 3058 1103 3111 subtilis
1141 3060 1481 3114 examinator
1505 3060 2007 3126 anathematizavit,
2046 3063 2138 3116 sed
2167 3063 2218 3116 in
2246 3098 2292 3159 α

649 3146 822 3214 ipsum
868 3160 1081 3215 quoque
1133 3145 1466 3203 Salvatorem
1535 3150 1775 3202 omnium
1824 3149 2219 3218 blasphemiam

648 3238 912 3292 extendit.
963 3237 1309 3293 Ostendimus
1366 3241 1509 3294 enim
1567 3248 1621 3294 et
1676 3241 1849 3308 ipsum
1908 3241 2217 3308 Dominum,

648 3342 794 3381 nunc
818 3328 1031 3395 quidem
1074 3327 1274 3385 Judaeis
1301 3340 1421 3400 post
1466 3331 1753 3384 lectionem
1802 3330 1948 3385 illam
1985 3351 1997 3386 :
2046 3349 2064 3382 ι
2096 3331 2221 3400 Spi-

649 3417 786 3471 ritus
818 3417 1027 3471 Domini
1061 3434 1221 3488 super
1257 3436 1363 3483 me,
1412 3428 1630 3489 prapter
1672 3421 1815 3487 quod
1854 3420 2007 3471 unxit
2049 3434 2171 3485 me;
2199 3436 2217 3470 3

649 3508 852 3563 dixisse
880 3525 894 3562 :
932 3528 950 3560 ι
983 3508 1152 3564 Hodie
1181 3512 1459 3580 Scriptura
1493 3512 1610 3565 haec
1636 3511 1898 3578 completa
1928 3518 2013 3563 est
2044 3509 2094 3562 in
2123 3524 2222 3562 au-

649 3599 799 3652 ribus
828 3600 1060 3665 vestris;
1103 3619 1121 3652 3
1162 3616 1305 3655 nunc
1336 3610 1514 3654 autem
1547 3602 1612 3654 ad
1659 3616 1754 3655 eos
1804 3601 1896 3669 qui
1948 3599 2219 3665 dicebant,

651 3691 707 3743 in
744 3688 1042 3745 Beelzebub
1093 3705 1214 3744 eum
1257 3690 1454 3758 ejicere
1492 3692 1781 3755 dwmonia,
1822 3691 2006 3745 dicere
2062 3705 2119 3744 se
2168 3690 2222 3744 in

650 3780 854 3849 Spiritu
889 3781 977 3835 Dei
1030 3780 1225 3849 ejicere
1261 3784 1556 3837 daemones.
1600 3781 1715 3835 Non
1760 3791 1940 3835 autem
1993 3780 2223 3835 dicimus

656 3871 820 3926 Deum
844 3872 1077 3926 Verbum
1104 3872 1251 3926 Patri
1278 3871 1793 3927 consubstantialem
1820 3880 1872 3925 et
1892 3878 2222 3924 coaeternum

652 3976 682 4012 a
736 3960 939 4028 Spiritu
989 3972 1177 4016 sancto
1225 3962 1510 4015 formatum
1559 3975 1680 4015 esse
1727 3970 1781 4014 et
1828 3960 2071 4027 unitum;
2125 3961 2221 4016 sed

651 4050 797 4104 illam
832 4051 885 4105 in
916 4050 1209 4106 novissimo
1233 4052 1438 4106 dierum
1473 4053 1760 4105 humanam
1800 4050 1868 4104 ab
1911 4064 1976 4105 eo
2010 4064 2221 4103 assum-

652 4150 796 4208 ptam
830 4151 1100 4196 naturam.
1136 4141 1421 4211 Proprium
1468 4152 1647 4197 autem
1681 4142 1939 4209 Spiritum
1976 4141 2118 4204 Filii,
2147 4141 2221 4195 si-

653 4233 870 4301 quidem
904 4242 958 4287 ut
978 4234 1220 4303 ejusdem
1240 4250 1360 4287 cum
1390 4249 1454 4289 eo
1482 4242 1708 4297 natura),
1734 4243 1788 4287 et
1820 4249 1883 4287 ex
1914 4231 2071 4287 Patre
2097 4247 2223 4301 pro-

651 4325 926 4378 cedentem
956 4325 1107 4388 dixit,
1128 4325 1285 4377 simul
1313 4325 1710 4387 conﬁtebimur,
1730 4332 1783 4376 et
1803 4332 2054 4390 tanquam
2080 4324 2219 4392 piam

2329 1884 2547 1957 πνεῦμα
2589 1886 2756 1956 φόϐου
2801 1885 2935 1938 Θεοῦ
2985 1885 3255 1955 ἐμπλήσει
3289 1885 3471 1940 αὐτόν.
3519 1904 3537 1935 3
3572 1886 3682 1938 Kal.
3713 1886 3920 1940 πάλινο

2335 1992 2355 2027 ι
2408 1976 2537 2029 Ἰδοὺ
2571 1978 2599 2029 6
2628 1978 2755 2037 παῖς
2782 1992 2906 2045 μου,
2938 1974 2997 2027 ὃν
3023 1974 3386 2045 ᾑρετισάμην,
3420 1976 3447 2027 6
3476 1975 3757 2045 ἀγαπητός
3784 1994 3920 2044 μου,

2327 2067 2406 2129 είς
2444 2066 2503 2120 ὃν
2527 2066 2824 2135 ηὐδόκησεν
2855 2066 2891 2136 ή
2918 2064 3063 2135 ψυχή
3104 2082 3205 2135 μου
3228 2081 3243 2096 ο
3277 2064 3429 2134 θήσω
3455 2064 3515 2117 τὸ
3546 2064 3773 2134 Πνεῦμά
3809 2082 3922 2135 μου

2327 2157 2415 2210 ἐπ’
2449 2158 2609 2211 αὐτόν
2630 2174 2643 2189 ’
2673 2158 2856 2228 κρίσιν
2884 2159 2997 2220 τοῖς
3030 2157 3242 2211 ἔθνεσιν
3271 2156 3484 2222 ἐξοίσει.
3540 2177 3559 2209 3
3600 2158 3820 2229 Ταύτην
3855 2159 3923 2211 δὲ

2325 2246 2425 2318 τήν
2452 2246 2758 2317 μαρτυρίαν
2783 2247 2877 2299 καὶ
2900 2248 2929 2298 6
2960 2247 3354 2318 εὐαγγελιστὴς
3383 2247 3440 2299 ἐν
3466 2247 3685 2312 οίκείοις
3721 2258 3749 2285 ιι
3775 2266 3925 2316 συγ-

2326 2337 2617 2407 γράμμασι
2658 2336 2893 2390 τέθεικε.
2942 2337 3052 2390 Kal.
3089 2337 3253 2401 αὐτὸς
3297 2338 3353 2389 δὲ
3398 2338 3427 2390 6
3460 2338 3666 2408 Κύριος
3714 2340 3771 2391 ἐν
3797 2340 3929 2402 τοῖς

2327 2427 2680 2495 Εὐαγγελίοις
2711 2428 2847 2497 πρὸς
2890 2433 3015 2491 τοὺς
3074 2428 3361 2492 Ἰουδαίους
3394 2428 3534 2499 ἔφη·
3574 2448 3592 2480 ι
3641 2430 3704 2482 Et
3749 2430 3809 2483 δὲ
3855 2433 3927 2483 ἐν

2328 2518 2606 2588 Πνεύματι
2646 2517 2782 2570 Θεοῦ
2829 2517 3075 2571 ἐκϐάλλω
3114 2518 3183 2570 τὰ
3228 2518 3500 2589 δαιμόνια,
3547 2519 3780 2587 ἔφθασεν
3826 2521 3926 2589 ἐφ’

2328 2610 2473 2680 ὑμᾶς
2498 2608 2606 2678 ἄρα
2640 2610 2673 2678 ἡ
2718 2608 2964 2678 βασιλεία
3005 2606 3100 2661 τοῦ
3132 2608 3291 2665 Θεοῦ.
3334 2627 3355 2662 3
3382 2609 3491 2662 Καὶ
3533 2610 3562 2661 6
3622 2610 3923 2679 Ἰωάννης·

2333 2718 2351 2752 ι
2404 2700 2463 2752 '0
2497 2697 2821 2761 ἀποστείλας
2862 2714 2949 2767 με,
2986 2697 3141 2768 φησὶ,
3190 2696 3475 2766 βαπτίζειν
3509 2698 3567 2751 ἐν
3594 2696 3769 2764 ὕδατι,
3816 2700 3927 2751 αὺ-

2324 2791 2413 2855 τός
2459 2807 2546 2861 μοι
2588 2785 2775 2842 εἷπεν·
2829 2788 2947 2857 Ἐφ’
2986 2788 3045 2841 ὃν
3090 2789 3157 2842 ἂν
3192 2789 3309 2860 ἴδῃς
3356 2789 3421 2842 τὸ
3467 2789 3692 2859 Πνεῦμα
3736 2807 3925 2845 κατα-

2326 2882 2529 2947 ϐαῖνον,
2557 2881 2653 2933 καὶ
2696 2880 2856 2950 μένον
2887 2879 2973 2931 ἐπ’
3000 2879 3184 2944 αὑτὸν,
3210 2876 3364 2943 οὗτός
3393 2882 3541 2933 ἐστιν
3570 2881 3598 2932 6
3632 2879 3924 2949 βαπτίζων

2324 2977 2382 3030 ἐν
2410 2975 2688 3046 Πνεύματι
2735 2976 2895 3047 ἁγίῳ.
2936 2994 2955 3027 ›
2988 2976 3063 3028 Οὐ
3106 2976 3287 3029 τοίνυν
3334 2978 3626 3048 προφήτας
3661 2988 3689 3016 ν
3726 2979 3921 3049 μόνον,

2324 3066 2420 3118 καὶ
2463 3065 2812 3129 ἀποστόλους,
2849 3064 2969 3117 οὐδὲ
3015 3064 3256 3134 Γαϐριὴλ
3311 3065 3403 3120 τὸν
3432 3067 3772 3137 άρχάγγελον
3812 3070 3923 3122 ἀν·-

2324 3154 2612 3224 εθεμάτισε
2642 3154 2800 3224 μόνον
2826 3156 2853 3207 ὁ
2878 3153 3110 3225 ἀκριϐὴς
3142 3154 3250 3207 τῶν
3287 3153 3446 3220 θείων
3474 3156 3763 3226 δογμάτων
3823 3159 3924 3225 ἐξη

2325 3245 2562 3314 εταστὴς
2585 3285 2598 3308 ,
2632 3243 2769 3297 ἀλλὰ
2814 3244 2906 3296 καὶ
2946 3244 3026 3306 είς
3060 3244 3222 3297 αὑτὸν
3248 3244 3339 3297 τὸν
3371 3245 3600 3316 Σωτῆρα
3641 3248 3750 3300 τῶν
3774 3248 3925 3302 ὅλων

2323 3331 2420 3402 τὴν
2453 3331 2800 3401 βλασφημίαν
2827 3331 3110 3395 ἐξέτεινεν.
3145 3332 3459 3402 Ἐδείξαμεν
3494 3335 3600 3404 γὰρ
3626 3343 3720 3389 καὶ
3746 3337 3925 3391 αὐτὸν

2324 3425 2416 3476 τὸν
2452 3423 2675 3493 Κύριον,
2704 3422 2798 3475 νῦν
2832 3423 2929 3491 μὲν
2968 3424 3079 3485 τοῖς
3137 3423 3417 3486 Ἰουδαίοις
3462 3426 3599 3495 μετὰ
3641 3427 3744 3497 τὴν
3775 3427 3926 3482 ἀνά-

2325 3531 2527 3583 γνωσιν
2576 3513 2701 3565 τοῦ·
2753 3532 2771 3565 ι
2822 3512 3047 3583 Πνεῦμα
3083 3514 3285 3584 Κυρίου
3331 3515 3421 3567 ἐπ’
3456 3516 3578 3583 ἐμὲ,
3622 3512 3685 3571 οὗ
3722 3517 3917 3573 ἒνεκει.

2335 3602 2521 3673 ἔχρισέ
2566 3619 2654 3671 με,
2690 3621 2708 3652 3
2759 3603 3040 3672 φήσαντα·
3079 3620 3098 3652 ι
3150 3602 3396 3674 Σήμερον
3448 3604 3482 3674 ἡ
3521 3603 3713 3677 Γραφὴ
3770 3606 3924 3677 αὕτη

2326 3692 2619 3764 ἐπληρώθη
2654 3693 2712 3743 ἐν
2757 3694 2870 3752 τοῖς
2912 3690 3045 3745 ὠσὶν
3076 3690 3262 3758 ὑμῶν·
3315 3709 3335 3742 3
3376 3690 3472 3744 νῦν
3512 3692 3569 3744 δὲ
3613 3694 3750 3762 πρὸς
3786 3697 3924 3758 τοὺς

2327 3783 2600 3849 εἰπόντας,
2644 3783 2701 3835 ἐν
2739 3778 3064 3843 Βεελζεϐούλ
3094 3780 3256 3833 αὐτὸν
3287 3780 3570 3835 ἐκϐάλλειν
3609 3782 3678 3835 τὰ
3720 3782 3925 3853 δαιμόο

2327 3891 2436 3940 νια,
2469 3873 2729 3945 εἰρηκότα
2760 3873 2816 3924 ἐν
2847 3871 3127 3941 Πνεύματι
3159 3870 3295 3925 Θεοῦ
3328 3871 3611 3925 ἐκϐάλλειν
3642 3874 3770 3935 τοὺς
3800 3873 3921 3925 δαί-

2330 3982 2515 4035 μονας.
2549 3963 2955 4034 Διαπλασθῆναι
2995 3962 3052 4015 δέ
3088 3963 3192 4016 ὑπὸ
3216 3962 3309 4015 τοῦ
3358 3962 3515 4031 ἁγίου
3564 3963 3918 4031 Πνεύματος,

2327 4056 2421 4109 καὶ
2443 4055 2730 4125 χρισθῆναι
2750 4055 2811 4107 ού
2838 4053 2929 4107 τὸν
2954 4053 3086 4106 Θεὸν
3108 4054 3279 4121 Λόγον
3301 4054 3499 4122 φαμὲν,
3519 4053 3609 4107 τὸν
3634 4053 3712 4124 τῷ
3733 4054 3925 4124 Πατρὶ

2326 4145 2635 4216 όμοούσιον,
2669 4145 2764 4196 καὶ
2796 4144 3086 4207 συναῖδιον,
3120 4142 3258 4197 ἀλλά
3285 4143 3381 4215 τὴν
3410 4143 3497 4196 ἐπ’
3546 4145 3776 4214 ἐσχάτου
3800 4145 3924 4198 τῶν

2325 4236 2551 4307 ἡμερῶν
2609 4237 2698 4287 ὑπ’
2753 4234 2918 4288 αὑτοῦ
2976 4233 3271 4303 ληφθεῖσαν
3320 4234 3667 4306 ἀνθρωπείαν
3722 4234 3921 4304 φύσιν.

2332 4328 2491 4380 Ἴδιον
2520 4326 2574 4378 δὲ
2621 4325 2681 4377 τὸ
2727 4323 2956 4395 Πνεῦμα
2995 4324 3092 4377 τοῦ
3137 4325 3289 4389 Υίοῦ,
3322 4326 3369 4377 εί
3404 4324 3504 4395 μὲν
3542 4326 3617 4388 ὼς
3646 4326 3918 4396 ὁμοφυές,

650 4414 1014 4482 suscipiemus
1045 4428 1254 4468 vocem.
1286 4414 1342 4467 Si
1368 4430 1498 4469 vero
1534 4424 1786 4481 tanquam
1833 4428 1897 4466 ex
1930 4413 2089 4479 Filio,
2134 4421 2226 4467 aut

2330 4417 2425 4470 καὶ
2457 4419 2521 4468 ἐκ
2570 4416 2781 4484 [ἰατρὸς
2823 4416 3253 4487 ἐκπορευόμενον
3298 4417 3423 4486 ἔφη,
3470 4417 3925 4488 συνομολογήσο-

650 4519 748 4574 per
774 4504 968 4558 Filium
989 4506 1361 4559 exsistentiam
1388 4505 1606 4566 habeat,
1629 4504 1731 4558 hoc
1757 4514 1812 4557 ut
1833 4504 2223 4572 blasphemiam

650 4608 704 4651 et
738 4597 959 4665 impium
1006 4597 1335 4665 rejiciemus.
1380 4594 1660 4649 Credimus
1696 4596 1841 4648 enim
1880 4594 2107 4648 Domino
2143 4593 2225 4647 di-

650 4687 793 4743 centi
829 4705 841 4740 :
880 4704 899 4737 ι
932 4687 1165 4754 Spiritus
1197 4686 1287 4754 qui
1320 4700 1385 4739 ex
1410 4684 1569 4739 Patre
1608 4686 1847 4753 procedit
1874 4684 1918 4715 “
1945 4701 1960 4749 ;
1993 4701 2012 4734 3
2045 4684 2138 4738 sed
2168 4694 2225 4738 et

651 4778 1022 4833 sacratissimo
1051 4776 1217 4831 Paulo
1255 4776 1449 4831 dicenti
1495 4776 1747 4829 similiter
1787 4792 1801 4827 :
1849 4792 1866 4824 ι
1896 4774 2008 4828 Nos
2040 4785 2219 4827 autem

651 4885 758 4927 non
787 4870 1031 4937 spiritum
1062 4868 1245 4921 mundi
1272 4867 1599 4937 accepimus,
1635 4866 1727 4919 sed
1757 4865 2013 4933 Spiritum
2044 4865 2132 4933 qui
2156 4879 2219 4918 ex

652 4960 761 5015 Deo
793 4959 949 5012 l’atre
979 4970 1061 5013 est
1086 4958 1129 4987 "
1202 4978 1219 5007 3

723 5246 765 5276 ³⁵
800 5244 982 5297 Matth.
1014 5261 1049 5303 ι,
1096 5245 1175 5297 l8.
1252 5244 1295 5273 ³⁸
1330 5241 1453 5295 an.
1487 5258 1558 5301 ιν,
1600 5240 1784 5295 17-21.
1883 5242 1923 5270 ³⁷
1948 5240 2067 5293 Act.
2106 5256 2161 5299 ι.
2190 5240 2280 5294 58.

654 5316 695 5347 “
729 5314 882 5369 Joan.
920 5329 956 5373 ι,
984 5315 1067 5367 55.
1144 5314 1187 5343 ³³
1218 5311 1371 5366 Joan.
1415 5329 1501 5376 xv,
1544 5311 1632 5365 26.
1714 5310 1757 5340 ⁸⁸
1795 5310 1810 5362 |
1845 5309 1970 5364 Cor.
2012 5325 2071 5374 ιι,
2118 5308 2206 5362 12.

2338 4524 2439 4575 μεν
2465 4514 2512 4569 ι,
2546 4506 2643 4558 καὶ
2682 4506 2757 4567 ὼς
2816 4506 3010 4578 εὐσεϐῆ
3040 4507 3303 4577 δεξόμεθα
3326 4515 3355 4554 Y
3390 4506 3489 4576 τὴν
3519 4507 3723 4577 φωνήν.
3760 4508 3827 4560 Εί
3870 4509 3924 4560 δ’

2331 4598 2406 4660 ὡς
2432 4596 2489 4661 ἐξ
2525 4596 2672 4662 Υἱοῦ,
2704 4597 2736 4667 ἢ
2785 4596 2850 4648 δι’
2882 4597 3007 4651 Υίοῦ
3051 4600 3150 4669 τὴν
3182 4597 3413 4669 ὓπαρξιν
3454 4598 3599 4667 ἕχον,
3642 4597 3719 4661 ὡς
3749 4598 3915 4668 βλάσ-

2331 4704 2512 4757 φημον
2561 4687 2753 4752 τοῦτο,
2800 4690 2892 4741 καὶ
2932 4688 3007 4751 ώς
3050 4690 3308 4752 δυσσεϐὲς
3356 4689 3759 4759 ἀπορρίψομεν.
3811 4690 3923 4743 Ilu-

2332 4777 2592 4847 στεύομεν
2622 4777 2730 4847 γὰρ
2761 4777 2839 4847 τῷ
2879 4779 3066 4850 Κυρίῳ
3115 4779 3362 4847 λέγοντι⁸
3408 4798 3425 4830 ι
3474 4779 3548 4831 Τὸ
3592 4776 3846 4848 Πνεῦμα,
3892 4778 3926 4830 ὃ

2330 4869 2392 4921 ἐκ
2419 4868 2512 4920 τοῦ
2546 4869 2755 4939 Πατρὸς
2802 4870 3202 4942 ἐκπορεύεταιο
3250 4889 3268 4921 3
3304 4870 3398 4923 καὶ
3428 4870 3503 4941 τῷ
3543 4869 3810 4939 θειοτάτῳ
3857 4870 3924 4922 δὲ

2330 4959 2526 5030 Παύλῳ
2545 4961 2746 5029 ὁμοίως
2777 4963 3068 5030 φάσκοντι·
3093 4983 3110 5014 ι
3146 4963 3207 5015 Ἠ
3217 4964 3333 5031 μεῖς
3349 4962 3404 5015 δέ
3420 4962 3479 5014 ού
3506 4961 3568 5014 τὺ
3583 4960 3806 5029 πνεῦμα
3821 4960 3925 5013 τοῦ

2334 5050 2538 5120 κόσμου
2557 5050 2844 5122 ἐλάϐομεν,
2866 5054 2999 5107 ἀλλά
3027 5053 3087 5106 τὸ
3114 5053 3337 5124 Πνεῦμα
3359 5051 3417 5106 τὸ
3449 5055 3509 5105 ἐκ
3534 5051 3626 5104 τοῦ
3659 5049 3799 5104 Θεοῦ
3831 5061 3877 5104 ³.
3899 5072 3917 5103 3

2376 5240 2420 5271 ³⁸
2448 5242 2549 5295 lsa.
2584 5258 2659 5308 ιι,
2701 5244 2758 5309 1,
2784 5245 2839 5299 ε.
2944 5246 2989 5278 ³⁸
3022 5244 3124 5299 lsa.
3155 5260 3283 5311 xui,
3328 5246 3377 5300 1.
3457 5249 3501 5281 ⁸ο
3540 5246 3675 5304 Luc.
3705 5262 3784 5313 ιι,
3820 5243 3924 5299 20.

1669 5504 1844 5557 Varia:
1876 5505 2136 5559 lectiones
2170 5518 2232 5557 ex
2261 5504 2446 5557 codice
2478 5501 2849 5572 Seguieriano.

717 5696 743 5723 υ
773 5688 882 5748 τοῖς
920 5684 1085 5750 ἰδίοις.
1161 5692 1188 5723 ν
1219 5681 1277 5734 οὑ
1302 5681 1407 5751 γὰρ
1442 5682 1743 5752 προφήταςε

1822 5688 1848 5718 ι
1883 5678 2422 5751 συνομολογήσωμεν.
2500 5687 2527 5727 1
2557 5678 2853 5749 δεξώμεθα.

2937 5691 2958 5719 ³
2993 5685 3228 5753 Πατρος.
