4042 6466
124 372 203 429 433
685 364 1215 424 APOLOGETICUS
1252 367 1534 424 CONTRA
1578 368 2105 431 THEODORETUM
2146 374 2284 431 PRO
2321 375 2412 432 ΧΗ
2453 376 2836 435 CAPITIBUS.

1716 486 1763 542 Α

569 477 879 545 Κυρίλλου
905 478 1219 549 ἀπολογία.

169 588 381 651 Φθάσας
393 588 558 657 ἔφην,
575 588 657 640 ὅτι
668 590 781 652 τοῖς
794 590 1085 661 Νεστορίου
1099 592 1512 664 βατταρισμοῐς,
1526 595 1692 665 ἡγουν

116 677 567 748 δυσφημίαις,καὶ
581 680 695 743 τοῖς
714 680 854 749 ἄγαν
879 682 1167 754 ἀτημελῶς
1188 685 1515 755 εἰρημένοις,
1536 688 1566 757 ἠ
1583 684 1695 739 τῶν

117 768 413 837 κεφαλαίων
448 770 685 839 μάχεται
730 771 981 842 δύναμις.
1031 774 1269 829 Ἐκείνου
1303 775 1411 845 γὰρ
1447 776 1693 845 λέγοντος

116 860 220 928 περὶ
244 858 343 912 τοῦ
391 860 555 929 ἁγίου
586 860 727 914 Πνεύ
738 880 909 933 ματος
927 881 941 896 ⁸
970 866 1140 920 Τοῦτο
1163 866 1228 937 δὴ
1268 867 1329 920 τὺ
1357 868 1692 940 τηλικαύτην

115 949 177 1017 τῷ
213 949 446 1020 Χριστῷ
498 953 869 1022 χαρισάμενον
914 956 1091 1023 δόξαν,
1125 958 1188 1010 τὸ
1241 957 1493 1027 δαίμοσιν
1532 962 1692 1017 αὑτὸν

117 1040 329 1111 φοϐερὸν
371 1044 779 1113 ἐργασάμενον,
821 1046 883 1099 τδ
929 1046 1029 1119 τὴν
1070 1048 1342 1119 ἀνάληψιν
1390 1050 1539 1122 αὐτῷ
1591 1054 1692 1123 τὴν

113 1135 177 1195 εἰς
206 1134 478 1203 οὐρανοὺς
513 1137 917 1207 χαρισάμενονο
958 1139 1054 1193 καὶ
1076 1139 1361 1211 ὼσπερείο
1411 1159 1556 1207 τινος
1583 1144 1693 1199 τῶν

114 1226 219 1278 καθ’
249 1227 408 1297 ἡμᾶς
436 1227 728 1298 ἀνθρώπου
765 1228 947 1282 κοινοῦ
981 1228 1052 1283 τὰ
1084 1230 1266 1285 τοιάδε
1308 1234 1691 1307 πεφλυαρηκό-

111 1335 206 1382 τος,
245 1318 481 1387 γέγονεν
519 1321 837 1388 ἀναγκαίως
875 1320 904 1373 ό
932 1320 1396 1394 άναθεματισμὸς,
1439 1327 1499 1379 οὐ
1556 1330 1696 1385 κατά

110 1425 163 1477 γε
192 1408 300 1462 τῶν
340 1409 618 1478 λεγόντων
661 1410 976 1475 δεδοξάσθαι
1012 1411 1166 1479 παρά
1197 1412 1290 1466 τοῦ
1333 1416 1489 1485 ἁγίου
1525 1418 1696 1473 Ilvati-

112 1516 266 1567 ματος
307 1500 406 1552 τὸν
454 1498 687 1569 Ἰησοῦν,
737 1500 1016 1554 τουτέστιν
1060 1502 1563 1577 ὲνανθρωπήσαντα
1602 1510 1696 1564 τὸν

108 1585 191 1639 τοῦ
237 1586 383 1640 Θεοῦ
422 1587 633 1656 Λόγον·
672 1590 794 1643 κατ’
846 1591 1071 1647 ἐκείνων
1122 1590 1178 1644 δὲ
1226 1595 1463 1663 μᾶλλον,
1506 1598 1554 1651 οἳ
1600 1598 1696 1653 καὶ

109 1677 318 1748 ἀναίδην
335 1675 366 1716 1³
385 1677 551 1733 αὑτὸν
584 1679 659 1743 ὡς
689 1681 947 1754 ἀλλοτρίᾳ
972 1685 1199 1758 δυνάμει
1222 1692 1285 1757 τῇ
1303 1686 1391 1742 διὰ
1417 1689 1509 1742 τοῦ
1528 1689 1697 1743 Πνεῦ-

110 1785 267 1869 ματος
289 1770 602 1869 κεχιρῆσθυαί
622 1789 779 1869 ipa-0t.
817 1775 1160 1848 Μεμνήμεθα
1186 1779 1250 1850 δὴ
1286 1790 1306 1819 ο
1331 1781 1577 1844 εἰπόντος
1601 1797 1695 1832 σα·
1723 1812 1767 1869 Β

108 1857 212 1923 φῶς
275 1859 409 1929 περὶ⁵
460 1858 555 1912 τοῦ
612 1862 766 1929 ἁγίου
825 1863 1173 1936 Πνεύματος’
1226 1888 1244 1921 ι
1306 1871 1537 1933 Ἐκεῖνος
1584 1872 1687 1941 ὲμὲ

105 1947 327 2011 δοξάσει.
379 1966 400 1998 ι
443 1949 635 2019 Ἴσμεν
684 1967 743 2003 τε
796 1952 935 2022 πρὸς
984 1956 1158 2027 τούτῳ
1201 1957 1227 1997 ἀ
1272 1962 1337 2030 τῇ
1386 1959 1479 2013 τοῦ
1530 1962 1684 2029 ἁγίου

108 2034 421 2104 Πνεύματος
450 2037 706 2108 ἐνεργείᾳ
732 2038 831 2101 τὰς
866 2042 1110 2111 πονηράς
1138 2060 1198 2095 τε
1225 2046 1317 2096 καὶ
1343 2046 1686 2116 ἀκαθάρτους

105 2123 351 2193 δυνάμεις
388 2126 749 2195 συντρίϐοντα
771 2146 782 2157 ·
812 2128 925 2180 ἀλλ’
957 2130 1056 2199 οὐχ
1093 2129 1237 2184 οὕτω
1284 2133 1465 2204 φαμὲν
1503 2136 1685 2203 αὐτὸν,

104 2216 348 2290 καθάπερ
382 2217 583 2287 ἀμέλει
616 2219 710 2271 καὶ
753 2218 859 2271 τῶν
906 2221 1076 2287 ἀγίων
1127 2221 1376 2288 ἕκαστον,
1417 2225 1493 2288 ὡς
1530 2226 1688 2279 ἀλλο-

102 2307 215 2377 τρία
253 2307 498 2377 δυνάμει
530 2308 834 2378 κεχρῆσθαι
862 2314 928 2381 τῇ
961 2309 1049 2364 διὰ
1089 2312 1184 2365 τοῦ
1231 2313 1582 2383 Πνεῦματοςο
1618 2313 1688 2388 ἦν

101 2397 199 2468 γὰρ
240 2400 340 2451 καὶ
385 2398 540 2452 ἔστιν
578 2399 744 2452 αὐτοῦ
795 2400 856 2452 τὸ
903 2400 1148 2471 Πνεῦμα,
1199 2403 1452 2477 καθάπερ
1496 2408 1693 2476 ἀμέλει,

100 2487 183 2542 καὶ
214 2489 312 2541 τοῦ
347 2488 611 2559 Πατρός⁶
648 2490 742 2542 καὶ
778 2490 935 2543 τοῦτο
979 2493 1115 2562 ἡμῖν
1145 2489 1203 2547 εὖ
1250 2496 1400 2564 μάλα
1438 2503 1690 2569 σαφηνιεῖ

98 2578 388 2649 γεγραφὼς
447 2583 474 2633 ό
531 2579 819 2645 Θεσπέσιος
865 2582 1107 2648 Παῦλος·
1163 2604 1183 2637 ι
1236 2588 1300 2641 Οί
1340 2588 1398 2641 δὲ
1434 2589 1493 2642 ἐν
1524 2592 1688 2662 σαρκὶ

97 2670 257 2737 ὀντες,
296 2671 427 2741 Θεῷ
467 2671 667 2741 ἀρέσαι
710 2672 770 2724 οὐ
810 2671 1100 2727 δύνανταιο
1132 2675 1290 2746 ὑμεῖς
1331 2678 1389 2731 δὲ
1433 2680 1535 2733 οὐκ
1563 2682 1687 2736 ἐστὲ

97 2764 146 2816 ἐν
188 2766 385 2835 σαρκὶ,
420 2765 541 2817 ἀλλ’
573 2767 631 2817 ὲν
655 2765 954 2835 Πνεύματι,
989 2769 1145 2840 είπερ
1192 2768 1417 2841 Πνεῦμα
1444 2770 1578 2825 Θεοῦ
1612 2777 1688 2829 oi-

97 2854 175 2903 κεῖ
215 2853 275 2904 ὲν
329 2853 492 2922 ὑμῖν.
544 2852 606 2904 El
654 2852 711 2904 δέ
751 2870 834 2915 τις
884 2854 1107 2925 Πνεῦμα
1148 2858 1385 2927 Χριστοῦ
1423 2861 1521 2913 οὐκ
1550 2861 1685 2934 ἔχει,

97 2936 240 3006 οὗτος
278 2944 389 2996 οὐκ
422 2942 575 2995 ἔστιν
627 2943 818 2996 αὑτοῦ.
868 2944 1258 3016 Ἐκπορεύεται
1304 2950 1404 3020 μὲν
1460 2953 1569 3024 γάρ
1612 2955 1692 3018 ὡς

97 3036 152 3088 ἑκ
186 3046 210 3074 ⁸
245 3034 349 3087 τοῦ
383 3033 526 3087 Θεοῦ
559 3036 653 3086 καὶ
682 3035 896 3105 Πατρδς
921 3035 980 3087 τὸ
1009 3035 1235 3107 Πνεῦμα
1262 3040 1325 3091 τὸ
1350 3041 1689 3108 ἀγιον,κατὰ

3262 379 3371 438 454

2341 486 2525 559 Cyrilli
2562 490 2814 558 defensio.

1865 593 1983 648 Jam
2029 596 2163 661 dixi,
2216 596 2356 660 quod
2406 596 2647 654 Nestorii
2680 602 2836 669 nugls
2868 613 2961 655 seu
2993 599 3365 670 biaspbemiis,

1794 693 1847 740 et
1881 685 1996 752 eius
2026 687 2190 741 dictis
2241 687 2527 742 admodum
2567 690 2872 745 temerariis
2900 690 3073 745 virtus
3107 691 3369 760 capitulo-

1794 793 1914 833 rum
1948 790 2228 849 repugnat.
2258 780 2353 833 lllo
2390 797 2618 847 namque
2652 784 2868 837 dicente
2897 783 2962 837 de
2999 783 3199 853 Spiritu
3236 799 3367 838 san-

1793 878 1883 924 cto
1929 887 1944 925 :
1991 869 2038 924 Is
2065 872 2155 939 qui
2191 880 2392 924 tantam
2439 871 2655 927 Christo
2701 874 2927 943 gloriam
2982 875 3232 940 contulit,
3275 876 3366 943 qui

1794 976 1918 1015 eum
1967 962 2299 1017 daemonibus
2341 961 2470 1016 fecit
2501 964 2820 1029 terribilem,
2853 965 3180 1034 donavitque
3209 966 3258 1019 ei
3301 966 3367 1020 ad

1794 1052 1963 1107 caelos
1987 1054 2359 1108 ascensionem
2382 1062 2466 1107 :et
2492 1061 2742 1122 tanquam
2769 1056 2835 1111 de
2866 1058 3049 1126 aliquo
3076 1057 3367 1111 secundum

1796 1160 1895 1200 uos
1923 1146 2141 1200 homine
2173 1149 2456 1202 communi
2494 1148 2609 1202 haec
2655 1149 3048 1216 deblaterante,
3088 1150 3259 1205 factus
3286 1157 3369 1205 est

1796 1236 2107 1288 necessario
2153 1235 2663 1302 anathematismus,
2702 1252 2808 1292 non
2853 1240 3110 1295 adversus
3151 1254 3243 1294 eos
3275 1241 3368 1309 qui

1796 1322 1980 1378 dicunt
2006 1322 2360 1379 clariﬁcatum
2389 1341 2417 1379 a
2447 1324 2651 1395 Spiritu
2674 1337 2865 1382 sancto
2888 1328 3093 1397 Jesum,
3125 1332 3230 1386 hoc
3258 1339 3365 1395 est,

1796 1414 2205 1469 inhumanalum
2236 1417 2328 1470 Dei
2354 1414 2625 1484 Verbum;
2660 1420 2753 1475 sed
2799 1421 2976 1489 potius
3005 1433 3189 1476 contra
3226 1423 3365 1488 illos,

1796 1504 1887 1574 qui
1921 1504 2263 1573 impudenter
2296 1520 2419 1560 eum
2452 1507 2651 1560 virtute
2690 1524 2786 1577 per
2820 1508 3079 1579 Spiritum
3112 1520 3367 1579 tanquam

1797 1593 1970 1647 aliena
2010 1610 2169 1648 usum
2204 1595 2414 1649 dicunt.
2463 1594 2809 1652 Meminimus
2850 1599 2993 1653 enim
3034 1615 3155 1654 eum
3188 1610 3375 1668 aperte

1798 1682 1999 1736 dixisse
2025 1683 2093 1737 de
2120 1692 2311 1737 sancto
2342 1682 2547 1751 Spiritu
2576 1700 2631 1736 τι
2665 1684 2759 1739 Ille
2784 1701 2867 1740 me
2896 1686 3219 1742 clariﬁcabit
3242 1688 3309 1741 “.
3348 1706 3367 1740 ι

1797 1770 2055 1828 Novimus
2085 1772 2151 1828 ad
2184 1773 2299 1828 haec
2340 1776 2515 1829 sancti
2566 1772 2802 1844 Spiritus
2851 1777 3017 1846 229
3059 1779 3377 1848 operatione

1795 1871 2168 1918 conterentem
2205 1863 2577 1933 ncquissimas
2629 1865 3046 1937 immundasque
3098 1871 3370 1924 virtutes:

1793 1953 1887 2008 sed
1919 1967 2026 2007 non
2075 1953 2146 2007 ita
2178 1953 2411 2008 dicimus
2436 1968 2584 2019 eum,
2620 1956 2764 2010 sicut
2797 1972 3235 2028 unumquemque
3268 1959 3378 2015 sci-

1793 2040 1922 2095 licet
1964 2052 2314 2105 sanctorum,
2368 2042 2570 2095 virtute
2614 2041 2851 2112 Spiritus
2897 2048 3069 2099 sancti
3114 2053 3374 2115 tanquam

1796 2129 1969 2184 aliena
2002 2145 2183 2185 usum.
2223 2130 2355 2183 Erat
2397 2132 2542 2185 enim
2572 2139 2626 2184 et
2657 2140 2742 2185 est
2774 2130 2891 2200 ejus
2922 2132 3179 2202 Spiritus,
3211 2137 3374 2190 sicuti

1796 2228 1947 2274 certe
1973 2227 2027 2274 et
2057 2220 2254 2273 Patris.
2300 2219 2363 2272 Et
2393 2218 2495 2273 hoc
2530 2219 2686 2273 nobis
2714 2221 2851 2275 bene
2898 2224 3031 2278 satis
3065 2224 3375 2293 explanabit

1797 2309 2014 2364 divinus
2060 2307 2260 2363 Paulus
2308 2308 2557 2363 scribens
2604 2327 2617 2364 :
2656 2328 2674 2361 ι
2714 2310 2815 2376 Qui
2864 2322 3041 2366 autem
3097 2315 3149 2367 iu
3208 2331 3374 2371 carne

1794 2409 1941 2465 sunt,
1995 2399 2104 2455 Deo
2154 2400 2371 2469 placere
2424 2417 2528 2455 nou
2577 2411 2825 2469 possunt.
2880 2402 2985 2459 Vos
3032 2416 3210 2459 autem
3265 2421 3372 2461 non

1793 2492 1926 2543 estis
1964 2489 2017 2542 in
2068 2503 2253 2555 carne,
2284 2488 2377 2543 sed
2430 2489 2482 2543 in
2533 2488 2737 2558 Spiritu
2772 2506 2786 2544 :
2820 2490 2865 2545 si
2918 2500 3094 2545 tamen
3138 2492 3374 2563 Spiritus

1793 2578 1888 2634 Dei
1910 2579 2191 2632 habitatio
2222 2579 2398 2633 vobis.
2424 2578 2483 2632 Si
2514 2579 2635 2647 quis
2653 2587 2833 2634 autem
2872 2580 3133 2650 Spiritum
3163 2582 3370 2637 Christi

1792 2685 1898 2723 non
1924 2669 2108 2736 habet,
2130 2670 2215 2723 hic
2238 2684 2343 2723 non
2371 2678 2454 2724 est
2473 2669 2705 2739 ejus‘M
2724 2669 2974 2725 Procedit
3004 2672 3147 2725 enim
3171 2688 3236 2727 ex
3266 2673 3373 2727 Deo

1793 2769 1846 2817 et
1872 2759 2032 2815 Patre
2078 2759 2310 2827 Spiritus
2341 2770 2563 2815 sanctus
2607 2761 2903 2815 secundum
2944 2761 3242 2817 Salvatoris
3274 2779 3369 2819 vo-

1794 2867 1912 2907 cem
1942 2852 2025 2918 “;
2066 2852 2161 2906 sed
2206 2868 2312 2905 non
2350 2853 2433 2906 c'st
2463 2852 2675 2907 alienus
2710 2869 2739 2907 a
2786 2854 2923 2911 Filio
2958 2874 2970 2909 :
3001 2855 3184 2911 omnia
3225 2858 3369 2912 enim

1795 2945 1957 2999 habet
1994 2958 2115 2999 cum
2160 2942 2345 3005 Patre,
2391 2951 2444 2999 et
2488 2945 2590 2998 hoc
2622 2945 2736 3015 ipse
2778 2946 3013 3011 edocuit,
3063 2948 3249 3002 dicens
3305 2949 3374 3003 de

1796 3038 2000 3107 Spiritu
2038 3046 2270 3092 sancto:
2308 3055 2326 3087 ι
2367 3035 2562 3091 Omnia
2608 3051 2943 3107 quaecunque
2997 3038 3156 3092 habet
3187 3037 3371 3103 Pater,

96 3122 187 3191 τὴν
218 3123 318 3176 τοῦ
359 3123 625 3192 Σωτῆρος
672 3123 875 3194 φωνὴν,
935 3125 1046 3179 ἀλλ’
1080 3128 1182 3181 οὐκ
1237 3128 1517 3199 ἀλλότριόν
1570 3134 1688 3185 ἐστι

1796 3146 1913 3184 mea
1942 3137 2089 3184 sunt.
2127 3128 2420 3197 Propterea
2457 3127 2567 3183 dixi
2610 3130 2781 3193 vobis,
2823 3130 2948 3199 quia
2982 3132 3047 3185 de
3081 3144 3198 3185 meo
3227 3132 3373 3186 acci-

95 3213 181 3267 τοῦ
220 3214 400 3267 Υίοῦν
457 3215 639 3267 πάντα
687 3216 795 3286 γὰρ
843 3215 954 3287 ἔχει
988 3219 1128 3287 μετά
1175 3220 1268 3272 τοῦ
1307 3221 1523 3292 Πατρός
1555 3237 1568 3251 ·
1597 3225 1692 3277 καὶ

94 3304 246 3358 τοῦτο
282 3304 457 3367 αὐτὸς
496 3304 737 3368 ἐδίδαξεν
766 3305 937 3359 εἰπὼν
967 3308 1096 3379 περὶ
1124 3307 1218 3362 τοῦ
1250 3310 1405 3377 ἁγίου
1440 3311 1694 3382 Πνεῦμα-

96 3414 215 3462 τος’
269 3416 290 3450 ι
341 3398 541 3453 Πάντα
579 3398 679 3452 ὅσα
736 3397 849 3468 ἔχει
900 3400 929 3452 ὁ
982 3400 1193 3470 Πατὴρ,
1243 3402 1353 3470 ὲμά
1402 3403 1539 3456 ἐστι.
1594 3404 1693 3458 Διά

97 3492 250 3544 τοῦτο
291 3486 461 3543 εἶπον
502 3489 654 3559 ὑμῖν,
689 3489 785 3541 ὅτι.
819 3492 882 3543 ὲκ
922 3489 1015 3543 τοῦ
1051 3491 1185 3561 ἐμοῦ
1236 3492 1463 3564 λήψεται
1504 3495 1549 3560 τ,
1598 3497 1693 3549 καὶ

96 3580 401 3650 ἀναγγελεῖ
433 3580 584 3656 ὑμίν.
624 3597 642 3630 ι
682 3578 890 3632 Οὐκοῦν
917 3578 1136 3645 ἐδόξασα
1172 3582 1270 3652 μὲν
1297 3582 1389 3637 τὸν
1406 3584 1608 3652 Ἰησοῦν
1633 3585 1693 3638 τὸ

94 3672 323 3743 Πνεῦμα
359 3670 426 3724 τὸ
466 3671 644 3739 ἅγιον,
678 3670 934 3741 ἐνεργοῦν
978 3670 1050 3725 τά
1095 3672 1403 3742 παράδοξαο
1436 3674 1575 3745 πλὴν
1616 3674 1693 3738 ὼς

92 3762 319 3831 Πνεῦμα
354 3758 554 3823 αὑτοῦ,
579 3760 673 3812 καὶ
705 3760 806 3813 οὐκ
836 3760 1093 3832 ἀλλοτρία
1121 3761 1370 3831 δύναμις,
1393 3764 1487 3816 καὶ
1512 3766 1693 3834 κρείτ-

90 3868 195 3902 των
228 3848 437 3911 αὑτοῦ,
470 3848 609 3899 καθὸ
644 3850 846 3900 νοεῖται
884 3847 1037 3911 Θεός.
1076 3850 1190 3902 Οὐκ
1228 3850 1693 3923 ὲδυσφημήσαμεν

91 3942 275 3993 τοίνυν
304 3940 396 4002 εἰς
428 3936 622 4005 ἁγίους
651 3937 941 4005 ἀγγέλους,
971 3937 1095 3992 οὔτε
1129 3939 1235 4010 μὴν
1263 3942 1344 4002 είς
1382 3942 1689 4012 προφήτας,

93 4031 233 4085 καθὰ
264 4030 619 4099 τετόλμηκεν
641 4029 815 4082 εἰπεῖν
836 4031 864 4082 ὁ
892 4030 1051 4099 μόνον
1073 4030 1228 4093 εἰδὼς
1250 4034 1311 4082 τὸ
1343 4035 1689 4102 κατηγορεῖν.

104 4121 262 4173 Ἐπεὶ
311 4119 375 4171 δέ
420 4120 540 4170 ἔστι
574 4118 777 4181 σκοπὸς
816 4116 964 4189 αὐτῷ
1001 4135 1061 4171 τε
1108 4119 1205 4172 καὶ
1239 4121 1354 4181 τοῖς
1381 4120 1500 4172 κατ’
1532 4120 1694 4173 αὑτὸν

92 4212 152 4265 τὸ
186 4211 444 4279 διαιρεῖν
482 4210 565 4272 είς
608 4208 705 4263 δύο
754 4210 1026 4281 Χριστοὺς
1053 4210 1143 4262 τὸν
1175 4210 1292 4274 ἕνα,
1339 4211 1434 4262 καὶ
1472 4209 1564 4263 τὸν
1596 4212 1695 4281 μὲν

90 4301 472 4373 δοξαζόμενόν
514 4318 575 4354 τε
606 4301 700 4355 καὶ⁵
744 4301 1158 4372 ἐνεργούμενον,
1193 4301 1285 4353 τὸν
1320 4301 1378 4353 δὲ
1406 4300 1698 4366 δοξάζοντά

86 4411 148 4446 τε
175 4396 278 4448 καὶ
301 4392 643 4464 ἐνεργοῦντα
671 4393 872 4461 λέγειν,
896 4392 1386 4447 κατασκώπτουσιν
1419 4394 1695 4459 ἀσυνέτως

1794 3220 1923 3290 piet,
1954 3225 2009 3271 et
2039 3217 2382 3270 annuntiabit
2408 3217 2561 3270 vobis
2587 3216 2663 3281 ‘7.
2688 3234 2707 3267 ι
2738 3216 2880 3286 Ergo
2902 3216 3226 3271 clarificavit
3252 3218 3374 3288 quic

1793 3308 1913 3361 dem
1959 3304 2144 3359 Jesum
2204 3305 2441 3373 Spiritus
2494 3313 2720 3358 sanctus
2769 3305 3106 3359 admirabilia
3140 3320 3376 3375 operan-

1796 3405 1900 3449 tem
1937 3395 2034 3464 (1),
2068 3406 2435 3447 verumtamen
2464 3402 2523 3446 ut
2554 3394 2778 3462 spiritus
2807 3393 2947 3462 ejus,
2978 3405 3033 3449 et
3060 3410 3164 3449 non
3198 3395 3375 3449 aliena

1794 3486 1990 3551 virtus,
2026 3493 2081 3537 et
2110 3498 2173 3537 eo
2200 3483 2568 3552 praestantior,
2610 3484 2905 3537 secundum
2944 3485 3087 3553 quod
3117 3485 3373 3553 intelligi-

1794 3584 1881 3629 tur
1916 3575 2078 3629 Deus.
2129 3572 2244 3628 Non
2288 3572 2785 3642 blasphemavimus
2840 3574 3005 3643 igitur
3055 3574 3107 3628 in
3157 3583 3375 3629 sanctos

1794 3666 2039 3737 angelos,
2069 3679 2169 3720 nec
2200 3665 2253 3719 in
2285 3665 2602 3734 prophetas,
2636 3666 2779 3720 sicut
2813 3666 2993 3720 dicere
3030 3666 3375 3735 praesumpsit

1793 3758 1883 3827 qui
1926 3756 2267 3813 solummodo
2300 3770 2569 3811 accusare
2601 3757 2771 3810 novit.
2812 3756 2948 3823 Quia
2976 3772 3104 3811 vero
3129 3758 3375 3826 proposi—

1796 3858 1907 3902 tum
1940 3848 2056 3916 ejus
2080 3856 2134 3902 et
2153 3848 2425 3901 sociorum
2444 3854 2548 3911 est,
2581 3854 2643 3899 ut
2692 3862 2854 3900 unum
2884 3848 2937 3900 in
2968 3847 3108 3901 duos
3137 3847 3374 3903 christos

1794 3940 2055 4004 dividant,
2092 3948 2145 3993 et
2183 3938 2330 3992 illum
2366 3936 2584 4006 quidem
2612 3937 2923 4001 clarilicari,
2963 3945 3019 3990 et
3047 3936 3112 3991 ad
3139 3952 3374 4005 Operan-

1794 4033 1920 4087 dum
1967 4029 2291 4100 permoveri,
2327 4029 2473 4083 hunc
2504 4043 2632 4083 vero
2668 4039 2721 4081 et
2749 4028 3051 4083 clariﬂcare
3073 4036 3127 4084 et
3156 4029 3373 4096 operari

1795 4121 2019 4177 dicant:
2054 4121 2172 4174 ideo
2196 4127 2429 4186 carpunt
2459 4119 2783 4189 insipienter
2814 4131 3029 4172 omnem
3062 4133 3372 4173 sermonem

1796 4209 1963 4280 pium,
1989 4218 2043 4263 et
2062 4207 2154 4277 qui
2184 4207 2377 4275 ipsosa
2405 4206 2496 4260 tali
2526 4222 2783 4275 perversa
2809 4208 3082 4261 sententia
3111 4208 3371 4264 dimovet.

1797 4300 2031 4355 Proinde
2069 4298 2136 4352 de
2176 4298 2335 4353 beato
2376 4296 2629 4351 Gabriele
2676 4296 2883 4351 iaciens
2934 4310 3239 4351 sermonem
3283 4313 3374 4353 ca-

1800 4390 2091 4445 lumniator
2122 4390 2262 4442 iste:
2294 4387 2505 4442 Etenim
2542 4387 2688 4441 illum
2720 4386 2811 4457 qui
2833 4388 3128 4442 secundum
3151 4401 3371 4442 carnem

92 4489 280 4540 πάντα
320 4486 490 4553 λόγον
521 4484 738 4555 εὐσεϐῆ,
775 4486 867 4538 καὶ
910 4477 1011 4556 τῆς
1041 4484 1297 4555 τοιαύτης
1330 4487 1528 4549 αὐτοὺς
1590 4488 1691 4557 ἀφ-

1795 4489 1898 4545 est,
1920 4479 2113 4547 inquit,
2134 4478 2411 4533 Christum
2441 4492 2507 4531 ex
2541 4476 2744 4547 Spiritu
2774 4485 2964 4532 sancto
3000 4490 3181 4531 natum
3221 4494 3371 4545 esse,

92 4578 373 4640 ωτῶντας
408 4576 438 4617 ⁸
470 4574 808 4637 κακοδοξίας.
846 4574 956 4629 Καὶ⁵
980 4573 1110 4643 γοῦν
1142 4574 1388 4644 περὶτοῦ
1423 4576 1695 4645 μακαρίου

88 4669 347 4741 Γαϐριὴλ
400 4667 495 4719 τὸν
546 4666 702 4733 λόγον
761 4666 1081 4736 ποιούμενος
1119 4669 1148 4720 ό
1192 4665 1459 4734 φιλαίτιος
1490 4667 1693 4733 οὑτοσὶ,

90 4761 194 4813 Τὸν
230 4760 350 4829 γάρ
383 4759 415 4797 ιι
450 4756 593 4810 κατά
627 4757 1001 4829 σάρκα,,φησὶ,
1029 4758 1263 4826 Χριστὸν
1298 4757 1361 4809 ὲκ
1380 4756 1697 4826 Πνεύματος

92 4854 255 4921 ἁγίου
294 4847 687 4919 γεγεννῆσθαι,
718 4848 931 4919 πρῶτος
957 4849 1163 4909 ἐκεῖνος
1190 4847 1283 4899 καὶ
1307 4846 1414 4915 πρὸ
1450 4847 1550 4916 τῆς
1579 4847 1696 4900 δια·-

88 4944 360 5006 πλάσεως
394 4940 689 5011 ἐκήρυξεν.
720 4938 942 5011 Ἕτερος
970 4933 1062 4991 οὗν
1106 4938 1214 5007 ἄρα
1252 4937 1369 4989 ἐστὶ
1401 4938 1633 5008 Χριστὸς
1667 4939 1695 4990 ὁ

88 5034 237 5086 κατά
271 5032 595 5103 σάρκα,καὶ
616 5031 798 5102 ἔτερος
828 5030 1008 5093 ίδικῶς
1036 5029 1267 5099 Χριστὸς
1285 5027 1350 5099 δὴ
1380 5028 1542 5087 πάλιν
1573 5030 1601 5080 ό
1634 5028 1696 5080 ὲκ

1802 4573 2009 4641 primus
2038 4571 2127 4625 ille
2171 4580 2225 4626 et
2267 4580 2395 4624 ante
2439 4570 2818 4623 formationem
2859 4568 3191 4636 praedicavit.
3223 4571 3377 4626 Atius

1802 4665 1967 4733 igitur
1994 4672 2078 4717 est
2109 4662 2359 4716 Christus
2404 4660 2493 4713 ille
2524 4660 2617 4727 qui
2670 4657 2970 4712 secundum
3020 4673 3260 4724 carnem,
3321 4670 3377 4714 et

1802 4749 1943 4803 alius
1968 4747 2197 4802 seorsim
2226 4746 2476 4802 Christus
2504 4759 2692 4800 rursus
2724 4743 2983 4809 Verbum,
3009 4747 3149 4815 quod
3176 4763 3243 4801 ex
3266 4748 3377 4803 Deo

1801 4838 1966 4893 Patre
1986 4846 2091 4893 est.
2128 4836 2235 4892 Ubi
2269 4837 2432 4905 igitur
2471 4834 2642 4890 unio?
2673 4845 2728 4889 et
2760 4850 2879 4905 quae
2921 4835 3043 4889 inde
3073 4837 3297 4903 utilitas,
3329 4841 3376 4895 si

1803 4930 1907 4983 duo
1954 4926 2171 4992 christi,
2201 4936 2254 4981 et
2290 4926 2519 4982 seorsim
2558 4940 2620 4981 ac
2657 4926 2869 4980 divisim
2904 4933 3133 4993 uterque
3177 4928 3378 4982 intelli-

1802 5036 1963 5093 gatur
1990 5038 2054 5077 ac
2082 5022 2450 5091 praedicetur?
2488 5022 2783 5091 Eapropter
2839 5018 2965 5071 licet
2998 5019 3214 5087 pietatis
3254 5036 3379 5091 per-

158 5204 207 5237 “
237 5202 409 5258 Joan.
444 5217 557 5267 xu,
591 5202 679 5257 H.
757 5201 801 5233 ⁸³
837 5201 990 5255 Rom.
1034 5215 1151 5265 vm,
1183 5200 1237 5267 8,
1280 5199 1314 5255 9
1411 5201 1457 5233 "
1487 5202 1642 5256 Joan.
1677 5215 1762 5268 xv,
1795 5200 1887 5263 26,
1962 5202 2007 5234 ⁸⁷
2030 5200 2183 5259 Joan.
2217 5218 2325 5268 xvi,
2372 5202 2456 5256 l5.

1134 5353 1311 5409 Varia:
1335 5356 1594 5411 lectiones
1628 5369 1695 5413 ex
1717 5355 1905 5411 codice
1930 5354 2303 5425 Seguierlano.

160 5525 187 5552 ι
228 5512 312 5573 ὠς
350 5510 509 5582 περί.
589 5509 618 5549 δ
655 5508 871 5578 ἀνέδην.

949 5522 972 5549 ε
1001 5509 1110 5582 γὰρ
1136 5510 1221 5581 δή.
1298 5509 1327 5551 ἀ
1362 5510 1538 5570 τοῦτο.

90 5594 115 5631 ξ.
142 5584 247 5636 καὶ
293 5580 428 5651 γάρ.

1655 5524 1678 5553 ο
1708 5512 1814 5583 γάρ
1845 5515 1929 5568 ἐκ.

2038 5511 2056 5550 ἲ
2089 5510 2374 5581 λαμόάνει.
2476 5512 2501 5551 ε
2538 5511 2873 5580 ἁφιστῶντος
2912 5511 2968 5583 ἢ,
3030 5509 3367 5579 ἀφιστῶντα.

166 5745 252 5818 (l)
288 5742 557 5813 Operam.
590 5734 863 5807 interpres
892 5740 1068 5790 autem
1094 5732 1289 5805 legisse
1313 5734 1524 5794 videtur
1549 5738 1693 5810 conjt

1795 5740 1899 5809 .im,
1930 5739 2257 5810 ἐνεργοῦντα
2296 5736 2589 5809 παράδοξα.
