4040 6438
649 339 789 393 1259

1641 334 1696 385 S.
1734 328 2011 386 ιῖιιιιιιι
2051 325 2518 382 ALEXANDRINI
2557 324 2871 381 AilClllEP.

3780 321 3904 374 1260

643 453 858 508 sanctis
887 453 1027 509 ﬁdei.
1062 452 1504 509 Subintroierunt
1538 450 1678 505 enim
1722 451 1939 519 quidam
1975 443 2219 503 homines

2334 447 2684 517 παραδοθείσῃ
2718 447 2828 506 τοῖς
2865 442 3039 510 ἁγίοις
3088 441 3290 494 πίστει.
3345 439 3772 513 Παρεισέδυσαν
3809 440 3905 509 γάρ

654 548 772 616 (qui
815 546 942 600 olim
974 545 1269 615 prmscripti
1311 554 1438 599 sunt
1477 543 1531 597 in
1571 545 1672 596 hoc
1713 540 2003 610 judicium)
2047 539 2215 608 impii,

656 638 746 691 Dei
784 638 952 693 nostri
979 637 1206 708 gratiam
1235 635 1620 691 transferentes
1646 636 1698 688 in
1728 633 2024 695 luxuriam,
2057 641 2112 684 et
2138 644 2218 682 so-

650 729 760 780 lum
795 728 1213 789 Dominatorem,
1232 736 1282 779 et
1302 728 1580 781 Dominum
1605 734 1842 779 nostrum
1863 722 2045 776 Jesum
2069 721 2220 776 Chri-

654 829 793 872 stum
814 818 1145 887 negantes”.
1179 837 1195 870 ι
1219 817 1350 873 Cum
1374 814 2082 871 incarnationisdoctrinam
2109 811 2222 865 uni-

655 925 811 962 verse
843 910 1212 974 admittamus,
1247 909 1514 977 quomodo
1545 908 1635 975 qui
1666 906 1828 960 semel
1852 903 2218 962 crediderunt,

656 1000 938 1051 Dominum
971 1009 1209 1052 nostrum
1228 996 1409 1052 Jesum
1429 996 1700 1051 Christum
1726 1007 1920 1062 negare
1938 989 2222 1044 dicuntur?

654 1093 798 1145 Sane
832 1092 876 1144 si
909 1090 1066 1143 alium
1095 1089 1285 1143 Filium
1333 1089 1423 1144 Dei
1455 1088 1630 1142 Patris
1663 1087 1892 1141 Verbum
1927 1097 2046 1137 esse
2069 1083 2218 1136 diste-

656 1185 846 1249 rlmus,
872 1184 1032 1236 alium
1058 1196 1243 1234 rursus
1269 1195 1412 1243 eum,
1445 1178 1534 1247 qui
1571 1187 1730 1229 natus
1754 1183 1835 1229 est
1861 1188 1925 1226 ex
1961 1171 2218 1234 muliere;

655 1291 816 1327 unum
873 1274 1154 1328 Dominum
1214 1274 1414 1325 diserte
1467 1269 1790 1322 inﬁciamnr.
1867 1264 2015 1318 Unus
2075 1263 2225 1317 enim-

655 1368 914 1422 Dominus
942 1364 1098 1419 Iesus
1129 1364 1404 1424 Christus,
1438 1375 1600 1413 carne
1626 1359 1750 1428 ejus
1786 1358 2079 1413 secundum
2109 1353 2220 1408 dis-

655 1458 1012 1526 pensatoriam
1066 1473 1185 1511 cum
1237 1454 1328 1508 Dei
1395 1453 1569 1506 Patris
1608 1450 1783 1505 Verbo
1838 1448 2110 1513 unionem,
2153 1446 2220 1499 ad

655 1549 872 1603 deitatis
916 1548 1134 1617 gloriam
1171 1556 1377 1600 evecta.
1427 1545 1579 1600 Unus
1608 1542 1832 1612 proinde
1867 1549 1947 1594 est
1969 1539 2220 1594 Christus

654 1652 707 1691 et
755 1639 922 1693 Filius
961 1654 973 1690 :
1013 1638 1080 1691 ita
1127 1636 1271 1690 enim
1309 1635 1413 1689 erit
1455 1633 1611 1702 hujus
1655 1631 1889 1686 universi
1935 1627 2216 1684 Dominus.

901 1863 985 1918 Ex
1015 1860 1297 1930 Evangelia
1326 1860 1609 1913 secundum
1639 1855 1970 1911 Matt/tarum.

1079 1970 1230 2035 Quod
1259 1967 1498 2024 Christus
1535 1969 1597 2019 sit
1635 1966 1794 2019 Deus.

736 2104 752 2136 ι
790 2084 916 2138 llzec
940 2092 1120 2137 autem
1155 2097 1219 2136 eo
1240 2083 1536 2150 cOgitante,
1573 2093 1698 2134 ecce
1749 2076 1969 2146 angelus
2015 2073 2220 2128 Domini

657 2179 902 2246 apparuit
946 2176 999 2228 in
1037 2175 1238 2229 somnis
1294 2174 1380 2235 ei,
1411 2174 1640 2226 dicens:
1682 2169 1876 2240 Josepli
1929 2168 2001 2222 ﬁli
2036 2165 2223 2228 David,

658 2272 766 2324 noli
800 2271 988 2321 timere
1019 2265 1268 2334 accipere
1294 2263 1514 2317 Mariam
1543 2261 1822 2330 conjugem
1856 2270 2000 2312 tuam
2037 2274 2048 2308 :
2081 2257 2224 2326 quod

659 2364 800 2415 enim
835 2360 888 2412 in
915 2373 975 2411 ea
1007 2365 1185 2410 natum
1217 2363 1320 2417 est,
1350 2356 1414 2409 de
1445 2353 1646 2422 Spiritu
1685 2360 1873 2406 sancto
1913 2358 2012 2403 est.
2047 2348 2224 2401 Pariet

657 2463 836 2505 autem
865 2451 1050 2512 lilium,
1085 2455 1140 2501 ct
1163 2447 1381 2502 vocabis
1431 2460 1623 2499 nomen
1676 2443 1791 2511 ejus
1839 2441 2067 2496 .lesum:
2112 2439 2226 2508 ipse

656 2544 800 2597 enim
838 2540 1039 2593 salvum
1072 2539 1234 2592 faciet
1278 2537 1529 2605 populum
1578 2550 1731 2589 suum
1772 2549 1800 2586 a
1852 2532 2086 2602 peccatis
2130 2545 2228 2585 eo-

657 2648 776 2685 rum
809 2631 872 2684 5‘.
910 2650 927 2682 ι
971 2631 1082 2684 Duo
1123 2629 1280 2683 simul
1328 2629 1428 2681 hoc
1479 2626 1594 2680 loco
1640 2625 1811 2693 ponit,
1853 2638 1973 2692 qua:
2015 2624 2064 2675 in
2093 2622 2227 2676 divi-

658 2740 778 2776 nam
819 2733 1021 2776 tantum
1061 2730 1308 2774 naturam
1346 2719 1635 2786 quadrant,
1675 2731 1778 2768 non
1823 2717 1982 2767 etiam
2031 2715 2081 2765 in
2127 2713 2225 2766 hu-

658 2831 893 2867 manum.
938 2812 1147 2866 Asserit
1198 2821 1431 2876 namque
1461 2807 1598 2875 ejus,
1633 2805 1721 2872 qui
1769 2817 1832 2855 ex
1877 2802 2046 2854 Maria
2075 2807 2226 2854 ortus

656 2916 760 2971 est,
793 2921 883 2958 eos
909 2917 1116 2964 omnes,
1148 2901 1235 2965 qui
1272 2899 1495 2952 salutem
1542 2911 1637 2962 per
1669 2897 1843 2963 ipsum
1891 2903 2228 2960 consequun-

662 3011 769 3062 tur,
831 2994 1082 3065 populum
1142 3005 1259 3045 esse
1308 2988 1670 3059 peculiarem;
1725 2995 1833 3038 tum
1877 2990 1931 3035 et
1999 2980 2128 3049 ipsis
2167 2979 2228 3031 il-

664 3094 770 3145 lum
819 3093 1034 3156 peccata
1072 3083 1436 3139 dimissurum.
1465 3078 1621 3146 Atqui
1665 3075 1757 3128 Dei
1788 3083 1912 3127 sunt
1937 3072 2186 3124 universa
2211 3107 2225 3133 ,

2249 1800 2295 1855 Β

2321 554 2461 601 τινες
2489 538 2784 608 ἄνθρωποι,
2814 538 2862 588 oi
2899 534 3064 588 πάλαι
3099 534 3591 604 προγεγραμμένοι
3630 534 3721 595 εἰς
3753 532 3903 584 τοῦτο

2320 627 2380 680 τὸ
2419 631 2611 697 κρῖμα,
2643 626 2882 689 ἀσεϐεῖς,
2914 625 3013 695 τὴν
3041 624 3136 677 τοῦ
3169 623 3304 676 Θεοῦ
3336 623 3493 694 ἡμῶν
3525 623 3702 694 χάριν
3753 639 3908 691 μετα-

2320 717 2556 780 τιθέντες
2585 719 2662 779 είς
2697 717 3006 784 ἀσέλγειαν,
3039 715 3133 768 καὶ
3161 715 3253 767 τὸν
3281 715 3443 784 μόνον
3478 714 3781 782 Δεσπότην
3827 715 3910 766 καί

2322 808 2522 877 Κύριον
2561 806 2716 875 ἡμῶν
2763 805 2967 876 Ἰησοῦν
3012 805 3247 876 Χριστὸν
3297 806 3660 875 ἀρνούμενοι.
3695 822 3715 854 ι
3757 805 3908 857 Κατὰ

2321 897 2438 950 τίνα
2476 897 2678 966 τρόπον
2735 895 3029 967 ἀρνήσεταί
3073 912 3154 959 τις
3198 896 3306 948 τῶν
3340 896 3486 959 ἅπαξ
3535 895 3911 948 πεπιστευκόο

2319 989 2527 1042 τωντὸν
2544 987 2921 1058 Κύριονήμῶν
2955 986 3158 1056 Ἰησοῦν
3200 986 3471 1057 Χριστόν;
3531 986 3742 1038 Καίτοι
3777 1000 3912 1057 παρο

2319 1079 2619 1150 εδεξάμεθι
2661 1079 2913 1148 τὸνιτῆς
2969 1078 3436 1149 ὲνανθρωπήσεως
3479 1078 3679 1146 λόγον·
3716 1079 3838 1130 ἀλλ’
3869 1081 3911 1129 εί

2324 1170 2522 1240 φαμὲν,
2553 1172 2636 1223 ὅτι
2676 1169 2862 1238 ἕτερος
2895 1168 2993 1238 μέν
3027 1171 3176 1225 ἐστιν
3206 1171 3331 1234 Υἱὸς
3358 1173 3385 1223 6
3415 1173 3478 1223 ἐκ
3508 1171 3653 1225 Θεοῦ
3698 1170 3914 1241 Ila-:96;

2322 1260 2514 1326 Λόγος,
2545 1260 2731 1330 ἕτερος
2775 1261 2830 1312 δὲ
2863 1259 2982 1311 κατ’
3015 1258 3151 1313 ἰδίαν
3181 1263 3208 1313 6
3241 1263 3304 1313 ἐκ
3345 1261 3630 1329 γυναικὸς,
3661 1261 3915 1329 ἠρνησά-

2326 1352 2464 1422 μεθα
2496 1352 2588 1405 τὸν
2635 1353 2794 1422 μόνον
2836 1354 3135 1424 Δεσπότην.
3171 1347 3266 1415 Εἷς
3302 1353 3411 1423 γὰρ
3447 1351 3660 1422 Κύριος
3702 1351 3918 1421 Ἰησοῦς

2322 1445 2575 1514 Χριστὸς,
2604 1443 2725 1497 καθ’
2755 1445 2946 1499 ἕνωσιν
2970 1444 3339 1514 οἰκονομικὴν,
3376 1443 3474 1513 τὴν
3500 1444 3642 1514 πρός
3673 1442 3744 1509 γέ
3777 1460 3915 1510 φημι

2321 1535 2411 1587 τὸν
2452 1537 2516 1588 ὲκ
2544 1534 2900 1603 Θεοῦᾉόγον,
2930 1538 3007 1599 εἰς
3035 1538 3133 1605 τὴν
3160 1536 3258 1604 τῆς
3291 1535 3546 1603 θεότητος
3585 1534 3757 1599 δόξαν
3789 1535 3930 1591 ἀνευ,

2324 1624 2594 1696 φοιτώσης
2618 1625 2783 1678 αὑτοῦ
2798 1627 2895 1697 τῆς
2924 1628 3142 1697 σαρκός.
3170 1623 3265 1689 Εἷς
3285 1621 3379 1678 οῦν
3409 1626 3517 1696 ἄρα
3547 1625 3800 1694 Χριστὸς
3824 1625 3917 1676 καὶ

2332 1716 2460 1780 Υἱός
2480 1734 2493 1747 ·
2525 1716 2677 1770 ἔσται
2707 1722 2814 1788 γὰρ
2844 1717 2987 1771 οῦτω
3016 1718 3122 1770 τῶν
3152 1717 3288 1770 ὅλων
3321 1716 3622 1784 Δεσπότης.

2512 1848 2612 1902 Ἐκ
2652 1848 2756 1902 τοῦ
2794 1850 2942 1902 κατὰ
2968 1848 3290 1903 ⁶Μιιτθαῖον·
3322 1849 3732 1920 Εὐαγγελίου.

2762 1956 2892 2008 Ὀτι
2934 1956 3078 2023 Θεὸς
3111 1960 3143 2011 d
3183 1959 3461 2026 Χριστόςι

2401 2085 2419 2116 ι
2469 2067 2653 2121 Ταῦτα
2703 2068 2760 2122 δὲ
2809 2062 2973 2124 αὑτοῦ
3027 2072 3455 2142 ἐνθυμηθέντος,
3515 2075 3630 2128 ἰδοὺ
3683 2075 3919 2144 ἅγγελος

2325 2156 2530 2226 Κυρίου
2562 2161 2679 2212 κατ’
2709 2160 2840 2232 ὄναρ
2871 2163 3045 2234 ἐφάνη
3090 2164 3259 2234 αὐτῷ,
3311 2164 3506 2232 λέγων·
3555 2168 3770 2239 Ἰωσὴφ
3809 2171 3920 2232 υίὸς

2325 2246 2504 2312 Δαυῖδ,
2544 2247 2618 2318 μὴ
2647 2249 2889 2322 φοϐηθῇς
2918 2254 3255 2323 παραλαϐεῖν
3281 2257 3518 2326 Μαριὰμ
3549 2258 3656 2327 τὴν
3679 2263 3920 2326 γυναῖκά

2327 2353 2450 2389 σου·
2480 2338 2540 2390 τὸ
2575 2339 2682 2408 γὰρ
2726 2341 2783 2393 ὲν
2817 2344 2954 2412 αὐτῇ
2996 2345 3273 2414 γεννηθὲν,
3307 2347 3370 2399 ὲκ
3410 2348 3742 2417 Πνεῦματός
3777 2354 3921 2404 ἐστιν

2325 2427 2502 2494 ἁγίου.
2534 2429 2757 2493 Τέξεται
2786 2431 2842 2485 δὲ
2870 2433 3005 2496 υἱὸν,
3033 2435 3127 2487 καὶ
3149 2435 3400 2498 καλέσεις
3431 2439 3490 2489 τὺ
3518 2438 3700 2507 ὄνομα
3726 2440 3916 2502 αὑτοῦ,

2338 2517 2576 2587 Ἰησοῦν·
2627 2519 2790 2582 αὐτὸς
2821 2521 2929 2591 γὰρ
2969 2520 3132 2575 σώσει
3161 2523 3252 2575 τὸν
3281 2525 3407 2577 λἀὸν
3452 2527 3624 2580 αὑτοῦ
3666 2529 3783 2581 ἀπὸ
3817 2531 3922 2581 τῶν

2326 2611 2606 2680 ἁμαρτιῶν
2636 2613 2835 2668 αὐτῶν.
2886 2634 2901 2662 ι
2939 2613 3042 2666 Δύο
3076 2616 3217 2668 κατὰ
3253 2618 3416 2670 ταυτὸ
3457 2619 3647 2687 τίθησι
3693 2622 3767 2672 τα
3818 2623 3920 2674 θεσο

2327 2704 2530 2772 πρεπῆ,
2564 2705 2659 2756 καὶ
2687 2705 2785 2758 οὐκ
2819 2706 3134 2778 ἀνθρωπεία
3162 2707 3441 2777 πρέποντα
3462 2709 3651 2776 φύσει.
3672 2713 3787 2764 Τοῦ
3821 2716 3922 2780 γὰρ

2326 2793 2606 2862 τεχθέντος
2652 2797 2715 2847 ὲκ
2763 2795 2864 2864 τῆς
2913 2797 3147 2868 Μαριὰμ
3195 2798 3324 2851 ἴδιον
3372 2799 3477 2867 ἔφη
3507 2799 3643 2854 λαὸν
3683 2806 3817 2866 τοὺς
3861 2806 3919 2856 δι’

2327 2883 2490 2936 αὑτοῦ
2531 2885 2908 2955 σεσωσμένους
2929 2904 2942 2918 ⁸
2978 2889 3072 2941 καὶ
3107 2891 3230 2959 μὴν,
3262 2891 3344 2943 ὅτι
3370 2892 3464 2942 καὶ
3500 2894 3809 2964 ἁμαρτιῶν
3837 2897 3921 2947 αὖ·

2328 2977 2452 3038 τοὺς
2482 2977 2642 3040 αὐτὸς
2709 2977 3028 3041 ἀπαλλάξει.
3057 2978 3188 3031 Θεοῦ
3214 2980 3270 3032 δὲ
3311 2980 3378 3033 τὰ
3417 2981 3628 3048 πάντα,
3665 2985 3765 3036 καὶ
3800 2988 3921 3052 ττρέ-

2329 3084 2420 3118 ποι
2469 3066 2536 3120 ἂν
2583 3069 2730 3137 αὐτῷ
2762 3069 2858 3122 καλ.
2909 3070 3056 3140 μόνῳ
3095 3072 3155 3124 τὸ
3207 3072 3579 3127 ἀπαλλάττειν
3629 3077 3922 3148 ἁμαρτιῶν

661 3135 934 3244 ipsiusque
977 3174 1141 3226 solius
1187 3178 1270 3223 est
1339 3176 1680 3236 peccatorum
1734 3161 1940 3231 laqueis
1993 3161 2226 3213 irretitos

2334 3155 2583 3209 δύνασθαι
2630 3135 2756 3220 τοῦς
2800 3135 3210 3229 ἡμαήρτηιεότας.
3255 3159 3389 3224 Θεὸς
3437 3157 3536 3215 οῦν
3571 3135 3688 3234 ἄρα
3724 3135 3870 3218 ἐστὶν
3898 3169 3923 3216 6

659 3269 934 3336 expedire.
964 3264 1014 3318 ls
1051 3264 1235 3332 igitur,
1271 3259 1360 3327 qui
1398 3272 1460 3310 ex
1497 3270 1652 3308 sacra
1682 3254 1905 3322 Virgine
1939 3263 2092 3303 natus
2125 3260 2227 3313 est,

662 3363 802 3412 Deus
835 3367 939 3418 cst,
968 3354 1122 3421 cujus
1155 3364 1252 3404 nos
1280 3347 1568 3417 peculiaris
1599 3346 1829 3411 p0pulus
1872 3355 2078 3402 smnus,
2110 3339 2232 3406 qui-

663 3463 767 3517 que
808 3463 836 3500 e
866 3454 1210 3513 peccatorum
1259 3438 1487 3493 vinculis
1538 3450 1635 3505 pro
1682 3449 1774 3487 sua
1829 3440 2096 3501 potestate
2135 3443 2231 3482 nos

663 3539 858 3595 exeruit
891 3551 951 3590 ac
983 3531 1248 3588 liberavit.

739 3650 754 3680 ι
793 3630 922 3684 Cum
965 3641 1092 3696 ergo
1149 3633 1306 3677 natus
1344 3629 1486 3676 esset
1526 3619 1682 3673 Jesus
1729 3619 1780 3670 in
1829 3614 2094 3669 Bethleem
2138 3612 2232 3666 Ju-

665 3727 790 3777 tlaazc
812 3721 881 3772 ⁸⁵.
913 3739 933 3770 ι
981 3719 1034 3771 In
1086 3717 1313 3770 Betlcem
1358 3715 1553 3768 ludam
1591 3723 1748 3764 natus
1778 3717 1877 3771 est,
1935 3721 1997 3758 ex
2034 3705 2229 3759 Jessa'a

665 3816 866 3867 radice.
899 3811 1049 3865 Unde
1078 3810 1215 3862 Deus
1241 3816 1293 3859 et
1319 3806 1477 3858 Pater
1519 3817 1612 3870 per
1663 3799 1946 3869 quemdam
1996 3811 2025 3849 e
2064 3795 2232 3847 sacris

666 3905 876 3958 vatibus
916 3904 986 3956 ita
1020 3903 1135 3955 ait:
1170 3916 1188 3950 ι
1237 3899 1305 3952 Ει
1336 3905 1388 3950 ιιι
1454 3895 1725 3948 Bethleem
1754 3891 1944 3944 domus
1974 3887 2230 3954 Ephrata,

665 4007 1004 4060 nequaquam
1035 3989 1255 4042 minima
1288 4002 1367 4050 es,
1399 3985 1506 4054 79
1536 3993 1593 4036 ut
1623 3983 1696 4036 sis
1730 3981 1780 4034 in
1813 3978 2046 4033 millibus
2072 3974 2229 4030 Juda.

664 4085 742 4137 Ex
795 4093 842 4136 te
888 4083 1030 4135 enim
1084 4079 1392 4150 egredietur
1442 4075 1568 4128 mihi
1623 4074 1714 4142 qui
1774 4081 1925 4141 regat
1979 4068 2230 4140 populum

666 4188 840 4228 meum
886 4174 936 4225 in
962 4171 1127 4225 Israel
1156 4190 1168 4226 :
1201 4179 1255 4224 et
1280 4181 1531 4238 egressus
1565 4165 1680 4232 ejus
1702 4163 1770 4216 ab
1798 4161 1949 4215 initio
1974 4176 2002 4212 a
2044 4159 2232 4212 diebus

661 4265 978 4318 :eternitatis
1003 4263 1068 4316 °°.
1112 4281 1128 4313 ι
1179 4259 1456 4326 Quomodo
1515 4253 1822 4308 Betleemita
1875 4250 1962 4304 ille
2028 4249 2097 4303 ab
2139 4249 2236 4303 itii-

665 4359 738 4410 tio
770 4357 945 4410 saeculi
976 4369 1244 4424 egressus,
1290 4354 1393 4406 hoc
1429 4357 1513 4403 est
1549 4343 1867 4400 substantiae
1910 4341 2231 4410 principium

2331 3249 2392 3298 ὲκ
2421 3248 2520 3315 τῆς
2558 3249 2717 3313 ἁγίας
2755 3250 3026 3317 Παρθένου
3058 3251 3473 3319 γεγεννημένος,
3531 3248 3595 3305 οῦ
3650 3259 3752 3309 καὶ
3805 3259 3922 3319 i626;

2332 3338 2496 3405 ἐσμεν
2525 3338 2671 3401 λαὸς,
2708 3339 2800 3389 καὶ
2851 3338 3136 3407 ἁμαρτιῶν
3168 3339 3222 3390 δὲ
3272 3341 3418 3409 ἡμᾶς
3450 3343 3808 3414 ἀπήλλαξεν,
3856 3348 3920 3408 ὡς

2333 3428 2468 3498 ἔχων
2499 3429 2590 3481 καὶ
2620 3427 2808 3481 τούτου
2843 3427 2940 3499 τὴν
2974 3429 3239 3495 ὲςουσίαν.

2407 3648 2425 3680 ι
2471 3629 2578 3682 Τοῦ
2608 3631 2664 3682 δὲ
2706 3628 2881 3699 Ἰησοῦ
2903 3629 3252 3700 γεννηθέντος
3282 3631 3340 3683 ὲν
3371 3629 3634 3701 Βηθλεὲμ
3665 3633 3770 3702 τῆς
3805 3634 3922 3685 Ἰωο

2331 3720 2503 3782 δαίας.
2545 3738 2563 3770 ι
2611 3721 2701 3773 Ἐν
2731 3719 2978 3788 Βηθλεὲμ
3005 3720 3327 3788 γεγέννηται
3371 3721 3472 3789 τῆς
3519 3722 3825 3786 Ἰουδαίας,
3866 3727 3921 3776 ἐκ

2335 3809 2490 3880 ῥίζης
2531 3809 2747 3862 Ἰεσσαί.
2778 3809 2914 3877 Φησὶ
2941 3808 2996 3859 δὲ
3035 3809 3164 3878 περὶ
3185 3808 3348 3862 αὐτοῦ
3379 3810 3448 3862 δι’
3479 3812 3607 3873 ἑνὸς
3637 3813 3757 3866 τῶν
3804 3833 3922 3884 προς

2335 3899 2517 3968 φητῶν
2547 3900 2575 3951 6
2603 3898 2733 3961 Θεὸς
2767 3900 2859 3952 καὶ
2886 3899 3108 3969 Πατήρ·
3155 3919 3172 3951 ι
3211 3902 3320 3954 Καὶ
3369 3902 3434 3954 σὺ
3478 3903 3750 3975 Βηθλεὲμ
3785 3902 3920 3967 οἶκος

2332 3988 2426 4040 τοῦ
2472 3989 2732 4058 Ἐφραθᾶ,
2772 3988 2844 4058 μὴ
2871 3987 3152 4056 ὀλιγοστὸς
3184 3983 3236 4040 εἴ
3267 3987 3361 4042 τοῦ
3395 3986 3542 4062 εἶναι
3576 3994 3640 4046 ὲν
3693 3995 3920 4064 χιλιάσιν

2346 4078 2516 4132 Ἰούδα
2537 4095 2551 4109 ο
2578 4080 2641 4131 ἐκ
2670 4077 2762 4131 σοῦ
2792 4079 2898 4148 γάρ
2923 4096 3012 4148 μοι
3043 4077 3379 4144 ἐξελεύσεται
3409 4081 3503 4134 τοῦ
3539 4079 3691 4136 εἶναι
3723 4087 3805 4147 εἰς
3835 4088 3921 4154 ἆρ-

2333 4187 2493 4239 χοντα
2522 4171 2578 4222 ὲν
2608 4168 2686 4240 τῷ
2730 4171 2948 4241 Ἰσραήλ
2971 4187 2986 4202 ο
3013 4171 3108 4222 καὶ
3137 4171 3191 4222 ai
3222 4169 3389 4233 ἔξοδοι
3420 4172 3594 4225 αὑτοῦ
3625 4175 3730 4227 ἀπ’
3759 4178 3921 4247 ἀρχῆς

2334 4262 2392 4325 ἐξ
2438 4259 2660 4331 ἡμερῶν
2694 4261 2907 4322 αἰῶνος,
2951 4279 2968 4311 ι
3009 4260 3134 4321 Πῶς
3185 4255 3277 4314 οῦν
3326 4261 3354 4313 6
3402 4268 3824 4333 γεγεννημένος
3872 4270 3920 4318 ὲν

2335 4349 2582 4420 Βηθλεὲμ
2609 4349 2706 4418 τῆς
2738 4350 3019 4416 Ἰουδαίας,
3044 4353 3137 4404 ἀπ’
3160 4355 3333 4423 ἀρχῆς
3359 4354 3558 4418 αἰῶνος
3583 4357 3692 4416 τὰς
3717 4357 3922 4422 éﬁérbu;

663 4451 885 4502 sortitus
925 4447 1142 4508 dicitur,
1201 4457 1322 4498 cum
1376 4453 1552 4494 tamen
1604 4436 1657 4489 in
1701 4432 2008 4488 novissimis
2052 4431 2226 4485 saeculi

2337 4439 2478 4509 ἔχειν
2516 4437 2751 4504 λέγεται,
2799 4440 3043 4492 τουτέστι
3091 4441 3191 4508 τῆς
3239 4441 3526 4513 ὑπάρξεως
3572 4445 3678 4515 τὴν
3733 4449 3919 4517 ἀρχὴν,

667 4540 996 4608 temporibus
1021 4546 1203 4590 natum
1239 4535 1412 4601 ipsum
1453 4544 1574 4583 esse
1613 4523 1858 4581 constet?
1888 4523 2025 4576 Deus
2068 4523 2231 4591 igitur

664 4641 748 4686 est
788 4630 1056 4693 Christus,
1105 4627 1383 4694 ipsiusque
1422 4620 1588 4673 divini
1636 4617 1799 4671 Verbi
1853 4615 2143 4682 antiquitas
2179 4614 2232 4667 in

667 4724 813 4776 illum
840 4721 1106 4776 convenit.
1135 4717 1269 4772 Nam
1302 4716 1444 4769 Deus
1473 4721 1611 4774 erat,
1638 4719 1857 4779 pr0pter
1887 4722 1984 4761 nos
2017 4721 2082 4759 ex
2110 4719 2228 4757 tnu-

669 4816 797 4868 liere
827 4816 987 4867 homo
1013 4809 1162 4864 nasci
1192 4809 1464 4879 dignatus.

743 4923 761 4955 ι
805 4904 914 4973 Ego
967 4901 1204 4970 quidem,
1253 4898 1460 4965 inquit,
1508 4893 1727 4962 baptizo
1762 4905 1855 4947 vos
1890 4889 1942 4942 in
1995 4900 2134 4953 aqua
2187 4885 2237 4938 in

670 4992 1060 5064 paenitentiam.
1094 4989 1192 5056 Qui
1228 4997 1404 5041 autem
1434 4994 1556 5050 post
1583 4999 1668 5038 me
1694 4992 1952 5035 venturus
1993 4990 2098 5039 est,
2128 4976 2236 5029 for-

674 5089 775 5139 tior
805 5100 887 5138 me
909 5093 1012 5146 est,
1035 5083 1188 5148 cujus
1218 5095 1321 5132 non
1349 5093 1465 5130 sum
1491 5077 1684 5144 dignus
1726 5072 2085 5126 calceamenta
2114 5082 2236 5136 por-

672 5191 807 5230 tare.
837 5176 955 5242 lpse
981 5189 1076 5227 vos
1112 5171 1404 5239 baptizabit
1433 5170 1484 5221 in
1536 5167 1738 5233 Spiritu
1780 5172 1965 5218 sancto
1993 5174 2046 5216 et
2091 5163 2230 5230 igne.

671 5269 836 5338 Cujus
878 5265 1230 5319 ventilabrum
1287 5265 1339 5314 in
1390 5275 1548 5314 manu
1607 5274 1724 5320 sua,
1777 5266 1831 5309 et
1863 5251 2237 5323 perm'undabit

671 5374 853 5414 aream
896 5373 1046 5412 suam
1072 5356 1139 5409 ⁸⁷.
1190 5373 1208 5406 ι
1261 5353 1690 5422 Haudquaquam
1745 5351 1994 5404 humana:
2034 5357 2235 5400 natura:

673 5466 804 5522 opus
826 5459 907 5504 cst
936 5450 987 5502 in
1016 5448 1222 5516 Spiritu
1247 5455 1436 5501 sancto
1469 5444 1779 5514 baptizare:
1814 5442 1906 5496 sed
1935 5455 2106 5508 neque
2133 5440 2236 5509 spi-

676 5542 880 5596 ritalem
917 5554 1128 5609 quoque
1158 5553 1360 5601 aream,
1400 5537 1502 5592 hoc
1541 5545 1624 5589 est
1658 5535 1904 5588 homines
1934 5541 2144 5586 aetatem
2180 5533 2230 5585 in

743 5717 787 5744 ⁸³
818 5716 936 5768 Jud.
975 5716 1027 5779 ’5,
1059 5716 1110 5771 4.
1172 5716 1218 5748 ⁸⁸
1249 5715 1435 5769 Matth.
1468 5729 1503 5778 ι,
1533 5713 1621 5778 90,
1658 5711 1748 5768 ίὶίο

1826 5710 1869 5740 ⁸⁵
1909 5709 2093 5764 Matth.
2136 5725 2192 5771 ιι,
2241 5709 2286 5761 1.

2338 4533 2511 4587 καίτοι
2559 4532 2838 4604 γεννηθεὶς
2882 4535 2939 4586 ἐν
2983 4532 3229 4602 ἐσχάτοις
3273 4534 3367 4587 τοῦ
3418 4536 3622 4598 αἰῶνος
3677 4545 3919 4608 rapat;

2335 4625 2467 4689 Θεὸς
2499 4621 2591 4678 οὖν
2625 4625 2732 4696 ἄρα
2763 4625 3017 4694 Χριστὸς.
3042 4627 3136 4678 καὶ
3161 4626 3361 4693 πρέπει
3392 4627 3544 4696 αὐτῷ
3566 4629 3627 4680 τὸ
3659 4631 3762 4682 τοῦ
3797 4632 3921 4683 Θεοῦ

2340 4718 2514 4784 Λόγου
2548 4715 2942 4786 πρεσϐύτατον.
2977 4714 3108 4777 Θεὸς
3128 4715 3235 4785 γὰρ
3252 4711 3338 4786 ἦν,
3371 4717 3438 4769 δι’
3469 4720 3624 4788 ἡμᾶς
3659 4725 3922 4793 caput}?

2340 4807 2639 4877 ὑπομείνας
2670 4806 2918 4875 γέννησιν
2947 4806 3045 4876 τὴν
3075 4807 3138 4858 ὲκ
3169 4808 3447 4874 γυναικός.

2419 4919 2436 4952 ι
2496 4898 2635 4967 Ἐγὼ
2671 4899 2769 4967 μὲν
2799 4901 2909 4967 γὰρ
2948 4900 3092 4967 ὑμᾶς
3134 4900 3192 4951 ὲν
3227 4899 3377 4952 ῦδατι
3412 4899 3687 4968 βαπτίζω,
3744 4906 3923 4974 φησὶν,

2342 4991 2420 5051 είς
2459 4989 2775 5058 μετάνοιανο
2811 4988 2838 5039 6
2870 4987 2926 5040 δὲ
2957 4987 3131 5039 όπίσω
3159 5003 3261 5056 μου
3292 4987 3612 5059 ἐρχόμενος.
3648 4993 3926 5062 alapas-

2346 5079 2436 5148 ρός
2470 5096 2568 5148 μου
2604 5079 2768 5142 ἐστὶν,
2799 5073 2858 5131 οῦ
2892 5079 2990 5130 οὐκ
3015 5079 3131 5147 εἰμὶ
3167 5080 3445 5142 ἱκανὸςτα
3473 5082 3807 5152 ὑποδήματα
3841 5087 3925 5154 βα-

2345 5169 2556 5221 στάσαι.
2587 5168 2755 5230 Αὐτὸς
2784 5169 2926 5237 ὑμᾶς
2957 5167 3207 5236 βαπτίσει
3249 5170 3306 5222 ἐν
3348 5170 3629 5242 ΙΙνεύματι
3661 5178 3809 5246 ἁγίῳ
3841 5178 3923 5229 καὶ

2344 5259 2491 5327 πυρί.
2525 5252 2598 5312 Oi}
2641 5259 2700 5310 τὸ
2730 5259 2893 5312 πτύον
2934 5261 2991 5311 ὲν
3021 5263 3085 5331 τῇ
3119 5262 3261 5331 χειρὶ
3312 5262 3500 5326 αὑτοῦ,
3536 5266 3633 5317 καὶ
3664 5267 3921 5321 διακαθαο

2344 5351 2448 5418 ριεῖ
2474 5349 2571 5420 τὴν
2610 5349 2792 5402 ἆλωνα
2842 5349 3027 5403 αὑτοῦ.
3072 5371 3088 5401 ι
3126 5353 3240 5404 Οὐκ
3292 5353 3722 5426 ἁνθρωπότητος
3777 5360 3918 5428 ἔργον

2339 5435 2476 5492 εἷναί
2524 5457 2702 5510 φαμεν
2733 5442 2791 5492 τὸ
2828 5439 3107 5509 βαπτίζειν
3155 5444 3212 5494 ὲν
3262 5443 3400 5512 ἁγίῳ
3455 5445 3779 5514 Πνεῦματι·
3818 5452 3904 5501 ἀλλ

2339 5533 2457 5586 οὐδὲ
2505 5533 2602 5602 τὴν
2653 5532 2832 5586 ἆλωνα
2880 5534 2977 5603 τὴν
3008 5533 3224 5604 νοητὴν,
3258 5536 3504 5588 τουτέστι
3535 5540 3663 5602 τοὺς
3701 5541 3795 5594 ἐπὶ
3833 5543 3922 5602 τῗς

2366 5709 2410 5739 ⁸⁸
2443 5707 2604 5762 Μὶςιι.
2648 5724 2701 5769 v,
2743 5707 2808 5774 ‘2;
2849 5706 3037 5761 Matth.
3072 5724 3132 5773 ιι,
3167 5709 3218 5760 (i.
3297 5711 3339 5742 ⁸⁷
3376 5710 3567 5779 Matth,
3598 5729 3678 5775 ιιι,
3724 5717 3806 5778 ll,
3845 5716 3921 5769 l2.
