4040 6456
119 421 264 471 {iul

1228 417 1311 470 DE
1352 417 1573 469 ltECTA
1618 418 1770 471 FIDE
1811 422 1897 471 AD
1941 420 2248 475 IiEGINAS.

3218 410 3351 461 126‘).

122 531 260 599 γῆς,
288 530 421 584 ίδίαν
447 526 584 583 εἶναι
615 546 794 598 φαμεν
824 528 1127 596 ἀνθρώπου.
1150 529 1283 579 Θεοῦ
1312 529 1421 595 γὰρ
1442 529 1509 579 τὰ
1528 531 1702 582 πάντα

1829 548 1945 584 erro
1997 541 2232 598 agentes,
2273 527 2503 582 hominis
2543 526 2810 591 propriam
2866 536 2981 579 esse
3022 522 3355 578 concesseri-

115 624 267 687 ἐστὶ,
301 624 393 677 καλ⁵
420 623 569 691 αὑτῷ
609 623 700 673 καὶ
745 621 888 688 μόνῳ
932 620 1129 689 πρέπει
1176 621 1236 672 τὸ
1269 622 1325 671 ὲν
1362 620 1501 687 ἁγίῳ
1533 622 1700 672 Ilvati-

121 734 263 783 ματι
297 715 577 784 βαπτίζειν
621 711 880 765 δύνασθαι
927 715 1048 774 τοὺς
1100 711 1473 773 πιστεύοντας.
1517 712 1703 780 Ἐνήρ-

119 821 272 873 γηκε
304 804 359 856 δὲ
399 803 555 855 τοῦτο
598 802 831 869 Χριστὸς
872 803 900 853 ό
941 805 1075 872 μετά
1123 805 1375 870 Ἰωάννην
1414 801 1703 870 ἐρχόμενος

122 896 277 947 κατά
309 894 507 962 σάρκα,
541 894 660 962 ἦτοι
690 894 780 946 τὸν
809 895 907 963 τῆς
944 896 1139 962 σαρκὸς
1188 893 1398 962 χρόνον.
1430 891 1621 952 ιΑὑτὸς
1650 890 1707 943 δὲ

124 987 227 1039 καὶ
252 985 349 1053 τὴν
372 983 559 1036 ἑαυτοῦ
590 982 770 1037 ἅλωνα
815 985 1118 1055 καθαρίζει.
1152 982 1281 1044 Θεὸς
1313 978 1402 1033 οὖν
1432 981 1539 1051 ἄρα
1562 980 1707 1032 ἐστὶν

126 1072 365 1142 ἀληθής.

212 1183 230 1213 ι
282 1162 389 1213 Καὶ
422 1160 530 1214 ῐδοῦ
559 1160 759 1231 λεπρὸς
786 1159 1115 1231 προσελθὼν,
1146 1157 1468 1229 προσεκύνει
1496 1157 1669 1224 λέγων
1689 1173 1702 1186 ⁸

128 1254 334 1323 Κύριε,
386 1253 479 1304 ἐὰν
529 1253 705 1323 θέλῃς,
740 1251 964 1304 δύνασαί
999 1269 1064 1320 με
1113 1250 1423 1320 καθαρίσαι.
1465 1250 1576 1302 Καὶ
1622 1250 1711 1301 ὲκ-

125 1346 317 1406 τείνας
360 1344 457 1415 τὴν
503 1349 680 1415 χεῖρα,
729 1344 906 1412 ἥψατο
942 1342 1130 1408 αὑτοῦ,
1164 1342 1368 1411 λέγων·
1403 1341 1570 1404 Θέλω,
1609 1356 1709 1393 κα-

125 1432 442 1503 θαρίσθητι.
474 1435 579 1486 Καὶ
610 1432 812 1495 εὐθέως
841 1432 1174 1502 ἐκαθαρίσθη
1202 1431 1365 1485 αὑτοῦ
1398 1432 1429 1501 ἡ
1461 1430 1657 1499 λέπρα.
1686 1448 1706 1480 ι

127 1526 210 1576 Ὶὸ
238 1527 477 1593 ἐνεργεῖν
516 1524 771 1576 δύνασθαι
790 1522 1239 1593 θεοπρεπῶς,οὺκ
1258 1524 1384 1575 ίδιον
1402 1520 1711 1591 ἀνθρώπου,

130 1618 279 1687 αὐτῇ
301 1617 353 1668 δὲ
377 1616 570 1684 μᾶλλον
594 1614 828 1666 ἐποιεῖτο
855 1610 1098 1683 [πρέποι]
1122 1612 1183 1663 ἂν
1207 1611 1300 1665 καὶ
1324 1602 1454 1681 μόνῄ
1480 1612 1544 1678 τῇ
1577 1608 1715 1661 πάν-

127 1727 247 1761 των
281 1708 531 1760 ἐπέκεινα
567 1705 745 1773 φύσει.
790 1706 1029 1775 Ἑνεργεῖ
1059 1704 1114 1755 δὲ
1149 1702 1290 1757 οὕτω
1318 1702 1577 1773 Χριστός’
1618 1702 1717 1753 οὐκ

128 1802 247 1869 ἄρα
293 1798 445 1867 ψιλὸς
490 1797 775 1868 ἄνθρωπος
819 1794 945 1851 καθ’
983 1796 1152 1866 ἡμᾶς,
1188 1793 1316 1855 Θεὸς
1344 1793 1400 1846 δὲ
1433 1792 1630 1863 μᾶλλον
1659 1792 1717 1842 ἐν

1804 637 1959 673 mus:
1993 636 2115 672 nam
2147 620 2327 671 uiuida
2370 617 2534 671 solius
2561 613 2648 666 Dei
2674 623 2820 677 sunt,
2871 613 3075 679 ipsique
3106 611 3201 665 soli
3232 624 3357 663 cou-

1806 711 1949 777 gruit
1999 709 2141 769 illos,
2184 709 2273 775 qui
2322 707 2578 766 credunt,
2625 705 2675 755 in
2727 702 2930 769 Spiritu
2970 709 3155 754 sancto
3202 713 3359 767 posse

1807 798 2104 864 baptizare.
2143 795 2301 862 Atqui
2349 795 2617 857 Christus,
2664 792 2753 859 qui
2802 791 3092 843 secundum
3142 803 3357 842 carnem

1808 896 1925 953 post
1949 883 2206 938 Joannem
2232 884 2497 946 veniebat,
2525 890 2767 949 potenter
2794 880 2879 933 isti
2916 882 3025 931 haec
3055 878 3360 945 praestabat,

1811 975 2058 1041 idemque
2107 986 2258 1026 suam
2311 984 2521 1038 quoque
2557 986 2737 1025 aream
2795 968 3135 1037 permundat.
3191 966 3364 1020 Verus

1811 1066 1989 1130 itaque
2025 1063 2163 1116 Deus
2195 1071 2276 1115 est
2304 1059 2568 1113 Christus.

1888 1171 1906 1204 ι
1945 1152 2006 1206 Ει
2041 1165 2169 1206 ecce
2220 1149 2463 1218 leprosos
2507 1145 2731 1199 veniens
2785 1144 3040 1198 adorabat
3090 1157 3244 1207 eum,
3286 1142 3367 1197 di-

1814 1258 1942 1299 cens
1971 1260 1983 1296 :
2008 1241 2255 1303 Domine,
2288 1240 2331 1294 si
2366 1239 2467 1303 vis,
2500 1245 2653 1304 potes
2685 1248 2770 1288 me
2801 1232 3158 1288 mundare.Et
3185 1244 3368 1288 exten-

1812 1336 1945 1389 dens
1991 1333 2149 1388 Jesus
2195 1346 2432 1391 manum,
2481 1327 2651 1395 tetigit
2703 1340 2856 1388 eum,
2914 1324 3139 1380 dicens:
3202 1324 3367 1390 Volo,

1814 1428 2095 1483 mundare.
2137 1426 2201 1479 Et
2232 1423 2513 1478 confestim
2547 1418 2800 1473 mundata
2832 1423 2912 1468 est
2940 1414 3085 1483 lepra
3108 1414 3224 1485 ejus
3241 1416 3305 1470 "'.
3347 1438 3367 1471 ι

1814 1518 1960 1587 Opus
1991 1517 2227 1570 divinum
2254 1511 2451 1576 moliri,
2487 1524 2599 1563 non.
2628 1514 2717 1561 est
2756 1504 2951 1558 virium
2996 1503 3369 1562 humanarum.

1816 1609 2080 1664 Convenit
2121 1608 2170 1660 id
2206 1616 2386 1659 autem
2413 1603 2464 1656 iu
2499 1599 2797 1669 principem
2831 1596 3068 1649 omnium
3105 1607 3369 1663 naturam,

1818 1703 1919 1756 hoc
1951 1708 2034 1753 est
2086 1697 2338 1751 divinam.
2393 1692 2553 1761 Atqui
2613 1689 2859 1744 Christus
2904 1685 3161 1753 ejuSmodi
3211 1704 3371 1757 opera

1821 1793 2069 1853 molitur;
2103 1804 2205 1842 non
2237 1797 2320 1841 est
2342 1799 2467 1854 ergo
2499 1782 2674 1837 nudus
2716 1781 2898 1843 homo,
2932 1777 3371 1845 quemadmodum

128 1889 456 1960 ἀνθρωπεία
486 1893 690 1959 μορφῇ.
720 1887 875 1941 Οὕτω
903 1887 1113 1958 νοήσεις
1144 1886 1238 1939 καὶ
1264 1885 1357 1937 ἐπὶ
1381 1883 1478 1952 τῆς
1510 1882 1715 1951 Πέτρου

1828 1900 1941 1949 nos,
1976 1884 2068 1938 sed
2114 1881 2254 1934 Deus
2296 1879 2585 1933 humanam
2636 1880 2887 1927 naturam
2930 1869 3168 1924 indutus.
3224 1873 3373 1939 Quod

130 1982 429 2051 πενθερᾶς,
479 1982 581 2033 κᾶν
627 1984 738 2042 τοῖς
790 1978 1017 2048 ἀνέμοις
1069 1978 1335 2048 ἐπιτιμῶν
1382 1977 1574 2047 ὁρῷτο,
1626 1977 1719 2028 θα-

128 2074 316 2141 λάσσῃ
347 2090 403 2124 τε
436 2073 527 2124 καὶ
570 2072 777 2123 ὕδασιν.
812 2070 981 2123 Ὅθεν
1009 2071 1099 2123 καὶ
1124 2071 1172 2122 οι
1218 2070 1493 2123 θεσπέσιοι
1543 2068 1719 2139 μαθη-

129 2164 231 2215 ταὶ
268 2163 362 2214 καὶ
406 2162 677 2214 θάλασσαν
708 2162 802 2213 καὶ
851 2160 1085 2231 ἀνέμους
1129 2159 1519 2229 ὑποκειμένους
1549 2158 1717 2229 ὁρῶν·

130 2271 255 2315 τες,
284 2252 658 2320 τεθαυμάκασι
678 2251 924 2319 λέγοντες
950 2267 962 2279 ο
995 2269 1011 2301 ι
1041 2251 1288 2311 Ποταπός
1314 2253 1460 2303 ἐστιν
1481 2244 1666 2313 οὗτος
1695 2269 1712 2301 ι

134 2345 218 2396 th)
270 2344 378 2412 γὰρ
430 2339 499 2411 ἦν
533 2341 819 2412 ἀνθρώπου
862 2342 1017 2412 ψιλοῦ
1071 2340 1141 2393 τὰ
1193 2339 1414 2393 τοιαῦτα
1462 2338 1720 2391 δύνασθαι

133 2439 302 2507 δρᾷν.
337 2434 469 2497 Θεὸς
515 2429 609 2487 οὖν
656 2434 761 2504 ἄρα
810 2432 949 2486 κατά
979 2432 1171 2485 ταυτὸν
1224 2431 1318 2485 καὶ
1365 2430 1646 2501 ἄνθρωπος
1694 2431 1721 2482 ό

136 2528 401 2599 Χριστός.

223 2823 242 2855 ι
294 2803 356 2855 Οἱ
384 2802 439 2855 δὲ
467 2800 736 2869 δαίμονες,
767 2797 919 2868 φησι,
952 2796 1293 2865 παρεκάλουν
1326 2795 1508 2855 αὑτὸν.
1539 2794 1723 2862 λέγον-

138 2912 239 2956 τες
261 2911 276 2925 ο
306 2894 367 2945 El
412 2887 692 2953 ἐκϐάλλεις
735 2890 901 2959 ἡμᾶς,
935 2887 1252 2941 ἀπόστειλον
1276 2889 1423 2957 ἡμᾶς
1454 2897 1475 2924 ο
1519 2887 1599 2949 εἰς
1626 2887 1723 2956 τὴν

140 2985 352 3054 ἀγέλην
380 2984 489 3035 τῶν
518 2983 736 3052 χοίρων.
786 2981 895 3032 Καὶ
925 2976 1075 3030 εἶπεν
1120 2980 1334 3040 αὐτοῖς·
1375 2979 1664 3045 Ὑπάγετε,
1701 2996 1717 3028 ι

140 3078 223 3128 Τὸ
257 3076 504 3144 προνοεῖν
551 3072 657 3124 τῶν
705 3071 860 3134 ὅλων,
916 3070 1006 3122 καὶ
1043 3068 1236 3132 σώζειν
1278 3069 1439 3129 αὐτὰ,
1471 3069 1613 3130 τίνος
1659 3067 1724 3120 ἂν

143 3170 260 3237 εἴη,
316 3166 453 3235 πλὴν
505 3165 585 3217 ὅτι
642 3161 802 3233 μόνου
850 3160 941 3213 τοῦ
987 3161 1125 3213 κατά
1178 3159 1338 3229 φύσιν
1380 3160 1528 3222 ὖντος
1557 3158 1722 3224 Θεοῦς

142 3259 314 3313 nam
351 3259 446 3309 καὶ
489 3258 519 3309 ὁ
564 3255 754 3324 Σωτὴρ
798 3252 1061 3321 ἔφασκεν·
1102 3269 1119 3301 ι
1160 3251 1292 3320 Οὐχὶ
1334 3250 1426 3303 δύο
1476 3250 1729 3320 στρουθία

144 3349 417 3418 ἀσσαρίου
467 3347 792 3410 πωλοῦνται,
839 3346 933 3398 καὶ
981 3344 1037 3395 ἓν
1084 3343 1141 3407 ἐξ
1171 3343 1349 3394 αὐτῶν
1378 3344 1436 3395 οὺ
1482 3345 1729 3394 πεσεῖται

145 3445 176 3494 ὲ
195 3442 249 3493 nl.
290 3440 386 3510 τὴν
412 3440 514 3508 γῆν
543 3438 671 3491 ἄνευ
701 3436 794 3489 τοῦ
827 3436 1040 3505 Πατρὸς
1083 3434 1235 3503 ὑμῶν
1265 3433 1359 3485 τοῦ
1404 3435 1461 3485 ὲν
1498 3435 1610 3495 τοῖς
1640 3432 1728 3484 οὗ-

146 3534 375 3605 ρανοῖς;
416 3530 599 3598 ’Υμῶν
630 3529 685 3579 δὲ
728 3528 820 3579 καὶ
851 3528 905 3578 αἱ
935 3525 1117 3595 τρίχες
1147 3527 1243 3595 τῆς
1278 3524 1517 3592 κεφαλῆς
1561 3525 1729 3576 πᾶσαι

145 3618 532 3690 ἠριθμημέναι
560 3618 715 3669 εἰσίν.
757 3635 774 3667 ι
824 3617 956 3667 Ἰδοὺ
1012 3615 1298 3684 τοιγαροῦν
1325 3614 1592 3683 τοσαύτην
1622 3614 1729 3666 τῶν

146 3714 329 3763 ὄντων
385 3708 643 3777 πρόνοιαν
702 3706 936 3758 ἐποιεῖτο
984 3704 1237 3773 Χριστὸς,
1279 3705 1354 3766 ὡς
1406 3705 1478 3773 μὴ
1531 3705 1729 3769 ἐξεῖναι

144 3804 273 3863 τοῖς
318 3798 645 3867 ἀκαθάρτοις
688 3795 905 3865 δαίμοσι
944 3794 1076 3863 μηδὲ
1118 3794 1312 3863 χοίρων
1350 3794 1551 3863 ἀγέλης
1585 3794 1730 3863 ἔχειν

150 3893 258 3962 τὴν
292 3890 557 3955 ἐξουσίαν.
596 3886 977 3958 Παρακληθεὶς
1011 3880 1103 3937 οὖν
1133 3873 1397 3952 ἐπέτρεψε
1433 3885 1603 3952 μόλις,
1634 3884 1733 3935 οὐκ

152 3983 393 4043 ἐκείνοις
428 3980 645 4050 πληρῶν
685 3980 781 4048 τὴν
818 3977 1051 4045 αἴτησιν,
1102 3975 1217 4028 ἀλλ’
1268 3975 1353 4026 ἵνα
1402 3975 1550 4043 ἡμᾶς
1603 3976 1733 4026 ἀνα-

152 4076 328 4144 πείσῃ
375 4074 613 4142 φρονεῖν,
650 4072 729 4122 ὅτι
779 4070 1088 4138 προνοεῖται
1126 4066 1233 4119 τῶν
1278 4066 1413 4119 ὅλων
1459 4066 1531 4127 ὡς
1582 4065 1731 4126 Θεός.

153 4166 298 4220 Εἶτα
330 4166 443 4227 πῶς
473 4166 534 4217 οὐ
569 4163 718 4227 Θεὸς,
755 4165 781 4215 ό
811 4160 1087 4231 θεοπρεπῆ
1116 4160 1215 4229 τὴν
1245 4158 1511 4223 ἐξουσίαν,
1546 4159 1639 4210 καὶ
1675 4159 1735 4209 τὸ

152 4258 309 4312 κατᾶ
347 4258 561 4308 πάντων
611 4255 808 4323 κράτος
834 4253 858 4291 ἀ
893 4250 1202 4321 ἀνημμένος
1238 4262 1283 4314 θ,
1314 4249 1408 4301 καὶ
1438 4249 1623 4313 σώζων
1661 4250 1735 4312 ὡς

158 4350 276 4401 ἱδια
305 4348 369 4399 τὰ
392 4347 455 4398 δι’
492 4344 655 4398 αὐτοῦ
687 4346 978 4412 γεγονότα;

242 4558 260 4588 ι
312 4537 442 4588 Τότε
490 4536 637 4601 λέγει
676 4538 787 4598 τοῖς
842 4534 1110 4603 μαθηταῖς
1146 4533 1344 4586 αὐτοῦ’
1397 4534 1455 4585 Ὀ
1509 4534 1606 4604 μὲν
1652 4534 1737 4587 θε-

160 4626 365 4699 ρισμὸς
402 4625 586 4688 πολὺς,
623 4627 670 4678 οἱ
703 4625 759 4676 δὲ
788 4626 1016 4693 ἐργάται
1045 4624 1233 4691 ὀλίγοι.
1267 4623 1503 4695 Δεήθητε
1524 4620 1614 4676 οὖν
1643 4623 1737 4676 τοῦ

157 4720 355 4788 κυρίου
389 4717 481 4769 τοῦ
511 4716 791 4786 θερισμοῦ,
835 4717 981 4779 ὃπως
1020 4717 1223 4788 ὲκὸἀλῃ
1256 4717 1494 4785 ἐργάτας
1527 4717 1605 4776 εἰς
1642 4716 1734 4767 τὸν

158 4809 429 4879 θερισμὸν
465 4806 650 4859 αὑτοῦ.
690 4807 799 4859 Καὶ
830 4807 1341 4876 προσκαλεσάμενος
1369 4807 1492 4869 τοὺς
1535 4806 1742 4858 δώδεκα

162 4896 421 4968 μαθητὰς
455 4895 639 4959 αὑτοῦ,
675 4896 872 4948 ἔδωκεν
902 4897 1083 4959 αὐτοῖς
1126 4897 1375 4962 ἐξουσίαν
1408 4896 1545 4949 κατὰ
1584 4911 1744 4947 πνευ-

162 4990 359 5060 μάτων
398 4986 743 5054 ἀκαθάρτων,
778 4985 913 5038 ὥστε
944 4985 1081 5038 αὐτά
1108 4985 1407 5045 ἐκϐάλλειν,
1442 4986 1533 5036 καὶ
1580 4983 1739 5051 θερα-

162 5079 359 5131 πεύειν
409 5078 587 5129 πᾶσαν
622 5077 777 5128 νόσον
810 5076 903 5128 καὶ
948 5078 1127 5127 πᾶσαν
1173 5074 1463 5144 μαλακίαν.
1517 5092 1534 5123 ι
1586 5068 1738 5124 Οἶδεν

158 5169 297 5220 ὄντα
325 5163 416 5217 τοῦ
450 5162 710 5235 θερισμοῦ
740 5163 923 5233 κύριον
949 5165 1036 5216 τὸν
1065 5164 1174 5215 τῶν
1212 5164 1349 5215 ὅλων
1378 5162 1507 5215 Θεόν
1529 5178 1541 5191 ’
1574 5161 1737 5213 αὐτοῦ

159 5259 276 5326 γὰρ
306 5258 337 5326 ἡ
388 5257 529 5317 ἀλως
562 5258 593 5325 ἡ
627 5256 810 5325 νοητὴ,
850 5256 1122 5307 τουτέστιν
1154 5257 1185 5322 ἡ
1219 5254 1602 5323 ἀνθρωπότης·
1642 5252 1739 5303 αὑ-

158 5350 259 5404 τοῦ
300 5352 393 5401 καὶ
421 5352 448 5401 ό
484 5348 761 5416 θερισμός.
807 5346 946 5398 Ἀλλ’
988 5347 1117 5409 ἰδοὺ,
1153 5346 1406 5415 δεηθῆναι
1431 5344 1740 5415 προστάξας

1820 1977 1885 2030 de
1911 1975 2124 2042 leproso
2164 1969 2422 2024 mundato
2468 1967 2557 2021 hic
2595 1963 2822 2028 dicitur,
2851 1960 2955 2015 hoc
2987 1959 3052 2014 de
3102 1974 3253 2015 socru
3284 1964 3383 2019 Pe-

1824 2068 1912 2133 tri,
1948 2067 2012 2120 de
2048 2063 2222 2118 ventis
2252 2062 2378 2115 item
2425 2068 2480 2112 et
2517 2056 2677 2119 mari,
2714 2055 2894 2122 deque
2925 2052 3083 2104 undis
3129 2065 3261 2120 quas
3298 2055 3382 2107 in.

1818 2158 2092 2227 crepavit,
2131 2155 2331 2208 dictum
2377 2150 2692 2219 accipiatur.
2739 2147 2921 2212 Quare
2959 2143 3123 2196 divini
3166 2158 3378 2215 quoque

1822 2251 1966 2304 illius
1996 2246 2243 2315 discipuli
2274 2243 2764 2296 animadvertentes
2796 2236 2868 2289 illi
2894 2243 2947 2288 et
2974 2247 3122 2288 mare
3160 2245 3213 2288 et
3250 2251 3379 2291 ven-

1824 2353 1905 2397 tos
1932 2342 2169 2401 obedire,
2210 2332 2579 2391 admirabundi
2630 2328 2886 2384 aiebant:
2928 2345 2945 2376 ι
3011 2324 3381 2393 Ecqualisnam

1825 2434 1911 2487 hic
1951 2442 2031 2485 est
2054 2432 2097 2462 κθ
2119 2430 2140 2482 ?
2166 2449 2182 2480 ι
2220 2424 2588 2494 Intelligehzmt
2617 2421 2755 2474 enim
2789 2415 3045 2486 ejusmodi
3101 2430 3258 2483 Opera
3288 2432 3379 2485 pa—

1828 2534 1971 2576 trare
2001 2534 2177 2589 posse,
2218 2532 2329 2570 rem
2374 2527 2519 2578 esse,
2551 2526 2667 2579 qua:
2717 2508 2841 2559 nudi
2884 2504 3116 2559 hominis
3162 2505 3384 2561 faculta-

1828 2624 1932 2666 tem
1975 2614 2271 2678 superaret.
2313 2603 2564 2658 Christus
2605 2600 2786 2666 itaque
2839 2605 2893 2649 et
2951 2594 3091 2648 Deus
3136 2605 3189 2648 et
3228 2596 3383 2651 homo

1824 2702 1981 2758 simul
2012 2709 2150 2755 erat.

1900 2813 1918 2845 ι
1962 2796 2240 2848 Daemones
2282 2787 2540 2857 rogabant
2595 2798 2715 2837 eum
2743 2823 2757 2847 ,
2798 2781 3082 2836 dicentes:
3136 2777 3191 2831 Si
3237 2780 3385 2847 ejicis

1826 2902 1944 2950 nos,
1986 2886 2134 2937 mitte
2179 2896 2276 2936 nos
2322 2881 2374 2933 iu
2424 2890 2637 2947 gregem
2671 2887 2979 2942 porcorum.
3008 2868 3073 2922 Et
3118 2869 3193 2922 ait
3246 2870 3382 2926 illis.

1824 2978 1937 3048 80
1964 2975 2038 3029 Ite
2063 2974 2129 3027 9°.
2169 2993 2185 3024 ι
2221 2970 2485 3027 Omnibus
2512 2964 2812 3037 providere,
2842 2970 3144 3028 cunctaque
3173 2972 3388 3014 conser-

1830 3047 1977 3131 vare,
1998 3069 2261 3137 adquem,
2292 3063 2542 3120 obsecro.
2571 3054 2914 3127 spectat,nisi
2945 3052 3011 3106 ad
3042 3066 3162 3106 eum
3199 3047 3390 3119 solum,

1830 3164 1916 3231 qui
1949 3160 2241 3213 secundum
2274 3167 2516 3208 naturam
2561 3150 2699 3205 Deus
2731 3138 2853 3201 est'?
2890 3146 3027 3199 Hinc
3060 3152 3111 3195 et
3147 3142 3392 3197 Salvator

1830 3268 2084 3323 quoque:
2124 3270 2140 3301 ι
2190 3248 2413 3308 Nonne,
2447 3245 2647 3313 inquit,
2698 3243 2803 3296 duo
2843 3251 3089 3309 passeres
3137 3250 3257 3289 asse
3302 3250 3395 3290 ve-

1832 3356 2016 3409 neunt,
2043 3354 2094 3398 et
2120 3358 2259 3397 unus
2286 3356 2347 3395 ex
2377 3340 2481 3393 illis
2508 3352 2611 3392 non
2648 3335 2804 3390 cadet
2843 3345 3005 3400 super
3043 3333 3241 3383 terram
3278 3328 3396 3383 sine

1833 3437 1990 3490 Patre
2023 3444 2224 3497 veSlro,
2277 3431 2367 3497 qui
2413 3430 2463 3482 iu
2514 3428 2663 3480 malis
2710 3423 2829 3479 cst?
2862 3419 3039 3478 Vestri
3080 3428 3257 3471 autem
3304 3431 3392 3470 ca-

1831 3526 1939 3594 pilli
1975 3524 2169 3593 capitis
2198 3535 2383 3575 omnes
2431 3515 2695 3572 numerati
2739 3522 2862 3566 sunt
2887 3511 2954 3563 “.
2992 3528 3011 3561 ι
3064 3508 3139 3561 En
3193 3516 3394 3560 tantam

1833 3631 2009 3670 rerum
2059 3613 2452 3685 providentiam
2501 3606 2737 3662 habebat
2779 3603 3056 3663 Christus,
3101 3608 3159 3651 ut
3190 3597 3395 3667 absque

1834 3708 1973 3761 illius
2004 3706 2267 3773 permissu
2303 3718 2369 3756 ne
2404 3704 2456 3756 in
2486 3712 2769 3770 porcorum
2804 3695 3015 3764 quidem
3060 3705 3273 3762 gregem
3301 3705 3397 3759 po-

1837 3808 2082 3851 testatem
2146 3807 2400 3847 exercere
2458 3788 2747 3844 immundis
2802 3784 3079 3854 spiritibus
3133 3782 3397 3847 integrum

1834 3898 1995 3942 esset.
2025 3887 2096 3941 At
2137 3895 2355 3955 rogatus
2378 3883 2464 3937 vix
2502 3879 2767 3950 permisit,
2806 3892 2910 3931 non
2950 3883 3009 3928 ut
3040 3872 3249 3928 illorum
3279 3870 3397 3925 libi-

1837 3980 1948 4032 dini
1980 3992 2182 4030 morem
2219 3982 2452 4043 gereret,
2488 3972 2580 4027 sed
2604 3982 2661 4024 ut
2693 3970 2865 4032 nobis,
2901 3982 2959 4020 se
2995 3964 3245 4019 omnibus
3276 3973 3394 4015 tan-

1836 4086 1995 4138 quam
2046 4069 2212 4121 Deum
2249 4065 2531 4134 providere
2572 4060 2940 4131 persuaderet.
2986 4055 3053 4108 Et
3088 4068 3195 4123 quo
3246 4053 3399 4107 modo

1840 4160 2053 4213 tandem
2098 4157 2187 4211 ille
2225 4157 2369 4209 Deus
2420 4169 2525 4209 non
2578 4160 2683 4214 est,
2733 4150 2824 4219 qui
2869 4155 3185 4219 potestatem
3220 4144 3397 4208 habet,

1837 4266 1995 4321 quam
2027 4252 2076 4303 in
2109 4250 2280 4303 solum
2313 4248 2475 4300 Deum
2508 4245 2703 4297 cadere
2736 4250 2942 4295 certum
2969 4246 3091 4302 est,
3124 4234 3320 4304 quique
3346 4234 3400 4288 in

1838 4344 2015 4397 omnia
2065 4340 2344 4410 imperium
2391 4344 2627 4397 exercet,
2682 4341 2737 4387 et
2793 4336 3080 4386 conservat
3128 4340 3247 4396 qua:
3306 4339 3401 4393 per

1767 4454 1809 4507 ι)
1841 4437 2011 4503 ipsum
2045 4434 2261 4485 condita
2299 4438 2444 4490 sunt,
2481 4438 2733 4493 tanquam
2766 4422 3027 4491 propria?

1914 4544 1930 4575 I
1955 4524 2107 4577 Tunc
2128 4523 2255 4576 dicit
2277 4520 2552 4588 discipulis
2577 4518 2689 4570 suis
2717 4533 2730 4569 :
2759 4515 2947 4569 Messis
2970 4513 3184 4581 quidem
3213 4516 3398 4581 multa,

1836 4614 2065 4681 operarii
2101 4622 2278 4665 autem
2313 4610 2490 4679 pauci.
2529 4609 2733 4676 Rogate
2784 4619 2910 4673 ergo
2955 4604 3231 4657 dominum
3264 4621 3402 4661 mes-

1838 4710 1930 4770 sis,
1969 4715 2027 4757 ut
2074 4704 2286 4757 emittat
2331 4700 2605 4769 operarios
2660 4699 2711 4752 in
2768 4711 2993 4750 messem
3040 4710 3191 4748 suam
3220 4696 3286 4752 ".
3341 4699 3404 4751 Et

1840 4796 2149 4851 convocatis
2182 4793 2463 4847 duodecim
2496 4789 2775 4859 discipulis
2818 4788 2951 4851 suis,
2986 4786 3130 4841 dedit
3162 4787 3263 4841 illis
3309 4804 3401 4856 po-

1844 4897 2088 4941 teSIatem
2117 4884 2404 4953 spirituum
2451 4883 2867 4941 immundorum,
2907 4888 2964 4931 ut
3004 4880 3261 4948 ejicerent
3292 4895 3402 4947 eos,

1845 4989 1898 5031 et
1925 4986 2176 5031 curarent
2206 4989 2417 5029 onmem
2464 4975 2797 5043 languorem,
2836 4982 2889 5024 et
2924 4985 3136 5024 omnem
3176 4970 3405 5024 inﬁrmi-

1850 5078 2009 5122 tatem
2034 5068 2097 5121 ”.
2134 5087 2152 5118 ι
2206 5064 2374 5121 Norat
2412 5068 2784 5120 universorqu
2837 5062 3007 5115 Deum
3043 5060 3239 5115 messis
3289 5076 3409 5115 esse

1847 5160 2120 5212 dominum
2151 5175 2165 5223 ;
2200 5156 2316 5225 ejus
2355 5171 2585 5224 namque
2611 5164 2901 5220 utrumque
2926 5159 3027 5217 est,
3056 5160 3111 5204 et
3149 5150 3259 5217 ipsa
3305 5152 3413 5217 spi«

1850 5251 2018 5304 ritalis
2048 5264 2195 5310 area,
2228 5250 2328 5301 hoc
2358 5256 2437 5299 est
2469 5248 2758 5300 lmmauum
2784 5258 2973 5311 genus,
3039 5249 3093 5293 et
3141 5240 3256 5308 ipsa
3300 5256 3415 5293 rur-

1848 5359 1964 5396 sum
2019 5342 2231 5397 messis.
2287 5340 2391 5394 Sed
2448 5340 2663 5393 adverte
2700 5358 2712 5392 :
2753 5354 2871 5392 cum
2908 5335 3099 5389 messis
3138 5335 3413 5387 dominum

240 5506 288 5537 "
314 5505 497 5557 Matth.
532 5519 651 5569 Ylll,
686 5502 740 5568 2,
770 5505 822 5557 5.
898 5502 941 5533 ⁸³
970 5502 1097 5555 ibid.
1135 5500 1224 5554 ‘28.
1302 5501 1345 5531 ’°
1392 5500 1522 5555 ibid.
1553 5499 1612 5552 ’51
1719 5502 1723 5528 τ

1828 5497 1983 5552 [ιιιιι.
2022 5513 2074 5560 x,
2106 5496 2198 5551 29.
2272 5498 2317 5529 ⁹²
2346 5495 2533 5550 Matth.
2579 5510 2651 5560 Ix,
2685 5494 2773 5549 57.
2850 5492 2894 5524 ³³
2920 5490 3105 5545 Matth.
3136 5505 3194 5555 χ,
3219 5490 3270 5546 l.

1239 5660 1410 5715 Varia:
1441 5660 1700 5715 lectiones
1727 5659 1925 5714 codicis
1952 5657 2309 5727 Seguieriani.

250 5810 273 5837 ε
312 5797 600 5865 ἐπίτρεψον
629 5798 757 5866 ἡμῖν
793 5795 1064 5849 ἀπελθεῖν.
1142 5794 1167 5833 δ
1209 5795 1448 5865 κρατεῖν.

1531 5805 1552 5830 ε
1590 5794 1950 5865 emensi/0;-
