4040 6442
641 387 775 441 ηδε

1616 387 1674 441 S.
1714 384 1978 440 CYRILLI
2017 385 2487 442 ALEXANDRINI
2525 387 2846 444 ARCHIEP.

3770 383 3890 434 ιεει

637 497 1023 556 obsecrantium
1067 514 1188 557 esse
1241 501 1553 564 monuisset,
1599 513 1721 552 mox
1771 500 2004 567 seipsum
2055 497 2198 566 ejus.

2305 499 2398 551 τοῦ
2445 503 2635 572 κυρίου
2676 500 2769 552 τοῦ
2816 496 3099 566 Θερισμοῧ.
3159 498 3348 550 ἑαυτὸν
3391 496 3558 556 εὐθὺς
3615 493 3894 557 ἀπέδειξεν

639 589 782 645 modi
816 589 1091 644 dominum
1127 604 1247 644 esse
1278 587 1507 644 evidenti
1552 597 1868 655 argumento
1898 587 2202 649 declarans,

638 681 818 736 emisit
844 681 1149 751 operarios.
1173 682 1276 735 hoc
1314 688 1397 734 est
1423 688 1635 732 sanctos
1678 678 1981 746 apostolos,
2013 677 2205 746 quibus

639 780 698 824 ut
743 771 880 824 Deus
922 780 1235 839 potestatem
1289 776 1476 820 contra
1525 767 1827 821 immundos
1871 768 2090 839 spiritus
2122 774 2206 820 est

640 859 963 929 impertitus.
1003 857 1186 926 Neque
1227 856 1368 908 enim
1415 855 1661 910 humanae
1696 865 1900 911 natura:
1937 855 2206 910 facultatis

638 955 740 1010 est,
767 945 1002 1014 Spiritus
1032 944 1206 999 sancti
1237 944 1344 996 vim
1371 952 1462 996 aut
1505 945 1872 1012 operationem
1903 943 2063 998 alicui
2097 943 2203 997 im-

637 1037 846 1107 pertiri.
896 1038 1027 1092 Cum
1078 1051 1195 1090 eam
1230 1050 1357 1103 ergo
1404 1035 1496 1090 Dei
1525 1035 1780 1101 Verbum,
1825 1037 2035 1090 tametsi
2079 1050 2206 1088 caro

640 1127 874 1192 factum,
925 1128 1023 1181 hoc
1071 1135 1154 1179 est
1196 1123 1461 1188 Christus,
1515 1125 1892 1196 impertiatur,
1936 1125 2206 1195 quomodo

639 1218 780 1274 Deus
812 1232 918 1271 non
949 1223 1032 1269 est
1059 1226 1249 1268 natura
1284 1224 1338 1268 et
1370 1215 1639 1270 veritate?

713 1328 731 1362 ι
765 1309 954 1364 Omnis
984 1323 1134 1379 ergo,
1159 1308 1246 1378 qtti
1277 1323 1362 1360 me
1390 1308 1735 1361 conlitebitur
1759 1321 1938 1361 coram
1968 1305 2204 1360 homini-

637 1401 758 1463 bus,
786 1397 1082 1454 confitebor
1113 1405 1164 1450 et
1192 1409 1293 1464 ego
1337 1410 1460 1450 eum
1499 1410 1682 1450 coram
1733 1394 1895 1448 Patre
1937 1406 2076 1455 meo,
2114 1393 2204 1460 qui

638 1495 687 1544 in
725 1490 874 1546 cmlis
907 1497 1008 1544 est.
1041 1487 1142 1554 Qui
1175 1497 1353 1542 autem
1385 1486 1660 1554 negaverit
1691 1498 1776 1538 me
1815 1497 1999 1537 coram
2034 1482 2207 1536 homi-

637 1587 814 1648 nibus,
847 1582 1051 1652 negabo
1080 1590 1135 1636 et
1173 1579 1320 1633 illum
1372 1592 1556 1632 coram
1592 1577 1756 1631 Patre
1806 1589 1952 1636 meo,
2006 1574 2098 1642 qui
2151 1573 2204 1628 in

636 1675 785 1728 (uelis
817 1684 896 1726 est
932 1673 1000 1725 “.
1046 1688 1064 1722 ι
1121 1667 1236 1723 Non
1283 1669 1436 1738 pauci
1489 1677 1796 1721 sanctorum
1851 1665 1916 1718 ad
1961 1663 2204 1733 martyrii

637 1766 858 1833 gloriam
904 1761 1145 1826 evocati,
1182 1760 1572 1826 Christumque
1623 1757 1886 1824 intrepide
1931 1754 2202 1820 confessi,

639 1832 920 1910 tormentis
957 1865 1011 1908 et
1055 1859 1226 1906 morte
1275 1850 1633 1906 consummati
1675 1859 1820 1903 sunt.
1871 1848 2063 1912 Quer
2110 1862 2208 1899 au-
2241 1832 2280 1890 Β

635 1957 766 2008 tetu,
797 1960 922 1999 num
949 1945 1017 1998 ob
1047 1943 1098 1997 id
1141 1941 1488 2012 martyricam
1531 1954 1786 1994 coronam
1834 1938 2013 2006 adepti
2058 1937 2205 2000 sint,

635 2038 776 2105 quod
814 2033 1088 2088 Christum
1123 2044 1466 2086 communem
1493 2029 1765 2082 hominem
1797 2040 1918 2081 esse
1952 2036 2206 2081 constan-

639 2139 718 2184 ter
741 2126 847 2195 81
884 2122 1255 2177 aﬂirmarent?
1288 2136 1354 2174 an
1377 2121 1448 2174 ob
1477 2120 1527 2172 id
1555 2119 1748 2181 verius,
1785 2117 1924 2185 quod
1961 2131 2054 2170 sua
2082 2131 2203 2171 eum

637 2216 971 2268 confessione
1008 2224 1260 2280 tanquam
1299 2209 1463 2264 Deum
1507 2207 1934 2262 venerarenturi
1977 2206 2080 2259 Res
2123 2217 2205 2261 est

637 2311 819 2371 clara;
868 2313 1082 2359 constat
1125 2305 1267 2356 enim
1301 2317 1329 2356 a
1378 2301 1623 2368 martyrii
1677 2301 1843 2368 gloria
1899 2301 2199 2364 excidisse,

634 2399 1015 2464 Christumque
1051 2394 1106 2447 in
1147 2395 1232 2448 die
1266 2393 1454 2459 iudicii
1497 2391 1617 2444 illos
1654 2391 1889 2444 vicissim
1934 2392 2203 2458 abuegare

635 2497 1003 2556 comperturos
1032 2499 1169 2548 esse,
1203 2485 1291 2552 qui
1318 2483 1464 2536 illum
1497 2482 1715 2534 inﬁciati
1741 2493 1884 2535 sunt.
1910 2481 2028 2534 Jam
2062 2497 2198 2550 quo-

635 2578 790 2629 modo
815 2575 954 2628 Deus
985 2574 1029 2626 is
1061 2572 1363 2626 censendus
1391 2587 1494 2623 non
1529 2580 1634 2631 est,
1676 2572 1764 2638 qui
1810 2572 2052 2638 martyrii
2089 2571 2201 2638 glo-

635 2672 717 2721 ria
733 2683 826 2720 eos
852 2664 1032 2725 allicit,
1053 2663 1139 2730 qui
1167 2663 1336 2730 ipsum
1360 2675 1479 2715 esse
1500 2675 1626 2713 vere
1657 2659 1818 2712 Deum
1839 2659 2201 2713 confitentur?

717 2777 734 2810 ι
769 2757 963 2810 Venite
1009 2754 1074 2808 ad
1111 2768 1216 2816 me,
1249 2767 1434 2805 omnes
1463 2752 1552 2819 qui
1599 2750 1854 2805 laboratis
1895 2761 1949 2806 et
1991 2749 2197 2803 onerati

632 2850 779 2911 estis,
813 2858 868 2901 et
895 2860 994 2914 ego
1019 2843 1256 2897 reﬁciam
1293 2858 1408 2895 vos.
1453 2841 1640 2895 Tollite
1670 2841 1855 2910 jugum
1899 2856 2074 2894 meum
2111 2854 2202 2894 su-

633 2956 726 3010 per
746 2955 844 2993 vos
865 2939 929 2990 ⁵⁵⁵.
967 2955 989 2988 ›
1022 2936 1078 2989 Si
1111 2934 1425 2988 Emmanuel
1449 2949 1604 2986 verus
1631 2933 1768 2986 Deus
1795 2948 1899 2986 non
1924 2942 2006 2985 est
2037 2949 2050 2986 :
2076 2948 2197 2987 cum

633 3033 740 3086 Deo
787 3029 1027 3084 serviant
1073 3023 1276 3088 omnia,
1327 3039 1424 3077 cur
1474 3038 1630 3078 suum
1684 3021 1772 3076 ille
1806 3021 1992 3090 iugum
2043 3023 2199 3077 nobis

632 3117 1111 3190 itnpouitngum
1151 3124 1330 3169 autem
1363 3125 1416 3169 et
1470 3113 1586 3182 ipsa
1631 3129 1848 3184 quoque
1899 3115 1980 3167 lex
2020 3114 2198 3182 appel-

632 3219 736 3271 lata
779 3223 886 3269 cst.
940 3210 1139 3264 Verum
1191 3208 1441 3263 Christus
1488 3206 1764 3274 proprium
1820 3205 1973 3258 nobis
2009 3204 2196 3272 jugum

630 3305 878 3374 imponit,
914 3315 1120 3370 nosque
1153 3298 1418 3354 obnoxios
1443 3296 1547 3350 sibi
1582 3296 1776 3357 reddit,
1811 3295 2020 3348 tametsi
2049 3293 2196 3346 Patri

629 3395 910 3450 submittat
936 3390 1142 3446 omnia.
1178 3390 1318 3443 Deus
1369 3386 1536 3456 igitur
1571 3394 1674 3438 est.
1725 3383 1876 3438 Unde
1919 3393 1976 3436 ut
2015 3383 2196 3437 omnia

626 3486 701 3541 iili
736 3485 979 3550 subjecta
1008 3481 1138 3545 sint,
1173 3494 1272 3549 par
1305 3488 1410 3532 est.

703 3594 724 3626 ο
743 3575 933 3628 Annon
953 3571 1157 3641 legistis
1189 3571 1240 3622 in
1271 3568 1410 3637 lege,
1429 3567 1550 3637 quia
1580 3567 1632 3620 in
1670 3565 1922 3620 Sabbatis
1948 3565 2198 3620 sacerdo-

626 3677 712 3720 tes-
746 3667 797 3718 in
849 3662 1043 3731 templo
1090 3659 1385 3714 Sabbatum
1429 3658 1649 3722 violant,
1696 3665 1750 3712 et
1797 3657 1918 3710 sine
1968 3655 2196 3710 crimine

624 3756 797 3811 sunt?
835 3753 966 3808 Dico
1009 3761 1188 3806 autem
1234 3750 1428 3812 vobis,
1469 3748 1593 3816 quia
1647 3746 1818 3814 major
1863 3745 2063 3814 templo
2111 3747 2197 3802 hic

625 3857 706 3904 est
731 3846 798 3898 ⁸⁸.
840 3865 863 3897 ι
896 3843 960 3900 εἰ.
990 3842 1299 3896 sacerdotes
1329 3841 1418 3909 qui
1444 3840 1738 3894 Sabbatum
1771 3837 2096 3908 profanant,
2126 3838 2196 3893 ob

625 3937 678 3989 id
727 3933 881 4002 culpa
932 3942 1149 3995 vacant,
1197 3929 1340 4000 quod
1388 3930 1570 3984 divino
1627 3928 1790 3982 cultui
1847 3930 2192 3993 incumbant;

625 4025 898 4096 quomodo
922 4022 1102 4078 cultus
1131 4021 1222 4090 qui
1248 4021 1464 4075 Christo
1498 4020 1825 4087 impenditur
1847 4059 1862 4083 ,
1898 4020 2197 4074 ministerio

623 4115 767 4179 quod
823 4111 1136 4167 sacerdotes
1193 4112 1246 4164 in
1301 4108 1499 4178 templo
1542 4109 1799 4174 obibant,
1851 4109 2197 4178 praestantior

623 4201 913 4259 censetur?
937 4199 1087 4270 atqui
1109 4209 1352 4269 apertum
1387 4209 1471 4254 est
1501 4213 1617 4263 eos,
1643 4199 1737 4268 qui
1769 4197 1867 4252 sub
1899 4199 2014 4268 lege
2045 4200 2194 4254 vive-

622 4295 773 4360 bant,
804 4291 856 4346 in
914 4292 1107 4346 umbra
1151 4301 1206 4344 et
1233 4289 1408 4359 ﬁgura
1449 4289 1908 4358 supercwlestium
1955 4288 2064 4343 Deo
2099 4290 2194 4344 mi-

623 4385 900 4439 nistrasse.
939 4380 1043 4436 Sed
1069 4381 1234 4437 divini
1270 4381 1345 4434 illi
1372 4379 1620 4448 discipuli
1649 4378 1848 4434 Christi
1871 4390 2190 4446 sectatores,

622 4473 833 4545 ipsique
866 4473 1258 4537 ministrantes,
1291 4471 1535 4540 ampliori
1572 4471 1777 4526 honore
1802 4479 1856 4522 et
1887 4470 2054 4538 gloria
2089 4487 2183 4540 pu-

623 4567 705 4619 titi
737 4573 881 4620 sunt.
921 4563 1073 4629 Quod
1104 4563 1150 4617 si
1181 4563 1540 4618 ministerium
1585 4564 1726 4630 quod
1773 4562 1988 4616 Christo
2033 4562 2184 4616 exhi-

617 4653 799 4722 betur,
828 4654 987 4725 lcgali
1027 4655 1192 4708 cultui
1217 4654 1440 4708 multum
1484 4654 1788 4718 antecellit,
1821 4656 2087 4723 quo-modo
2134 4657 2184 4709 itt

618 4745 785 4799 sobrii
815 4745 1132 4813 cujusquam
1165 4744 1548 4809 cogitationem
1587 4744 1777 4798 cadere
1810 4752 2002 4812 potest,
2030 4745 2186 4798 Chri-

622 4844 763 4893 stum
791 4850 894 4889 non
927 4849 1044 4888 esse
1069 4849 1255 4888 verum
1286 4833 1452 4888 Deum
1476 4835 1498 4887 ?

694 4945 712 4977 ι
773 4923 829 4980 Si
875 4912 973 4994 ego
1023 4925 1076 4978 iu
1143 4920 1444 4977 Beelzebub
1516 4924 1672 4991 ejicio
1739 4925 2026 4989 daemones,
2094 4927 2184 4981 filii

619 5017 782 5073 vestri
846 5016 897 5070 iu
958 5029 1066 5084 quo
1117 5013 1378 5080 ejiciunt?
1439 5014 1558 5068 ideo
1607 5017 1705 5084 ipsi
1758 5017 1967 5084 judiccs
2022 5021 2182 5073 vestri

617 5122 775 5168 erunt
796 5113 864 5166 ⁸⁷.
913 5129 936 5162 ι
969 5109 1025 5163 Si
1053 5110 1104 5162 in
1135 5105 1335 5160 Christi
1367 5106 1584 5159 nomine
1617 5121 1644 5158 a
1671 5107 1934 5161 daemonio
1964 5119 2183 5162 vexatos

617 5202 863 5270 discipuli
912 5200 1172 5255 curabant
1214 5196 1582 5267 (invocabant
1625 5196 1768 5249 enim
1818 5212 2012 5250 nomen
2055 5197 2177 5251 Jesu

618 5293 946 5363 Nazareni)‘,
993 5289 1262 5362 quomodo
1305 5289 1370 5343 de
1413 5302 1538 5342 vera
1581 5287 1723 5341 illius
1758 5289 2039 5342 divinitate
2074 5306 2181 5343 am-

617 5387 798 5454 bigere
831 5383 914 5440 fas
943 5391 1024 5436 est
1052 5383 1073 5434 ?
1101 5381 1285 5451 Neque
1317 5381 1459 5434 enim
1493 5378 1598 5432 ulla
1629 5379 1850 5432 omnino
1877 5380 2047 5449 gloria
2091 5391 2180 5434 aut

615 5477 851 5543 potentia
911 5477 1143 5528 humana
1196 5482 1280 5526 sat
1333 5471 1492 5524 fuerit
1546 5473 1608 5522 ad
1668 5471 2034 5523 debellandum
2077 5472 2175 5525 Sa-

614 5578 814 5620 tauam.

680 5741 727 5774 ’δ
759 5737 946 5795 Matth.
974 5753 1032 5806 ι,
1069 5737 1156 5804 52,
1194 5737 1281 5791 53.
1359 5737 1403 5769 ⁸⁸
1425 5732 1616 5788 Matth.
1649 5749 1721 5800 λι,
1755 5734 1842 5797 28,
1883 5734 1968 5788 ‘29.

2047 5734 2091 5763 θα
2123 5733 2312 5788 sunt).
2354 5752 2450 5802 xu,

2305 589 2429 642 ὅντα
2471 593 2675 653 τοῦτον,
2712 586 2955 640 ἐκϐαλὼν
2993 589 3120 650 τοὺς
3167 589 3433 658 ἐργάτας,
3492 585 3756 637 τουτέστι
3785 587 3894 644 τοὺς

2305 681 2491 747 ἁγίους
2533 679 2863 740 ἀποστόλους
2887 693 2900 707 '
2945 673 3025 738 οἷς
3065 679 3157 730 καὶ
3191 680 3418 732 δέδωκεν
3453 674 3716 741 ἐξουσίαν
3769 674 3897 725 κατὰ

2306 771 2631 837 πνευμάτων
2681 767 3006 836 ἀκαθάρτων
3050 767 3125 828 ὡς
3173 768 3322 830 Θεός.
3375 770 3452 821 Οὐ
3492 768 3609 838 γάρ
3641 768 3766 816 ἐστι
3802 765 3896 816 τῶν

2304 858 2404 927 τῆς
2437 860 2852 932 ἀνθρωπὸτητος
2887 857 3103 926 μέτρων
3131 859 3192 909 τὸ
3218 860 3415 913 διδόναι
3449 861 3566 912 τισὶ
3602 857 3702 910 τοῦ
3750 857 3896 921 ἁγίου

2307 950 2624 1021 Πνεύματος
2664 950 2761 1020 τὴν
2795 948 3076 1018 ἐνέργειαν
3097 965 3108 975 ·
3138 949 3332 1001 δέδωκε
3375 951 3429 1004 δὲ
3463 952 3733 1022 Χριστός.
3776 943 3897 1002 Εἶτα

2305 1042 2424 1106 πῶς
2456 1045 2516 1096 οὐ
2546 1043 2701 1112 φύσει
2729 1057 2787 1093 τε
2814 1041 2908 1092 καί
2937 1037 3153 1108 ἀληθῶς
3180 1040 3294 1092 ἐστι
3321 1039 3477 1104 Θεὸς,
3503 1043 3551 1094 εί
3587 1042 3686 1096 καὶ
3711 1041 3896 1109 γέγονε

2309 1132 2445 1204 σὰρξ
2475 1136 2504 1187 ὁ
2534 1133 2700 1202 Λόγος
2721 1149 2735 1196 ;

2383 1330 2404 1362 ι
2447 1312 2562 1373 Πᾶς
2593 1304 2705 1371 οὖν,
2743 1308 2886 1368 ὅστις
2929 1308 3250 1378 ὁμολογήσει
3293 1307 3349 1358 ὲν
3394 1306 3518 1375 ἐμοὶ
3575 1306 3898 1376 ἔμπροσῦςν

2307 1401 2414 1455 τῶν
2437 1401 2758 1473 ἀνθρώπων,
2779 1400 3102 1470 ὁμολογήσω
3127 1397 3282 1464 κάγὼ
3310 1399 3367 1449 ἐν
3397 1396 3548 1464 αὖτῷ
3582 1397 3901 1465 ἔμπροσθεν

2306 1492 2399 1545 τοῦ
2432 1493 2643 1563 Πατρός
2690 1508 2788 1560 μου
2821 1490 2914 1543 τοῦ
2955 1493 3012 1543 ἐν
3060 1492 3171 1553 τοῖς
3215 1489 3484 1559 οὐρανοῖς.
3520 1486 3719 1548 ⁸υστις
3766 1487 3810 1538 δ’
3840 1487 3898 1539 ἄν

2306 1583 2606 1654 ἀρνήσηταί
2636 1598 2700 1650 με
2741 1581 3048 1652 ἔμπροσθεν
3078 1582 3185 1634 τῶν
3220 1579 3546 1651 ἀνθρώπων,
3581 1580 3897 1648 ἀρνήσομαι

2309 1671 2461 1739 κάγὼ
2490 1671 2649 1724 αὑτὸν
2692 1669 2999 1741 ἔμπροσθεν
3033 1671 3126 1723 τοῦ
3163 1666 3376 1738 Πατρός
3407 1687 3508 1738 μου
3544 1668 3646 1722 τοῦ
3689 1671 3754 1720 ὲν
3793 1671 3901 1730 τοῖς

2308 1763 2574 1834 οὐρανοῖς.
2632 1779 2652 1812 ›
2694 1761 2887 1814 Πολλοὶ
2935 1762 3224 1830 κέκληνται
3258 1761 3367 1813 τῶν
3411 1761 3589 1829 ἁγίων
3631 1761 3780 1830 πρὸς
3811 1760 3902 1827 τὴν

2309 1855 2401 1908 τοῦ
2440 1853 2736 1924 μαρτυρίου
2770 1853 2944 1917 δόξαν,
2981 1854 3072 1904 καὶ
3101 1851 3474 1904 τετελείωνται
3509 1852 3601 1904 διὰ
3633 1851 3903 1917 παθημά-

2309 1965 2414 2000 των
2445 1947 2537 1999 καὶ
2577 1944 2825 2008 θανάτου,
2860 1942 3094 2013 Χριστὸν
3143 1939 3587 2010 ὡμολογηκότες.
3644 1938 3783 2012 Ἆρ’
3815 1938 3902 1993 οὖν

2307 2037 2730 2106 ἐστεφάνωνται,
2765 2033 3232 2103 διαϐεϐαιούμενοι
3263 2033 3359 2084 καὶ
3386 2032 3650 2099 λέγοντες
3687 2033 3901 2103 ἄνθρω-

2308 2148 2407 2183 πον
2436 2130 2573 2182 εἶναι
2600 2128 2776 2180 κοινὸν
2809 2127 2988 2189 αὑτὸν,
3021 2127 3053 2194 ἦ
3095 2126 3294 2194 μᾶλλον
3328 2125 3403 2188 ὡς
3432 2125 3570 2177 Θεὸν
3612 2128 3744 2187 ταῖς
3775 2129 3903 2194 ὁμο·

2306 2217 2514 2283 λογίαις
2554 2216 2944 2284 τετιμηκότες;
2992 2213 3132 2267 Ἀλλ’
3162 2214 3277 2267 ἔστι
3308 2213 3488 2285 δῆλον.
3535 2215 3599 2268 Οἱ
3633 2214 3752 2282 γὰρ
3785 2214 3904 2266 τοῦο

2307 2325 2395 2359 τον
2422 2306 2810 2377 ἀρνησάμενοι,
2844 2304 2934 2356 καὶ
2962 2305 3060 2374 τῆς
3105 2304 3198 2357 τοῦ
3245 2304 3550 2375 μαρτυρίου
3596 2301 3766 2368 δόξης
3802 2304 3904 2353 ἀπ-

2305 2397 2553 2460 ώλισϐον,
2601 2397 2694 2448 καὶ
2733 2396 2896 2448 αὑτὸν
2946 2396 3270 2465 εὑρήσουσιν
3316 2397 3373 2447 ὲν
3414 2395 3606 2464 ἡμέρᾳ.
3659 2394 3902 2461 κρίσειπ

2306 2487 2635 2558 ἀρνούμενον
2664 2487 2857 2547 αὐτοὺς
2885 2486 2973 2538 τὸν
3009 2486 3262 2554 Χριστόν.
3297 2482 3429 2538 Εἶτα
3476 2483 3597 2544 πῶς
3642 2486 3708 2536 οὐ
3745 2482 3896 2542 Θεὸς,

2305 2578 2331 2626 ὁ
2362 2580 2426 2645 τῇ
2453 2575 2545 2628 Wa
2579 2575 2876 2646 μαρτυρίου
2911 2573 3036 2644 δόξῃ
3087 2575 3364 2642 στεφανῶν
3394 2575 3544 2636 τοὺς,
3600 2575 3689 2625 ὅτι
3739 2571 3903 2624 τοῦτο

2304 2666 2451 2714 ἐστιν
2491 2665 2724 2734 ἀληθῶς,
2765 2662 3156 2731 ὁμολογοῦντας
3187 2663 3384 2723 αὑτόνς

2381 2770 2398 2801 ι
2444 2751 2608 2804 Δεῦτε
2659 2753 2795 2823 πρός
2844 2768 2930 2819 με,
2969 2751 3169 2812 πάντες
3217 2751 3266 2802 οἱ
3313 2748 3622 2810 κοπιῶντες
3679 2750 3779 2799 καὶ
3814 2766 3901 2798 περ

2304 2844 2675 2913 φορτισμένοι,
2708 2843 2866 2912 κάγὼ
2900 2843 3199 2896 ἀναπαύσω
3225 2845 3390 2911 ὑμᾶς.
3439 2847 3653 2911 Ἀρατε
3697 2843 3791 2893 τὸν
3816 2845 3900 2906 ζυ-

2303 2934 2396 3000 γόν
2435 2951 2536 3004 μου
2584 2935 2668 3000 ἐφ’
2715 2936 2875 3004 ὑμᾶς.
2920 2953 2936 2984 ν
2987 2934 3046 2985 Et
3105 2932 3179 3003 μὴ
3222 2933 3355 2993 Θεός
3403 2934 3556 2984 ἐστιν
3605 2931 3831 3000 ἀληθῶς
3872 2935 3897 2981 ο

2316 3025 2694 3094 Ἐμμανουὴλ,
2742 3025 2862 3076 τίνα
2911 3023 3111 3093 τρόπον
3161 3022 3252 3074 τὸν
3298 3022 3493 3075 ἑαυτοῦ
3548 3022 3722 3088 ζυγὸν
3774 3024 3897 3090 ἡμῖν

2304 3117 2616 3188 ὲπιτίθησις
2668 3116 2802 3169 Θεοῦ
2855 3115 2962 3186 γὰρ
3009 3115 3173 3167 δοῦλα
3201 3115 3271 3167 τά
3309 3116 3507 3166 πάντα.
3561 3115 3803 3183 Εἴρηται
3847 3113 3898 3163 δὲ

2302 3208 2462 3276 ζυγὸς
2492 3210 2585 3261 καὶ
2618 3209 2645 3260 ὁ
2679 3209 2862 3276 νόμος.
2907 3207 3065 3259 Ἀλλὰ
3095 3205 3401 3274 ἐπιτίθησιν
3435 3207 3572 3273 ἡμῖν
3601 3208 3631 3257 ὁ
3666 3205 3899 3274 Χριστὸς

2299 3298 2389 3350 τὸν
2421 3300 2549 3350 ίδιον
2572 3296 2753 3363 ζυγὸν,
2776 3296 2954 3366 ἑαυτῷ
2980 3312 3038 3348 τε
3065 3294 3372 3357 ὑποτάττει,
3402 3295 3586 3345 καίτοι
3617 3295 3691 3345 τὰ
3721 3295 3894 3346 πάντα

2300 3391 2588 3459 ὑποφέρων
2620 3389 2696 3458 τῷ
2724 3388 2918 3456 Πατρί.
2952 3386 3080 3448 Θεὸς
3117 3385 3224 3454 ἀρα
3260 3386 3433 3450 ἐστιν,
3464 3383 3596 3436 ὅθεν
3629 3385 3790 3452 αὑτῷ
3815 3387 3898 3436 καὶ

2301 3479 2618 3533 ὑποκεῖσθαι
2654 3478 2723 3530 τὰ
2753 3481 2931 3530 πάντα
2963 3477 3184 3546 πρέπει.

2375 3592 2392 3622 ι
2435 3571 2498 3624 "ll
2531 3574 2632 3624 οὐκ
2663 3570 2932 3637 ἀνέγνωτε
2975 3571 3033 3622 ὲν
3071 3570 3148 3640 τῷ
3179 3569 3353 3638 νόμῳ,
3386 3569 3469 3622 ὅτι
3503 3569 3565 3620 ὲν
3611 3572 3736 3631 τοῖς
3771 3568 3897 3620 Σαῦ-

2299 3667 2453 3719 6ασιν
2482 3665 2531 3716 οἱ
2567 3665 2729 3734 ἱερεῖς
2762 3664 2820 3714 ὲν
2856 3661 2933 3731 τῷ
2965 3661 3092 3733 ἱερῷ
3137 3661 3197 3714 τὸ
3241 3661 3522 3712 Σάϐϐατον
3579 3660 3894 3729 βεϐηλοῦσι,

2297 3759 2390 3810 καὶ
2427 3755 2651 3809 ἀναίτιοί
2692 3757 2830 3818 sint;
2863 3753 3020 3820 Λέγω
3048 3753 3104 3805 δὲ
3135 3753 3286 3822 ὑμῖν,
3335 3753 3415 3804 ὅτι
3447 3751 3544 3804 τοῦ
3580 3754 3738 3822 ἱεροῦ
3789 3755 3896 3822 μεί-

2298 3848 2404 3910 ζων
2440 3846 2584 3898 ἐστὶν
2626 3837 2750 3899 ὦδε.
2788 3863 2807 3895 ι
2839 3845 2901 3896 El
2933 3841 3287 3911 βεϐηλοῦντες
3318 3843 3377 3893 τὸ
3413 3842 3711 3894 Σαϐεατον
3743 3846 3788 3893 οξ
3824 3847 3892 3892 ἰε-

2300 3939 2410 4006 ρεῖς
2455 3935 2684 3988 ἀναίτιοί
2720 3935 2878 3995 εἰσιν,
2912 3933 2987 3995 ὡς
3019 3931 3136 4001 Θεῷ
3178 3932 3550 4002 προσάγοντες
3582 3933 3688 3996 τὰς
3733 3935 3892 4000 θερα-

2300 4029 2454 4090 πείας
2471 4044 2482 4056 ·
2510 4028 2626 4090 πῶς
2651 4025 2758 4078 τῶν
2781 4028 2837 4078 ὲν
2858 4024 2932 4093 τῷ
2963 4024 3091 4094 ίερῷ
3117 4025 3412 4094 δρωμένων
3442 4028 3890 4093 νοεῖταμμείζων

2296 4122 2329 4190 ἡ
2359 4117 2595 4190 Χριστοῦ
2627 4115 2926 4186 Θεραπείας
2965 4114 3105 4166 Ἀλλ’
3137 4113 3254 4166 εστι
3285 4113 3465 4183 δῆλον,
3495 4113 3584 4166 δτι
3621 4115 3676 4166 οἱ
3707 4116 3807 4184 μὲν
3836 4117 3891 4165 ἐν

2295 4212 2464 4282 νόμῳ,
2481 4210 2576 4262 καὶ
2598 4209 2747 4279 σκιᾷ,
2769 4208 2862 4261 καὶ
2898 4207 3257 4276 ὑποδείγματι
3285 4206 3392 4259 τῶν
3417 4207 3778 4277 ἐπουρανίων
3809 4209 3893 4260 λε-

2294 4300 2653 4372 λατρεύκασιν
2679 4316 2690 4327 ·
2720 4301 2769 4353 οἱ
2799 4300 2855 4353 δὲ
2888 4298 3165 4352 θεσπέσιοι
3209 4297 3453 4368 μαθηταὶ
3483 4299 3886 4369 προσεδρεύονο

2293 4391 2384 4452 τές
2409 4407 2467 4443 τε
2507 4392 2602 4443 καὶ
2634 4390 3074 4462 λειτουργοῦντες
3109 4389 3190 4460 τῷ
3222 4389 3465 4460 Χριστῷ,
3501 4391 3737 4458 μείζονα
3769 4391 3888 4462 [τὴν

2219 4508 2262 4561 D
2291 4477 2481 4549 τιμὴν]
2561 4479 2649 4532 καῖ
2705 4478 2802 4548 τὴν
2849 4479 3006 4544 δόξαν
3042 4474 3206 4548 εἶχον.
3250 4479 3360 4531 Καὶ
3398 4479 3445 4530 εί
3476 4479 3576 4546 τῆς
3628 4479 3687 4530 ὲν
3741 4482 3889 4548 νόμῳ

2290 4569 2546 4639 λατρείας
2612 4570 2669 4620 ὲν
2723 4569 2966 4637 ἀμείνοσι
3018 4570 3074 4622 τὸ
3123 4570 3456 4638 λειτουργεῖν
3510 4568 3592 4637 τῷ
3638 4571 3884 4640 Χριστῷ,

2295 4659 2410 4721 πῶς
2441 4663 2540 4710 οὐκ
2593 4659 2661 4711 ἂν
2700 4663 2869 4712 νοοῖτο
2897 4659 3027 4722 Θεὸς
3065 4659 3308 4729 ἀληθήςς

2374 4948 2390 4978 ι
2437 4930 2498 4981 Εἰ
2525 4926 2633 4996 ἐγὼ
2659 4929 2716 4980 ὲν
2749 4927 3074 4992 Βεελζεὸοῦλ
3103 4927 3349 4980 ἐκϐάλλω
3371 4929 3437 4981 τὰ
3464 4930 3749 4999 δαιμόνια,
3782 4952 3882 5001 φη-

2293 5022 2400 5085 σὶν,
2428 5021 2476 5073 οἱ
2506 5020 2612 5072 υἱοὶ
2642 5019 2792 5088 ὑμῶν
2813 5021 2870 5073 ὲν
2898 5019 3004 5072 τίνι
3031 5019 3383 5084 ὲκδάλλουσι;
3410 5021 3508 5072 Διά
3537 5021 3700 5072 τοῦτο
3728 5025 3881 5074 αὐτοὶ

2291 5110 2478 5178 κριταὶ
2511 5108 2724 5161 ἔσονται
2759 5110 2932 5179 ὑμῶν.
2975 5130 2992 5161 ι
3036 5110 3097 5162 Εἰ
3134 5112 3189 5162 ὲν
3234 5111 3457 5180 ὀνόματι
3500 5112 3593 5163 τοῦ
3641 5113 3879 5183 Χριστοῦ

2297 5198 2732 5269 τεθεραπεύκασι
2777 5203 2902 5262 τοὺς
2947 5201 3316 5270 δαιμονῶντας
3347 5205 3395 5254 οῖ
3432 5205 3714 5271 μαθηταὶ,
3763 5209 3881 5264 (ἐπ-

2286 5287 2527 5358 εφώνουν
2573 5290 2712 5358 γάρ·
2766 5291 2852 5343 Ἐν
2882 5291 3106 5361 ὀνόματι
3152 5293 3326 5361 Ἰησοῦ
3361 5293 3600 5363 Χριστοῦ
3641 5294 3736 5346 τοῦ
3765 5297 3877 5346 Να-

2285 5379 2544 5449 ζωραίου)
2566 5420 2580 5442 ,
2618 5380 2734 5442 πῶς
2770 5383 2870 5434 οὐκ
2901 5383 2964 5435 ἂν
2992 5386 3163 5435 νοοῖτο
3197 5383 3330 5447 Θεὸς
3359 5386 3606 5455 ἀληθήςς
3659 5389 3734 5439 03
3762 5389 3875 5453 γαρ

2283 5469 2347 5520 ἂν
2380 5471 2675 5540 ἐξήρκεσεν
2697 5471 2986 5541 ἀνθρώπου
3010 5474 3134 5536 δόξα
3167 5475 3260 5527 καὶ
3279 5475 3506 5545 δύναμις
3540 5481 3619 5539 εἰς
3655 5479 3715 5530 τὸ
3749 5495 3877 5533 κατ⁴

2284 5561 2508 5629 taxi-31:
2543 5563 2634 5612 τοῦ
2668 5563 2903 5615 Σατανᾶ.

2615 5737 2658 5766 ’⁷
2687 5738 2816 5791 ibid.
2847 5738 2942 5790 27.
