4040 6468
153 412 301 468 1265

1248 414 1338 469 DE
1380 414 1608 472 RECTA
1647 413 1803 470 FIDE
1839 414 1930 469 AD
1969 408 2284 468 REGINAS.

3249 400 3384 458 θεοῦ

235 544 259 574 ε
309 524 515 596 Ὥσπερ
563 520 656 578 οὗν
706 525 1018 595 συλλέγεται
1067 526 1133 579 τὰ
1166 526 1403 590 ζιζάνια,
1454 528 1548 580 καὶ
1595 526 1728 596 πυρὶ

1905 544 1922 576 ι
1963 524 2111 579 Sicut
2150 538 2280 592 ergo
2309 519 2640 590 colliguntur
2674 514 2905 581 sizania,
2934 522 2990 571 et
3030 512 3137 585 igni
3164 513 3385 568 combu-

155 615 548 667 κατακαίεται·
572 615 744 680 οὕτως
782 617 933 670 ἔσται
973 619 1031 669 έν
1056 618 1119 686 τῇ
1164 616 1442 686 συντελείᾳ
1468 616 1561 669 τοῦ
1590 615 1726 670 οιίῶ-

156 722 274 767 νος.
320 705 629 759 Ἀποστελεῖ
662 710 690 761 6
719 708 847 772 Υἱὸς
878 706 971 760 τοῦ
1000 706 1284 778 ἀνθρώπου
1313 708 1437 769 τοὺς
1464 706 1728 774 ἀγγέλους

158 796 355 861 αὐτοῦ,
388 797 479 849 καὶ
508 799 852 862 συλλέξουσιν
872 802 935 852 ἐκ
963 802 1059 870 τῆς
1078 798 1350 869 βασιλείας
1370 798 1531 851 αὑτοῦ
1553 799 1726 852 πάντα

156 883 232 936 τά
266 887 551 949 σκάνδαλα,
602 889 698 943 καὶ
737 890 862 951 τοὺς
905 888 1189 951 ποιοῦντας
1217 888 1315 959 τὴν
1351 888 1602 957 ἀνομίαν,
1634 889 1728 942 καὶ

163 971 419 1040 βαλοῦσιν
444 978 640 1040 αὐτοὺς
669 979 747 1040 είς
777 979 873 1048 τὴν
902 979 1128 1047 κάμινον
1154 977 1248 1030 τοῦ
1284 980 1475 1049 πυρός.
1531 997 1550 1029 ι
1591 978 1728 1048 Περὶ

160 1064 303 1117 Θεοῦ
355 1068 691 1138 γέγραπται·
744 1087 762 1120 ι
804 1069 1083 1137 Εὐλογεῖτε
1128 1068 1220 1121 τὸν
1257 1068 1482 1138 Κύριον,
1532 1070 1728 1132 πάντες

161 1157 215 1207 οί
246 1157 465 1224 ἄγγελοι
496 1158 677 1211 αὑτοῦ.
716 1177 734 1208 ι
782 1159 856 1211 Οὐ
900 1158 1007 1230 γὰρ
1037 1157 1263 1225 ἄγγελος
1310 1159 1540 1227 ἀγγέλου
1587 1160 1725 1221 ἐστὶ,

164 1246 305 1299 Θεοῦ
335 1248 391 1299 δὲ
426 1249 623 1317 μᾶλλον
650 1249 718 1303 τὰ
750 1250 945 1304 πάντα.
996 1249 1117 1312 Πῶς
1162 1245 1254 1303 οὖν
1286 1266 1417 1318 φησι
1462 1252 1588 1321 περὶ
1632 1250 1727 1303 τοῦ

165 1336 302 1389 Υίοῦ
330 1339 422 1390 τοῦ
454 1339 759 1409 ἀνθρώπου,
781 1341 865 1393 ὅτι
891 1340 1176 1393 ἀποστελεῖ
1201 1341 1325 1401 τοὺς
1354 1340 1615 1407 ἀγγέλους
1641 1343 1732 1394 αὑ·

165 1429 302 1496 τοῦ;
354 1430 483 1494 Θεὸς
509 1426 601 1485 οὖν
637 1433 744 1501 ἄρα
780 1432 948 1496 ἐστὶν,
978 1433 1053 1496 ὡς
1096 1432 1187 1485 καὶ
1224 1431 1385 1495 ἰδίους
1426 1433 1565 1500 ἔχων
1604 1434 1731 1493 τοὺς

164 1521 452 1588 ἀγγέλους,
486 1524 575 1575 καὶ
623 1524 710 1577 διὰ
743 1524 850 1577 τῶν
898 1524 1007 1578 ἀνω
1059 1522 1378 1594 πνευμάτων
1424 1523 1728 1593 ὑπηρετού-

167 1627 350 1680 μενος.

242 1723 260 1754 ι
318 1704 623 1774 Ἢρώτησεν
648 1708 677 1759 6
706 1705 957 1775 Χριστός·
991 1707 1034 1758 Τ
1041 1707 1124 1760 ίνα
1155 1725 1221 1777 με
1265 1706 1509 1776 λέγουσιν
1546 1707 1595 1758 οῖ
1637 1704 1730 1758 ἄν·

164 1792 193 1841 θ
204 1810 374 1861 ρωποι
401 1791 544 1847 εἶναι
590 1796 679 1848 τὸν
708 1796 835 1849 Υίὸν
863 1794 956 1848 τοῦ
985 1795 1307 1867 ἀνθρώπου;
1344 1798 1406 1850 Ol
1442 1796 1498 1849 δὲ
1541 1794 1691 1848 εἷπον
1712 1808 1727 1824 ⁸

1831 626 2042 681 runtur,
2090 614 2169 669 sic
2212 613 2316 668 erit
2369 612 2424 667 in
2481 608 2948 666 consummatione
3002 602 3207 661 saxull.
3267 601 3391 657 Mit-

1831 713 1908 760 tet
1941 702 2111 759 Filius
2139 703 2372 758 hominis
2402 700 2620 770 angelos
2647 713 2797 762 suos,
2829 708 2883 753 et
2918 695 3170 767 colligent
3205 693 3273 750 de
3309 708 3386 746 re-

1828 812 1933 867 gno
1954 796 2073 866 ejus
2103 794 2282 849 omnia
2313 792 2589 856 scandala,
2626 800 2681 845 et
2705 804 2799 846 eos
2836 788 2926 859 qui
2965 787 3173 843 faciunt
3198 784 3364 853 iniqui

1828 896 1997 941 tatem
2031 903 2046 940 :
2081 895 2135 941 et
2176 886 2392 940 mittent
2432 899 2528 939 eos
2566 884 2621 938 itt
2667 883 2940 937 caminum
2979 878 3119 950 ignis
3143 877 3213 931 ".
3247 894 3269 928 ο
3314 874 3390 929 De

1828 977 1938 1033 Deo
1953 979 2062 1048 82
2081 977 2305 1046 legimus
2335 993 2349 1030 :
2390 994 2409 1027 ι
2442 974 2754 1031 Benedicite
2784 973 3034 1036 Domino,
3067 982 3256 1025 omnes
3290 982 3385 1021 an-

1826 1069 1930 1139 geli
1958 1071 2076 1138 ejus
2109 1070 2174 1122 ".
2211 1087 2228 1120 ι
2265 1065 2450 1136 Neque
2492 1066 2634 1120 enim
2678 1064 2904 1134 angelus
2948 1061 3123 1134 angeli
3151 1070 3265 1124 est,
3292 1056 3389 1113 sed

1828 1157 1921 1214 Dei
1950 1169 2074 1214 sunt
2100 1158 2305 1214 omnia.
2346 1158 2479 1213 Cum
2522 1172 2654 1227 ergo
2702 1156 2770 1211 de
2814 1154 2955 1210 Filio
2989 1152 3221 1208 hominis
3246 1150 3388 1205 dica-

1829 1260 1937 1315 tur,
1976 1250 2119 1319 quod
2151 1250 2415 1304 missurus
2466 1248 2541 1303 sit
2578 1246 2797 1317 angelos
2839 1260 2967 1301 suos
2998 1260 3013 1297 :
3066 1241 3389 1313 angelosque

1827 1350 1882 1395 et
1908 1342 2130 1410 spiritus
2164 1339 2284 1395 illos
2325 1353 2604 1408 supremos
2638 1348 2891 1407 tanquam
2931 1335 3179 1406 proprios
3230 1331 3387 1389 mini-

1829 1441 1970 1487 stros
1995 1429 2285 1500 possideat,
2319 1428 2541 1485 evidens
2572 1428 2630 1481 ιιι
2659 1426 2809 1481 illum
2840 1439 2961 1481 esse
2993 1425 3178 1480 Deum.

1905 1720 1925 1753 ‹
1959 1701 2329 1769 Interrogabat
2354 1696 2647 1767 discipulos
2679 1708 2848 1750 suos:
2889 1693 3058 1759 Quem
3094 1706 3182 1745 me
3204 1688 3389 1745 dicunt

1833 1792 2076 1845 homines
2128 1802 2249 1843 esse
2292 1786 2488 1842 Filium
2540 1781 2811 1839 hominis?
2855 1780 2927 1835 At
2970 1778 3048 1833 illi
3096 1775 3385 1831 dixerunt:

162 1888 230 1938 Οί
264 1888 382 1956 μὲν,
435 1889 684 1958 Ἰωάννην
723 1890 812 1942 τὸν
846 1862 1182 1962 Βαπτιστῆν·
1215 1891 1360 1946 ἄλλοι
1386 1891 1463 1953 δὲ,
1513 1889 1727 1943 Ἠλίαν·

1833 1879 2242 1945 Alii,Joannem
2294 1876 2627 1945 Baptistam;
2677 1872 2772 1926 alii
2819 1880 3024 1936 autem,
3058 1868 3263 1933 Eliam;
3299 1862 3389 1919 alii

160 1978 313 2032 ἄλλοι
354 1979 430 2042 δὲ,
470 1980 811 2050 Ἰερεμίαν,ἢ
840 1980 936 2033 ἕνα
960 1982 1067 2033 τῶν
1096 1982 1413 2052 προφητῶν.
1442 1982 1602 2050 Λέγει
1628 1983 1727 2035 αὑ-

159 2070 306 2129 τοῖςο
352 2067 537 2137 Ὑμεῖς
563 2068 640 2132 δὲ,
674 2070 793 2121 τίνα
830 2087 896 2139 με
927 2070 1109 2137 λέγετε
1153 2067 1291 2124 εἶναι
1311 2089 1326 2135 ;
1387 2072 1730 2142 Ἀποκριθεὶς

159 2156 240 2217 δὲ,
275 2157 456 2227 φησὶν,
498 2161 526 2211 6
557 2159 780 2230 Πέτρος,
813 2158 935 2214 εἷπε
956 2177 970 2192 ο
1018 2164 1089 2214 Σὺ
1122 2159 1171 2215 εἷ
1204 2165 1230 2216 6
1265 2162 1501 2232 Χριστὸς
1544 2164 1572 2216 6
1601 2163 1731 2227 Υἱδς

158 2247 256 2301 τοῦ
290 2248 421 2301 Θεοῦ
453 2250 543 2302 τοῦ
573 2250 789 2315 ζῶντος.
836 2253 1175 2324 Ἀποκριθεὶς
1217 2254 1271 2306 δὲ
1299 2257 1325 2307 ὁ
1368 2254 1607 2323 Ἰησοῦς,
1651 2250 1730 2309 εἷ-

161 2357 264 2391 πεν
296 2339 474 2409 αὐτῷ’
501 2340 781 2411 Μακάριος
810 2338 880 2408 εἶ,
912 2342 1089 2412 Σίμων
1125 2342 1237 2412 Βὰρ
1279 2343 1449 2403 Ἰωνᾶ,
1481 2342 1562 2394 ὅτι
1593 2342 1729 2414 σὰρξ

158 2432 257 2483 καὶ
304 2429 439 2501 αἷμα
482 2433 581 2485 οὐκ
628 2434 940 2502 άπεκάλυψέ
978 2452 1079 2498 σοι,
1114 2433 1230 2487 ἀλλ’
1258 2436 1284 2486 6
1329 2434 1523 2503 Πατήρ
1568 2451 1667 2504 μου
1701 2435 1729 2486 6

158 2523 220 2574 ὲν
258 2526 367 2586 τοῖς
409 2523 674 2592 οὐρανοῖς.
706 2543 729 2575 θ
779 2525 841 2577 Εἰ
872 2525 1023 2595 ψιλὸς
1073 2524 1357 2595 ἄνθρωπος
1404 2526 1432 2577 6
1475 2525 1725 2594 Χριστὸς,

156 2613 302 2666 διατί
329 2613 699 2684 τεθαύμασται
728 2616 931 2687 Πέτρος
954 2616 1233 2687 ὁμολογῶν
1278 2617 1438 2671 αὐτόν
1462 2634 1477 2683 ;
1522 2618 1645 2680 Πῶς
1672 2617 1728 2669 δέ

156 2706 281 2756 ἐστι
323 2705 415 2757 καὶ
447 2704 799 2769 θεοδίδακτος,
853 2706 885 2777 ἢ
937 2708 1093 2771 ποίας
1129 2707 1320 2779 ἐδεήθη
1369 2708 1727 2777 φωταγωγίας

156 2794 387 2859 ἄνωθεν,
417 2795 504 2848 ἵνα
529 2795 673 2866 μάθῃ
698 2797 757 2849 τὸ
783 2797 869 2849 ἐπ’
894 2797 1041 2868 αὐτῷ
1066 2800 1387 2869 μυστήριον;
1429 2799 1566 2852 Ἀλλ’
1590 2799 1729 2868 ἔγνω

158 2883 297 2934 Θεὸν
328 2882 479 2947 ὄντα,
518 2885 610 2937 καὶ
650 2885 774 2937 Υὶὸν
792 2884 923 2937 Θεοῦ
970 2884 1169 2949 ζῶντος
1209 2886 1605 2959 διωμολόγησεν
1638 2890 1730 2941 αὐ-

156 2974 252 3025 τόν
272 2990 286 3003 ·
316 2973 567 3045 ταύτῃτοι
591 2975 979 3044 τεθαύμασται.
1006 2976 1147 3047 Πλὴν
1168 2977 1262 3030 ἕνα
1294 2979 1438 3042 Υίὸν,
1476 2979 1567 3031 καὶ
1610 2980 1729 3049 ουχὶ

155 3059 257 3113 δύο
288 3061 434 3125 υίοῦς
468 3080 621 3132 φησι.
663 3063 928 3127 Ausa-36‘s;
972 3060 1061 3116 οὖν
1106 3067 1212 3134 ἄρα
1250 3066 1306 3118 τὸ
1353 3067 1605 3138 διορίζειν
1648 3070 1728 3132 εἰς

156 3153 277 3207 δύο.
313 3176 331 3205 ι
367 3157 564 3209 Μέλλει
589 3158 697 3226 γάρ
725 3159 752 3209 6
783 3159 909 3221 Υἱὸς
936 3159 1028 3213 τοῦ
1074 3161 1363 3232 ἀνθρώπου
1388 3162 1643 3234 ἔρχεσθαι
1673 3169 1727 3219 ἐν

156 3248 227 3315 τῇ
261 3246 384 3316 δόξῃ
419 3247 513 3299 τοῦ
546 3248 754 3317 Πατρδς
799 3249 983 3314 αὐτοῦ,
1035 3252 1171 3320 μετὰ
1201 3253 1308 3304 τῶν
1345 3254 1591 3321 ἀγγέλων
1630 3258 1729 3307 αὓ-

156 3334 282 3390 τοῦ.
337 3355 354 3386 ι
412 3336 541 3389 Ἰδοὺ
597 3339 755 3391 πάλιν
800 3341 1060 3407 ἀγγέλους
1103 3342 1266 3395 αὑτοῦ
1321 3361 1451 3414 φησι
1501 3346 1567 3397 τὰ
1622 3346 1732 3399 ἄνω

160 3427 470 3498 πνεύματα,
504 3427 675 3483 καίτοι
704 3428 995 3500 λεγομένου
1034 3430 1161 3484 Υίοῦ
1194 3431 1498 3501 ἀνθρώπου.

241 3724 260 3756 ι
321 3702 609 3757 Ἐλθόντων
666 3704 729 3774 δὴ
777 3697 920 3755 οὗνί
984 3706 1062 3766 είς
1103 3700 1491 3774 Καπερναοὺμ,
1565 3724 1729 3776 προσ-

169 3794 335 3865 ῆλθον
362 3795 409 3847 οί
442 3793 509 3846 τὰ
529 3794 793 3865 δίδραχμα
822 3794 1203 3866 λαμϐάνοντες,
1222 3796 1298 3865 τῷ
1326 3794 1729 3868 Πέτρῳ,κα“ιεῖ-

160 3904 268 3939 πον
289 3902 301 3914 ·
346 3886 402 3938 Ὀ
426 3884 741 3948 διδάσκαλος
765 3885 915 3956 ὑμῶν
935 3888 995 3939 οὐ
1028 3886 1170 3940 τελεῖ
1189 3887 1254 3941 τὰ
1279 3887 1549 3959 δίδραχμα
1570 3906 1584 3951 ;
1622 3886 1732 3942 Καὶ

158 3978 343 4042 λέγει⁸
398 3976 522 4027 Ναί.
574 3977 684 4029 Καὶ
730 3976 1040 4031 είσελοόντα
1094 3979 1172 4040 είς
1215 3978 1314 4047 τὴν
1353 3980 1551 4045 οἰκίαν,
1602 3997 1735 4051 προσ

159 4066 399 4135 ἔφθασεν
428 4065 588 4119 αὑτὸν
638 4068 665 4119 6
717 4066 943 4153 Ἰησοῦς,
970 4065 1176 4134 λέγων’
1231 4067 1296 4118 Τί
1330 4084 1408 4120 σοι
1452 4068 1614 4133 δοκεῖ,
1653 4069 1739 4121 Σί-

163 4161 324 4228 pinv;
364 4158 411 4209 οἱ
456 4156 695 4226 βασιλεῖς
749 4156 849 4226 τῆς
894 4156 997 4225 γῆς
1048 4155 1155 4210 ἀπὸ
1202 4156 1360 4210 τίνων
1405 4157 1738 4227 λαμϐάνουσι

157 4248 317 4315 τέλη,
365 4247 397 4315 ἢ
440 4246 669 4317 κῆνσον;
718 4247 824 4300 ἀπὸ
866 4246 973 4299 τῶν
1003 4245 1133 4298 υἱῶν
1164 4245 1359 4309 αὐτῶν,
1393 4245 1426 4315 ἦ
1481 4247 1585 4299 ἀπὸ
1631 4247 1737 4299 τῶν

160 4337 461 4408 ἀλλοτρίων
480 4379 494 4402 ,
518 4333 651 4390 Εἶπε
677 4338 733 4391 δὲ
761 4338 905 4409 αὐτῷ
924 4356 939 4370 ·
973 4338 1104 4391 Ἀπὸ
1130 4338 1238 4391 τῶν
1264 4338 1579 4409 ἀλλοτρίων.
1605 4337 1738 4393 Εἷπε

157 4433 219 4485 δὲ
242 4427 391 4497 αὐτῷ
417 4428 444 4479 6
485 4427 689 4497 Ἰησοῦς
709 4445 722 4459 ο
761 4430 902 4499 Ἀρα
927 4448 988 4499 γε
1026 4428 1295 4501 ἐλεύθεροί
1317 4429 1453 4481 είσιν
1482 4429 1529 4481 οἱ
1559 4430 1683 4482 υίοί.
1715 4448 1733 4481 ι

156 4520 292 4583 Πῶς
326 4518 604 4593 ὲλεῦθερον
645 4519 832 4571 ἑαυτὸν
864 4515 999 4573 εἶναί
1047 4537 1202 4591 φησι,
1253 4520 1346 4573 καὶ
1389 4518 1492 4582 ἔξω
1538 4520 1723 4587 νόμου,

158 4612 261 4666 καὶ
290 4609 573 4678 ἀσυνπλῆ,
622 4610 716 4661 καὶ
750 4608 876 4661 Υἱδν
922 4610 1155 4677 άληθῶς,
1207 4612 1255 4662 εί
1302 4609 1376 4680 μὴ
1404 4607 1535 4669 Θεός
1564 4611 1728 4669 ἐστιν,

160 4703 358 4759 ἑνώσει
388 4705 453 4773 τῇ
480 4701 600 4754 καθ’
629 4699 923 4753 ὑπόστασιν
944 4700 1142 4768 σαρκὸς
1177 4702 1270 4753 καὶ
1298 4700 1525 4770 αἵματος
1554 4712 1734 4748 κεκοι-

158 4795 457 4867 νωνηκὼς;
489 4792 837 4847 Συντετέλεκε
868 4790 924 4843 δὲ
950 4790 1008 4842 τὸ
1040 4791 1351 4860 δίδραχμον,
1396 4791 1470 4854 ὡς
1498 4786 1734 4856 γεγονὼς

162 4886 275 4938 ὑπο
307 4887 468 4954 νόμον
497 4886 523 4938 6
551 4884 687 4954 ὑπὲρ
716 4881 877 4949 νόμον
904 4879 1048 4941 Υἱός.
1081 4876 1397 4946 Ἀνθρωπος
1422 4878 1477 4929 δὲ
1501 4876 1596 4939 ὢν,
1638 4875 1735 4944 οὐχ

167 4974 310 5044 ὑπὲρ
335 4974 494 5043 νόμον
516 4977 713 5027 νοεῖται
746 4989 760 5003 ·
791 4970 906 5033 πῶς
928 4969 1069 5039 γάρ;
1098 4967 1205 5019 οὐδ’
1234 4967 1297 5020 ἂν
1327 4967 1438 5037 ἔχοι
1465 4966 1604 5019 κατὰ
1632 4965 1736 5032 φύ-

164 5079 255 5115 σιν
302 5063 362 5112 τδ
393 5063 691 5133 ἐλεύθερον,
735 5064 781 5116 εἰ
819 5061 891 5133 μὴ
920 5060 1117 5112 νοεῖται
1148 5055 1280 5117 Θεὸς
1308 5057 1366 5106 ἐν
1407 5054 1726 5123 ἀνθρωπεία

167 5152 378 5223 μορφῇ-

252 5242 653 5305 Ἀναὸιίνοντος
679 5246 735 5295 ἐν
774 5242 1162 5314 Ἱεροσολύμοις
1206 5234 1299 5289 τοῦ
1331 5234 1545 5285 πάντων
1574 5232 1730 5303 ἡμῶν

166 5334 421 5402 Σωτῆρος
448 5333 704 5402 Χριστοῦ,
740 5334 924 5398 παῖδες
955 5328 1323 5405 προεϐάδιζον,
1368 5322 1737 5392 εὐφημοῦντές

1831 1986 1981 2036 vero,
2021 1970 2332 2033 Jeretniam,
2359 1975 2452 2020 aut
2484 1979 2646 2019 unum
2677 1978 2744 2017 ex
2772 1962 3080 2032 prophetis.
3104 1958 3249 2012 Dixit
3286 1954 3392 2009 illis

1829 2063 2025 2119 Jesus:
2064 2062 2166 2115 Vos
2199 2068 2375 2112 autem
2413 2070 2570 2123 quem
2603 2068 2690 2108 me
2728 2066 2849 2108 esse
2886 2050 3103 2105 dicitis?
3144 2049 3389 2115 Respon-

1830 2156 1962 2210 dens
1991 2153 2176 2207 Simon
2206 2150 2397 2203 Petrus
2426 2147 2598 2203 dixit:
2632 2143 2713 2199 Tu
2745 2159 2802 2199 es
2831 2141 3079 2198 Christus
3104 2138 3268 2194 Filius
3293 2134 3387 2190 Dei

1830 2244 1955 2297 vivi.
1976 2243 2324 2309 Respondens
2346 2246 2523 2289 autem
2556 2233 2734 2297 Jesus,
2777 2233 2911 2287 dixit
2944 2232 2992 2286 ei
3024 2248 3037 2283 :
3078 2228 3272 2283 Beatus
3305 2238 3386 2285 es,

1832 2334 2016 2387 Simon
2042 2332 2147 2385 Bar
2174 2329 2328 2393 Jona,
2350 2327 2475 2396 quia
2504 2339 2632 2379 caro
2658 2335 2710 2378 et
2740 2323 2956 2391 sanguis
2990 2335 3096 2374 non
3132 2314 3391 2374 revelavit

1832 2425 1950 2489 tibi,
1998 2423 2089 2477 sed
2136 2420 2297 2475 Pater
2328 2431 2500 2481 mens,
2524 2416 2615 2487 qui
2641 2423 2725 2470 est
2749 2414 2804 2469 in
2833 2413 2985 2469 caelis
3010 2412 3051 2463 ‘.
3090 2424 3108 2462 ι
3144 2410 3203 2464 Si
3229 2404 3386 2463 Chri-

1830 2524 1945 2570 stus
1988 2512 2287 2568 communis
2331 2509 2635 2580 vulgarisve
2688 2515 2893 2561 tantum
2937 2505 3099 2559 homo
3144 2509 3247 2567 est,
3294 2511 3387 2553 cur

1829 2606 2018 2662 Petrus
2049 2605 2117 2658 ob
2152 2618 2303 2657 suam
2348 2601 2745 2656 confessionem
2786 2594 3117 2651 admirabilis
3153 2591 3389 2648 declara-

1831 2708 1916 2753 tus
1939 2705 1992 2753 et
2023 2695 2270 2750 laudatus
2297 2692 2422 2746 est?
2464 2689 2744 2757 Quomodo
2791 2687 3045 2742 divinitus
3085 2683 3391 2754 perhibetur

1828 2784 2088 2842 edoctus?
2110 2789 2216 2837 Aut
2238 2795 2472 2852 quanam
2513 2792 2747 2849 superna
2774 2790 2908 2846 opus
2941 2782 3060 2832 erat
3091 2774 3164 2827 illi
3197 2770 3392 2826 illumi-

1829 2874 2070 2938 natione,
2112 2880 2171 2926 ut
2211 2870 2339 2926 illud
2383 2867 2585 2925 Christi
2636 2865 2952 2936 mysterium
2988 2861 3247 2932 caperet?
3293 2857 3391 2911 Ve.

1831 2982 1947 3021 rum
1985 2966 2111 3034 quia
2141 2964 2308 3018 Deum
2337 2975 2459 3017 esse
2489 2959 2724 3030 agnovit,
2769 2956 3107 3026 viventisque
3153 2952 3245 3008 Dei
3296 2948 3386 3005 Fi-

1829 3058 1956 3109 lium
1998 3070 2118 3111 esse
2159 3052 2517 3124 praedicavit,
2566 3048 2691 3103 ideo
2744 3046 3006 3102 mirabilis
3047 3055 3104 3101 et
3144 3042 3393 3113 egregius

1836 3148 2048 3203 habitus
2074 3154 2175 3201 est.
2205 3145 2391 3213 Neque
2426 3151 2605 3196 tamen
2639 3140 2777 3199 duos
2803 3136 3083 3194 confessus
3114 3145 3196 3191 est
3229 3133 3386 3191 llllos.

1833 3240 1925 3294 sed
1968 3253 2131 3292 unum
2177 3236 2461 3290 duntaxat.
2498 3229 2727 3301 lmpium
2773 3230 2956 3298 itaque
2999 3237 3083 3282 est
3121 3224 3391 3281 Christum

1835 3332 1885 3386 in
1922 3332 2054 3384 duos
2082 3328 2321 3382 dividere
2355 3324 2514 3379 lilios.
2546 3341 2563 3373 ι
2594 3321 2765 3378 Filius
2797 3320 2941 3375 enim
2980 3318 3213 3374 hominis
3260 3327 3389 3367 ven-

1832 3432 1985 3474 turus
2014 3426 2096 3474 est
2129 3419 2180 3472 in
2210 3416 2376 3487 gloria
2407 3413 2583 3469 Patris
2609 3414 2691 3467 sui
2732 3425 2851 3466 cum
2896 3408 3101 3479 angelis
3143 3407 3256 3463 suis
3281 3406 3324 3457 '.
3369 3418 3386 3451 ι

1834 3513 1909 3567 En
1964 3512 2156 3565 iterum
2208 3509 2459 3564 caelestes
2490 3506 2712 3577 spiritus
2762 3519 2889 3560 suos
2938 3501 3154 3574 angelos
3202 3503 3393 3560 vocat,

1833 3602 2044 3657 etiamsi
2075 3600 2311 3657 hominis
2339 3599 2510 3653 Filius
2536 3598 2767 3653 dicatur.

1909 3710 1929 3743 ι
1981 3680 2217 3745 Ειέιιιιι
2262 3690 2536 3743 venissent
2597 3686 2999 3757 Gapharnaum,
3053 3683 3396 3741 accesserunt

1835 3782 1924 3852 qni
1957 3772 2273 3837 didrachma
2305 3779 2660 3848 accipiebant,
2693 3779 2758 3833 ad
2783 3777 3035 3846 Petrum,
3066 3784 3120 3830 et
3145 3772 3394 3828 dixerunt

1834 3876 1928 3930 ei:
1983 3873 2235 3944 Magister
2282 3880 2460 3926 vester
2512 3886 2617 3925 non
2650 3869 2807 3925 solvit
2870 3864 3216 3923 didrachma?
3259 3857 3390 3912 Ait:

1836 3964 2031 4019 Etiam.
2058 3964 2126 4018 Et
2151 3978 2271 4017 cum
2302 3962 2551 4017 intrasset
2586 3960 2638 4014 in
2690 3959 2932 4024 domum,
2973 3953 3231 4028 praevenit
3274 3956 3393 4003 eum

1833 4055 2013 4119 Jesus,
2056 4055 2286 4108 dicens:
2343 4052 2481 4118 Quid
2533 4053 2625 4107 tibi
2654 4052 2892 4114 videtur,
2950 4046 3177 4104 Simon?
3223 4042 3394 4109 Reges

1839 4158 1996 4202 teme
2029 4160 2058 4198 a
2098 4145 2295 4213 quibus
2332 4143 2602 4212 accipiunt
2642 4142 2899 4196 tributum
2938 4139 3026 4194 vel
3056 4146 3315 4194 censum.
3363 4143 3396 4181 a

1839 4238 1963 4291 [illis
1990 4236 2122 4299 suis,
2148 4249 2212 4287 an
2246 4234 2313 4288 ab
2349 4232 2668 4287 alienis?»et
2702 4230 2790 4285 ille
2824 4229 2959 4283 dixit
2994 4246 3008 4283 :
3049 4227 3130 4282 Ab
3164 4218 3348 4276 alienis
3379 4234 3390 4269 :

1840 4328 1975 4383 dixit
2003 4327 2078 4381 illi
2111 4324 2264 4380 Jesus
2293 4339 2307 4376 :
2339 4323 2479 4391 Ergo
2512 4322 2667 4378 liberi
2704 4330 2831 4376 sunt
2860 4320 2956 4375 lilii
2981 4320 3027 4377 ³.
3062 4332 3084 4369 ο
3122 4305 3395 4382 Quomodo

1840 4419 2090 4484 liberum,
2145 4416 2248 4471 hoc
2300 4424 2382 4470 est
2416 4430 2447 4467 a
2498 4414 2633 4482 legis
2672 4411 2885 4467 vinculo
2937 4406 3226 4474 tribulique
3268 4410 3397 4469 pen-

1839 4511 1992 4564 sione
2021 4509 2334 4570 immunem,
2364 4520 2573 4559 necnon
2606 4518 2789 4557 verum
2818 4501 3009 4556 Filium
3042 4512 3102 4552 se
3121 4490 3392 4564 prmdicat,

1840 4602 1885 4654 si
1919 4600 2101 4652 carnis
2124 4608 2177 4652 et
2200 4597 2480 4665 sanguinis
2518 4595 2814 4649 secundum
2840 4588 3226 4663 hypostaticam
3250 4581 3397 4637 ιιιιῑορ

1842 4704 1962 4744 nem
1993 4691 2261 4759 particeps
2286 4686 2533 4753 effectus,
2566 4701 2671 4741 non
2704 4694 2790 4740 est
2833 4683 3012 4740 Deus?
3040 4685 3111 4737 At
3152 4672 3397 4746 dependit

1842 4780 2190 4836 nihilominus
2238 4778 2551 4835 didrachma
2620 4788 2876 4849 tanquam
2940 4775 3042 4844 legi
3103 4766 3393 4829 obnoxius,

1842 4888 1964 4927 cum
2001 4882 2177 4927 tamen
2212 4880 2268 4925 ut
2295 4871 2461 4928 Filius
2484 4872 2598 4942 lege
2624 4869 2794 4937 major
2822 4875 2984 4922 esset.
3024 4862 3219 4916 Verum
3248 4858 3295 4911 si
3326 4856 3398 4909 sit

1842 4966 2024 5030 homo,
2060 4978 2163 5019 non
2199 4972 2283 5019 est
2312 4977 2474 5033 supra
2507 4963 2696 5031 legem.
2724 4957 2892 5011 Nemo
2924 4953 3065 5008 enim
3097 4946 3394 5004 naturalem

1840 5056 2142 5109 libertatem
2174 5055 2246 5108 illi
2284 5055 2500 5116 tribuet,
2531 5050 2634 5103 nisi
2666 5056 2725 5099 ut
2765 5045 2930 5098 Deum
2957 5041 3191 5098 humana
3224 5037 3395 5093 forma

1840 5146 2087 5201 indutum
2111 5146 2294 5199 animo
2324 5142 2567 5197 eumdem
2597 5134 2886 5205 concipiat.

1910 5236 2132 5291 Christo
2172 5234 2410 5290 omnium
2472 5237 2710 5283 nostrum
2760 5224 3038 5279 Salvatore
3087 5216 3417 5293 Hierosoly—

1845 5341 1986 5379 mam
2017 5324 2360 5384 ascendente,
2386 5316 2531 5387 pueri
2564 5321 2881 5385 praeeuntes,
2904 5309 3224 5376 laudumque
3249 5314 3363 5377 pm
3385 5326 3414 5341 -

249 5492 296 5522 "'
335 5487 524 5540 Matth.
557 5501 674 5546 xm.
722 5486 912 5540 60-62.
990 5487 1033 5517 "
1068 5484 1209 5541 Psal.
1242 5497 1330 5545 cu,
1374 5477 1460 5530 90.
1544 5475 1730 5528 'Mattl

1836 5490 1908 5541 vt,
1945 5472 2129 5525 15-17.
2208 5470 2231 5499 ⁸
2262 5467 2389 5521 ibid.
2417 5467 2504 5519 27.
2584 5466 2602 5497 ³
2627 5463 2814 5525 Matth,
2846 5476 2973 5524 ml,
3003 5455 3193 5512 9.5.9.5.

1228 5634 1395 5691 Varia:
1426 5630 1680 5685 lectiones
1711 5626 1910 5680 codicis
1946 5621 2301 5691 Seguieriani.

252 5787 269 5823 ί
301 5785 353 5836 δὲ
382 5783 577 5836 αὐτῶν.
