4040 6442
664 378 796 435 I267
1639 381 1700 438 8.
1739 381 2011 440 CYRILL!
2047 379 2509 441 ALEXANDRINI
2554 377 2867 437 ARCHIEP.
3770 377 3899 433 1268

655 498 806 552 conia
859 496 1271 567 depromentes,
1304 497 1412 569 83
1460 515 1478 550 ι
1508 497 1755 553 Hosanna
1786 500 1894 554 lllio
1945 500 2136 564 David,
2185 518 2192 551 ι

2311 516 2369 552 τε
2387 499 2478 552 καὶ
2505 498 2778 565 λέγοντεςο
2799 492 3070 547 ι.Ὥσαννὰ
3092 493 3169 564 τῷ
3196 494 3297 564 υἱῷ
3315 491 3500 548 Δαυῒό.
3537 494 3890 566 ›Θεοπρεπὴ;

653 588 1014 642 clamabant‘.
1081 589 1152 642 At
1192 589 1306 645 haec
1380 589 1696 645 acclamatio
1745 591 1795 645 in
1837 591 2009 646 solum
2045 592 2192 646 Deun

2309 589 2366 643 δὲ
2385 589 2600 650 πάντως
2617 589 2759 640 ἔστὶν
2790 583 3136 655 ἡδοξολογία.
3171 602 3189 634 ι
3226 585 3718 656 Ἠγανάκτησαν-οἱ
3738 587 3888 654 thaps-

652 679 902 745 quadrat.
963 697 981 728 ι
1013 679 1280 748 lndignati
1332 691 1504 736 autem
1562 682 1813 737 Pharisaei
1871 683 1925 737 in
1975 684 2208 738 medium

652 777 1054 836 prorumpunt:
1089 769 1295 832 Audis,
1347 771 1617 838 inquiunt,
1668 773 1797 840 quid
1845 774 1930 828 isti
1989 774 2211 828 dicunt?

651 852 808 910 Jesus
840 867 1015 910 autem
1064 859 1200 912 dixit
1248 860 1369 914 eis:
1406 860 1619 930 Utique.
1657 860 1941 933 Nunquam
1980 863 2209 933 legistis,

651 946 774 1014 quia
804 946 880 1000 Ex
909 961 1002 1001 ore
1039 948 1318 1002 infantium
1357 961 1411 1005 et
1437 951 1748 1006 lactentium
1789 953 2062 1021 perfecisti
2100 951 2212 1005 lau-

651 1035 771 1088 dem
795 1035 855 1088 '?
883 1054 902 1088 ι
929 1035 1035 1091 Sed
1062 1039 1274 1092 beatum
1315 1039 1479 1093 David
1524 1040 1625 1095 hoc
1657 1041 1775 1096 loco
1807 1042 1995 1097 audire
2034 1055 2210 1110 opera:

651 1123 878 1190 pretium
900 1134 1018 1190 est;
1058 1127 1325 1180 aitautem
1359 1146 1372 1182 :
1408 1147 1431 1180 ι
1454 1129 1685 1186 Domine
1705 1130 1958 1184 Dominus
2004 1139 2209 1191 noster,

650 1225 808 1282 quam
834 1216 1144 1271 admirabile
1166 1228 1460 1274 estnomen
1489 1228 1636 1274 tuum
1671 1221 1721 1274 in
1747 1222 1994 1276 universa
2021 1230 2162 1275 terra
2192 1225 2205 1276 l

657 1305 924 1371 Quoniam
949 1308 1159 1362 elevata
1191 1319 1275 1362 est
1300 1309 1694 1378 magniﬁcentia
1730 1321 1817 1363 tua
1842 1325 2002 1379 super
2021 1313 2207 1367 cmlos.

649 1396 725 1449 Ex
749 1411 842 1451 ore
864 1396 1150 1453 infantium
1175 1409 1228 1453 et
1249 1399 1564 1455 laetentium
1585 1401 1860 1470 perfecisti
1881 1405 2091 1458 laudem
2114 1405 2156 1457 ⁸.
2182 1423 2208 1457 ι

647 1483 802 1539 Pueri
863 1502 1093 1557 namque
1147 1504 1334 1558 magna
1388 1490 1748 1547 exsultatione
1805 1493 2206 1559 acclamantes,

644 1577 881 1638 aiebant,
949 1595 966 1628 ι
1020 1576 1267 1633 Hosanna
1321 1580 1429 1635 lilio
1468 1580 1655 1636 David.
1691 1600 1709 1634 ι
1762 1583 1812 1637 ls
1853 1598 2013 1651 porro
2059 1585 2209 1654 cujus

643 1665 877 1736 elogium
910 1667 1288 1735 decantabant,
1311 1671 1573 1738 ejusmodi
1605 1672 1814 1726 laudem
1851 1681 1904 1725 et
1944 1676 2207 1728 acclama-

649 1760 848 1814 tionem
880 1762 1193 1829 neutiquam
1233 1761 1568 1830 repudiabat.
1623 1763 1783 1830 Atqui
1818 1765 2002 1818 beatus
2043 1765 2206 1819 David

2311 681 2470 741 σαῖοι,
2491 679 2585 731 καὶ
2600 677 2661 748 δὴ
2685 677 2778 730 καὶ
2801 676 3128 746 προσῄεσαν,
3146 673 3415 742 λέγοντες·
3449 674 3722 739 Ἀκούεις,
3741 677 3802 727 τί
3817 672 3888 728 οὗ·

2308 788 2390 824 τοι
2417 770 2696 837 λέγουσιν;
2735 769 2789 823 Ὀ
2811 767 2864 820 δὲ
2903 766 3106 837 Ἰησοῦς
3130 761 3282 820 εἶπεν
3307 767 3490 830 αὐτοῖς
3515 784 3537 798 ν
3570 767 3704 821 Ναί.
3747 768 3879 820 οὐδὲ

2311 877 2440 914 ποτε
2463 859 2840 927 ἁνέγνωτεβτι
2879 857 2972 911 Ἐκ
2990 859 3254 926 στόματος
3281 858 3492 928 νηπίων
3509 861 3606 911 καὶ
3634 859 3874 929 θηλαζόν

2309 969 2414 1004 των
2436 950 2746 1020 κατηρτίσω
2779 945 2956 1015 αἷνον;
2995 968 3014 1000 ι
3065 949 3386 1018 Ἀναγκαῖον
3426 952 3484 1002 ὲν
3515 951 3736 1012 τούτοις
3785 951 3890 1002 δια-

2315 1041 2677 1112 μνημονεῦσαι
2717 1041 2810 1094 τοῦ
2839 1041 3106 1112 μακαρίου
3121 1041 3284 1094 Δαυτδ
3305 1041 3558 1110 λέγοντος
3579 1058 3594 1073 ⁸
3633 1062 3651 1092 ι
3692 1042 3890 1112 Κύριε,

2310 1134 2338 1185 6
2361 1131 2562 1202 Κύριος
2591 1131 2766 1200 ἡμῶν,
2794 1130 2868 1193 ὼς
2907 1129 3217 1200 θαυμαστὸν
3248 1131 3309 1184 τὸ
3343 1131 3516 1201 ὄνομά
3539 1150 3638 1184 σου
3667 1133 3725 1184 ὲν
3752 1134 3895 1203 πασῃ

2309 1225 2373 1292 τῇ
2405 1223 2473 1290 γῇ
2502 1221 2516 1273 l
2547 1221 2669 1273 Ὅτι
2710 1220 2978 1290 ὲπήρθηὴ
3017 1220 3464 1290 μεγαλοπρέπεια
3502 1239 3598 1275 σου
3636 1224 3900 1292 ὑπεράνω

2307 1311 2416 1363 τῶν
2455 1310 2715 1379 οὐρανῶν.
2761 1311 2854 1363 Ἐκ
2885 1311 3151 1380 στόματος
3179 1312 3388 1381 νηπίων
3420 1314 3514 1366 καὶ
3546 1313 3896 1383 Θηλαζὸντων

2309 1403 2619 1473 κατηρτίσω
2647 1397 2816 1454 αἶνον.
2857 1421 2875 1452 ι
2912 1403 2974 1454 οἱ
3026 1402 3124 1471 μὲν
3149 1401 3258 1472 γὰρ
3298 1403 3485 1466 παῖδες
3511 1405 3897 1475 εὐφημοῦντες

2307 1493 2514 1562 ἔλεγονο
2550 1511 2569 1544 ι
2633 1493 2860 1546 Ὡσαννὰ
2885 1492 2962 1562 τῷ
2991 1493 3092 1562 υἱῷ
3122 1494 3306 1547 Δαυῖδ.
3358 1513 3378 1546 ι
3413 1497 3798 1565 Καταδέχεται
3840 1499 3896 1549 δὲ

2305 1584 2402 1654 τὴν
2446 1583 2753 1652 δοξολογίαν
2799 1583 3230 1652 εὐφημούμενος.
3289 1586 3348 1638 '0
3391 1586 3448 1638 δέ
3499 1603 3564 1654 γε
3619 1589 3897 1658 μακάριος

2305 1675 2466 1729 Δαυῒδ
2493 1675 2592 1728 οὐκ
2613 1672 2883 1744 ἀνθρώπῳ
2903 1673 3108 1744 ταύτην
3131 1675 3445 1728 ἀνατέθεικε
3478 1678 3677 1747 κοινῷ,
3702 1681 3893 1749 Κυρίῳ

2305 1765 2361 1818 δὲ
2394 1764 2616 1834 μᾶλλον,
2653 1759 2714 1816 οὗ
2743 1764 2845 1816 καὶ.
2866 1763 3176 1833 θαυμαστὸν
3204 1765 3266 1817 τὸ
3310 1765 3483 1834 ὄνομα
3532 1768 3591 1818 ὲν
3646 1769 3805 1838 πάσῃ

641 1865 758 1905 eam
814 1852 1259 1908 acclamationem
1320 1868 1425 1908 non
1473 1855 1741 1909 communi
1783 1855 1943 1910 alicui
1996 1857 2192 1911 homini

2299 1858 2397 1924 Υῇ⁶
2425 1854 2634 1925 ἐπήρθη
2669 1854 2777 1923 γὰρ
2818 1854 2851 1922 ή
2897 1855 3338 1925 μεγαλοπρέπεια
3371 1854 3590 1927 [αὑτοῦ]
3627 1857 3894 1927 ὑπεράνω

644 1943 933 2010 tribuebat,
971 1947 1065 2000 sed
1093 1945 1330 2000 omnium
1373 1945 1636 2002 Domino:
1675 1947 1816 2002 illius
1845 1949 1986 2002 enim
2031 1947 2200 2003 solius

642 2050 833 2088 nomen
872 2037 1125 2092 universa
1164 2046 1304 2091 terra
1357 2038 1673 2105 demiratur,
1707 2037 2057 2108 ejusdemque
2089 2053 2200 2092 ma-

2304 1945 2410 2000 τῶν
2434 1945 2696 2016 οὐρανῶν.
2722 1941 2870 2008 Elea,
2895 1945 3010 2008 πῶς
3033 1946 3093 1998 οὐ
3113 1945 3243 2010 Θεὸς
3265 1949 3294 2000 6
3321 1947 3448 2009 Υἱὸς
3465 1947 3637 2000 Δαυῒδ
3664 1951 3728 2001 τὸ
3755 1951 3891 2001 κατὰ

2308 2037 2486 2107 σάρκα
2515 2035 2742 2108 Χριστός
2762 2053 2777 2101 ;

638 2129 943 2198 gniﬁcentia
995 2147 1157 2202 super
1203 2147 1394 2186 omnes
1439 2134 1603 2188 cmlos
1651 2133 1873 2188 tollitur.
1916 2134 2202 2201 Quomodo
2231 2146 2359 2201 ergo
2392 2131 2638 2186 Christus
2711 2127 2928 2184 Davidis
2990 2128 3282 2183 secundum
3322 2145 3546 2184 carnem
3592 2133 3745 2186 Illius
3789 2149 3894 2185 non

639 2234 720 2279 est
756 2225 943 2283 Deus?

720 2363 740 2395 ι
767 2342 900 2397 Cum
928 2352 1107 2397 autem
1137 2347 1344 2399 venerit
1378 2347 1544 2400 Filius
1570 2347 1802 2401 hominis
1832 2348 1884 2400 in
1911 2345 2192 2413 majestate

640 2450 754 2496 sua,
797 2445 850 2488 et
881 2450 1069 2490 omnes
1113 2437 1284 2505 angeli
1322 2451 1441 2489 cum
1486 2452 1576 2500 eo,
1637 2449 1760 2490 tunc
1793 2436 1999 2491 sedebit
2033 2451 2195 2505 super

636 2525 818 2578 sedem
851 2524 1150 2591 majestatis
1172 2527 1335 2579 suae'.
1371 2544 1388 2577 ι
1418 2526 1667 2594 Nunquid
1688 2526 1935 2580 Christus
1959 2534 2015 2578 ιιι
2036 2525 2195 2580 homo

634 2615 900 2684 quispiam
935 2617 1105 2670 nostri
1137 2616 1328 2671 similis
1355 2633 1449 2686 pro
1474 2617 1725 2672 tribunali
1755 2617 1983 2682 sedebit,
2011 2626 2196 2670 astan-

636 2707 884 2775 libusque
931 2707 1182 2763 omnibus
1223 2710 1568 2778 undiquaque
1599 2710 1696 2777 ipsi
1739 2709 1968 2778 angelis,
2008 2708 2193 2763 orbem

624 2796 926 2865 jutlicabit?
960 2799 1058 2863 Qui
1107 2799 1266 2861 istud,
1301 2801 1549 2865 obsecro,
1599 2801 1794 2855 rationi
1836 2810 1920 2854 est
1968 2815 2194 2856 consen-

634 2888 889 2941 taneum?
942 2890 1135 2943 Annon
1170 2891 1428 2958 scriptum
1472 2900 1592 2945 est:
1628 2908 1646 2941 ι
1677 2889 1827 2946 Unus
1860 2899 1942 2944 est
1971 2889 2189 2958 legisla-

631 2985 735 3041 tor,
763 2978 997 3046 etjutiex
1021 2980 1081 3032 '1'
1113 2999 1131 3031 ›
1177 2981 1313 3034 Deus
1347 2981 1508 3050 igitur
1529 2992 1613 3034 est
1641 2981 1912 3048 Christus,
1950 2981 2041 3050 qui
2071 2980 2191 3048 pari

2373 2364 2390 2396 ι
2417 2343 2588 2397 Ὅταν
2613 2341 2741 2413 ἔλθῃ
2757 2341 2926 2404 ὁΥἱδς
2947 2340 3040 2394 τοῦ
3068 2339 3354 2410 ἀνθρώπου
3382 2341 3439 2392 ἕν
3455 2343 3519 2410 τῇ
3539 2340 3675 2411 δόξῃ
3701 2343 3887 2409 αὑτοῦ,

2300 2435 2392 2487 καὶ
2432 2435 2631 2497 πάντες
2673 2436 2720 2486 οἱ
2752 2431 2971 2500 ἄγγελοι
3019 2431 3133 2501 μετ’
3165 2431 3350 2496 αὑτοῦ,
3381 2433 3503 2484 τότε
3542 2435 3774 2487 καθίσει
3803 2439 3888 2487 ἐπὶ

2301 2523 2484 2594 θρόνον
2512 2523 2670 2593 δόξης
2719 2522 2905 2575 αὑτοῦ.
2939 2537 2963 2574 δ
3008 2517 3156 2592 ’Ἆρα
3197 2521 3269 2584 ὡς
3315 2521 3604 2590 ἄνθρωπος
3656 2518 3742 2586 εἷς
3787 2526 3890 2576 τῶν

2302 2614 2422 2668 καθ’
2450 2616 2596 2686 ἡμᾶς
2642 2613 2946 2667 καθεδεῖται
2978 2613 3228 2682 Χριστὸς,
3269 2615 3710 2682 παρεστηκότων
3746 2615 3887 2684 αὐτῷ

2298 2706 2516 2759 πάντων
2562 2705 2672 2758 τῶν
2703 2703 2967 2773 ἀγγέλων,
3001 2701 3144 2756 οὕτω
3185 2720 3244 2756 τε
3275 2707 3451 2773 κρινεί
3497 2705 3596 2757 τὸν
3643 2707 3885 2777 κόσμον;

2295 2794 2449 2860 Εἶτα,
2500 2797 2650 2849 ποῖον
2679 2795 2791 2866 ἔχει
2839 2794 2996 2849 τοῦτο
3041 2794 3231 2862 λόγον;
3280 2793 3598 2864 Γέγραπται
3638 2797 3780 2866 γὰρ,
3811 2799 3888 2848 ὅτι

2302 2903 2320 2936 ι
2349 2881 2443 2949 Εἷς
2478 2887 2623 2939 ἐστιν
2647 2885 2674 2937 6
2696 2883 2991 2955 νομοθέτης
3017 2884 3113 2936 καὶ
3139 2883 3352 2954 κριτής.
3392 2903 3410 2934 ι
3448 2885 3587 2947 Θεὸς
3617 2882 3720 2937 οὖν
3784 2888 3885 2955 ἄρα

2292 2975 2543 3042 Χριστὸς,
2558 2975 2586 3027 6
2608 2975 2663 3027 ὲν
2680 2973 2804 3044 δόξῃ
2822 2973 2976 3036 Θεοῦ,
2994 2972 3086 3026 καὶ
3102 2972 3286 3042 θρόνον
3312 2973 3470 3042 ἔχων,
3492 2975 3590 3026 καὶ
3606 2993 3687 3028 πα
3697 2993 3757 3045 ρε
3768 2977 3886 3028 στῶ-

629 3085 750 3123 cum
802 3070 908 3124 Deo
962 3068 1131 3139 gloria
1179 3070 1408 3136 pollens,
1459 3069 2184 3138 thronumquejudiciarium

2296 3083 2389 3127 τας
2421 3064 2709 3133 ἀγγέλους,
2736 3064 2830 3117 καὶ
2871 3064 3070 3134 κρίνων
3095 3063 3192 3133 τὴν
3225 3064 3554 3134 οἰκουμένην
3583 3067 3644 3120 ὲν
3675 3068 3881 3120 δικαιο-

628 3162 903 3224 obtinens,
962 3175 1026 3213 ac
1077 3159 1294 3230 angelos
1340 3160 1761 3229 circumquaque
1811 3168 2048 3214 astantes
2094 3160 2191 3213 ha-

628 3255 781 3316 bens,
815 3251 866 3305 in
891 3251 1101 3319 justitia
1129 3261 1398 3306 terrarum
1421 3252 1606 3306 orbem
1636 3250 1914 3319 judicabit.

704 3383 722 3417 ι
756 3365 818 3419 Et
868 3364 1118 3434 ptinceps
1143 3365 1484 3420 sacerdotum
1537 3366 1608 3419 ait
1637 3367 1708 3418 illi
1743 3383 1757 3418 :
1789 3365 1987 3433 Adjuro
2016 3372 2067 3418 te
2095 3380 2191 3428 per

627 3457 796 3512 Deum
828 3458 1032 3523 vivum,
1065 3466 1124 3512 ut
1157 3458 1304 3512 dicas
1328 3458 1504 3520 nobis,
1535 3458 1578 3510 si
1634 3468 1686 3509 tu
1730 3471 1790 3510 es
1823 3455 2070 3510 Christus
2099 3454 2189 3508 Fi-

628 3550 731 3603 lius
764 3549 857 3604 Dei
897 3550 1026 3602 vivi.
1072 3548 1212 3603 Dicit
1265 3548 1337 3602 illi
1381 3547 1536 3603 Jesus
1568 3566 1580 3602 :
1607 3547 1685 3602 Tu
1729 3548 1946 3614 dixisti;
1974 3563 2193 3600 verum-

628 3651 806 3696 tamen
835 3640 957 3695 dico
1006 3640 1176 3700 vobis.
1208 3639 1402 3693 amodo
1429 3639 1680 3693 videbitis
1711 3637 1904 3692 Filium
1957 3637 2189 3692 hominis

625 3732 897 3786 sedentem
933 3747 963 3784 a
998 3731 1203 3785 dextris
1252 3730 1471 3783 virtutis
1515 3729 1629 3792 Dei,
1685 3740 1739 3784 et
1797 3729 2098 3784 venientem
2133 3730 2186 3781 in

627 3821 854 3876 nubibus
886 3820 1009 3875 coeli
1038 3822 1079 3874 ’.
1111 3837 1136 3871 ι
1172 3819 1446 3885 Quomodo
1477 3818 1643 3873 Filius
1684 3818 1918 3875 hominis
1939 3819 2190 3874 adextris

621 3913 842 3967 virtutis
893 3911 983 3966 Dei
1037 3911 1224 3966 sedet?
1265 3910 1488 3964 Planum
1553 3920 1636 3965 est
1680 3909 1773 3964 Dei
1824 3910 2054 3964 Verbum
2114 3912 2186 3965 ita

623 4003 823 4057 iactum
855 4017 975 4058 esse
1021 4003 1256 4057 hominis
1313 4001 1530 4063 Filium,
1564 4009 1621 4054 ut
1666 4010 1845 4054 tamen
1887 4001 2024 4055 Deus
2069 4017 2188 4056 esse

630 4108 734 4146 non
793 4093 1013 4148 desierit
1047 4111 1061 4146 :
1094 4092 1292 4146 mansit
1335 4091 1480 4145 enim
1515 4090 1656 4157 quod
1693 4101 1832 4144 erat.
1862 4089 1973 4145 [Iac
2026 4093 2188 4160 igitur

634 4186 835 4238 ratione
856 4184 1132 4253 generanti
1169 4182 1386 4245 assidet,
1414 4192 1468 4234 et
1502 4182 1554 4234 in
1594 4180 1899 4235 divinitatis
1930 4181 2100 4249 gloria
2134 4192 2189 4235 et

621 4270 912 4338 majestate
936 4271 1292 4339 conspicuum
1326 4270 1590 4333 cernitur,
1621 4268 1786 4324 etiam
1813 4270 1858 4324 si
1887 4268 2087 4325 factum
2119 4272 2187 4326 sit

619 4374 768 4414 οπο.

692 4490 710 4522 ι
749 4469 910 4527 Jesus
929 4478 1105 4524 autem
1135 4465 1376 4522 clamans
1409 4482 1540 4522 voce
1594 4485 1805 4539 magna,
1839 4471 2019 4525 emisit
2063 4469 2176 4538 spi-

618 4565 802 4616 ritum.
838 4563 901 4616 Et
928 4575 1054 4615 ecce
1090 4560 1267 4614 velum
1325 4561 1504 4628 templi
1552 4562 1780 4615 scissum
1828 4573 1906 4616 est
1958 4564 2010 4616 in
2048 4564 2180 4616 duas

616 4663 817 4721 partes,
842 4667 871 4705 a
896 4665 1109 4706 summo
1139 4663 1308 4717 usque
1338 4650 1619 4714 deorsum;
1643 4659 1695 4704 et
1730 4660 1873 4705 terra
1899 4661 2040 4704 mota
2073 4662 2178 4712 est,

615 4749 671 4793 et
699 4750 864 4808 petra:
895 4741 1081 4794 scissae
1115 4747 1276 4803 sunt;
1306 4746 1358 4790 et
1389 4748 1731 4791 monumenta
1791 4748 1973 4806 aperta
2030 4748 2177 4800 sunt,

615 4839 671 4884 et
705 4830 868 4882 multa
908 4844 1134 4899 corpora
1190 4838 1498 4883 sanctorum
1533 4828 1622 4896 qni
1674 4828 2026 4891 dormierant,
2055 4845 2177 4882 sur-

617 4927 871 4970 texerunt
901 4919 964 4972 ‘°.
1001 4938 1020 4970 ι
1047 4917 1162 4989 84
1183 4918 1237 4972 Si
1262 4917 1511 4975 Christus
1537 4919 1839 4972 communis
1859 4926 1973 4970 erat
2000 4917 2178 4981 homo,

615 5023 715 5063 cur
764 5008 857 5060 illo
913 5011 1146 5063 animam
1203 5010 1536 5077 exspirante,
1591 5009 1644 5063 in
1705 5009 1836 5076 ipsis
1896 5007 2181 5062 elementis

616 5107 764 5152 tanta
795 5097 992 5150 accidit
1013 5101 1389 5154 conturbatio?
1413 5100 1501 5155 Sol
1523 5101 1691 5164 enim,
1716 5101 1966 5156 retractis
1991 5100 2178 5163 radiis,

612 5190 716 5244 diei
750 5186 1001 5242 tenebras
1028 5186 1214 5241 oﬂudit
1251 5207 1264 5241 :
1304 5200 1443 5245 terra
1467 5194 1532 5245 ad
1568 5193 1680 5246 haec
1712 5191 1994 5246 Dominum
2018 5207 2171 5246 suum

607 5283 916 5337 Jutlmorum
949 5278 1290 5332 contumeliis
1335 5282 1704 5349 indignissime
1748 5283 1999 5338 aﬂectum
2045 5299 2172 5336 con-

607 5374 838 5440 spicata,
871 5369 1114 5439 disrupta
1147 5377 1262 5431 est;
1295 5378 1347 5421 et
1378 5370 1494 5437 ipse
1527 5375 1740 5428 tandem
1775 5374 2016 5426 infernus
2041 5388 2171 5426 san-

607 5473 813 5516 ctorum
869 5462 1080 5514 animas
1133 5459 1355 5514 dimisit.
1391 5458 1452 5512 Et
1486 5461 1765 5516 cuiusnam
1816 5475 1947 5518 nutu
1983 5464 2164 5517 omnia

682 5662 698 5691 ⁵
730 5659 916 5716 Matth.
949 5679 1057 5726 tut,
1089 5663 1140 5714 9.
1219 5661 1237 5692 ⁸
1271 5659 1396 5713 ibitl.
1438 5659 1520 5719 lii,
1560 5659 1644 5711 16.
1722 5663 1740 5691 ⁶
1776 5663 1911 5716 Psal.
1952 5680 2069 5729 VIII,
2100 5665 2132 5715 εὶ
2169 5665 2192 5717 xl

2299 5665 2316 5694 ⁷
2354 5661 2540 5714 Matth.
2579 5673 2700 5721 xxv,
2735 5657 2822 5709 3l.

634 5733 721 5793 65.
759 5730 844 5785 64.
925 5733 964 5763 ‘°
1002 5731 1185 5787 Matth.
1223 5745 1393 5789 xxv".
1427 5729 1613 5783 50-52.

2295 3153 2448 3226 σύνῃ.

2368 3371 2386 3404 ι
2419 3354 2526 3406 Καὶ
2545 3355 2573 3406 6
2596 3354 2903 3426 ἀρχιερεὺς,
2930 3355 3116 3424 φησιν,
3143 3349 3296 3408 εἶπεν
3319 3355 3468 3425 αὐτῷ
3489 3374 3501 3386 ·
3541 3357 3795 3427 Ὁρκίζω
3822 3378 3878 3411 σε

2292 3446 2431 3500 κατὰ
2460 3446 2553 3500 τοῦ
2591 3446 2722 3499 Θεοῦ
2748 3445 2842 3500 τοῦ
2886 3445 3104 3510 ζῶντος,
3138 3445 3224 3500 ἵνα
3255 3447 3386 3515 ἡμῖν
3420 3447 3608 3518 εἴπῃς,
3645 3451 3698 3500 εἰ
3735 3451 3797 3501 σὺ
3828 3445 3877 3500 εἴ

2289 3537 2317 3588 6
2349 3535 2580 3606 Χριστὸς
2599 3538 2626 3589 6
2659 3536 2793 3598 Υἱὸς·
2820 3536 2914 3589 τοῦ
2937 3536 3071 3589 Θεοῦ
3108 3535 3201 3588 τοῦ
3233 3535 3458 3598 ζῶντος.
3483 3537 3656 3602 Λέγει
3690 3540 3842 3607 αὐτῷ
3866 3557 3878 3568 ·

2291 3627 2361 3680 Σὺ
2401 3622 2582 3689 εἶπαςο
2615 3627 2764 3696 Πλὴν
2791 3627 2933 3694 λέγω
2973 3630 3121 3696 ὑμῖν,
3152 3627 3357 3696 ἀπάρτι
3395 3611 3596 3697 ὕφεσθε
3627 3630 3725 3682 τὸν
3755 3633 3881 3683 Tib-1

2289 3716 2382 3768 τοῦ
2418 3715 2705 3786 ἀνθρώπου
2736 3716 3040 3786 καθήμενον
3088 3718 3152 3770 ὲκ
3183 3716 3370 3782 δεξιῶν
3418 3720 3516 3786 τῆς
3562 3719 3876 3788 δυνάμεως,

2291 3807 2383 3860 καὶ
2410 3806 2704 3876 ἐρχόμενον
2748 3807 2840 3872 ἐπὶ
2873 3807 2980 3860 τῶν
3007 3808 3243 3875 νεφελῶν
3272 3807 3365 3860 τοῦ
3395 3808 3658 3878 οὐρανοῦ.
3702 3830 3718 3860 ι
3759 3812 3880 3872 Πῶς

2289 3902 2316 3953 6
2342 3899 2468 3962 Υἱὸς
2494 3899 2588 3951 τοῦ
2620 3898 2906 3970 ἀνθρώπου
2940 3899 3172 3968 κάθηται
3227 3901 3290 3953 ἐκ
3332 3901 3523 3966 δεξιῶν
3573 3903 3676 3971 τῆς
3721 3903 3880 3956 δυνά-

2294 4009 2466 4062 μεως;
2519 3991 2656 4042 Ἀλλ’
2687 3991 2800 4044 ἔστι
2831 3991 3012 4059 δῆλον,
3042 3992 3122 4043 ὅτι
3155 3991 3256 4045 κᾶν
3286 3994 3334 4044 εἰ
3365 3993 3593 4060 γέγονεν
3625 3993 3760 4057 Υἱὸς
3785 3996 3877 4046 τοῦ

2289 4082 2574 4154 ἀνθρώπου
2628 4085 2656 4135 6
2703 4084 2766 4134 ὲκ
2809 4081 2943 4135 Θεοῦ
2981 4083 3175 4150 Λόγος,
3203 4083 3262 4136 οὐ
3297 4083 3577 4135 πέπαυται
3607 4085 3708 4137 τοῦ
3742 4083 3877 4138 εἶναι

2289 4177 2439 4239 Θεὸς,
2486 4176 2598 4229 ἀλλ’
2633 4175 2779 4228 ἔστιν
2821 4175 2848 4227 ὃ
2894 4171 2992 4246 ἦν·
3021 4175 3277 4246 ταύτῃτοι
3306 4177 3399 4228 καὶ
3445 4176 3770 4246 συνεδρεύει
3803 4179 3877 4244 τῷ

2289 4265 2538 4333 φύσαντι,
2567 4265 2660 4316 καὶ
2685 4265 2741 4316 ὲν
2768 4267 2882 4327 τοῖς
2910 4265 3009 4334 τῆς
3039 4264 3287 4334 θεότητος
3317 4264 3627 4334 ἀξιώμασιν
3662 4268 3874 4336 ἐμπρέ-

2291 4373 2405 4406 πων
2434 4357 2647 4425 ὁρᾶται,
2677 4354 2778 4407 κᾶν
2804 4356 2852 4406 εί
2877 4355 3064 4421 γέγονε
3101 4355 3256 4424 σάρξ.

2368 4484 2384 4514 ι
2410 4464 2466 4516 '0
2505 4464 2562 4515 δὲ
2597 4463 2804 4530 Ἰησοῦς
2856 4463 3064 4532 κράξας
3111 4467 3262 4532 φωνῇ
3313 4475 3546 4534 μεγαλῃ,
3585 4467 3770 4535 ἀφῆκε
3817 4470 3873 4519 τὸ

2291 4554 2530 4622 πνεῦμα.
2563 4554 2672 4606 Καὶ
2713 4552 2819 4604 ἰδοῦ
2872 4553 2932 4605 τὸ
2985 4552 3382 4622 καταπέτασμα
3430 4554 3526 4606 τοῦ
3559 4557 3691 4609 ναοῦ
3725 4560 3868 4627 ἐσχί-

2291 4645 2388 4714 σοη
2427 4646 2505 4706 εἰς
2549 4644 2663 4706 δύο,
2695 4642 2902 4698 ἄνωθεν
2949 4644 3054 4709 ἕως
3101 4645 3279 4699 κάτω·
3308 4646 3399 4699 καὶ
3440 4650 3471 4714 ή
3515 4650 3587 4717 γῆ
3620 4653 3867 4718 ἐσείσθη,

2291 4735 2382 4786 καὶ
2411 4736 2464 4785 αἱ
2495 4735 2689 4805 πέτραι
2726 4735 3071 4804 ἐσχίσθησαν,
3107 4739 3200 4790 καὶ
3227 4738 3292 4790 τὰ
3325 4743 3572 4808 μνημεῖα
3597 4742 3871 4810 ἀνεῴχθη

2290 4843 2406 4888 σαν,
2457 4827 2551 4879 καὶ
2598 4827 2764 4882 πολλὰ
2808 4826 3036 4897 σώματα
3086 4829 3193 4881 τῶν
3224 4829 3650 4897 κεκοιμημένων
3697 4830 3868 4894 ἁγίων

2281 4917 2601 4986 ἀνέστησαν.
2632 4937 2648 4970 ι
2685 4920 2745 4972 Εἰ
2773 4918 2946 4980 κοινὸς
2975 4918 3258 4986 ἄνθρωπος
3287 4915 3353 4986 ἦν
3382 4921 3408 4968 6
3436 4918 3701 4985 Χριστὸς,
3728 4919 3865 4979 πῶς,

2279 5008 2570 5071 τεθνεῶτος
2601 5009 2788 5070 αὑτοῦ,
2817 5006 3071 5068 τοσοῦτος
3118 5001 3185 5074 ἦν
3237 5007 3294 5056 ὲν
3347 5007 3460 5066 τοῖς
3516 5009 3808 5076 στοιχείοις
3840 5015 3878 5062 ἁ

2279 5100 2531 5169 θόρυϐος;
2575 5101 2633 5153 '0
2662 5101 2758 5170 μὲν
2792 5100 2900 5168 γὰρ
2945 5098 3096 5165 ἣλιος
3136 5095 3233 5166 τὴν
3274 5098 3471 5150 ἀκτῖνα
3525 5102 3866 5160 συνέστειλε,

2279 5193 2369 5244 καὶ
2398 5193 2455 5243 ὲν
2489 5194 2668 5262 ἡμέρᾳ
2701 5190 2890 5251 σκότος
2923 5188 3252 5257 εἰργάσατο·
3291 5188 3322 5256 ἡ
3352 5187 3409 5240 δὲ
3442 5189 3510 5257 γῆ
3543 5190 3637 5242 τὸν
3664 5194 3864 5260 ἑαυτῆς

2284 5284 2557 5352 Δεσπότην
2583 5283 2764 5352 ὁρῶσα
2788 5278 2891 5331 ὑπὸ
2913 5278 3018 5330 τῶν
3046 5276 3310 5328 Ἰουδαίων
3327 5281 3865 5352 ὲμπαροινούμενσν,

2282 5375 2556 5442 ὲσχίξετο’
2607 5373 2784 5442 ἀφῆκε
2812 5371 2866 5422 δὲ
2908 5373 2935 5422 ὁ
2976 5370 3109 5439 ᾅδης
3155 5370 3250 5430 τὰς
3299 5372 3410 5422 τῶν
3450 5375 3629 5440 ἁγίων
3661 5377 3865 5442 ψυχάς.

2281 5466 2434 5527 Τίνος
2459 5464 2629 5517 ταῦτα
2667 5461 2978 5526 ποιοῦντοςς
3007 5457 3115 5531 ἆρα
3141 5462 3265 5532 οὐχὶ-
3285 5463 3457 5529 Θεοῦς
3498 5467 3633 5529 Θεὸς
3667 5469 3776 5536 γὰρ

2902 5659 2921 5686 ⁸
2962 5656 3074 5713 Jac.
3114 5675 3182 5726 tv,
3234 5660 3332 5715 14.
3420 5665 3438 5693 °
3473 5663 3668 5717 Matth.
3716 5681 3859 5720 τινι.
