4040 6472
223 384 331 438 £269

1241 383 1329 438 DE
1370 382 1599 441 RECTA
1642 386 1797 441 FIDE
1839 382 1925 437 AD
1968 379 2294 436 HEClNAS.

3246 372 3380 427 1270

216 499 269 553 ἐν
291 498 427 567 σαρκὶ,
454 490 496 564 ᾧ
529 496 619 551 καί
659 498 698 568 ἠ
735 499 916 564 κτίσις
958 500 1306 574 ὑϐριζομένῳ
1346 502 1544 571 τρόπον
1595 504 1715 556 τινὰ

1818 499 1931 552 haec
1963 498 2198 551 ﬁebant?
2228 508 2402 549 nonne
2436 491 2567 544 Dei?
2600 490 2745 546 Deus
2778 490 2919 543 enim
2951 500 3064 543 erat
3098 488 3149 543 in
3195 504 3378 552 carne,

217 587 536 657 συνωργίζετο.

380 870 456 924 Ἐκ
498 872 602 926 τοῦ
640 873 789 929 κατὰ
829 876 1107 946 Ἰωάννην
1142 878 1523 946 Εὑαγηθελίου.

272 998 288 1030 ι
314 981 448 1045 Αὐτὸς
473 982 529 1036 δέ
560 987 589 1038 6
625 986 830 1057 Ἰησοῦς
858 989 957 1040 οὑκ
992 990 1274 1042 ἐπίστευεν
1314 987 1476 1040 αὑτὸν
1509 992 1712 1054 αὑτοῖς,

202 1071 279 1125 διὰ
317 1074 363 1125 τὸ
398 1074 548 1128 αὑτὸν
580 1080 869 1146 γινώσκειν
914 1080 1088 1133 πάντα
1112 1097 1125 1109 ·
1157 1081 1251 1134 καὶ
1300 1079 1381 1132 ὅτι
1431 1080 1490 1131 οὑ
1530 1081 1717 1151 χρείαν

203 1157 344 1234 εἶχεν,
368 1166 436 1218 ἵνα
461 1183 545 1230 τις
573 1168 895 1240 μαρτυρήσῄ
928 1173 1056 1240 περὶ
1084 1172 1178 1225 τοῦ
1210 1168 1499 1241 ἀνθρώπου
1519 1190 1530 1200 ·
1555 1174 1716 1237 αὑτὸς

199 1257 296 1323 γὰρ
325 1257 583 1323 ἐγίνωσκε,
609 1259 662 1311 τί
694 1255 761 1331 ἦν
794 1262 852 1311 ἐν
892 1258 969 1329 τῷ
1010 1262 1294 1333 ἀνθρώπῳ.
1337 1280 1355 1312 ι
1402 1262 1536 1331 Περὶ
1583 1264 1714 1318 Θεοῦ

196 1346 481 1417 γέγραπται,
507 1351 589 1404 ὅτι
637 1370 655 1402 ι
678 1351 735 1403 '0
764 1350 969 1414 πλάσας
1001 1354 1310 1423 καταμόνας
1338 1354 1448 1417 :11,-
1494 1356 1716 1426 καρδίας

192 1436 405 1492 αὐτῶν.»
454 1442 560 1493 Καὶ
612 1441 772 1504 αὑτὸς
820 1440 877 1494 δέ
916 1442 1018 1493 πού
1070 1460 1223 1514 φησι*
1285 1465 1301 1495 ι
1332 1441 1421 1514 Μὴ
1460 1445 1555 1497 ἀπ’
1580 1446 1715 1516 ἐμοῦ

190 1529 485 1597 κρυϐήσεταί
532 1546 618 1592 τις
656 1548 675 1581 ι
725 1530 789 1585 Εἰ
838 1530 894 1584 δὲ
940 1532 1117 1587 πάντα
1148 1533 1377 1605 Χριστὸς
1407 1535 1715 1602 ἐπίσταται,

185 1620 268 1669 καὶ
297 1615 387 1672 οἰδε
412 1619 476 1673 τὰ
508 1619 601 1673 τοῦ
640 1620 950 1693 ἀνθρώπου,
979 1624 1097 1688 πῶς
1125 1626 1227 1679 οὑκ
1254 1626 1318 1679 ἂν
1350 1625 1434 1696 εἴη
1463 1626 1615 1693 Θεὸς,
1640 1628 1716 1692 ὡς

182 1707 402 1777 καρδίας
426 1708 640 1771 ἐτὰζων
672 1712 770 1766 καὶ
798 1715 1091 1782 νεφρούς;

243 1899 260 1932 ι
283 1861 450 1951 Ὑμεῖς
492 1887 846 1954 προσκυνεῖτε
894 1884 922 1937 ὃ
971 1885 1071 1939 οὑκ
1116 1887 1312 1951 οἴδατε,
1344 1889 1503 1957 ἡμεῖς
1542 1908 1711 1954 προσ·
1748 1874 1788 1930 Β

170 1971 419 2041 κυνοῦμεν
446 1973 472 2025 ὃ
502 1975 724 2045 οἴδαμεν
743 1992 757 2006 ·
786 1975 866 2027 ὃτι
894 1976 926 2045 ή
956 1977 1199 2047 σωτηρία
1228 1981 1289 2031 ἐκ
1314 1977 1419 2029 τῶν
1444 1976 1712 2033 Ἰουδαίων

167 2062 324 2115 ἐστίν.
353 2083 369 2116 ι
389 2065 646 2129 Ἀκούεις,
678 2066 759 2118 ὅτι
788 2066 886 2135 τὴν
917 2069 1186 2137 σωτηρίαν
1218 2070 1279 2121 ἐκ
1309 2068 1415 2121 τῶν
1449 2069 1713 2124 Ἰουδαίων

163 2148 298 2205 εἶναί
336 2173 500 2227 φησις
555 2154 745 2209 Καίτοι
798 2156 1023 2226 Σωτῆρα
1074 2159 1205 2212 Θεὸν
1250 2159 1708 2231 ἐπεγραψάμεθα·

162 2243 357 2296 σέσωκε
398 2246 503 2315 γὰρ
552 2245 701 2314 ἡμᾶς
746 2244 804 2297 οὑ
853 2246 1113 2316 πρέσϐυς,
1156 2250 1255 2302 οὑκ
1296 2247 1543 2315 ἄγγελος,
1588 2251 1714 2304 ἀλλ’

154 2333 313 2395 αὑτὸς
346 2334 372 2384 6
402 2333 619 2404 Κύριος,
656 2337 794 2390 κατὰ
840 2337 936 2399 τὰς
986 2338 1561 2409 Γραφάς.Ὦνόμασται
1606 2342 1713 2413 γὰρ

155 2423 381 2491 Χριστὸς
425 2422 664 2497 Ἰησοῦς,
716 2425 952 2495 γεγονὼς
999 2428 1056 2493 ἐξ
1109 2430 1371 2483 Ἰουδαίων
1416 2430 1557 2483 κατὰ
1616 2434 1714 2504 τὴν

152 2513 563 2583 σάρκα.ἰησοῦς
599 2532 662 2581 γε
697 2517 801 2585 μὴν
845 2515 1201 2585 ἑρμηνεύεται
1232 2516 1514 2585 σωτηρία.
1544 2518 1714 2582 Αὐτὸς

146 2599 243 2656 οὖν
267 2603 371 2673 ἄρα
396 2606 541 2658 ἐστὶν
572 2607 604 2677 ἡ
628 2606 691 2660 ἐκ
717 2606 825 2659 τῶν
860 2606 1125 2659 Ἰουδαίων
1158 2608 1588 2678 σωτηρία.Ὥστε
1612 2610 1713 2662 κᾶν

145 2695 201 2746 εἰ
248 2694 432 2761 γέγονε
480 2694 616 2767 σὰρξ
651 2696 687 2748 ’ὁ
729 2697 918 2764 Λόγος,
951 2696 1043 2748 καὶ
1074 2696 1367 2751 ἐπελάϐετο
1400 2696 1713 2768 σπέρματος

158 2783 427 2856 Ἀϐραὰμ,
460 2785 593 2850 Θεός
619 2788 735 2841 ἐστι
766 2787 859 2841 καὶ
893 2786 1029 2857 μετὰ
1060 2788 1279 2857 σαρκός.

220 3072 239 3105 ι
262 3052 455 3123 Ἀμὴν,
490 3053 634 3126 ἀμὴν
660 3054 801 3125 λέγω
831 3055 979 3127 ὑμῖν,
1027 3059 1054 3110 6
1090 3058 1358 3111 πιστεύων
1385 3059 1463 3120 εἰς
1494 3059 1612 3127 ἐμὲ,
1644 3059 1711 3111 τὰ

131 3144 279 3213 ἔργα
331 3144 367 3197 ἃ
418 3144 529 3213 ἐγὼ
587 3147 746 3212 ποιῶ,
774 3148 1023 3210 κάκεῖνος
1071 3149 1307 3218 ποιήσει,
1345 3148 1441 3201 καὶ
1490 3148 1712 3217 μείζονα

126 3236 348 3289 τούτων
403 3238 655 3306 ποιήσει·
712 3239 793 3293 ὅτι
844 3237 953 3307 ἐγὼ
1002 3238 1139 3309 πρὸς
1200 3240 1288 3293 τὸν
1336 3239 1549 3310 Πατέρα
1610 3258 1711 3321 μου
1743 3221 1788 3287 C

124 3327 464 3401 πορεύομαι.
492 3330 603 3382 Καὶ
624 3330 650 3383 ὅ
676 3348 727 3382 τι
764 3331 828 3384 ἂν
861 3332 1121 3400 αἰτήσητε
1156 3332 1213 3385 ἐν
1237 3332 1314 3401 τῷ
1340 3332 1559 3401 ὀνόματί
1587 3350 1708 3401 μου,

118 3420 292 3473 τοῦτο
320 3421 553 3491 ποιήσω.
586 3440 603 3471 ι
636 3421 949 3491 Πορεύεται,
973 3424 1124 3492 φησί,
1158 3424 1290 3494 πρὸς
1310 3423 1400 3489 τὸν
1428 3424 1643 3495 Πατέρα
1665 3429 1709 3491 ε,

116 3512 309 3564 καίτοι
366 3511 527 3579 φύσει
579 3512 711 3577 Θεὸς
744 3514 1001 3585 ὑπάρχων
1028 3516 1055 3565 6
1092 3515 1235 3579 Υἰδς,
1263 3516 1353 3568 ιιιαὶ
1388 3516 1547 3579 αὑτὸς
1577 3516 1651 3569 ὣν
1684 3520 1711 3570 ὁ

111 3604 312 3655 πάντα
349 3603 592 3674 τ’ληρῶν.
634 3605 924 3673 Πορεύεται
958 3608 1063 3677 γὰρ
1098 3607 1487 3677 ἀνθρωπίνως·
1520 3610 1711 3679 ἀνελή’

107 3696 233 3765 φθη
273 3695 389 3764 γὰρ
420 3697 500 3759 εἰς
525 3696 615 3749 τὸν
642 3697 885 3767 οὐρανόν.
906 3697 1043 3750 Ἀλλ’
1065 3698 1139 3761 ὡς
1165 3698 1295 3760 Θεὸς
1322 3700 1711 3767 ἐπαγγέλλεται

103 3785 377 3857 πληροῦν
410 3786 482 3839 τὰ
511 3788 785 3858 αἰτήματα
834 3788 941 3842 τῶν
974 3791 1441 3860 προσευχομένων,
1472 3794 1519 3844 εἰ
1549 3794 1605 3845 ἐν
1636 3794 1713 3863 τῷ

98 3881 359 3950 ὀνόματι
396 3881 564 3934 αὑτοῦ
596 3884 827 3934 ποιοῖντο
860 3883 956 3945 τὰς
984 3881 1151 3945 λιτάς.
1190 3879 1323 3935 Εἶτα
1359 3885 1465 3942 τίνι
1494 3885 1558 3937 ἂν
1580 3887 1714 3956 πρέ-

98 3986 207 4021 ττοι
249 3968 465 4038 μᾶλλον
496 3971 555 4023 τὸ
590 3971 829 4043 πληροῦν
868 3973 1032 4043 εὑχὰς
1070 3974 1260 4041 ἁγίων,
1283 3976 1376 4028 καὶ
1397 3974 1711 4047 χαρίζεσθαι

91 4061 176 4113 τὰ
229 4062 551 4133 αἰτήματα,
587 4061 727 4132 πλὴν
777 4064 857 4117 ὅτι
909 4065 1055 4134 μόνῳ
1100 4065 1177 4131 τῷ
1223 4067 1362 4119 κατὰ
1414 4068 1574 4135 φύσιν
1617 4070 1722 4128 καὶ·

91 4153 347 4223 ἀληθῶς
378 4153 496 4206 ὄντι
535 4154 656 4225 Θεῷ
677 4172 689 4206 :

183 4265 203 4296 ι
243 4246 368 4315 Οὑχ
403 4247 563 4315 ὑμεῖς
602 4264 668 4315 με
712 4246 1043 4313 ἐξελέξασθε,
1084 4250 1197 4301 ἀλλ’
1226 4249 1337 4318 ἐγὼ
1383 4249 1711 4320 ἐξελεξάμην

86 4338 259 4406 ὑμᾶς
294 4337 397 4389 καὶ
433 4337 609 4407 ἔθηκα
640 4338 803 4407 ὑμᾶς,
834 4339 918 4391 ἵνα
950 4340 1104 4409 ὑμεῖς
1134 4340 1401 4411 ὑπάγητε,
1436 4342 1529 4394 καὶ
1576 4358 1711 4410 καρ-

86 4430 210 4480 πὸν
249 4427 498 4496 φέρητε,
539 4429 629 4481 καὶ
658 4429 685 4480 6
717 4430 925 4500 καρπὸς
961 4430 1115 4499 ὑμῶν
1156 4432 1343 4503 μείνῃ·
1381 4433 1465 4484 ἵνα
1499 4434 1525 4484 ὅ
1562 4448 1611 4483 τι
1644 4431 1709 4483 ἂν

1818 604 1924 657 quo
1958 598 2062 641 tam
2112 586 2497 643 contumeliose
2556 593 2813 646 tractato,
2841 583 2959 651 ipsa
2990 596 3203 651 quoque
3230 596 3377 634 crea-

1821 690 1941 732 tura
1993 678 2386 747 quodammodo
2452 676 2529 727 ira
2588 686 2640 729 ct
2695 673 3062 743 indignatione
3116 672 3379 728 ell'éreba-

1820 782 1923 823 tur.

2090 875 2170 930 Ea:
2205 872 2484 942 Evangelia
2512 876 2792 927 secundum
2818 873 3094 926 Joannem.

1892 1004 1910 1037 ι
1940 986 2095 1045 Jesus
2144 998 2320 1043 autem
2347 1002 2449 1040 non
2490 988 2749 1041 credebat
2793 986 3141 1055 semetipsmn
3186 988 3287 1050 eis,
3320 1002 3384 1039 eo

1816 1079 1955 1148 quod
2006 1079 2118 1149 ipse
2153 1090 2337 1134 nosset
2367 1092 2577 1141 omnes,
2615 1088 2667 1133 et.
2717 1078 2842 1149 quia
2874 1093 3006 1148 Opus
3052 1077 3100 1132 ei
3133 1094 3236 1131 non
3269 1090 3384 1132 erat

1818 1179 1872 1223 ut
1918 1169 2039 1239 quis
2101 1170 2465 1226 testimonium
2524 1170 2835 1237 perhiberet
2886 1170 2950 1225 de
2998 1170 3234 1223 homine.
3266 1170 3383 1237 Ipse

1816 1260 1958 1316 enim
1996 1262 2221 1328 sciebat,
2262 1260 2391 1330 quid
2441 1273 2587 1315 esset
2633 1263 2685 1315 in
2743 1262 2957 1315 homine
2991 1262 3056 1314 ¹¹.
3100 1280 3117 1313 ι
3160 1262 3231 1315 De
3277 1262 3384 1315 Deo

1815 1348 2071 1420 scriptum
2133 1361 2361 1407 exstat:
2418 1368 2435 1401 ι
2498 1350 2598 1417 Qui
2670 1351 2823 1403 linxit
2872 1351 3147 1420 sigillatim
3219 1353 3381 1405 corda

1815 1453 1999 1493 eorum
2037 1443 2099 1495 η’.
2140 1462 2156 1494 ι
2193 1444 2259 1497 Et
2290 1442 2402 1510 ipse
2436 1440 2563 1495 alibi
2587 1442 2661 1495 ait
2691 1458 2705 1494 :
2748 1459 2767 1492 ι
2798 1439 2914 1495 Non
2956 1440 3220 1494 celabitur
3246 1457 3274 1493 a
3300 1457 3383 1497 me

1815 1530 2034 1585 omnino
2088 1535 2377 1604 quidquam
2408 1530 2475 1584 ¹³.
2546 1550 2564 1583 ι
2627 1533 2682 1587 Si
2737 1546 2865 1600 ergo
2901 1530 3148 1585 Christus
3204 1533 3383 1586 omnia

1816 1621 2083 1693 intelligit,
2106 1635 2160 1680 et
2180 1624 2354 1680 omnia
2388 1636 2503 1691 qua:
2522 1632 2646 1676 sunt
2672 1624 2722 1678 in
2751 1622 2969 1677 homine
2998 1632 3187 1676 exacte
3215 1624 3383 1687 novit,

1818 1723 1999 1783 utpote
2019 1730 2259 1771 scrutans
2284 1731 2461 1770 eorum
2486 1716 2651 1768 corda
2689 1725 2737 1768 et
2784 1730 2951 1781 renes,
2982 1714 3248 1783 quomodo
3279 1729 3383 1767 non

1816 1816 1898 1862 est
1921 1804 2100 1862 Deus?

1896 1914 1916 1948 ι
1951 1895 2055 1952 Vos
2092 1899 2326 1953 adoratis
2357 1894 2501 1965 quod
2534 1894 2775 1957 nescitis,
2804 1909 2902 1948 nos
2931 1894 3219 1947 adoramus
3244 1893 3385 1961 quod

1820 1988 2023 2043 scimus
2060 2001 2075 2041 :
2114 1989 2367 2057 quoniam
2416 1986 2563 2041 salus
2600 2000 2663 2039 ex
2697 1982 2897 2039 Judaais
2954 1992 3036 2037 est
3065 1983 3131 2035 “.
3163 2002 3178 2032 ι
3216 1982 3399 2035 Audis.

1817 2077 2043 2132 salutem
2101 2095 2163 2133 ex
2212 2077 2410 2132 Judaais
2463 2089 2583 2129 esse
2641 2072 3183 2140 assercutem.Atqui
3220 2071 3392 2125 Deum

1820 2167 2154 2222 Salvatorem
2192 2170 2346 2222 nobis
2393 2166 2765 2233 ascripsimus,
2791 2166 2950 2233 eique
2981 2163 3195 2216 nomina
3233 2164 3386 2215 dedi-

1821 2271 1958 2312 mus.
2001 2255 2239 2311 Salvavit
2272 2259 2414 2312 enim
2443 2271 2540 2310 nos
2584 2270 2687 2309 non
2721 2254 2953 2324 legatus,
2984 2270 3089 2308 non
3140 2255 3384 2322 angelus,

1819 2347 1911 2403 sed
1976 2345 2237 2402 Dominus
2288 2349 2441 2417 ipse,
2511 2345 2804 2399 secundum
2856 2344 3165 2412 Scripturas
3208 2343 3247 2372 ³⁸
3321 2348 3387 2395 At

1819 2437 2063 2493 Christus
2113 2438 2202 2506 qui
2252 2438 2544 2492 secundum
2595 2449 2814 2488 carnem
2846 2449 2911 2488 ex
2967 2432 3167 2488 Iudaeis
3229 2442 3386 2486 natus

1819 2542 1920 2598 est,
1954 2531 2077 2588 Jesu
2138 2546 2329 2586 nomen
2368 2530 2591 2585 sortitus
2636 2539 2735 2583 est.
2772 2527 2901 2582 Jesu
2942 2538 3119 2580 autem
3175 2542 3370 2580 nomen

1821 2618 2230 2685 interpretatum
2272 2618 2493 2671 salutent
2548 2624 2724 2669 sonat.
2752 2615 2867 2684 Ipse
2903 2616 3084 2683 itaque
3138 2614 3385 2668 Christus

1820 2715 1901 2761 est
1929 2704 2075 2760 salus
2110 2705 2220 2769 illa,
2263 2722 2382 2775 quae
2420 2720 2488 2759 ex
2527 2704 2725 2760 ludatis
2789 2705 3028 2774 profecta
3058 2714 3157 2760 est.
3186 2706 3385 2772 Quam-

1819 2798 2006 2852 obrem
2061 2796 2185 2849 licet
2246 2795 2479 2851 Verbum
2532 2811 2660 2851 caro
2725 2795 2923 2850 factum
2982 2797 3143 2861 sit,et
3202 2813 3383 2852 semen

1820 2887 2049 2943 Abrahae
2117 2888 2567 2956 apprehenderit;
2628 2885 2770 2940 Deus
2845 2886 3192 2943 nihilominus
3261 2904 3389 2943 cum

1821 2987 2092 3048 assumpta
2125 2993 2288 3034 carne
2319 2978 2633 3049 permansit.

1904 3090 1921 3123 ι
1946 3070 2136 3135 Amen,
2162 3085 2316 3125 amen
2341 3071 2461 3125 dico
2490 3068 2660 3133 vobis,
2684 3069 2772 3138 qui
2805 3069 2973 3123 credit
3012 3070 3062 3123 in
3090 3085 3193 3133 me,
3220 3085 3383 3137 opera

1821 3178 1938 3232 qua
2008 3176 2107 3233 ego
2165 3161 2406 3227 facio,et
2450 3162 2562 3229 ipse
2616 3159 2800 3225 faciet,
2834 3170 2886 3214 et
2936 3160 3135 3228 majora
3191 3162 3381 3215 horum

1819 3253 2151 3319 faciet:quia
2179 3267 2277 3321 ego
2320 3252 2455 3305 vado
2501 3249 2567 3303 ad
2619 3248 2882 3303 Patrem:
2918 3258 2971 3303 et
3028 3248 3385 3317 quodcunque

1820 3344 2079 3414 petieritis
2117 3343 2167 3396 in
2197 3345 2412 3399 nomine
2459 3356 2599 3407 meo,
2637 3342 2738 3395 hoc
2800 3342 2992 3395 faciant
3028 3340 3092 3393 ⁸⁸.
3127 3360 3145 3391 ι
3172 3342 3249 3393 Ad
3277 3339 3381 3393 Pa-

1821 3448 1953 3491 trem
1984 3436 2226 3489 se‘abire
2266 3434 2567 3497 denuntiat,
2604 3447 2725 3487 cum
2778 3444 2954 3486 tamen
3009 3433 3147 3486 Dens
3192 3444 3383 3485 natura

1818 3527 1985 3581 Filius
2024 3527 2113 3589 sit,
2144 3526 2364 3594 ipseque
2410 3524 2586 3577 omnia
2634 3522 2873 3591 impleat.
2930 3522 3187 3576 Abscedit
3238 3525 3380 3576 enim

1819 3615 2115 3678 secundum
2181 3616 2471 3696 humanam
2528 3619 2802 3665 naturam.
2849 3611 2919 3665 At
2975 3625 3105 3663 vero
3153 3610 3276 3665 licet
3328 3622 3384 3663 ut

1817 3708 1977 3761 homo
2034 3707 2085 3759 in
2140 3704 2338 3758 caelum
2384 3712 2690 3771 assumptus
2725 3702 2837 3767 sit,
2879 3710 2936 3754 ut
2997 3700 3137 3756 Deus
3203 3710 3382 3754 tamen

1816 3796 2111 3865 supplicum
2137 3804 2256 3849 vota
2278 3810 2334 3849 se
2357 3794 2662 3848 auditurum
2693 3793 2984 3863 promittit,
3014 3793 3056 3845 si
3085 3794 3134 3846 in
3163 3794 3377 3846 nomine

1817 3888 1961 3941 illius
1990 3886 2428 3955 supplicaverint.
2458 3883 2574 3937 Jam
2605 3883 2711 3944 cui.
2748 3898 2951 3952 quaeso,
2983 3884 3160 3937 verius
3184 3899 3381 3938 conve-

1817 3978 2230 4031 nitsanctorum
2267 3974 2550 4043 postulatis
2586 3973 2924 4037 satisfacere,
2945 3970 3053 4042 85
3087 3986 3384 4040 eorumque

1816 4067 1954 4121 votis
1985 4080 2046 4120 ac
2068 4065 2354 4121 desideriis
2387 4064 2735 4134 respondere,
2770 4078 2933 4133 quam
2963 4063 3061 4117 soli
3105 4077 3170 4117 ac
3204 4064 3385 4117 nativo

1816 4158 1924 4211 Deo
1937 4157 1956 4209 ’ἰ

1894 4266 1913 4299 ι
1956 4247 2070 4302 Non
2102 4262 2197 4303 vos
2221 4262 2305 4302 me
2334 4246 2593 4318 elegistis,
2612 4247 2705 4301 sed
2729 4261 2827 4316 ego
2863 4246 2996 4317 elegi
3018 4255 3205 4310 vos,et
3232 4250 3380 4316 posui

1815 4355 1909 4394 vos
1937 4349 1994 4393 ut
2020 4342 2180 4403 eatis,
2229 4349 2281 4393 et
2334 4338 2568 4393 fructum
2596 4338 2855 4401 alleratis,
2882 4347 2936 4392 et
2963 4338 3169 4393 fructus
3202 4343 3383 4392 vester

1819 4440 2151 4493 maneat;ut
2205 4431 2563 4498 quodcunque
2617 4430 2881 4497 petieritis
2930 4428 3142 4482 Patrem
3189 4430 3239 4481 in
3286 4446 3382 4482 uo-

86 4516 391 4583 αἰτήσητε
445 4516 538 4567 τὸν
581 4516 798 4585 Πατέρα
839 4518 896 4569 ἐν
937 4517 1013 4587 τῷ
1054 4518 1278 4587 ὀνόματί
1321 4537 1450 4587 μου,
1486 4517 1695 4589 διίσει]

1819 4523 1961 4575 mine
2001 4535 2137 4584 meo,
2178 4521 2268 4573 det
2294 4520 2443 4574 vobis
2474 4521 2539 4573 ¹⁷.
2577 4538 2595 4570 ι
2634 4520 2707 4572 En
2764 4520 2877 4588 pari
2928 4533 2987 4573 se
3036 4534 3155 4572 cum
3192 4519 3299 4572 Deo
3331 4530 3385 4573 et

86 4610 254 4678 ὑμῖν.
296 4626 316 4657 ι
344 4607 488 4660 Ἰδοὺ
520 4608 794 4677 πανταχοῦ
832 4608 1104 4662 δείκνυσιν
1138 4611 1219 4663 ὅτι
1247 4609 1315 4663 τὰ
1344 4612 1433 4663 ἴσα
1478 4612 1593 4681 μετ’
1621 4611 1706 4676 ἑξ-

86 4701 298 4763 ›υσίας
333 4702 563 4774 ἐνεργεῖ
595 4700 671 4771 τῷ
697 4701 1187 4771 Πατρίδ.”Εφασκε
1217 4702 1345 4772 γὰρ,
1375 4704 1455 4754 ὅτι
1489 4722 1506 4752 ι
1526 4703 1588 4753 Ὃ
1611 4703 1705 4753 ἐὰν

86 4796 383 4863 ιὶτήσητε
414 4795 476 4846 ἐν
514 4794 590 4863 τῷ
616 4794 837 4863 ὀνόματί
870 4811 994 4862 μου,
1022 4795 1227 4864 ποιήσω
1248 4811 1260 4824 ’
1294 4812 1311 4844 ι
1353 4793 1468 4845 νυνὶ
1509 4792 1564 4844 δέ
1600 4811 1704 4861 φη-

86 4903 169 4939 ςιν
193 4901 207 4913 ·
263 4886 383 4938 «ὀ
411 4901 469 4937 τι
504 4884 599 4937 ἐὰν
626 4887 885 4956 αἰτήσητε
916 4885 1005 4938 τὸν
1038 4886 1255 4955 Πατέρα
1295 4887 1352 4938 ἐν
1380 4885 1455 4954 τῷ
1484 4886 1705 4953 ὀνόματί

86 4994 189 5029 ιου
212 5018 227 5040 ,
262 4973 502 5046 δῷίσει]
534 4977 677 5044 ὑμῖν,
715 4994 733 5025 ι
755 4972 901 5045 *Αρα
923 4972 1016 5029 οὑν
1051 4977 1155 5047 ἰδίᾳ
1178 4977 1275 5047 μὲν
1304 4976 1516 5028 δίδωσιν
1541 4978 1567 5027 6
1596 4978 1706 5027 Πα-

1814 4612 1975 4665 Patre
2024 4620 2290 4680 potestate
2322 4609 2542 4679 pollere,
2588 4610 2845 4678 pariaque
2895 4609 3070 4663 eidem
3122 4619 3389 4676 prazstare

1814 4718 1969 4774 posse
1988 4717 2255 4770 nusquam
2292 4718 2395 4755 non
2424 4699 2683 4755 inculcat.
2708 4700 2927 4755 Dixerat
2952 4701 3093 4753 enim
3120 4718 3132 4753 :
3161 4717 3178 4751 ι
3201 4701 3380 4766 Quod-

1814 4808 2025 4864 cunque
2063 4793 2327 4861 petieritis
2359 4791 2413 4845 in
2466 4792 2684 4846 nomine
2740 4806 2880 4854 meo,
2913 4790 3103 4845 faciam
3132 4808 3144 4844 :
3178 4809 3198 4843 ι
3239 4807 3384 4845 nunc

1815 4897 1991 4939 autem
2028 4886 2141 4939 ait:
2181 4903 2197 4935 ι
2235 4884 2601 4951 Quodcunque
2629 4882 2895 4952 petieritis
2935 4882 3147 4937 Patrem
3193 4884 3245 4936 in
3282 4900 3381 4935 nu-

1813 4978 1957 5030 mine
1987 4990 2125 5038 meo,
2156 4975 2304 5028 dabit
2338 4974 2489 5028 vobis
2515 4974 2579 5027 '3.
2617 4991 2636 5023 ι
2675 4972 2925 5041 Nunquid
2974 4988 3102 5041 ergo
3131 4987 3379 5027 seorsum

95 5072 187 5139 ὴρ
217 5068 367 5142 δίχα.
397 5068 499 5121 τοῦ
533 5067 683 5133 Υἰοῦ,
710 5068 814 5139 ἰδίᾳ
846 5070 902 5121 δὲ
927 5070 1021 5121 καὶ
1054 5069 1159 5121 ἀνὰ
1183 5068 1347 5139 μέρος
1371 5069 1396 5121 6
1426 5067 1553 5130 Υἱὸς
1584 5066 1708 5136 δίχα

1817 5069 1986 5135 aliqua
2009 5066 2297 5135 dilargitur
2330 5065 2486 5119 Pater
2528 5064 2734 5134 absque
2768 5062 2924 5126 Filio,
2952 5072 3043 5115 aut
3076 5062 3243 5117 Filius
3264 5081 3388 5117 run-

87 5161 173 5213 οὖ
211 5159 497 5230 llas-96;;
525 5158 733 5215 Οὑκοῦν
760 5159 911 5230 παρὰ
940 5158 1031 5211 δύο
1056 5159 1194 5212 θεῶν
1216 5162 1325 5221 τοῖς
1347 5160 1519 5226 ἁγίοις
1548 5158 1613 5210 τὰ
1644 5158 1702 5207 ἐν

86 5254 290 5323 ὑχαῖς
330 5252 663 5321 αἰτήματα;
706 5251 846 5304 Ἀλλ’
878 5252 976 5322 οὑχ
1022 5249 1193 5314 οὑτως
1228 5250 1341 5319 ἔχει
1383 5248 1591 5302 ταῦτα·
1629 5246 1703 5317 μὴ

138 5413 187 5441 ¹¹
232 5410 427 5465 Joan.
472 5424 532 5467 ιι,
562 5408 651 5470 24,
684 5407 773 5463 25.
854 5408 894 5437 "
918 5403 1061 5461 Psal.
1093 5404 1397 5466 xxxw,15.

86 5482 157 5547 2,
216 5482 324 5535 15.
426 5481 469 5511 "
508 5477 661 5532 Joan.
692 5494 780 5541 xv,
817 5476 901 5531 l6.
984 5475 1218 5529 “lCor.
1266 5490 1381 5535 vm,
1414 5475 1465 5525 (i.

1807 5173 1926 5212 sum
1996 5172 2240 5212 seorsum
2278 5156 2663 5226 sigillatimque
2724 5154 3036 5222 impertitur
3114 5156 3372 5211 nonnulla

1811 5247 2013 5315 absque
2045 5245 2225 5309 Patre,
2261 5244 2334 5298 ita
2367 5254 2476 5299 uta
2503 5244 2707 5298 duobus
2745 5243 2847 5297 diis
2879 5251 3221 5311 praestentur,
3251 5260 3367 5311 quae

1480 5404 1523 5432 ¹³
1548 5400 1715 5454 δεΐθιιῖ

1825 5414 1894 5454 vu
1917 5441 1930 5465 ,
1964 5400 2049 5454 10.
2126 5400 2166 5429 ¹²
2194 5397 2347 5465 Joan,
2379 5414 2448 5465 ιν,
2484 5398 2577 5457 92.
2618 5397 2658 5429 ⁸⁸
2692 5395 2794 5452 lsa.
2826 5412 2982 5459 ιςιιι,
3016 5397 3068 5453 9.
3147 5396 3189 5428 ¹⁶
3211 5394 3368 5453 Joan.

1194 5631 1366 5683 Variae
1397 5627 1651 5683 lectiones
1682 5623 1882 5679 codicis
1914 5622 2274 5693 Seguicriani.

130 5787 165 5823 ⁸
216 5784 328 5837 ἴα.
373 5778 720 5851 Πορ;ύεσθαί
757 5793 886 5846 gms:
916 5793 970 5827 7..
1000 5791 1047 5829 τ.
1079 5776 1144 5828 Π.
1222 5774 1249 5814 h
1284 5774 1355 5842 τῷ
1385 5771 1501 5841 Θεῷ
1535 5770 1623 5824 καὶ
1655 5767 1844 5839 Πατρί.
