4040 6466
656 333 784 386 1‘27!

1641 347 1698 401 S.
1740 345 2010 401 CYBILLI
2048 347 2515 405 ALEXANDMM
2560 350 2876 406 ARCIIIEP.

3777 345 3801 398 l
3811 345 3903 398 2ῗῖ

649 447 821 502 Sancti
851 445 1181 519 efﬂagitant?
1211 453 1385 522 Absit,
1413 456 1588 512 absit:
1610 474 1750 513 unus
1778 459 1922 513 enim
1958 473 2042 516 est
2076 464 2204 518 Deus

2323 467 2533 534 γένοιτο
2555 485 2566 497 ·
2597 462 2678 531 εἷς
2712 467 2819 536 γὰρ
2851 465 2980 526 Θεὸς
3010 465 3036 516 6
3069 463 3277 534 Πατὴρ,
3309 463 3402 516 καὶ
3436 459 3518 526 εἷς
3551 464 3764 532 Κύριος
3807 460 3902 528 Ἰη-

651 536 828 602 Pater,
879 550 935 595 et
995 557 1133 600 unus
1191 546 1318 602 item
1396 548 1654 605 Dominus
1714 548 1872 606 Iesus
1933 550 2215 612 Christus.

649 627 932 685 Distribuit
957 649 1187 706 namque
1213 638 1374 694 Pater
1399 640 1537 695 dona
1572 655 1666 710 per
1701 639 1896 697 Filium
1923 644 1976 699 in
2009 643 2215 717 Spiritu

647 727 871 789 sancto;
910 736 1278 782 verumtamen
1310 729 1600 799 postulatio
1631 731 1682 784 in
1723 732 1976 802 precibus
2031 736 2088 789 lit
2120 751 2218 805 per

648 808 829 867 Jesum
850 814 1144 869 Christum.
1169 817 1340 872 Porro
1368 818 1578 874 Domini
1607 819 1735 877 Jesu
1771 825 1990 880 nomine
2015 825 2218 895 accipi-

649 917 769 958 mus
798 912 852 956 et
873 903 1218 975 designamus
1249 909 1481 964 Verbum
1521 910 1790 968 hominem
1825 914 2046 970 factum.

724 1012 742 1044 ι
780 993 835 1049 1η
865 995 954 1050 illo
992 997 1078 1053 die
1103 1014 1189 1054 me
1235 1015 1341 1055 non
1372 1001 1632 1070 rogabitis
1675 1005 1988 1076 quidquam.
2016 1005 2212 1072 Amen,

648 1100 805 1141 amen
820 1086 940 1142 dico
971 1090 1140 1154 vobis,
1170 1089 1215 1144 si
1251 1091 1375 1160 quid
1395 1094 1661 1162 petieritis
1683 1097 1894 1150 Patrem
1918 1098 1971 1150 in
1997 1098 2216 1151 nomine

648 1192 788 1242 meo,
820 1178 968 1233 dabit
1018 1181 1194 1236 vobis.
1221 1180 1416 1248 Petite,
1447 1194 1502 1240 et
1536 1187 1835 1256 accipietis,
1861 1196 1920 1239 nt
1959 1187 2213 1257 gaudium

645 1281 884 1323 vestrum
936 1270 1007 1324 sit
1049 1272 1266 1341 plenum
1289 1275 1353 1328 ιθ.
1383 1294 1402 1326 ι
1440 1275 1567 1331 Haec
1611 1276 1857 1331 eamdem
1885 1277 2212 1333 sententiam

643 1375 765 1413 cum
812 1363 1182 1431 superioribus
1238 1365 1470 1431 habent,
1505 1367 1647 1422 sicut
1691 1367 1779 1421 illa
1832 1383 2214 1440 quoque,qu:e

644 1465 766 1504 mox
803 1463 1229 1522 consequuntur.
1254 1455 1345 1511 Ait
1380 1471 1651 1526 namque:
1693 1475 1711 1510 ι
1755 1458 1810 1513 In
1875 1460 1968 1514 illo
2021 1460 2131 1526 die,
2157 1460 2212 1514 in

645 1541 862 1596 nomine
881 1557 1000 1597 meo
1025 1546 1218 1613 petetis
1243 1563 1258 1599 :
1279 1555 1334 1600 et
1369 1561 1481 1601 non
1509 1547 1629 1602 dico
1650 1548 1806 1604 vobis
1847 1549 1971 1619 quia
2003 1564 2104 1621 ego
2126 1565 2211 1603 ro-

640 1634 778 1703 gabo
795 1635 1012 1690 Patrem
1042 1638 1108 1692 de
1136 1638 1326 1693 vobis:
1369 1639 1483 1709 ipse
1527 1641 1670 1694 enim
1713 1640 1875 1696 Pater
1899 1648 2046 1694 amat
2089 1655 2209 1706 vos,

639 1723 763 1791 quia
803 1739 900 1779 vos
935 1739 1021 1780 me
1045 1726 1289 1795 amastis,
1316 1736 1373 1783 et
1392 1729 1696 1786 credidistis
1717 1729 1844 1802 quia
1877 1743 1976 1800 ego
1997 1744 2025 1785 ε
2049 1727 2210 1785 Patre

640 1817 781 1869 exivi
813 1816 883 1870 ".
912 1835 931 1869 ι

717 1925 736 1958 ι
768 1905 892 1962 Haec
934 1917 1015 1963 est
1047 1909 1157 1964 vita
1197 1919 1422 1979 aeterna,
1470 1924 1531 1967 ut
1567 1925 1902 1984 cognoscant
1943 1923 1993 1968 tc.
2034 1913 2211 1968 solum

640 1995 804 2053 Deum
835 2015 1042 2066 verum,
1076 2011 1132 2056 et
1174 2018 1335 2072 quem
1367 2001 1566 2058 misisti
1591 2002 1774 2060 lesum
1798 2003 2072 2059 Christum
2091 2005 2158 2058 ιι.
2187 2023 2205 2055 ι

639 2090 696 2145 Si
721 2092 1049 2148 cum-solius
1089 2094 1314 2166 verique
1354 2095 1452 2150 Dei
1486 2097 1797 2166 cognitione
1835 2095 1961 2152 Jesu
2004 2097 2210 2152 Christi

635 2182 1000 2251 cognitionem
1027 2185 1335 2241 necessario
1361 2187 1708 2256 coniunctam
1729 2187 2210 2258 consociatamque

633 2287 757 2327 esse
792 2285 1026 2342 Oportet,
1055 2286 1107 2328 et
1162 2275 1266 2332 hoc
1306 2277 1482 2345 ipsum
1537 2285 1794 2333 aeternam
1825 2279 1989 2332 vitam
2027 2280 2210 2334 conci-

637 2364 768 2416 liat:
804 2365 892 2418 cui
949 2365 1242 2420 obscurum
1299 2380 1421 2422 esse
1461 2377 1662 2437 potest,
1695 2365 1970 2422 Christum
2023 2383 2209 2423 verum

634 2469 753 2509 esse
801 2453 1009 2508 Deum?
1040 2452 1280 2510 Verbum
1333 2471 1468 2513 sane
1519 2471 1648 2513 caro
1711 2456 1914 2513 factum
1961 2467 2072 2525 est,
2113 2460 2210 2515 sed

637 2545 833 2599 mansit
861 2546 1074 2601 interim
1109 2545 1365 2604 Verbum.

709 2654 728 2686 ‹
771 2635 839 2691 Ut
886 2639 1071 2694 credat
1113 2639 1344 2695 mundus
1384 2641 1513 2710 quia
1540 2650 1593 2694 tu
1641 2655 1724 2695 me
1763 2642 1978 2698 misisti.
2013 2641 2073 2695 Et
2107 2656 2208 2709 ego

632 2728 935 2782 claritatem
991 2745 1152 2796 quam
1194 2729 1390 2786 dedisti
1445 2731 1601 2795 mihi,
1647 2732 1768 2786 dedi
1821 2734 1943 2798 eis,
1985 2739 2043 2785 ut
2098 2734 2208 2790 sint

632 2833 822 2884 unum,
847 2818 987 2873 sicut
1027 2828 1080 2872 et
1123 2833 1222 2874 nos
1255 2835 1423 2874 unum
1466 2835 1677 2876 sumus.
1705 2821 1816 2890 Ego
1861 2823 1913 2875 in
1939 2821 2039 2884 eis,
2069 2830 2125 2875 et
2152 2830 2205 2875 tu

631 2910 682 2964 iu
714 2924 830 2973 me,
858 2919 916 2962 ut
941 2910 1046 2964 sint
1071 2911 1432 2966 consummati
1460 2910 1513 2966 in
1541 2927 1707 2966 unum
1737 2913 1806 2967 “.
1841 2929 1859 2962 ›
1900 2910 2205 2981 PerSpicaci

631 3003 826 3059 mentis
874 3001 1032 3058 oculo
1076 3002 1129 3057 in
1181 3016 1294 3058 rem
1344 3005 1671 3074 propositam
1706 3005 2064 3069 intendentes,
2096 3005 2209 3075 86

629 3109 876 3164 quaenam
910 3095 962 3149 iu
984 3097 1098 3165 ipsa
1135 3095 1382 3153 abstrusa
1429 3097 1656 3161 lateant,
1684 3097 1970 3167 diligenter
2017 3098 2206 3165 explo-

630 3201 831 3242 remus.
870 3185 1093 3253 Qualem
1129 3189 1310 3257 itaque
1333 3188 1561 3258 gloriam
1591 3186 1762 3243 Filius
1792 3203 1821 3242 a
1857 3188 2019 3244 Patre
2049 3205 2204 3244 acce-

630 3279 774 3344 pisse
833 3294 892 3334 se
948 3288 1154 3345 narrat,
1206 3294 1366 3348 quam
1423 3279 1576 3333 nobis
1631 3279 1824 3334 deinde
1865 3294 2186 3335 communen

631 3367 854 3426 fecerit?
891 3370 1035 3424 Sane
1073 3370 1186 3438 ipse
1245 3373 1311 3424 ab
1357 3370 1460 3425 hac
1520 3372 1819 3441 quaestione
1868 3388 1967 3428 nos
2015 3372 2184 3428 libera

629 3464 752 3514 dum
781 3462 901 3515 ait:
949 3481 967 3515 ι
1007 3461 1080 3518 Ut
1113 3477 1275 3516 ιιιιιιιιι
1328 3463 1455 3528 sint,
1494 3463 1636 3519 sicut
1676 3474 1726 3519 et
1773 3479 1871 3519 nos
1919 3479 2086 3518 unum
2118 3479 2208 3520 su-

630 3567 768 3605 mus.
808 3569 828 3604 ι
873 3549 1006 3604 Nam
1034 3551 1139 3604 etsi
1171 3552 1259 3604 Dei
1283 3549 1462 3606 Patris
1491 3550 1724 3606 Verbum
1759 3550 2054 3606 secundum
2078 3565 2204 3621 pro-

630 3642 800 3707 priam
832 3639 1142 3709 hypostasin
1192 3640 1330 3694 alius
1375 3656 1404 3694 a
1452 3640 1610 3696 Patre
1655 3655 1775 3695 esse
1829 3641 2199 3709 dignoscatur,

631 3727 862 3780 naturali
894 3737 1071 3782 tamen
1105 3727 1385 3782 identitate
1429 3741 1591 3781 unum
1640 3727 1799 3796 plane
1850 3737 1904 3782 et
1942 3729 2080 3781 idem
2117 3737 2201 3784 est

634 3836 756 3874 cuin
773 3817 882 3874 ilio.
904 3821 970 3871 At
998 3833 1103 3887 quo
1117 3826 1273 3887 pacto
1298 3816 1530 3872 Verbum
1550 3817 1678 3872 illud
1704 3833 1865 3873 unum
1889 3818 1963 3890 (Ι)
1983 3833 2200 3888 quoque

630 3911 911 3966 nobiscum
944 3909 1140 3963 factum
1173 3908 1289 3964 est?
1314 3909 1396 3964 Ad
1427 3910 1674 3964 eumdem
1701 3910 1924 3965 omnino
1954 3911 2195 3978 modum,

628 4009 756 4069 puta
785 4002 1084 4058 secundum
1134 3998 1474 4056 essentialem
1520 4010 1576 4054 et
1614 3999 1912 4054 naturalem
1945 4000 2199 4055 identita-

631 4099 759 4143 tem.
784 4090 853 4144 At
883 4104 1004 4143 cum
1043 4089 1224 4144 divina
1259 4097 1449 4144 natura
1480 4098 1631 4145 tanto
1673 4105 1702 4143 a
1752 4098 2003 4144 creatura
2037 4092 2210 4148 distet.

627 4179 935 4242 intervallo,
963 4187 1020 4233 ut
1064 4178 1360 4235 secundum
1406 4178 1699 4235 essentiam
1751 4192 1876 4233 cum
1931 4195 1993 4234 ea
2051 4181 2200 4237 coire

628 4284 966 4340 nequaquam
1003 4270 1217 4337 valeat,
1249 4284 1443 4340 ecquo,
1472 4270 1674 4340 inquis,
1702 4273 1860 4325 modo
1901 4273 2198 4329 secundum

626 4372 875 4417 naturam
918 4378 1081 4417 unum
1115 4362 1201 4418 ille
1227 4361 1405 4419 factus
1421 4370 1498 4417 est
1531 4362 1838 4428 nobiscum,
1863 4363 2192 4432 quiomnem

2329 556 2452 622 σοῦς
2511 559 2762 630 Χριστός.
2793 555 3043 625 Διανέμει
3090 555 3197 625 γὰρ
3241 557 3269 608 6
3317 555 3507 626 Πατὴρ
3552 554 3625 607 δι’
3659 550 3795 606 ΥΞοῦ
3848 554 3903 602 τὰ

2324 648 2504 716 ἁγαθά
2537 649 2594 702 ὲν
2633 646 2940 716 Πνεύματι·
2978 641 3116 712 πλὴν
3147 646 3181 713 ἡ
3218 644 3434 714 αἴτησις
3478 645 3512 714 ἡ
3565 644 3627 694 ὲν
3677 655 3903 708 προσευο

2324 741 2446 807 χαῖς
2475 739 2532 791 ὲν
2570 734 2786 808 Χριστῷ
2820 731 3020 804 Ἰησοῦ’
3053 733 3149 785 καὶ
3179 733 3389 802 Κύριος
3423 730 3637 802 Ἰησοῦς
3679 729 3711 781 6
3755 729 3904 778 ὲναν·

2325 827 2618 899 θρωπησας
2650 830 2849 882 νοεῖται
2878 824 2971 878 καὶ
3008 823 3336 893 ὀνομάζεται
3360 825 3551 891 Λόγος.

2400 1030 2419 1062 ι
2447 1009 2557 1065 Καὶ
2593 1011 2652 1064 ὲν
2693 1007 2877 1077 ἐκείνη
2905 1007 2970 1074 τῇ
3000 1003 3185 1074 ἡμέρα
3213 1001 3312 1071 ἐμὲ
3340 1003 3439 1054 οὐκ
3469 1003 3786 1072 ἐρωτήσετε
3822 998 3904 1050 ούο

2321 1095 2430 1150 δέν.
2449 1096 2640 1168 Ἀμὴν,
2671 1095 2817 1167 ἀμὴν
2845 1093 2988 1160 λέγω
3028 1092 3178 1160 ὑμῖν,
3209 1089 3274 1142 ἂν
3298 1105 3352 1141 τι
3383 1091 3657 1159 αἰτήσητε
3685 1089 3779 1142 τὸν
3809 1088 3906 1141 Παο

2318 1188 2453 1257 τέρα
2499 1189 2556 1240 ὲν
2595 1185 2674 1256 τῷ
2720 1181 2945 1255 ὀνόματι
2998 1199 3120 1252 μου,
3153 1181 3315 1234 δώσει
3357 1180 3507 1250 ὑμῖν.
3538 1183 3782 1241 Αἰτεῖτε,
3818 1179 3904 1232 καὶ

2318 1275 2573 1347 λήψεσθε,
2602 1277 2689 1331 ἵνα
2719 1276 2751 1345 ὴ
2777 1273 2920 1344 χαρὰ
2941 1272 3094 1344 ὑμῶν
3185 1269 3623 1340 πεπληρωμένη.
3658 1290 3678 1321 a
3701 1271 3799 1323 Ἑν
3823 1269 3906 1340 ἴση

2319 1370 2412 1422 καὶ
2445 1369 2603 1423 τοῦτο
2633 1370 2744 1430 τοῖς
2768 1363 3025 1436 ἀνωτέρω
3060 1363 3234 1437 βραχὺ
3261 1362 3473 1431 διανοίᾳ
3509 1360 3794 1424 κείσεται,
3820 1362 3906 1413 καὶ

2318 1459 2379 1512 τὸ
2426 1459 2624 1530 ἑφεξῆς
2671 1456 3056 1527 ὀμοίως.”Εχει
3104 1455 3160 1508 δὲ
3205 1453 3396 1516 οὓτως·
3435 1452 3566 1504 «Ἐν
3605 1451 3810 1523 ἐκείνη
3845 1453 3904 1521 τῇ

2319 1550 2504 1622 ἡμέρᾳ
2535 1554 2593 1605 ὲν
2629 1549 2706 1620 τῷ
2732 1549 2957 1618 ὀνόματί
3009 1565 3112 1618 μου
3160 1545 3486 1617 αἰτήσεσθε·
3538 1545 3640 1597 καὶ
3672 1544 3737 1596 οὗ
3774 1542 3908 1610 λέγω

2318 1640 2469 1710 ὑμῖν,
2508 1641 2590 1694 ὅτι
2640 1638 2752 1708 ἐγὼ
2801 1639 3065 1709 ἐρωτήσω
3117 1637 3211 1691 τὸν
3241 1636 3492 1708 Πατέρα·
3532 1637 3705 1700 αὐτὸς
3745 1635 3907 1706 γὰρὸ

2317 1733 2506 1803 Πατὴρ
2553 1731 2698 1801 φιλεῖ
2741 1730 2908 1800 ὑμᾶς,
2936 1730 3017 1782 ὄτι
3052 1729 3214 1798 ὑμεῖς
3262 1728 3362 1796 ἐμὲ
3411 1728 3790 1798 πεφιλήκατε,
3824 1728 3906 1780 καὶ

2245 1819 2286 1878 Β
2316 1824 2716 1880 πεπιστεύκατε
2757 1823 2838 1875 ὃτι
2873 1820 2985 1889 ἐγὼ
3014 1820 3164 1891 παρὰ
3203 1819 3297 1873 τοῦ
3329 1820 3546 1890 Πατρὸς
3578 1818 3846 1890 ἐξῆλθον.
3882 1837 3896 1868 ι

2392 1938 2412 1970 ι
2442 1916 2589 1988 Αὕτη
2624 1914 2680 1967 δέ
2707 1915 2854 1966 ἔστιν
2879 1914 2911 1981 ἡ
2938 1911 3160 1974 αἰώνιος
3199 1910 3332 1980 ζωὴ,
3371 1910 3458 1962 ἵνα
3490 1910 3825 1977 γινώσκωσι
3856 1924 3905 1961 σε

2313 2007 2403 2061 τὸν
2437 2007 2597 2077 μόνον
2643 2001 2896 2073 ἀληθινὸν
2929 2001 3083 2064 Θεὸν,
3112 1999 3205 2054 καὶ
3233 1999 3293 2052 ὃν
3323 1998 3663 2063 ἀπέστειλας
3700 2000 3906 2070 Ἰησοῦν

2312 2096 2567 2167 Χριστόν.
2598 2114 2616 2145 ι
2657 2093 2719 2146 ΕΙ
2748 2094 2814 2163 τῇ
2853 2090 3147 2160 ἐπιγνώσει
3180 2088 3276 2144 τοῦ
3325 2089 3487 2159 μόνου
3516 2090 3617 2143 καὶ¹
3642 2090 3903 2158 ἀληθινοῦ

2311 2188 2446 2242 Θεοῦ
2494 2184 2845 2256 συνεζεῦχθαι
2886 2200 2945 2236 τε
2993 2184 3088 2237 καὶ
3122 2182 3517 2236 συνεισὸαίνειν
3553 2181 3787 2251 ἀνάγκη
3819 2182 3907 2252 τὴν

2311 2278 2606 2344 ἐπίγνωσιν
2654 2271 2829 2343 Ἰησοῦ
2858 2269 3120 2341 Χριστοῦ,
3158 2270 3252 2322 καὶ
3281 2268 3427 2338 ζωὴν
3450 2267 3612 2320 τοῦτο
3642 2268 3749 2337 τὴν
3786 2269 3908 2320 αἰώ-

2311 2384 2421 2422 νιον
2461 2365 2715 2436 προξενεῖ
2741 2379 2755 2393 ⁸
2790 2362 2908 2426 πῶς
2954 2362 3052 2430 οὐχ
3106 2362 3310 2414 ἅπασιν
3352 2359 3610 2428 ἐναργὲς,
3643 2360 3731 2412 ὅτι
3781 2358 3907 2416 Θεὸς

2309 2460 2457 2512 ἐστιν
2486 2457 2690 2529 ἀληθὴς
2727 2458 2756 2509 6
2786 2453 3056 2526 Χριστόςς
3085 2452 3286 2520 Γέγονε
3320 2451 3428 2522 γὰρ
3465 2451 3611 2523 σὰρξ
3647 2452 3678 2504 6
3714 2451 3906 2518 Λόγος,

2311 2550 2404 2604 καὶ
2444 2549 2722 2620 μεμένηκε
2751 2546 2942 2614 Λόγος.

2385 2639 2534 2692 ι”ῐνα
2583 2640 2611 2690 6
2655 2636 2856 2706 κόσμος
2901 2636 3168 2707 πιστεύσῃ
3200 2637 3282 2689 ὅτι
3312 2634 3374 2687 σύ
3421 2651 3489 2703 με
3538 2631 3900 2694 ἀπέστειλας.

2311 2729 2484 2797 Κάγὼ
2506 2731 2606 2800 τὴν
2650 2728 2828 2792 δόξαν,
2856 2729 2924 2799 ἢν
2959 2728 3199 2791 δέδωκάς
3251 2744 3365 2797 μοι.
3402 2726 3622 2780 δέδωκα
3669 2725 3863 2787 αὐτοῖς
3890 2741 3903 2752 -

2309 2824 2396 2875 ἵνα
2427 2817 2561 2877 ὦσιν
2599 2821 2677 2884 ἓν,
2705 2818 2887 2882 καθὼς
2922 2821 3079 2890 ἡμεῖς
3105 2819 3185 2872 ἓν.
3204 2817 3345 2885 Ἐγὼ
3377 2819 3434 2870 ὲν
3460 2818 3677 2880 αὐτοῖς,
3718 2817 3816 2869 καὶ
3846 2818 3903 2868 σὺ

2307 2917 2364 2967 ὲν
2401 2913 2544 2983 ἐμοὶ,
2594 2913 2680 2964 ἵνα
2709 2905 2811 2964 ὦσι
2849 2909 3259 2979 τετελειωμένοι
3284 2910 3362 2971 εἰς
3391 2909 3470 2961 ἓν.
3502 2927 3520 2958 ι
3544 2908 3790 2979 ἈκριΕῆ
3813 2908 3904 2975 τῆς

2307 3006 2544 3068 διανοίας
2567 3003 2658 3058 τὸν
2685 3001 2960 3072 ὀφθαλμὸν
2996 3001 3396 3072 ἐπιστήσαντες
3430 3003 3495 3070 τῇ
3531 3000 3634 3053 τοῦ
3679 3016 3903 3069 προκει-

2314 3097 2476 3168 μένου
2505 3095 2753 3165 δυνάμει,
2779 3091 3149 3163 θεωρήσωμεν
3169 3091 3236 3144 τὰ
3263 3093 3321 3144 ὲν
3351 3089 3532 3158 αὐτῷ,
3549 3090 3727 3142 Ποίαν
3756 3088 3904 3152 δόξαν

2309 3184 2590 3256 εἰληφέναι
2614 3182 2748 3253 φησι
2784 3181 2934 3251 παρὰ
2974 3181 3064 3234 τοῦ
3092 3182 3303 3252 Πατρδς
3335 3183 3362 3234 6
3393 3179 3547 3245 Υἱὸς,
3574 3180 3677 3233 καὶ⁵
3703 3179 3903 3246 ταύτην

2312 3279 2442 3348 ἡμῖν
2469 3274 2776 3337 ἐπιδοῦναι,
2803 3274 2974 3338 Αὐτὸς
2999 3272 3056 3326 δὲ
3085 3275 3235 3343 ἡμᾶς
3256 3273 3352 3342 τῆς
3379 3272 3472 3325 ἐπὶ
3503 3271 3732 3336 τούτοις
3758 3270 3903 3342 ἐρεύ-

2308 3383 2406 3436 νης
2431 3362 2756 3428 ἀπαλλάξει.
2779 3362 2953 3431 λέγων
2972 3379 2986 3393 ο
3023 3361 3168 3416 ι”Ινα
3193 3356 3315 3424 ὦσι,
3348 3360 3535 3423 καθὼς
3568 3362 3771 3431 ἡμεῖς,
3794 3362 3864 3413 ἒν.
3881 3380 3896 3408 ι

2321 3456 2409 3508 Ἐν
2442 3455 2539 3525 μὲν
2564 3453 2672 3523 γὰρ
2696 3455 2759 3523 τῇ
2786 3453 2990 3522 φυσικῇ
3024 3451 3312 3521 ταυτότητι
3344 3450 3402 3502 ’ἐν
3435 3451 3591 3503 ἐστιν
3627 3453 3660 3504 ὁ
3685 3453 3756 3504 ὲκ
3775 3449 3900 3503 Θεοῦ

2308 3545 2478 3612 Λόγος
2511 3543 2644 3614 πρὸς
2688 3543 2775 3595 τὸν
2811 3540 3002 3595 ἑαυτοῦ
3035 3542 3276 3613 Πατέρα,
3314 3542 3360 3594 εἰ
3395 3541 3492 3595 καὶ
3523 3544 3744 3595 νοεῖται
3779 3541 3903 3595 καθ’

2311 3637 2605 3690 ὑπόστασιν
2635 3635 2892 3704 ἑκάτερος
2926 3634 3117 3705 ὶδικήν.
3171 3631 3296 3697 Πῶς
3324 3634 3380 3686 δὲ
3409 3633 3504 3687 καὶ
3539 3635 3600 3686 ὲν
3633 3637 3776 3705 ἡμῖν
3813 3633 3900 3702 γέ-

2311 3744 2434 3795 γονε
2455 3747 2473 3794 ;
2497 3726 2654 3782 Κατὰ
2683 3726 2772 3783 τὸν
2799 3727 2912 3780 ἴσον
2941 3726 3161 3798 τρόπον,
3194 3723 3469 3788 οὺσιωδῶς
3497 3725 3568 3796 δὴ
3605 3726 3785 3795 λέγω,
3813 3726 3900 3777 καὶ

2309 3814 2586 3881 φυσικῶςο
2620 3813 2713 3867 καί
2748 3830 2830 3866 τοι
2865 3812 2999 3866 Θεοῦ
3053 3813 3212 3881 φύσις
3259 3812 3580 3882 ἀσύμϐατος
3620 3813 3899 3875 παντελῶς

2305 3906 2390 3973 εἴη
2438 3905 2504 3958 ἂν
2554 3904 2690 3975 πρὸς
2727 3903 2823 3974 τὴν
2871 3905 3067 3967 κτίσιν,
3100 3905 3175 3967 ὡς
3225 3906 3282 3957 ἐν
3321 3904 3622 3974 ταυτότητι
3660 3906 3806 3973 λέγω
3838 3908 3897 3974 τῇ

2307 3997 2430 4050 κατ’
2461 3995 2667 4049 οὐσίαν.
2694 3994 2818 4066 Πῶς
2854 3991 2946 4048 οὖν
2976 3995 3033 4048 ὲν
3055 3996 3186 4065 ἡμῖν
3209 3994 3400 4063 γέγονε
3436 3995 3697 4062 φυσικῶς
3721 3998 3750 4048 6
3770 3997 3899 4064 ὑπὲρ

2305 4085 2404 4157 τὴν
2437 4085 2651 4152 κτίσιν;
2681 4086 2877 4154 Γέγονε
2911 4087 3019 4157 γὰρ
3049 4085 3356 4156 ἄνθρωπος,
3393 4086 3482 4138 ἵνα
3517 4083 3722 4158 ὥσπερ
3757 4086 3899 4138 ἐστὶν

2305 4182 2402 4235 ἑνί
2443 4182 2509 4252 τῇ
2537 4181 2636 4251 τῆς
2669 4178 2920 4252 θεότητος
2959 4179 3120 4248 φύσει
3153 4179 3288 4250 πρὸς
3333 4179 3424 4235 τὸν
3471 4179 3733 4250 Πατέρα,
3762 4178 3900 4232 οὕτω

2308 4269 2561 4341 καὶπρὸς
2586 4269 2733 4339 ἡμᾶς
2761 4267 2820 4323 ἓν
2858 4267 3084 4338 γένηται
3116 4268 3300 4339 σχέσει
3334 4271 3399 4339 τῇ
3430 4268 3581 4322 κατά
3607 4270 3715 4323 ἀνθ
3726 4269 3900 4341 ρωπο-

2305 4376 2475 4430 τητα’
2512 4357 2908 4429 τετελειώμεθα
2933 4359 3043 4430 γὰρ
3071 4357 3334 4419 οὕτωκαὶ
3371 4363 3538 4432 ἡμεῖς
3569 4364 3655 4426 εἰς
3687 4365 3770 4419 ἐν,

623 4454 846 4510 omnino
909 4466 1216 4511 creaturam
1264 4454 1522 4511 excellit?
1569 4452 1802 4510 Verbum
1859 4458 2062 4510 factum
2117 4465 2202 4513 est
2240 4458 2424 4520 homo,
2456 4463 2515 4509 ut
2576 4453 3055 4524 quemadmodum,
3085 4456 3228 4524 quod
3299 4457 3520 4525 quidem
3557 4460 3626 4511 ad
3681 4459 3900 4515 deitatis

625 4555 877 4601 naturam
905 4555 1135 4616 spectat,
1169 4561 1334 4602 unum
1363 4556 1416 4603 et
1467 4547 1607 4602 idem
1635 4556 1719 4603 est
1766 4562 1888 4602 cum
1955 4547 2230 4615 Patre,ita
2273 4547 2571 4603 secundum
2608 4554 2814 4602 naturae
2879 4547 3132 4602 humanm
3184 4547 3559 4604 habitudinem
3596 4552 3675 4606 sit
3732 4569 3897 4608 unum

622 4655 838 4712 quoque
865 4642 1172 4698 nobiscum.
1211 4644 1323 4699 llac
1351 4644 1496 4700 enim
1535 4646 1740 4703 ratione
1777 4662 1872 4701 nos
1894 4662 2113 4716 quoque
2137 4648 2187 4700 in
2229 4646 2488 4700 unitatem
2520 4645 2881 4700 consummati
2926 4660 3136 4700 sumus.

705 4747 725 4781 ι
753 4730 884 4786 Cum
927 4746 1056 4802 ergo
1093 4747 1217 4789 sero
1249 4742 1393 4789 esset
1427 4735 1514 4791 die
1541 4735 1652 4800 illo,
1677 4752 1787 4790 una
1812 4735 2195 4801 Sabbatorum,

2387 4753 2405 4786 ι
2438 4733 2619 4805 Οὔσης
2668 4729 2761 4788 οὖν
2806 4734 2962 4804 ὀψίας
2993 4739 3060 4807 τῇ
3096 4735 3280 4806 ἡμέρα
3312 4736 3522 4808 ἐκείνῃ,
3551 4741 3620 4811 τῇ
3661 4742 3767 4809 μιᾷ
3791 4741 3899 4794 τῶν

624 4831 676 4878 et
711 4821 851 4878 fores
872 4833 1055 4878 essent
1092 4824 1311 4891 clause,
1338 4826 1428 4882 ubi
1467 4836 1624 4882 erant
1673 4827 1920 4897 discipuli
1971 4843 2174 4898 congre

625 4914 735 4984 gati
767 4922 987 4984 propter
1013 4924 1212 4969 metum
1231 4914 1571 4982 indecorum,
1606 4917 1754 4971 venit
1780 4917 1956 4980 Jesus,
1991 4928 2046 4972 et
2087 4928 2197 4973 διες

627 5003 694 5058 tit
724 5003 776 5057 in
811 5002 1005 5068 medio,
1037 5012 1094 5058 et
1124 5004 1261 5059 dixit
1304 5004 1420 5060 eis:
1450 5004 1558 5058 Pax
1599 5005 1751 5061 vobis
1799 5006 1866 5059 ’³.
1900 5026 1916 5058 ι
1951 5004 2065 5058 Νοιι
2093 5004 2197 5060 im-

2305 4825 2618 4891 Σαϐσάτων,
2648 4827 2739 4879 καὶ
2766 4826 2875 4880 τῶν
2903 4825 3082 4897 θυρῶν
3113 4827 3539 4897 κεκλεισμένων,
3580 4831 3725 4883 ὅπου
3760 4827 3901 4902 ἦσαν

2303 4919 2354 4971 οἱ
2394 4917 2633 4989 μαθηται
2668 4917 2995 4988 συνηγμένοι
3027 4917 3119 4970 διὰ
3143 4919 3231 4972 τὸν
3261 4919 3426 4987 φόϐον
3453 4921 3565 4974 τῶν
3601 4921 3899 4986 Ἰουδαξωωκ

2299 5005 2462 5079 ἦλθεν
2501 5011 2530 5061 6
2571 5006 2799 5078 Ἰησοῦς,
2832 5009 2926 5063 καὶ
2968 5007 3102 5080 ἔστη
3153 5012 3233 5074 εἰς
3275 5009 3333 5064 τὸ
3379 5011 3570 5081 μέσον,
3599 5016 3701 5067 καὶ
3748 5015 3900 5081 λέγει

625 5096 827 5151 merito
879 5095 1208 5151 dubitaverit
1257 5096 1349 5152 hic
1396 5097 1693 5167 quispiam,
1725 5113 1787 5151 ac
1837 5097 2089 5151 dixerit:
2138 5097 2196 5152 Si

2312 5098 2510 5162 ιὺτοῖς·
2543 5098 2747 5170 Εἰρήνη
2792 5097 2942 5166 ὑμῖν.
2974 5115 2993 5148 ι
3016 5098 3397 5170 Ἐπαπορήσαι
3443 5118 3526 5163 τις
3555 5101 3622 5155 ἂν
3663 5105 3810 5157 κατὰ
3841 5105 3897 5156 τὲ

626 5185 863 5242 Verbum
885 5196 1006 5258 post
1035 5188 1484 5246 resurrectionem
1514 5189 1736 5258 perinde
1775 5205 1839 5243 ac
1869 5197 1993 5244 ante
2038 5204 2199 5244 vene-

2299 5185 2445 5248 eixb;
2494 5185 2696 5254 λέγων·
2727 5185 2790 5240 Ei
2831 5188 2888 5241 ὲν
2921 5185 3134 5256 σώματι
3163 5189 3256 5240 καὶ
3289 5189 3431 5256 μετά
3467 5192 3569 5261 τὴν
3593 5194 3898 5248 ἀνάστασιν

624 5279 848 5332 randam
875 5293 1092 5335 crucem
1128 5281 1180 5333 in
1215 5294 1440 5350 corpore
1469 5288 1606 5344 erat,
1635 5280 1904 5350 quomodo
1927 5280 2199 5335 conclusis

2312 5275 2365 5350 ἣν
2392 5282 2418 5333 6
2445 5278 2634 5347 Λόγος,
2661 5276 2803 5332 καθὰ
2848 5277 2941 5332 καὶ
2984 5278 3089 5348 πρὸ
3128 5277 3221 5330 τοῦ
3252 5279 3435 5348 τιμίου
3475 5285 3743 5354 σταυροῦ,
3781 5288 3896 5349 πῶς

697 5435 741 5468 ’⁸
765 5434 920 5490 Joan.
958 5452 1070 5500 XVI,
1099 5435 1191 5503 23,
1213 5437 1303 5491 '21.
1385 5438 1432 5470 '°
1469 5437 1592 5492 ibid.
1622 5437 1710 5497 26.
1741 5437 1831 5490 ‘27.

1913 5438 1954 5467 “
1987 5437 2142 5493 Joan.
2176 5453 2304 5501 xv",
2330 5439 2382 5495 5,

2459 5441 2502 5469 ¹²
2527 5438 2656 5494 ibid.
2688 5437 2875 5492 2l-25.
2954 5439 2999 5470 ’³
3033 5437 3186 5493 Joan.
3217 5455 3305 5504 xx,
3348 5441 3429 5494 l9.

1702 5531 1865 5584 Variae
1901 5531 2157 5585 lectiones
2195 5532 2396 5586 codicis
2427 5531 2788 5602 Seguieriani.

706 5646 820 5700 ῖῖσ.
852 5645 930 5703 ἓν.

702 5738 777 5806 (ί)
816 5737 914 5799 llic
950 5736 1161 5793 etinfra
1196 5739 1462 5806 interpres
1496 5737 1620 5810 legit
1655 5736 1732 5801 ἓν,
1771 5738 1857 5792 ubi
1892 5740 1947 5790 ἐν
1975 5737 2249 5810 vulgatum
2275 5746 2378 5791 est.
