4040 6464
167 384 286 441 ιιτδ

1228 379 1316 435 DE
1355 379 1578 437 RECTA
1627 379 1784 435 FIDE
1823 378 1910 434 AD
1946 377 2267 437 REGINAS.

3249 380 3388 437 ΗΝ

163 501 666 580 κεκλεισμένων-τῷν
696 498 874 572 θυρῶν
909 498 1185 570 ἀδοκήτως
1227 501 1310 561 είς
1357 499 1522 567 μέσον
1546 496 1685 567 ῶφθι

1813 496 2017 550 foribus
2051 498 2102 549 in
2134 496 2313 551 medio
2364 495 2757 566 discipulorum
2796 509 2863 549 ex
2913 494 3190 564 insperato
3224 504 3404 565 appa-‘

160 597 257 650 τῶν
304 595 586 666 μαθητῶνς
622 592 763 664 Πρδς
788 594 947 645 τοῦτὸ
998 607 1200 662 φαμεν,
1230 590 1311 643 ὅτι
1350 590 1581 661 δυνάμει
1635 593 1700 661 τῇ

160 685 313 755 οεῐκῇ.
345 682 668 753 Μεμνῆσθαι
697 680 777 734 δεῖ
812 679 1025 733 Παύλου
1064 678 1334 763 λέγοντος,
1368 676 1449 729 ὅτι
1483 696 1501 725 ι
1539 676 1701 729 Ὥστε

156 779 301 847 ήμιίς
331 774 435 829 ἀπὸ
462 772 558 827 τοῦ
584 766 702 826 ’νῦν
742 771 930 825 οὐδέια
968 770 1189 840 οἴδαμεν
1225 768 1365 821 κατὰ
1399 766 1608 837 σάρκαο
1652 767 1703 819 εί

154 868 206 919 δὲ
246 868 327 920 καὶ
368 864 687 935 ἐγνώκαμεν
730 864 872 917 κατὰ
922 863 1100 928 σάρκα
1141 861 1395 933 Χριστὸν,
1423 858 1563 913 ἀλλὰ
1607 857 1703 911 νῦν

154 958 317 1011 οὐκέτι
354 956 713 1026 γινώσκομεν.
747 974 767 1005 ι
820 953 973 1009 Μετὰ
1012 955 1119 1023 γάρ
1150 969 1231 1005 τοι
1257 952 1355 1024 τὴν
1393 953 1460 1004 ὲκ
1490 951 1703 1022 νεκρῶν

153 1050 441 1111 ἀναϐίωσιν,
474 1048 548 1110 ὼς
577 1045 968 1116 τετελεσμένης
991 1045 1093 1115 ήδη
1126 1044 1226 1114 τῆς
1257 1043 1571 1114 οἰκονομίας
1607 1043 1705 1111 ἐφ’

151 1135 185 1212 ᾗ
214 1141 296 1193 καὶ
325 1143 355 1211 ἡ
398 1140 496 1205 τῆς
530 1138 733 1207 σαρκὸς
781 1137 1045 1208 ἀνάληψις
1081 1135 1369 1208 ἐπράχοηῇ
1406 1136 1700 1206 lpum,“

150 1232 347 1302 ἔξουσία
392 1232 483 1285 καὶ
528 1230 754 1299 δυνάμει
797 1228 1063 1300 κέχρηται
1109 1231 1177 1299 τῇ
1231 1228 1558 1299 θεοπρεπεϊ,
1612 1227 1703 1280 διὰ

145 1324 334 1377 τούτων
365 1323 583 1393 μᾶλλον,
630 1323 663 1391 ἢ
703 1321 790 1375 διὰ
833 1320 941 1374 τῶν
984 1322 1082 1392 τῆς
1120 1320 1403 1382 κενώσεως
1435 1320 1646 1390 μέτρων
1672 1320 1697 1359 ιι

147 1412 585 1484 ἐπιγινώσκεσθαι
616 1412 802 1477 θέλων,
829 1412 905 1476 ὼς
944 1413 1000 1464 ὲν
1040 1411 1217 1483 καιρῷ
1246 1412 1560 1481 καθήκοντι.

216 1614 235 1644 ι
263 1594 361 1647 Καὶ
396 1592 551 1645 τοῦτο
589 1590 779 1653 είπὼν,
808 1591 1130 1659 ἐνεφύσησε,
1168 1591 1260 1643 καὶ
1294 1590 1443 1658 λέγει
1472 1590 1655 1653 αὐτοῖς
1679 1604 1696 1621 ο

140 1685 334 1739 Λάϐετε
354 1683 575 1753 Πνεῦμα
602 1683 885 1751 ἇγιον.”Αν
903 1699 1064 1735 τινων
1088 1682 1261 1752 ἀφῆτε
1286 1682 1384 1744 τὰς
1403 1683 1697 1751 ἁμαρτίας,

138 1771 408 1845 ἀφίενταιι
441 1773 621 1835 αὐτοῖς
646 1785 660 1799 ‘
689 1772 754 1826 ἄν
785 1787 947 1823 τινων
978 1771 1241 1841 κρατῆτε,
1269 1770 1690 1839 κεκράτηνται.»

1808 587 1952 643 ruit?
1994 589 2072 641 Ad
2103 588 2207 643 hoc
2259 588 2645 657 respondemus
2680 587 2862 642 divina
2921 588 3116 642 virtute
3176 586 3384 641 factum

1807 679 1857 732 id
1886 694 2026 733 esse.
2060 678 2163 733 Par
2183 688 2270 734 est
2321 688 2521 740 autem,
2558 687 2615 731 ut
2670 677 2822 731 Pauli
2894 679 3096 731 dictum
3132 674 3239 731 hoc
3268 677 3391 730 loco

1805 767 1858 821 in
1892 776 2126 822 mentem
2183 783 2533 835 revocemns;
2564 769 2640 821 ait
2685 768 2731 821 is
2776 780 2953 821 vero:
2999 787 3016 818 ι
3062 766 3252 836 itaque
3287 781 3389 820 nos

1804 875 1867 914 ex
1899 861 1999 914 hoc
2035 859 2304 914 neminem
2359 858 2608 914 novimus
2657 860 2953 913 secundum
2989 871 3247 912 carnem:
3279 858 3386 913 etsi

1803 950 2151 1017 cognovimus
2183 949 2480 1003 secundum
2516 964 2734 1002 carnem
2768 948 3070 1013 Christum,
3114 950 3207 1002 sed
3239 964 3386 1005 nunc

1804 1054 1909 1092 non
1961 1040 2214 1093 novimus
2247 1039 2314 1092 “.
2364 1057 2384 1090 ι
2432 1038 2575 1092 Sane
2618 1050 2746 1107 post
2802 1040 3261 1093 resurrectionem
3316 1055 3384 1094 ex

1805 1134 2054 1196 mortuis,
2110 1134 2531 1203 dispensationis
2616 1134 2905 1203 mysterio,
2964 1148 3185 1205 propter
3241 1137 3384 1207 quod

1804 1237 2020 1276 carnem
2047 1223 2335 1278 salubriter
2359 1233 2748 1293 assumpserat,
2767 1224 2876 1292 jam
2909 1226 3170 1292 perfecto,
3197 1227 3380 1281 divina

1803 1311 2000 1365 virtute
2036 1322 2090 1365 et
2133 1302 2409 1380 “potestate
2450 1317 2705 1366 utebatur
2735 1330 2751 1367 :
2779 1324 2840 1365 ut
2867 1316 2958 1383 qui
2990 1314 3153 1368 veluti
3183 1330 3385 1384 oppor-

1805 1416 1934 1456 tnno
1962 1412 2206 1472 tempore
2232 1419 2326 1471 per
2346 1419 2412 1457 ea
2441 1405 2643 1473 potius,
2661 1418 2823 1474 quam
2862 1419 2958 1473 per
2983 1407 3382 1460 exinanitiouis

1803 1494 2158 1560 conditiones,
2184 1496 2403 1566 agnosci
2434 1495 2692 1549 voluerit.

1878 1604 1897 1636 ι
1931 1586 1993 1638 Ει
2025 1600 2144 1637 cum
2176 1587 2274 1639 hoc
2303 1586 2554 1650 dixisset,
2582 1587 2899 1651 insnlllavit,
2930 1598 2985 1639 et
3015 1589 3155 1641 dixit
3180 1605 3193 1642 :
3223 1587 3383 1641 Acci-

1803 1678 1909 1744 pite
1937 1677 2195 1745 Spiritum
2228 1688 2475 1731 sanctum
2500 1696 2512 1732 :
2534 1693 2763 1746 quorum
2791 1680 3116 1733 remiseritis
3140 1691 3376 1748 peccata,

1805 1770 2156 1823 remittuntur
2214 1769 2331 1831 eis;
2373 1778 2427 1821 et
2473 1783 2703 1837 quormn
2768 1771 3126 1833 retiuueritis,
3172 1780 3382 1825 retenta

138 1868 292 1922 Ὀλον
315 1868 428 1919 ἐστὶ
454 1864 753 1937 θεοπρεπὲς
786 1864 847 1915 τὸ
875 1861 1258 1932 γεγενημένον,
1305 1862 1399 1914 καὶ
1438 1858 1532 1913 τοῦ
1564 1876 1672 1911 παν

1800 1871 1927 1915 sunt
1953 1861 2020 1915 ".
2091 1880 2109 1913 ι
2174 1860 2445 1931 Quidquid
2499 1863 2587 1915 hic
2635 1862 2833 1916 [actium
2883 1868 3233 1926 memoratur,
3278 1866 3381 1920 hoc

133 1958 222 2020 τὸς
253 1956 391 2020 ἄξιον
417 1955 597 2023 λόγου.
623 1955 844 2026 Πρῶτον
875 1954 973 2023 μὲν
1004 1954 1112 2023 γὰρ
1140 1952 1240 2005 οὐκ
1266 1950 1604 2022 ἀνθρώπινον
1636 1951 1695 2003 τὸ

132 2049 437 2117 ἐμφυσῆσαι
480 2049 592 2109 τοῖς
624 2044 962 2106 ἀποστόλοις,
996 2044 1089 2095 καὶ
1129 2042 1310 2095 δοῦναι
1353 2041 1413 2094 τὸ
1447 2041 1690 2110 Πνεῦμα.

131 2134 263 2191 Εῐτα
294 2138 449 2209 μέγα,
485 2139 577 2191 καὶ¹
614 2137 752 2208 ὑπὲρ
784 2136 882 2206 τὴν
917 2136 1115 2196 κτίσιν,
1155 2132 1217 2186 τὸ
1253 2133 1510 2203 τοιαύτην
1540 2132 1692 2195 ἐξου-

129 2228 247 2280 σίαν
299 2230 619 2298 παρασχεῖν,
659 2227 799 2280 ὥστε
848 2227 1090 2297 κρατεῖν,
1127 2216 1202 2277 ὧν
1244 2222 1310 2277 ἂν
1338 2222 1560 2285 ἕλοιντο,
1595 2220 1693 2282 τὰς

126 2321 398 2393 ἁμαρτίας
421 2338 435 2353 ·
482 2321 702 2390 ἀφιέναι
739 2320 797 2373 δὲ
839 2320 935 2373 καὶ
968 2314 1048 2383 οἷς
1085 2318 1150 2372 ἂν
1186 2316 1457 2387 βούλοιντο
1502 2315 1686 2384 τυχόν,

123 2414 225 2465 Διὰ
272 2413 324 2466 τί
368 2413 424 2466 δὲ
469 2414 561 2465 καὶ
591 2413 678 2465 διὰ
710 2409 973 2482 σαρκικοῦ
1014 2412 1336 2481 φυσήματος
1377 2409 1437 2461 τὸ
1469 2408 1690 2476 Πνεῦμα

120 2506 373 2570 δίδωσιν;
405 2504 527 2557 Ὀτι
563 2504 637 2574 μὴ
670 2504 924 2573 ἀλλοτρία
951 2502 1045 2555 τοῦ
1076 2502 1249 2569 Λόγου
1282 2502 1500 2569 γέγονεν
1528 2497 1691 2551 αὐτοῦ

122 2598 157 2664 ή
205 2593 358 2664 σὰρξ,
393 2593 527 2646 ἀλλὰ
558 2593 737 2655 ίδικῶς
767 2592 955 2645 αὑτοῦ.
987 2592 1095 2645 Καὶ
1128 2590 1468 2661 ἀνθρώπινον
1507 2590 1604 2658 μὲν
1631 2588 1693 2639 τὸ

114 2686 206 2739 διὰ
255 2686 454 2754 σαρκὸς
494 2683 830 2755 ἐμφύσημα,
868 2683 1052 2752 θεῖκῆς
1080 2683 1137 2735 δὲ
1194 2681 1476 2749 δυνάμεως
1528 2679 1689 2748 ἔργον

113 2774 180 2827 τὸ
211 2775 469 2845 μετόχους
497 2772 771 2842 ἀποφῆναι
804 2772 898 2826 τοῦ
938 2771 1255 2841 Πνεύματος
1289 2771 1415 2832 τοὺς
1457 2768 1694 2838 ἠξιωμέ-

110 2882 261 2929 νους.

107 2959 388 3013 [lationem
449 2959 738 3012 humanam
804 2956 1003 3023 fuisse,

103 3068 249 3122 Opus
274 3052 566 3106 exstitisse.

337 3184 432 3237 Ἐκ
470 3183 575 3237 τοῦ
614 3182 762 3237 κατὰ
798 3182 1039 3239 Λουκᾶν
1078 3184 1467 3252 Euan-aliam

180 3320 451 3389 Ἀγγελος
482 3320 617 3373 Θεοῦ
665 3319 744 3390 τῷ
789 3320 1033 3390 Ζαχαρία
1064 3318 1197 3389 φησὶ
1226 3321 1352 3389 περὶ
1388 3318 1480 3371 τοῦ
1528 3320 1683 3385 ἁγίου

96 3412 420 3465 Βαπτιστοῦ
440 3426 455 3441 ⁸
492 3431 511 3463 ι
543 3413 651 3464 Καὶ
680 3411 830 3464 ἔσται
858 3412 1000 3483 χαρά
1046 3428 1127 3463 σοι
1187 3411 1280 3464 καλ⁵
1326 3412 1642 3479 ἀγαλλίασις
1666 3428 1680 3443 ο

91 3506 198 3560 καὶ
240 3504 426 3557 πολλοὶ
452 3505 543 3556 ἐπὶ
564 3508 631 3574 τῇ
657 3505 908 3574 γεννήσει
934 3503 1099 3556 αὑτοῦ
1129 3504 1268 3574 χαρή
1280 3505 1682 3555 σονται.Ἔσται

87 3599 213 3668 γὰρ
250 3596 427 3666 μέγας
458 3594 687 3647 ἐνώπιον
720 3594 946 3664 Κυρίου,
978 3592 1072 3647 καὶ
1102 3588 1243 3645 οἶνον
1278 3594 1372 3645 καὶ
1406 3594 1600 3662 σίκερα
1622 3594 1681 3644 οὐ

88 3688 179 3759 μὴ
223 3689 351 3759 πίῃ,
382 3685 474 3740 καὶ
524 3686 839 3756 Πνεύματος
884 3687 1039 3753 ἁγίου
1086 3684 1453 3757 πλησθήσεται
1495 3686 1571 3737 ἔτι
1618 3688 1682 3737 ἐκ

84 3778 315 3841 κοιλίας
347 3778 550 3849 μητρὸς
581 3778 768 3831 αὑτοῦ.
799 3779 909 3832 Καὶ
933 3778 1156 3840 πολλοὺς
1182 3779 1289 3831 τῶν
1309 3777 1440 3829 υἱῶν
1466 3777 1679 3847 Ἰσραὴλ

80 3869 425 3941 ἐπιστρέψει
458 3870 548 3921 ἐπὶ
580 3868 784 3938 Κύριον
828 3868 920 3921 τὸν
969 3868 1100 3921 Θεὸν
1130 3867 1327 3922 αὐτῶν.
1364 3888 1381 3919 ι
1405 3870 1460 3920 Ὀ
1498 3870 1678 3937 μακά-

79 3979 218 4035 ριος
258 3960 536 4031 Ἰωάννης,
565 3961 839 4032 ἐρομένων
869 3960 1033 4013 αὑτὸν
1063 3960 1173 4012 τῶν
1213 3961 1481 4014 Ἰουδαίων
1501 3975 1515 3989 ’
1552 3980 1569 4010 ι
1607 3960 1677 4011 Σὺ

78 4054 178 4116 τις
216 4048 301 4117 εἷς
334 4070 354 4103 ι
390 4051 554 4122 φησίν
573 4068 586 4082 '
624 4070 642 4101 ι
667 4050 806 4119 Ἐγὼ
838 4051 987 4120 φωνὴ
1017 4050 1247 4118 βοῶντος
1273 4052 1331 4102 ὲν
1359 4054 1425 4121 τῇ
1451 4052 1641 4121 ἐρήμῳ
1661 4066 1674 4080 ’

86 4146 477 4214 Ἑτοιμάσατε
512 4144 610 4215 τὴν
643 4144 761 4198 ὁδὸν
811 4142 903 4196 τοῦ
945 4143 1173 4213 Κυρίου,
1224 4143 1437 4207 εὐθείας
1474 4146 1677 4221 ποιεῖτε

78 4238 191 4300 τὰς
228 4237 459 4308 τρίϐους
493 4235 676 4289 αὑτοῦ.
710 4253 729 4285 ι
772 4234 1136 4305 Προφήτεύων
1163 4235 1217 4286 δὲ
1248 4234 1466 4297 amem
1497 4237 1676 4305 Ζαχα-

78 4331 219 4401 ρίας
272 4329 373 4380 ἐπὶ
418 4327 496 4398 τῷ
543 4327 657 4396 ίδίῳ
704 4327 878 4388 παιδὶ,
920 4326 1085 4396 φησί·
1121 4343 1140 4376 ι
1174 4326 1283 4379 Καὶ
1326 4328 1414 4390 σὺ,
1446 4327 1675 4390 παιδίον,

78 4420 397 4493 προφήτης
432 4418 685 4489 Ὑψίστου
721 4418 998 4489 κληθήσῃ·
1048 4420 1395 4489 προπορεύσῃ
1433 4418 1541 4488 γὰρ
1573 4418 1678 4488 πρὸ

78 4511 402 4584 προσώπου
431 4511 657 4580 Κυρίου,
682 4510 971 4579 ἑτοιμάσαι
999 4510 1151 4572 ὁδοὺς
1174 4508 1361 4575 αὑτοῦ,
1380 4509 1472 4560 τοῦ
1496 4509 1677 4562 δοῦναι

78 4605 307 4675 γνῶσιν
338 4602 615 4673 σωτηρίας
645 4602 723 4672 τῷ
746 4601 860 4671 λαῷ
891 4600 1152 4665 αὑτοῦ,ὲν
1182 4600 1371 4667 ἀφέσει
1397 4600 1679 4669 ἁμαρτιῶν

78 4696 301 4750 ιὺτῶν.
336 4714 356 4747 ι
409 4694 739 4764 Προεσάδιζε
788 4695 896 4762 γὰρ
944 4692 1039 4747 τοῦ
1078 4692 1336 4762 Χριστοῦ,
1369 4694 1463 4745 καὶ
1514 4694 1675 4745 αὑτοῦ

78 4787 294 4856 γέγονε
346 4785 676 4855 πρόδρομος,
704 4784 797 4837 καὶ
825 4782 973 4852 αὐτῷ
1000 4784 1098 4846 τὰς
1146 4784 1298 4845 ὀδοὺς
1349 4784 1677 4852 προετοιμά-

78 4877 290 4943 ζεσθαι
335 4876 683 4945 διεκήρυττε,
728 4875 823 4927 καὶ
872 4874 963 4927 τὸν
1007 4875 1095 4925 ἐπ’
1143 4874 1292 4943 αὐτῷ
1343 4877 1680 4945 προεφήτευε

78 4971 273 5037 λόγον,
304 4967 658 5036 ἐπιστρέφων
689 4966 762 5029 ὡς
804 4967 895 5019 ἐπὶ
935 4964 1054 5035 Θεῷ
1099 4964 1339 5018 δικαιοῦν
1382 4966 1616 5035 ίσχύοντι
1640 4975 1679 5004 ιιι

78 5064 209 5125 τοὺς
236 5064 306 5113 ὲν
344 5058 664 5131 ἁμαρτίαις.
698 5053 851 5123 Εἶτα,
889 5058 1004 5119 πῶς
1037 5058 1097 5109 οὐ
1125 5058 1255 5121 Θεὸς
1285 5060 1312 5110 ὁ
1343 5059 1607 5128 Χριστὸ;;

146 5255 168 5286 ι
209 5223 402 5293 Οὗτος
434 5231 585 5285 ἔσται
620 5233 815 5302 μέγας,
849 5232 941 5285 καὶ
975 5232 1085 5293 υίὸς
1120 5232 1372 5300 Ὑψίστου
1416 5233 1679 5304 κληθήσε-

89 5346 158 5380 1:.
178 5344 194 5357 ο
241 5325 353 5377 καὶ
377 5324 536 5376 δώσει
562 5323 711 5392 αὐτῷ
734 5323 934 5393 Κύριος
965 5325 992 5373 ὁ
1015 5322 1145 5385 Θεὸς
1176 5324 1268 5375 τὸν
1305 5322 1492 5394 θρόνον
1518 5325 1679 5379 Δαυῒδ

1803 1962 1974 2007 totum
2027 1954 2295 2020 divinum,
2327 1968 2631 2024 magnaque
2681 1956 3122 2009 consideratione
3159 1956 3381 2024 dignum

1800 2055 1900 2099 est.
1935 2044 2115 2098 Primo
2142 2061 2372 2114 namque
2411 2063 2517 2099 non
2553 2055 2676 2099 erat
2703 2046 2951 2099 humanae
2983 2054 3191 2099 natura;
3218 2061 3376 2115 opus.

1802 2148 1897 2202 per
1919 2134 2345 2190 exsufﬂationem
2380 2135 2654 2203 apostolis'
2682 2136 2944 2204 Spiritum
2999 2148 3244 2191 sanctum
3296 2140 3379 2191 in—

1801 2225 2044 2280 fundere.
2083 2225 2288 2279 Deinde
2325 2228 2501 2297 majus
2531 2227 2810 2297 quiddam,
2838 2228 3233 2295 sublimiusque
3264 2241 3373 2292 est.

1801 2331 1960 2385 quam
1984 2318 2125 2384 quod
2160 2319 2210 2369 in
2241 2329 2545 2371 creaturam
2580 2321 2756 2380 cadat.
2788 2326 2990 2371 tantam
3018 2319 3122 2372 illis
3140 2328 3379 2388 potesta.

1802 2418 1906 2461 tem
1974 2408 2264 2476 impertiri,
2323 2410 2434 2479 87
2492 2419 2548 2463 nt
2604 2425 2833 2477 quorum
2890 2412 3095 2464 vellent
3158 2421 3383 2480 peccata

1798 2501 2054 2565 retinere,
2091 2512 2144 2552 et
2178 2517 2408 2569 quorum
2450 2517 2637 2555 rursus
2673 2504 2845 2554 visum
2897 2512 3044 2556 esset
3102 2502 3377 2562 relaxm'e.

1796 2602 2037 2658 possent.
2093 2592 2162 2644 At
2213 2609 2309 2645 cur
2358 2608 2622 2661 corporeo
2671 2593 2797 2646 ﬂatu
2852 2594 3062 2662 impetit
3115 2592 3376 2662 Spiritum

1793 2681 2080 2734 sanetum?
2114 2682 2235 2738 ideo
2295 2684 2577 2745 nimirum,
2617 2692 2675 2735 ut
2734 2700 2952 2738 carnem
2986 2702 3014 2735 ει
3053 2685 3227 2738 Verbo
3270 2700 3376 2738 non

1793 2772 2160 2835 alienam,sed
2193 2774 2463 2841 propriam
2491 2774 2630 2827 illius
2650 2774 2931 2831 exstitisse
2981 2776 3374 2845 intelligamus.

1790 2860 1941 2915 Adde
1966 2872 2246 2916 externam
2278 2863 2423 2915 illam
2450 2879 2543 2931 per
2565 2865 2749 2919 carnis
2781 2865 3142 2919 ministerium
3169 2868 3361 2921 exsuf-

1082 2955 1176 3010 sed
1248 2955 1484 3025 Spiritus
1538 2952 1715 3008 sancti
1754 2954 2050 3023 participes
2098 2954 2411 3022 dignatione
2464 2971 2559 3008 sua
2636 2954 3101 3019 ellicere,divin:e
3156 2958 3373 3012 virtutis

2108 3188 2193 3242 Ex
2212 3188 2496 3259 Evangelia
2520 3190 2807 3243 secundum
2835 3186 3055 3244 Lucam.

1864 3325 2098 3391 Angelus
2131 3324 2223 3381 Dei
2274 3325 2553 3379 Zachariae
2607 3327 2673 3379 de
2726 3334 2916 3381 sancto
2966 3323 3207 3393 Baptista
3256 3323 3375 3379 haec

1790 3420 2044 3485 exponit:
2080 3435 2098 3466 ι
2155 3416 2219 3469 Et
2258 3418 2364 3469 erit
2417 3417 2674 3485 gaudium
2728 3416 2825 3469 tibi
2867 3425 2923 3470 et
2974 3416 3284 3476 exsultatio,
3324 3426 3375 3469 et

1794 3507 1941 3559 mulli
1977 3509 2026 3559 in
2081 3507 2361 3560 nativitale
2409 3509 2522 3574 ejus
2562 3508 2891 3575 gaudebunt.
2927 3504 3044 3559 Erit
3076 3508 3219 3559 enim
3255 3518 3374 3559 ma-

1787 3616 1923 3668 gnus
1962 3614 2141 3653 coram
2168 3598 2421 3658 Domino.
2457 3610 2507 3652 et
2528 3600 2709 3653 vinum
2734 3608 2785 3654 ct
2808 3599 3039 3653 siceram
3065 3613 3170 3652 non
3200 3596 3369 3661 bibet,

1786 3706 1839 3747 et
1865 3692 2070 3763 Spiritu
2094 3692 2284 3747 sancto
2338 3692 2632 3761 replebitur
2666 3694 2845 3746 adhuc
2882 3706 2948 3745 ex
2983 3700 3143 3744 utero
3182 3691 3371 3742 matris

1786 3800 1928 3839 sure:
1961 3794 2015 3838 et
2045 3785 2239 3838 multos
2275 3784 2507 3837 filiorum
2539 3782 2705 3837 Israel
2740 3792 3022 3837 convertet
3065 3783 3131 3837 ad
3184 3781 3367 3835 Domi-

1790 3893 1917 3930 num
1956 3874 2122 3929 Demn
2158 3877 2395 3943 ipsorum
2428 3874 2500 3927 ".
2538 3894 2555 3926 ι
2600 3875 2838 3927 Rursum
2903 3888 3028 3929 cum
3086 3872 3257 3929 Judaei
3301 3891 3368 3929 et

1786 3968 1901 4035 ipso
1934 3968 2121 4021 eodem
2169 3966 2378 4021 Joanne
2428 3967 2847 4022 sciscitarentur
2884 3987 2898 4023 :
2938 3985 2956 4018 ι
2996 3967 3075 4021 Tu
3120 3969 3243 4035 quis
3275 3968 3374 4023 es?

1787 4059 2081 4125 Respondit
2113 4061 2200 4113 ille
2230 4077 2242 4113 :
2272 4060 2380 4128 Ego
2414 4074 2514 4112 vox
2557 4060 2846 4113 clamantis
2880 4060 2932 4113 in
2980 4060 3227 4123 deserto,
3271 4058 3369 4111 Pa-

1786 4159 1899 4202 rnte
1922 4150 2062 4201 viam
2106 4148 2337 4212 Domini,
2381 4161 2555 4200 rectas
2610 4148 2770 4203 facile
2824 4149 3049 4206 semitas
3092 4148 3295 4217 ejus".
3347 4167 3367 4199 ι

1786 4240 2026 4295 Tandem
2064 4240 2295 4305 ipsemet
2328 4238 2622 4293 Zacharias
2678 4241 2745 4293 de
2789 4238 3009 4309 proprio
3042 4238 3152 4292 lilio
3180 4239 3370 4292 Vatici-

1783 4346 1941 4394 nans,
1981 4332 2049 4383 ita
2088 4331 2271 4384 fatur:
2308 4347 2324 4379 ι
2363 4328 2430 4384 Ει
2460 4341 2540 4395 ιιι,
2600 4346 2755 4401 puer,
2799 4331 3061 4399 propheta
3096 4329 3366 4386 Διηεείιηί

1780 4423 2061 4476 vocaberis
2095 4423 2353 4490 :prxibis
2398 4422 2541 4477 enim
2606 4433 2731 4477 ante
2784 4422 2977 4478 {aciem
3020 4422 3229 4477 Domini
3266 4440 3365 4494 pa-

1718 4546 1758 4601 ο
1791 4514 2042 4567 γειτονίας
2069 4513 2189 4580 ejus
2223 4530 2237 4566 :
2268 4516 2334 4567 ad
2387 4515 2620 4568 dandam
2672 4513 2959 4567 scientiam
2996 4514 3190 4568 salutis
3227 4513 3367 4584 plebi

1787 4602 1902 4669 ejus
1957 4602 2009 4655 in
2064 4602 2836 4670 remissionempeccatorum
2894 4616 3084 4657 eorum
3106 4603 3172 4658 “.
3210 4622 3228 4655 ι
3276 4604 3369 4658 Ille

1788 4706 2021 4759 namque
2048 4691 2323 4745 Christum
2354 4694 2617 4757 anteibat,
2640 4690 2993 4761 ejusdemque
3027 4690 3204 4747 laetus
3231 4707 3369 4763 prec-

1787 4798 1998 4847 cursor,
2048 4793 2106 4836 ut
2157 4784 2297 4837 viam
2357 4784 2431 4837 illi
2476 4793 2868 4854 pra‘pararent,
2902 4784 3279 4851 annuntiabat,
3313 4795 3370 4839 et

1786 4874 2164 4943 propheticum
2205 4873 2484 4929 oraculum
2527 4878 2592 4928 de
2640 4875 2731 4929 illo
2790 4878 2982 4938 edens,
3009 4875 3076 4928 ad
3131 4888 3279 4940 eum,
3310 4885 3371 4930 ut

1786 4963 2207 5036 quijustilicare
2258 4973 2436 5034 potest
2475 4965 2713 5033 peccatis
2736 4962 3007 5019 obnoxios
3069 4964 3145 5017 uti
3196 4963 3365 5030 Deus,

1786 5056 2159 5114 convertebat.
2197 5055 2260 5109 Et
2308 5056 2484 5110 adhuc
2538 5056 2869 5117 dubitamus,
2924 5052 3162 5109 fueritne
3222 5054 3371 5109 Deus

1784 5144 2071 5199 Christus?

1864 5255 1881 5287 ι
1911 5236 2009 5290 Hie
2042 5237 2148 5291 crit
2191 5253 2441 5307 magnus,
2474 5249 2525 5293 et
2554 5236 2720 5293 Filius
2747 5237 3008 5293 Altissiml
3039 5237 3322 5294 vocabitur
3350 5257 3365 5292 :

1784 5338 1838 5382 et
1863 5328 2008 5381 dabit
2044 5328 2093 5382 ei
2129 5327 2386 5386 Dominus
2420 5329 2561 5386 Deus
2621 5331 2805 5385 sedem
2836 5327 3006 5383 David
3041 5329 3208 5399 patris
3229 5330 3365 5401 ejus,

139 5481 191 5512 "
228 5481 275 5534 ll
311 5483 444 5533 Cor.
479 5495 528 5543 ν,
569 5483 652 5535 lli.
729 5479 952 5535 "Joan.
991 5494 1080 5540 xx,
1109 5478 1196 5533 2‘2.
1271 5478 1318 5509 "
1361 5476 1487 5533 Luc.
1530 5496 1582 5546 ι,
1626 5482 1685 5535 ιι

1798 5522 1810 5535 .
1888 5484 1929 5515 ³⁷
1967 5482 2123 5539 Joan.
2154 5502 2191 5551 I,
2232 5486 2320 5542 l9.
2394 5490 2440 5521 "
2476 5488 2603 5545 Luc.
2645 5506 2682 5553 ι,
2710 5486 2795 5541 76.

1175 5634 1346 5690 Varia:
1377 5634 1636 5691 lectiones
1665 5638 1867 5696 codicis
1892 5641 2248 5712 Seguieriani.

139 5771 154 5821 ἡ
218 5769 514 5844 ἐτελέσθη.
597 5772 620 5811 II
656 5771 890 5841 τρόπων.
972 5769 1309 5841 ιὰερέωκται.
1389 5783 1427 5811 ω
1462 5773 1590 5827 Θεδν
1622 5774 1860 5831 δικαιοῦν
1888 5776 2137 5847 Eax-firma.
