4040 6436
638 348 778 406 ,27⁵
1635 335 1692 387 S.
1729 332 2004 387 CYRlLLl
2034 333 2216 386 ALEX

2324 333 2509 388 DlllNl
2553 331 2874 388 ARCHIEP.
3748 323 3880 373 1276

638 477 691 522 et
718 456 960 530 regnabit
987 453 1038 506 in
1071 451 1228 505 donto
1255 450 1421 506 Jacob
1443 450 1492 504 itt
1511 458 1796 512 mlcrnum,
1831 457 1886 502 et
1910 448 2057 518 regni
2079 449 2196 516 ejus

2322 450 2389 502 λοῦ
2437 451 2647 520 Πατρὸς
2698 447 2900 502 αὑτοῦ·
2948 445 3041 497 καὶ
3091 442 3402 513 βασιλεύσει
3453 438 3551 492 ἐπὶ
3597 437 3696 489 τὸν
3749 433 3890 487 οἷκον

636 570 742 610 non
778 525 878 604 erit
905 544 1026 598 linis
1055 543 1120 596 ".
1160 561 1177 592 ι
1227 541 1473 609 Nunquid
1509 538 1746 592 hominis
1779 539 1950 592 nostri
1997 538 2193 592 similis

2322 539 2506 593 Ἰακὼὸ
2535 544 2616 603 εἰς
2646 540 2770 601 τοὺς
2799 537 3021 599 αἰῶνας,
3048 535 3260 604 καὶτῆς
3289 530 3574 604 βασιλείας
3597 525 3774 580 αὐτοῦ
3799 527 3890 578 οὐκ

638 638 860 706 imperio
895 644 1150 702 perpetuo
1207 631 1340 683 citra
1377 629 1537 681 ullam
1591 627 2041 695 interruptionem
2074 643 2196 694 pre-

2322 634 2452 686 ζσται
2506 632 2676 694 τέλος.
2714 650 2732 680 ι
2780 625 2904 697 Ἆρ’
2947 621 3041 679 οὖν
3105 627 3192 694 ἐφ’
3231 627 3357 681 svi.“
3406 623 3516 677 τῶν
3571 620 3701 674 καθ’
3749 621 3890 688 ἡμᾶς

639 724 971 783 nteuutrian
1027 720 1332 788 imperatori
1393 717 1569 782 potius
1624 716 1735 771 Deo
1795 718 1847 769 in
1891 717 2107 771 Christo
2147 727 2202 770 et

2322 723 2620 793 ιεισόμεθα,
2642 717 3050 791 βασιλευόμενοι
3069 717 3334 785 διηνεκῶς
3352 715 3446 768 καὶ
3464 711 3889 781 ἀκαταλήκτω;;

638 833 734 886 ρει·
785 811 1054 866 Christum
1117 809 1314 862 subditi
1367 807 1593 869 erimus,
1629 822 1734 860 non
1772 813 2101 873 assumptum
2135 807 2200 860 ad

2322 814 2334 884 ᾗ
2371 814 2474 866 ὑπὸ
2515 812 2632 882 Θεῷ
2682 809 2880 881 μᾶλλον
2924 806 3162 875 ἐσόμεθα
3187 804 3523 874 βασιλεύοντι
3555 800 3725 873 ἡμῶν
3759 800 3879 869 τὴν·

639 908 740 960 hoc
795 911 1047 969 tanquam
1093 907 1414 952 extraneum
1475 897 1783 967 quempiam
1825 896 2200 962 mediatorem,

2322 923 2360 956 ιν
2408 901 2651 973 Χριστῷ,
2691 899 2783 952 καὶ
2831 898 2929 968 οὐχ
2976 896 3052 958 ὡς
3088 894 3288 960 ἔξωθεν
3335 896 3560 963 μεσίτου
3617 894 3772 955 τινὸς
3823 894 3893 953 είς

640 995 732 1049 εει]
767 1006 951 1045 verum
1003 988 1218 1053 Filium,
1251 1002 1346 1056 per
1375 1004 1537 1057 quem
1568 997 1621 1040 et
1647 989 1696 1040 in
1726 1003 1832 1054 quo
1864 987 2002 1040 Deus
2041 986 2203 1042 Pater

2322 989 2461 1042 τοῦτο
2503 987 2971 1060 παραληφθέντος,
2998 984 3113 1040 ἀλλ’
3145 984 3221 1046 ὡς
3263 983 3332 1037 δι’
3363 983 3496 1036 Υίοῦ
3546 984 3645 1036 καὶ
3678 985 3742 1034 ὲν
3787 981 3893 1048 Titi.

640 1087 692 1139 in
716 1083 895 1136 omnia
928 1094 1150 1147 regnum
1200 1079 1626 1144 oblinet?Quod
1665 1078 1709 1131 si
1753 1077 1826 1131 ita
1882 1091 1968 1131 res
2019 1078 2203 1144 habet,

2322 1080 2772 1152 ιατακρατοῦντος
2805 1077 2913 1132 τῶν
2940 1076 3075 1131 ὅλων
3117 1074 3213 1128 τοῦ
3256 1073 3393 1127 Θεοῦ
3422 1075 3517 1128 κα)⁸
3548 1075 3775 1145 Πατρός
3797 1092 3816 1138 ',
3841 1074 3892 1124 El

647 1175 788 1228 Deus
817 1183 947 1237 ergo
975 1176 1059 1220 est
1090 1166 1358 1221 Christus.

2322 1173 2359 1224 ῑὲ
2382 1171 2543 1225 τοῦτο
2567 1171 2783 1241 ἀληθὲς,
2814 1169 2945 1230 Θεὸς
2973 1168 3081 1238 ἄρα
3111 1168 3139 1219 6
3165 1165 3417 1236 Χριστός.

718 1281 736 1313 ι
776 1260 914 1313 Dixit
960 1269 1136 1310 autem
1174 1257 1338 1310 Maria
1369 1257 1434 1310 ad
1474 1255 1757 1324 angelum;
1793 1258 1906 1328 88
1932 1257 2207 1324 Quomodo

644 1351 734 1405 ﬁet
760 1347 921 1407 istud,
942 1345 1195 1412 queniam
1231 1345 1404 1398 virum
1433 1361 1537 1398 non
1573 1349 1875 1414 cognosco?
1903 1347 1965 1401 Et
1990 1360 2208 1412 respon-

643 1442 774 1492 dens
810 1435 1030 1503 angelus
1077 1435 1213 1487 dixit
1247 1434 1324 1488 illi
1360 1454 1372 1489 :
1407 1435 1641 1504 Spiritus
1690 1448 1910 1491 sanctus
1953 1451 2208 1504 superve-

643 1528 756 1582 niet
811 1526 863 1577 in
925 1535 1078 1584 te.et
1135 1527 1306 1578 virtus
1363 1526 1624 1580 Altissimi
1681 1529 2024 1581 obumhrabit
2067 1527 2205 1580 tibi:

648 1617 871 1684 ideoque
897 1627 950 1667 et
976 1617 1119 1681 quod
1155 1622 1404 1668 nascetur
1455 1630 1519 1669 ex
1554 1627 1605 1670 te
1635 1625 1906 1679 sanctum,
1931 1615 2212 1670 vocabitur

650 1705 815 1760 Filius
843 1703 931 1756 Dei
970 1705 1036 1755 ³ο.
1075 1722 1094 1754 ι
1134 1704 1385 1773 Nunquid
1425 1705 1490 1772 is,
1520 1707 1610 1774 qui
1669 1723 1866 1760 arcana
1918 1708 2210 1774 inexplica-

2383 1279 2404 1312 ο
2436 1257 2568 1314 Eine
2609 1261 2667 1314 δὲ
2712 1257 2948 1326 Μαριὰμ
2989 1256 3128 1326 πρὸς
3153 1255 3244 1307 τὸν
3273 1253 3502 1322 ἄγγελον
3523 1269 3538 1283 °
3582 1253 3713 1314 Πῶς
3747 1252 3896 1303 ἔσται

2312 1367 2402 1420 μοι
2426 1349 2602 1415 τοῦτο,
2635 1349 2759 1401 ἐπεὶ⁸
2799 1346 2969 1418 ἄνδρα
3002 1346 3063 1398 οὐ
3096 1343 3379 1413 γινιὺσκως
3421 1343 3536 1396 Καὶ
3565 1341 3896 1410 ἀποκριθεὶς

2309 1446 2338 1496 6
2381 1445 2610 1513 ἄγγελος
2662 1438 2817 1495 εἶπεν
2866 1442 3038 1510 αύτῇ’
3069 1438 3296 1509 Πνεῦμα
3342 1437 3497 1504 ἅγιον
3531 1434 3898 1487 ἐπελεύσεται

2311 1535 2403 1588 ἐπὶ
2433 1535 2512 1598 σὲ,
2544 1533 2638 1587 καὶ
2659 1532 2890 1602 δύναμις
2920 1530 3176 1600 Ὑψίστου
3201 1527 3516 1582 ἐπισκιάσει
3544 1543 3632 1578 σοι
3657 1540 3670 1553 '
3701 1522 3791 1576 διὸ
3816 1523 3900 1575 καὶ

2311 1624 2372 1677 τὸ
2406 1623 2740 1694 γεννώμενον
2775 1622 2950 1689 ἆγιον,
2982 1620 3316 1691 κληθήσεται
3341 1618 3468 1680 Υἱὸς
3511 1615 3680 1670 Θεοῦ.
3715 1634 3735 1666 ι
3767 1611 3900 1683 'Ap‘

2312 1710 2405 1766 οὖν
2438 1712 2696 1781 κέκληται
2726 1709 2886 1780 μόνον
2923 1708 3068 1770 Υἱὸς,
3099 1710 3126 1760 ὀ
3178 1709 3242 1758 ὲκ
3285 1705 3385 1773 τῆς
3415 1704 3578 1772 ἀγίας
3615 1704 3900 1773 Παρθένου

651 1797 851 1863 bilique
895 1795 1132 1863 Spiritus
1153 1795 1325 1850 sancti
1360 1797 1674 1866 operatione
1703 1813 1768 1851 ex
1799 1814 1958 1852 sacra
1984 1797 2208 1867 Virgine

2322 1805 2402 1858 διὰ
2432 1803 2526 1856 τοῦ
2553 1801 2868 1870 ῐΙνεύματος
2911 1800 3241 1869 ἀπορῤήτως
3267 1795 3700 1865 γεγεννημένος,
3738 1795 3901 1863 ἤγουν

650 1889 911 1942 formatus
936 1895 989 1941 et
1025 1895 1181 1940 natus
1220 1897 1323 1950 est,
1359 1888 1471 1940 sola
1494 1887 1852 1956 appellatione
1879 1887 2022 1940 illius
2055 1889 2211 1942 erat!

647 1995 715 2033 an
747 1992 907 2030 verus
943 1977 1124 2045 potius
1181 1976 1551 2046 naturalisqne
1599 1975 1690 2031 Dei
1744 1976 1936 2041 Filius,
1962 1989 2016 2030 ct
2066 1978 2208 2033 Deus

647 2069 885 2124 creditus
912 2079 994 2124 est
1017 2068 1039 2121 ?
1061 2068 1167 2122 Sed
1212 2069 1313 2124 hoc
1334 2069 1517 2136 procul
1546 2067 1710 2122 dubio
1737 2084 1919 2122 verum
1941 2079 2042 2123 est.
2078 2071 2210 2124 Ver-

647 2160 770 2213 bum
814 2159 1038 2226 proinde
1092 2158 1390 2212 secundum
1446 2157 1763 2225 hypostasin
1811 2172 1939 2211 caro
1983 2157 2204 2222 factum,

648 2253 748 2304 hoc
801 2258 904 2314 est,
927 2263 1145 2302 carnem
1194 2263 1290 2317 per
1336 2248 1598 2316 Spiritum
1637 2257 1882 2301 sanctum
1937 2263 2005 2301 ex
2053 2263 2207 2302 sacra

647 2340 866 2406 Virgine
892 2339 1214 2406 sumpsisse,
1243 2352 1471 2405 eamque
1506 2339 1778 2406 propriam
1834 2339 1936 2393 sibi
1990 2340 2202 2402 fecisse,

647 2432 990 2502 intelligatur.
1029 2430 1138 2485 Hac
1173 2444 1405 2498 namque
1435 2429 1644 2483 ratione
1679 2430 1823 2499 quod
1858 2445 2019 2484 verus
2069 2429 2209 2483 Deus

648 2522 738 2584 sit,
775 2518 1227 2587 deprehendetur.

721 2630 740 2662 ι
781 2611 845 2664 Et
878 2610 1071 2663 tactum
1121 2617 1226 2669 est,
1257 2607 1550 2662 utautlirit
1605 2608 1984 2662 salutationem
2029 2607 2212 2661 Maria:

649 2701 945 2760 Elisabeth.
965 2698 1444 2753 exsultavitinl‘ans
1479 2699 1531 2750 itt
1558 2709 1711 2751 utero
1742 2699 1896 2767 ejus;
1925 2709 1979 2751 et
2009 2699 2207 2764 repleta

648 2804 733 2847 est
766 2791 966 2861 Spiritu
1019 2799 1204 2844 sancto
1260 2788 1559 2852 Elisabctb,
1595 2796 1648 2842 cl
1703 2788 2028 2842 ext-laniavit
2083 2805 2211 2843 voce

649 2897 859 2951 tnagua,
895 2891 950 2936 et
1003 2881 1177 2934 dixit:
1205 2879 1494 2934 Benedicta
1556 2890 1609 2932 tu
1653 2881 1792 2934 inter
1847 2879 2121 2945 mulieres,
2159 2888 2212 2932 et

649 2970 960 3027 benedictus
993 2971 1196 3025 fructus
1247 2972 1453 3024 ventris
1489 2970 1588 3026 tui.
1624 2969 1689 3024 Et
1742 2973 1882 3023 unde
1931 2971 2032 3024 hoc
2057 2971 2207 3034 mihi,

651 3076 707 3117 ut
735 3064 914 3118 veniat
969 3073 1146 3117 mater
1190 3063 1399 3117 Domini
1440 3065 1540 3116 mci
1574 3065 1638 3116 ad
1699 3080 1782 3118 me
1810 3065 1902 3117 “?
1940 3083 1958 3115 ι
1998 3064 2210 3119 lnterna

650 3155 743 3209 Dei
770 3157 984 3222 energia
1009 3164 1064 3208 et
1094 3155 1168 3216 vi,
1191 3154 1489 3221 protiltetiae
1517 3155 1710 3207 donum
1741 3155 2023 3223 obtingere
2053 3156 2212 3208 alicui

650 3255 853 3318 potest;
887 3263 1066 3311 secus,
1119 3261 1480 3314 nequaquam.
1538 3247 1669 3300 Cum
1748 3249 1911 3315 igitur
1963 3247 2217 3301 salutatio

649 3351 817 3390 sacrae
851 3333 1085 3399 Virginis
1131 3334 1312 3388 Maria:
1366 3332 1547 3387 Jesum
1603 3349 1700 3402 per
1747 3335 1796 3388 id
1856 3340 2112 3403 temporis
2167 3338 2216 3389 in

653 3439 806 3482 utero
837 3428 1011 3480 adhuc
1030 3426 1312 3495 gestantis.
1341 3423 1603 3480 Joannem
1627 3427 1887 3480 maternis
1918 3427 2220 3482 visceribus

655 3523 830 3576 adhuc
877 3521 1144 3576 inclusum
1199 3522 1263 3573 ad
1322 3521 1659 3589 prophetiam
1711 3523 2060 3587 promoverit,
2090 3538 2224 3590 quo-

656 3614 812 3666 modo
861 3612 1111 3666 Christus
1167 3627 1272 3665 non
1324 3622 1406 3664 est
1448 3611 1610 3672 Deus,
1641 3613 1730 3679 qui
1779 3613 1918 3664 intra
1971 3613 2221 3680 virginea

655 3707 884 3758 claustra
916 3704 1210 3754 etiamnum
1255 3702 1493 3762 latitans.
1517 3703 1694 3755 divina
1747 3705 1793 3754 vi
1823 3705 1887 3754 ad
1925 3705 2223 3772 prophetiae

654 3795 880 3862 gratiam
911 3791 1205 3860 Baptistam
1265 3793 1484 3845 evexit?

730 3906 748 3936 ι
779 3884 930 3938 Νιιιιε
965 3883 1198 3937 dimittis
1245 3899 1461 3937 servum
1511 3893 1682 3944 tuum,
1731 3883 1976 3946 Domine,
2027 3899 2224 3937 secun-

655 3981 780 4031 dum
821 3976 1040 4030 verbum
1100 3986 1272 4037 tuum,
1310 3975 1361 4028 in
1407 3990 1558 4042 pace.
1613 3974 1748 4041 Quia
1803 3976 2056 4029 viderunt
2086 3975 2222 4029 oculi

657 4067 757 4121 mei
791 4063 1043 4119 Salutare
1073 4074 1242 4118 tuum.
1271 4065 1424 4130 Quod
1453 4067 1653 4134 parasti
1705 4074 1830 4119 ante
1869 4065 2062 4119 faciem
2102 4081 2222 4120 om-

658 4160 801 4211 nium
841 4156 1180 4225 pepulorum.
1215 4153 1420 4208 Lumen
1454 4155 1518 4207 ad
1555 4156 1935 4210 revelationem
1964 4157 2225 4224 gentium,

657 4259 711 4302 et
757 4246 986 4318 gloriam
1043 4245 1212 4313 plebis
1268 4254 1371 4297 tua:
1416 4243 1581 4299 Israel
1614 4246 1680 4300 ³⁸.
1713 4264 1732 4297 ι
1785 4246 2002 4299 Simeou
2045 4247 2228 4300 .lesum

659 4342 798 4394 inter
822 4339 974 4391 ulnas
1003 4336 1337 4404 complexus,
1372 4333 1629 4401 ejusmodi
1679 4335 1744 4388 de
1779 4337 1895 4402 ipso
1928 4335 2101 4402 elogia
2137 4337 2229 4388 de-

2319 1892 2667 1962 ὲκτισμὲνοςς
2705 1890 2736 1959 ἢ
2783 1890 2945 1957 φύσει
2977 1906 3035 1940 τε
3067 1889 3161 1940 καὶ⁵
3195 1886 3412 1956 ἀληθῶς
3439 1884 3571 1947 Υἱὸς
3618 1880 3769 1936 εἶναι

2318 1986 2602 2037 πίστευται
2634 2019 2650 2044 ,
2703 1982 2797 2034 καὶ
2850 1981 3018 2045 Θεός;
3094 1979 3236 2032 Ἀλλ’
3282 1978 3397 2031 ἔστι
3452 1977 3620 2031 τοῦτο
3678 1977 3903 2046 ἀληθές.

2315 2073 2559 2128 Νοείσθω
2604 2072 2670 2143 δὴ
2721 2067 2814 2124 οὗν
2869 2069 3006 2141 σὰρξ
3051 2069 3174 2123 καθ’
3223 2069 3522 2122 ὑπόστασιν
3579 2067 3838 2135 γεγονὼς
3880 2074 3905 2121 6

2317 2163 2822 2232 Λόγος,οτουτέστιν
2871 2162 3004 2214 ίδίαν
3049 2162 3419 2230 ποιησάμενος
3467 2160 3656 2229 σάρκα
3689 2159 3794 2229 τὴν
3823 2159 3904 2210 διὰ

2318 2257 2634 2325 Πνεύματος
2663 2257 2725 2309 ὲκ
2755 2255 2854 2326 τῆς
2888 2254 3048 2323 ἁγίας
3079 2253 3356 2324 Παρθένου
3375 2269 3387 2284 ·
3423 2251 3571 2306 οὕτω
3598 2251 3716 2322 γάρ
3757 2251 3905 2303 ἔσται

2316 2349 2408 2402 καὶ
2438 2347 2569 2410 Θεὸς
2596 2347 2834 2417 ἀληθῶς.

2395 2631 2412 2663 ι
2443 2613 2552 2665 Καὶ
2578 2611 2816 2678 ἐγένετο,
2853 2609 2928 2672 ὠς
2957 2610 3161 2679 ἢκουσε
3189 2609 3279 2662 τὸν
3321 2609 3623 2678 ἀσπασμὸν
3655 2609 3760 2677 τῆς
3790 2609 3905 2662 MJ—

2320 2699 2440 2770 ρίας
2471 2703 2504 2770 ἡ
2541 2700 2842 2761 Ἑλισάεετ,
2867 2700 3155 2771 ἐσκίρτησε
3185 2700 3246 2752 τὸ
3279 2699 3479 2769 βρέφος
3525 2701 3586 2753 ὲν
3617 2703 3690 2770 τῇ
3732 2699 3906 2767 κοιλίᾳ

2319 2793 2510 2863 αὐτῆς·
2552 2792 2644 2845 καὶ
2679 2790 2921 2862 ἐπλήσθη
2963 2792 3278 2862 Πνεύματος
3306 2791 3466 2858 ἁγίου
3517 2793 3552 2861 ή
3601 2793 3906 2856 Ἐλισάὁετ,

2321 2887 2415 2940 καὶ
2446 2884 2760 2952 ἀνεφώνησε
2820 2887 2970 2954 φωνῇ
3022 2882 3257 2955 μεγάλῃ,
3294 2883 3388 2936 καὶ
3430 2877 3631 2936 εἶπεν
3672 2885 3909 2952 Εὐλογηο

2328 2979 2460 3048 μένη
2507 2978 2570 3028 σὺ
2615 2976 2672 3026 ἐν
2704 2975 2942 3040 γυναιξὶ,
2973 2975 3066 3026 καὶ
3093 2974 3458 3042 εὐλογημένος
3496 2975 3526 3025 ὁ
3561 2975 3785 3045 καρπὸς
3818 2973 3909 3040 τῆς

2325 3067 2528 3129 κοιλίας
2557 3066 2806 3118 σου.’Καί
2845 3065 3010 3118 πόθεν
3043 3083 3135 3133 μοι
3170 3065 3343 3128 τοῦτο,
3376 3067 3464 3116 ἵνα
3494 3066 3635 3138 ἔλθῃ
3665 3069 3706 3137 ἡ
3732 3069 3908 3136 μήτηρ

2275 3163 2285 3177 ⁸
2321 3157 2414 3210 τοῦ
2483 3156 2688 3225 Κυρίου
2755 3173 2856 3223 μου
2907 3155 3041 3226 πρός
3070 3172 3170 3224 με;
3209 3175 3226 3206 ι
3267 3155 3716 3226 Ἐνεργήσαντος
3781 3156 3909 3209 Θεοῦ

2323 3246 2655 3316 προφητείας
2687 3245 2868 3314 χάριν,
2900 3244 3054 3297 ἔσται
3083 3262 3168 3308 τις
3195 3247 3481 3316 προφήτης
3505 3263 3520 3276 ⁸
3561 3247 3694 3300 καθ’
3728 3247 3914 3316 ἕτερον

2320 3338 2378 3388 δὲ
2392 3336 2612 3406 τρόπον,
2641 3332 3232 3404 ούδαμώς.”οτετοίνυν
3258 3339 3285 3389 6
3302 3338 3602 3408 ἀσπασμὸς
3628 3340 3736 3407 τῆς
3757 3339 3912 3406 ἁγίας

2323 3427 2595 3497 Παρθένου
2655 3426 2873 3497 Μαρίας
2927 3427 3300 3497 κυοφορούσης
3354 3428 3435 3480 ἔτι
3505 3429 3604 3481 τὸν
3665 3429 3916 3500 Ἰησοῦν,

2323 3519 2611 3588 κεκίνηκεν
2663 3519 2721 3570 ὲν
2770 3520 2952 3589 μήτρᾳ
2999 3520 3091 3572 τὸν
3125 3521 3381 3590 Ἰωάννην
3429 3522 3510 3583 εἰς
3543 3524 3912 3592 προφητείαν,

2325 3609 2440 3672 πῶς
2484 3610 2544 3662 ού
2589 3609 2719 3671 Θεὸς
2762 3612 2789 3662 6
2835 3611 3090 3680 Χριστὸς,
3124 3611 3218 3664 καὶ
3266 3614 3324 3663 ὲν
3371 3613 3437 3682 τῇ
3489 3613 3596 3681 τῆς
3632 3613 3913 3684 Παρθένολ

2325 3700 2477 3768 νηδύϊ
2530 3701 2758 3769 κινήσας
2805 3701 3119 3771 θεοπρεπῶς
3167 3704 3247 3764 είς
3295 3702 3639 3772 προφητείας
3688 3703 3914 3770 δύναμις

2322 3790 2416 3843 τὸν
2446 3792 2778 3860 Βαπτιστήνς

2403 3903 2420 3932 ‹
2453 3883 2566 3934 Νῦν
2599 3883 2860 3945 ἀπολύεις
2890 3884 2980 3937 τὸν
3011 3885 3200 3937 δοῦλόν
3229 3901 3345 3947 σου,
3387 3884 3666 3948 Δέσποτα,
3696 3886 3844 3938 κατά
3865 3885 3916 3935 1“-

2327 3973 2480 4043 ῥῆμά
2513 3991 2628 4037 σου,
2665 3976 2723 4026 ἐν
2764 3977 3110 4046 είρήνῃ.”οτι
3144 3970 3282 4028 εἶδον
3315 3978 3364 4029 oi
3398 3977 3677 4046 ὀφθαλμοί
3724 3997 3830 4047 μου
3867 3977 3917 4027 τὸ

2329 4065 2606 4134 Σωτήριόν
2642 4082 2758 4117 σου·
2797 4065 2824 4116 ὃ
2855 4066 3156 4135 ἡτοίμασας
3183 4067 3324 4120 κατά
3365 4069 3666 4136 πρόσωπον
3702 4069 3917 4121 πάντων

2328 4159 2436 4209 τῶν
2487 4156 2665 4210 λαῶν’
2719 4159 2834 4226 φῶς
2879 4159 2959 4220 είς
3002 4158 3344 4227 ἀποκάλυψιν
3385 4159 3577 4221 ὲθνῶν,
3617 4163 3720 4213 καὶ
3768 4161 3918 4224 δόξειν⁸

2329 4251 2460 4304 λαοῦ
2498 4268 2589 4303 σου
2628 4251 2866 4322 Ἰσραήλ.
2900 4269 2918 4301 ι
2939 4251 2996 4303 '0
3021 4249 3234 4317 Zopstbx
3263 4251 3353 4301 τὸν
3389 4251 3600 4320 Ἰησοῦν
3635 4254 3723 4310 είς
3748 4251 3918 4317 ἀγκά-

2331 4343 2428 4405 λας
2473 4341 2673 4404 λαϐὼν,
2703 4342 2772 4395 τὰ
2824 4341 3002 4395 τοιάδε
3053 4344 3182 4412 περὶ
3231 4342 3394 4394 αὐτοῦ
3445 4358 3603 4410 φησι.
3634 4341 3772 4403 Πῶς
3833 4338 3918 4392 οἰι

655 4428 954 4499 promebat.
979 4428 1047 4480 At
1080 4427 1349 4495 quomodo
1381 4425 1618 4479 salutare
1655 4433 1738 4478 est
1766 4465 1782 4489 ,
1817 4434 1909 4478 ant
1958 4427 2219 4492 quomoda

2334 4435 2448 4486 ἐστι
2495 4435 2762 4503 σωτήριον
2784 4473 2798 4498 ,
2833 4434 2950 4497 πῶς
2991 4433 3047 4486 δὲ
3093 4433 3206 4501 φῶς
3241 4435 3320 4495 εἰς
3346 4432 3707 4500 ἀποκάλυψιν.
3733 4433 3920 4487 ἐθνῶν,

658 4521 834 4573 lumen
869 4520 933 4570 ad
963 4517 1344 4571 revelationem
1369 4517 1606 4586 gentium
1637 4525 1736 4579 est,
1761 4517 1802 4568 si
1833 4532 1969 4569 unus
1990 4525 2044 4568 et
2077 4514 2229 4570 solus

663 4625 820 4663 verus
877 4608 1046 4661 Filius
1099 4618 1151 4663 et
1221 4607 1363 4661 Deus
1418 4623 1522 4660 non
1577 4617 1689 4670 est,
1757 4620 1946 4660 natura
2002 4608 2224 4674 quidem

660 4711 816 4754 natus
845 4714 909 4752 ex
938 4698 1096 4751 Patre
1140 4709 1197 4750 ut
1236 4697 1490 4760 Verbum,
1527 4699 1820 4749 secundum
1879 4713 2093 4750 carnem
2133 4712 2228 4748 au-

661 4796 770 4839 tem
814 4795 966 4839 ortus
993 4801 1054 4839 ex
1095 4782 1352 4854 Virgine?
1379 4782 1509 4847 Qua:
1551 4799 1759 4837 rursum
1803 4783 2058 4837 revelatio
2093 4786 2226 4836 faeta

665 4886 749 4928 est
790 4873 1057 4942 gentibus,
1105 4873 1205 4926 nisi
1259 4873 1401 4941 quod
1442 4873 1506 4924 de
1547 4873 1660 4940 ipso
1701 4885 2066 4942 cegnovernnt
2107 4875 2229 4940 quia

666 4966 805 5020 Deus
852 4977 932 5021 est
983 4964 1331 5031 divinumque
1372 4962 1572 5014 cultum
1617 4962 1691 5016 illi
1733 4964 2135 5031 impendentes,
2177 4965 2228 5016 in

671 5074 731 5110 ea
785 5058 1013 5111 crimina
1073 5071 1176 5110 non
1219 5053 1545 5116 inciderunt,
1599 5054 1650 5107 in
1701 5069 1821 5122 qua:
1861 5055 1937 5109 illi
1992 5055 2232 5108 incidere

667 5149 862 5213 solent,
894 5149 984 5218 qui
1010 5148 1164 5203 alteri
1201 5148 1300 5203 deo
1347 5161 1506 5215 quam
1537 5148 1625 5200 uni
1677 5147 1774 5212 illi,
1806 5147 1896 5215 qui
1946 5155 2136 5201 natura
2176 5155 2231 5200 et

670 5243 893 5296 veritate
933 5241 1076 5296 Deus
1108 5250 1211 5307 est,
1249 5240 1531 5295 serviunt?

741 5395 784 5425 "
818 5392 951 5448 Luc.
990 5408 1028 5458 ι,
1062 5391 1151 5459 32,
1189 5392 1278 5446 33.
1357 5393 1400 5423 ³⁰
1432 5391 1556 5446 ibid.
1596 5389 1682 5453 54,
1713 5389 1808 5444 35.
1881 5389 1922 5419 ³¹
1960 5387 2092 5442 ibid.
2123 5387 2317 5442 41-65.

2334 4527 2382 4576 εἰ
2440 4525 2514 4594 μὴ
2561 4524 2692 4586 Θεός
2744 4526 2893 4577 ὲστιν
2940 4523 3175 4594 ἀληθῶς,
3225 4519 3304 4586 εἷς
3355 4525 3448 4576 καὶ
3512 4524 3680 4590 μόνος
3715 4525 3921 4584 Υίζς,ὀ

2336 4615 2494 4680 φύσει
2549 4613 2646 4684 μὲν
2699 4615 2764 4666 ὲκ
2813 4613 3026 4684 Πατρὸς
3069 4613 3146 4676 ὡς
3174 4615 3366 4681 Λόγος,
3393 4615 3455 4665 ὲκ
3483 4613 3779 4683 Παρθένου
3815 4614 3866 4664 δὲ
3901 4613 3922 4658 ὁ

2335 4705 2494 4766 αὐτὸς
2545 4703 2690 4756 κατά
2738 4705 2945 4772 σάρκα;
2996 4704 3131 4756 Ποία
3163 4703 3272 4776 γάρ
3304 4704 3528 4771 γέγονεν
3574 4702 3922 4768 ἀποκάλυψις

2333 4799 2443 4858 τοῖς
2477 4796 2706 4859 ἔθνεσιν,
2735 4796 2766 4865 ἢ
2803 4797 2887 4848 ἐπ’
2918 4795 3067 4864 αὐτῷ
3095 4796 3342 4862 ἔγνωσαν
3376 4797 3456 4848 ὅτι
3486 4794 3623 4855 Θεός
3661 4796 3812 4855 ἐστι,
3841 4790 3924 4842 καὶ

2340 4885 2488 4955 αύτῷ
2528 4884 2914 4954 λατρεύσαντες
2943 4883 3142 4952 ἔφυγον
3177 4884 3244 4937 τὰ
3291 4885 3621 4953 ἐγκλήματα
3677 4881 3774 4934 τοῦ
3825 4876 3920 4930 0εῶ

2338 4977 2619 5047 λατρεύειν
2650 4977 2821 5048 ἑτέρῳ
2849 4976 2998 5048 παρά
3026 4977 3120 5030 τὸν
3160 4976 3277 5041 ἕνα,
3309 4975 3406 5028 καὶ
3437 4975 3623 5043 φύσει,
3660 4978 3762 5026 καὶ
3797 4974 3922 5038 ἀλη-

2340 5067 2475 5132 θῶς;

2391 5388 2433 5418 "
2467 5386 2596 5442 Luc.
2620 5403 2655 5440 ιι
2681 5425 2696 5451 ,
2725 5386 2916 5446 29-52.

1721 5544 1890 5598 Vari-.e
1917 5542 2176 5598 lectiones
2205 5542 2404 5598 codicis
2435 5541 2791 5612 Seguieriaui.
