4040 6474
157 357 303 413 {9.77

154 560 477 631 ἀποκριθεὶς
530 557 650 613 εἷπε
702 564 836 631 πρὸς
896 563 1125 626 αὐτούς·
1164 564 1227 614 Τί
1263 565 1631 633 διαλογίζεσθε
1668 570 1725 620 ἐν

151 654 279 713 ταῖς
313 652 560 722 καρδίαις
592 652 781 721 ὑμῶν;
813 655 877 706 Τί
923 654 1071 704 ἐστιν
1102 654 1476 727 εὐκοπώτερον
1514 658 1688 709 εἰπεῖν
1710 674 1722 687 ·

168 743 470 810 Ἀφέωνταί
500 762 583 797 σοι
614 746 667 797 αἰ
697 745 957 814 ἁμαρτίαι
995 763 1085 797 σου
1108 761 1121 773 ·
1167 747 1198 815 ἢ
1237 748 1408 798 εἰπεῖν
1430 765 1442 779 ’
1476 750 1725 819 Ἐγειραι

153 831 253 882 καὶ
288 833 611 900 περιπάτει;
645 834 760 887 ’Ἰνα
785 834 839 886 δέ
870 835 1045 903 εἰδῆτε
1074 836 1207 887 ὃτιὸ
1239 836 1364 899 Υἱὸς
1392 837 1485 890 τοῦ
1516 837 1725 909 ἀνθρὼ-

151 939 263 975 που
313 923 558 989 ἐξουσίαν
602 925 713 994 ἔχει
755 926 847 976 ἐπὶ
894 926 993 993 τῆς
1042 926 1146 994 γῆς
1194 928 1411 994 ἀφιέναι
1457 930 1726 1000 ἁμαρτίας

154 1006 306 1077 (εἷπε
333 1011 408 1082 τῷ
439 1011 819 1083 παραλυτικῷ)
838 1028 849 1040 ⁸
879 1013 969 1065 Σοὶ
1006 1012 1177 1081 λέγω,
1206 1014 1434 1085 ἔγειραι,
1467 1017 1561 1069 καὶ
1589 1018 1727 1088 ἄρας

149 1104 219 1155 τὸ
254 1101 525 1173 κλινάριόν
565 1122 680 1167 σου,
718 1105 948 1175 πορεύου
994 1107 1075 1170 εἰς
1125 1107 1215 1159 τὸν
1264 1104 1411 1161 οἶκόν
1454 1126 1567 1164 σου.
1606 1129 1621 1161 ι
1666 1112 1726 1163 Εἰ

156 1193 323 1262 μόνος
347 1196 496 1263 ἡμᾶς
523 1196 851 1248 ἀπαλλάττει
882 1198 911 1249 6
946 1196 1052 1249 τῶν
1090 1197 1226 1251 ὅλων
1251 1199 1382 1263 Θεὸς
1408 1201 1729 1271 πλημμελη-

156 1283 376 1351 μάτων,
410 1284 580 1353 ἐτέρῳ
614 1284 910 1355 πρέποντος
956 1285 1145 1337 τούτου
1192 1286 1415 1355 μηδενί·
1449 1289 1727 1359 χαρίζεται

152 1374 224 1426 δὲ
255 1375 349 1427 καὶ
374 1374 532 1427 τοῦτο
552 1374 783 1446 Χριστὸς
813 1377 928 1443 μετ’
950 1376 1195 1441 ἐξουσίας
1226 1377 1586 1449 θεοπρεποῦς
1612 1382 1728 1446 πῶς

149 1465 261 1517 οὐκ
305 1464 370 1517 ἂν
420 1466 503 1535 είη
550 1466 712 1533 Θεός;
763 1466 1037 1536 Κέκληται
1086 1468 1193 1538 γὰρ
1237 1468 1364 1531 Υἰὸς
1417 1470 1727 1541 ἀνθρώπου,

150 1554 441 1625 γεννηθεὶς
477 1556 541 1608 ἐκ
566 1555 821 1625 γυναικὸς
848 1554 989 1608 κατά
1018 1556 1216 1626 σάρκα,
1240 1557 1415 1610 καίτοι
1446 1558 1575 1621 Θεὸς
1601 1558 1676 1611 ὢν
1702 1562 1729 1612 6

149 1645 352 1713 Λόγος.

234 1755 254 1786 ι
290 1735 379 1788 Ἐν
428 1737 611 1808 ἐκείνῃ
650 1740 714 1807 τῇ
762 1737 881 1809 ὥρᾳ
922 1738 1264 1808 ἐθεράπευσε
1351 1740 1575 1802 πολλοὺς
1621 1740 1728 1792 ἀπὸ

1255 362 1341 416 DE
1382 364 1603 420 RECTA
1646 368 1800 424 FIDE
1839 371 1927 425 AD
1970 366 2283 424 REGINAS.

234 489 251 519 ι
277 468 558 536 Ἑπιγνοὶις
586 467 641 522 δὲ
676 470 704 521 6
742 471 944 540 Ἰησοῦς
979 472 1100 533 τοὺς
1121 472 1501 545 διαλογισμοὺς
1524 479 1721 543 αὐτῶν,
1755 501 1795 552 Α

3252 367 3383 421 1278

1899 500 1916 533 ι
1962 482 2030 537 Ut
2058 478 2311 549 cognovit
2365 483 2542 529 autem
2567 471 2723 528 Jesus
2774 470 3131 539 cogitationes
3180 489 3385 537 eorum,

1827 572 2158 640 respondens
2181 567 2316 621 dixit
2347 566 2412 619 ad
2448 565 2597 619 illos:
2623 562 2761 628 Quid
2782 561 3033 627 cogitatis
3060 563 3112 615 in
3140 564 3393 617 cordibus

1825 661 2059 717 vestris?
2082 659 2216 725 Quid
2253 667 2334 712 est
2365 657 2573 712 facilius
2617 655 2796 708 dicere
2834 672 2845 707 :
2877 653 2989 723 89
3026 652 3377 705 Dimittuntur

1827 753 1919 806 tibi
1961 760 2179 819 peccata
2212 760 2338 813 tua;
2378 764 2444 800 an
2468 748 2687 800 dicere:
2725 744 2898 813 Surge
2940 755 2994 798 et
3024 744 3283 796 ambula?
3326 744 3391 796 Ut

1824 854 2001 897 autem
2023 841 2229 904 sciatis,
2263 840 2387 909 quia
2419 838 2589 893 Filius
2619 840 2853 894 hominis
2884 846 3202 908 potestatem
3235 837 3391 889 habet

1827 934 1879 987 in
1915 942 2055 986 terra
2095 930 2397 983 dimittendi
2440 940 2678 997 peccata,
2707 930 2817 1000 (ait
2867 926 3193 998 paralytico)
3230 939 3243 977 :
3274 924 3390 976 Tibi

1826 1024 1968 1083 dico.
1999 1035 2178 1090 surge,
2202 1020 2327 1073 tolle
2381 1019 2577 1073 lectum
2609 1029 2778 1083 tuum,
2806 1027 2861 1071 et
2911 1018 3045 1069 vade
3073 1018 3122 1069 in
3177 1017 3389 1069 domum

1830 1124 1975 1169 tuam
2008 1113 2073 1167 ³³.
2109 1132 2127 1164 ›
2155 1111 2211 1167 Si
2239 1110 2385 1165 solus
2420 1110 2794 1162 universorum
2836 1106 3095 1162 Dominus
3125 1120 3153 1158 a
3187 1104 3392 1158 delictis

1828 1221 1924 1259 nos
1949 1205 2151 1273 expiat,
2182 1218 2280 1257 nec
2326 1202 2377 1255 in
2423 1200 2587 1253 ullum
2637 1199 2800 1253 alium
2855 1198 2993 1252 istud
3036 1197 3308 1258 convenit,
3340 1204 3394 1247 et

1826 1296 2073 1351 Christus
2127 1308 2247 1347 cum
2306 1292 2487 1345 divina
2541 1290 2868 1344 auctoritate
2914 1291 3016 1342 hoc
3047 1289 3219 1355 ipsum
3254 1300 3390 1353 pne-

1828 1394 1931 1440 stat
1978 1400 1991 1436 :
2029 1384 2118 1452 qui
2146 1382 2258 1437 ﬁeri
2290 1390 2485 1450 potest,
2516 1392 2573 1434 ut
2615 1380 2759 1433 Deus
2803 1394 2907 1434 non
2966 1377 3231 1432 exsistat?
3260 1372 3392 1427 Nam

1829 1475 1929 1527 etsi
1963 1471 2219 1535 Verbum,
2253 1472 2395 1540 quod
2446 1472 2739 1525 secundum
2789 1484 3008 1523 carnem
3052 1482 3119 1521 ex
3172 1466 3394 1520 muliere

1832 1575 2015 1619 natum
2068 1572 2172 1625 est,
2200 1563 2321 1616 Filii
2357 1562 2592 1615 hominis
2637 1561 3004 1631 appellatione
3061 1560 3391 1628 designetur,

1838 1654 2177 1709 nihilominus
2208 1663 2386 1705 tamen
2407 1650 2545 1705 Deus
2568 1663 2669 1705 est.

1907 1766 1925 1798 ι
1954 1749 2008 1801 In
2030 1748 2141 1815 ipsa
2166 1747 2297 1799 hora
2323 1753 2502 1799 autem
2534 1744 2729 1797 multos
2749 1742 2953 1796 curavit
2974 1758 2999 1793 a
3026 1736 3389 1805 languoribus.

151 1825 358 1890 νόσων,
389 1828 482 1879 καὶ
514 1828 818 1897 μαστίγων,
853 1829 946 1881 καὶ
978 1830 1307 1899 πνευμάτων
1337 1831 1615 1901 πονηρῶνο
1641 1833 1733 1884 καὶ

1837 1847 1886 1891 et
1912 1838 2103 1907 plagis,
2139 1846 2193 1890 et
2225 1835 2510 1905 spiritibus
2546 1833 2798 1895 malis,et
2830 1834 2987 1885 caecis
3016 1831 3194 1883 multis
3226 1830 3392 1879 dona-

150 1916 386 1986 τυφλοῖς
428 1919 642 1982 πολλοῖς
687 1922 979 1989 ἐχαρίσατο
1019 1922 1080 1973 τὸ
1130 1923 1367 1991 βλέπειν.
1431 1926 1539 1977 Καὶ
1590 1926 1728 1978 ἀπο-

153 2007 374 2077 κριθεὶς
428 2004 580 2061 εῖπεν
632 2010 854 2071 αὐτοῖς’
932 2011 1293 2080 Πορευθέντες
1362 2015 1731 2081 ἀπαγγείλατε

168 2096 397 2169 Ἰωάννῃ
424 2098 461 2152 ἃ
492 2100 659 2153 εἴδετε
701 2101 796 2153 καὶ
824 2100 1093 2168 ἠκούσατε
1114 2118 1130 2134 ο
1165 2103 1248 2155 ὅτι
1279 2105 1469 2171 τυφλοὶ
1499 2107 1731 2159 ἀναϐλέ-

156 2206 356 2252 πουσι,
386 2191 548 2260 χωλοὶ
575 2191 954 2263 περιπατοῦσι,
976 2190 1168 2261 λεπροὶ
1192 2194 1601 2264 καθαρίζονται.
1626 2214 1734 2249 κω-

154 2280 257 2347 φοὶ
304 2281 591 2344 ἀκούουσι,
618 2284 799 2351 νεκροὶ
844 2280 1171 2353 ἐγείρονται,
1208 2284 1414 2353 πτωχοὶ
1442 2286 1730 2353 εὐαγγελίο

155 2372 370 2433 ζονται.
404 2373 513 2424 Καὶ
548 2372 816 2443 μακάριός
845 2374 1010 2434 ἐστιν,
1056 2371 1113 2434 ὂς
1151 2373 1217 2425 ἂν
1254 2374 1326 2444 μὴ
1370 2374 1728 2445 σκανδαλισθῇ

160 2462 227 2511 ἐν
255 2462 402 2532 ἐμοί.
432 2481 450 2513 ι
469 2461 691 2533 Ἔργοις
724 2463 904 2523 αὐτοῖς
937 2464 1207 2527 ἐπιδείξας
1241 2465 1430 2517 ἐαυτὸν
1451 2469 1478 2518 6
1504 2465 1729 2536 Χριστὸς

154 2551 279 2604 τῶν
308 2553 629 2625 θεοπρεπῶν
659 2554 1199 2624 μεγαλουργημάτων
1238 2556 1620 2626 ἀποτελεστὴν,
1653 2558 1732 2619 εἰς

156 2643 475 2714 ἀνάμνησιν
505 2646 765 2713 ἀναφέρει
793 2647 899 2697 τῶν
941 2648 1243 2717 εἰρημένων
1273 2648 1357 2701 διὰ
1392 2648 1571 2716 φωνῆς
1604 2664 1734 2715 προσ

159 2734 361 2803 φητῶν
395 2735 520 2805 περὶ
549 2735 889 2806 αύτοῦ.”Εφη
916 2738 1096 2789 τοίνυν
1130 2740 1157 2790 6
1192 2739 1460 2808 μακάριος
1485 2737 1729 2799 Ἡσαΐας·

169 2846 193 2880 ι
216 2828 516 2897 Ἰσχύσατε,
550 2830 729 2897 χεῖρες
763 2828 1064 2898 ἀνειμέναι,
1084 2832 1176 2881 καὶ
1206 2832 1407 2897 γόνατα
1434 2830 1736 2899 παραλελυ-

165 2918 335 2989 μὲνα.
368 2938 387 2970 ι
423 2916 557 2973 Εἶτα
589 2921 868 2989 μονονουχὶ
912 2922 1005 2972 καὶ
1052 2924 1210 2991 χεῖρα
1238 2923 1537 2992 προτείνων
1568 2939 1735 2975 κατα-

156 3008 413 3063 δείκνυσι
450 3010 542 3062 τὸν
594 3009 976 3080 Ἐμμανουῆλ,
1023 3009 1164 3062 οὕτω
1210 3009 1418 3077 λέγων’
1460 3029 1477 3061 ι
1529 3011 1657 3065 Ἰδοὺ
1708 3010 1737 3062 6

159 3098 309 3161 Θεὸς
332 3099 509 3169 ἡμῶν,
544 3101 651 3153 ἰδοὺ
694 3101 897 3171 Κύριος
928 3100 1065 3170 μετὰ
1096 3100 1278 3168 ἰσχύος
1311 3099 1551 3169 ἔρχεται,
1582 3102 1675 3153 καὶ
1709 3103 1736 3154 6

162 3190 415 3260 βραχίων
455 3193 594 3262 μετά
640 3194 879 3263 κυρείας.
912 3213 929 3244 ι
965 3196 1109 3263 Ἔφη
1146 3194 1201 3245 δὲ
1251 3194 1344 3245 καὶ
1383 3196 1439 3245 ἐν
1488 3194 1693 3262 ἑτέροις
1716 3234 1728 3257 ,
1761 3176 1801 3231 C

156 3285 254 3337 ὃτι
289 3302 307 3335 ι
343 3282 476 3335 Τότε
503 3285 911 3356 ἀνοιχοήσονται
937 3285 1205 3354 ὀφθαλμοὶ
1232 3284 1469 3351 τυφλῶν,
1505 3286 1598 3337 καὶ
1626 3280 1739 3337 ὦτα

159 3371 375 3440 κωφῶν
415 3372 735 3425 ἀκούσονται
757 3391 771 3405 ο
808 3375 925 3426 τότε
976 3376 1181 3427 ἁλείται
1210 3374 1379 3443 χωλὸς
1407 3373 1481 3435 ὡς
1518 3374 1736 3441 ἔλαφος,

157 3460 268 3515 καὶ
328 3460 498 3531 τρανῆ
549 3461 701 3513 ἐσται
748 3461 969 3529 γλῶσσα
1016 3463 1337 3533 μογιλάλων.
1372 3480 1389 3513 ι
1447 3463 1556 3513 Καὶ
1607 3462 1739 3529 πρὸς

157 3551 384 3615 τούτοις
410 3552 490 3605 ἐτι
511 3569 524 3583 ο
562 3571 580 3603 ι
626 3554 1043 3621 ’Δναστήσονται
1073 3558 1120 3609 οἱ
1163 3556 1367 3624 νεκροὶ,
1395 3554 1488 3605 καὶ
1519 3553 1739 3622 ἐγερθή-

160 3664 359 3701 σονται
388 3647 437 3699 οἰ
468 3647 526 3698 ἐν
554 3648 666 3707 τοῖς
702 3647 988 3715 μνημείοις
1010 3664 1021 3676 ·
1067 3648 1100 3715 ἡ
1130 3647 1237 3716 γὰρ
1277 3645 1466 3714 δρόσος
1509 3645 1540 3711 ἡ
1588 3643 1738 3712 παρὰ

160 3739 293 3803 σοῦ,
344 3738 481 3810 ἴαμα
526 3738 708 3800 αὐτοῖς
752 3742 920 3791 ἐστιν.
966 3758 981 3790 ι
1029 3740 1172 3806 Ἔφη
1225 3738 1282 3788 δὲ
1329 3738 1490 3788 πάλιν
1535 3734 1627 3788 καὶ
1674 3737 1738 3787 ἐκ

160 3830 470 3901 προσώπου
518 3828 754 3899 Χριστοῦ
778 3846 790 3859 ο
826 3849 843 3879 ‹
882 3830 1104 3899 Πνεῦμα
1136 3828 1339 3898 Κυρίου
1388 3827 1471 3878 ἐπ’
1508 3826 1642 3895 ἐμὲ,
1676 3818 1737 3877 οὗ

156 3924 382 3978 εἵνεκεν
400 3921 580 3992 ἔχρισέ
603 3935 687 3991 με·
707 3920 1160 3986 εὐαγγελίσασθαι
1179 3921 1411 3986 πτωχοῖς
1430 3916 1738 3969 ἀπέσταλκε

161 4031 265 4085 με,
300 4014 536 4084 κηρύξαι
568 4009 931 4081 αἰχμαλώτοις
974 4012 1185 4077 ἄφεσιν,
1230 4009 1324 4060 καὶ
1364 4008 1583 4075 τυφλοῖς
1615 4008 1741 4059 ἀνά-

160 4104 381 4176 βλεψιν.
419 4124 438 4156 ι
479 4104 603 4157 Ὅτε
650 4101 826 4154 τοίνυν
870 4106 967 4171 τῆς
1008 4102 1090 4169 ἐφ’
1137 4097 1311 4167 ἐαυτῷ
1360 4099 1593 4160 πίστεως
1641 4097 1741 4159 τὰς

157 4196 281 4261 τῷν
315 4195 608 4267 προφητῶν
642 4194 823 4262 φωνὰς
853 4197 1081 4245 ποιεῖται
1110 4193 1353 4261 σημεῖον,
1397 4192 1563 4257 ἤγουν
1608 4190 1743 4242 ἀπό-

159 4287 365 4353 δειξιν,
400 4287 531 4339 Θεον
554 4286 609 4338 δὲ
644 4285 803 4337 αὑτὸν
834 4285 882 4336 οἱ
909 4284 1182 4353 προφῆται
1211 4281 1536 4351 κηρύττουσι
1557 4299 1568 4309 ”
1603 4280 1684 4343 τίς
1714 4281 1740 4331 6

161 4375 385 4437 τούτοις
414 4375 480 4427 τὰ
510 4374 724 4427 ἐναντία
750 4374 914 4442 φάναι
943 4373 1185 4443 τολμῶνς

257 4464 660 4533 Ἐχειμάζοντο,
693 4467 843 4533 φησὶ,
875 4466 1012 4515 κατὰ
1048 4465 1143 4534 τὴν
1177 4464 1367 4530 λίμνην
1398 4462 1443 4512 oi
1479 4460 1735 4529 μαθηταί·

160 4552 293 4611 εἶτα
346 4575 363 4605 t
396 4556 812 4622 προσελθόντες,
875 4555 1155 4623 διήγειραν
1211 4553 1393 4613 αὑτὸν,
1451 4551 1736 4617 λέγοντες·

175 4643 502 4708 Ἐπιστάτα,
524 4644 890 4711 ἀπολλύμεθα.
926 4646 966 4695 Ο
989 4644 1044 4693 δὲ
1076 4641 1400 4711 διεγερθεὶς,
1436 4642 1737 4710 ἐπετίμησε

159 4738 252 4810 τῷ
275 4736 483 4807 ἀνέμῳ,
508 4735 601 4788 καὶ
627 4733 705 4803 τῷ
735 4733 960 4784 κλύδωνι
987 4731 1080 4784 τοῦ
1111 4730 1300 4793 ὓδατος
1320 4747 1332 4759 °
1373 4730 1465 4781 καὶ
1503 4732 1741 4782 ἐπαύσα-

158 4850 234 4885 το
254 4873 267 4895 ,
298 4832 392 4883 καὶ
420 4827 632 4897 ἐγένετο
656 4826 883 4895 γαλήνη.
918 4843 935 4874 ι
971 4825 1194 4893 Εἴρηται
1224 4824 1350 4892 περὶ
1389 4820 1622 4887 Χριστοῦ
1654 4820 1741 4873 διὰ

167 4922 364 4991 φωνῆς
407 4919 499 4972 τοῦ
553 4916 819 4989 μακαρίου
875 4916 1073 4969 Δαυῖδ·
1133 4933 1151 4965 ι
1192 4915 1263 4966 Σὺ
1307 4910 1586 4972 δεσπόζεις
1646 4910 1739 4962 τοῦ

168 5010 415 5073 κράτους
440 5009 537 5077 τῆς
565 5007 858 5075 θαλάσσης,
899 5006 991 5059 καὶ
1022 5001 1111 5056 τδν
1147 5002 1304 5055 σάλον
1338 5000 1443 5050 τῶν
1481 4998 1739 5066 κυμάτων

168 5099 352 5163 αὐτῆς
387 5097 450 5147 σὺ
483 5096 899 5166 καταπραΰνεις.
928 5094 1015 5148 Σοί
1044 5095 1178 5146 εἰσιν
1207 5092 1253 5142 οἱ
1279 5087 1517 5157 οὐρανοὶ,
1548 5087 1642 5138 καὶ
1672 5094 1739 5155 ση

169 5200 328 5247 ἐστιν
353 5190 385 5255 ἡ
414 5188 484 5254 γῆ
515 5203 528 5215 °
560 5187 656 5255 τὴν
689 5188 1032 5256 οἰκουμένην,
1066 5186 1158 5238 καὶ
1186 5183 1244 5235 τὸ
1272 5180 1544 5249 πλήρωμα
1576 5178 1743 5246 αὐτῆς

170 5286 244 5337 σὺ
270 5277 659 5347 ἐθεμελίωσας.
690 5280 845 5330 ι”Οτε
878 5282 1065 5331 τοίνυν
1084 5277 1161 5346 τῷ
1184 5272 1622 5341 καταπραΰνοντι
1646 5271 1743 5341 τὴν

167 5374 457 5427 Θάλασσαν
498 5365 699 5435 πρέποι
752 5367 816 5419 ἂν
866 5371 958 5421 καὶ
1004 5370 1062 5420 τὸ
1103 5363 1382 5425 δεσπόζειν
1429 5362 1539 5414 τῶν
1584 5364 1740 5426 ὅλων,

168 5470 327 5538 ἔχειν
356 5460 410 5513 δὲ
457 5456 619 5519 ἰδίους
649 5460 772 5520 τοὺς
803 5460 1084 5545 οὐρανοὺς,
1133 5458 1223 5510 καὶ
1266 5454 1547 5525 θεμελιοῦν
1589 5456 1745 5509 δύνα-

251 5648 291 5676 ³³
330 5645 455 5698 Luc.
484 5660 535 5707 ν,
565 5642 751 5694 ἓὶ-ἓι.

182 5720 252 5770 if)
352 5718 394 5745 ³⁸
432 5716 531 5768 ιηιι.
564 5729 670 5778 ut,
712 5713 730 5763 i
765 5727 776 5771 ;
814 5708 944 5761 Luc.
978 5725 1050 5773 ιν,
1088 5712 1169 5762 l8.

833 5640 875 5668 ³⁷⁵
911 5638 1038 5691 Luc.
1078 5636 1388 5704 vnﬂlﬂB.
1470 5636 1530 5665 "“
1559 5636 1657 5687 isa.
1693 5649 1721 5687 ι.

833 5727 944 5759 ουν.
978 5725 1050 5772 μ’,
1088 5712 1169 5762 ἰ8.
1267 5709 1308 5739 ⁸⁹
1340 5706 1466 5759 Lttt'.
1494 5722 1607 5772 \‘ltt,
1633 5705 1721 5759 Ἢν.

1470 5634 1530 5665 ³⁸⁵
1559 5633 1657 5687 lsa.
1693 5649 1786 5700 LII,
1810 5650 1847 5693 ι,
1884 5634 1937 5685 5.

1803 5705 1845 5734 ⁸ο
1878 5703 2019 5756 l’sul.
2054 5717 2316 5767 Lxxxvttt,
2355 5704 2435 5766 l0,
2468 5704 2548 5755 ll.

1830 1932 1906 1982 vit
1945 1930 2137 1983 visum.
2174 1928 2236 1980 Et
2262 1928 2593 1995 respondens
2622 1925 2757 1977 dixit
2788 1924 2891 1977 illis
2920 1942 2932 1976 :
2975 1923 3173 1975 Euutes
3197 1933 3396 1972 renuu-

1834 2020 1965 2073 tiate
2016 2016 2213 2071 Joanni
2266 2030 2387 2084 quae
2440 2014 2669 2068 audistis
2722 2022 2777 2067 et
2810 2012 3019 2065 vidistis
3055 2026 3070 2063 :
3107 2010 3230 2080 quia
3265 2004 3391 2061 caeci

1831 2112 2036 2173 vident,
2062 2108 2238 2163 claudi
2297 2105 2595 2168 ambulant,
2617 2104 2815 2173 leprosi
2871 2104 3217 2163 mundantur,
3247 2096 3394 2151 surdi

1834 2200 2080 2261 audiunt,
2107 2198 2304 2252 mortui
2362 2204 2672 2263 resurgunt,
2707 2208 2971 2263 pauperes
3024 2190 3397 2258 evangelizan-

1832 2300 1920 2344 tur
1952 2308 1965 2343 :
2004 2298 2057 2341 et
2092 2289 2280 2342 beatus
2308 2293 2391 2339 est
2418 2286 2727 2353 quicunque
2763 2298 2869 2336 non
2931 2282 3095 2336 fuerit
3129 2278 3396 2334 scandali-

1833 2388 1986 2434 zatus
2013 2379 2064 2432 in
2093 2392 2177 2432 me
2206 2376 2269 2430 “.
2301 2396 2319 2426 ι
2348 2374 2528 2429 Factis
2564 2374 2871 2427 divinorum
2908 2373 3175 2441 planeque
3224 2369 3395 2423 admi-

1835 2468 2080 2523 rabilium
2149 2481 2371 2537 opermn
2434 2473 2768 2532 patratorem
2843 2462 3096 2517 Christus
3156 2475 3215 2514 se
3281 2471 3398 2511 esse

1836 2563 2247 2622 demonstrans,
2288 2574 2406 2627 quae
2447 2573 2542 2626 per
2586 2557 2860 2625 prOpheta:
2910 2569 3095 2607 vocem
3128 2552 3398 2622 quondam

1834 2650 1900 2704 de
1954 2665 2011 2702 se
2064 2648 2317 2718 prtedicta
2372 2646 2607 2709 fuerant,
2664 2645 2716 2696 in
2778 2645 3098 2697 memoriam
3166 2640 3397 2695 reducit.

1836 2742 2051 2795 Dixerat
2069 2738 2214 2793 enim
2240 2736 2445 2791 Isaias:
2474 2754 2493 2786 ι
2514 2733 2905 2790 Confortamini
2933 2748 3121 2786 manus
3142 2731 3399 2788 remissae.

1834 2840 1886 2886 et
1924 2846 2096 2900 genua
2150 2831 2323 2884 soluta
2355 2830 2446 2883 ³δ⁶.
2487 2847 2505 2879 ι
2542 2826 2657 2880 Mox
2712 2841 2844 2880 vero
2879 2825 3032 2894 quasi
3077 2824 3240 2895 digito
3281 2836 3402 2890 pro-

1840 2930 2060 2975 tensave
2116 2935 2275 2972 manu
2337 2918 2743 2970 Emmanuelem
2795 2918 3109 2977 ostendens,
3163 2916 3234 2967 ita
3288 2911 3400 2963 ait:

1846 3032 1861 3062 ι
1897 3010 2035 3065 Ecce
2084 3010 2225 3064 Deus
2258 3020 2460 3072 noster,
2484 3023 2612 3062 ecce
2643 3008 2899 3061 Dominus
2929 3022 3049 3060 cum
3096 3002 3408 3057 fortitudine

1840 3103 2009 3165 venit,
2060 3112 2115 3155 et
2182 3102 2462 3155 brachium
2518 3115 2640 3153 cum
2704 3099 3071 3152 dominatione
3094 3097 3161 3149 ³⁸.
3210 3112 3228 3145 ›
3270 3091 3406 3145 Dicit

1838 3194 1976 3246 idem
2004 3202 2056 3246 et
2087 3193 2193 3245 alio
2233 3206 2447 3260 quoque
2478 3190 2594 3243 loco
2621 3208 2633 3242 :
2662 3208 2680 3240 ι
2725 3189 2877 3243 Tunc
2914 3188 3228 3257 aperientur
3264 3181 3401 3237 oculi

1839 3298 2125 3346 caecorum,
2158 3293 2209 3335 et
2268 3296 2428 3334 aures
2458 3280 2743 3333 surdorum
2790 3281 3031 3341 audient,
3070 3290 3194 3331 tunc
3255 3273 3405 3328 saliet

1840 3377 1977 3429 sicut
2011 3388 2200 3427 cervus
2254 3373 2493 3433 claudus,
2530 3381 2584 3425 et
2623 3373 2871 3440 expedita
2901 3372 3005 3426 erit
3057 3372 3237 3438 lingua
3295 3366 3405 3419 bal-

1844 3468 2161 3521 butientium
2190 3467 2256 3519 ³⁶.
2286 3484 2304 3516 ι
2340 3465 2502 3519 Addit
2534 3474 2795 3533 praeterea
2833 3483 2846 3519 :
2884 3484 2901 3515 ι
2928 3465 3163 3532 Surgent
3189 3460 3404 3516 mortui.

1842 3568 1895 3609 et
1941 3564 2221 3623 resurgent
2261 3556 2348 3623 qui
2414 3555 2465 3607 in
2522 3556 2887 3610 monumentis
2942 3566 3113 3609 sunt:
3152 3569 3273 3605 nam
3322 3564 3406 3601 ros

1841 3646 1929 3715 qui
1989 3662 2015 3699 a
2049 3657 2118 3710 te,
2166 3646 2296 3714 ipsis
2330 3646 2539 3699 sanitas
2574 3656 2658 3699 est
2685 3648 2747 3699 ".
2794 3666 2811 3696 ι
2870 3646 3100 3699 Rursum
3138 3648 3275 3701 idem
3354 3642 3403 3692 in

1843 3752 2066 3806 persona
2102 3736 2299 3790 Christi
2353 3736 2423 3789 ita
2482 3738 2603 3789 ait:
2638 3754 2655 3786 ι
2691 3734 2922 3804 Spiritus
2971 3737 3181 3791 Domini
3244 3746 3404 3801 super

1843 3848 1948 3897 me,
1983 3833 2136 3899 cujus
2167 3848 2327 3885 causa
2362 3833 2512 3884 unxit
2545 3848 2647 3894 me,
2684 3832 3059 3899 evangelizare
3084 3828 3405 3897 pauperibus

1842 3921 1987 3973 misit
2016 3934 2122 3981 tne,
2157 3920 2447 3987 praedicare
2467 3919 2699 3984 captivis
2735 3918 3132 3979 remissionem,
3157 3924 3209 3970 et
3246 3913 3404 3967 czecis

1842 4009 1987 4061 visus
2011 4008 2340 4075 apertionem
2372 4006 2439 4058 ⁸⁸.
2472 4026 2489 4056 ι
2517 4008 2652 4059 Cum
2688 4022 2817 4074 ergo
2853 4007 3233 4075 prophetarum
3274 4015 3403 4052 ora.

1841 4100 1961 4153 eula
2001 4101 2119 4154 ﬁdei
2180 4115 2299 4168 qum
2357 4100 2455 4167 ipsi
2490 4101 2737 4161 debetur,
2774 4106 3145 4166 argumentum
3210 4095 3403 4162 proba-

1844 4191 2153 4259 tionemque
2194 4192 2444 4253 adducat,
2477 4190 2687 4258 ipsique
2726 4191 3000 4256 prepheta:
3036 4189 3200 4241 Deum
3256 4186 3401 4236 illum

1841 4296 1961 4333 esse
2023 4282 2337 4348 praedicent,
2380 4282 2501 4347 quis
2564 4281 2649 4333 his
2702 4280 2969 4334 contraria
3017 4291 3262 4333 asserere
3309 4289 3405 4325 au-

1843 4372 2001 4425 deat?

1920 4463 2053 4516 Dum
2085 4461 2327 4531 discipuli
2356 4472 2672 4530 tempestate
2718 4468 2768 4516 in
2801 4474 2991 4527 stagno
3039 4460 3397 4528 jactarentur,

1852 4572 1868 4602 ι
1895 4554 2211 4607 accedentes
2241 4553 2566 4605 suscitarunt
2591 4566 2733 4614 eum,
2760 4552 2998 4605 dicentes
3030 4568 3041 4601 :
3076 4548 3400 4612 Praeceptor,

1845 4646 2098 4712 perimus.
2133 4644 2329 4711 At90
2354 4644 2440 4694 ille
2485 4656 2713 4709 surgens
2765 4641 3063 4711 increpavit
3092 4649 3303 4693 ventum
3350 4644 3405 4686 et

1846 4743 2217 4800 tempestatem
2272 4746 2423 4800 aqua;
2452 4749 2465 4784 :
2499 4741 2553 4785 et
2596 4734 2851 4798 cessavit,
2880 4744 2934 4789 et
2965 4732 3101 4787 facta
3135 4739 3216 4784 est
3262 4736 3410 4780 tran-

1844 4823 2085 4890 quillilas
2127 4821 2194 4873 ³³.
2235 4839 2252 4871 ι
2284 4821 2538 4877 Davidica
2563 4840 2696 4879 voce
2737 4824 2994 4891 ejusmodi
3038 4820 3313 4877 oraculum
3345 4818 3409 4869 de

1844 4911 2063 4963 Christo
2116 4910 2320 4964 editum
2385 4923 2506 4968 erat
2550 4932 2564 4969 :
2610 4934 2628 4965 ι
2672 4916 2749 4967 'l'u
2802 4913 3095 4967 dominaris
3156 4908 3404 4979 potestati

1848 5000 2033 5065 maris,
2073 5011 2128 5055 et
2178 5011 2383 5057 motum
2438 5005 2694 5059 ﬂuctuum
2739 5004 2857 5071 ejus
2914 5014 2968 5056 ttt
3030 5003 3262 5071 mitigas.
3311 4998 3410 5051 Tui

1846 5102 1971 5146 sunt
2004 5094 2152 5161 εαξη,
2180 5106 2234 5149 et
2255 5105 2341 5148 tua
2367 5106 2451 5149 est
2485 5106 2647 5157 terra,
2679 5096 2863 5150 orbem
2897 5106 3161 5149 terrarum
3195 5101 3248 5145 et
3298 5090 3409 5157 ple-

1846 5186 2141 5241 nitudinem
2179 5187 2293 5254 ejus
2317 5195 2369 5239 tu
2406 5186 2643 5239 fundasti
2668 5185 2732 5239 “.
2756 5204 2774 5236 ›
2814 5186 2943 5239 Cum
2973 5187 3025 5238 in
3057 5184 3200 5236 illum
3226 5181 3408 5254 igitur,

1846 5276 1937 5344 qui
1992 5278 2161 5329 maria
2193 5280 2365 5338 sedat,
2398 5277 2639 5328 omnium
2690 5292 2870 5330 rerum
2922 5275 3204 5328 Dominmn
3262 5284 3405 5332 esse,

1846 5367 2092 5435 proprios
2133 5367 2296 5419 caelos
2352 5366 2651 5431 possidere,
2693 5368 2880 5419 orbem
2930 5374 3215 5423 terrarum,
3265 5360 3409 5427 ejus-

1847 5457 2073 5524 demque
2108 5455 2488 5523 plenitudinem
2552 5471 2707 5523 posse
2741 5455 2981 5515 l'undurc,
3016 5453 3227 5520 prOprie
3278 5466 3408 5504 ccu-

3050 5625 3090 5656 ³⁷
3122 5624 3223 5678 lsa.
3258 5639 3404 5681 xm.

2015 5633 2058 5663 ³⁵
2096 5630 2195 5685 lsa.
2230 5648 2314 5691 XL.
2354 5632 2431 5685 l0.
2516 5633 2558 5663 "‘
2589 5634 2686 5685 [εει.
2731 5643 2889 5689 xxxv,
2918 5627 2969 5679 ὅ.
