4040 6458
602 337 736 391 1279

1595 342 1650 397 S.
1693 340 1966 401 CYltlLLl
2005 340 2474 397 ALEXANDRINI
2514 340 2833 396 ARClllEP.

3733 334 3869 391 1’230

600 450 806 514 veniat;
830 451 950 519 quis
998 434 1300 523 Christum,
1334 458 1423 525 qui
1488 472 1608 513 cum
1662 460 1983 513 auctoritate
2035 460 2169 515 mari

2296 460 2399 513 rOa'.
2439 461 2538 531 τὴν
2582 458 2909 528 οἰκουμένην
2942 458 3036 509 καὶ
3080 455 3141 509 τὸ
3181 456 3455 527 πλήρωμα
3507 455 3686 524 αὐτῆς
3711 470 3724 481 ⁸
3764 454 3873 516 mis:

601 553 655 595 et
708 544 881 599 ventis
942 544 1191 614 imperat,
1247 564 1428 604 verum
1490 551 1654 604 Deum
1729 567 1850 606 esse
1903 553 2176 621 ambigere

602 640 807 702 queat?

681 825 700 859 ι
731 805 981 877 Rogabat
1010 811 1155 863 illum
1192 813 1297 877 vir,
1324 831 1350 867 a
1393 830 1498 881 quo
1521 816 1784 869 dtemonia
1820 816 2085 880 exierant,
2123 826 2179 870 ut

603 914 724 950 cum
771 914 834 953 eo
877 912 1040 957 esset.
1080 903 1294 957 Dimisit
1340 918 1518 962 autem
1569 922 1691 961 eum
1741 906 1918 971 Iesus,
1947 909 2176 963 dicens:

606 988 735 1040 ιιοιιῑ
783 991 835 1041 in
869 992 1087 1045 domum
1128 1005 1297 1058 tuam,
1334 1004 1389 1049 et
1430 1013 1589 1050 narra
1647 1009 1850 1067 quanta
1907 999 1998 1052 tibi
2054 1002 2180 1053 iecit

609 1075 762 1129 Deus.
800 1076 864 1129 Et
912 1081 1045 1134 abiit
1093 1097 1188 1151 per
1214 1084 1517 1139 universam
1554 1087 1828 1140 civitatem
1881 1088 2180 1153 praedicans

602 1176 798 1234 quanta
832 1169 904 1222 illi
952 1171 1178 1227 fecisset
1225 1172 1383 1230 Jesus
1413 1176 1478 1230 δ’.
1506 1196 1524 1228 ι
1559 1177 1614 1231 In
1662 1177 2052 1232 Gerasenorum
2096 1196 2180 1232 re-

604 1260 759 1326 gione
773 1263 975 1316 curavit
991 1263 1146 1319 Jesus
1169 1266 1559 1323 humanissime
1575 1286 1603 1322 a
1620 1270 1885 1323 daemonio
1907 1281 2176 1333 vexatum,

604 1350 695 1416 qui
728 1352 890 1404 etiam
924 1364 980 1407 ut
1003 1356 1168 1410 vitam
1196 1358 1297 1412 sibi
1328 1375 1451 1413 cum
1474 1376 1539 1413 eo
1564 1375 1725 1430 agere
1766 1362 2021 1431 deinceps
2050 1361 2181 1417 lice-

605 1450 707 1505 ret,
735 1443 931 1498 obnixe
963 1445 1310 1516 eﬂlagitabat.
1361 1449 1433 1505 At
1464 1466 1592 1504 vero
1634 1453 1886 1518 quamvis
1926 1466 2050 1506 eum
2095 1469 2182 1508 sa-

606 1545 810 1598 nasset,
841 1538 1169 1606 spiritusque
1193 1538 1465 1607 eiecisset,
1514 1542 1667 1611 jubet
1692 1554 1865 1597 tamen
1896 1546 2181 1599 utdomum

606 1639 759 1677 suam
785 1637 1013 1693 repetat,
1045 1644 1354 1700 quantaque
1379 1634 1481 1686 sibi
1523 1633 1743 1688 fecisset
1761 1634 1923 1699 Deus,
1942 1646 2178 1691 enarret.

607 1713 945 1783 Operabutur
991 1722 1172 1789 itaque
1208 1722 1457 1778 Christus
1512 1734 1765 1791 tanquam
1821 1741 1975 1780 verus
2020 1724 2176 1781 Deus.

605 1804 929 1877 Neutiquam
978 1812 1120 1865 enim
1161 1813 1342 1868 dicere
1397 1813 1479 1869 fas
1522 1825 1626 1877 est,
1658 1817 2039 1885 prophetarum
2089 1828 2182 1872 aut
2212 1792 2253 1847 Β

609 1908 915 1954 sanctorum
936 1903 1306 1969 apostolorum
1335 1921 1508 1969 more,
1534 1906 1728 1960 divina?
1750 1909 1942 1976 gratias
1976 1909 2183 1963 instru-

609 2001 856 2044 mentum
901 1994 1189 2049 exstitisse.
1228 1996 1344 2062 lpse
1390 2011 1621 2064 namque
1676 2002 1914 2066 propria,
1945 2001 2045 2053 hoc
2099 2006 2185 2054 est

610 2082 789 2137 divina
823 2084 1012 2137 virtute
1036 2084 1292 2139 Satanam
1318 2087 1632 2141 conterebat
1659 2106 1673 2140 ι
1700 2089 1829 2155 quin
1861 2098 1913 2141 et
1944 2090 1995 2140 in
2034 2089 2180 2143 illius

608 2187 822 2240 quoque
872 2174 1091 2227 nomine
1133 2175 1396 2228 dtemonia
1459 2177 1662 2229 sanctis
1719 2177 1974 2243 apostolis
2016 2178 2184 2248 subji-

610 2265 923 2319 ciebantur:
957 2274 1119 2334 atque
1182 2265 1286 2320 hoc
1333 2266 1510 2333 ipsum
1561 2282 1628 2321 ne
1666 2267 1745 2321 illi
1804 2268 1906 2338 ipsi
1963 2269 2181 2339 quidem

612 2353 993 2410 diﬂitebantnr.

682 2447 758 2501 De
813 2449 1070 2516 principis
1129 2450 1429 2519 Synagogxe
1479 2449 1589 2503 tilia
1647 2451 1827 2504 aiebat
1882 2451 2181 2505 Christus:

619 2555 637 2587 ι
664 2536 838 2592 Nolite
862 2540 1009 2593 ﬂere.
1030 2538 1143 2592 Non
1168 2548 1249 2594 est
1278 2548 1491 2593 mortua
1520 2539 1717 2607 puella,
1737 2542 1830 2593 sed
1847 2541 2044 2595 dormit
2064 2542 2131 2595 δ’.
2157 2560 2177 2593 ι

613 2626 862 2697 Nunquid
900 2630 1060 2700 igitur
1120 2631 1378 2684 mentitus
1435 2630 1552 2685 est?
1587 2629 1762 2685 absit!
1798 2646 1983 2685 verum
2039 2634 2183 2686 enim

612 2716 766 2772 dixit.
805 2717 1019 2771 Modum
1051 2729 1232 2773 autem
1264 2720 1425 2787 hujus
1461 2721 1683 2787 exponit
1715 2719 1912 2775 Paulus
1948 2722 2032 2776 his
2068 2737 2188 2777 ver-

614 2810 695 2863 bis
728 2828 741 2863 :
778 2830 796 2862 ι
830 2812 947 2864 Non
974 2823 1056 2866 est
1085 2812 1230 2866 Deus
1267 2823 1630 2876 mortuorum,
1662 2813 1759 2865 sed
1788 2813 2034 2867 vivorum
2060 2815 2124 2870 ⁸³.
2161 2834 2182 2867 ι

616 2901 889 2969 Siquidem
919 2905 1227 2972 quicunque
1287 2902 1481 2956 victuri
1541 2912 1687 2967 sunt,
1714 2903 1787 2956 illi
1825 2905 1931 2959 Deo
1966 2905 2184 2973 vivunt;

618 2996 813 3046 mortui
882 2995 1107 3061 proinde
1168 2994 1484 3049 hontinibus
1548 2995 1745 3047 mortui
1797 3005 2186 3051 suntzverunt

2277 552 2376 603 οὐκ
2422 551 2487 603 ἂν
2523 549 2788 620 ὑπάρχειν
2827 549 2999 599 νοοῖτο
3044 545 3175 610 Θεὸς
3223 546 3444 617 ἀληθῶς
3478 549 3508 600 6
3543 544 3817 615 Χριστὸς,
3850 549 3875 597 6

2279 642 2522 713 θαλάσσῃ
2572 640 2666 693 καὶ
2711 638 3017 692 πνεύμασιν
3058 636 3356 706 ἐπιτιμῶν,
3402 637 3502 689 καὶ
3546 635 3719 689 τοῦτο
3765 636 3871 704 μετ’

2280 731 2547 799 ὲξουσίαςς

2354 843 2374 873 ι
2418 822 2622 874 Ἑδεῖτο
2647 820 2705 874 δὲ
2728 820 2893 873 αὑτοῦ
2924 822 2953 873 6
2984 820 3147 890 ἀνὴρ,
3198 820 3295 887 ἀφ’
3341 812 3405 871 οὗ
3438 817 3768 887 ἐξεληλύθει
3816 817 3876 868 τὰ

2280 912 2549 982 δαιμόνια.
2583 907 2722 965 εῖναι
2756 913 2851 965 σὺν
2900 910 3067 980 αὑτῷ.
3110 910 3425 962 Ἀπέστειλε
3461 908 3522 960 δὲ
3565 908 3763 963 αὑτὸν.
3796 907 3878 957 λέ-

2282 1019 2393 1071 γων
2414 1018 2426 1029 ’
2468 1002 2811 1072 Ὕπόστρεφε
2845 1003 2931 1063 είς
2956 1001 3047 1054 τὸν
3084 996 3231 1053 οἶκόν
3268 1017 3385 1060 σου,
3419 1001 3516 1052 καὶ
3552 998 3756 1067 διηγοῦ
3786 1000 3881 1050 ὅσα.

2284 1109 2365 1144 σοι
2402 1091 2700 1157 πεποίηκεν
2745 1092 2775 1143 6
2814 1089 2966 1151 Θεός.
3014 1088 3128 1142 Καὶ
3171 1088 3382 1157 ἀπῆλθε
3429 1086 3560 1140 καθ’
3601 1087 3747 1154 ὅλην
3788 1086 3881 1153 τὴν

2283 1183 2437 1235 πόλιν
2464 1182 2756 1250 κηρύσσων
2790 1182 2891 1233 ὅσα
2922 1180 3181 1247 ἐποίησεν
3212 1178 3362 1248 αὑτῷ
3391 1180 3420 1230 ὁ
3447 1178 3614 1240 Θεός.
3644 1195 3667 1228 ι
3703 1178 3795 1229 Ἐν
3814 1179 3881 1244 τῇ

2281 1274 2389 1325 τῶν
2421 1271 2773 1341 Γεργεσηνῶν
2804 1271 2958 1342 χώρᾳ
2985 1270 3394 1339 τεθεράπευκεν
3425 1270 3454 1321 6
3497 1268 3758 1339 Χριστὸς
3791 1267 3882 1320 τὸν

2282 1364 2489 1434 ἀγρίως
2517 1363 2879 1432 δαιμονῶντα,
2924 1362 2982 1425 6;
3013 1362 3106 1414 atat
3160 1362 3398 1414 συνεῖναι
3430 1360 3589 1430 αὑτῷ
3623 1359 3882 1429 «apud.

2282 1454 2385 1506 λει.
2424 1452 2585 1506 Ἀλλὰ
2634 1453 2810 1505 καίτοι
2842 1452 3191 1522 θεραπεύσας
3217 1451 3401 1513 αὑτὸν,
3457 1452 3560 1503 καὶ
3610 1449 3882 1516 ἐκϐεϐληο

2285 1544 2393 1608 κὼς
2426 1544 2493 1597 τὰ
2517 1544 2827 1614 πνεύματα,
2871 1542 3125 1595 ἐκέλευεν
3160 1541 3413 1594 ἀπελθεῖν
3453 1541 3537 1602 είς
3589 1540 3690 1593 τὸν
3733 1534 3883 1591 οἷκον

2283 1634 2482 1697 αὑτοῦ,
2517 1636 2610 1687 καὶ
2654 1633 2947 1704 κηρύττειν
2994 1633 3094 1685 ὅσα
3136 1632 3437 1699 πεποίηκεν
3472 1631 3628 1700 αύτῷ
3666 1634 3697 1684 6
3724 1631 3877 1693 Θεός.

2296 1725 2632 1796 Ἑνήργηκεν
2663 1720 2758 1777 οὖν
2784 1724 2969 1787 αὑτὸς,
3000 1724 3075 1786 ὡς
3108 1722 3238 1785 Θεὸς
3267 1723 3535 1794 ὑπάρχων
3577 1719 3841 1791 ἀληθινός
3863 1739 3874 1750 ·

2283 1818 2345 1870 οὑ
2378 1817 2482 1887 γάρ
2515 1814 2618 1869 πού
2667 1832 2847 1885 φαμεν
2875 1815 2952 1879 ώς
2986 1816 3257 1885 ὑπουργὸς
3299 1814 3491 1883 γέγονε
3520 1814 3682 1876 θείας
3710 1815 3869 1883 χάρι-

2282 1925 2374 1971 τος
2400 1908 2519 1960 καθ’
2556 1908 2651 1959 ἕνα
2671 1907 2777 1960 τῶν
2804 1907 3117 1977 προφητῶν,
3150 1909 3320 1977 ἧγουν
3368 1904 3481 1959 τῶν
3521 1907 3711 1975 ἁγίων
3747 1908 3878 1959 ἁπο-

2288 1998 2493 2050 στόλων
2513 2013 2524 2025 ·
2556 1997 2669 2049 ἀλλ’
2699 1993 2767 2067 ἦν
2799 1998 2964 2059 αὑτὸς
2997 1997 3226 2065 δυνάμει
3259 1999 3325 2066 τῇ
3366 1996 3474 2065 ἰδίᾳ
3508 1997 3608 2048 καὶ
3641 1996 3878 2062 θεοπρε-

2287 2091 2379 2142 πεῖ
2405 2087 2704 2158 συντρίϐων
2732 2088 2822 2141 τὸν
2854 2089 3121 2141 Σατανᾶν.
3168 2088 3255 2139 Ἐν
3280 2087 3507 2156 ὀνόματι
3544 2081 3644 2138 οὖν
3670 2085 3874 2146 αὑτοῦ,

2286 2182 2381 2233 καὶ
2414 2183 2524 2243 τοῖς
2552 2181 2727 2247 ἁγίοις
2766 2178 3036 2249 μαθηταῖς
3077 2178 3439 2231 ὑπετάττοντο
3463 2178 3532 2230 τὰ
3572 2178 3842 2247 δαιμόνια
3864 2194 3876 2205 ·

2286 2273 2378 2324 καὶ
2402 2272 2559 2325 τοῦτο
2584 2270 2995 2341 διωμολόγησαν
3025 2270 3201 2325 αὑτοί.

2367 2449 2490 2499 Ἐπὶ
2544 2450 2608 2516 τῇ
2662 2447 2894 2515 θυγατρὶ
2940 2446 3035 2498 τοῦ
3092 2445 3544 2515 ἀρχισυναγώγου
3615 2446 3792 2513 φησιν
3852 2446 3881 2498 δ

2286 2537 2553 2608 Χριστός·
2594 2556 2611 2588 t
2646 2538 2739 2605 Μὴ
2770 2536 3020 2589 κλαίετε·
3063 2536 3123 2588 οὑ
3152 2536 3264 2605 γὰρ
3311 2536 3550 2588 ἀπέθανε
3598 2536 3661 2588 τὸ
3708 2537 3880 2606 κορά-

2290 2643 2423 2689 σιον,
2451 2627 2586 2680 ἀλλὰ
2613 2628 2886 2681 καθεύδει.
2928 2646 2946 2677 ι
2982 2622 3109 2697 'Ap'
3134 2622 3227 2680 οὖν
3255 2626 3511 2696 ἐψεύδετο
3530 2634 3556 2660 ο
3581 2644 3596 2691 ;
3646 2627 3747 2696 Μὴ
3787 2628 3881 2695 γέ-

2287 2722 2462 2774 νοιτοί
2504 2720 2759 2790 ἀληθεύει
2788 2720 2875 2773 δέ’
2906 2719 3001 2772 καί
3027 2719 3165 2771 κατὰ
3200 2719 3320 2772 τίνα
3345 2718 3573 2789 τρόπον,
3600 2718 3633 2769 6
3663 2718 3882 2779 Παῦλος

2286 2811 2629 2883 διερμηνεύει
2672 2811 2845 2880 λέγων
2866 2828 2879 2841 ·
2920 2830 2939 2861 ι
2971 2810 3085 2863 Οὐκ
3130 2809 3245 2862 ἐστι
3285 2808 3417 2871 Θεὸς
3451 2808 3672 2877 νεκρῶν
3694 2848 3711 2873 ,
3744 2806 3883 2860 ἀλλὰ

2290 2905 2529 2969 ζώντων.
2561 2922 2582 2954 ο
2618 2902 2760 2955 Ζῶσι
2795 2901 2902 2972 γὰρ
2936 2901 3015 2970 τῷ
3057 2900 3179 2970 Θεῷ
3219 2901 3266 2951 oi
3314 2899 3501 2968 ζήσειν
3559 2898 3880 2967 μέλλοντες.

2291 2992 2501 3047 Οὑκοῦν
2527 2994 2575 3045 οἱ
2605 2992 2923 3060 τεθνηκότες
2951 3031 2964 3053 ,
2999 2989 3137 3042 κατὰ
3170 2990 3267 3057 μὲν
3298 2986 3626 3056 ἀνθρώπους
3652 2988 3770 3039 εἰσὶ
3802 3003 3884 3037 νε-

617 3095 819 3136 natura:
846 3085 915 3137 illi
950 3086 1194 3148 vivilicae,
1222 3085 1325 3139 hoc
1357 3093 1459 3144 est,
1494 3085 1707 3146 divinae,
1741 3084 1981 3137 minime.
2014 3084 2187 3139 Verax

2296 3085 2448 3155 κροί·
2498 3082 2640 3135 κατὰ
2688 3082 2744 3134 δὲ
2787 3081 2883 3152 τὴν
2931 3078 3193 3143 ζωοποιὴι
3242 3076 3425 3148 φύσιν,
3473 3077 3737 3129 τουτέστι
3790 3079 3886 3147 τὴν

618 3176 798 3243 itaque
829 3184 932 3237 est,
968 3176 1093 3227 dum
1124 3184 1181 3227 nt
1222 3176 1358 3228 Deus
1392 3175 1456 3227 de
1486 3174 1683 3243 puella,
1714 3193 1733 3225 ι
1775 3174 1889 3229 Νοιι
1920 3184 2005 3229 est
2036 3191 2186 3229 mor—

620 3274 729 3329 tua,
762 3266 855 3318 sed
889 3266 1107 3331 dormit,
1146 3285 1164 3317 ι
1198 3267 1469 3319 enuntiat.

686 3432 829 3488 Idem
888 3450 1007 3489 cum
1075 3434 1334 3503 apostolis
1400 3450 1703 3488 sermOucm
1750 3436 2056 3499 conferens,
2111 3440 2193 3489 ita.

618 3527 798 3581 aiebat
826 3544 840 3581 :
866 3545 882 3577 ι
916 3526 1046 3591 Quis
1075 3526 1249 3595 major
1284 3537 1387 3590 est,
1422 3527 1512 3595 qui
1544 3529 1829 3589 recumbit,
1863 3545 1928 3581 an
1967 3530 2054 3596 qui
2085 3531 2183 3582 mi-

622 3618 839 3681 nistrat;
872 3621 1051 3671 t‘lonue
1096 3620 1187 3686 qui
1250 3618 1550 3671 recumbit?
1582 3616 1686 3685 91
1742 3618 1850 3687 ligo
1905 3630 2080 3672 autem
2136 3622 2187 3671 in

622 3710 798 3762 medio
826 3709 991 3762 vestri
1047 3725 1165 3761 sum
1213 3720 1467 3776 tanquam
1507 3713 1595 3775 qui
1630 3709 1988 3761 ministrat“.
2026 3728 2042 3757 ι
2081 3708 2187 3761 Ob-

622 3815 796 3861 serva,
819 3807 875 3853 ιιι
920 3801 1063 3868 quod
1105 3800 1297 3852 attinet
1351 3797 1419 3851 ad
1474 3797 1755 3862 deitatem,
1794 3796 2193 3864 Dominicmque

622 3891 805 3959 gloriae
836 3894 1196 3960 maiestatem,
1233 3890 1283 3943 in
1320 3890 1703 3944 ministrorum
1729 3888 1921 3942 ordine
1954 3887 2190 3949 censeri,

627 3990 833 4036 tantum
896 3996 1002 4037 non
1057 3989 1357 4046 aversetur,
1414 3990 1749 4049 recusetque.
1804 3978 2189 4033 Verumtamen

626 4084 842 4141 propter
894 4074 1181 4128 humanam
1224 4083 1471 4126 naturam
1526 4074 1886 4126 ministerium
1933 4072 2187 4124 admittit.

625 4164 711 4217 Ait
739 4165 880 4217 enim
911 4183 923 4219 :
962 4182 979 4215 ι
1012 4164 1119 4234 Ego
1153 4166 1203 4218 in
1237 4165 1413 4218 medio
1449 4164 1612 4218 vestri
1664 4179 1782 4217 sum
1816 4172 2070 4230 tanquam
2103 4164 2192 4231 qui

626 4254 916 4310 ministrat.
960 4273 978 4305 ι
1030 4256 1141 4308 Etsi
1184 4270 1311 4321 ergo
1353 4255 1495 4307 inter
1535 4254 1833 4305 ministeria
1886 4254 2029 4305 ultro
2074 4267 2194 4307 sese

625 4343 911 4408 dimiserit,
931 4353 1168 4397 attamen
1192 4354 1250 4397 ut
1280 4344 1562 4406 Dominus,
1586 4346 1955 4411 universeque
1979 4354 2194 4397 creato.

629 4451 701 4490 rae
767 4435 1025 4489 famulatu
1087 4437 1405 4500 honoratus,
1463 4447 1520 4488 ttt
1576 4436 1745 4504 Deus,
1804 4436 1916 4505 ipse
1974 4446 2058 4492 est
2100 4438 2189 4507 qui
2226 4455 2269 4508 ι)

628 4527 915 4582 recumbit.

703 4638 719 4669 ι
753 4616 911 4673 Jesus
957 4619 1121 4687 igitur
1145 4620 1221 4673 ait
1256 4618 1359 4673 illis
1390 4619 1616 4689 (nempe
1656 4619 2002 4673 sacerdotum
2039 4618 2193 4686 priu-

628 4709 833 4777 cipibus
864 4710 932 4764 ab
964 4710 1053 4763 illo
1089 4711 1408 4764 Christusne
1438 4720 1582 4763 esset
1636 4708 2113 4778 sciscitantibus):
2139 4708 2193 4760 Si

632 4800 779 4853 vobis
806 4800 1015 4865 dixero.
1048 4816 1153 4855 non
1178 4803 1411 4855 credetis
1460 4803 1611 4854 mihi.
1656 4801 1712 4854 Si
1744 4812 1921 4853 autem
1958 4802 2192 4853 interro-

630 4904 848 4955 gavere,
885 4907 987 4942 non
1016 4892 1412 4960 respomlchitis
1469 4891 1621 4953 mihi,
1653 4907 1825 4959 neque
1890 4890 2193 4943 dimittetis.

633 4981 703 5033 Ex
752 4981 852 5033 hoc
882 4991 1057 5034 autem
1091 4984 1195 5036 erit
1222 4982 1389 5035 Filius
1431 4982 1663 5035 hominis
1698 4984 1895 5034 sedens
1929 4997 1957 5032 a
1987 4980 2198 5033 dextris

636 5071 845 5125 virtutis
878 5073 967 5124 Dei
991 5072 1055 5124 ".
1100 5091 1117 5123 ι
1153 5071 1207 5124 Si
1260 5071 1427 5123 Filius
1478 5070 1714 5123 hominis
1767 5074 1968 5123 sedela
1996 5071 2201 5123 tlexu'is

633 5160 747 5223 Dei,
789 5161 1061 5230 quomodo
1120 5159 1369 5214 Christus
1412 5175 1623 5213 summo
1662 5160 1750 5213 illo
1788 5160 1981 5212 throno
2036 5161 2197 5213 deco-

635 5260 803 5315 rattts,
834 5260 1133 5320 eademque
1178 5267 1297 5304 eum
1333 5249 1494 5304 Patre
1528 5251 1669 5304 sedis
1703 5252 2024 5303 auctoritate
2062 5266 2199 5317 prae—

703 5412 741 5440 “
781 5411 910 5466 Luc.
948 5427 1060 5472 \‘lll,
1100 5410 1187 5473 58,
1217 5408 1304 5461 59.

1376 5406 1418 5437 δ’
1455 5409 1583 5462 ibid.
1619 5408 1704 5461 5:2.
1784 5410 1828 5439 ⁸³
1854 5408 2008 5461 Rom.
2048 5425 2152 5472 MV,
2186 5408 2237 5462 9.

2296 3176 2467 3233 θείαν.
2499 3176 2600 3227 οὑκ
2628 3174 3081 3243 ἀποτεθνήκασιν.
3110 3170 3388 3239 Ἀληθεύει
3423 3170 3533 3240 γὰρ
3559 3169 3645 3232 ὡς
3677 3171 3815 3233 Θεὸς
3838 3174 3882 3233 Ρ,

2298 3269 2426 3337 περὶ
2478 3265 2571 3317 τοῦ
2624 3266 2880 3336 κορασίου
2927 3264 3132 3332 λέγων’
3179 3283 3196 3313 ι
3234 3264 3345 3317 Οὐκ
3389 3263 3709 3328 ἀπέθανεν,
3752 3262 3884 3315 em

2297 3359 2565 3412 καθεύδει.
2603 3377 2619 3407 ι

2367 3452 2492 3512 Τοῖς
2515 3448 2707 3501 ἑαυτοῦ
2740 3447 3008 3519 μαθηταῖς
3046 3445 3448 3514 διαλεγόμενος,
3471 3442 3693 3513 ἔφασκε
3724 3462 3735 3473 ·
3767 3445 3884 3503 «Τίς

2302 3542 2502 3613 μείζων
2532 3542 2699 3605 ἐστὶν,
2731 3540 2759 3591 6
2788 3539 3174 3607 ἀνακείμενος,
3212 3536 3245 3604 ἢ
3276 3537 3305 3587 6
3342 3535 3654 3598 διακονῶνς
3693 3536 3831 3602 οὐχὶ
3863 3538 3885 3586 6

2298 3631 2683 3701 ἁνακείμενος;
2727 3627 2869 3695 Ἐγὼ
2895 3627 2950 3679 δὲ
2979 3630 3037 3678 ὲν
3069 3626 3218 3695 μέσῳ
3250 3623 3403 3691 ὑμῶν
3436 3624 3557 3693 ειμι
3603 3623 3685 3685 ὡς
3722 3625 3754 3676 6
3778 3623 3883 3674 δια-

2301 3720 2526 3772 κονῶν.»
2546 3719 2727 3788 Ὁρᾷς,
2754 3718 2923 3779 ὅπως,
2952 3715 3075 3766 ὅσον
3102 3714 3197 3783 μὲν
3218 3708 3351 3783 ἧκεν
3376 3712 3457 3772 εἷς
3487 3727 3556 3778 γε
3584 3711 3657 3763 τὸ
3678 3714 3749 3782 τῇ
3777 3712 3884 3764 θεό-

2302 3826 2425 3878 τητι
2461 3810 2667 3878 πρέπον
2710 3808 2805 3861 καὶ
2847 3810 2916 3877 τῇ
2946 3803 3069 3873 δόξῃ
3104 3807 3170 3875 τῇ
3217 3806 3559 3875 Δεσποτικῇ,
3599 3807 3885 3875 μονονουχὶ

2303 3899 2397 3950 καὶ
2426 3899 2737 3952 ἀποσείεται
2762 3898 2824 3950 τὸ
2856 3900 2913 3950 ὲν
2938 3896 3187 3949 διακόνου
3215 3894 3454 3948 νοεῖσθαι
3485 3895 3651 3962 τάξει
3676 3912 3692 3961 ;
3737 3897 3879 3967 Tuti

2301 3991 2359 4043 δὲ
2388 3988 2544 4043 τοῦτο
2578 3990 2664 4041 διὰ
2696 3990 2755 4041 τὸ
2779 3987 3133 4060 ἀνθρώπινον·
3159 4007 3178 4039 ι
3212 3986 3354 4055 Ἐγὼ
3384 3987 3521 4058 γὰρ,
3545 3989 3748 4058 φησιν.
3782 3989 3885 4057 εἰμὶ

2302 4085 2360 4135 ὲν
2390 4080 2541 4150 μέσῳ
2576 4077 2727 4146 ὑμῶν
2766 4078 2841 4141 ὠς
2864 4078 3145 4132 διακονῶν.
3188 4097 3208 4130 ι
3241 4076 3455 4131 υὺκοῦν
3488 4078 3599 4131 κᾶν
3630 4083 3687 4132 εί
3731 4099 3887 4131 κατα-

2303 4173 2536 4242 ϐέϐηκεν
2563 4170 2619 4220 ἐν
2648 4166 2932 4231 διακόνοις,
2965 4169 3080 4222 ἀλλ’
3101 4165 3194 4223 οὖν
3223 4170 3286 4237 γι
3319 4172 3470 4222 ἐστιν
3506 4169 3685 4233 αὑτὸς
3704 4173 3738 4222 ὁ
3763 4174 3884 4222 ἁνα-

2304 4267 2556 4335 κείμενος
2602 4260 2677 4324 ὡς
2717 4260 3012 4330 Δεσπότης,
3075 4263 3169 4314 καὶ
3218 4260 3367 4332 παρὰ
3417 4260 3620 4329 πάσης.
3661 4261 3887 4321 κτίσεως

2303 4354 2719 4423 διακονούμενος
2749 4349 2823 4411 ὠς
2853 4349 3004 4411 Θεὸς.
3879 4357 3887 4363 ‘

2384 4634 2400 4666 t
2436 4608 2599 4667 Εἶπεν
2624 4608 2717 4666 οὖν
2751 4604 2931 4673 αὑτοῖς
2960 4611 2986 4662 ὁ
3011 4608 3244 4679 Χριστὸς
3268 4628 3284 4657 ι
3323 4608 3597 4677 (δηλονότι
3636 4616 3757 4676 τοῖς
3802 4614 3889 4682 ἀρε

2303 4705 2542 4775 χιερεῦσι
2572 4704 2679 4757 τῶν
2721 4703 2989 4756 Ἰουδαίων
3019 4698 3325 4771 ἐρωτῶσιν·
3376 4718 3393 4747 ι
3420 4698 3483 4749 Εἰ
3516 4700 3587 4750 σὺ
3616 4698 3671 4752 εἷ
3703 4704 3734 4753 ὁ
3767 4705 3887 4772 Χρι-

2310 4798 2466 4862 στός;
2495 4799 2540 4867 ι)
2574 4817 2592 4848 ι
2630 4797 2754 4850 Ἐὰν
2784 4797 2910 4863 ὑμῖν
2938 4794 3100 4859 εἴπω,
3120 4793 3180 4846 οὑ
3207 4790 3281 4862 μὴ
3304 4789 3645 4859 πιστεύσητε
3671 4809 3685 4821 ’
3719 4796 3814 4845 ἐὰν
3840 4794 3887 4845 δὲ

2305 4890 2584 4959 ἐρωτήσω,
2619 4891 2680 4941 οὑ
2714 4888 2788 4956 μὴ
2818 4886 3175 4957 ἀποκριθῆτε.
3221 4882 3355 4935 Ἀπὸ
3395 4880 3493 4933 τοῦ
3532 4882 3636 4935 νῦν
3657 4884 3720 4935 δὲ
3748 4886 3885 4938 ἔσται

2305 4982 2332 5030 ὁ
2364 4980 2488 5043 Υἱὸς
2512 4980 2606 5033 τοῦ
2637 4979 2925 5050 ἀνθρώπου
2956 4978 3265 5048 καθήμενος
3291 4978 3355 5028 ὲκ
3383 4974 3582 5037 δεξιῶν
3608 4976 3712 5046 τῆς
3743 4978 3886 5031 δυνὰ-

2310 5088 2452 5139 μεως
2496 5072 2589 5124 τοῦ
2636 5072 2793 5125 Θεοῦ.
2832 5092 2850 5123 ι
2890 5072 2952 5123 El
2993 5071 3225 5139 κάθηται
3275 5070 3339 5119 ἐκ
3370 5066 3565 5130 δεξιῶν
3596 5070 3702 5137 τῆς
3733 5071 3884 5124 δυνόο

2310 5180 2453 5231 μεως
2485 5164 2578 5216 τοῦ
2608 5164 2740 5216 Θεοῦ
2772 5166 2800 5215 6
2825 5161 2919 5214 τοῦ
2952 5160 3240 5231 ἀνθρώπου
3268 5158 3417 5219 Υίὸς,
3453 5156 3575 5221 πῶς
3602 5162 3666 5211 οὑ
3700 5162 3830 5224 Θεὸς
3866 5164 3888 5210 ό

2310 5252 2561 5320 Χριστὸς,
2596 5255 2707 5314 τοῖς
2744 5250 3003 5303 ἀνωτάτω
3037 5246 3233 5308 θώκοις
3260 5246 3593 5315 ἐμπρέπων,
3636 5250 3736 5303 καὶ
3766 5252 3883 5319 ὀμό-

2317 5409 2360 5439 “
2395 5408 2525 5467 Luc.
2556 5427 2690 5475 χχιι,
2714 5409 2803 5463 9.7.
2885 5411 2925 5439 ³⁵
2961 5407 3086 5460 ibid.
3126 5405 3214 5471 67,
3253 5406 3335 5460 69.

1692 5564 1861 5621 Varia:
1893 5568 2149 5624 lectiones
2174 5568 2373 5625 codicis
2405 5567 2757 5640 Seguicrinni.

718 5715 738 5740 ο
779 5708 1057 5775 ἐψεύσατο.
1155 5719 1176 5756 P
1212 5706 1493 5773 τοιγαροῦν
1524 5706 1595 5766 ὡς
1624 5706 1752 5768 Θεός
