  <div class='ocr_page' id='page_1' title='image "/cluster/home/n/w/nwhite01/storage/ocr_20150623/76/ien.35556001661040/652.png"; bbox 0 0 4040 6492; ppageno 0'>
   <div class='ocr_carea' id='block_1_1' title="bbox 202 410 1797 477">
    <p class='ocr_par' dir='ltr' id='par_1_1' title="bbox 202 411 1785 469">
     <span class='ocr_line' id='line_1_1' title="bbox 202 411 1785 469; baseline -0.003 0"><span class='ocrx_word' id='word_1_1' title='bbox 202 416 304 469; x_wconf 77' lang='lat' dir='ltr'><strong>l98l</strong></span> <span class='ocrx_word' id='word_1_2' title='bbox 1233 411 1320 465; x_wconf 75' lang='lat' dir='ltr'><strong>DE</strong></span> <span class='ocrx_word' id='word_1_3' title='bbox 1361 411 1584 464; x_wconf 68' lang='lat' dir='ltr'><strong>RECTA</strong></span> <span class='ocrx_word' id='word_1_4' title='bbox 1630 411 1785 465; x_wconf 81' lang='lat' dir='ltr'><strong>FIDE</strong></span> 
     </span>
    </p>
   </div>
   <div class='ocr_carea' id='block_1_2' title="bbox 1780 410 3375 477">
    <p class='ocr_par' dir='ltr' id='par_1_2' title="bbox 1780 410 3375 477">
     <span class='ocr_line' id='line_1_2' title="bbox 1780 410 3375 477; baseline 0.009 -15"><span class='ocrx_word' id='word_1_5' title='bbox 1780 411 1785 462; x_wconf 75' lang='grc' dir='ltr'>ἰ</span> <span class='ocrx_word' id='word_1_6' title='bbox 1829 411 1918 464; x_wconf 81' lang='lat' dir='ltr'><strong>Al)</strong></span> <span class='ocrx_word' id='word_1_7' title='bbox 1959 410 2278 466; x_wconf 77' lang='lat' dir='ltr'><strong>REGINAS.</strong></span> <span class='ocrx_word' id='word_1_8' title='bbox 3242 421 3375 477; x_wconf 69' lang='lat' dir='ltr'><strong>l289</strong></span> 
     </span>
    </p>
   </div>
   <div class='ocr_carea' id='block_1_3' title="bbox 197 522 1792 599">
    <p class='ocr_par' dir='ltr' id='par_1_3' title="bbox 197 522 1778 599">
     <span class='ocr_line' id='line_1_3' title="bbox 197 522 1778 599; baseline -0.004 -19"><span class='ocrx_word' id='word_1_9' title='bbox 197 529 348 599; x_wconf 76' lang='grc' dir='ltr'>θρονος</span> <span class='ocrx_word' id='word_1_10' title='bbox 366 526 426 596; x_wconf 79' lang='grc' dir='ltr'>τῷ</span> <span class='ocrx_word' id='word_1_11' title='bbox 456 524 663 594; x_wconf 77' lang='grc' dir='ltr'>Πατρί;</span> <span class='ocrx_word' id='word_1_12' title='bbox 699 525 771 576; x_wconf 69' lang='grc' dir='ltr'><strong>Οὐ</strong></span> <span class='ocrx_word' id='word_1_13' title='bbox 799 524 903 593; x_wconf 80' lang='grc' dir='ltr'><strong>γὰρ</strong></span> <span class='ocrx_word' id='word_1_14' title='bbox 933 522 1238 592; x_wconf 80' lang='grc' dir='ltr'>συνεδρεύει</span> <span class='ocrx_word' id='word_1_15' title='bbox 1274 522 1349 592; x_wconf 86' lang='grc' dir='ltr'>τῷ</span> <span class='ocrx_word' id='word_1_16' title='bbox 1379 522 1520 575; x_wconf 75' lang='grc' dir='ltr'>κατὰ</span> <span class='ocrx_word' id='word_1_17' title='bbox 1545 523 1706 591; x_wconf 74' lang='grc' dir='ltr'>φύσιν</span> <span class='ocrx_word' id='word_1_18' title='bbox 1739 532 1778 584; x_wconf 70' lang='grc' dir='ltr'><strong>Α</strong></span> 
     </span>
    </p>
   </div>
   <div class='ocr_carea' id='block_1_4' title="bbox 1780 522 3375 599">
    <p class='ocr_par' dir='ltr' id='par_1_4' title="bbox 1811 523 3375 590">
     <span class='ocr_line' id='line_1_4' title="bbox 1811 523 3375 590; baseline 0.007 -13"><span class='ocrx_word' id='word_1_19' title='bbox 1811 524 1978 586; x_wconf 86' lang='lat' dir='ltr'><strong>ditus,</strong></span> <span class='ocrx_word' id='word_1_20' title='bbox 2011 540 2114 577; x_wconf 87' lang='lat' dir='ltr'><strong>non</strong></span> <span class='ocrx_word' id='word_1_21' title='bbox 2140 535 2223 578; x_wconf 89' lang='lat' dir='ltr'><strong>cst</strong></span> <span class='ocrx_word' id='word_1_22' title='bbox 2254 524 2429 578; x_wconf 78' lang='lat' dir='ltr'><strong>Deus?</strong></span> <span class='ocrx_word' id='word_1_23' title='bbox 2462 523 2641 590; x_wconf 80' lang='lat' dir='ltr'><strong>Neque</strong></span> <span class='ocrx_word' id='word_1_24' title='bbox 2670 525 2809 577; x_wconf 86' lang='lat' dir='ltr'><strong>enim</strong></span> <span class='ocrx_word' id='word_1_25' title='bbox 2845 540 2965 579; x_wconf 84' lang='lat' dir='ltr'><strong>cum</strong></span> <span class='ocrx_word' id='word_1_26' title='bbox 2998 542 3126 583; x_wconf 86' lang='lat' dir='ltr'><strong>vero</strong></span> <span class='ocrx_word' id='word_1_27' title='bbox 3157 543 3375 588; x_wconf 82' lang='lat' dir='ltr'><strong>natura-</strong></span> 
     </span>
    </p>
   </div>
   <div class='ocr_carea' id='block_1_5' title="bbox 195 612 1790 690">
    <p class='ocr_par' dir='ltr' id='par_1_5' title="bbox 195 612 1706 688">
     <span class='ocr_line' id='line_1_5' title="bbox 195 612 1706 688; baseline -0.005 -17"><span class='ocrx_word' id='word_1_28' title='bbox 195 618 296 688; x_wconf 76' lang='grc' dir='ltr'><strong>Θεῴ</strong></span> <span class='ocrx_word' id='word_1_29' title='bbox 321 616 494 686; x_wconf 64' lang='grc' dir='ltr'>γενητὴ</span> <span class='ocrx_word' id='word_1_30' title='bbox 542 613 704 683; x_wconf 76' lang='grc' dir='ltr'>φύσις</span> <span class='ocrx_word' id='word_1_31' title='bbox 735 613 887 675; x_wconf 72' lang='grc' dir='ltr'>ὅλως.</span> <span class='ocrx_word' id='word_1_32' title='bbox 928 613 1243 684; x_wconf 83' lang='grc' dir='ltr'>Συνεδρεύει</span> <span class='ocrx_word' id='word_1_33' title='bbox 1290 612 1344 664; x_wconf 80' lang='grc' dir='ltr'><strong>δὲ</strong></span> <span class='ocrx_word' id='word_1_34' title='bbox 1387 615 1414 663; x_wconf 88' lang='grc' dir='ltr'>ὁ</span> <span class='ocrx_word' id='word_1_35' title='bbox 1457 612 1583 675; x_wconf 76' lang='grc' dir='ltr'>Υἱὸς</span> <span class='ocrx_word' id='word_1_36' title='bbox 1617 612 1706 665; x_wconf 85' lang='grc' dir='ltr'>τοῦ</span> 
     </span>
    </p>
   </div>
   <div class='ocr_carea' id='block_1_6' title="bbox 1783 612 3378 690">
    <p class='ocr_par' dir='ltr' id='par_1_6' title="bbox 1817 614 3378 690">
     <span class='ocr_line' id='line_1_6' title="bbox 1817 614 3378 690; baseline 0.007 -26"><span class='ocrx_word' id='word_1_37' title='bbox 1817 614 1961 682; x_wconf 87' lang='lat' dir='ltr'><strong>lique</strong></span> <span class='ocrx_word' id='word_1_38' title='bbox 2003 614 2110 668; x_wconf 87' lang='lat' dir='ltr'><strong>Deo</strong></span> <span class='ocrx_word' id='word_1_39' title='bbox 2172 616 2492 682; x_wconf 78' lang='lat' dir='ltr'><strong>productitia</strong></span> <span class='ocrx_word' id='word_1_40' title='bbox 2537 624 2725 665; x_wconf 86' lang='lat' dir='ltr'><strong>natura</strong></span> <span class='ocrx_word' id='word_1_41' title='bbox 2775 618 3053 672; x_wconf 80' lang='lat' dir='ltr'><strong>considere</strong></span> <span class='ocrx_word' id='word_1_42' title='bbox 3091 619 3378 690; x_wconf 81' lang='lat' dir='ltr'><strong>aliquando</strong></span> 
     </span>
    </p>
   </div>
   <div class='ocr_carea' id='block_1_7' title="bbox 193 701 1788 781">
    <p class='ocr_par' dir='ltr' id='par_1_7' title="bbox 193 703 1710 781">
     <span class='ocr_line' id='line_1_7' title="bbox 193 703 1710 781; baseline -0.004 -18"><span class='ocrx_word' id='word_1_43' title='bbox 193 710 454 781; x_wconf 79' lang='grc' dir='ltr'>ἀνθρώπου,</span> <span class='ocrx_word' id='word_1_44' title='bbox 500 705 626 759; x_wconf 83' lang='grc' dir='ltr'>καθ’</span> <span class='ocrx_word' id='word_1_45' title='bbox 655 706 849 758; x_wconf 72' lang='grc' dir='ltr'><strong>ἕνωσιν</strong></span> <span class='ocrx_word' id='word_1_46' title='bbox 879 705 1228 776; x_wconf 69' lang='grc' dir='ltr'>οἰκονομικὴν</span> <span class='ocrx_word' id='word_1_47' title='bbox 1262 703 1466 774; x_wconf 83' lang='grc' dir='ltr'>σαρκὸς</span> <span class='ocrx_word' id='word_1_48' title='bbox 1494 706 1710 771; x_wconf 84' lang='grc' dir='ltr'>γεγονό-</span> 
     </span>
    </p>
   </div>
   <div class='ocr_carea' id='block_1_8' title="bbox 1780 701 3375 781">
    <p class='ocr_par' dir='ltr' id='par_1_8' title="bbox 1815 701 3375 776">
     <span class='ocr_line' id='line_1_8' title="bbox 1815 701 3375 776; baseline 0.007 -20"><span class='ocrx_word' id='word_1_49' title='bbox 1815 711 2010 772; x_wconf 85' lang='lat' dir='ltr'><strong>potest.</strong></span> <span class='ocrx_word' id='word_1_50' title='bbox 2051 701 2310 756; x_wconf 87' lang='lat' dir='ltr'><strong>Cnnsidet</strong></span> <span class='ocrx_word' id='word_1_51' title='bbox 2335 712 2512 755; x_wconf 83' lang='lat' dir='ltr'><strong>autem</strong></span> <span class='ocrx_word' id='word_1_52' title='bbox 2546 717 2669 755; x_wconf 88' lang='lat' dir='ltr'><strong>cum</strong></span> <span class='ocrx_word' id='word_1_53' title='bbox 2705 718 2771 756; x_wconf 89' lang='lat' dir='ltr'><strong>eo</strong></span> <span class='ocrx_word' id='word_1_54' title='bbox 2793 703 2961 760; x_wconf 81' lang='lat' dir='ltr'><strong>Filius</strong></span> <span class='ocrx_word' id='word_1_55' title='bbox 2984 709 3238 776; x_wconf 77' lang='lat' dir='ltr'><strong>hominis,</strong></span> <span class='ocrx_word' id='word_1_56' title='bbox 3285 711 3375 767; x_wconf 84' lang='lat' dir='ltr'><strong>Dei</strong></span> 
     </span>
    </p>
   </div>
   <div class='ocr_carea' id='block_1_9' title="bbox 189 792 1784 866">
    <p class='ocr_par' dir='ltr' id='par_1_9' title="bbox 189 796 1056 866">
     <span class='ocr_line' id='line_1_9' title="bbox 189 796 1056 866; baseline -0.003 -12"><span class='ocrx_word' id='word_1_57' title='bbox 189 817 269 864; x_wconf 88' lang='grc' dir='ltr'><strong>τος</strong></span> <span class='ocrx_word' id='word_1_58' title='bbox 289 800 363 852; x_wconf 85' lang='grc' dir='ltr'>τοῦ</span> <span class='ocrx_word' id='word_1_59' title='bbox 390 801 444 849; x_wconf 78' lang='grc' dir='ltr'>ὲκ</span> <span class='ocrx_word' id='word_1_60' title='bbox 468 796 603 849; x_wconf 88' lang='grc' dir='ltr'>Θεοῦ</span> <span class='ocrx_word' id='word_1_61' title='bbox 639 796 835 865; x_wconf 79' lang='grc' dir='ltr'><strong>φύντος</strong></span> <span class='ocrx_word' id='word_1_62' title='bbox 863 798 1056 866; x_wconf 82' lang='grc' dir='ltr'>Λόγου.</span> 
     </span>
    </p>
   </div>
   <div class='ocr_carea' id='block_1_10' title="bbox 1783 792 3378 866">
    <p class='ocr_par' dir='ltr' id='par_1_10' title="bbox 1816 792 3378 866">
     <span class='ocr_line' id='line_1_10' title="bbox 1816 792 3378 866; baseline 0.008 -20"><span class='ocrx_word' id='word_1_63' title='bbox 1816 794 2068 847; x_wconf 87' lang='lat' dir='ltr'><strong>nimirum</strong></span> <span class='ocrx_word' id='word_1_64' title='bbox 2107 792 2282 845; x_wconf 83' lang='lat' dir='ltr'><strong>Verbo</strong></span> <span class='ocrx_word' id='word_1_65' title='bbox 2326 793 2619 846; x_wconf 89' lang='lat' dir='ltr'><strong>secundum</strong></span> <span class='ocrx_word' id='word_1_66' title='bbox 2672 794 2885 850; x_wconf 86' lang='lat' dir='ltr'><strong>unionis</strong></span> <span class='ocrx_word' id='word_1_67' title='bbox 2920 797 3378 866; x_wconf 73' lang='lat' dir='ltr'><strong>dispensationem</strong></span> 
     </span>
    </p>
   </div>
   <div class='ocr_carea' id='block_1_11' title="bbox 1816 883 2113 936">
    <p class='ocr_par' dir='ltr' id='par_1_11' title="bbox 1816 883 2113 936">
     <span class='ocr_line' id='line_1_11' title="bbox 1816 883 2113 936; baseline -0.01 -1"><span class='ocrx_word' id='word_1_68' title='bbox 1816 883 2113 936; x_wconf 86' lang='lat' dir='ltr'><strong>incarnato.</strong></span> 
     </span>
    </p>
   </div>
   <div class='ocr_carea' id='block_1_12' title="bbox 386 992 1981 1063">
    <p class='ocr_par' dir='ltr' id='par_1_12' title="bbox 386 992 1461 1063">
     <span class='ocr_line' id='line_1_12' title="bbox 386 992 1461 1063; baseline -0.002 -19"><span class='ocrx_word' id='word_1_69' title='bbox 386 993 498 1047; x_wconf 81' lang='grc' dir='ltr'>Ὀτι</span> <span class='ocrx_word' id='word_1_70' title='bbox 537 992 648 1063; x_wconf 80' lang='grc' dir='ltr'><strong>ζωὴ</strong></span> <span class='ocrx_word' id='word_1_71' title='bbox 683 993 781 1047; x_wconf 74' lang='grc' dir='ltr'>καὶ</span> <span class='ocrx_word' id='word_1_72' title='bbox 815 993 1092 1057; x_wconf 78' lang='grc' dir='ltr'>ζωοποιύς</span> <span class='ocrx_word' id='word_1_73' title='bbox 1128 996 1159 1044; x_wconf 81' lang='grc' dir='ltr'><strong>ό</strong></span> <span class='ocrx_word' id='word_1_74' title='bbox 1190 993 1461 1058; x_wconf 76' lang='grc' dir='ltr'>Χριστός.</span> 
     </span>
    </p>
   </div>
   <div class='ocr_carea' id='block_1_13' title="bbox 1512 992 3107 1063">
    <p class='ocr_par' dir='ltr' id='par_1_13' title="bbox 2095 992 3107 1063">
     <span class='ocr_line' id='line_1_13' title="bbox 2095 992 3107 1063; baseline 0.007 -18"><span class='ocrx_word' id='word_1_75' title='bbox 2095 994 2246 1059; x_wconf 82' lang='lat' dir='ltr'><strong>Quod</strong></span> <span class='ocrx_word' id='word_1_76' title='bbox 2270 992 2512 1046; x_wconf 75' lang='lat' dir='ltr'><strong>Christus</strong></span> <span class='ocrx_word' id='word_1_77' title='bbox 2548 1004 2620 1046; x_wconf 75' lang='lat' dir='ltr'><strong>est</strong></span> <span class='ocrx_word' id='word_1_78' title='bbox 2646 994 2748 1046; x_wconf 72' lang='lat' dir='ltr'><strong>vita</strong></span> <span class='ocrx_word' id='word_1_79' title='bbox 2782 1003 2829 1046; x_wconf 84' lang='lat' dir='ltr'><strong>et</strong></span> <span class='ocrx_word' id='word_1_80' title='bbox 2854 995 3107 1063; x_wconf 63' lang='lat' dir='ltr'><strong>rivi/ictus.</strong></span> 
     </span>
    </p>
   </div>
   <div class='ocr_carea' id='block_1_14' title="bbox 378 1103 1973 1177">
    <p class='ocr_par' dir='ltr' id='par_1_14' title="bbox 378 1103 1502 1177">
     <span class='ocr_line' id='line_1_14' title="bbox 378 1103 1502 1177; baseline 0.002 -19"><span class='ocrx_word' id='word_1_81' title='bbox 378 1107 460 1160; x_wconf 86' lang='grc' dir='ltr'>Ἐκ</span> <span class='ocrx_word' id='word_1_82' title='bbox 512 1106 624 1177; x_wconf 71' lang='grc' dir='ltr'>τῆς</span> <span class='ocrx_word' id='word_1_83' title='bbox 662 1106 812 1176; x_wconf 81' lang='grc' dir='ltr'>πρὸς</span> <span class='ocrx_word' id='word_1_84' title='bbox 850 1105 1198 1172; x_wconf 79' lang='grc' dir='ltr'><strong>Κορινθίους</strong></span> <span class='ocrx_word' id='word_1_85' title='bbox 1249 1103 1502 1171; x_wconf 81' lang='grc' dir='ltr'><strong>πρώτης.</strong></span> 
     </span>
    </p>
   </div>
   <div class='ocr_carea' id='block_1_15' title="bbox 1364 1103 2959 1177">
    <p class='ocr_par' dir='ltr' id='par_1_15' title="bbox 1364 1103 2959 1172">
     <span class='ocr_line' id='line_1_15' title="bbox 1364 1103 2959 1172; baseline 0.004 -18"><span class='ocrx_word' id='word_1_86' title='bbox 1364 1121 1502 1171; x_wconf 76' lang='grc' dir='ltr'>ιτης.</span> <span class='ocrx_word' id='word_1_87' title='bbox 2248 1106 2332 1160; x_wconf 77' lang='lat' dir='ltr'><strong>Ex</strong></span> <span class='ocrx_word' id='word_1_88' title='bbox 2355 1107 2520 1172; x_wconf 83' lang='lat' dir='ltr'><strong>priori</strong></span> <span class='ocrx_word' id='word_1_89' title='bbox 2545 1105 2612 1158; x_wconf 85' lang='lat' dir='ltr'><strong>ad</strong></span> <span class='ocrx_word' id='word_1_90' title='bbox 2641 1103 2959 1160; x_wconf 73' lang='lat' dir='ltr'><strong>Corinthios.</strong></span> 
     </span>
    </p>
   </div>
   <div class='ocr_carea' id='block_1_16' title="bbox 253 1213 1848 1294">
    <p class='ocr_par' dir='ltr' id='par_1_16' title="bbox 253 1213 1715 1286">
     <span class='ocr_line' id='line_1_16' title="bbox 253 1213 1715 1286; baseline 0.002 -21"><span class='ocrx_word' id='word_1_91' title='bbox 253 1231 276 1265; x_wconf 69' lang='grc' dir='ltr'>ι</span> <span class='ocrx_word' id='word_1_92' title='bbox 304 1214 377 1278; x_wconf 75' lang='grc' dir='ltr'>Ὦς</span> <span class='ocrx_word' id='word_1_93' title='bbox 411 1215 690 1285; x_wconf 80' lang='grc' dir='ltr'><strong>φρονίμοις</strong></span> <span class='ocrx_word' id='word_1_94' title='bbox 733 1213 902 1281; x_wconf 76' lang='grc' dir='ltr'><strong>λέγω·</strong></span> <span class='ocrx_word' id='word_1_95' title='bbox 936 1215 1158 1279; x_wconf 84' lang='grc' dir='ltr'>κρίνατε</span> <span class='ocrx_word' id='word_1_96' title='bbox 1191 1215 1348 1283; x_wconf 81' lang='grc' dir='ltr'>ὑμεῖς</span> <span class='ocrx_word' id='word_1_97' title='bbox 1374 1215 1402 1267; x_wconf 81' lang='grc' dir='ltr'><strong>ὅ</strong></span> <span class='ocrx_word' id='word_1_98' title='bbox 1430 1233 1605 1286; x_wconf 83' lang='grc' dir='ltr'>φημι·</span> <span class='ocrx_word' id='word_1_99' title='bbox 1641 1216 1715 1267; x_wconf 73' lang='grc' dir='ltr'><strong>Τὸ</strong></span> 
     </span>
    </p>
   </div>
   <div class='ocr_carea' id='block_1_17' title="bbox 1785 1213 3380 1294">
    <p class='ocr_par' dir='ltr' id='par_1_17' title="bbox 1893 1216 3380 1294">
     <span class='ocr_line' id='line_1_17' title="bbox 1893 1216 3380 1294; baseline 0.013 -30"><span class='ocrx_word' id='word_1_100' title='bbox 1893 1239 1909 1269; x_wconf 72' lang='grc' dir='ltr'>ι</span> <span class='ocrx_word' id='word_1_101' title='bbox 1949 1218 2015 1273; x_wconf 83' lang='lat' dir='ltr'><strong>Ut</strong></span> <span class='ocrx_word' id='word_1_102' title='bbox 2046 1218 2399 1284; x_wconf 73' lang='lat' dir='ltr'><strong>prudentibus</strong></span> <span class='ocrx_word' id='word_1_103' title='bbox 2429 1216 2619 1284; x_wconf 89' lang='lat' dir='ltr'><strong>loquor</strong></span> <span class='ocrx_word' id='word_1_104' title='bbox 2647 1234 2661 1268; x_wconf 88' lang='lat'><strong>:</strong></span> <span class='ocrx_word' id='word_1_105' title='bbox 2696 1230 2789 1270; x_wconf 90' lang='lat' dir='ltr'><strong>vos</strong></span> <span class='ocrx_word' id='word_1_106' title='bbox 2831 1216 2932 1286; x_wconf 92' lang='lat' dir='ltr'><strong>ipsi</strong></span> <span class='ocrx_word' id='word_1_107' title='bbox 2963 1218 3199 1286; x_wconf 77' lang='lat' dir='ltr'><strong>iudicate</strong></span> <span class='ocrx_word' id='word_1_108' title='bbox 3237 1229 3380 1294; x_wconf 83' lang='lat' dir='ltr'><strong>quod</strong></span> 
     </span>
    </p>
   </div>
   <div class='ocr_carea' id='block_1_18' title="bbox 182 1301 1777 1388">
    <p class='ocr_par' dir='ltr' id='par_1_18' title="bbox 182 1301 1716 1376">
     <span class='ocr_line' id='line_1_18' title="bbox 182 1301 1716 1376; baseline -0.001 -18"><span class='ocrx_word' id='word_1_109' title='bbox 182 1306 408 1376; x_wconf 79' lang='grc' dir='ltr'>ποτήριον</span> <span class='ocrx_word' id='word_1_110' title='bbox 435 1306 533 1375; x_wconf 81' lang='grc' dir='ltr'>τῆς</span> <span class='ocrx_word' id='word_1_111' title='bbox 561 1302 838 1370; x_wconf 73' lang='grc' dir='ltr'><strong>εὐλογίας,</strong></span> <span class='ocrx_word' id='word_1_112' title='bbox 864 1301 892 1354; x_wconf 80' lang='grc' dir='ltr'><strong>ὃ</strong></span> <span class='ocrx_word' id='word_1_113' title='bbox 927 1301 1277 1372; x_wconf 76' lang='grc' dir='ltr'>εὐλογοῦμεν,</span> <span class='ocrx_word' id='word_1_114' title='bbox 1305 1303 1427 1374; x_wconf 70' lang='grc' dir='ltr'>οὐχὶ</span> <span class='ocrx_word' id='word_1_115' title='bbox 1458 1303 1716 1357; x_wconf 74' lang='grc' dir='ltr'><strong>κοινωνία</strong></span> 
     </span>
    </p>
   </div>
   <div class='ocr_carea' id='block_1_19' title="bbox 1791 1301 3386 1388">
    <p class='ocr_par' dir='ltr' id='par_1_19' title="bbox 1816 1307 3386 1388">
     <span class='ocr_line' id='line_1_19' title="bbox 1816 1307 3386 1388; baseline 0.002 -26"><span class='ocrx_word' id='word_1_116' title='bbox 1816 1311 1957 1364; x_wconf 83' lang='lat' dir='ltr'><strong>dico.</strong></span> <span class='ocrx_word' id='word_1_117' title='bbox 1987 1309 2138 1364; x_wconf 78' lang='lat' dir='ltr'><strong>Calix</strong></span> <span class='ocrx_word' id='word_1_118' title='bbox 2190 1308 2606 1388; x_wconf 68' lang='lat' dir='ltr'><strong>lmnedictiqnis,</strong></span> <span class='ocrx_word' id='word_1_119' title='bbox 2633 1307 2719 1360; x_wconf 89' lang='lat' dir='ltr'><strong>cui</strong></span> <span class='ocrx_word' id='word_1_120' title='bbox 2777 1307 3170 1375; x_wconf 88' lang='lat' dir='ltr'><strong>benedicimus,</strong></span> <span class='ocrx_word' id='word_1_121' title='bbox 3208 1330 3386 1376; x_wconf 75' lang='lat' dir='ltr'><strong>nonne</strong></span> 
     </span>
    </p>
   </div>
   <div class='ocr_carea' id='block_1_20' title="bbox 181 1391 1776 1476">
    <p class='ocr_par' dir='ltr' id='par_1_20' title="bbox 181 1391 1714 1464">
     <span class='ocr_line' id='line_1_20' title="bbox 181 1391 1714 1464; baseline -0.001 -15"><span class='ocrx_word' id='word_1_122' title='bbox 181 1397 291 1448; x_wconf 65' lang='grc' dir='ltr'><strong>ἔστὶ</strong></span> <span class='ocrx_word' id='word_1_123' title='bbox 309 1392 388 1449; x_wconf 76' lang='grc' dir='ltr'><strong>τοῦ</strong></span> <span class='ocrx_word' id='word_1_124' title='bbox 412 1396 641 1464; x_wconf 71' lang='grc' dir='ltr'>αἵματος</span> <span class='ocrx_word' id='word_1_125' title='bbox 665 1392 758 1445; x_wconf 87' lang='grc' dir='ltr'><strong>τοῦ</strong></span> <span class='ocrx_word' id='word_1_126' title='bbox 787 1391 1023 1462; x_wconf 80' lang='grc' dir='ltr'><strong>Χριστοῦ</strong></span> <span class='ocrx_word' id='word_1_127' title='bbox 1045 1409 1060 1459; x_wconf 87' lang='grc'>;</span> <span class='ocrx_word' id='word_1_128' title='bbox 1087 1392 1191 1446; x_wconf 84' lang='grc' dir='ltr'>Τὸν</span> <span class='ocrx_word' id='word_1_129' title='bbox 1210 1393 1371 1462; x_wconf 78' lang='grc' dir='ltr'>ἄρτον</span> <span class='ocrx_word' id='word_1_130' title='bbox 1391 1393 1448 1448; x_wconf 82' lang='grc' dir='ltr'><strong>ὃν</strong></span> <span class='ocrx_word' id='word_1_131' title='bbox 1474 1393 1714 1464; x_wconf 80' lang='grc' dir='ltr'>κλῶμεν,</span> 
     </span>
    </p>
   </div>
   <div class='ocr_carea' id='block_1_21' title="bbox 1788 1391 3383 1476">
    <p class='ocr_par' dir='ltr' id='par_1_21' title="bbox 1817 1397 3383 1476">
     <span class='ocr_line' id='line_1_21' title="bbox 1817 1397 3383 1476; baseline 0.004 -20"><span class='ocrx_word' id='word_1_132' title='bbox 1817 1399 2236 1456; x_wconf 68' lang='lat' dir='ltr'><strong>communicatio</strong></span> <span class='ocrx_word' id='word_1_133' title='bbox 2261 1400 2538 1468; x_wconf 78' lang='lat' dir='ltr'><strong>sanguinis</strong></span> <span class='ocrx_word' id='word_1_134' title='bbox 2569 1397 2772 1452; x_wconf 83' lang='lat' dir='ltr'><strong>Citriin</strong></span> <span class='ocrx_word' id='word_1_135' title='bbox 2811 1398 2937 1452; x_wconf 78' lang='lat' dir='ltr'><strong>est?</strong></span> <span class='ocrx_word' id='word_1_136' title='bbox 2964 1408 3018 1453; x_wconf 88' lang='lat' dir='ltr'><strong>et</strong></span> <span class='ocrx_word' id='word_1_137' title='bbox 3051 1404 3204 1469; x_wconf 83' lang='lat' dir='ltr'><strong>panis</strong></span> <span class='ocrx_word' id='word_1_138' title='bbox 3227 1421 3383 1476; x_wconf 83' lang='lat' dir='ltr'><strong>quem</strong></span> 
     </span>
    </p>
   </div>
   <div class='ocr_carea' id='block_1_22' title="bbox 177 1481 1772 1558">
    <p class='ocr_par' dir='ltr' id='par_1_22' title="bbox 177 1481 1716 1558">
     <span class='ocr_line' id='line_1_22' title="bbox 177 1481 1716 1558; baseline -0.002 -18"><span class='ocrx_word' id='word_1_139' title='bbox 177 1489 289 1558; x_wconf 78' lang='grc' dir='ltr'><strong>οὐχὶ</strong></span> <span class='ocrx_word' id='word_1_140' title='bbox 316 1486 549 1541; x_wconf 75' lang='grc' dir='ltr'><strong>κοινωνία</strong></span> <span class='ocrx_word' id='word_1_141' title='bbox 596 1484 712 1536; x_wconf 65' lang='grc' dir='ltr'>ἐστὶ</span> <span class='ocrx_word' id='word_1_142' title='bbox 741 1481 832 1536; x_wconf 88' lang='grc' dir='ltr'><strong>τοῦ</strong></span> <span class='ocrx_word' id='word_1_143' title='bbox 870 1482 1120 1553; x_wconf 81' lang='grc' dir='ltr'>σώματος</span> <span class='ocrx_word' id='word_1_144' title='bbox 1156 1484 1248 1537; x_wconf 88' lang='grc' dir='ltr'>τοῦ</span> <span class='ocrx_word' id='word_1_145' title='bbox 1282 1483 1552 1555; x_wconf 76' lang='grc' dir='ltr'>Χριστοῦς</span> <span class='ocrx_word' id='word_1_146' title='bbox 1593 1487 1716 1538; x_wconf 85' lang='grc' dir='ltr'>Ὀτι</span> 
     </span>
    </p>
   </div>
   <div class='ocr_carea' id='block_1_23' title="bbox 1794 1481 3389 1558">
    <p class='ocr_par' dir='ltr' id='par_1_23' title="bbox 1819 1488 3389 1558">
     <span class='ocr_line' id='line_1_23' title="bbox 1819 1488 3389 1558; baseline 0.006 -14"><span class='ocrx_word' id='word_1_147' title='bbox 1819 1490 2140 1558; x_wconf 78' lang='lat' dir='ltr'><strong>frangimus,</strong></span> <span class='ocrx_word' id='word_1_148' title='bbox 2172 1505 2352 1543; x_wconf 83' lang='lat' dir='ltr'><strong>nonne</strong></span> <span class='ocrx_word' id='word_1_149' title='bbox 2373 1490 2723 1558; x_wconf 84' lang='lat' dir='ltr'><strong>participatio</strong></span> <span class='ocrx_word' id='word_1_150' title='bbox 2754 1488 2999 1556; x_wconf 86' lang='lat' dir='ltr'><strong>corporis</strong></span> <span class='ocrx_word' id='word_1_151' title='bbox 3035 1491 3238 1550; x_wconf 79' lang='lat' dir='ltr'><strong>Domini</strong></span> <span class='ocrx_word' id='word_1_152' title='bbox 3272 1502 3389 1553; x_wconf 78' lang='lat' dir='ltr'><strong>est?</strong></span> 
     </span>
    </p>
   </div>
   <div class='ocr_carea' id='block_1_24' title="bbox 176 1579 1771 1654">
    <p class='ocr_par' dir='ltr' id='par_1_24' title="bbox 176 1579 1716 1654">
     <span class='ocr_line' id='line_1_24' title="bbox 176 1579 1716 1654; baseline -0.001 -17"><span class='ocrx_word' id='word_1_153' title='bbox 176 1579 252 1647; x_wconf 73' lang='grc' dir='ltr'>εἷς</span> <span class='ocrx_word' id='word_1_154' title='bbox 275 1585 433 1654; x_wconf 77' lang='grc' dir='ltr'>ἄρτος,</span> <span class='ocrx_word' id='word_1_155' title='bbox 463 1582 520 1646; x_wconf 65' lang='grc' dir='ltr'><strong>ἐν</strong></span> <span class='ocrx_word' id='word_1_156' title='bbox 547 1579 708 1649; x_wconf 72' lang='grc' dir='ltr'>σῶμα</span> <span class='ocrx_word' id='word_1_157' title='bbox 737 1582 909 1650; x_wconf 74' lang='grc' dir='ltr'>ἐσμεν</span> <span class='ocrx_word' id='word_1_158' title='bbox 947 1581 997 1632; x_wconf 78' lang='lat' dir='ltr'><strong>oi</strong></span> <span class='ocrx_word' id='word_1_159' title='bbox 1031 1580 1249 1633; x_wconf 80' lang='grc' dir='ltr'>πολλοί·</span> <span class='ocrx_word' id='word_1_160' title='bbox 1280 1582 1327 1633; x_wconf 84' lang='lat' dir='ltr'><strong>oi</strong></span> <span class='ocrx_word' id='word_1_161' title='bbox 1361 1582 1472 1652; x_wconf 76' lang='grc' dir='ltr'><strong>γὰρ</strong></span> <span class='ocrx_word' id='word_1_162' title='bbox 1518 1581 1716 1647; x_wconf 79' lang='grc' dir='ltr'>πάντες</span> 
     </span>
    </p>
   </div>
   <div class='ocr_carea' id='block_1_25' title="bbox 1790 1579 3385 1654">
    <p class='ocr_par' dir='ltr' id='par_1_25' title="bbox 1819 1581 3385 1651">
     <span class='ocr_line' id='line_1_25' title="bbox 1819 1581 3385 1651; baseline 0.023 -42"><span class='ocrx_word' id='word_1_163' title='bbox 1819 1583 2078 1648; x_wconf 64' lang='lat' dir='ltr'><strong>Quoniam</strong></span> <span class='ocrx_word' id='word_1_164' title='bbox 2115 1599 2256 1637; x_wconf 71' lang='lat' dir='ltr'><strong>unus</strong></span> <span class='ocrx_word' id='word_1_165' title='bbox 2280 1581 2454 1651; x_wconf 77' lang='lat' dir='ltr'><strong>panis,</strong></span> <span class='ocrx_word' id='word_1_166' title='bbox 2486 1590 2537 1634; x_wconf 92' lang='lat' dir='ltr'><strong>et</strong></span> <span class='ocrx_word' id='word_1_167' title='bbox 2562 1596 2723 1633; x_wconf 90' lang='lat' dir='ltr'><strong>unum</strong></span> <span class='ocrx_word' id='word_1_168' title='bbox 2755 1595 2950 1650; x_wconf 84' lang='lat' dir='ltr'><strong>corpus</strong></span> <span class='ocrx_word' id='word_1_169' title='bbox 2981 1581 3129 1636; x_wconf 90' lang='lat' dir='ltr'><strong>multi</strong></span> <span class='ocrx_word' id='word_1_170' title='bbox 3157 1601 3342 1643; x_wconf 83' lang='lat' dir='ltr'><strong>sumus</strong></span> <span class='ocrx_word' id='word_1_171' title='bbox 3372 1608 3385 1645; x_wconf 91' lang='lat'>:</span> 
     </span>
    </p>
   </div>
   <div class='ocr_carea' id='block_1_26' title="bbox 174 1671 1769 1744">
    <p class='ocr_par' dir='ltr' id='par_1_26' title="bbox 174 1671 1713 1744">
     <span class='ocr_line' id='line_1_26' title="bbox 174 1671 1713 1744; baseline 0.001 -17"><span class='ocrx_word' id='word_1_172' title='bbox 174 1677 236 1728; x_wconf 74' lang='grc' dir='ltr'><strong>ιχ</strong></span> <span class='ocrx_word' id='word_1_173' title='bbox 266 1674 346 1727; x_wconf 85' lang='grc' dir='ltr'>τοῦ</span> <span class='ocrx_word' id='word_1_174' title='bbox 375 1674 482 1737; x_wconf 68' lang='grc' dir='ltr'>ἑνὸς</span> <span class='ocrx_word' id='word_1_175' title='bbox 521 1672 686 1744; x_wconf 73' lang='grc' dir='ltr'>ἄρτου</span> <span class='ocrx_word' id='word_1_176' title='bbox 724 1675 1044 1743; x_wconf 80' lang='grc' dir='ltr'>μετέχομεν.</span> <span class='ocrx_word' id='word_1_177' title='bbox 1077 1691 1094 1722; x_wconf 71' lang='grc' dir='ltr'>ι</span> <span class='ocrx_word' id='word_1_178' title='bbox 1138 1672 1199 1724; x_wconf 86' lang='grc' dir='ltr'><strong><em>Ἡ</em></strong></span> <span class='ocrx_word' id='word_1_179' title='bbox 1228 1671 1517 1742; x_wconf 83' lang='grc' dir='ltr'>ἀνθρώπου</span> <span class='ocrx_word' id='word_1_180' title='bbox 1558 1672 1713 1744; x_wconf 81' lang='grc' dir='ltr'>σὰρξ,</span> 
     </span>
    </p>
   </div>
   <div class='ocr_carea' id='block_1_27' title="bbox 1794 1671 3389 1744">
    <p class='ocr_par' dir='ltr' id='par_1_27' title="bbox 1821 1672 3389 1742">
     <span class='ocr_line' id='line_1_27' title="bbox 1821 1672 3389 1742; baseline 0 -14"><span class='ocrx_word' id='word_1_181' title='bbox 1821 1689 1943 1728; x_wconf 88' lang='lat' dir='ltr'><strong>nam</strong></span> <span class='ocrx_word' id='word_1_182' title='bbox 1984 1689 2170 1728; x_wconf 89' lang='lat' dir='ltr'><strong>omnes</strong></span> <span class='ocrx_word' id='word_1_183' title='bbox 2202 1675 2267 1727; x_wconf 92' lang='lat' dir='ltr'><strong>de</strong></span> <span class='ocrx_word' id='word_1_184' title='bbox 2321 1689 2426 1726; x_wconf 86' lang='lat' dir='ltr'><strong>uno</strong></span> <span class='ocrx_word' id='word_1_185' title='bbox 2480 1688 2618 1742; x_wconf 85' lang='lat' dir='ltr'><strong>pane</strong></span> <span class='ocrx_word' id='word_1_186' title='bbox 2662 1672 3048 1741; x_wconf 88' lang='lat' dir='ltr'><strong>participamus</strong></span> <span class='ocrx_word' id='word_1_187' title='bbox 3077 1674 3145 1730; x_wconf 81' lang='lat'><strong>“.</strong></span> <span class='ocrx_word' id='word_1_188' title='bbox 3176 1697 3192 1728; x_wconf 78' lang='grc' dir='ltr'>ι</span> <span class='ocrx_word' id='word_1_189' title='bbox 3249 1680 3389 1737; x_wconf 73' lang='lat' dir='ltr'><strong>Caro</strong></span> 
     </span>
    </p>
   </div>
   <div class='ocr_carea' id='block_1_28' title="bbox 174 1761 1769 1834">
    <p class='ocr_par' dir='ltr' id='par_1_28' title="bbox 174 1761 1713 1833">
     <span class='ocr_line' id='line_1_28' title="bbox 174 1761 1713 1833; baseline -0.001 -15"><span class='ocrx_word' id='word_1_190' title='bbox 174 1767 292 1818; x_wconf 80' lang='grc' dir='ltr'>ὅσον</span> <span class='ocrx_word' id='word_1_191' title='bbox 340 1761 465 1833; x_wconf 78' lang='grc' dir='ltr'>ἧκεν</span> <span class='ocrx_word' id='word_1_192' title='bbox 499 1767 581 1827; x_wconf 83' lang='grc' dir='ltr'><strong>είς</strong></span> <span class='ocrx_word' id='word_1_193' title='bbox 631 1764 766 1818; x_wconf 81' lang='grc' dir='ltr'>ἰδίαν</span> <span class='ocrx_word' id='word_1_194' title='bbox 813 1763 994 1831; x_wconf 81' lang='grc' dir='ltr'>φύσιν,</span> <span class='ocrx_word' id='word_1_195' title='bbox 1046 1763 1146 1816; x_wconf 81' lang='grc' dir='ltr'><strong>οὑκ</strong></span> <span class='ocrx_word' id='word_1_196' title='bbox 1193 1763 1257 1816; x_wconf 79' lang='grc' dir='ltr'>ἂν</span> <span class='ocrx_word' id='word_1_197' title='bbox 1301 1761 1386 1831; x_wconf 79' lang='grc' dir='ltr'><strong>εἴη</strong></span> <span class='ocrx_word' id='word_1_198' title='bbox 1426 1761 1713 1827; x_wconf 79' lang='grc' dir='ltr'>ζωοποιός·</span> 
     </span>
    </p>
   </div>
   <div class='ocr_carea' id='block_1_29' title="bbox 1794 1761 3389 1834">
    <p class='ocr_par' dir='ltr' id='par_1_29' title="bbox 1821 1765 3389 1834">
     <span class='ocr_line' id='line_1_29' title="bbox 1821 1765 3389 1834; baseline 0.001 -15"><span class='ocrx_word' id='word_1_199' title='bbox 1821 1765 2077 1829; x_wconf 84' lang='lat' dir='ltr'><strong>hominis,</strong></span> <span class='ocrx_word' id='word_1_200' title='bbox 2111 1766 2251 1834; x_wconf 87' lang='lat' dir='ltr'><strong>qnud</strong></span> <span class='ocrx_word' id='word_1_201' title='bbox 2290 1766 2505 1832; x_wconf 84' lang='lat' dir='ltr'><strong>quidem</strong></span> <span class='ocrx_word' id='word_1_202' title='bbox 2531 1765 2594 1816; x_wconf 91' lang='lat' dir='ltr'><strong>ad</strong></span> <span class='ocrx_word' id='word_1_203' title='bbox 2637 1766 2912 1832; x_wconf 86' lang='lat' dir='ltr'><strong>propriam</strong></span> <span class='ocrx_word' id='word_1_204' title='bbox 2963 1775 3211 1821; x_wconf 90' lang='lat' dir='ltr'><strong>naturam</strong></span> <span class='ocrx_word' id='word_1_205' title='bbox 3249 1771 3389 1828; x_wconf 73' lang='lat' dir='ltr'><strong>illius</strong></span> 
     </span>
    </p>
   </div>
   <div class='ocr_carea' id='block_1_30' title="bbox 173 1850 1768 1946">
    <p class='ocr_par' dir='ltr' id='par_1_30' title="bbox 173 1850 1768 1946">
     <span class='ocr_line' id='line_1_30' title="bbox 173 1850 1768 1946; baseline -0.001 -38"><span class='ocrx_word' id='word_1_206' title='bbox 173 1855 285 1908; x_wconf 77' lang='grc' dir='ltr'><strong>ἀλλ’</strong></span> <span class='ocrx_word' id='word_1_207' title='bbox 320 1855 427 1907; x_wconf 75' lang='grc' dir='ltr'><strong>οὐδὲ</strong></span> <span class='ocrx_word' id='word_1_208' title='bbox 453 1855 512 1907; x_wconf 83' lang='grc' dir='ltr'>τὸ</span> <span class='ocrx_word' id='word_1_209' title='bbox 543 1850 684 1925; x_wconf 77' lang='grc' dir='ltr'>αἷμα</span> <span class='ocrx_word' id='word_1_210' title='bbox 714 1855 771 1907; x_wconf 81' lang='grc' dir='ltr'>τὸ</span> <span class='ocrx_word' id='word_1_211' title='bbox 807 1851 1169 1923; x_wconf 83' lang='grc' dir='ltr'>ἀνθρώπινον,</span> <span class='ocrx_word' id='word_1_212' title='bbox 1199 1855 1247 1905; x_wconf 85' lang='grc' dir='ltr'>εἰ</span> <span class='ocrx_word' id='word_1_213' title='bbox 1277 1853 1455 1906; x_wconf 81' lang='grc' dir='ltr'>κοινὸν</span> <span class='ocrx_word' id='word_1_214' title='bbox 1500 1855 1585 1925; x_wconf 78' lang='grc' dir='ltr'>εἴη</span> <span class='ocrx_word' id='word_1_215' title='bbox 1624 1855 1717 1908; x_wconf 73' lang='grc' dir='ltr'>καὶ</span> <span class='ocrx_word' id='word_1_216' title='bbox 1750 1891 1768 1946; x_wconf 65' lang='grc'><strong>1</strong></span> 
     </span>
    </p>
   </div>
   <div class='ocr_carea' id='block_1_31' title="bbox 1796 1850 3391 1946">
    <p class='ocr_par' dir='ltr' id='par_1_31' title="bbox 1821 1851 3391 1929">
     <span class='ocr_line' id='line_1_31' title="bbox 1821 1851 3391 1929; baseline 0.001 -22"><span class='ocrx_word' id='word_1_217' title='bbox 1821 1866 2051 1923; x_wconf 90' lang='lat' dir='ltr'><strong>spectat,</strong></span> <span class='ocrx_word' id='word_1_218' title='bbox 2091 1868 2430 1923; x_wconf 84' lang='lat' dir='ltr'><strong>nequaquam</strong></span> <span class='ocrx_word' id='word_1_219' title='bbox 2478 1851 2735 1908; x_wconf 78' lang='lat' dir='ltr'><strong>vivificat.</strong></span> <span class='ocrx_word' id='word_1_220' title='bbox 2772 1852 2877 1906; x_wconf 86' lang='lat' dir='ltr'><strong>Sed</strong></span> <span class='ocrx_word' id='word_1_221' title='bbox 2935 1868 3109 1921; x_wconf 86' lang='lat' dir='ltr'><strong>neque</strong></span> <span class='ocrx_word' id='word_1_222' title='bbox 3159 1859 3391 1929; x_wconf 70' lang='lat' dir='ltr'><strong>vulgaris</strong></span> 
     </span>
    </p>
   </div>
   <div class='ocr_carea' id='block_1_32' title="bbox 169 1943 1764 2017">
    <p class='ocr_par' dir='ltr' id='par_1_32' title="bbox 169 1943 1764 2017">
     <span class='ocr_line' id='line_1_32' title="bbox 169 1943 1764 2017; baseline 0.003 -20"><span class='ocrx_word' id='word_1_223' title='bbox 169 1946 287 1998; x_wconf 87' lang='grc' dir='ltr'>καθ’</span> <span class='ocrx_word' id='word_1_224' title='bbox 327 1946 501 1999; x_wconf 81' lang='grc' dir='ltr'>ἑαυτό·</span> <span class='ocrx_word' id='word_1_225' title='bbox 539 1945 794 2010; x_wconf 82' lang='grc' dir='ltr'><strong>ζωοποιεῖ</strong></span> <span class='ocrx_word' id='word_1_226' title='bbox 822 1945 878 1998; x_wconf 82' lang='grc' dir='ltr'><strong>δὲ</strong></span> <span class='ocrx_word' id='word_1_227' title='bbox 905 1946 966 1997; x_wconf 83' lang='grc' dir='ltr'>τὸ</span> <span class='ocrx_word' id='word_1_228' title='bbox 1009 1946 1167 2016; x_wconf 80' lang='grc' dir='ltr'>σῶμα</span> <span class='ocrx_word' id='word_1_229' title='bbox 1196 1945 1288 1999; x_wconf 88' lang='grc' dir='ltr'>τοῦ</span> <span class='ocrx_word' id='word_1_230' title='bbox 1327 1947 1589 2017; x_wconf 86' lang='grc' dir='ltr'>Χριστοῦ,</span> <span class='ocrx_word' id='word_1_231' title='bbox 1625 1948 1717 2001; x_wconf 76' lang='grc' dir='ltr'>καὶ</span> <span class='ocrx_word' id='word_1_232' title='bbox 1753 1943 1764 1946; x_wconf 67' lang='grc'><em>’</em></span> 
     </span>
    </p>
   </div>
   <div class='ocr_carea' id='block_1_33' title="bbox 1798 1943 3393 2017">
    <p class='ocr_par' dir='ltr' id='par_1_33' title="bbox 1823 1943 3393 2015">
     <span class='ocr_line' id='line_1_33' title="bbox 1823 1943 3393 2015; baseline 0.003 -19"><span class='ocrx_word' id='word_1_233' title='bbox 1823 1960 2039 2015; x_wconf 89' lang='lat' dir='ltr'><strong>quoque</strong></span> <span class='ocrx_word' id='word_1_234' title='bbox 2099 1946 2332 1998; x_wconf 85' lang='lat' dir='ltr'><strong>hominis</strong></span> <span class='ocrx_word' id='word_1_235' title='bbox 2382 1945 2600 2012; x_wconf 78' lang='lat' dir='ltr'><strong>sanguis</strong></span> <span class='ocrx_word' id='word_1_236' title='bbox 2654 1943 2818 1996; x_wconf 84' lang='lat' dir='ltr'><strong>ullam</strong></span> <span class='ocrx_word' id='word_1_237' title='bbox 2871 1945 3092 1998; x_wconf 88' lang='lat' dir='ltr'><strong>omnino</strong></span> <span class='ocrx_word' id='word_1_238' title='bbox 3140 1962 3234 2014; x_wconf 86' lang='lat' dir='ltr'><strong>per</strong></span> <span class='ocrx_word' id='word_1_239' title='bbox 3256 1965 3311 2004; x_wconf 85' lang='lat' dir='ltr'><strong>se</strong></span> <span class='ocrx_word' id='word_1_240' title='bbox 3340 1962 3393 2006; x_wconf 84' lang='lat' dir='ltr'><strong>et</strong></span> 
     </span>
    </p>
   </div>
   <div class='ocr_carea' id='block_1_34' title="bbox 166 2031 1761 2107">
    <p class='ocr_par' dir='ltr' id='par_1_34' title="bbox 166 2031 1718 2107">
     <span class='ocr_line' id='line_1_34' title="bbox 166 2031 1718 2107; baseline 0.001 -19"><span class='ocrx_word' id='word_1_241' title='bbox 166 2037 228 2088; x_wconf 74' lang='grc' dir='ltr'>τὸ</span> <span class='ocrx_word' id='word_1_242' title='bbox 261 2036 420 2106; x_wconf 85' lang='grc' dir='ltr'>τίμιον</span> <span class='ocrx_word' id='word_1_243' title='bbox 445 2031 583 2106; x_wconf 72' lang='grc' dir='ltr'>αἷμα</span> <span class='ocrx_word' id='word_1_244' title='bbox 604 2077 619 2100; x_wconf 92' lang='grc'><strong>,</strong></span> <span class='ocrx_word' id='word_1_245' title='bbox 645 2035 949 2107; x_wconf 78' lang='grc' dir='ltr'><strong>πρέποντος</strong></span> <span class='ocrx_word' id='word_1_246' title='bbox 984 2037 1129 2105; x_wconf 83' lang='grc' dir='ltr'>μόνῳ</span> <span class='ocrx_word' id='word_1_247' title='bbox 1161 2036 1281 2105; x_wconf 82' lang='grc' dir='ltr'>Θεῷ</span> <span class='ocrx_word' id='word_1_248' title='bbox 1313 2037 1404 2090; x_wconf 88' lang='grc' dir='ltr'>τοῦ</span> <span class='ocrx_word' id='word_1_249' title='bbox 1433 2035 1718 2100; x_wconf 85' lang='grc' dir='ltr'>ζωοποιεῖν</span> 
     </span>
    </p>
   </div>
   <div class='ocr_carea' id='block_1_35' title="bbox 1795 2031 3390 2107">
    <p class='ocr_par' dir='ltr' id='par_1_35' title="bbox 1824 2034 3390 2105">
     <span class='ocr_line' id='line_1_35' title="bbox 1824 2034 3390 2105; baseline 0.004 -14"><span class='ocrx_word' id='word_1_250' title='bbox 1824 2039 2116 2091; x_wconf 86' lang='lat' dir='ltr'><strong>secundum</strong></span> <span class='ocrx_word' id='word_1_251' title='bbox 2161 2052 2220 2089; x_wconf 91' lang='lat' dir='ltr'><strong>se</strong></span> <span class='ocrx_word' id='word_1_252' title='bbox 2249 2034 2555 2089; x_wconf 75' lang='lat' dir='ltr'><strong>viviﬁcandi</strong></span> <span class='ocrx_word' id='word_1_253' title='bbox 2590 2037 2697 2088; x_wconf 89' lang='lat' dir='ltr'><strong>vim</strong></span> <span class='ocrx_word' id='word_1_254' title='bbox 2738 2036 2924 2090; x_wconf 86' lang='lat' dir='ltr'><strong>habet.</strong></span> <span class='ocrx_word' id='word_1_255' title='bbox 2953 2036 3114 2105; x_wconf 85' lang='lat' dir='ltr'><strong>Atqui</strong></span> <span class='ocrx_word' id='word_1_256' title='bbox 3149 2054 3268 2094; x_wconf 90' lang='lat' dir='ltr'><strong>cum</strong></span> <span class='ocrx_word' id='word_1_257' title='bbox 3294 2043 3390 2098; x_wconf 85' lang='lat' dir='ltr'><strong>soli</strong></span> 
     </span>
    </p>
   </div>
   <div class='ocr_carea' id='block_1_36' title="bbox 163 2120 1758 2200">
    <p class='ocr_par' dir='ltr' id='par_1_36' title="bbox 163 2120 1717 2200">
     <span class='ocr_line' id='line_1_36' title="bbox 163 2120 1717 2200; baseline 0.002 -22"><span class='ocrx_word' id='word_1_258' title='bbox 163 2127 404 2181; x_wconf 84' lang='grc' dir='ltr'>δύνασθαι</span> <span class='ocrx_word' id='word_1_259' title='bbox 436 2128 495 2180; x_wconf 72' lang='grc' dir='ltr'>τὸ</span> <span class='ocrx_word' id='word_1_260' title='bbox 529 2120 672 2196; x_wconf 79' lang='grc' dir='ltr'>ζωῆς</span> <span class='ocrx_word' id='word_1_261' title='bbox 702 2126 929 2189; x_wconf 81' lang='grc' dir='ltr'>ὲπιδεές.</span> <span class='ocrx_word' id='word_1_262' title='bbox 979 2126 1109 2189; x_wconf 81' lang='grc' dir='ltr'>Θεὸς</span> <span class='ocrx_word' id='word_1_263' title='bbox 1155 2123 1248 2180; x_wconf 85' lang='grc' dir='ltr'><strong>οὖν</strong></span> <span class='ocrx_word' id='word_1_264' title='bbox 1298 2127 1404 2197; x_wconf 80' lang='grc' dir='ltr'>ἄρα</span> <span class='ocrx_word' id='word_1_265' title='bbox 1448 2129 1717 2200; x_wconf 77' lang='grc' dir='ltr'>Χριστόςο</span> 
     </span>
    </p>
   </div>
   <div class='ocr_carea' id='block_1_37' title="bbox 1795 2120 3390 2200">
    <p class='ocr_par' dir='ltr' id='par_1_37' title="bbox 1826 2126 3390 2198">
     <span class='ocr_line' id='line_1_37' title="bbox 1826 2126 3390 2198; baseline 0.003 -17"><span class='ocrx_word' id='word_1_266' title='bbox 1826 2128 1933 2181; x_wconf 90' lang='lat' dir='ltr'><strong>Dco</strong></span> <span class='ocrx_word' id='word_1_267' title='bbox 1967 2127 2254 2181; x_wconf 88' lang='lat' dir='ltr'><strong>conveniat</strong></span> <span class='ocrx_word' id='word_1_268' title='bbox 2289 2127 2458 2180; x_wconf 85' lang='lat' dir='ltr'><strong>vit-am</strong></span> <span class='ocrx_word' id='word_1_269' title='bbox 2502 2126 2574 2179; x_wconf 89' lang='lat' dir='ltr'><strong>illi</strong></span> <span class='ocrx_word' id='word_1_270' title='bbox 2612 2127 2901 2194; x_wconf 85' lang='lat' dir='ltr'><strong>impertiri,</strong></span> <span class='ocrx_word' id='word_1_271' title='bbox 2949 2127 3090 2194; x_wconf 89' lang='lat' dir='ltr'><strong>quod</strong></span> <span class='ocrx_word' id='word_1_272' title='bbox 3129 2131 3250 2183; x_wconf 75' lang='lat' dir='ltr'><strong>vita:</strong></span> <span class='ocrx_word' id='word_1_273' title='bbox 3281 2134 3390 2198; x_wconf 87' lang='lat' dir='ltr'><strong>spi-</strong></span> 
     </span>
    </p>
   </div>
   <div class='ocr_carea' id='block_1_38' title="bbox 161 2215 1756 2289">
    <p class='ocr_par' dir='ltr' id='par_1_38' title="bbox 161 2216 1720 2289">
     <span class='ocr_line' id='line_1_38' title="bbox 161 2216 1720 2289; baseline 0.001 -18"><span class='ocrx_word' id='word_1_274' title='bbox 161 2219 302 2271; x_wconf 72' lang='grc' dir='ltr'>οὕτω</span> <span class='ocrx_word' id='word_1_275' title='bbox 326 2220 426 2289; x_wconf 73' lang='grc' dir='ltr'>γὰρ</span> <span class='ocrx_word' id='word_1_276' title='bbox 455 2218 606 2271; x_wconf 80' lang='grc' dir='ltr'>ἔσται</span> <span class='ocrx_word' id='word_1_277' title='bbox 637 2216 900 2281; x_wconf 79' lang='grc' dir='ltr'>ζωοποιὸν</span> <span class='ocrx_word' id='word_1_278' title='bbox 926 2216 986 2270; x_wconf 84' lang='grc' dir='ltr'>τὸ</span> <span class='ocrx_word' id='word_1_279' title='bbox 1021 2218 1179 2288; x_wconf 82' lang='grc' dir='ltr'>σῶμα</span> <span class='ocrx_word' id='word_1_280' title='bbox 1221 2219 1408 2274; x_wconf 78' lang='grc' dir='ltr'>αὐτοῦ.</span> <span class='ocrx_word' id='word_1_281' title='bbox 1445 2221 1504 2273; x_wconf 81' lang='lat' dir='ltr'><strong>Ei</strong></span> <span class='ocrx_word' id='word_1_282' title='bbox 1539 2221 1594 2274; x_wconf 82' lang='grc' dir='ltr'><strong>δὲ</strong></span> <span class='ocrx_word' id='word_1_283' title='bbox 1629 2221 1720 2275; x_wconf 79' lang='grc' dir='ltr'><strong>ἄν·</strong></span> 
     </span>
    </p>
   </div>
   <div class='ocr_carea' id='block_1_39' title="bbox 1798 2215 3393 2289">
    <p class='ocr_par' dir='ltr' id='par_1_39' title="bbox 1825 2215 3393 2283">
     <span class='ocr_line' id='line_1_39' title="bbox 1825 2215 3393 2283; baseline 0.004 -15"><span class='ocrx_word' id='word_1_284' title='bbox 1825 2218 1928 2269; x_wconf 91' lang='lat' dir='ltr'><strong>ritu</strong></span> <span class='ocrx_word' id='word_1_285' title='bbox 1952 2215 2299 2280; x_wconf 87' lang='lat' dir='ltr'><strong>destituitur;</strong></span> <span class='ocrx_word' id='word_1_286' title='bbox 2331 2230 2530 2283; x_wconf 91' lang='lat' dir='ltr'><strong>corpus</strong></span> <span class='ocrx_word' id='word_1_287' title='bbox 2563 2224 2744 2268; x_wconf 91' lang='lat' dir='ltr'><strong>autem</strong></span> <span class='ocrx_word' id='word_1_288' title='bbox 2772 2215 2996 2278; x_wconf 89' lang='lat' dir='ltr'><strong>Christi,</strong></span> <span class='ocrx_word' id='word_1_289' title='bbox 3027 2224 3081 2269; x_wconf 93' lang='lat' dir='ltr'><strong>et</strong></span> <span class='ocrx_word' id='word_1_290' title='bbox 3127 2219 3393 2283; x_wconf 84' lang='lat' dir='ltr'><strong>pretiosus</strong></span> 
     </span>
    </p>
   </div>
   <div class='ocr_carea' id='block_1_40' title="bbox 163 2305 1758 2384">
    <p class='ocr_par' dir='ltr' id='par_1_40' title="bbox 163 2306 1720 2380">
     <span class='ocr_line' id='line_1_40' title="bbox 163 2306 1720 2380; baseline 0.004 -22"><span class='ocrx_word' id='word_1_291' title='bbox 163 2309 370 2377; x_wconf 77' lang='grc' dir='ltr'>θρωπος</span> <span class='ocrx_word' id='word_1_292' title='bbox 415 2308 515 2361; x_wconf 75' lang='grc' dir='ltr'><strong>ἀνὰ</strong></span> <span class='ocrx_word' id='word_1_293' title='bbox 570 2306 737 2378; x_wconf 84' lang='grc' dir='ltr'>μέρος</span> <span class='ocrx_word' id='word_1_294' title='bbox 788 2309 986 2358; x_wconf 84' lang='grc' dir='ltr'>νοεῖται</span> <span class='ocrx_word' id='word_1_295' title='bbox 1053 2307 1188 2378; x_wconf 80' lang='grc' dir='ltr'>μόνῃ</span> <span class='ocrx_word' id='word_1_296' title='bbox 1234 2311 1297 2377; x_wconf 84' lang='grc' dir='ltr'>τῇ</span> <span class='ocrx_word' id='word_1_297' title='bbox 1345 2308 1439 2361; x_wconf 85' lang='grc' dir='ltr'><strong>τοῦ</strong></span> <span class='ocrx_word' id='word_1_298' title='bbox 1484 2311 1720 2380; x_wconf 84' lang='grc' dir='ltr'>Χριστοῦ</span> 
     </span>
    </p>
   </div>
   <div class='ocr_carea' id='block_1_41' title="bbox 1797 2305 3392 2384">
    <p class='ocr_par' dir='ltr' id='par_1_41' title="bbox 1822 2305 3392 2384">
     <span class='ocr_line' id='line_1_41' title="bbox 1822 2305 3392 2384; baseline 0.002 -27"><span class='ocrx_word' id='word_1_299' title='bbox 1822 2305 1963 2358; x_wconf 88' lang='lat' dir='ltr'><strong>illius</strong></span> <span class='ocrx_word' id='word_1_300' title='bbox 2018 2306 2238 2374; x_wconf 82' lang='lat' dir='ltr'><strong>sanguis</strong></span> <span class='ocrx_word' id='word_1_301' title='bbox 2282 2305 2554 2358; x_wconf 83' lang='lat' dir='ltr'><strong>viviﬁcent</strong></span> <span class='ocrx_word' id='word_1_302' title='bbox 2595 2322 2607 2357; x_wconf 92' lang='lat'>:</span> <span class='ocrx_word' id='word_1_303' title='bbox 2644 2306 2728 2358; x_wconf 86' lang='lat' dir='ltr'><strong>cui</strong></span> <span class='ocrx_word' id='word_1_304' title='bbox 2766 2305 2986 2360; x_wconf 90' lang='lat' dir='ltr'><strong>dubium</strong></span> <span class='ocrx_word' id='word_1_305' title='bbox 3021 2319 3141 2359; x_wconf 84' lang='lat' dir='ltr'><strong>esse</strong></span> <span class='ocrx_word' id='word_1_306' title='bbox 3182 2318 3392 2384; x_wconf 74' lang='lat' dir='ltr'><strong>potest,</strong></span> 
     </span>
    </p>
   </div>
   <div class='ocr_carea' id='block_1_42' title="bbox 159 2395 1754 2472">
    <p class='ocr_par' dir='ltr' id='par_1_42' title="bbox 159 2398 1718 2471">
     <span class='ocr_line' id='line_1_42' title="bbox 159 2398 1718 2471; baseline 0.004 -23"><span class='ocrx_word' id='word_1_307' title='bbox 159 2398 345 2466; x_wconf 76' lang='grc' dir='ltr'>κλήσει</span> <span class='ocrx_word' id='word_1_308' title='bbox 391 2398 788 2468; x_wconf 77' lang='grc' dir='ltr'>τετιμημένος,</span> <span class='ocrx_word' id='word_1_309' title='bbox 850 2399 948 2451; x_wconf 70' lang='grc' dir='ltr'>καὶ</span> <span class='ocrx_word' id='word_1_310' title='bbox 997 2399 1201 2468; x_wconf 70' lang='grc' dir='ltr'>γυμνὸν</span> <span class='ocrx_word' id='word_1_311' title='bbox 1253 2399 1381 2452; x_wconf 84' lang='grc' dir='ltr'>Υἱοῦ</span> <span class='ocrx_word' id='word_1_312' title='bbox 1430 2402 1718 2471; x_wconf 81' lang='grc' dir='ltr'>πρόσωπον</span> 
     </span>
    </p>
   </div>
   <div class='ocr_carea' id='block_1_43' title="bbox 1814 2395 3409 2472">
    <p class='ocr_par' dir='ltr' id='par_1_43' title="bbox 1822 2395 3409 2472">
     <span class='ocr_line' id='line_1_43' title="bbox 1822 2395 3409 2472; baseline 0.004 -22"><span class='ocrx_word' id='word_1_313' title='bbox 1822 2399 1950 2467; x_wconf 93' lang='lat' dir='ltr'><strong>quin</strong></span> <span class='ocrx_word' id='word_1_314' title='bbox 1983 2395 2125 2451; x_wconf 82' lang='lat' dir='ltr'><strong>Deus</strong></span> <span class='ocrx_word' id='word_1_315' title='bbox 2157 2397 2526 2452; x_wconf 82' lang='lat' dir='ltr'><strong>sitChristus?</strong></span> <span class='ocrx_word' id='word_1_316' title='bbox 2557 2397 2692 2450; x_wconf 84' lang='lat' dir='ltr'><strong>liinc</strong></span> <span class='ocrx_word' id='word_1_317' title='bbox 2732 2412 2965 2467; x_wconf 87' lang='lat' dir='ltr'><strong>namque</strong></span> <span class='ocrx_word' id='word_1_318' title='bbox 2996 2411 3193 2465; x_wconf 85' lang='lat' dir='ltr'><strong>corpus</strong></span> <span class='ocrx_word' id='word_1_319' title='bbox 3238 2401 3409 2472; x_wconf 28' lang='lat' dir='ltr'><strong>habet.</strong></span> 
     </span>
    </p>
   </div>
   <div class='ocr_carea' id='block_1_44' title="bbox 156 2483 1751 2556">
    <p class='ocr_par' dir='ltr' id='par_1_44' title="bbox 156 2483 1466 2556">
     <span class='ocr_line' id='line_1_44' title="bbox 156 2483 1466 2556; baseline -0.001 -17"><span class='ocrx_word' id='word_1_320' title='bbox 156 2488 313 2556; x_wconf 74' lang='grc' dir='ltr'>ἔχων,</span> <span class='ocrx_word' id='word_1_321' title='bbox 342 2487 449 2549; x_wconf 82' lang='grc' dir='ltr'><strong>πῶς</strong></span> <span class='ocrx_word' id='word_1_322' title='bbox 481 2486 546 2540; x_wconf 80' lang='grc' dir='ltr'>ἂν</span> <span class='ocrx_word' id='word_1_323' title='bbox 577 2485 661 2556; x_wconf 72' lang='grc' dir='ltr'><strong>εἴη</strong></span> <span class='ocrx_word' id='word_1_324' title='bbox 696 2483 959 2550; x_wconf 79' lang='grc' dir='ltr'><strong>ζωοποιὸν</strong></span> <span class='ocrx_word' id='word_1_325' title='bbox 991 2485 1050 2536; x_wconf 74' lang='grc' dir='ltr'>τὸ</span> <span class='ocrx_word' id='word_1_326' title='bbox 1080 2486 1238 2556; x_wconf 79' lang='grc' dir='ltr'>σῶμα</span> <span class='ocrx_word' id='word_1_327' title='bbox 1270 2487 1466 2546; x_wconf 76' lang='grc' dir='ltr'>αὐτοῦς</span> 
     </span>
    </p>
   </div>
   <div class='ocr_carea' id='block_1_45' title="bbox 1798 2483 3393 2556">
    <p class='ocr_par' dir='ltr' id='par_1_45' title="bbox 1825 2487 3393 2556">
     <span class='ocr_line' id='line_1_45' title="bbox 1825 2487 3393 2556; baseline -0.001 -17"><span class='ocrx_word' id='word_1_328' title='bbox 1825 2499 1876 2539; x_wconf 83' lang='grc' dir='ltr'>ιιι</span> <span class='ocrx_word' id='word_1_329' title='bbox 1912 2488 1980 2540; x_wconf 86' lang='lat' dir='ltr'><strong>sit</strong></span> <span class='ocrx_word' id='word_1_330' title='bbox 2012 2487 2303 2540; x_wconf 81' lang='lat' dir='ltr'><strong>viviﬁcum.</strong></span> <span class='ocrx_word' id='word_1_331' title='bbox 2330 2487 2480 2552; x_wconf 85' lang='lat' dir='ltr'><strong>Quod</strong></span> <span class='ocrx_word' id='word_1_332' title='bbox 2517 2489 2561 2540; x_wconf 86' lang='lat' dir='ltr'><strong>si</strong></span> <span class='ocrx_word' id='word_1_333' title='bbox 2590 2497 2644 2540; x_wconf 80' lang='grc' dir='ltr'>ιιι</span> <span class='ocrx_word' id='word_1_334' title='bbox 2663 2487 2824 2540; x_wconf 89' lang='lat' dir='ltr'><strong>homo</strong></span> <span class='ocrx_word' id='word_1_335' title='bbox 2849 2502 2944 2556; x_wconf 88' lang='lat' dir='ltr'><strong>per</strong></span> <span class='ocrx_word' id='word_1_336' title='bbox 2968 2501 3028 2540; x_wconf 89' lang='lat' dir='ltr'><strong>se</strong></span> <span class='ocrx_word' id='word_1_337' title='bbox 3062 2502 3123 2541; x_wconf 79' lang='lat' dir='ltr'><strong>ac</strong></span> <span class='ocrx_word' id='word_1_338' title='bbox 3151 2502 3393 2547; x_wconf 85' lang='lat' dir='ltr'><strong>seorsum</strong></span> 
     </span>
    </p>
   </div>
   <div class='ocr_carea' id='block_1_46' title="bbox 158 2574 3399 2648">
    <p class='ocr_par' dir='ltr' id='par_1_46' title="bbox 158 2574 3399 2648">
     <span class='ocr_line' id='line_1_46' title="bbox 158 2574 3399 2648; baseline 0.001 -22"><span class='ocrx_word' id='word_1_339' title='bbox 158 2587 333 2629; x_wconf 79' lang='lat' dir='ltr'><strong>tuente</strong></span> <span class='ocrx_word' id='word_1_340' title='bbox 385 2577 742 2643; x_wconf 84' lang='lat' dir='ltr'><strong>(&#39;0ncipiatur,</strong></span> <span class='ocrx_word' id='word_1_341' title='bbox 780 2574 871 2643; x_wconf 90' lang='lat' dir='ltr'><strong>qui</strong></span> <span class='ocrx_word' id='word_1_342' title='bbox 933 2574 1046 2627; x_wconf 85' lang='lat' dir='ltr'><strong>sola</strong></span> <span class='ocrx_word' id='word_1_343' title='bbox 1108 2575 1313 2629; x_wconf 81' lang='lat' dir='ltr'><strong>Christi</strong></span> <span class='ocrx_word' id='word_1_344' title='bbox 1361 2575 1717 2644; x_wconf 88' lang='lat' dir='ltr'><strong>appellatione</strong></span> <span class='ocrx_word' id='word_1_345' title='bbox 1754 2577 2040 2631; x_wconf 84' lang='lat' dir='ltr'><strong>decoratus</strong></span> <span class='ocrx_word' id='word_1_346' title='bbox 2066 2577 2155 2642; x_wconf 88' lang='lat' dir='ltr'><strong>sit,</strong></span> <span class='ocrx_word' id='word_1_347' title='bbox 2199 2579 2502 2646; x_wconf 84' lang='lat' dir='ltr'><strong>orbamque</strong></span> <span class='ocrx_word' id='word_1_348' title='bbox 2528 2576 2670 2631; x_wconf 89' lang='lat' dir='ltr'><strong>Filio</strong></span> <span class='ocrx_word' id='word_1_349' title='bbox 2705 2591 2990 2646; x_wconf 86' lang='lat' dir='ltr'><strong>personam</strong></span> <span class='ocrx_word' id='word_1_350' title='bbox 3027 2577 3239 2642; x_wconf 86' lang='lat' dir='ltr'><strong>habeat,</strong></span> <span class='ocrx_word' id='word_1_351' title='bbox 3266 2594 3399 2648; x_wconf 75' lang='lat' dir='ltr'><strong>quo-</strong></span> 
     </span>
    </p>
   </div>
   <div class='ocr_carea' id='block_1_47' title="bbox 154 2664 1406 2732">
    <p class='ocr_par' dir='ltr' id='par_1_47' title="bbox 154 2664 1406 2732">
     <span class='ocr_line' id='line_1_47' title="bbox 154 2664 1406 2732; baseline 0.001 -14"><span class='ocrx_word' id='word_1_352' title='bbox 154 2666 314 2719; x_wconf 85' lang='lat' dir='ltr'><strong>modo</strong></span> <span class='ocrx_word' id='word_1_353' title='bbox 339 2679 530 2732; x_wconf 86' lang='lat' dir='ltr'><strong>corpus</strong></span> <span class='ocrx_word' id='word_1_354' title='bbox 562 2664 704 2718; x_wconf 91' lang='lat' dir='ltr'><strong>illius</strong></span> <span class='ocrx_word' id='word_1_355' title='bbox 732 2672 914 2731; x_wconf 85' lang='lat' dir='ltr'><strong>posset</strong></span> <span class='ocrx_word' id='word_1_356' title='bbox 941 2679 1060 2719; x_wconf 85' lang='lat' dir='ltr'><strong>esse</strong></span> <span class='ocrx_word' id='word_1_357' title='bbox 1095 2666 1406 2719; x_wconf 78' lang='lat' dir='ltr'><strong>viviticmn?</strong></span> 
     </span>
    </p>
   </div>
   <div class='ocr_carea' id='block_1_48' title="bbox 231 2758 1826 2830">
    <p class='ocr_par' dir='ltr' id='par_1_48' title="bbox 231 2758 1719 2829">
     <span class='ocr_line' id='line_1_48' title="bbox 231 2758 1719 2829; baseline -0.001 -17"><span class='ocrx_word' id='word_1_358' title='bbox 231 2781 249 2812; x_wconf 80' lang='grc' dir='ltr'>ι</span> <span class='ocrx_word' id='word_1_359' title='bbox 294 2760 532 2828; x_wconf 80' lang='grc' dir='ltr'>Ἐγένετο</span> <span class='ocrx_word' id='word_1_360' title='bbox 564 2759 590 2811; x_wconf 87' lang='grc' dir='ltr'>ὀ</span> <span class='ocrx_word' id='word_1_361' title='bbox 625 2758 840 2829; x_wconf 75' lang='grc' dir='ltr'>πρῶτος</span> <span class='ocrx_word' id='word_1_362' title='bbox 878 2759 1160 2829; x_wconf 78' lang='grc' dir='ltr'>ἄνθρωπος</span> <span class='ocrx_word' id='word_1_363' title='bbox 1205 2759 1373 2827; x_wconf 72' lang='grc' dir='ltr'>Ἀδὰμ</span> <span class='ocrx_word' id='word_1_364' title='bbox 1416 2761 1494 2822; x_wconf 87' lang='grc' dir='ltr'><strong>εἰς</strong></span> <span class='ocrx_word' id='word_1_365' title='bbox 1541 2759 1719 2829; x_wconf 74' lang='grc' dir='ltr'>ψυχὴν</span> 
     </span>
    </p>
   </div>
   <div class='ocr_carea' id='block_1_49' title="bbox 1801 2758 3396 2830">
    <p class='ocr_par' dir='ltr' id='par_1_49' title="bbox 1893 2760 3396 2830">
     <span class='ocr_line' id='line_1_49' title="bbox 1893 2760 3396 2830; baseline 0.005 -19"><span class='ocrx_word' id='word_1_366' title='bbox 1893 2760 2001 2830; x_wconf 71' lang='lat'><strong>92</strong></span> <span class='ocrx_word' id='word_1_367' title='bbox 2041 2781 2056 2811; x_wconf 80' lang='grc' dir='ltr'>ι</span> <span class='ocrx_word' id='word_1_368' title='bbox 2101 2761 2295 2814; x_wconf 79' lang='lat' dir='ltr'><strong>Factus</strong></span> <span class='ocrx_word' id='word_1_369' title='bbox 2330 2769 2412 2815; x_wconf 85' lang='lat' dir='ltr'><strong>cst</strong></span> <span class='ocrx_word' id='word_1_370' title='bbox 2439 2762 2643 2829; x_wconf 89' lang='lat' dir='ltr'><strong>primus</strong></span> <span class='ocrx_word' id='word_1_371' title='bbox 2692 2763 2853 2814; x_wconf 87' lang='lat' dir='ltr'><strong>homo</strong></span> <span class='ocrx_word' id='word_1_372' title='bbox 2887 2761 3056 2814; x_wconf 78' lang='lat' dir='ltr'><strong>Adam</strong></span> <span class='ocrx_word' id='word_1_373' title='bbox 3088 2761 3138 2813; x_wconf 90' lang='lat' dir='ltr'><strong>iu</strong></span> <span class='ocrx_word' id='word_1_374' title='bbox 3166 2765 3396 2822; x_wconf 79' lang='lat' dir='ltr'><strong>animam</strong></span> 
     </span>
    </p>
   </div>
   <div class='ocr_carea' id='block_1_50' title="bbox 147 2849 1742 2920">
    <p class='ocr_par' dir='ltr' id='par_1_50' title="bbox 147 2849 1716 2920">
     <span class='ocr_line' id='line_1_50' title="bbox 147 2849 1716 2920; baseline -0.002 -16"><span class='ocrx_word' id='word_1_375' title='bbox 147 2853 360 2915; x_wconf 77' lang='grc' dir='ltr'>ζῶσαν·</span> <span class='ocrx_word' id='word_1_376' title='bbox 391 2854 418 2904; x_wconf 83' lang='grc' dir='ltr'><strong>ὁ</strong></span> <span class='ocrx_word' id='word_1_377' title='bbox 444 2851 669 2920; x_wconf 73' lang='grc' dir='ltr'>ἔσχατος</span> <span class='ocrx_word' id='word_1_378' title='bbox 705 2850 878 2919; x_wconf 74' lang='grc' dir='ltr'><strong>Ἀδὰμ</strong></span> <span class='ocrx_word' id='word_1_379' title='bbox 902 2859 930 2898; x_wconf 70' lang='grc' dir='ltr'><strong>(ι</strong></span> <span class='ocrx_word' id='word_1_380' title='bbox 973 2851 1052 2912; x_wconf 75' lang='grc' dir='ltr'>εἰς</span> <span class='ocrx_word' id='word_1_381' title='bbox 1093 2850 1315 2919; x_wconf 82' lang='grc' dir='ltr'>Πνεῦμα</span> <span class='ocrx_word' id='word_1_382' title='bbox 1346 2849 1666 2913; x_wconf 84' lang='grc' dir='ltr'><strong>ζωοποιοῦν.</strong></span> <span class='ocrx_word' id='word_1_383' title='bbox 1698 2869 1716 2901; x_wconf 83' lang='grc'>›</span> 
     </span>
    </p>
   </div>
   <div class='ocr_carea' id='block_1_51' title="bbox 1804 2849 3399 2920">
    <p class='ocr_par' dir='ltr' id='par_1_51' title="bbox 1825 2851 3399 2917">
     <span class='ocr_line' id='line_1_51' title="bbox 1825 2851 3399 2917; baseline 0.004 -14"><span class='ocrx_word' id='word_1_384' title='bbox 1825 2854 2115 2913; x_wconf 81' lang='lat' dir='ltr'><strong>viventem,</strong></span> <span class='ocrx_word' id='word_1_385' title='bbox 2149 2851 2478 2905; x_wconf 82' lang='lat' dir='ltr'><strong>novissimus</strong></span> <span class='ocrx_word' id='word_1_386' title='bbox 2510 2851 2679 2906; x_wconf 77' lang='lat' dir='ltr'><strong>Adam</strong></span> <span class='ocrx_word' id='word_1_387' title='bbox 2717 2853 2766 2904; x_wconf 90' lang='lat' dir='ltr'><strong>iu</strong></span> <span class='ocrx_word' id='word_1_388' title='bbox 2807 2851 3068 2917; x_wconf 84' lang='lat' dir='ltr'><strong>Spiritum</strong></span> <span class='ocrx_word' id='word_1_389' title='bbox 3122 2854 3399 2909; x_wconf 81' lang='lat' dir='ltr'><strong>vivifican-</strong></span> 
     </span>
    </p>
   </div>
   <div class='ocr_carea' id='block_1_52' title="bbox 147 2940 1742 3011">
    <p class='ocr_par' dir='ltr' id='par_1_52' title="bbox 147 2940 1718 3011">
     <span class='ocr_line' id='line_1_52' title="bbox 147 2940 1718 3011; baseline -0.004 -13"><span class='ocrx_word' id='word_1_390' title='bbox 147 2945 260 2998; x_wconf 70' lang='grc' dir='ltr'><strong>Καὶ</strong></span> <span class='ocrx_word' id='word_1_391' title='bbox 293 2942 450 2996; x_wconf 77' lang='grc' dir='ltr'>πάλιν</span> <span class='ocrx_word' id='word_1_392' title='bbox 472 2958 484 2972; x_wconf 77' lang='grc' dir='ltr'><strong>ο</strong></span> <span class='ocrx_word' id='word_1_393' title='bbox 537 2961 554 2993; x_wconf 83' lang='grc' dir='ltr'>ι</span> <span class='ocrx_word' id='word_1_394' title='bbox 597 2941 653 2995; x_wconf 83' lang='grc' dir='ltr'>Ὀ</span> <span class='ocrx_word' id='word_1_395' title='bbox 683 2941 899 3011; x_wconf 83' lang='grc' dir='ltr'>πρῶτος</span> <span class='ocrx_word' id='word_1_396' title='bbox 939 2940 1222 3010; x_wconf 82' lang='grc' dir='ltr'>ἄνθρωπος</span> <span class='ocrx_word' id='word_1_397' title='bbox 1255 2943 1317 2993; x_wconf 80' lang='grc' dir='ltr'>ἑκ</span> <span class='ocrx_word' id='word_1_398' title='bbox 1345 2942 1468 3011; x_wconf 83' lang='grc' dir='ltr'>γῆς,</span> <span class='ocrx_word' id='word_1_399' title='bbox 1501 2942 1682 3010; x_wconf 82' lang='grc' dir='ltr'>χοϊκός</span> <span class='ocrx_word' id='word_1_400' title='bbox 1706 2958 1718 2970; x_wconf 90' lang='grc'><strong>·</strong></span> 
     </span>
    </p>
   </div>
   <div class='ocr_carea' id='block_1_53' title="bbox 1804 2940 3399 3011">
    <p class='ocr_par' dir='ltr' id='par_1_53' title="bbox 1827 2941 3399 3000">
     <span class='ocr_line' id='line_1_53' title="bbox 1827 2941 3399 3000; baseline 0.003 -5"><span class='ocrx_word' id='word_1_401' title='bbox 1827 2953 1929 2996; x_wconf 89' lang='lat' dir='ltr'><strong>tem</strong></span> <span class='ocrx_word' id='word_1_402' title='bbox 1961 2943 2026 2996; x_wconf 79' lang='lat'><strong>&quot;.</strong></span> <span class='ocrx_word' id='word_1_403' title='bbox 2060 2961 2078 2993; x_wconf 73' lang='grc' dir='ltr'>ι</span> <span class='ocrx_word' id='word_1_404' title='bbox 2120 2941 2355 2996; x_wconf 82' lang='lat' dir='ltr'><strong>Rursmn</strong></span> <span class='ocrx_word' id='word_1_405' title='bbox 2393 2961 2404 2995; x_wconf 93' lang='lat'>:</span> <span class='ocrx_word' id='word_1_406' title='bbox 2441 2962 2458 2992; x_wconf 88' lang='grc'><em>‹</em></span> <span class='ocrx_word' id='word_1_407' title='bbox 2495 2941 2707 2995; x_wconf 85' lang='lat' dir='ltr'><strong>Primus</strong></span> <span class='ocrx_word' id='word_1_408' title='bbox 2734 2943 2894 2995; x_wconf 88' lang='lat' dir='ltr'><strong>homo</strong></span> <span class='ocrx_word' id='word_1_409' title='bbox 2937 2947 3003 2997; x_wconf 89' lang='lat' dir='ltr'><strong>de</strong></span> <span class='ocrx_word' id='word_1_410' title='bbox 3046 2955 3188 2999; x_wconf 86' lang='lat' dir='ltr'><strong>terra</strong></span> <span class='ocrx_word' id='word_1_411' title='bbox 3235 2956 3399 3000; x_wconf 78' lang='lat' dir='ltr'><strong>terre-</strong></span> 
     </span>
    </p>
   </div>
   <div class='ocr_carea' id='block_1_54' title="bbox 140 3027 1735 3127">
    <p class='ocr_par' dir='ltr' id='par_1_54' title="bbox 140 3027 1720 3104">
     <span class='ocr_line' id='line_1_54' title="bbox 140 3027 1720 3104; baseline -0.001 -19"><span class='ocrx_word' id='word_1_412' title='bbox 140 3039 172 3086; x_wconf 86' lang='grc' dir='ltr'>ὁ</span> <span class='ocrx_word' id='word_1_413' title='bbox 203 3032 451 3104; x_wconf 80' lang='grc' dir='ltr'>δεύτερος</span> <span class='ocrx_word' id='word_1_414' title='bbox 483 3032 766 3102; x_wconf 74' lang='grc' dir='ltr'>ἅνθρωπος</span> <span class='ocrx_word' id='word_1_415' title='bbox 791 3071 805 3095; x_wconf 91' lang='grc'><strong>,</strong></span> <span class='ocrx_word' id='word_1_416' title='bbox 853 3033 881 3083; x_wconf 86' lang='grc' dir='ltr'>ὁ</span> <span class='ocrx_word' id='word_1_417' title='bbox 925 3031 1124 3102; x_wconf 82' lang='grc' dir='ltr'>Κύριος</span> <span class='ocrx_word' id='word_1_418' title='bbox 1170 3031 1227 3096; x_wconf 75' lang='grc' dir='ltr'>ἐξ</span> <span class='ocrx_word' id='word_1_419' title='bbox 1256 3032 1504 3102; x_wconf 76' lang='grc' dir='ltr'>ούρανοῦ.</span> <span class='ocrx_word' id='word_1_420' title='bbox 1542 3027 1666 3094; x_wconf 78' lang='grc' dir='ltr'><strong>Οἷος</strong></span> <span class='ocrx_word' id='word_1_421' title='bbox 1693 3033 1720 3083; x_wconf 87' lang='grc' dir='ltr'>ὁ</span> 
     </span>
    </p>
   </div>
   <div class='ocr_carea' id='block_1_55' title="bbox 1804 3027 3399 3127">
    <p class='ocr_par' dir='ltr' id='par_1_55' title="bbox 1826 3030 3399 3099">
     <span class='ocr_line' id='line_1_55' title="bbox 1826 3030 3399 3099; baseline 0.004 -14"><span class='ocrx_word' id='word_1_422' title='bbox 1826 3050 1947 3098; x_wconf 92' lang='lat' dir='ltr'><strong>nus,</strong></span> <span class='ocrx_word' id='word_1_423' title='bbox 1967 3035 2238 3087; x_wconf 85' lang='lat' dir='ltr'><strong>secundus</strong></span> <span class='ocrx_word' id='word_1_424' title='bbox 2271 3032 2428 3086; x_wconf 83' lang='lat' dir='ltr'><strong>homo</strong></span> <span class='ocrx_word' id='word_1_425' title='bbox 2462 3030 2720 3086; x_wconf 91' lang='lat' dir='ltr'><strong>Dommus</strong></span> <span class='ocrx_word' id='word_1_426' title='bbox 2755 3034 2819 3085; x_wconf 84' lang='lat' dir='ltr'><strong>de</strong></span> <span class='ocrx_word' id='word_1_427' title='bbox 2845 3035 3003 3088; x_wconf 72' lang='lat' dir='ltr'><strong>cmlo.</strong></span> <span class='ocrx_word' id='word_1_428' title='bbox 3027 3035 3208 3099; x_wconf 84' lang='lat' dir='ltr'><strong>Qualis</strong></span> <span class='ocrx_word' id='word_1_429' title='bbox 3238 3046 3399 3091; x_wconf 88' lang='lat' dir='ltr'><strong>terre-</strong></span> 
     </span>
    </p>
   </div>
   <div class='ocr_carea' id='block_1_56' title="bbox 139 3118 1734 3193">
    <p class='ocr_par' dir='ltr' id='par_1_56' title="bbox 139 3118 1731 3193">
     <span class='ocr_line' id='line_1_56' title="bbox 139 3118 1731 3193; baseline 0 -19"><span class='ocrx_word' id='word_1_430' title='bbox 139 3122 352 3193; x_wconf 77' lang='grc' dir='ltr'>χοῖκὸς,</span> <span class='ocrx_word' id='word_1_431' title='bbox 382 3121 611 3175; x_wconf 88' lang='grc' dir='ltr'>τοιοῦτοι</span> <span class='ocrx_word' id='word_1_432' title='bbox 642 3122 735 3174; x_wconf 75' lang='grc' dir='ltr'><strong>καὶ</strong></span> <span class='ocrx_word' id='word_1_433' title='bbox 760 3123 807 3174; x_wconf 82' lang='grc' dir='ltr'><strong>οἱ</strong></span> <span class='ocrx_word' id='word_1_434' title='bbox 835 3122 1035 3191; x_wconf 79' lang='grc' dir='ltr'><strong>χοῖκοί’</strong></span> <span class='ocrx_word' id='word_1_435' title='bbox 1062 3123 1153 3174; x_wconf 75' lang='grc' dir='ltr'>καὶ</span> <span class='ocrx_word' id='word_1_436' title='bbox 1179 3118 1290 3184; x_wconf 74' lang='grc' dir='ltr'>οἷος</span> <span class='ocrx_word' id='word_1_437' title='bbox 1318 3126 1345 3174; x_wconf 88' lang='grc' dir='ltr'><strong>ό</strong></span> <span class='ocrx_word' id='word_1_438' title='bbox 1374 3123 1731 3193; x_wconf 73' lang='grc' dir='ltr'>ἐπουράνιος,</span> 
     </span>
    </p>
   </div>
   <div class='ocr_carea' id='block_1_57' title="bbox 1810 3118 3405 3193">
    <p class='ocr_par' dir='ltr' id='par_1_57' title="bbox 1826 3126 3405 3192">
     <span class='ocr_line' id='line_1_57' title="bbox 1826 3126 3405 3192; baseline 0.003 -12"><span class='ocrx_word' id='word_1_439' title='bbox 1826 3143 1950 3189; x_wconf 90' lang='lat' dir='ltr'><strong>nus,</strong></span> <span class='ocrx_word' id='word_1_440' title='bbox 1990 3129 2121 3180; x_wconf 89' lang='lat' dir='ltr'><strong>tales</strong></span> <span class='ocrx_word' id='word_1_441' title='bbox 2168 3135 2222 3179; x_wconf 91' lang='lat' dir='ltr'><strong>et</strong></span> <span class='ocrx_word' id='word_1_442' title='bbox 2286 3126 2481 3179; x_wconf 77' lang='lat' dir='ltr'><strong>terreni</strong></span> <span class='ocrx_word' id='word_1_443' title='bbox 2515 3145 2527 3179; x_wconf 94' lang='lat'>:</span> <span class='ocrx_word' id='word_1_444' title='bbox 2571 3139 2623 3178; x_wconf 88' lang='lat' dir='ltr'><strong>et</strong></span> <span class='ocrx_word' id='word_1_445' title='bbox 2653 3129 2823 3192; x_wconf 73' lang='lat' dir='ltr'><strong>qualis</strong></span> <span class='ocrx_word' id='word_1_446' title='bbox 2874 3129 3143 3191; x_wconf 77' lang='lat' dir='ltr'><strong>ccelestis,</strong></span> <span class='ocrx_word' id='word_1_447' title='bbox 3183 3130 3315 3184; x_wconf 85' lang='lat' dir='ltr'><strong>tales</strong></span> <span class='ocrx_word' id='word_1_448' title='bbox 3349 3143 3405 3184; x_wconf 88' lang='lat' dir='ltr'><strong>et</strong></span> 
     </span>
    </p>
   </div>
   <div class='ocr_carea' id='block_1_58' title="bbox 134 3212 1729 3285">
    <p class='ocr_par' dir='ltr' id='par_1_58' title="bbox 134 3212 1721 3284">
     <span class='ocr_line' id='line_1_58' title="bbox 134 3212 1721 3284; baseline -0.002 -17"><span class='ocrx_word' id='word_1_449' title='bbox 134 3212 381 3267; x_wconf 83' lang='grc' dir='ltr'>τοιοῦτοι</span> <span class='ocrx_word' id='word_1_450' title='bbox 418 3213 509 3264; x_wconf 70' lang='grc' dir='ltr'>καὶ</span> <span class='ocrx_word' id='word_1_451' title='bbox 553 3212 603 3263; x_wconf 89' lang='grc' dir='ltr'>οἱ</span> <span class='ocrx_word' id='word_1_452' title='bbox 631 3213 964 3280; x_wconf 81' lang='grc' dir='ltr'>ἐπουράνιοι.</span> <span class='ocrx_word' id='word_1_453' title='bbox 1002 3215 1113 3266; x_wconf 71' lang='grc' dir='ltr'><strong>Καὶ</strong></span> <span class='ocrx_word' id='word_1_454' title='bbox 1155 3213 1339 3274; x_wconf 88' lang='grc' dir='ltr'>καθὼς</span> <span class='ocrx_word' id='word_1_455' title='bbox 1387 3213 1721 3284; x_wconf 78' lang='grc' dir='ltr'>ἐφορέσαμεν</span> 
     </span>
    </p>
   </div>
   <div class='ocr_carea' id='block_1_59' title="bbox 1803 3212 3398 3285">
    <p class='ocr_par' dir='ltr' id='par_1_59' title="bbox 1826 3217 3398 3285">
     <span class='ocr_line' id='line_1_59' title="bbox 1826 3217 3398 3285; baseline -0.003 -13"><span class='ocrx_word' id='word_1_456' title='bbox 1826 3219 2096 3272; x_wconf 61' lang='lat' dir='ltr'><strong>caelestes.</strong></span> <span class='ocrx_word' id='word_1_457' title='bbox 2122 3217 2287 3284; x_wconf 86' lang='lat' dir='ltr'><strong>Igitur</strong></span> <span class='ocrx_word' id='word_1_458' title='bbox 2323 3217 2465 3270; x_wconf 84' lang='lat' dir='ltr'><strong>sicut</strong></span> <span class='ocrx_word' id='word_1_459' title='bbox 2500 3218 2832 3284; x_wconf 81' lang='lat' dir='ltr'><strong>portavimus</strong></span> <span class='ocrx_word' id='word_1_460' title='bbox 2860 3219 3144 3285; x_wconf 72' lang='lat' dir='ltr'><strong>imaginem</strong></span> <span class='ocrx_word' id='word_1_461' title='bbox 3179 3223 3398 3284; x_wconf 82' lang='lat' dir='ltr'><strong>terreni,</strong></span> 
     </span>
    </p>
   </div>
   <div class='ocr_carea' id='block_1_60' title="bbox 134 3301 1729 3377">
    <p class='ocr_par' dir='ltr' id='par_1_60' title="bbox 134 3301 1713 3376">
     <span class='ocr_line' id='line_1_60' title="bbox 134 3301 1713 3376; baseline -0.004 -16"><span class='ocrx_word' id='word_1_462' title='bbox 134 3307 244 3376; x_wconf 81' lang='grc' dir='ltr'><strong>τὴν</strong></span> <span class='ocrx_word' id='word_1_463' title='bbox 291 3303 476 3357; x_wconf 78' lang='grc' dir='ltr'>εἰκόνα</span> <span class='ocrx_word' id='word_1_464' title='bbox 514 3302 606 3355; x_wconf 83' lang='grc' dir='ltr'>τοῦ</span> <span class='ocrx_word' id='word_1_465' title='bbox 647 3301 858 3372; x_wconf 79' lang='grc' dir='ltr'>χοϊκοῦ,</span> <span class='ocrx_word' id='word_1_466' title='bbox 909 3304 1230 3373; x_wconf 83' lang='grc' dir='ltr'>φορέσωμεν</span> <span class='ocrx_word' id='word_1_467' title='bbox 1273 3304 1366 3355; x_wconf 71' lang='grc' dir='ltr'><strong>καὶ</strong></span> <span class='ocrx_word' id='word_1_468' title='bbox 1401 3305 1498 3371; x_wconf 78' lang='grc' dir='ltr'><strong>τὴν</strong></span> <span class='ocrx_word' id='word_1_469' title='bbox 1532 3303 1713 3355; x_wconf 76' lang='grc' dir='ltr'>είκόνα</span> 
     </span>
    </p>
   </div>
   <div class='ocr_carea' id='block_1_61' title="bbox 1802 3301 3397 3377">
    <p class='ocr_par' dir='ltr' id='par_1_61' title="bbox 1826 3307 3397 3377">
     <span class='ocr_line' id='line_1_61' title="bbox 1826 3307 3397 3377; baseline 0 -16"><span class='ocrx_word' id='word_1_470' title='bbox 1826 3316 2104 3377; x_wconf 76' lang='lat' dir='ltr'><strong>portemus</strong></span> <span class='ocrx_word' id='word_1_471' title='bbox 2157 3317 2211 3361; x_wconf 90' lang='lat' dir='ltr'><strong>et</strong></span> <span class='ocrx_word' id='word_1_472' title='bbox 2266 3307 2555 3376; x_wconf 75' lang='lat' dir='ltr'><strong>imaginem</strong></span> <span class='ocrx_word' id='word_1_473' title='bbox 2618 3308 2877 3362; x_wconf 72' lang='lat' dir='ltr'><strong>ccelestis.</strong></span> <span class='ocrx_word' id='word_1_474' title='bbox 2912 3308 3024 3361; x_wconf 86' lang='lat' dir='ltr'><strong>lluc</strong></span> <span class='ocrx_word' id='word_1_475' title='bbox 3052 3319 3227 3362; x_wconf 87' lang='lat' dir='ltr'><strong>autem</strong></span> <span class='ocrx_word' id='word_1_476' title='bbox 3260 3311 3397 3376; x_wconf 88' lang='lat' dir='ltr'><strong>dico,</strong></span> 
     </span>
    </p>
   </div>
   <div class='ocr_carea' id='block_1_62' title="bbox 129 3393 1724 3468">
    <p class='ocr_par' dir='ltr' id='par_1_62' title="bbox 129 3393 1724 3466">
     <span class='ocr_line' id='line_1_62' title="bbox 129 3393 1724 3466; baseline -0.003 -15"><span class='ocrx_word' id='word_1_477' title='bbox 129 3397 236 3451; x_wconf 87' lang='grc' dir='ltr'>τοῦ</span> <span class='ocrx_word' id='word_1_478' title='bbox 286 3396 632 3466; x_wconf 72' lang='grc' dir='ltr'>ἐπουρανίου.</span> <span class='ocrx_word' id='word_1_479' title='bbox 669 3394 838 3447; x_wconf 88' lang='grc' dir='ltr'>Τοῦτο</span> <span class='ocrx_word' id='word_1_480' title='bbox 871 3395 928 3448; x_wconf 84' lang='grc' dir='ltr'><strong>δέ</strong></span> <span class='ocrx_word' id='word_1_481' title='bbox 961 3413 1137 3465; x_wconf 84' lang='grc' dir='ltr'>φημι,</span> <span class='ocrx_word' id='word_1_482' title='bbox 1173 3393 1426 3461; x_wconf 70' lang='grc' dir='ltr'>ἀδελφοὶ,</span> <span class='ocrx_word' id='word_1_483' title='bbox 1469 3395 1550 3446; x_wconf 82' lang='grc' dir='ltr'><strong>ὅτι</strong></span> <span class='ocrx_word' id='word_1_484' title='bbox 1588 3393 1724 3464; x_wconf 76' lang='grc' dir='ltr'>σὰρξ</span> 
     </span>
    </p>
   </div>
   <div class='ocr_carea' id='block_1_63' title="bbox 1803 3393 3398 3468">
    <p class='ocr_par' dir='ltr' id='par_1_63' title="bbox 1828 3399 3398 3468">
     <span class='ocr_line' id='line_1_63' title="bbox 1828 3399 3398 3468; baseline 0.001 -14"><span class='ocrx_word' id='word_1_485' title='bbox 1828 3399 2047 3462; x_wconf 79' lang='lat' dir='ltr'><strong>fratres,</strong></span> <span class='ocrx_word' id='word_1_486' title='bbox 2071 3399 2194 3468; x_wconf 87' lang='lat' dir='ltr'><strong>quia</strong></span> <span class='ocrx_word' id='word_1_487' title='bbox 2223 3413 2350 3452; x_wconf 88' lang='lat' dir='ltr'><strong>caro</strong></span> <span class='ocrx_word' id='word_1_488' title='bbox 2390 3407 2444 3453; x_wconf 90' lang='lat' dir='ltr'><strong>ct</strong></span> <span class='ocrx_word' id='word_1_489' title='bbox 2474 3400 2696 3463; x_wconf 74' lang='lat' dir='ltr'><strong>sanguis</strong></span> <span class='ocrx_word' id='word_1_490' title='bbox 2724 3413 2948 3466; x_wconf 80' lang='lat' dir='ltr'><strong>regnum</strong></span> <span class='ocrx_word' id='word_1_491' title='bbox 2987 3399 3077 3454; x_wconf 88' lang='lat' dir='ltr'><strong>Dei</strong></span> <span class='ocrx_word' id='word_1_492' title='bbox 3117 3399 3398 3468; x_wconf 84' lang='lat' dir='ltr'><strong>possidere</strong></span> 
     </span>
    </p>
   </div>
   <div class='ocr_carea' id='block_1_64' title="bbox 130 3481 1725 3560">
    <p class='ocr_par' dir='ltr' id='par_1_64' title="bbox 130 3481 1723 3556">
     <span class='ocr_line' id='line_1_64' title="bbox 130 3481 1723 3556; baseline -0.006 -16"><span class='ocrx_word' id='word_1_493' title='bbox 130 3487 238 3540; x_wconf 79' lang='grc' dir='ltr'>καὶ</span> <span class='ocrx_word' id='word_1_494' title='bbox 270 3481 413 3556; x_wconf 76' lang='grc' dir='ltr'>αἷμα</span> <span class='ocrx_word' id='word_1_495' title='bbox 451 3484 728 3555; x_wconf 77' lang='grc' dir='ltr'>βασιλείαν</span> <span class='ocrx_word' id='word_1_496' title='bbox 757 3482 892 3535; x_wconf 77' lang='grc' dir='ltr'>Θεοῦ</span> <span class='ocrx_word' id='word_1_497' title='bbox 923 3484 1328 3555; x_wconf 73' lang='grc' dir='ltr'>κληρονομῆσαι</span> <span class='ocrx_word' id='word_1_498' title='bbox 1355 3483 1412 3534; x_wconf 87' lang='grc' dir='ltr'>ού</span> <span class='ocrx_word' id='word_1_499' title='bbox 1447 3481 1723 3542; x_wconf 85' lang='grc' dir='ltr'>δύνανται,</span> 
     </span>
    </p>
   </div>
   <div class='ocr_carea' id='block_1_65' title="bbox 1804 3481 3399 3560">
    <p class='ocr_par' dir='ltr' id='par_1_65' title="bbox 1830 3489 3399 3560">
     <span class='ocr_line' id='line_1_65' title="bbox 1830 3489 3399 3560; baseline 0.003 -18"><span class='ocrx_word' id='word_1_500' title='bbox 1830 3505 1934 3543; x_wconf 90' lang='lat' dir='ltr'><strong>non</strong></span> <span class='ocrx_word' id='word_1_501' title='bbox 1972 3499 2219 3558; x_wconf 87' lang='lat' dir='ltr'><strong>possunt,</strong></span> <span class='ocrx_word' id='word_1_502' title='bbox 2251 3503 2426 3557; x_wconf 90' lang='lat' dir='ltr'><strong>neque</strong></span> <span class='ocrx_word' id='word_1_503' title='bbox 2457 3489 2739 3557; x_wconf 89' lang='lat' dir='ltr'><strong>corruptio</strong></span> <span class='ocrx_word' id='word_1_504' title='bbox 2770 3489 3192 3558; x_wconf 87' lang='lat' dir='ltr'><strong>incorruptelam</strong></span> <span class='ocrx_word' id='word_1_505' title='bbox 3225 3494 3399 3560; x_wconf 74' lang='lat' dir='ltr'><strong>p0ssi-</strong></span> 
     </span>
    </p>
   </div>
   <div class='ocr_carea' id='block_1_66' title="bbox 125 3575 1720 3648">
    <p class='ocr_par' dir='ltr' id='par_1_66' title="bbox 125 3575 1720 3648">
     <span class='ocr_line' id='line_1_66' title="bbox 125 3575 1720 3648; baseline -0.003 -18"><span class='ocrx_word' id='word_1_506' title='bbox 125 3578 265 3631; x_wconf 78' lang='grc' dir='ltr'>οὐδὲ</span> <span class='ocrx_word' id='word_1_507' title='bbox 317 3578 352 3646; x_wconf 81' lang='grc' dir='ltr'>ἡ</span> <span class='ocrx_word' id='word_1_508' title='bbox 406 3577 582 3647; x_wconf 78' lang='grc' dir='ltr'>φθορὰ</span> <span class='ocrx_word' id='word_1_509' title='bbox 628 3578 726 3647; x_wconf 83' lang='grc' dir='ltr'>τὴν</span> <span class='ocrx_word' id='word_1_510' title='bbox 765 3576 1073 3648; x_wconf 78' lang='grc' dir='ltr'>ἀφθαρσίαν</span> <span class='ocrx_word' id='word_1_511' title='bbox 1107 3575 1447 3645; x_wconf 78' lang='grc' dir='ltr'>κληρονομεῖ.</span> <span class='ocrx_word' id='word_1_512' title='bbox 1486 3594 1508 3624; x_wconf 68' lang='grc' dir='ltr'><strong>ι</strong></span> <span class='ocrx_word' id='word_1_513' title='bbox 1552 3575 1720 3644; x_wconf 89' lang='grc' dir='ltr'>Προσ-</span> 
     </span>
    </p>
   </div>
   <div class='ocr_carea' id='block_1_67' title="bbox 1805 3575 3400 3648">
    <p class='ocr_par' dir='ltr' id='par_1_67' title="bbox 1829 3575 3400 3646">
     <span class='ocr_line' id='line_1_67' title="bbox 1829 3575 3400 3646; baseline -0.001 -13"><span class='ocrx_word' id='word_1_514' title='bbox 1829 3579 1976 3633; x_wconf 88' lang='lat' dir='ltr'><strong>debit</strong></span> <span class='ocrx_word' id='word_1_515' title='bbox 2005 3577 2070 3629; x_wconf 78' lang='lat'><strong>“.</strong></span> <span class='ocrx_word' id='word_1_516' title='bbox 2097 3597 2120 3629; x_wconf 77' lang='grc'>›</span> <span class='ocrx_word' id='word_1_517' title='bbox 2149 3575 2442 3646; x_wconf 80' lang='lat' dir='ltr'><strong>Suhjungit</strong></span> <span class='ocrx_word' id='word_1_518' title='bbox 2493 3577 2704 3645; x_wconf 87' lang='lat' dir='ltr'><strong>reliqua</strong></span> <span class='ocrx_word' id='word_1_519' title='bbox 2734 3594 2746 3630; x_wconf 94' lang='lat'>:</span> <span class='ocrx_word' id='word_1_520' title='bbox 2778 3595 2798 3628; x_wconf 80' lang='grc' dir='ltr'>ι</span> <span class='ocrx_word' id='word_1_521' title='bbox 2838 3577 3009 3630; x_wconf 83' lang='lat' dir='ltr'><strong>Canet</strong></span> <span class='ocrx_word' id='word_1_522' title='bbox 3062 3578 3206 3630; x_wconf 88' lang='lat' dir='ltr'><strong>enim</strong></span> <span class='ocrx_word' id='word_1_523' title='bbox 3247 3580 3400 3643; x_wconf 86' lang='lat' dir='ltr'><strong>tuba,</strong></span> 
     </span>
    </p>
   </div>
   <div class='ocr_carea' id='block_1_68' title="bbox 125 3665 1720 3736">
    <p class='ocr_par' dir='ltr' id='par_1_68' title="bbox 125 3665 1720 3735">
     <span class='ocr_line' id='line_1_68' title="bbox 125 3665 1720 3735; baseline -0.003 -14"><span class='ocrx_word' id='word_1_524' title='bbox 125 3669 346 3734; x_wconf 69' lang='grc' dir='ltr'>ειτάγει</span> <span class='ocrx_word' id='word_1_525' title='bbox 398 3668 457 3719; x_wconf 86' lang='grc' dir='ltr'><strong>δὲ</strong></span> <span class='ocrx_word' id='word_1_526' title='bbox 503 3666 746 3730; x_wconf 84' lang='grc' dir='ltr'>τούτοις,</span> <span class='ocrx_word' id='word_1_527' title='bbox 778 3669 858 3720; x_wconf 81' lang='grc' dir='ltr'>ὅτι</span> <span class='ocrx_word' id='word_1_528' title='bbox 914 3687 934 3718; x_wconf 72' lang='grc' dir='ltr'>ι</span> <span class='ocrx_word' id='word_1_529' title='bbox 964 3667 1255 3729; x_wconf 81' lang='grc' dir='ltr'>Σαλπίσει,</span> <span class='ocrx_word' id='word_1_530' title='bbox 1308 3667 1400 3719; x_wconf 72' lang='grc' dir='ltr'>καὶ</span> <span class='ocrx_word' id='word_1_531' title='bbox 1450 3667 1497 3718; x_wconf 83' lang='grc' dir='ltr'><strong>οἱ</strong></span> <span class='ocrx_word' id='word_1_532' title='bbox 1545 3665 1720 3735; x_wconf 74' lang='grc' dir='ltr'>νεκροὶ</span> 
     </span>
    </p>
   </div>
   <div class='ocr_carea' id='block_1_69' title="bbox 1806 3665 3401 3736">
    <p class='ocr_par' dir='ltr' id='par_1_69' title="bbox 1830 3668 3401 3736">
     <span class='ocr_line' id='line_1_69' title="bbox 1830 3668 3401 3736; baseline 0 -13"><span class='ocrx_word' id='word_1_533' title='bbox 1830 3679 1885 3724; x_wconf 86' lang='lat' dir='ltr'><strong>et</strong></span> <span class='ocrx_word' id='word_1_534' title='bbox 1913 3669 2116 3723; x_wconf 90' lang='lat' dir='ltr'><strong>mortui</strong></span> <span class='ocrx_word' id='word_1_535' title='bbox 2151 3676 2436 3736; x_wconf 82' lang='lat' dir='ltr'><strong>resurgent</strong></span> <span class='ocrx_word' id='word_1_536' title='bbox 2494 3668 2815 3736; x_wconf 79' lang='lat' dir='ltr'><strong>incorrupti,</strong></span> <span class='ocrx_word' id='word_1_537' title='bbox 2851 3677 2908 3723; x_wconf 82' lang='lat' dir='ltr'><strong>et</strong></span> <span class='ocrx_word' id='word_1_538' title='bbox 2958 3683 3054 3722; x_wconf 86' lang='lat' dir='ltr'><strong>nos</strong></span> <span class='ocrx_word' id='word_1_539' title='bbox 3089 3669 3401 3724; x_wconf 86' lang='lat' dir='ltr'><strong>immutabi-</strong></span> 
     </span>
    </p>
   </div>
   <div class='ocr_carea' id='block_1_70' title="bbox 123 3756 1718 3829">
    <p class='ocr_par' dir='ltr' id='par_1_70' title="bbox 123 3756 1718 3828">
     <span class='ocr_line' id='line_1_70' title="bbox 123 3756 1718 3828; baseline -0.001 -17"><span class='ocrx_word' id='word_1_540' title='bbox 123 3757 542 3827; x_wconf 73' lang='grc' dir='ltr'>ἐγερθήσονται</span> <span class='ocrx_word' id='word_1_541' title='bbox 589 3756 892 3828; x_wconf 79' lang='grc' dir='ltr'>ἄφθαρτοι,</span> <span class='ocrx_word' id='word_1_542' title='bbox 937 3759 1035 3811; x_wconf 64' lang='grc' dir='ltr'>καὶ</span> <span class='ocrx_word' id='word_1_543' title='bbox 1072 3760 1234 3826; x_wconf 79' lang='grc' dir='ltr'>ἡμεῖς</span> <span class='ocrx_word' id='word_1_544' title='bbox 1283 3757 1718 3825; x_wconf 70' lang='grc' dir='ltr'>ἀλλαγησόμεθα.</span> 
     </span>
    </p>
   </div>
   <div class='ocr_carea' id='block_1_71' title="bbox 1806 3756 3401 3829">
    <p class='ocr_par' dir='ltr' id='par_1_71' title="bbox 1831 3757 3401 3829">
     <span class='ocr_line' id='line_1_71' title="bbox 1831 3757 3401 3829; baseline -0.001 -15"><span class='ocrx_word' id='word_1_545' title='bbox 1831 3775 1969 3814; x_wconf 86' lang='lat' dir='ltr'><strong>mur.</strong></span> <span class='ocrx_word' id='word_1_546' title='bbox 1991 3760 2214 3828; x_wconf 90' lang='lat' dir='ltr'><strong>Oportet</strong></span> <span class='ocrx_word' id='word_1_547' title='bbox 2243 3757 2388 3812; x_wconf 90' lang='lat' dir='ltr'><strong>enim</strong></span> <span class='ocrx_word' id='word_1_548' title='bbox 2441 3761 2791 3829; x_wconf 76' lang='lat' dir='ltr'><strong>corruptibile</strong></span> <span class='ocrx_word' id='word_1_549' title='bbox 2823 3759 2924 3814; x_wconf 90' lang='lat' dir='ltr'><strong>hoc</strong></span> <span class='ocrx_word' id='word_1_550' title='bbox 2971 3759 3193 3814; x_wconf 88' lang='lat' dir='ltr'><strong>induere</strong></span> <span class='ocrx_word' id='word_1_551' title='bbox 3223 3761 3401 3813; x_wconf 80' lang='lat' dir='ltr'><strong>incor-</strong></span> 
     </span>
    </p>
   </div>
   <div class='ocr_carea' id='block_1_72' title="bbox 120 3847 1715 3919">
    <p class='ocr_par' dir='ltr' id='par_1_72' title="bbox 120 3847 1715 3918">
     <span class='ocr_line' id='line_1_72' title="bbox 120 3847 1715 3918; baseline -0.003 -15"><span class='ocrx_word' id='word_1_552' title='bbox 120 3851 232 3903; x_wconf 80' lang='grc' dir='ltr'>Δεῖ</span> <span class='ocrx_word' id='word_1_553' title='bbox 272 3847 389 3918; x_wconf 75' lang='grc' dir='ltr'><strong>γὰρ</strong></span> <span class='ocrx_word' id='word_1_554' title='bbox 440 3847 501 3899; x_wconf 75' lang='grc' dir='ltr'>τὸ</span> <span class='ocrx_word' id='word_1_555' title='bbox 547 3847 784 3917; x_wconf 82' lang='grc' dir='ltr'>φθαρτὸν</span> <span class='ocrx_word' id='word_1_556' title='bbox 818 3847 976 3900; x_wconf 86' lang='grc' dir='ltr'>τοῦτο</span> <span class='ocrx_word' id='word_1_557' title='bbox 1020 3847 1339 3899; x_wconf 76' lang='grc' dir='ltr'>ἐνδύσασθαι</span> <span class='ocrx_word' id='word_1_558' title='bbox 1376 3849 1473 3914; x_wconf 75' lang='grc' dir='ltr'>τὴν</span> <span class='ocrx_word' id='word_1_559' title='bbox 1517 3847 1715 3917; x_wconf 74' lang='grc' dir='ltr'>ἀφθαρ-</span> 
     </span>
    </p>
   </div>
   <div class='ocr_carea' id='block_1_73' title="bbox 1810 3847 3405 3919">
    <p class='ocr_par' dir='ltr' id='par_1_73' title="bbox 1833 3850 3405 3919">
     <span class='ocr_line' id='line_1_73' title="bbox 1833 3850 3405 3919; baseline 0.001 -15"><span class='ocrx_word' id='word_1_560' title='bbox 1833 3855 2160 3919; x_wconf 81' lang='lat' dir='ltr'><strong>ruptiouem,</strong></span> <span class='ocrx_word' id='word_1_561' title='bbox 2207 3862 2262 3906; x_wconf 89' lang='lat' dir='ltr'><strong>et</strong></span> <span class='ocrx_word' id='word_1_562' title='bbox 2330 3851 2558 3904; x_wconf 85' lang='lat' dir='ltr'><strong>mortale</strong></span> <span class='ocrx_word' id='word_1_563' title='bbox 2605 3850 2703 3905; x_wconf 88' lang='lat' dir='ltr'><strong>hoc</strong></span> <span class='ocrx_word' id='word_1_564' title='bbox 2741 3851 2966 3904; x_wconf 86' lang='lat' dir='ltr'><strong>induere</strong></span> <span class='ocrx_word' id='word_1_565' title='bbox 3027 3850 3405 3906; x_wconf 77' lang='lat' dir='ltr'><strong>immortalita-</strong></span> 
     </span>
    </p>
   </div>
   <div class='ocr_carea' id='block_1_74' title="bbox 122 3936 1717 4009">
    <p class='ocr_par' dir='ltr' id='par_1_74' title="bbox 122 3936 1717 4009">
     <span class='ocr_line' id='line_1_74' title="bbox 122 3936 1717 4009; baseline -0.004 -15"><span class='ocrx_word' id='word_1_566' title='bbox 122 3941 287 4004; x_wconf 90' lang='grc' dir='ltr'>σίαν,</span> <span class='ocrx_word' id='word_1_567' title='bbox 304 3940 405 3993; x_wconf 77' lang='grc' dir='ltr'>καὶ</span> <span class='ocrx_word' id='word_1_568' title='bbox 429 3940 490 3992; x_wconf 85' lang='grc' dir='ltr'>τὸ</span> <span class='ocrx_word' id='word_1_569' title='bbox 514 3939 703 4009; x_wconf 74' lang='grc' dir='ltr'>θνητὸν</span> <span class='ocrx_word' id='word_1_570' title='bbox 721 3937 877 3992; x_wconf 87' lang='grc' dir='ltr'>τοῦτο</span> <span class='ocrx_word' id='word_1_571' title='bbox 902 3937 1227 3993; x_wconf 73' lang='grc' dir='ltr'>ἐνδύσασθαι</span> <span class='ocrx_word' id='word_1_572' title='bbox 1253 3936 1350 4006; x_wconf 78' lang='grc' dir='ltr'>τὴν</span> <span class='ocrx_word' id='word_1_573' title='bbox 1375 3937 1717 3990; x_wconf 83' lang='grc' dir='ltr'>ἀθανασίαν.ι</span> 
     </span>
    </p>
   </div>
   <div class='ocr_carea' id='block_1_75' title="bbox 1807 3936 3402 4009">
    <p class='ocr_par' dir='ltr' id='par_1_75' title="bbox 1833 3941 3402 3996">
     <span class='ocr_line' id='line_1_75' title="bbox 1833 3941 3402 3996; baseline 0 -2"><span class='ocrx_word' id='word_1_574' title='bbox 1833 3942 2030 3995; x_wconf 73' lang='lat' dir='ltr'><strong>tem&quot;.</strong></span> <span class='ocrx_word' id='word_1_575' title='bbox 2083 3961 2102 3993; x_wconf 86' lang='grc'><strong>›</strong></span> <span class='ocrx_word' id='word_1_576' title='bbox 2167 3942 2382 3996; x_wconf 86' lang='lat' dir='ltr'><strong>Primus</strong></span> <span class='ocrx_word' id='word_1_577' title='bbox 2450 3943 2610 3995; x_wconf 91' lang='lat' dir='ltr'><strong>homo</strong></span> <span class='ocrx_word' id='word_1_578' title='bbox 2675 3941 2853 3995; x_wconf 80' lang='lat' dir='ltr'><strong>factus</strong></span> <span class='ocrx_word' id='word_1_579' title='bbox 2913 3951 2995 3995; x_wconf 88' lang='lat' dir='ltr'><strong>est</strong></span> <span class='ocrx_word' id='word_1_580' title='bbox 3050 3943 3100 3994; x_wconf 91' lang='lat' dir='ltr'><strong>in</strong></span> <span class='ocrx_word' id='word_1_581' title='bbox 3169 3942 3402 3995; x_wconf 77' lang='lat' dir='ltr'><strong>animam</strong></span> 
     </span>
    </p>
   </div>
   <div class='ocr_carea' id='block_1_76' title="bbox 117 4029 1712 4102">
    <p class='ocr_par' dir='ltr' id='par_1_76' title="bbox 117 4029 1696 4102">
     <span class='ocr_line' id='line_1_76' title="bbox 117 4029 1696 4102; baseline -0.004 -16"><span class='ocrx_word' id='word_1_582' title='bbox 117 4036 231 4097; x_wconf 79' lang='lat' dir='ltr'><strong>El;</strong></span> <span class='ocrx_word' id='word_1_583' title='bbox 283 4031 470 4102; x_wconf 75' lang='grc' dir='ltr'>ψυχὴν</span> <span class='ocrx_word' id='word_1_584' title='bbox 520 4032 698 4096; x_wconf 82' lang='grc' dir='ltr'>ζῶσαν</span> <span class='ocrx_word' id='word_1_585' title='bbox 759 4034 787 4089; x_wconf 85' lang='grc' dir='ltr'>ὁ</span> <span class='ocrx_word' id='word_1_586' title='bbox 845 4031 1059 4101; x_wconf 81' lang='grc' dir='ltr'>πρῶτος</span> <span class='ocrx_word' id='word_1_587' title='bbox 1120 4029 1403 4099; x_wconf 79' lang='grc' dir='ltr'>ἄνθρωπος</span> <span class='ocrx_word' id='word_1_588' title='bbox 1469 4029 1696 4095; x_wconf 76' lang='grc' dir='ltr'>γέγονεν</span> 
     </span>
    </p>
   </div>
   <div class='ocr_carea' id='block_1_77' title="bbox 1815 4029 3410 4102">
    <p class='ocr_par' dir='ltr' id='par_1_77' title="bbox 1833 4033 3410 4102">
     <span class='ocr_line' id='line_1_77' title="bbox 1833 4033 3410 4102; baseline 0 -15"><span class='ocrx_word' id='word_1_589' title='bbox 1833 4035 2102 4088; x_wconf 82' lang='lat' dir='ltr'><strong>viventem</strong></span> <span class='ocrx_word' id='word_1_590' title='bbox 2134 4053 2147 4086; x_wconf 88' lang='lat'><strong>:</strong></span> <span class='ocrx_word' id='word_1_591' title='bbox 2178 4035 2372 4102; x_wconf 81' lang='lat' dir='ltr'><strong>egebat</strong></span> <span class='ocrx_word' id='word_1_592' title='bbox 2410 4035 2554 4088; x_wconf 87' lang='lat' dir='ltr'><strong>enim</strong></span> <span class='ocrx_word' id='word_1_593' title='bbox 2600 4073 2616 4098; x_wconf 89' lang='lat'><strong>,</strong></span> <span class='ocrx_word' id='word_1_594' title='bbox 2656 4043 2910 4100; x_wconf 84' lang='lat' dir='ltr'><strong>tanquam</strong></span> <span class='ocrx_word' id='word_1_595' title='bbox 2936 4035 3270 4102; x_wconf 83' lang='lat' dir='ltr'><strong>ﬁgmentum,</strong></span> <span class='ocrx_word' id='word_1_596' title='bbox 3302 4033 3410 4087; x_wconf 71' lang='lat' dir='ltr'><strong>Deo</strong></span> 
     </span>
    </p>
   </div>
   <div class='ocr_carea' id='block_1_78' title="bbox 119 4119 1714 4197">
    <p class='ocr_par' dir='ltr' id='par_1_78' title="bbox 119 4120 1714 4197">
     <span class='ocr_line' id='line_1_78' title="bbox 119 4120 1714 4197; baseline -0.006 -17"><span class='ocrx_word' id='word_1_597' title='bbox 119 4128 321 4181; x_wconf 84' lang='grc' dir='ltr'>ἐδεῖτο</span> <span class='ocrx_word' id='word_1_598' title='bbox 347 4126 485 4196; x_wconf 75' lang='grc' dir='ltr'>γὰρ,</span> <span class='ocrx_word' id='word_1_599' title='bbox 508 4126 583 4190; x_wconf 85' lang='grc' dir='ltr'>ὼς</span> <span class='ocrx_word' id='word_1_600' title='bbox 611 4125 841 4197; x_wconf 83' lang='grc' dir='ltr'>ποίημα,</span> <span class='ocrx_word' id='word_1_601' title='bbox 874 4122 968 4176; x_wconf 87' lang='grc' dir='ltr'>τοῦ</span> <span class='ocrx_word' id='word_1_602' title='bbox 998 4121 1386 4186; x_wconf 74' lang='grc' dir='ltr'>ζωοποιοῦντος</span> <span class='ocrx_word' id='word_1_603' title='bbox 1411 4120 1567 4173; x_wconf 86' lang='grc' dir='ltr'>Θεοῦ.</span> <span class='ocrx_word' id='word_1_604' title='bbox 1593 4121 1652 4172; x_wconf 87' lang='lat'><strong>&#39;0</strong></span> <span class='ocrx_word' id='word_1_605' title='bbox 1675 4120 1714 4173; x_wconf 87' lang='grc' dir='ltr'>δ;</span> 
     </span>
    </p>
   </div>
   <div class='ocr_carea' id='block_1_79' title="bbox 1812 4119 3407 4197">
    <p class='ocr_par' dir='ltr' id='par_1_79' title="bbox 1835 4123 3407 4188">
     <span class='ocr_line' id='line_1_79' title="bbox 1835 4123 3407 4188; baseline 0.002 -13"><span class='ocrx_word' id='word_1_606' title='bbox 1835 4123 2164 4180; x_wconf 80' lang='lat' dir='ltr'><strong>viviﬁcante.</strong></span> <span class='ocrx_word' id='word_1_607' title='bbox 2217 4123 2284 4177; x_wconf 85' lang='lat' dir='ltr'><strong>At</strong></span> <span class='ocrx_word' id='word_1_608' title='bbox 2346 4137 2476 4177; x_wconf 84' lang='lat' dir='ltr'><strong>vero</strong></span> <span class='ocrx_word' id='word_1_609' title='bbox 2528 4123 2862 4178; x_wconf 76' lang='lat' dir='ltr'><strong>novissimus</strong></span> <span class='ocrx_word' id='word_1_610' title='bbox 2911 4124 3109 4188; x_wconf 79' lang='lat' dir='ltr'><strong>Adam,</strong></span> <span class='ocrx_word' id='word_1_611' title='bbox 3172 4124 3272 4176; x_wconf 82' lang='lat' dir='ltr'><strong>hoc</strong></span> <span class='ocrx_word' id='word_1_612' title='bbox 3326 4133 3407 4178; x_wconf 81' lang='lat' dir='ltr'><strong>est</strong></span> 
     </span>
    </p>
   </div>
   <div class='ocr_carea' id='block_1_80' title="bbox 110 4211 1705 4288">
    <p class='ocr_par' dir='ltr' id='par_1_80' title="bbox 110 4211 1700 4288">
     <span class='ocr_line' id='line_1_80' title="bbox 110 4211 1700 4288; baseline -0.006 -17"><span class='ocrx_word' id='word_1_613' title='bbox 110 4236 194 4288; x_wconf 85' lang='grc' dir='ltr'><strong>γε</strong></span> <span class='ocrx_word' id='word_1_614' title='bbox 225 4218 475 4287; x_wconf 77' lang='grc' dir='ltr'>ἔσχατος</span> <span class='ocrx_word' id='word_1_615' title='bbox 511 4217 706 4287; x_wconf 74' lang='grc' dir='ltr'>’Δδὰμ,</span> <span class='ocrx_word' id='word_1_616' title='bbox 739 4215 987 4269; x_wconf 81' lang='grc' dir='ltr'>τουτέστι</span> <span class='ocrx_word' id='word_1_617' title='bbox 1022 4214 1275 4284; x_wconf 78' lang='grc' dir='ltr'>Χριστὸς,</span> <span class='ocrx_word' id='word_1_618' title='bbox 1330 4213 1413 4265; x_wconf 85' lang='grc' dir='ltr'>ὃτι</span> <span class='ocrx_word' id='word_1_619' title='bbox 1459 4212 1531 4281; x_wconf 81' lang='grc' dir='ltr'>μὴ</span> <span class='ocrx_word' id='word_1_620' title='bbox 1564 4211 1700 4263; x_wconf 82' lang='grc' dir='ltr'>ἑδεῖτ</span> 
     </span>
    </p>
   </div>
   <div class='ocr_carea' id='block_1_81' title="bbox 1810 4211 3405 4288">
    <p class='ocr_par' dir='ltr' id='par_1_81' title="bbox 1835 4215 3405 4285">
     <span class='ocr_line' id='line_1_81' title="bbox 1835 4215 3405 4285; baseline -0.003 -15"><span class='ocrx_word' id='word_1_621' title='bbox 1835 4217 2104 4280; x_wconf 87' lang='lat' dir='ltr'><strong>Christus,</strong></span> <span class='ocrx_word' id='word_1_622' title='bbox 2131 4218 2294 4285; x_wconf 90' lang='lat' dir='ltr'><strong>quod,</strong></span> <span class='ocrx_word' id='word_1_623' title='bbox 2327 4227 2385 4271; x_wconf 88' lang='lat' dir='ltr'><strong>ut</strong></span> <span class='ocrx_word' id='word_1_624' title='bbox 2410 4219 2570 4282; x_wconf 87' lang='lat' dir='ltr'><strong>Deus,</strong></span> <span class='ocrx_word' id='word_1_625' title='bbox 2594 4218 2700 4270; x_wconf 89' lang='lat' dir='ltr'><strong>vita</strong></span> <span class='ocrx_word' id='word_1_626' title='bbox 2729 4225 2947 4270; x_wconf 77' lang='lat' dir='ltr'><strong>externa</strong></span> <span class='ocrx_word' id='word_1_627' title='bbox 2987 4230 3090 4269; x_wconf 92' lang='lat' dir='ltr'><strong>non</strong></span> <span class='ocrx_word' id='word_1_628' title='bbox 3123 4215 3405 4283; x_wconf 85' lang='lat' dir='ltr'><strong>indigeret,</strong></span> 
     </span>
    </p>
   </div>
   <div class='ocr_carea' id='block_1_82' title="bbox 109 4301 1704 4380">
    <p class='ocr_par' dir='ltr' id='par_1_82' title="bbox 109 4301 1696 4380">
     <span class='ocr_line' id='line_1_82' title="bbox 109 4301 1696 4380; baseline -0.007 -16"><span class='ocrx_word' id='word_1_629' title='bbox 109 4311 289 4380; x_wconf 77' lang='grc' dir='ltr'><strong>ζωῆς</strong></span> <span class='ocrx_word' id='word_1_630' title='bbox 318 4310 400 4372; x_wconf 86' lang='grc' dir='ltr'><strong>ὡς</strong></span> <span class='ocrx_word' id='word_1_631' title='bbox 431 4309 587 4371; x_wconf 78' lang='grc' dir='ltr'>Θεὸς,</span> <span class='ocrx_word' id='word_1_632' title='bbox 619 4306 845 4377; x_wconf 86' lang='grc' dir='ltr'>Πνεῦμα</span> <span class='ocrx_word' id='word_1_633' title='bbox 869 4306 1090 4375; x_wconf 78' lang='grc' dir='ltr'>γέγονεν</span> <span class='ocrx_word' id='word_1_634' title='bbox 1116 4306 1195 4366; x_wconf 85' lang='grc' dir='ltr'><strong>είς</strong></span> <span class='ocrx_word' id='word_1_635' title='bbox 1224 4305 1369 4374; x_wconf 73' lang='grc' dir='ltr'>ἡμᾶς</span> <span class='ocrx_word' id='word_1_636' title='bbox 1401 4301 1696 4365; x_wconf 78' lang='grc' dir='ltr'>ζωοποιοῦν</span> 
     </span>
    </p>
   </div>
   <div class='ocr_carea' id='block_1_83' title="bbox 1811 4301 3406 4380">
    <p class='ocr_par' dir='ltr' id='par_1_83' title="bbox 1844 4306 3406 4376">
     <span class='ocr_line' id='line_1_83' title="bbox 1844 4306 3406 4376; baseline 0 -15"><span class='ocrx_word' id='word_1_637' title='bbox 1844 4306 2078 4374; x_wconf 86' lang='lat' dir='ltr'><strong>Spiritus</strong></span> <span class='ocrx_word' id='word_1_638' title='bbox 2123 4307 2240 4373; x_wconf 79' lang='lat' dir='ltr'><strong>fuit,</strong></span> <span class='ocrx_word' id='word_1_639' title='bbox 2268 4309 2358 4376; x_wconf 89' lang='lat' dir='ltr'><strong>qui</strong></span> <span class='ocrx_word' id='word_1_640' title='bbox 2414 4308 2579 4361; x_wconf 85' lang='lat' dir='ltr'><strong>vitam</strong></span> <span class='ocrx_word' id='word_1_641' title='bbox 2621 4308 2674 4361; x_wconf 91' lang='lat' dir='ltr'><strong>in</strong></span> <span class='ocrx_word' id='word_1_642' title='bbox 2718 4322 2816 4362; x_wconf 87' lang='lat' dir='ltr'><strong>nos</strong></span> <span class='ocrx_word' id='word_1_643' title='bbox 2869 4306 3212 4360; x_wconf 81' lang='lat' dir='ltr'><strong>lransl’uudit.</strong></span> <span class='ocrx_word' id='word_1_644' title='bbox 3247 4307 3406 4376; x_wconf 82' lang='lat' dir='ltr'><strong>Atqui</strong></span> 
     </span>
    </p>
   </div>
   <div class='ocr_carea' id='block_1_84' title="bbox 108 4394 1703 4472">
    <p class='ocr_par' dir='ltr' id='par_1_84' title="bbox 108 4394 1703 4472">
     <span class='ocr_line' id='line_1_84' title="bbox 108 4394 1703 4472; baseline -0.004 -19"><span class='ocrx_word' id='word_1_645' title='bbox 108 4405 278 4472; x_wconf 81' lang='grc' dir='ltr'>ὅπερ</span> <span class='ocrx_word' id='word_1_646' title='bbox 333 4400 462 4453; x_wconf 74' lang='grc' dir='ltr'>ἐστὶ</span> <span class='ocrx_word' id='word_1_647' title='bbox 494 4397 645 4462; x_wconf 86' lang='grc' dir='ltr'>θείας</span> <span class='ocrx_word' id='word_1_648' title='bbox 689 4397 906 4466; x_wconf 79' lang='grc' dir='ltr'>φύσεως</span> <span class='ocrx_word' id='word_1_649' title='bbox 942 4397 1072 4449; x_wconf 79' lang='grc' dir='ltr'>ίδιον</span> <span class='ocrx_word' id='word_1_650' title='bbox 1107 4394 1505 4464; x_wconf 80' lang='grc' dir='ltr'>πλεονέκτημα.</span> <span class='ocrx_word' id='word_1_651' title='bbox 1550 4395 1657 4447; x_wconf 69' lang='grc' dir='ltr'><strong>Καὶ</strong></span> <span class='ocrx_word' id='word_1_652' title='bbox 1701 4421 1703 4437; x_wconf 75' lang='grc' dir='ltr'>ι</span> 
     </span>
    </p>
   </div>
   <div class='ocr_carea' id='block_1_85' title="bbox 1814 4394 3409 4472">
    <p class='ocr_par' dir='ltr' id='par_1_85' title="bbox 1837 4397 3409 4468">
     <span class='ocr_line' id='line_1_85' title="bbox 1837 4397 3409 4468; baseline 0.001 -19"><span class='ocrx_word' id='word_1_653' title='bbox 1837 4399 2139 4452; x_wconf 75' lang='grc' dir='ltr'><strong>νίνῑίίοιιηόί</strong></span> <span class='ocrx_word' id='word_1_654' title='bbox 2173 4397 2402 4453; x_wconf 80' lang='lat' dir='ltr'><strong>facultas</strong></span> <span class='ocrx_word' id='word_1_655' title='bbox 2444 4402 2660 4468; x_wconf 84' lang='lat' dir='ltr'><strong>propria</strong></span> <span class='ocrx_word' id='word_1_656' title='bbox 2707 4407 2794 4453; x_wconf 91' lang='lat' dir='ltr'><strong>est</strong></span> <span class='ocrx_word' id='word_1_657' title='bbox 2826 4398 3019 4451; x_wconf 78' lang='lat' dir='ltr'><strong>divinae</strong></span> <span class='ocrx_word' id='word_1_658' title='bbox 3048 4408 3252 4450; x_wconf 63' lang='lat' dir='ltr'><strong>natura</strong></span> <span class='ocrx_word' id='word_1_659' title='bbox 3285 4412 3409 4462; x_wconf 81' lang='lat' dir='ltr'><strong>pos-</strong></span> 
     </span>
    </p>
   </div>
   <div class='ocr_carea' id='block_1_86' title="bbox 105 4484 1700 4564">
    <p class='ocr_par' dir='ltr' id='par_1_86' title="bbox 105 4484 1700 4564">
     <span class='ocr_line' id='line_1_86' title="bbox 105 4484 1700 4564; baseline -0.004 -21"><span class='ocrx_word' id='word_1_660' title='bbox 105 4494 230 4564; x_wconf 78' lang='grc' dir='ltr'><strong>μὲν</strong></span> <span class='ocrx_word' id='word_1_661' title='bbox 270 4491 506 4561; x_wconf 81' lang='grc' dir='ltr'>πρῶτος</span> <span class='ocrx_word' id='word_1_662' title='bbox 538 4492 601 4543; x_wconf 85' lang='grc' dir='ltr'>ὲκ</span> <span class='ocrx_word' id='word_1_663' title='bbox 630 4489 766 4558; x_wconf 81' lang='grc' dir='ltr'>γῆς,</span> <span class='ocrx_word' id='word_1_664' title='bbox 805 4489 1016 4558; x_wconf 82' lang='grc' dir='ltr'>χοϊκός·</span> <span class='ocrx_word' id='word_1_665' title='bbox 1054 4488 1081 4539; x_wconf 85' lang='grc' dir='ltr'>ὁ</span> <span class='ocrx_word' id='word_1_666' title='bbox 1116 4485 1365 4557; x_wconf 78' lang='grc' dir='ltr'>δεύτερος</span> <span class='ocrx_word' id='word_1_667' title='bbox 1397 4485 1451 4537; x_wconf 84' lang='grc' dir='ltr'><strong>δὲ</strong></span> <span class='ocrx_word' id='word_1_668' title='bbox 1480 4484 1538 4550; x_wconf 77' lang='grc' dir='ltr'><strong>ἐξ</strong></span> <span class='ocrx_word' id='word_1_669' title='bbox 1565 4484 1700 4554; x_wconf 82' lang='grc' dir='ltr'>οὐρα</span> 
     </span>
    </p>
   </div>
   <div class='ocr_carea' id='block_1_87' title="bbox 1789 4484 3384 4564">
    <p class='ocr_par' dir='ltr' id='par_1_87' title="bbox 1834 4489 3384 4558">
     <span class='ocr_line' id='line_1_87' title="bbox 1834 4489 3384 4558; baseline -0.001 -15"><span class='ocrx_word' id='word_1_670' title='bbox 1834 4491 2026 4544; x_wconf 85' lang='lat' dir='ltr'><strong>sessio.</strong></span> <span class='ocrx_word' id='word_1_671' title='bbox 2061 4491 2128 4542; x_wconf 87' lang='lat' dir='ltr'><strong>Et</strong></span> <span class='ocrx_word' id='word_1_672' title='bbox 2158 4492 2368 4558; x_wconf 89' lang='lat' dir='ltr'><strong>primus</strong></span> <span class='ocrx_word' id='word_1_673' title='bbox 2393 4491 2607 4557; x_wconf 88' lang='lat' dir='ltr'><strong>quidem</strong></span> <span class='ocrx_word' id='word_1_674' title='bbox 2638 4491 2798 4542; x_wconf 88' lang='lat' dir='ltr'><strong>homo</strong></span> <span class='ocrx_word' id='word_1_675' title='bbox 2826 4489 2892 4542; x_wconf 84' lang='lat' dir='ltr'><strong>de</strong></span> <span class='ocrx_word' id='word_1_676' title='bbox 2927 4499 3068 4542; x_wconf 89' lang='lat' dir='ltr'><strong>terra</strong></span> <span class='ocrx_word' id='word_1_677' title='bbox 3101 4498 3220 4542; x_wconf 88' lang='lat' dir='ltr'><strong>erat</strong></span> <span class='ocrx_word' id='word_1_678' title='bbox 3241 4499 3384 4542; x_wconf 86' lang='lat' dir='ltr'><strong>terre</strong></span> 
     </span>
    </p>
   </div>
   <div class='ocr_carea' id='block_1_88' title="bbox 104 4575 1699 4651">
    <p class='ocr_par' dir='ltr' id='par_1_88' title="bbox 104 4575 1694 4651">
     <span class='ocr_line' id='line_1_88' title="bbox 104 4575 1694 4651; baseline -0.005 -15"><span class='ocrx_word' id='word_1_679' title='bbox 104 4581 247 4646; x_wconf 81' lang='grc' dir='ltr'>νοῦ,</span> <span class='ocrx_word' id='word_1_680' title='bbox 307 4580 500 4634; x_wconf 87' lang='grc' dir='ltr'>καίτοι</span> <span class='ocrx_word' id='word_1_681' title='bbox 534 4580 817 4651; x_wconf 79' lang='grc' dir='ltr'>γεννηθεὶς</span> <span class='ocrx_word' id='word_1_682' title='bbox 864 4579 949 4632; x_wconf 79' lang='grc' dir='ltr'><strong>διὰ</strong></span> <span class='ocrx_word' id='word_1_683' title='bbox 981 4579 1255 4647; x_wconf 79' lang='grc' dir='ltr'>γυναικός.</span> <span class='ocrx_word' id='word_1_684' title='bbox 1298 4577 1357 4630; x_wconf 85' lang='grc'><strong>’0</strong></span> <span class='ocrx_word' id='word_1_685' title='bbox 1383 4575 1490 4647; x_wconf 81' lang='grc' dir='ltr'><strong>γὰρ</strong></span> <span class='ocrx_word' id='word_1_686' title='bbox 1522 4575 1694 4629; x_wconf 75' lang='grc' dir='ltr'>ἅνωθε</span> 
     </span>
    </p>
   </div>
   <div class='ocr_carea' id='block_1_89' title="bbox 1816 4575 3411 4651">
    <p class='ocr_par' dir='ltr' id='par_1_89' title="bbox 1837 4575 3411 4632">
     <span class='ocr_line' id='line_1_89' title="bbox 1837 4575 3411 4632; baseline -0.002 -1"><span class='ocrx_word' id='word_1_687' title='bbox 1837 4593 1939 4631; x_wconf 90' lang='lat' dir='ltr'><strong>nus</strong></span> <span class='ocrx_word' id='word_1_688' title='bbox 1969 4594 1985 4632; x_wconf 86' lang='lat'><strong>:</strong></span> <span class='ocrx_word' id='word_1_689' title='bbox 2014 4578 2282 4631; x_wconf 84' lang='lat' dir='ltr'><strong>secundus</strong></span> <span class='ocrx_word' id='word_1_690' title='bbox 2309 4587 2485 4628; x_wconf 85' lang='lat' dir='ltr'><strong>autem</strong></span> <span class='ocrx_word' id='word_1_691' title='bbox 2513 4576 2638 4629; x_wconf 83' lang='lat' dir='ltr'><strong>licet</strong></span> <span class='ocrx_word' id='word_1_692' title='bbox 2672 4591 2736 4629; x_wconf 70' lang='lat' dir='ltr'><strong>ex</strong></span> <span class='ocrx_word' id='word_1_693' title='bbox 2769 4575 2996 4628; x_wconf 84' lang='lat' dir='ltr'><strong>muliere</strong></span> <span class='ocrx_word' id='word_1_694' title='bbox 3017 4584 3192 4627; x_wconf 82' lang='lat' dir='ltr'><strong>ortum</strong></span> <span class='ocrx_word' id='word_1_695' title='bbox 3232 4577 3411 4629; x_wconf 86' lang='lat' dir='ltr'><strong>trahe-</strong></span> 
     </span>
    </p>
   </div>
   <div class='ocr_carea' id='block_1_90' title="bbox 98 4664 1693 4743">
    <p class='ocr_par' dir='ltr' id='par_1_90' title="bbox 98 4666 1693 4743">
     <span class='ocr_line' id='line_1_90' title="bbox 98 4666 1693 4743; baseline -0.005 -16"><span class='ocrx_word' id='word_1_696' title='bbox 98 4667 220 4728; x_wconf 70' lang='grc' dir='ltr'>καὶ</span> <span class='ocrx_word' id='word_1_697' title='bbox 261 4672 332 4738; x_wconf 75' lang='grc' dir='ltr'>ἐξ</span> <span class='ocrx_word' id='word_1_698' title='bbox 362 4672 602 4743; x_wconf 77' lang='grc' dir='ltr'>ούρανοῦ</span> <span class='ocrx_word' id='word_1_699' title='bbox 629 4714 644 4735; x_wconf 89' lang='grc'><strong>,</strong></span> <span class='ocrx_word' id='word_1_700' title='bbox 679 4671 772 4724; x_wconf 59' lang='grc' dir='ltr'><strong>καὶ⁵</strong></span> <span class='ocrx_word' id='word_1_701' title='bbox 799 4672 862 4724; x_wconf 80' lang='grc' dir='ltr'>ἑκ</span> <span class='ocrx_word' id='word_1_702' title='bbox 905 4670 1040 4724; x_wconf 84' lang='grc' dir='ltr'>Θεοῦ</span> <span class='ocrx_word' id='word_1_703' title='bbox 1071 4669 1283 4740; x_wconf 80' lang='grc' dir='ltr'>Πατρὸς</span> <span class='ocrx_word' id='word_1_704' title='bbox 1314 4669 1506 4735; x_wconf 83' lang='grc' dir='ltr'>Λόγος,</span> <span class='ocrx_word' id='word_1_705' title='bbox 1542 4666 1646 4720; x_wconf 74' lang='grc' dir='ltr'>κᾶν</span> <span class='ocrx_word' id='word_1_706' title='bbox 1679 4683 1693 4718; x_wconf 89' lang='grc' dir='ltr'><strong>ε</strong></span> 
     </span>
    </p>
   </div>
   <div class='ocr_carea' id='block_1_91' title="bbox 1814 4664 3409 4743">
    <p class='ocr_par' dir='ltr' id='par_1_91' title="bbox 1839 4664 3409 4735">
     <span class='ocr_line' id='line_1_91' title="bbox 1839 4664 3409 4735; baseline -0.001 -13"><span class='ocrx_word' id='word_1_707' title='bbox 1839 4678 1941 4730; x_wconf 90' lang='lat' dir='ltr'><strong>ret,</strong></span> <span class='ocrx_word' id='word_1_708' title='bbox 1966 4669 2032 4721; x_wconf 89' lang='lat' dir='ltr'><strong>de</strong></span> <span class='ocrx_word' id='word_1_709' title='bbox 2060 4668 2200 4722; x_wconf 64' lang='lat' dir='ltr'><strong>caelo</strong></span> <span class='ocrx_word' id='word_1_710' title='bbox 2230 4675 2474 4721; x_wconf 77' lang='lat' dir='ltr'><strong>venerat.</strong></span> <span class='ocrx_word' id='word_1_711' title='bbox 2510 4666 2769 4732; x_wconf 81' lang='lat' dir='ltr'><strong>Quamvis</strong></span> <span class='ocrx_word' id='word_1_712' title='bbox 2797 4668 2942 4719; x_wconf 88' lang='lat' dir='ltr'><strong>enim</strong></span> <span class='ocrx_word' id='word_1_713' title='bbox 2985 4664 3237 4731; x_wconf 79' lang='lat' dir='ltr'><strong>Verbum,</strong></span> <span class='ocrx_word' id='word_1_714' title='bbox 3267 4669 3409 4735; x_wconf 86' lang='lat' dir='ltr'><strong>quod</strong></span> 
     </span>
    </p>
   </div>
   <div class='ocr_carea' id='block_1_92' title="bbox 94 4755 1689 4834">
    <p class='ocr_par' dir='ltr' id='par_1_92' title="bbox 94 4755 1689 4834">
     <span class='ocr_line' id='line_1_92' title="bbox 94 4755 1689 4834; baseline -0.005 -17"><span class='ocrx_word' id='word_1_715' title='bbox 94 4766 367 4834; x_wconf 82' lang='grc' dir='ltr'>γέγονεν</span> <span class='ocrx_word' id='word_1_716' title='bbox 424 4761 710 4831; x_wconf 77' lang='grc' dir='ltr'>ἄνθρωπος</span> <span class='ocrx_word' id='word_1_717' title='bbox 737 4802 750 4827; x_wconf 91' lang='grc'><strong>,</strong></span> <span class='ocrx_word' id='word_1_718' title='bbox 783 4760 895 4814; x_wconf 83' lang='grc' dir='ltr'><strong>ἀλλ’</strong></span> <span class='ocrx_word' id='word_1_719' title='bbox 931 4760 1081 4812; x_wconf 73' lang='grc' dir='ltr'>οὐδὲν</span> <span class='ocrx_word' id='word_1_720' title='bbox 1108 4755 1268 4830; x_wconf 75' lang='grc' dir='ltr'>ἧττόν</span> <span class='ocrx_word' id='word_1_721' title='bbox 1295 4760 1440 4810; x_wconf 80' lang='grc' dir='ltr'>ἐστιν</span> <span class='ocrx_word' id='word_1_722' title='bbox 1471 4757 1529 4823; x_wconf 80' lang='grc' dir='ltr'><strong>ἐξ</strong></span> <span class='ocrx_word' id='word_1_723' title='bbox 1563 4758 1689 4827; x_wconf 83' lang='grc' dir='ltr'>οὐρα</span> 
     </span>
    </p>
   </div>
   <div class='ocr_carea' id='block_1_93' title="bbox 1818 4755 3413 4834">
    <p class='ocr_par' dir='ltr' id='par_1_93' title="bbox 1839 4756 3413 4826">
     <span class='ocr_line' id='line_1_93' title="bbox 1839 4756 3413 4826; baseline -0.001 -15"><span class='ocrx_word' id='word_1_724' title='bbox 1839 4759 1903 4812; x_wconf 85' lang='lat' dir='ltr'><strong>de</strong></span> <span class='ocrx_word' id='word_1_725' title='bbox 1933 4759 2204 4826; x_wconf 81' lang='lat' dir='ltr'><strong>supernis,</strong></span> <span class='ocrx_word' id='word_1_726' title='bbox 2243 4759 2344 4811; x_wconf 89' lang='lat' dir='ltr'><strong>hoc</strong></span> <span class='ocrx_word' id='word_1_727' title='bbox 2375 4766 2460 4811; x_wconf 87' lang='lat' dir='ltr'><strong>est</strong></span> <span class='ocrx_word' id='word_1_728' title='bbox 2486 4757 2553 4811; x_wconf 90' lang='lat' dir='ltr'><strong>de</strong></span> <span class='ocrx_word' id='word_1_729' title='bbox 2589 4757 2729 4813; x_wconf 73' lang='lat' dir='ltr'><strong>ctelo</strong></span> <span class='ocrx_word' id='word_1_730' title='bbox 2764 4768 2867 4820; x_wconf 89' lang='lat' dir='ltr'><strong>est,</strong></span> <span class='ocrx_word' id='word_1_731' title='bbox 2904 4766 2957 4810; x_wconf 93' lang='lat' dir='ltr'><strong>et</strong></span> <span class='ocrx_word' id='word_1_732' title='bbox 2988 4772 3053 4810; x_wconf 81' lang='lat' dir='ltr'><strong>ex</strong></span> <span class='ocrx_word' id='word_1_733' title='bbox 3099 4756 3207 4810; x_wconf 90' lang='lat' dir='ltr'><strong>Deo</strong></span> <span class='ocrx_word' id='word_1_734' title='bbox 3253 4756 3413 4810; x_wconf 69' lang='lat' dir='ltr'><strong>Patre</strong></span> 
     </span>
    </p>
   </div>
   <div class='ocr_carea' id='block_1_94' title="bbox 92 4846 1687 4922">
    <p class='ocr_par' dir='ltr' id='par_1_94' title="bbox 92 4847 1687 4922">
     <span class='ocr_line' id='line_1_94' title="bbox 92 4847 1687 4922; baseline -0.006 -13"><span class='ocrx_word' id='word_1_735' title='bbox 92 4855 236 4910; x_wconf 83' lang='grc' dir='ltr'>νοῦ.</span> <span class='ocrx_word' id='word_1_736' title='bbox 293 4855 422 4908; x_wconf 68' lang='grc' dir='ltr'><strong>Καὶ</strong></span> <span class='ocrx_word' id='word_1_737' title='bbox 469 4855 517 4905; x_wconf 74' lang='grc' dir='ltr'>εἰ</span> <span class='ocrx_word' id='word_1_738' title='bbox 563 4851 740 4922; x_wconf 70' lang='grc' dir='ltr'>φθορᾷ</span> <span class='ocrx_word' id='word_1_739' title='bbox 786 4853 876 4905; x_wconf 78' lang='grc' dir='ltr'>καὶ</span> <span class='ocrx_word' id='word_1_740' title='bbox 923 4850 1138 4920; x_wconf 79' lang='grc' dir='ltr'>θανάτῳ</span> <span class='ocrx_word' id='word_1_741' title='bbox 1170 4850 1604 4919; x_wconf 81' lang='grc' dir='ltr'>κατεσχημένοι,</span> <span class='ocrx_word' id='word_1_742' title='bbox 1635 4847 1687 4900; x_wconf 69' lang='grc' dir='ltr'><strong>τί</strong></span> 
     </span>
    </p>
   </div>
   <div class='ocr_carea' id='block_1_95' title="bbox 1820 4846 3415 4922">
    <p class='ocr_par' dir='ltr' id='par_1_95' title="bbox 1841 4846 3415 4914">
     <span class='ocr_line' id='line_1_95' title="bbox 1841 4846 3415 4914; baseline -0.001 -12"><span class='ocrx_word' id='word_1_743' title='bbox 1841 4859 2025 4902; x_wconf 89' lang='lat' dir='ltr'><strong>natum</strong></span> <span class='ocrx_word' id='word_1_744' title='bbox 2063 4858 2168 4912; x_wconf 88' lang='lat' dir='ltr'><strong>est,</strong></span> <span class='ocrx_word' id='word_1_745' title='bbox 2203 4850 2365 4903; x_wconf 92' lang='lat' dir='ltr'><strong>homo</strong></span> <span class='ocrx_word' id='word_1_746' title='bbox 2416 4846 2591 4902; x_wconf 80' lang='lat' dir='ltr'><strong>factus</strong></span> <span class='ocrx_word' id='word_1_747' title='bbox 2642 4849 2748 4914; x_wconf 89' lang='lat' dir='ltr'><strong>sit,</strong></span> <span class='ocrx_word' id='word_1_748' title='bbox 2782 4847 2951 4902; x_wconf 89' lang='lat' dir='ltr'><strong>nihilo</strong></span> <span class='ocrx_word' id='word_1_749' title='bbox 3000 4856 3187 4902; x_wconf 83' lang='lat' dir='ltr'><strong>tamen</strong></span> <span class='ocrx_word' id='word_1_750' title='bbox 3237 4849 3415 4902; x_wconf 80' lang='lat' dir='ltr'><strong>secius</strong></span> 
     </span>
    </p>
   </div>
   <div class='ocr_carea' id='block_1_96' title="bbox 91 4940 1686 5012">
    <p class='ocr_par' dir='ltr' id='par_1_96' title="bbox 91 4940 1686 5012">
     <span class='ocr_line' id='line_1_96' title="bbox 91 4940 1686 5012; baseline -0.006 -12"><span class='ocrx_word' id='word_1_751' title='bbox 91 4947 325 5000; x_wconf 76' lang='grc' dir='ltr'>εἰκόνα.</span> <span class='ocrx_word' id='word_1_752' title='bbox 358 4943 463 4997; x_wconf 85' lang='grc' dir='ltr'>τοῦ</span> <span class='ocrx_word' id='word_1_753' title='bbox 495 4941 678 5012; x_wconf 80' lang='grc' dir='ltr'>χοϊκοῦ</span> <span class='ocrx_word' id='word_1_754' title='bbox 715 4943 801 4995; x_wconf 74' lang='grc' dir='ltr'><strong>διὰ</strong></span> <span class='ocrx_word' id='word_1_755' title='bbox 832 4942 990 4996; x_wconf 86' lang='grc' dir='ltr'>τοῦτο</span> <span class='ocrx_word' id='word_1_756' title='bbox 1026 4941 1253 5010; x_wconf 84' lang='grc' dir='ltr'>φορέσαι</span> <span class='ocrx_word' id='word_1_757' title='bbox 1297 4940 1569 5009; x_wconf 83' lang='grc' dir='ltr'>λεγόμεθα</span> <span class='ocrx_word' id='word_1_758' title='bbox 1591 4953 1603 4966; x_wconf 77' lang='grc'><strong><em>⁸</em></strong></span> <span class='ocrx_word' id='word_1_759' title='bbox 1635 4940 1686 4992; x_wconf 70' lang='grc' dir='ltr'><strong>τί</strong></span> 
     </span>
    </p>
   </div>
   <div class='ocr_carea' id='block_1_97' title="bbox 1821 4940 3416 5012">
    <p class='ocr_par' dir='ltr' id='par_1_97' title="bbox 1841 4940 3416 5009">
     <span class='ocr_line' id='line_1_97' title="bbox 1841 4940 3416 5009; baseline 0.001 -18"><span class='ocrx_word' id='word_1_760' title='bbox 1841 4942 1907 4993; x_wconf 89' lang='lat' dir='ltr'><strong>dc</strong></span> <span class='ocrx_word' id='word_1_761' title='bbox 1953 4941 2090 4994; x_wconf 66' lang='lat' dir='ltr'><strong>caelo</strong></span> <span class='ocrx_word' id='word_1_762' title='bbox 2138 4951 2242 4995; x_wconf 89' lang='lat' dir='ltr'><strong>est.</strong></span> <span class='ocrx_word' id='word_1_763' title='bbox 2292 4940 2524 4995; x_wconf 80' lang='lat' dir='ltr'><strong>ltnrsum</strong></span> <span class='ocrx_word' id='word_1_764' title='bbox 2561 4942 2660 5004; x_wconf 86' lang='lat' dir='ltr'><strong>uti,</strong></span> <span class='ocrx_word' id='word_1_765' title='bbox 2697 4940 3061 5009; x_wconf 88' lang='lat' dir='ltr'><strong>corruptionis</strong></span> <span class='ocrx_word' id='word_1_766' title='bbox 3105 4948 3159 4994; x_wconf 92' lang='lat' dir='ltr'><strong>et</strong></span> <span class='ocrx_word' id='word_1_767' title='bbox 3225 4940 3416 4993; x_wconf 88' lang='lat' dir='ltr'><strong>mortis</strong></span> 
     </span>
    </p>
   </div>
   <div class='ocr_carea' id='block_1_98' title="bbox 91 5029 1686 5106">
    <p class='ocr_par' dir='ltr' id='par_1_98' title="bbox 91 5031 1686 5106">
     <span class='ocr_line' id='line_1_98' title="bbox 91 5031 1686 5106; baseline -0.006 -15"><span class='ocrx_word' id='word_1_768' title='bbox 91 5035 467 5106; x_wconf 77' lang='grc' dir='ltr'>ἀφθαρσίαν</span> <span class='ocrx_word' id='word_1_769' title='bbox 503 5033 879 5102; x_wconf 73' lang='grc' dir='ltr'>ἐνδυσάμενοι,</span> <span class='ocrx_word' id='word_1_770' title='bbox 916 5036 1013 5104; x_wconf 76' lang='grc' dir='ltr'>τὴν</span> <span class='ocrx_word' id='word_1_771' title='bbox 1045 5035 1229 5085; x_wconf 75' lang='grc' dir='ltr'>εἰκόνα</span> <span class='ocrx_word' id='word_1_772' title='bbox 1276 5032 1368 5084; x_wconf 90' lang='grc' dir='ltr'>τοῦ</span> <span class='ocrx_word' id='word_1_773' title='bbox 1404 5031 1686 5100; x_wconf 80' lang='grc' dir='ltr'>ὲπουρανίε</span> 
     </span>
    </p>
   </div>
   <div class='ocr_carea' id='block_1_99' title="bbox 1818 5029 3413 5106">
    <p class='ocr_par' dir='ltr' id='par_1_99' title="bbox 1843 5029 3413 5098">
     <span class='ocr_line' id='line_1_99' title="bbox 1843 5029 3413 5098; baseline 0 -16"><span class='ocrx_word' id='word_1_774' title='bbox 1843 5031 2070 5082; x_wconf 73' lang='lat' dir='ltr'><strong>vinculis</strong></span> <span class='ocrx_word' id='word_1_775' title='bbox 2095 5029 2395 5094; x_wconf 88' lang='lat' dir='ltr'><strong>constricti,</strong></span> <span class='ocrx_word' id='word_1_776' title='bbox 2422 5029 2623 5082; x_wconf 89' lang='lat' dir='ltr'><strong>terreni</strong></span> <span class='ocrx_word' id='word_1_777' title='bbox 2671 5030 2964 5098; x_wconf 80' lang='lat' dir='ltr'><strong>imaginem</strong></span> <span class='ocrx_word' id='word_1_778' title='bbox 3001 5037 3312 5098; x_wconf 85' lang='lat' dir='ltr'><strong>gestamus;</strong></span> <span class='ocrx_word' id='word_1_779' title='bbox 3343 5029 3413 5082; x_wconf 81' lang='lat' dir='ltr'><strong>ita</strong></span> 
     </span>
    </p>
   </div>
   <div class='ocr_carea' id='block_1_100' title="bbox 91 5120 1686 5201">
    <p class='ocr_par' dir='ltr' id='par_1_100' title="bbox 91 5122 1686 5201">
     <span class='ocr_line' id='line_1_100' title="bbox 91 5122 1686 5201; baseline -0.008 -17"><span class='ocrx_word' id='word_1_780' title='bbox 91 5131 484 5201; x_wconf 78' lang='grc' dir='ltr'>φορέσομεν.</span> <span class='ocrx_word' id='word_1_781' title='bbox 553 5125 859 5195; x_wconf 74' lang='grc' dir='ltr'>’Λφθαρσία</span> <span class='ocrx_word' id='word_1_782' title='bbox 903 5125 956 5176; x_wconf 83' lang='grc' dir='ltr'>δὲ</span> <span class='ocrx_word' id='word_1_783' title='bbox 1004 5125 1164 5177; x_wconf 72' lang='grc' dir='ltr'>πάλιν</span> <span class='ocrx_word' id='word_1_784' title='bbox 1203 5123 1343 5175; x_wconf 77' lang='grc' dir='ltr'>’ἴδιον</span> <span class='ocrx_word' id='word_1_785' title='bbox 1386 5123 1589 5190; x_wconf 82' lang='grc' dir='ltr'>ἀγαθὸν</span> <span class='ocrx_word' id='word_1_786' title='bbox 1635 5122 1686 5172; x_wconf 74' lang='grc' dir='ltr'><strong>τί</strong></span> 
     </span>
    </p>
   </div>
   <div class='ocr_carea' id='block_1_101' title="bbox 1823 5120 3418 5201">
    <p class='ocr_par' dir='ltr' id='par_1_101' title="bbox 1844 5120 3418 5190">
     <span class='ocr_line' id='line_1_101' title="bbox 1844 5120 3418 5190; baseline -0.002 -15"><span class='ocrx_word' id='word_1_787' title='bbox 1844 5121 2304 5189; x_wconf 83' lang='lat' dir='ltr'><strong>incorruptionem</strong></span> <span class='ocrx_word' id='word_1_788' title='bbox 2333 5121 2440 5187; x_wconf 87' lang='lat' dir='ltr'><strong>jam</strong></span> <span class='ocrx_word' id='word_1_789' title='bbox 2475 5122 2668 5187; x_wconf 91' lang='lat' dir='ltr'><strong>induti,</strong></span> <span class='ocrx_word' id='word_1_790' title='bbox 2703 5121 2941 5174; x_wconf 62' lang='lat' dir='ltr'><strong>caelestis</strong></span> <span class='ocrx_word' id='word_1_791' title='bbox 2977 5120 3264 5190; x_wconf 82' lang='lat' dir='ltr'><strong>imaginem</strong></span> <span class='ocrx_word' id='word_1_792' title='bbox 3302 5137 3418 5187; x_wconf 88' lang='lat' dir='ltr'><strong>por-</strong></span> 
     </span>
    </p>
   </div>
   <div class='ocr_carea' id='block_1_102' title="bbox 89 5211 1684 5287">
    <p class='ocr_par' dir='ltr' id='par_1_102' title="bbox 89 5215 1684 5287">
     <span class='ocr_line' id='line_1_102' title="bbox 89 5215 1684 5287; baseline -0.008 -11"><span class='ocrx_word' id='word_1_793' title='bbox 89 5223 269 5276; x_wconf 69' lang='grc' dir='ltr'>κατὰ</span> <span class='ocrx_word' id='word_1_794' title='bbox 329 5218 508 5286; x_wconf 71' lang='grc' dir='ltr'>φύσιν</span> <span class='ocrx_word' id='word_1_795' title='bbox 561 5216 846 5287; x_wconf 83' lang='grc' dir='ltr'>θεότητος·</span> <span class='ocrx_word' id='word_1_796' title='bbox 888 5215 1245 5269; x_wconf 76' lang='grc' dir='ltr'>ἀλλάσσονται</span> <span class='ocrx_word' id='word_1_797' title='bbox 1283 5216 1391 5283; x_wconf 73' lang='grc' dir='ltr'>γὰρ</span> <span class='ocrx_word' id='word_1_798' title='bbox 1437 5215 1485 5265; x_wconf 88' lang='grc' dir='ltr'>οἱ</span> <span class='ocrx_word' id='word_1_799' title='bbox 1523 5231 1684 5282; x_wconf 87' lang='grc' dir='ltr'>νεκρο</span> 
     </span>
    </p>
   </div>
   <div class='ocr_carea' id='block_1_103' title="bbox 1824 5211 3419 5287">
    <p class='ocr_par' dir='ltr' id='par_1_103' title="bbox 1846 5211 3419 5282">
     <span class='ocr_line' id='line_1_103' title="bbox 1846 5211 3419 5282; baseline -0.001 -16"><span class='ocrx_word' id='word_1_800' title='bbox 1846 5215 2100 5266; x_wconf 84' lang='lat' dir='ltr'><strong>labimus.</strong></span> <span class='ocrx_word' id='word_1_801' title='bbox 2157 5213 2314 5278; x_wconf 82' lang='lat' dir='ltr'><strong>Atqui</strong></span> <span class='ocrx_word' id='word_1_802' title='bbox 2383 5213 2718 5282; x_wconf 86' lang='lat' dir='ltr'><strong>iucorruptio</strong></span> <span class='ocrx_word' id='word_1_803' title='bbox 2768 5212 2966 5265; x_wconf 87' lang='lat' dir='ltr'><strong>bonum</strong></span> <span class='ocrx_word' id='word_1_804' title='bbox 3028 5221 3104 5265; x_wconf 84' lang='lat' dir='ltr'><strong>est</strong></span> <span class='ocrx_word' id='word_1_805' title='bbox 3161 5211 3419 5265; x_wconf 83' lang='lat' dir='ltr'><strong>naturalis</strong></span> 
     </span>
    </p>
   </div>
   <div class='ocr_carea' id='block_1_104' title="bbox 86 5299 1681 5381">
    <p class='ocr_par' dir='ltr' id='par_1_104' title="bbox 86 5307 1681 5381">
     <span class='ocr_line' id='line_1_104' title="bbox 86 5307 1681 5381; baseline -0.008 -12"><span class='ocrx_word' id='word_1_806' title='bbox 86 5316 204 5369; x_wconf 70' lang='grc' dir='ltr'>καὶ</span> <span class='ocrx_word' id='word_1_807' title='bbox 242 5313 322 5365; x_wconf 80' lang='grc' dir='ltr'>τὸ</span> <span class='ocrx_word' id='word_1_808' title='bbox 351 5311 604 5381; x_wconf 81' lang='grc' dir='ltr'>φθαρτὸν</span> <span class='ocrx_word' id='word_1_809' title='bbox 632 5309 992 5379; x_wconf 76' lang='grc' dir='ltr'>ἀμφιέννυται</span> <span class='ocrx_word' id='word_1_810' title='bbox 1026 5310 1123 5379; x_wconf 80' lang='grc' dir='ltr'>τὴν</span> <span class='ocrx_word' id='word_1_811' title='bbox 1154 5307 1481 5376; x_wconf 70' lang='grc' dir='ltr'>ἀφθαρσίαν,</span> <span class='ocrx_word' id='word_1_812' title='bbox 1516 5323 1681 5373; x_wconf 73' lang='grc' dir='ltr'>γεγον·</span> 
     </span>
    </p>
   </div>
   <div class='ocr_carea' id='block_1_105' title="bbox 1820 5299 3415 5381">
    <p class='ocr_par' dir='ltr' id='par_1_105' title="bbox 1845 5299 3415 5372">
     <span class='ocr_line' id='line_1_105' title="bbox 1845 5299 3415 5372; baseline 0.002 -15"><span class='ocrx_word' id='word_1_813' title='bbox 1845 5305 2144 5358; x_wconf 80' lang='lat' dir='ltr'><strong>divinitatis</strong></span> <span class='ocrx_word' id='word_1_814' title='bbox 2171 5299 2465 5372; x_wconf 83' lang='lat' dir='ltr'><strong>proprium.</strong></span> <span class='ocrx_word' id='word_1_815' title='bbox 2490 5303 2622 5358; x_wconf 79' lang='lat' dir='ltr'><strong>Nam</strong></span> <span class='ocrx_word' id='word_1_816' title='bbox 2655 5305 2848 5360; x_wconf 83' lang='lat' dir='ltr'><strong>mortui</strong></span> <span class='ocrx_word' id='word_1_817' title='bbox 2887 5306 3264 5369; x_wconf 86' lang='lat' dir='ltr'><strong>immutantur,</strong></span> <span class='ocrx_word' id='word_1_818' title='bbox 3294 5318 3415 5360; x_wconf 80' lang='lat' dir='ltr'><strong>cor-</strong></span> 
     </span>
    </p>
   </div>
   <div class='ocr_carea' id='block_1_106' title="bbox 163 5465 1758 5537">
    <p class='ocr_par' dir='ltr' id='par_1_106' title="bbox 163 5468 1758 5537">
     <span class='ocr_line' id='line_1_106' title="bbox 163 5468 1758 5537; baseline -0.007 -7"><span class='ocrx_word' id='word_1_819' title='bbox 163 5478 220 5508; x_wconf 74' lang='grc'><strong>⁸⁸</strong></span> <span class='ocrx_word' id='word_1_820' title='bbox 267 5475 284 5529; x_wconf 91' lang='grc' dir='ltr'><strong>Ι</strong></span> <span class='ocrx_word' id='word_1_821' title='bbox 322 5477 466 5527; x_wconf 69' lang='lat' dir='ltr'><strong>(lor.</strong></span> <span class='ocrx_word' id='word_1_822' title='bbox 505 5488 532 5525; x_wconf 73' lang='grc' dir='ltr'><strong>ι</strong></span> <span class='ocrx_word' id='word_1_823' title='bbox 557 5511 572 5537; x_wconf 90' lang='grc'><strong>,</strong></span> <span class='ocrx_word' id='word_1_824' title='bbox 613 5470 701 5535; x_wconf 77' lang='grc'><strong>15,</strong></span> <span class='ocrx_word' id='word_1_825' title='bbox 735 5469 821 5521; x_wconf 82' lang='lat' dir='ltr'><strong>l7.</strong></span> <span class='ocrx_word' id='word_1_826' title='bbox 901 5469 940 5527; x_wconf 57' lang='grc'><strong>’.⁷</strong></span> <span class='ocrx_word' id='word_1_827' title='bbox 972 5469 985 5521; x_wconf 95' lang='lat' dir='ltr'><strong>l</strong></span> <span class='ocrx_word' id='word_1_828' title='bbox 1023 5468 1145 5523; x_wconf 89' lang='lat' dir='ltr'><strong>Cor.</strong></span> <span class='ocrx_word' id='word_1_829' title='bbox 1183 5484 1273 5531; x_wconf 78' lang='lat' dir='ltr'><strong>xv,</strong></span> <span class='ocrx_word' id='word_1_830' title='bbox 1309 5470 1397 5524; x_wconf 65' lang='grc'><strong>45.</strong></span> <span class='ocrx_word' id='word_1_831' title='bbox 1478 5471 1520 5500; x_wconf 58' lang='grc' dir='ltr'><strong>ιε</strong></span> <span class='ocrx_word' id='word_1_832' title='bbox 1551 5469 1679 5523; x_wconf 81' lang='lat' dir='ltr'><strong>ibid.</strong></span> <span class='ocrx_word' id='word_1_833' title='bbox 1720 5469 1758 5519; x_wconf 66' lang='grc' dir='ltr'>ό·</span> 
     </span>
    </p>
   </div>
   <div class='ocr_carea' id='block_1_107' title="bbox 885 5465 2480 5537">
    <p class='ocr_par' dir='ltr' id='par_1_107' title="bbox 901 5465 2480 5534">
     <span class='ocr_line' id='line_1_107' title="bbox 901 5465 2480 5534; baseline -0.005 -7"><span class='ocrx_word' id='word_1_834' title='bbox 901 5469 940 5527; x_wconf 59' lang='grc'><strong>’.⁷</strong></span> <span class='ocrx_word' id='word_1_835' title='bbox 972 5469 985 5521; x_wconf 95' lang='grc' dir='ltr'><strong>Ι</strong></span> <span class='ocrx_word' id='word_1_836' title='bbox 1023 5468 1145 5523; x_wconf 89' lang='lat' dir='ltr'><strong>Cor.</strong></span> <span class='ocrx_word' id='word_1_837' title='bbox 1183 5484 1273 5531; x_wconf 78' lang='lat' dir='ltr'><strong>xv,</strong></span> <span class='ocrx_word' id='word_1_838' title='bbox 1309 5470 1397 5524; x_wconf 64' lang='grc'><strong>45.</strong></span> <span class='ocrx_word' id='word_1_839' title='bbox 1478 5471 1520 5500; x_wconf 68' lang='grc'>⁸⁸</span> <span class='ocrx_word' id='word_1_840' title='bbox 1551 5469 1679 5523; x_wconf 82' lang='lat' dir='ltr'><strong>ibid.</strong></span> <span class='ocrx_word' id='word_1_841' title='bbox 1720 5469 1808 5534; x_wconf 66' lang='grc'><strong>47,</strong></span> <span class='ocrx_word' id='word_1_842' title='bbox 1842 5469 1931 5523; x_wconf 84' lang='lat'><strong>50.</strong></span> <span class='ocrx_word' id='word_1_843' title='bbox 2010 5468 2054 5500; x_wconf 73' lang='lat'>“</span> <span class='ocrx_word' id='word_1_844' title='bbox 2089 5466 2218 5520; x_wconf 77' lang='lat' dir='ltr'><strong>illiti.</strong></span> <span class='ocrx_word' id='word_1_845' title='bbox 2253 5465 2341 5529; x_wconf 73' lang='lat'><strong>5‘2,</strong></span> <span class='ocrx_word' id='word_1_846' title='bbox 2371 5467 2480 5522; x_wconf 64' lang='lat'><strong>55.‘</strong></span> 
     </span>
    </p>
   </div>
   <div class='ocr_carea' id='block_1_108' title="bbox 1222 5619 2308 5688">
    <p class='ocr_par' dir='ltr' id='par_1_108' title="bbox 1222 5619 2308 5688">
     <span class='ocr_line' id='line_1_108' title="bbox 1222 5619 2308 5688; baseline -0.004 -12"><span class='ocrx_word' id='word_1_847' title='bbox 1222 5622 1394 5676; x_wconf 78' lang='lat' dir='ltr'><strong>Variae</strong></span> <span class='ocrx_word' id='word_1_848' title='bbox 1425 5621 1682 5677; x_wconf 79' lang='lat' dir='ltr'><strong>lectiones</strong></span> <span class='ocrx_word' id='word_1_849' title='bbox 1713 5621 1912 5676; x_wconf 80' lang='lat' dir='ltr'><strong>codicis</strong></span> <span class='ocrx_word' id='word_1_850' title='bbox 1948 5619 2308 5688; x_wconf 77' lang='lat' dir='ltr'><strong>Segnieriani.</strong></span> 
     </span>
    </p>
   </div>
   <div class='ocr_carea' id='block_1_109' title="bbox 165 5763 882 5832">
    <p class='ocr_par' dir='ltr' id='par_1_109' title="bbox 165 5763 882 5832">
     <span class='ocr_line' id='line_1_109' title="bbox 165 5763 882 5832; baseline 0.001 -16"><span class='ocrx_word' id='word_1_851' title='bbox 165 5775 201 5826; x_wconf 68' lang='grc' dir='ltr'><strong>ιζ</strong></span> <span class='ocrx_word' id='word_1_852' title='bbox 241 5765 308 5816; x_wconf 75' lang='grc' dir='ltr'><strong>δε</strong></span> <span class='ocrx_word' id='word_1_853' title='bbox 326 5764 537 5831; x_wconf 85' lang='grc' dir='ltr'>ύτερος</span> <span class='ocrx_word' id='word_1_854' title='bbox 574 5763 882 5832; x_wconf 74' lang='grc' dir='ltr'>ἄνθρωπος.</span> 
     </span>
    </p>
   </div>
  </div>
