4040 6436
612 348 749 402 (283

1632 342 1689 394 S.
1734 338 2007 394 CYRilJJ
2045 337 2506 390 ALEXANDle
2550 337 2864 390 Alttlllll'li‘.

3729 338 3860 389 128i

612 457 966 527 t-uptibileque
990 455 1166 508 induit
1190 453 1672 522 incorruptionem,
1695 467 1816 504 cum
1853 450 2176 519 Uuigenitus

2294 468 2366 513 τος
2411 452 2535 504 καθ’
2569 456 2713 524 ἡμᾶς
2738 453 2832 506 τοῦ
2862 451 3199 517 Μονογενοῦς
3219 493 3233 515 ,
3283 452 3375 504 καὶ
3407 447 3780 522 μεθιστάντος
3811 453 3866 503 τὸ

612 551 781 605 nostri
836 546 1029 602 similis
1080 557 1236 601 natus
1285 546 1666 599 mortalitatem
1730 541 2070 595 transtulerit
2122 540 2173 592 in

611 639 1115 703 immortalitatem,
1180 645 1234 691 et
1292 633 1691 701 corruptionem
1757 631 2177 686 tmusformave-

612 733 681 785 rit
733 732 786 784 in
821 731 1271 798 incorruptionem
1306 726 1356 778 iu
1407 723 1696 791 semetipso
1731 732 1789 775 et
1831 723 2027 789 primo.
2070 720 2180 774 [Iac

608 823 757 876 enim
792 821 1001 876 ratione
1033 818 1188 873 nobis
1226 815 1355 885 ipsis
1389 829 1601 883 quoque
1627 815 1711 867 via
1740 813 1805 867 ad
1825 815 1983 870 vitam
2008 813 2179 865 factus

611 924 712 967 est.

981 1023 1065 1078 Ea:
1089 1023 1375 1092 posteriore
1394 1018 1463 1072 ad
1483 1017 1805 1072 Corinthios.

688 1153 707 1187 ι
743 1132 848 1189 Sed
884 1133 984 1202 ipsi
1039 1133 1091 1186 in
1123 1131 1279 1185 nobis
1332 1129 1463 1198 ipsis
1504 1142 1815 1196 responsum
1864 1122 2052 1177 mortis
2082 1121 2146 1175 lia

613 1228 849 1288 buimus,
878 1233 936 1278 ut
969 1239 1073 1277 non
1105 1224 1277 1276 simus
1313 1223 1542 1275 ﬁdentes
1580 1221 1630 1272 in
1655 1217 1829 1279 nobis,
1855 1216 1947 1269 sed
1969 1215 2019 1266 iu
2049 1213 2177 1275 Deo,

613 1319 703 1386 qui
747 1317 983 1372 suscitat
1033 1325 1278 1368 mortuos
1308 1313 1375 1366 ⁸ο.
1417 1332 1435 1362 ο
1467 1310 1521 1363 Si
1563 1318 1892 1361 mortuorum
1939 1305 2181 1358 exsusci-

614 1411 744 1462 tatio
775 1408 826 1460 in
861 1422 1005 1467 eum,
1037 1405 1128 1474 qui
1157 1415 1345 1456 natura
1375 1399 1523 1453 Deus
1556 1409 1664 1460 est,
1705 1398 1936 1450 maxime
1984 1406 2181 1447 conve-

615 1501 715 1563 nit,
752 1509 1031 1566 propterea
1061 1494 1205 1563 quod
1235 1493 1385 1548 solus
1421 1491 1522 1542 vita
1563 1489 1632 1543 sit
1668 1499 1721 1541 et
1760 1487 1867 1557 93
1901 1485 2180 1548 vivilicus;

613 1589 862 1642 Christus
913 1597 1097 1638 autent
1153 1583 1609 1636 resurrectionem
1664 1588 1717 1632 et
1760 1580 1927 1630 vitam
1980 1575 2181 1628 diserte

614 1696 735 1734 sese
801 1678 1048 1746 appellat,
1102 1676 1461 1742 euutdemque
1525 1681 1772 1726 mortuos
1816 1668 2182 1724 exsuscitassc

2284 539 2476 607 θνητὸν
2502 543 2580 605 εἰς
2605 543 2921 602 ἀθανασίαν,
2950 540 3050 591 καὶ
3076 540 3136 591 τὸ
3174 539 3414 610 φθαρτὸν
3439 542 3522 602 εἰς
3549 539 3868 610 ἀφθαρσίαν

2281 631 2338 681 ἐν
2381 631 2561 703 ἑαυτῷ
2605 635 2700 687 καὶ
2745 632 2944 702 πρώτῳ
2986 633 3512 700 μετασκευάζοντος.
3549 630 3718 686 υῦτω
3760 632 3865 700 γάρ

2281 721 2506 789 γέγονεν
2532 726 2646 788 ὁδὸς
2675 728 2752 787 εἰς
2780 724 2925 793 ζωὴν
2956 723 3050 776 καὶ
3081 725 3211 793 ἡμῖν
3243 727 3446 790 αὐτοῖς.

2625 1007 2718 1059 Ἐκ
2745 1004 2854 1072 τῆς
2883 1004 3030 1072 πρὸς
3063 1005 3411 1073 Κορινθίους
3440 1010 3524 1072 β’.

2361 1136 2378 1167 ι
2404 1117 2566 1171 ’Λλλά
2598 1118 2750 1171 αὐτοὶ
2772 1159 2785 1181 ,
2815 1117 2998 1184 φησὶν,
3030 1117 3086 1168 ὲν
3121 1116 3334 1178 ἑαυτοῖς
3361 1117 3422 1168 τὸ
3443 1119 3742 1192 ἀπόκριμα
3778 1124 3870 1176 τοῦ

2283 1205 2515 1260 θανάτου
2569 1209 2920 1277 ἐσχήκαμεν,
2967 1206 3053 1258 ἵνα
3101 1205 3174 1275 μὴ
3217 1207 3544 1271 πεποιθότες
3598 1205 3762 1280 ὦμεν
3815 1217 3872 1266 ὲν

2284 1295 2516 1358 ἑαυτοῖς,
2546 1297 2658 1349 ἀλλ’
2683 1298 2774 1347 ἐπὶ
2799 1295 2874 1364 τῷ
2891 1294 3007 1363 Θεῷ
3023 1294 3100 1364 τῷ
3117 1295 3391 1364 ἑγεὶραντι
3422 1298 3551 1359 τοὺς
3575 1301 3869 1370 νεκρούς.ι

2283 1389 2347 1440 Εἰ
2375 1389 2493 1459 Θεῷ
2523 1391 2581 1442 τὸ
2606 1399 2628 1427 ι’
2664 1387 2801 1442 κατὰ
2829 1388 2988 1456 φύσιν
3020 1387 3470 1457 πρεπωδέστατον
3497 1385 3646 1445 εἷναί
3687 1409 3875 1461 φαμεν

2281 1479 2342 1532 τὸ
2388 1480 2619 1548 ἐγείρειν
2662 1481 2788 1542 τοὺς
2850 1479 3109 1548 νεκροὺς,
3151 1479 3234 1532 ὅτι
3276 1478 3390 1550 ζωὴ
3446 1481 3542 1533 καὶ
3600 1479 3874 1544 ζωοποιῆς

2284 1572 2428 1626 ἑστιν
2447 1589 2459 1602 ·
2497 1572 2599 1641 ἔφη
2624 1572 2679 1624 δὲ
2707 1571 2941 1641 Χριστός
2963 1585 2976 1598 °
3014 1589 3030 1620 ‹
3057 1570 3198 1638 Ἐγώ
3229 1571 3348 1640 εἰμι
3383 1573 3416 1642 ἡ
3443 1573 3757 1634 ἀνάστασις
3784 1579 3876 1624 καὶ

2284 1666 2317 1735 ἡ
2346 1665 2455 1734 ζωή
2485 1681 2498 1694 ⁸
2536 1683 2552 1714 ι
2587 1664 2830 1730 φαίνεται
2864 1662 2920 1714 ὂέ
2957 1663 3050 1714 καὶ
3084 1660 3404 1731 ἐγηγερκὼς
3430 1665 3558 1727 τοὺς
3603 1664 3870 1733 νεκρούς·

614 1781 763 1824 certo
785 1779 999 1824 constat
1031 1783 1044 1820 :
1072 1768 1190 1837 quis
1217 1778 1274 1822 et
1297 1782 1479 1820 verum
1503 1764 1693 1827 Deum,
1722 1773 1776 1817 et
1803 1762 1967 1815 vitam
1988 1773 2178 1813 secun-

2294 1757 2417 1818 Θεὸς
2450 1757 2554 1828 ἄρα
2581 1755 2747 1817 ἐστὶν,
2773 1753 2848 1817 ὡς
2883 1752 2993 1823 ζωὴ
3029 1752 3168 1804 κατὰ
3200 1752 3384 1819 φύσιν.

613 1865 738 1918 dum
772 1871 1020 1916 naturam
1050 1874 1172 1913 esse
1212 1857 1479 1926 ambigat?

1026 1994 1112 2048 Ea:
1132 1993 1371 2063 Epistula
1403 1992 1470 2044 ad
1508 1990 1779 2043 llebra'os.

690 2127 708 2159 ι
740 2107 876 2173 Quia
935 2121 1068 2176 ergo
1129 2104 1279 2174 pueri
1336 2101 1872 2157 communicaverunt
1926 2098 2075 2151 carni
2129 2107 2184 2152 et

618 2200 886 2268 sanguini,
920 2208 972 2252 et
1026 2198 1139 2260 ipse
1195 2195 1446 2247 similiter
1498 2190 1839 2261 participavit
1897 2189 2186 2249 iisdem,ut

619 2307 711 2358 per
759 2299 984 2342 mortem
1024 2288 1330 2340 destrueret
1394 2299 1513 2335 cum
1568 2283 1655 2350 qui
1718 2280 1942 2332 habebat
1997 2279 2186 2332 mortis

619 2380 990 2449 imperium,id
1050 2387 1131 2432 est
1188 2376 1456 2430 diabolum
1480 2374 1547 2426 5‘.
1578 2393 1595 2424 ι
1656 2370 1832 2439 Eque
1862 2386 1924 2424 ac
1967 2372 2182 2439 nos.qui

618 2473 756 2525 inter
807 2470 944 2524 filios
986 2467 1082 2521 Dei
1122 2481 1429 2528 censemur,
1462 2464 1646 2518 carnis
1689 2471 1743 2516 et
1783 2462 2059 2531 sanguinis
2095 2462 2184 2516 Dei

618 2561 852 2614 Verbum
905 2559 1180 2629 particeps
1215 2555 1419 2608 factum
1456 2562 1571 2616 est;
1607 2566 1713 2618 quo
1760 2551 2008 2603 nimirum
2061 2567 2177 2617 pro-

619 2652 791 2719 prium
826 2662 1022 2716 corpus
1068 2644 1121 2698 in
1171 2654 1397 2697 mortem
1431 2643 1781 2705 contradens,
1812 2641 1982 2707 ipsum
2011 2639 2186 2691 denuo

620 2750 873 2807 tanquam
911 2735 1000 2802 qui
1033 2742 1220 2800 suapte
1257 2741 1448 2784 natura
1506 2730 1612 2783 vita
1644 2739 1696 2781 et
1750 2728 1887 2781 Deus
1939 2726 2183 2787 exsistat,

621 2831 742 2883 vine
789 2827 1059 2881 restituat.
1128 2822 1257 2876 Nam
1315 2822 1584 2889 quomodo
1655 2818 1848 2871 mortis
1907 2815 2186 2882 imperium

619 2922 952 2974 destructum
985 2922 1089 2975 est,
1120 2913 1162 2966 si
1196 2927 1391 2980 corpus
1420 2909 1561 2978 quod
1596 2906 1894 2961 secundum
1935 2913 2185 2958 naturam

619 3011 768 3074 vitm,
800 3009 902 3060 ltoc
931 3017 1016 3060 est
1041 3003 1199 3057 Verbi
1240 3002 1356 3066 Dei,
1394 2999 1670 3068 proprium
1706 2995 1915 3058 erat,in
1963 3003 2189 3047 mortem

619 3099 952 3171 prolapsum,
980 3096 1172 3148 iterum
1215 3091 1604 3145 exsuscitatutn
1646 3103 1748 3140 nou
1785 3085 1909 3140 est?

692 3209 844 3276 Quod
872 3222 1004 3261 unus
1037 3205 1102 3258 ait
1137 3201 1302 3256 Filius
1324 3209 1375 3255 ἐι
1398 3201 1650 3254 Dominus
1683 3198 1836 3251 Jesus
1861 3182 2117 3250 Christus.

995 3315 1079 3369 Ea:
1104 3315 1272 3382 prima
1293 3306 1554 3365 catholica
1573 3308 1817 3362 Joannis.

696 3450 715 3484 ι
739 3431 890 3496 Quod
933 3429 1033 3483 fuit
1058 3430 1124 3482 ab
1149 3427 1324 3492 initio,
1355 3425 1494 3495 quod
1528 3421 1852 3486 audivimus,
1876 3421 2018 3488 quod
2053 3418 2190 3471 vidi-

623 3538 742 3576 mus
793 3520 968 3576 oculis
1029 3517 1250 3580 nostris,
1279 3515 1418 3584 quod
1481 3513 1876 3581 perspeximus,
1913 3520 1966 3563 et
2003 3526 2195 3563 manus

623 3625 822 3667 nostra:
885 3615 1359 3662 contrectaverunt
1416 3606 1480 3658 de
1527 3603 1703 3656 Verbo
1758 3604 1878 3655 vitae
1920 3620 1932 3655 :
1975 3611 2030 3655 et
2083 3604 2190 3654 vita

623 3700 966 3755 manifestata
1001 3705 1106 3758 est.
1141 3705 1196 3749 et
1221 3696 1474 3756 vidimus,
1506 3704 1859 3755 ettestamur,
1891 3702 1945 3744 et
1975 3707 2190 3744 annuu-

625 3796 821 3847 tiamus
846 3789 998 3843 vobis
1015 3788 1177 3840 vitam
1201 3795 1479 3850 aeternam,
1499 3800 1618 3853 qua:
1640 3793 1756 3837 erat
1784 3781 1923 3849 apud
1952 3781 2192 3846 Patrem,

621 3900 673 3941 et
717 3883 963 3956 apparuit
991 3880 1145 3935 nobis
1165 3881 1233 3933 δ’.
1269 3897 1286 3930 ι
1319 3877 1399 3931 Εη
1459 3877 1609 3932 illum
1637 3879 1726 3946 qui
1766 3876 1864 3930 fuit
1906 3876 1972 3929 ab
2016 3876 2190 3942 initio,

622 3978 839 4044 vitaque
872 3982 1094 4036 aeterna,
1129 3972 1232 4024 lioc
1266 3978 1348 4025 est
1381 3968 1472 4023 Dei
1504 3968 1677 4023 Patris
1712 3967 1983 4028 Verbum,
2024 3968 2195 4022 oculis

625 4080 684 4119 se
711 4059 1317 4127 vidisse,manibusque
1355 4067 1721 4111 contrectasse
1773 4065 2026 4119 testatur,
2073 4071 2194 4110 cum

626 4167 805 4208 tamen
841 4150 1069 4204 Verbum
1094 4149 1236 4216 quod
1273 4163 1338 4201 ex
1377 4148 1535 4200 Patre
1562 4147 1948 4214 procedit,.sua
2002 4154 2191 4198 natura

624 4254 906 4315 aspectum
935 4243 1124 4310 fugiat,
1169 4240 1424 4308 tangique
1465 4249 1726 4306 nequeat:
1752 4237 2020 4304 siquidem
2055 4237 2196 4304 quod

626 4349 852 4404 corpore
901 4342 1074 4396 vacat,
1112 4331 1164 4386 id
1218 4331 1318 4384 sui)
1353 4330 1645 4383 tactionem
1682 4344 1785 4381 non
1831 4327 1994 4380 cadit.
2033 4327 2194 4395 Atqui

626 4425 862 4480 Verbum
904 4424 1244 4477 incarnatum
1314 4419 1488 4474 oculis
1558 4419 1778 4482 vidisse,
1836 4426 1891 4470 et
1949 4417 2197 4472 inanibus

2677 1979 2774 2030 Ἕκ
2810 1979 2919 2045 τῆς
2955 1979 3105 2046 πρὸς
3139 1980 3467 2048 Ἐϐραίους.

2361 2113 2378 2144 ι
2404 2093 2554 2146 Ἐπεὶ
2595 2088 2686 2144 οὖν
2736 2091 3100 2160 κεκοινώνηκε
3146 2094 3214 2147 τὰ
3259 2096 3447 2148 παιδία
3501 2097 3747 2163 αἵματος
3784 2103 3876 2154 καὶ

2289 2185 2504 2254 σαρκὸς,
2534 2185 2626 2238 καὶ
2653 2183 2817 2246 αὐτὸς
2845 2185 3247 2252 παραπλησίως
3271 2189 3504 2259 μετέσχε
3532 2189 3648 2242 τῶν
3668 2192 3874 2244 αιέιτῶνο

2288 2276 2373 2326 ἵνα
2399 2274 2482 2326 διὰ
2505 2273 2597 2326 τοῦ
2627 2275 2857 2327 Θανάτου
2891 2276 3216 2345 καταργήσῃ
3246 2277 3336 2330 τδν
3361 2281 3420 2332 τὸ
3444 2282 3654 2347 κράτος
3683 2285 3877 2352 ἔχοντα

2286 2363 2378 2415 τοῦ
2410 2363 2661 2424 Θανάτου,
2691 2365 2937 2416 τουτέστι
2968 2365 3056 2416 τὸν
3082 2365 3351 2421 διάϐολον.
3391 2388 3408 2418 ι
3455 2372 3878 2443 Παραπλησίως

2288 2457 2417 2523 ἡμῖν
2444 2457 2552 2516 τοῖς
2579 2455 2636 2505 ἐν
2667 2455 2877 2515 τέκνοις
2903 2453 3036 2506 Θεοῦ
3074 2459 3432 2527 τεταγμένοις
3463 2465 3880 2534 κεκοινώνηκεν

2288 2551 2516 2616 αἵματος
2547 2551 2636 2601 καὶ
2663 2549 2862 2619 σαρκὸς
2889 2551 2917 2601 ό
2948 2551 3009 2601 ἑκ
3036 2550 3168 2602 Θεοῦ
3205 2553 3398 2619 Λόγος,
3432 2555 3522 2607 ἵνα
3553 2556 3634 2623 τῷ
3667 2556 3879 2625 θανάτῳ

2287 2639 2345 2689 τὸ
2392 2639 2519 2690 ἴδιον
2564 2639 2723 2708 σῶμα
2775 2640 2919 2704 δοὺς,
2971 2638 3285 2712 ζωοποιήσῃ
3337 2643 3502 2695 πάλιν
3551 2645 3712 2710 αὐτὸ,
3771 2647 3879 2716 ζωὴ

2289 2729 2431 2781 κατὰ
2461 2729 2622 2798 φύσιν
2654 2732 2933 2801 ὑπάρχων,
2961 2733 3036 2796 ώς
3061 2733 3407 2800 Θεό;.ξἘπεὶ
3444 2736 3568 2800 πῶς
3596 2741 3881 2810 κατήργη-

2287 2837 2378 2871 ται
2409 2819 2502 2871 τοῦ
2531 2819 2763 2873 Θανάτου
2799 2825 2858 2873 τδ
2887 2824 3115 2893 κράτος,
3151 2823 3216 2876 ἂν
3251 2824 3325 2894 μὴ
3361 2824 3424 2877 τὸ
3455 2827 3631 2880 πεσὸν
3667 2833 3749 2891 εἰς
3785 2829 3853 2882 θά

2289 2928 2446 2962 νατον
2485 2911 2684 2964 ἀνεϐίω
2711 2912 2891 2981 σῶμα,
2937 2915 3066 2965 ἴδιον
3096 2913 3155 2966 ὃν
3185 2915 3285 2983 τῆς
3315 2916 3462 2968 κατὰ
3505 2918 3684 2986 φύσιν
3717 2919 3879 2988 ζωῆς,

2291 3002 2535 3055 τουτέστι
2565 3001 2656 3055 τοῦ
2679 3005 2742 3055 ἐκ
2773 3003 2906 3056 Θεοῦ
2939 3005 3090 3067 ὄντος
3121 3005 3296 3073 Λόγου
3319 3021 3332 3034 ⁵

2389 3204 2509 3255 Ὅτι
2530 3198 2616 3265 εἷς
2645 3206 2676 3255 ό
2714 3201 2845 3267 Υἱὸς
2873 3203 2969 3256 καὶ
2999 3205 3214 3271 Κύριος
3246 3205 3479 3274 Ἰησοῦς
3508 3209 3801 3273 Χριστός.

2311 3312 2517 3379 Ἐκτῆς
2545 3312 2824 3367 Ἰωάννου
2860 3314 3225 3382 Ἐπιστολῆς
3257 3316 3495 3383 πρώτης
3526 3319 3884 3386 καθολικῆς.

2373 3441 2389 3472 ι
2428 3425 2491 3475 Ὃ
2530 3419 2597 3493 ἦν
2639 3423 2732 3474 ἀπ’
2771 3423 2962 3493 ἀρχῆς,
3009 3423 3036 3476 ὃ
3082 3425 3420 3494 ἀκηκόαμεν,
3467 3427 3495 3479 ὃ
3549 3427 3886 3499 ἑωράκαμεν

2295 3514 2406 3573 τοῖς
2453 3511 2750 3582 ὀφθαλμοῖς
2777 3514 2967 3581 ἡμῶν,
3002 3513 3030 3565 ὃ
3060 3513 3403 3585 ἐθεασάμεθα
3429 3556 3442 3579 ,
3474 3519 3577 3570 καὶ
3613 3522 3674 3572 αἱ
3709 3525 3885 3591 χεῖρες

2298 3602 2452 3669 ἡμῶν
2486 3603 2840 3673 ἐψηλάφησαν
2866 3605 2994 3674 περὶ
3025 3604 3120 3658 τοῦ
3153 3607 3324 3673 Λόγου
3355 3608 3455 3675 τῆς
3488 3607 3643 3680 ζωῆς
3669 3631 3682 3642 -
3727 3615 3822 3672 καὶ
3856 3616 3878 3663 i

2297 3690 2410 3761 ζωὴ
2449 3695 2787 3764 ἐφανερώθη,
2823 3697 2915 3749 καὶ
2947 3698 3291 3768 ἑωράκαμεν,
3325 3701 3420 3751 καὶ
3463 3705 3884 3774 μαρτυροῦμεν,

2296 3784 2392 3836 καὶ
2439 3786 2854 3856 ἀπαγγέλλομεν
2888 3789 3017 3858 ὑμῖν
3046 3788 3191 3860 ζωὴν
3223 3792 3323 3859 τὴν
3364 3791 3613 3859 αἰώνιον,
3665 3798 3790 3864 ἥτις
3826 3795 3885 3864 ἦν

2296 3875 2430 3944 πρὸς
2454 3875 2544 3926 τὸν
2591 3877 2828 3947 Πατέρα,
2889 3880 2983 3931 καὶ
3015 3880 3332 3950 ἐφανερώθη
3371 3883 3523 3950 ἡμῖν.
3567 3904 3585 3934 ι
3632 3887 3768 3939 Ἰδοὺ
3801 3890 3885 3940 τὸν

2295 3963 2423 4014 ὅντα
2451 3965 2550 4014 ἀπ’
2576 3965 2771 4033 ἀρχῆς,
2805 3967 3050 4018 τουτέστι
3088 3967 3181 4019 τὸν
3213 3971 3276 4019 ἐκ
3306 3968 3397 4020 τοῦ
3427 3971 3652 4041 Πατρὸς
3690 3976 3882 4044 Λόγον.

2297 4054 2394 4121 τὴν
2430 4052 2573 4123 ζωὴν
2603 4055 2700 4124 τὴν
2734 4055 2950 4109 αἰώνιον
2999 4059 3303 4127 ἑωρακέναι
3355 4061 3491 4129 φησὶ
3531 4067 3651 4127 τοῖς
3686 4067 3886 4133 6,104.11-

2301 4147 2440 4213 μοῖς,
2488 4145 2580 4196 καὶ
2627 4146 2731 4215 μὴν
2780 4148 2874 4200 καὶ
2918 4147 3072 4217 χερσὶ
3106 4147 3459 4220 ψηλαφῆσαι·
3519 4153 3709 4206 καίτοι
3751 4161 3887 4210 κατὰ

2300 4233 2459 4302 φύσιν
2494 4236 2629 4288 ἰδίαν
2656 4237 2748 4289 τοῦ
2778 4239 2840 4290 ἐκ
2863 4238 2954 4290 τοῦ
2978 4240 3184 4310 [ἰατρὸς
3201 4240 3350 4304 ὄντος
3368 4243 3571 4310 Λόγου,
3602 4248 3703 4298 καὶ
3741 4250 3888 4314 ὄντος

2301 4328 2533 4396 ἀοράτου
2585 4331 2676 4381 καὶ
2717 4331 2990 4399 ἀναφοῦς·
3038 4333 3247 4402 ἀναφὲς
3290 4335 3397 4405 γὰρ
3457 4338 3518 4389 τὸ
3565 4340 3884 4409 ἀσώματον.

2311 4419 2451 4469 Ἀλλ’
2480 4423 2537 4472 ἐν
2571 4421 2733 4489 σαρκὶ
2760 4423 3020 4490 γεγονότα
3045 4423 3135 4476 τὸν
3167 4424 3336 4491 Λόγον
3361 4427 3673 4495 ἑωρακέναι
3710 4450 3770 4485 τε
3800 4435 3886 4486 καὶ

626 4523 992 4571 contrectasse
1022 4528 1081 4567 se
1107 4512 1201 4564 ait.
1221 4512 1396 4577 Quare
1430 4511 1553 4564 licet
1583 4510 1811 4563 Verbum
1834 4524 1963 4562 caro
1995 4509 2188 4563 factum

2299 4509 2619 4579 ψηλαφῆσαί
2652 4529 2834 4580 φησιν.
2879 4508 2972 4576 Εἷς
3003 4510 3096 4566 οῦν
3127 4515 3232 4584 ἄρα
3266 4518 3414 4569 ἐστὶν
3452 4519 3584 4583 Υἱὸς
3615 4524 3713 4576 καὶ
3761 4526 3887 4588 Θεὸς

627 4616 731 4670 est,
757 4619 898 4658 unus
945 4611 1124 4656 tamen
1176 4611 1258 4655 est
1299 4599 1492 4667 Filius,
1519 4613 1657 4654 unus
1706 4598 1868 4662 Deus,
1897 4613 2034 4651 unus
2087 4597 2196 4650 Do—

630 4711 826 4750 minus.

625 4808 737 4881 94
780 4807 929 4873 Quod
983 4807 1112 4874 ﬁdes
1170 4806 1364 4927 tendall)
1413 4807 1466 4857 in
1513 4804 1800 4864 Christum.
1852 4816 2099 4884 tanquam
2145 4802 2197 4855 in

1367 4891 1504 4927 eum.

1367 4891 1504 4928 eum.

1049 4987 1132 5041 Ea:
1154 4989 1318 5056 priori
1349 4987 1586 5054 Epistola
1611 4987 1775 5042 Petri.

705 5119 722 5150 ι
762 5099 855 5165 Ut,
880 5101 1073 5167 inquit,
1100 5101 1230 5154 tides
1265 5109 1467 5164 vestra,
1491 5109 1545 5153 et
1569 5099 1932 5168 spcs'essetin
1955 5098 2138 5150 Deo”.
2175 5118 2191 5149 ι

630 5190 788 5257 Atqui
820 5190 1063 5244 Christus
1091 5206 1182 5258 per
1224 5200 1440 5244 sanctos
1487 5188 1758 5259 apostolos
1818 5188 2193 5249 adnuntiatur,

701 5363 743 5393 '°
770 5362 809 5416 ll
841 5363 964 5419 Cor.
1001 5381 1040 5432 ι,
1071 5364 1125 5418 9.
1202 5366 1244 5399 ¹¹
1275 5343 1437 5421 Iiebr.
1470 5380 1528 5432 tt,
1569 5365 1649 5420 H.
1727 5365 1769 5394 δ’
1810 5361 2008 5417 lJoan.
2045 5363 2158 5427 ι,1,
2195 5363 2249 5414 2.

2301 4604 2395 4654 καὶ
2422 4603 2643 4670 Κύριος,
2679 4602 2783 4657 κᾶν
2811 4603 2859 4654 εἰ
2891 4604 3082 4672 γέγονε
3115 4605 3248 4674 σὰρξ
3270 4607 3297 4657 ὁ
3327 4606 3521 4673 Λόγος.

2464 4800 2585 4852 Ὅτι
2609 4801 2694 4865 εἰς
2721 4801 2979 4867 Χριστόν
3017 4801 3054 4868 ἠ
3081 4802 3305 4867 πίστις,
3339 4802 3420 4868 ὡς
3455 4805 3542 4868 εἶς
3571 4808 3748 4860 Θεόγ.

2493 4979 2587 5030 Ἐκ
2618 4977 2726 5045 τῆς
2757 4980 2982 5044 Πέτρου
3029 4976 3401 5044 Ἐπιστολῆς
3434 4978 3701 5045 πρώτης,

2385 5114 2400 5145 ι
2444 5095 2605 5146 Ὥστε
2626 5134 2639 5154 ,
2677 5093 2839 5162 φησὶ,
2868 5092 2965 5162 τὴν
2996 5091 3177 5143 πίστιν
3212 5091 3366 5160 ὑμῶν
3402 5092 3496 5144 καὶ
3525 5091 3726 5145 ἐλπίδα
3756 5090 3888 5145 εἶναι

2307 5187 2385 5247 εἰς
2407 5185 2557 5236 Θεὸν.
2585 5203 2600 5234 ι
2635 5185 2827 5236 Καίτοι
2853 5182 3083 5254 Χριστος
3115 5181 3443 5252 κηρύττεται
3471 5182 3561 5235 διὰ
3586 5183 3698 5234 τῶν
3723 5185 3891 5253 ἁγίων

2324 5361 2369 5392 ³³
2405 5360 2422 5412 l
2456 5361 2598 5413 Petr.
2636 5374 2670 5420 ι,
2708 5358 2801 5414 21.

1681 5518 1851 5572 Varire
1886 5517 2146 5572 lectiones
2173 5515 2374 5572 codicis
2408 5513 2784 5583 Seguicriani.‘

703 5678 727 5709 ι’
760 5670 842 5722 ἵσ.
872 5669 967 5733 τῷ.
