4040 6526
165 420 299 475 1285

1247 417 1337 471 DE
1371 414 1598 470 B’ECTA
1639 412 1796 467 FIDE
1834 411 1926 464 AD
1967 410 2282 466 REGINAS.

3267 407 3404 463 1236

161 528 471 584 ἀποστόλων
491 545 504 560 ⁸
539 527 633 583 καὶ
655 529 812 592 αὐτὸς
838 530 893 583 δὲ
937 528 1036 582 πού
1067 546 1229 600 φησιν
1249 547 1262 562 ·
1300 546 1318 578 ι
1364 527 1556 597 ’Λμὴν,
1583 525 1728 593 ἀμὴν

1863 537 1948 575 mo
1981 522 2204 589 ipsemet
2233 523 2303 575 ita
2337 521 2412 574 ait
2448 539 2461 575 :
2506 541 2523 573 ι
2563 523 2754 588 Amen,
2789 537 2941 576 auten
2975 521 3096 575 dico
3127 522 3282 576 vobis
3312 521 3402 588 qui

161 625 302 690 λέγω
335 623 480 691 ὑμῖν,
515 623 543 674 6
576 622 844 674 πιστεύων
873 623 952 684 εἰς
982 622 1104 690 ἐμὲ,
1129 621 1239 690 ἔχει
1265 620 1410 689 ζωὴν
1440 616 1678 670 αἰώνιον.
1707 633 1723 663 ι

164 714 292 764 Ὅτε
344 713 523 765 τοίνυν
570 715 650 774 εἰς
685 713 817 765 Θεὸν
849 714 882 782 ἡ
913 713 1128 775 πίστις,
1175 709 1411 780 Χριστοῦ
1458 710 1729 776 λέγοντος,

166 823 183 852 ι
210 801 299 864 Εἰς
335 801 435 870 ἐμὲ
469 801 786 853 πιστεύετε·
824 819 842 850 ι
879 799 993 861 πῶς
1024 800 1123 852 οὐκ
1166 798 1231 852 ἂν
1275 797 1359 867 εἴη
1405 796 1535 859 Θεὸς
1572 797 1729 863 ἐναρ-

158 893 270 960 γῶς
286 911 298 958 ;

338 1003 438 1056 Ἐκ
476 1001 586 1070 τῆς
616 1001 852 1069 πρώτης
887 1000 1166 1054 Ἰωάννου
1211 994 1590 1064 Ἐπιστολῆς.

239 1133 257 1164 ι
295 1116 404 1166 Καὶ
437 1113 574 1185 αὕτη
602 1114 750 1166 ἐστὶν
781 1115 814 1183 ἠ
850 1112 1037 1182 ἐντολὴ
1064 1110 1251 1174 αὐτοῦ,
1279 1111 1365 1163 ἵνα
1386 1108 1731 1177 πιστεύωμεν

157 1205 238 1275 τῷ
263 1204 484 1273 ὀνόματι
512 1203 607 1255 τοῦ
635 1201 764 1255 Υἱοῦ
799 1200 962 1254 αὑτοῦ
1003 1200 1177 1270 Ἰησοῦ
1207 1196 1461 1269 Χριστοῦ.
1497 1216 1520 1246 ν»
1555 1196 1617 1248 El
1657 1195 1731 1264 μὴ

158 1294 484 1364 ἁνεθέλητόν
529 1294 645 1345 ἐστι
685 1292 760 1362 τῷ
815 1291 932 1360 Θεῷ
983 1292 1077 1345 καὶ
1127 1289 1301 1360 Πατρὶ
1348 1288 1408 1340 τὸ
1458 1285 1732 1339 πιστεύειν

157 1388 310 1457 ⁴ἡμᾶς
348 1388 425 1448 εἰς
452 1385 514 1438 τὸ
550 1384 720 1455 ὄνομα
750 1383 844 1437 τοῦ
880 1383 1010 1436 Υἱοῦ
1043 1383 1207 1437 αὐτοῦ
1250 1379 1423 1452 Ἰησοῦ
1455 1378 1693 1448 Χριστοῦ
1717 1396 1728 1407 ·

159 1481 460 1551 πράττεται
506 1479 562 1530 δὲ
605 1478 699 1531 καὶ
733 1479 862 1548 παρ’
895 1476 1114 1547 altqu
1155 1473 1364 1539 πίστις,
1392 1473 1490 1542 οὐχ
1532 1471 1606 1533 ὼς
1657 1472 1735 1531 εἰς

158 1571 450 1642 ἄνθρωπον
482 1569 667 1630 ἁπλῶς
688 1608 702 1633 ,
735 1569 847 1622 ἀλλ’
882 1567 958 1630 ὼς
983 1568 1063 1630 εἰς
1093 1565 1224 1618 Θεὸν
1262 1563 1440 1628 ζῶντα
1473 1565 1566 1616 καὶ
1601 1561 1732 1632 ἁλη-

159 1663 339 1715 θινόν·
375 1661 506 1723 Θεὸς
530 1661 635 1731 ἄρα
672 1660 925 1730 Χριστός.

238 1773 259 1803 ‹
284 1753 372 1806 Ἐν
399 1755 573 1824 τούτῳ
603 1752 930 1820 γινώσκεται
959 1749 1018 1803 τὸ
1053 1749 1276 1818 Πνεῦμα
1304 1748 1397 1800 τοῦ
1429 1745 1562 1798 Θεοῦ
1583 1763 1594 1774 ·
1621 1746 1733 1797 πᾶν

1833 617 2002 670 credit
2034 614 2085 668 in
2120 629 2224 680 me,
2254 614 2414 668 habet
2462 615 2626 667 vitam
2671 613 3016 666 aeternam“.
3053 631 3070 661 ι
3103 613 3233 665 Cuut
3276 626 3405 679 ergo

1836 708 1964 762 fides
2005 707 2057 759 in
2106 704 2273 758 Deum
2319 705 2545 770 feratur,
2588 717 2640 758 et
2686 705 2954 767 Christus,
2992 723 3010 756 ι
3053 703 3109 757 In
3161 719 3244 756 tne
3277 718 3404 756 cre-

1833 798 1962 858 dite,
2003 815 2018 846 ι
2045 795 2188 849 dic:tt
2213 815 2225 850 :
2249 797 2519 864 quomodo
2553 796 2767 865 planum
2804 813 2906 848 non
2938 806 3038 859 est,
3079 796 3250 864 ipsum
3280 808 3402 847 esse

1836 886 2040 940 Deum?

2198 993 2279 1046 Ea:
2316 993 2555 1063 Epislofa
2603 996 2770 1063 prima
2810 992 3052 1048 Joannis.

1913 1130 1930 1160 ι
1976 1111 2038 1162 Et
2085 1109 2186 1162 hoc
2238 1118 2324 1161 est
2365 1110 2676 1162 mandatum
2719 1109 2853 1176 ejus,
2900 1119 2957 1161 ttt
3021 1108 3303 1162 credamus
3349 1106 3403 1160 iu

1836 1201 2055 1256 nomine
2090 1199 2235 1255 Filii-
2266 1198 2381 1267 ejus
2427 1198 2551 1253 Jesu
2586 1200 2788 1253 Christi
2821 1201 2887 1253 ".
2923 1218 2942 1250 ι
2970 1199 3024 1254 Si
3048 1215 3076 1252 a
3109 1198 3199 1253 Dei
3229 1198 3408 1252 Patris

1836 1293 2112 1348 voluntate
2139 1295 2372 1347 alienum
2407 1307 2512 1345 non
2549 1302 2651 1355 est,
2684 1303 2745 1344 ut
2781 1293 2831 1343 in
2885 1293 3101 1345 nomine
3146 1290 3264 1344 Filii
3293 1288 3409 1357 ejus

1833 1382 1958 1438 Jesu
1992 1382 2194 1439 Cltristi
2263 1384 2581 1447 credamus;
2612 1383 2655 1436 si
2710 1382 2841 1436 fides
2890 1391 3072 1435 nostra
3141 1380 3310 1434 tendit
3353 1379 3407 1432 iu

1836 1491 1979 1540 eum,
2015 1490 2117 1529 non
2138 1486 2388 1543 tanquam
2410 1474 2459 1525 iu
2486 1472 2752 1526 hominem
2779 1471 2999 1536 nudum,
3030 1470 3124 1524 sed
3156 1479 3407 1538 tanquam

1837 1566 1890 1618 in
1934 1565 2098 1619 Deum
2141 1568 2318 1621 vivum
2352 1574 2406 1619 et
2443 1579 2652 1626 verum,
2680 1563 2903 1618 evidens
2946 1560 3188 1631 profecto
3231 1559 3416 1614 evadit

1837 1657 2109 1711 Christum
2135 1674 2251 1712 esse
2272 1661 2464 1712 Deum.

1913 1770 1929 1800 ι
1965 1748 2019 1801 1η
2055 1750 2152 1802 hoc
2177 1750 2516 1820 cognoscitur
2543 1747 2778 1815 Spiritus
2805 1744 2893 1799 Dei
2919 1763 2931 1798 :
2962 1744 3139 1798 omnis
3171 1742 3410 1812 spiritus.

160 1844 402 1914 πνεῦμα,
425 1843 452 1895 6
475 1844 724 1913 ὁμολογεῖ
752 1840 960 1912 Ἰησοῦν
997 1838 1229 1910 Χριστὸν
1265 1839 1320 1890 ὲν
1352 1836 1512 1907 σαρκὶ
1543 1833 1731 1903 ἐληλυσ

1861 1839 1929 1905 ιιιί
1962 1841 2248 1893 confitetur
2272 1839 2455 1894 Jesutu
2478 1837 2753 1892 Christum
2789 1835 2840 1889 in
2869 1849 3034 1889 carne
3081 1835 3317 1897 venisse,
3342 1847 3412 1886 ex

160 1936 317 1998 θότα,
346 1937 408 1987 ὲκ
438 1934 530 1987 τοῦ
561 1934 695 1987 Θεοῦ
731 1934 876 1984 ἐστι’
911 1932 1004 1984 καὶ
1038 1933 1144 1983 πᾶν
1177 1928 1411 1998 πνεῦμα,
1454 1927 1481 1978 ὃ
1513 1926 1586 1997 μὴ
1617 1929 1736 1993 ὁμοο

158 2028 315 2093 λογεῖ
356 2027 447 2079 τὸν
486 2026 710 2096 Ἰησοῦν,
742 2026 804 2077 ὲκ
837 2024 929 2076 τοῦ
967 2021 1100 2075 Θεοῦ
1141 2022 1238 2073 οὐκ
1273 2020 1420 2072 ἔστι·
1457 2019 1548 2070 καὶ
1582 2015 1739 2068 τοῦτό

160 2122 283 2171 ἐστι
307 2119 367 2170 τὸ
395 2118 488 2170 τοῦ
519 2115 951 2187 ’Λντιχρίστσυ,ὃ
982 2114 1253 2182 ἀκηκόατε
1278 2114 1356 2165 ὅτι
1385 2110 1621 2180 ἔρχεται,
1649 2107 1740 2159 καὶ

162 2211 263 2262 νῦν
297 2213 352 2262 ὲν
383 2210 462 2280 τῷ
492 2210 681 2279 κόσμῳ
716 2210 863 2261 ἐστὶν
889 2207 1010 2277 ἤδη.
1042 2223 1058 2255 ι
1099 2202 1496 2273 Ὀμολογοῦμεν
1522 2200 1609 2251 τὸν
1637 2200 1741 2267 Ἰη-

167 2301 299 2353 σοῦν
328 2301 436 2372 ἄρα
475 2301 548 2362 ὡς
588 2298 892 2369 ἄνθρωπον,
929 2297 1020 2349 καὶ
1047 2295 1157 2348 τῶν
1199 2293 1323 2348 καθ’
1354 2295 1500 2363 ἡμᾶς
1527 2292 1664 2355 Eva;
1707 2291 1740 2361 ἢ

168 2393 376 2460 μᾶλλον
405 2393 486 2444 ὅτι
511 2391 641 2452 Θεὸς
670 2390 744 2441 ὢν
783 2389 810 2441 6
852 2387 1044 2456 Λόγος,
1086 2387 1275 2454 γέγονε
1307 2384 1474 2454 σὰρξ,
1507 2385 1606 2436 οὐκ
1635 2383 1743 2435 ὀλι-

163 2484 430 2552 γωρήσας
465 2479 556 2533 τοῦ
596 2476 732 2532 εἶναι
755 2480 906 2543 Θεὸς,
941 2476 1266 2549 μεμενηκὼς
1297 2476 1351 2527 δὲ
1386 2475 1583 2544 μᾶλλον
1610 2474 1744 2542 ὅπερ

162 2571 261 2642 ἦν,
305 2572 399 2625 καὶ
423 2572 470 2623 εἰ
503 2571 723 2638 γέγονεν
747 2569 1072 2638 ἄνθρωπος;
1112 2567 1271 2618 Ἀλλὰ
1299 2565 1439 2617 τοῦτ’
1472 2565 1618 2615 ἔστιν
1648 2565 1746 2615 οὐκ

165 2663 492 2732 ἀμφίϐολον.
534 2662 591 2714 Ὀ
636 2661 815 2714 τοίνυν
866 2661 926 2712 οὐ
975 2659 1149 2727 λέγων
1178 2658 1310 2710 Θεὸν
1352 2652 1488 2708 εἶναι
1533 2654 1748 2724 ἀληθῶς

163 2757 264 2804 τὸν
316 2753 568 2821 Χριστὸν,
620 2750 842 2819 διαιρῶν
893 2749 947 2800 δὲ
999 2748 1094 2800 καὶ
1137 2745 1598 2815 κατασμικρύνων
1653 2744 1748 2813 τὴν

165 2844 334 2908 δόξαν
396 2842 582 2908 αὑτοῦ,
639 2842 701 2893 τὸ
760 2839 855 2893 τοῦ
917 2839 1282 2909 ’Λντιχρίστον
1332 2837 1553 2908 πνεῦμα
1611 2835 1749 2907 ἔχων

174 2935 478 2989 ἁλώσεται.

255 3046 273 3076 ι
309 3027 416 3079 Καὶ
443 3026 604 3095 ἡμεῖς
641 3022 1003 3093 ἐθεασάμεθα,
1058 3020 1153 3073 καὶ
1191 3017 1574 3090 μαρτυροῦμεν
1617 3016 1696 3067 ὅτι
1727 3015 1754 3066 ὁ

173 3118 375 3187 Πατὴρ
406 3115 714 3170 ἀπέσταλκε
742 3115 832 3167 τὸν
858 3115 984 3166 Υἰὸν
1015 3112 1239 3181 Σωτῆρα
1266 3109 1360 3162 τοῦ
1398 3109 1624 3176 κόσμου.
1655 3107 1754 3169 Ὃς

1843 1933 1948 1986 Deo
1965 1943 2044 1985 est
2075 1949 2088 1987 :
2122 1942 2168 1985 cl
2191 1933 2369 1986 oumis
2413 1931 2637 1998 spiritus
2676 1930 2768 1998 qui
2798 1928 2956 1984 solvit
2982 1927 3185 1991 Jesum,
3212 1943 3276 1980 ex
3305 1929 3414 1980 Deo

1842 2041 1945 2078 non
1975 2033 2086 2089 est;
2119 2012 2184 2077 et
2211 2024 2296 2076 hic
2325 2033 2408 2078 est
2436 2023 2830 2088 Antichristus,
2865 2023 2932 2074 de
2981 2035 3087 2088 quo
3133 2018 3417 2071 audivistis

1842 2115 2092 2182 quoniam
2120 2115 2286 2179 venit,
2313 2127 2364 2169 et
2385 2129 2526 2168 nunc
2563 2114 2672 2183 jam
2698 2117 2748 2166 in
2783 2113 2981 2167 mundo
3001 2121 3085 2164 est
3117 2112 3184 2162 ".
3218 2129 3236 2161 ι
3269 2110 3380 2164 Con
3402 2137 3414 2148 -

1845 2205 2127 2258 fitemurne
2171 2220 2300 2276 ergo
2354 2203 2629 2258 Christum
2680 2203 2866 2260 Jesum
2929 2201 3091 2256 veluti
3147 2201 3416 2255 hominem

1843 2295 2149 2364 quempiam
2188 2295 2356 2349 nostri
2398 2295 2672 2348 similem?
2707 2311 2772 2348 an
2822 2293 3003 2363 potius
3052 2292 3142 2348 Dei
3180 2291 3416 2345 Verbum

1848 2383 2044 2437 factum
2069 2400 2187 2439 esse
2215 2401 2456 2450 carnem,
2489 2403 2591 2440 non
2633 2387 2773 2455 quod
2815 2386 3148 2438 divinitatem
3180 2383 3417 2441 exuetit.

1848 2484 1936 2527 aut
1970 2476 2262 2541 repudiarit
2289 2475 2639 2545 (constanter
2662 2477 2806 2528 enint
2834 2475 3030 2528 mansit
3057 2474 3200 2541 quod
3231 2475 3417 2542 erat):

1848 2565 1939 2619 sed
1965 2565 2103 2634 quod
2145 2566 2436 2618 humanam
2471 2575 2716 2618 naturam
2757 2563 3150 2632 assumpserit?
3177 2563 3244 2616 At
3277 2563 3424 2617 istud

1850 2665 1999 2709 extra
2022 2659 2446 2715 controversiam
2477 2667 2582 2711 est.
2614 2658 2869 2723 Quisquis
2909 2657 3074 2726 igitur
3125 2654 3425 2716 Christum,

1852 2751 2185 2804 divinitatem
2244 2751 2385 2804 illius
2450 2752 2744 2813 inliciatus,
2809 2752 3019 2814 dividit,
3073 2751 3426 2819 ejusdemque

1853 2841 2076 2909 gloriam
2102 2851 2154 2894 et
2180 2840 2514 2908 majestatem
2548 2843 2819 2904 diminuit,
2851 2843 2939 2895 hic
2965 2841 3286 2896 Antichristi
3312 2842 3426 2910 Spi-

1856 2932 2015 2984 ritum
2059 2932 2306 2986 hausisse
2331 2940 2516 3002 aperte
2545 2934 2905 2986 convincitur.

1931 3039 1949 3070 ι
1988 3021 2043 3073 Et
2078 3035 2174 3074 nos
2202 3022 2454 3085 vidimus,
2480 3032 2532 3076 et
2563 3023 2917 3076 testiﬁcantur
2963 3024 3217 3094 quoniam
3268 3023 3430 3077 Pater

1858 3114 2006 3166 misit
2063 3112 2258 3165 Filium
2311 3129 2466 3167 suum
2525 3113 2856 3170 Salvatorem
2911 3116 3115 3169 mundi.
3175 3115 3432 3184 Quisquis

172 3210 249 3262 ἂν
279 3207 589 3276 ὁμολογήσῃ
630 3205 710 3256 ὅτι
748 3203 954 3274 Ἰησοῦς
985 3204 1128 3254 ἐστιν
1172 3202 1198 3252 6
1251 3199 1375 3259 Υἱὸς
1405 3198 1497 3251 τοῦ
1531 3196 1686 3257 Θεοῦ,
1731 3195 1754 3245 6

1864 3204 2142 3258 renl‘essus
2168 3204 2328 3259 fuerit
2361 3205 2790 3272 quoniamJesus
2832 3217 2916 3260 est
2939 3207 3107 3260 Filius
3153 3207 3268 3271 Dei,
3294 3208 3433 3260 Deus

175 3300 320 3360 (“lc-.6;
352 3300 409 3351 ὲν
442 3296 590 3365 αὐτῷ
644 3296 830 3364 μένει,
860 3294 954 3347 καὶ
990 3292 1148 3353 αὐτὸς
1189 3294 1244 3344 ὲν
1283 3291 1358 3361 τῷ
1390 3290 1527 3359 Θεῷ.
1565 3307 1581 3338 ι
1630 3289 1759 3338 Ἀπ-

177 3391 444 3443 εστά).θαι
475 3388 652 3455 φαμὲν
675 3385 823 3454 παρὰ
853 3385 944 3436 τοῦ
973 3383 1107 3435 Θεοῦ
1137 3384 1230 3434 καὶ
1259 3382 1469 3451 [ἰατρὸς
1492 3382 1581 3432 τὸν
1611 3379 1756 3444 Υἱὸν,

187 3482 448 3535 τουτέστι
481 3479 568 3532 τὸν
615 3478 673 3540 ἐξ
699 3476 860 3529 αὐτοῦ
897 3474 1034 3527 κατὰ
1063 3474 1221 3542 φύσιν
1255 3473 1518 3541 μονογενῆ
1553 3471 1757 3537 Λόγονο

178 3575 512 3644 ὠνομάσθαι
559 3573 615 3624 δὲ
663 3571 822 3622 αὑτὸν
877 3567 1122 3638 Ἰησοῦν,
1181 3569 1268 3619 ὅτε
1325 3571 1418 3620 καὶ
1468 3567 1566 3635 τὴν
1623 3566 1762 3620 κατὰ

185 3665 376 3733 σάρκα
399 3664 653 3730 γέννησιν
684 3663 748 3712 ὲκ
777 3658 1033 3727 γυναικὸς
1060 3655 1350 3724 ὑπέμεινεν
1382 3652 1760 3723 οἰκονομικῶς.

181 3753 404 3809 Οὐκοῦν
447 3756 473 3805 6
512 3755 576 3804 ἐκ
624 3750 758 3803 Θεοῦ
809 3750 980 3816 Λόγος
1029 3749 1248 3816 γέγονεν
1298 3747 1602 3813 ᾶνΟρωπος.
1647 3745 1765 3797 Κᾶν

182 3847 331 3905 εἴτις
377 3841 546 3902 οὕτως
596 3840 980 3908 ὁμολογήσειεν
1029 3839 1210 3897 αὑτὸν,
1258 3836 1368 3902 ἔχει
1426 3835 1653 3904 μένοντα
1710 3837 1766 3887 ἐν

183 3934 376 4000 ἑαυτῷ
425 3933 514 3984 τὸν
560 3932 710 3993 Θεὸν,
766 3931 917 3983 ἔσται
952 3929 1006 3980 δὲ
1045 3929 1136 3981 καὶ
1183 3928 1343 3989 αὐτὸς
1389 3927 1446 3978 ὲν
1492 3926 1568 3994 τῷ
1610 3927 1762 3995 Θεῷ·

185 4023 569 4098 μνησθήσεται
596 4022 701 4092 γὰρ
729 4022 914 4084 αὑτοῦ,
946 4021 1207 4087 λογιεῖται
1264 4018 1320 4071 δὲ
1366 4017 1525 4070 αὐτὸν
1566 4019 1768 4068 οἰκεῖον

179 4119 268 4178 ὡς
297 4115 520 4185 μέτοχον
548 4114 733 4167 αὑτοῦ.
767 4114 824 4166 '0
851 4114 906 4165 δὲ
935 4112 1007 4182 μὴ
1037 4111 1338 4181 ὁμολογῶν,
1364 4112 1444 4162 ὅτι
1469 4111 1626 4171 αὐτὸς
1658 4113 1685 4162 6
1707 4113 1769 4160 ἐκ

180 4206 333 4261 Θεοῦ
361 4207 571 4276 Πατρὸς
604 4208 774 4273 Λόγος
818 4204 1024 4272 Ἰησοῦς
1068 4205 1212 4265 ἐστι,
1247 4202 1432 4263 καθεὶς
1462 4201 1651 4253 ἑαυτὸν
1691 4203 1769 4263 εἰς

181 4297 614 4367 ἁνθρωπότητα,
644 4295 767 4347 οὔτε
802 4294 932 4347 Θεὸν
965 4295 1023 4347 ἰν
1068 4292 1247 4362 ἑαυτῷ
1290 4293 1643 4362 πλουτήσειεν
1679 4292 1767 4355 ἂν,

180 4390 324 4443 οὔτε
379 4390 484 4458 μὴν
541 4387 700 4450 αὐτὸς
747 4389 805 4439 ὲν
869 4385 988 4454 Θεῷ
1030 4385 1201 4449 ἔσται,
1256 4385 1396 4437 κατὰ
1442 4400 1505 4451 γε
1554 4384 1640 4435 τὸν
1670 4384 1799 4453 τῆς,

185 4477 579 4548 πνευματικῆς
609 4476 934 4545 οἰκειότητος
965 4476 1184 4548 τρόπον.

279 4681 296 4710 ι
329 4660 445 4720 Πᾶς
471 4660 498 4710 6
520 4655 788 4708 πιστεύων
817 4657 898 4710 ὅτι
944 4655 1148 4725 Ἰησοῦς
1192 4656 1340 4706 ἐστιν
1376 4655 1403 4706 ὁ
1433 4655 1686 4724 Χριστὸς,
1712 4656 1774 4707 ἐκ

187 4750 293 4803 τοῦ
331 4748 466 4801 Θεοῦ
502 4748 845 4816 γεγέννηται.
886 4766 902 4796 ι
938 4745 1143 4798 Οὐκοῦν
1178 4748 1205 4796 6
1235 4746 1309 4816 μὴ
1346 4745 1632 4808 πιστεύων,
1657 4747 1775 4798 οὐδὲ

191 4848 259 4897 ἐν
301 4843 515 4902 τέκνοις
544 4838 680 4892 Θεοῦ
717 4838 1131 4906 καταλογισθείη
1174 4838 1256 4891 ἄν.
1317 4839 1378 4890 Εἰ
1405 4837 1512 4908 γὰρ
1543 4840 1654 4891 ὅσοι
1689 4839 1779 4890 τὸν

191 4936 336 4989 Υἱὸν
369 4933 579 4993 ἔλαϐον,
618 4931 817 4983 ἔδωκεν
842 4931 1022 4992 αὐτοῖς
1050 4930 1297 4993 ἐξουσίαν
1335 4931 1498 4982 τέκνα
1521 4931 1653 4982 Θεοῦ
1685 4948 1779 4997 γε-

194 5026 416 5086 νέσθαι,
445 5023 589 5076 καθά
619 5024 782 5092 φησιν
813 5024 840 5074 6
886 5021 1273 5089 εῦαγγελιστὴς
1296 5037 1307 5049 ·
1342 5024 1389 5072 οἱ
1429 5024 1501 5090 μὴ
1529 5022 1782 5084 λαϐόντες

196 5118 394 5176 αὑτὸν,
424 5116 529 5168 οὐδ’
562 5115 626 5167 ἂν
656 5119 712 5166 ὲν
768 5115 978 5176 τέκνοις
1027 5113 1161 5164 Θεοῦ
1207 5113 1651 5179 καταλογισθεῖεν
1694 5115 1780 5178 ἂν,

197 5208 324 5263 τὸν.
360 5206 424 5256 δι’
451 5198 511 5257 οῦ
543 5203 697 5255 τοῦτο
720 5203 973 5272 ὑπάρχει,
1003 5200 1076 5270 μὴ
1109 5203 1425 5267 ἐγνωκότες.

288 5400 304 5430 ι
352 5378 446 5439 Τίς
481 5378 535 5430 δέ
564 5380 711 5428 ἐστιν
759 5376 786 5428 ὀ
832 5373 996 5427 νικῶν
1031 5373 1122 5427 τὸν
1156 5374 1392 5444 κόσμον,
1428 5378 1475 5428 εἰ
1514 5377 1587 5448 μὴ
1626 5381 1653 5430 6
1697 5397 1784 5430 πι-

207 5471 422 5523 στεύων
465 5469 544 5520 ὅτι
584 5466 788 5537 Ἰησοῦς
831 5467 975 5517 ἐστιν
1020 5468 1048 5518 6
1092 5465 1217 5528 Υἱὸς
1269 5465 1352 5518 τοῦ
1404 5465 1572 5532 Θεοῦ;
1618 5464 1784 5534 Οὗτός

205 5565 363 5612 ἐστιν
412 5560 440 5610 ὁ
489 5557 657 5609 ἐλθὼν
686 5557 753 5609 δι’
785 5556 975 5618 ῦδατος
1019 5556 1112 5607 καὶ
1140 5556 1368 5626 αἵματος
1405 5557 1609 5626 Ἰησοῦς
1647 5561 1783 5629 Χρι-

288 5738 333 5766 δδ
373 5734 528 5790 Joan.
569 5749 639 5800 vt,
690 5733 777 5786 47.

213 5829 253 5872 ι,
299 5805 380 5857 12.

858 5732 900 5764 ⁸⁸
929 5731 945 5785 ι
981 5729 1133 5785 .loan.
1166 5747 1248 5795 ιιι,
1275 5731 1366 5784 ‘25.

1444 5732 1534 5785 "l
1571 5733 1720 5790 Joan.
1760 5753 1827 5802 tv,

1867 3297 1916 3348 in
1955 3309 2019 3348 eo
2067 3308 2268 3360 manet,
2302 3306 2356 3349 et
2392 3297 2505 3363 ipse
2560 3298 2613 3350 in
2667 3298 2772 3350 Deo
2805 3298 2872 3350 ⁵⁷.
2911 3315 2927 3347 ι
2970 3296 3311 3366 Unigcnitum
3344 3298 3434 3351 Dei

1869 3383 2081 3444 Filium,
2113 3386 2212 3438 hoc
2229 3393 2310 3439 est
2332 3386 2562 3440 Verbum
2587 3388 2730 3456 quod
2750 3389 3065 3443 naturaliter
3088 3405 3154 3443 ex
3182 3391 3288 3442 Deo
3309 3406 3432 3457 pro-

1875 3475 2038 3539 cedit,
2070 3490 2100 3528 a
2151 3475 2261 3530 Deo
2302 3486 2355 3530 et
2389 3475 2550 3530 Patre
2581 3480 2804 3531 missum
2838 3481 3199 3548 agnoscimus.
3226 3478 3332 3550 95
3360 3482 3439 3532 ld-

1871 3568 2041 3637 ipsum
2069 3578 2244 3621 autem
2283 3577 2393 3622 tum
2437 3571 2651 3624 demum
2681 3569 2866 3623 Jesum
2916 3572 3240 3641 appellatum
3277 3574 3442 3624 fuisse

1872 3675 2266 3724 asseveramus,
2298 3676 2418 3713 cum
2450 3663 2847 3729 dispettsaloric
2877 3666 3172 3718 secundum
3222 3680 3439 3718 carnem

1870 3768 1935 3806 ex
1993 3751 2218 3804 muliere
2268 3753 2416 3804 nasci
2467 3754 2809 3820 dedignatum
2842 3770 2945 3807 non
2997 3763 3097 3808 est.
3129 3753 3222 3808 Dei
3257 3757 3440 3825 itaque

1875 3841 2106 3896 Verbum
2155 3841 2313 3894 homo
2353 3841 2550 3894 factum
2581 3854 2683 3896 εει.
2716 3844 2779 3896 Ει
2813 3844 2857 3898 si
2882 3844 3096 3912 quisita
3139 3846 3443 3913 proﬁtetur.

1876 3935 1919 3988 is
1950 3933 2115 3986 Deum
2152 3933 2204 3984 in
2262 3947 2320 3985 se
2372 3943 2679 3985 manentem
2742 3935 2924 3997 habet,
2964 3945 3018 3986 et
3051 3936 3166 4004 ipse
3205 3936 3443 3989 vicissim

1877 4026 1928 4078 in
1960 4024 2067 4076 Deo
2092 4023 2346 4078 manebit.
2380 4021 2775 4078 Recordabitur
2806 4027 2950 4078 enim
2989 4027 3154 4090 illius,
3190 4042 3253 4082 ac
3283 4027 3445 4081 veluti

1875 4116 2131 4170 societate
2152 4115 2383 4182 quadam
2413 4115 2757 4181 coniunctum
2790 4116 2934 4170 inter
2953 4115 3244 4172 familiares
3264 4133 3450 4171 nume-

1879 4208 2037 4260 rabit.
2076 4207 2143 4258 At
2167 4208 2260 4275 qui
2286 4207 2461 4273 ipsum
2504 4207 2596 4260 Dei
2622 4207 2796 4261 Patris
2827 4205 3060 4261 Verbum
3097 4223 3218 4263 esse
3237 4207 3446 4274 Jcsum,

1877 4308 1930 4351 et
1963 4298 2014 4351 itt
2055 4299 2343 4350 humanam
2396 4308 2644 4350 naturam
2674 4311 2732 4350 se
2763 4298 3050 4353 demisisse
3089 4315 3192 4352 non
3227 4300 3449 4353 condite-

1881 4401 1988 4452 tur,
2022 4389 2109 4442 ille
2145 4402 2316 4456 neque
2354 4385 2520 4441 Deum
2554 4388 2824 4451 obtinere,
2859 4404 3032 4457 neque
3056 4405 3149 4459 per
3192 4391 3448 4457 spiritalis

1883 4479 2263 4534 familiaritatis
2293 4481 2506 4534 modum
2540 4479 2644 4533 ulla
2692 4481 2903 4535 ratione
2926 4483 2979 4534 in
3006 4484 3121 4550 ipso
3147 4485 3449 4538 consistere

1810 4558 1851 4611 D
1879 4569 2096 4638 poterit.

1953 4681 1972 4712 ι
2013 4660 2202 4717 Omnis
2231 4661 2514 4728 quicredit
2544 4663 2800 4732 quoniam
2853 4661 3011 4717 Jcsus
3057 4672 3139 4716 est
3173 4664 3448 4728 Christus,

1879 4768 1942 4806 ex
1974 4752 2082 4806 Deo
2111 4762 2269 4805 natus
2305 4762 2392 4807 est
2420 4753 2485 4805 ".
2511 4773 2527 4804 ›
2566 4752 2665 4817 Qui
2708 4753 2874 4821 igitur
2932 4753 2982 4806 id
3020 4768 3127 4806 non
3160 4756 3353 4820 credit,
3406 4758 3452 4810 is

1883 4845 2021 4898 inter
2057 4844 2144 4896 Dei
2173 4844 2310 4899 filios
2339 4844 2522 4900 haberi
2561 4846 2768 4914 nequit.
2825 4844 2959 4898 Nam
2995 4846 3039 4898 si
3077 4847 3144 4900 iis
3173 4848 3448 4909 omnibus,

1884 4935 1974 5003 qui
2006 4932 2200 4987 Filium
2254 4946 2594 5003 receperunt,
2638 4946 2959 5004 potestatem
3005 4937 3150 4990 dedit
3183 4937 3319 4990 filios
3362 4937 3451 4991 Dei

1887 5026 2022 5084 ﬁeri,
2059 5041 2111 5079 ut
2159 5028 2485 5097 evangelista
2539 5039 2766 5081 testatur
2797 5029 2874 5090 5’;
2907 5042 3243 5094 consequens
3284 5029 3373 5092 sit,
3409 5034 3452 5084 si

1886 5118 1974 5184 qui
2005 5117 2155 5170 illttut
2189 5135 2293 5172 non
2316 5119 2604 5187 recipiunt,
2640 5135 2733 5172 eos
2761 5119 2902 5172 inter
2939 5118 3028 5170 Dei
3053 5119 3192 5172 filios
3248 5124 3455 5175 censeri

1889 5225 1990 5261 non
2034 5226 2221 5277 posse;
2258 5219 2314 5262 ut
2345 5213 2431 5278 qui
2471 5227 2615 5275 eum,
2650 5227 2745 5280 per
2764 5225 2921 5278 quem
2955 5210 3054 5263 hoc
3101 5211 3276 5277 ipsum
3315 5212 3456 5263 licc-

1893 5300 2002 5357 liat.
2034 5316 2136 5352 non
2166 5301 2504 5368 agnoverint.

1979 5405 1996 5437 ι
2037 5388 2164 5453 Quis
2197 5397 2279 5441 est
2317 5390 2408 5455 qui
2457 5389 2626 5441 vincit
2679 5388 2960 5450 mundum,
3007 5385 3105 5440 nisi
3145 5385 3234 5452 qui
3288 5389 3460 5441 credit

1891 5481 2144 5546 quoniam
2170 5477 2331 5534 Jesus
2357 5492 2439 5534 cst
2466 5481 2633 5534 Filius
2659 5480 2784 5532 Dei?
2821 5478 2916 5530 llic
2941 5488 3022 5530 est
3048 5477 3136 5546 qui
3173 5478 3318 5530 venit
3366 5495 3459 5544 per

1897 5586 2090 5638 aquam
2123 5581 2176 5625 et
2224 5575 2540 5642 sanguinem
2572 5573 2727 5626 .Icsus
2753 5570 3000 5624 Christus
3036 5587 3049 5622 :
3085 5584 3188 5622 ttOu
3229 5572 3277 5623 in
3322 5589 3456 5640 aqua

1866 5736 1919 5803 ἓ,
1952 5739 2002 5792 7t.
2082 5742 2122 5771 ⁸⁷
2160 5740 2316 5794 Joan.
2350 5757 2422 5807 tv,
2457 5742 2641 5797 1446.
2690 5745 2734 5774 δ’
2782 5743 2796 5795 1
2833 5741 2987 5797 Joan.
3017 5759 3067 5806 v,
3103 5743 3150 5797 1.
3230 5743 3274 5773 ⁸³
3306 5740 3460 5798 Joan.
