4040 6504
145 434 273 492 1289

1211 432 1299 488 DE
1338 431 1565 487 RECTA
1608 431 1761 487 FIDE
1799 428 1891 484 AD
1931 424 2245 484 REGINAS.

3235 419 3373 477 1990

143 546 314 617 μένην,
359 545 490 599 ἀλλὰ
537 545 671 629 τὴν.
697 545 898 618 βρῶσιν
952 546 1051 617 τὴν
1106 547 1374 617 μένουσαν
1418 546 1498 610 ε’ῑς
1544 545 1688 616 ζωὴν

1815 559 1846 598 ιι
1881 543 2045 598 vitam
2067 550 2346 603 aeternam,
2378 552 2538 609 quem
2581 535 2749 590 Filius
2782 533 3022 590 hominis
3075 532 3225 590 dabit
3277 547 3374 587 νο-

136 636 356 701 αῐώνιον,
383 638 444 706 ἢν
471 638 500 688 6
524 636 649 700 Υἱὸς
681 636 774 689 τοῦ
804 635 1092 708 ἀνθρώπου
1125 637 1256 707 ὑμῖν
1285 636 1481 690 δώσει·
1501 635 1694 690 τοῦτον

137 727 243 798 γὰρ
263 731 292 780 ’ὁ
314 727 498 798 Πατὴρ
530 727 860 796 ἐσφράγισεν
889 728 918 778 ὁ
943 726 1097 790 Θεός.
1131 745 1150 778 ι
1187 725 1399 797 Βρῶσιν
1437 726 1573 796 ἡμῖν
1609 722 1697 776 δέ-

133 799 298 870 δωκεν
332 819 358 872 6
402 818 528 882 Υἱὸς
559 817 652 870 τοῦ
684 816 971 888 ἀνθρώπου
998 817 1099 888 τὴν
1131 818 1407 886 μένουσαν
1443 818 1522 883 εἰς
1553 816 1697 888 ζωὴν

136 908 377 970 αἰώνιον.
413 909 654 979 δηλονότι
696 909 797 980 τὴν
836 909 1017 981 σάρκα
1058 908 1249 971 αὐτοῦ,
1294 909 1389 962 καὶ
1429 907 1538 977 γάρ
1583 909 1698 959 ἐστι

137 997 404 1063 ζωοποιός.
437 996 571 1052 Εἶτα
602 999 720 1063 πῶς
762 999 823 1051 οὐ
871 998 1003 1062 Θεὸς
1031 1001 1060 1052 6
1091 997 1375 1064 ζωοποιεῖν
1402 997 1699 1068 δυνάμενος

137 1091 229 1144 καὶ
259 1091 337 1144 διὰ
367 1093 464 1160 τῆς
493 1091 628 1155 ιδίας
657 1091 889 1161 σαρκὸς,
920 1090 1114 1154 ἐοικώς
1142 1109 1203 1145 τε
1228 1092 1366 1144 κατὰ
1411 1090 1591 1144 πάντα
1619 1087 1698 1160 τῷ

133 1181 252 1252 Θεῷ
275 1184 359 1236 καὶ
385 1183 556 1253 Πατρί
581 1200 597 1249 ;
642 1183 813 1236 Τοῦτο
843 1183 951 1254 γὰρ
984 1179 1100 1236 οἶδα
1126 1183 1320 1254 δηλοῦν
1348 1184 1409 1236 τὸ
1437 1183 1700 1252 ὲσφραγῖ-

139 1273 259 1328 σθαι
285 1274 450 1341 λέγειν
493 1274 654 1326 αὑτὸν
684 1273 836 1343 παρὰ
871 1274 962 1326 τοῦ
989 1273 1145 1326 Θεοῦ·
1178 1274 1270 1328 τοῦ
1300 1272 1700 1344 ὲσφραγῒσοαι

135 1361 478 1431 σημαίνοντος
506 1363 566 1414 τὸ
590 1364 836 1435 ἀκριϐῶς
863 1365 1124 1435 ἐμφερές.
1155 1367 1368 1437 ’Ὠσπερ
1398 1367 1506 1438 γάρ
1527 1368 1575 1418 εἰ
1597 1382 1701 1435 κη-

138 1452 217 1522 ρῷ
248 1471 323 1516 τις
353 1452 586 1524 ἐμπήξει
629 1455 902 1527 σφραγῖδα
932 1457 1163 1527 χρυσῆν,
1199 1458 1386 1527 ἢγοῦν
1413 1457 1472 1522 ἐξ
1505 1457 1700 1527 ἑτέρας

137 1544 274 1612 ῦλης
307 1546 705 1617 πεποιημένην,
734 1547 863 1619 ὅλην
911 1548 971 1612 ἐξ
1000 1549 1121 1602 ὅλου
1167 1553 1266 1618 τὴν
1305 1551 1502 1619 ἑαυτῆς
1531 1548 1703 1618 ἐμφέ-

135 1652 286 1704 ρειαν
331 1637 746 1707 ἐνσημαίνεται·
794 1639 936 1692 οὕτω
985 1641 1078 1694 καὶ
1125 1645 1151 1694 6
1200 1632 1476 1704 Θεὸςκαὶ
1515 1641 1704 1714 Πατὴρ

132 1727 259 1788 τοὺς
289 1727 381 1796 τῆς
416 1728 610 1781 ἑαυτοῦ
639 1728 854 1797 φύσεως
902 1732 1255 1801 χαρακτῆρας
1286 1731 1563 1796 οὐσιωδῶς
1613 1733 1707 1801 ἐμ-

131 1818 437 1886 πρέποντας
464 1819 575 1890 ἔχει
600 1821 676 1891 τῷ
710 1821 842 1891 Υἱῷ.
879 1823 988 1876 Καὶ
1015 1823 1175 1877 τοῦτὸ
1209 1826 1321 1876 ἔστι
1353 1828 1412 1877 τὸ
1439 1827 1702 1895 ἐσφραγῖ-

134 1908 258 1962 σθαι
289 1911 461 1979 λέγειν
493 1913 656 1965 αὑτὸν
682 1915 831 1984 παρὰ
860 1915 954 1967 τοῦ
986 1916 1220 1986 Πατρός.

353 2029 450 2078 Ἐκ
483 2027 590 2079 τοῦ
622 2027 773 2079 κατὰ
804 2027 1045 2082 Λουκᾶν
1080 2033 1474 2100 Εὺυγγελίου.

210 2132 430 2209 Ἤγειρε
474 2138 565 2192 τὸν
601 2139 852 2212 Λάζαρον
883 2144 911 2194 6
942 2144 1207 2214 Χριστὸς,
1239 2146 1299 2198 τὸ
1328 2145 1422 2198 τοῦ
1455 2147 1710 2215 ἀρχισυν-

128 2233 347 2300 αγώγου
373 2233 685 2304 θυγάτριον,
717 2235 808 2288 τὸν
833 2237 932 2306 τῆς
962 2239 1141 2308 χήρας
1167 2240 1303 2290 υἱόν.
1332 2235 1483 2302 Εἶτα,
1511 2238 1628 2301 πῶς
1648 2239 1710 2290 οὐ

127 2326 248 2395 ζωὴ
275 2325 412 2378 κατὰ
443 2325 603 2392 φύσιν
634 2328 782 2379 ἐστὶν
833 2329 861 2380 6
901 2328 976 2398 μὴ
1013 2330 1158 2399 μόνῳ
1198 2330 1339 2400 λόγῳ
1385 2332 1710 2384 καταπτοεῖν

124 2420 223 2473 τὸν
250 2419 478 2471 θάνατον
508 2419 828 2489 δυνάμενος,
860 2420 992 2472 ἀλλὰ
1022 2421 1128 2492 γὰρ
1161 2423 1252 2474 καὶ
1281 2425 1346 2492 τῇ
1393 2422 1493 2492 τῆς
1532 2423 1708 2493 χειρὸς

123 2513 278 2581 dum;
309 2511 414 2564 Kal.
452 2511 560 2580 γὰρ
605 2508 674 2583 ἦν
702 2511 997 2565 ἀκόλουθόν
1029 2530 1088 2566 τε
1120 2513 1213 2566 καὶ
1236 2515 1551 2581 ἀναγκαῖον,
1586 2514 1713 2578 ζωο-

121 2602 286 2656 ποιὸν
313 2598 450 2656 εἶναι
477 2603 536 2656 τὸ
570 2603 734 2674 σῶμα
769 2604 867 2674 τῆς
895 2605 1036 2658 κατὰ
1069 2603 1232 2673 φύσιν
1261 2603 1427 2675 ζωῆς.

443 2891 560 2942 Ὅτι
600 2891 956 2959 ἱλαστήριον
993 2890 1091 2943 διὰ
1125 2891 1404 2956 πίστεως.

536 3000 624 3052 Ἐκ
657 2998 764 3065 τῆς
791 2999 940 3066 πρὸς
977 3000 1318 3068 Ῥωμαίους.

198 3115 336 3186 Περὶ
367 3113 602 3184 Χριστοῦ
635 3132 797 3182 φησιν
818 3130 831 3143 ⁸
871 3134 888 3165 ι
934 3116 1031 3167 Ὃν
1062 3114 1327 3188 προέθετο
1356 3116 1382 3168 6
1406 3113 1538 3178 Θεὸς
1597 3115 1711 3168 ἱλα-

115 3210 353 3276 στήριον
380 3206 470 3257 διὰ
502 3206 736 3268 πίστεως
763 3208 818 3257 ἐν
844 3206 921 3275 τῷ
945 3206 1109 3259 αὐτοῦ
1133 3207 1347 3276 αἵματι,
1371 3209 1450 3270 εἰς
1485 3207 1707 3273 ἔνδειξιν

109 3301 225 3364 ’.τῆς
256 3294 601 3364 δικαιοσύνης
636 3295 821 3358 αὑτοῦ,
872 3295 960 3347 διὰ
990 3296 1087 3364 τὴν
1117 3297 1346 3366 πάρεσιν
1375 3297 1485 3349 τῶν
1511 3314 1710 3368 προγε-

109 3388 366 3458 γονότων
395 3388 830 3457 ἁμαρτημάτων,
866 3389 922 3438 ὲν
952 3391 1016 3457 τῇ
1055 3390 1221 3458 ἀνοχῇ
1252 3387 1345 3440 τοῦ
1385 3388 1543 3456 Θεοῦ,
1575 3390 1710 3461 πρὸς

108 3484 222 3552 τὴν
253 3481 480 3546 ἔνδειξιν
504 3481 600 3551 τῆς
624 3479 969 3550 δικαιοσύνης
997 3479 1183 3546 αὑτοῦ,
1206 3483 1263 3533 ὲν
1288 3481 1366 3552 τῷ
1387 3482 1481 3535 νῦν
1515 3482 1710 3554 καιρῷ,

107 3577 202 3636 εἰς
238 3574 301 3625 τὸ
331 3566 471 3624 εἶναι
507 3569 670 3623 αὑτὸν
717 3569 923 3622 δίκαιον
950 3609 964 3631 ,
1017 3570 1113 3622 καὶ
1143 3569 1460 3624 δικαιοῦντα
1504 3571 1596 3624 τὸν
1648 3573 1712 3625 ὲκ

105 3667 370 3728 πίστεως
406 3663 632 3734 Ἰησοῦν.
671 3682 689 3714 ι
725 3663 786 3714 Εἰ
812 3663 911 3714 οὐκ
941 3656 1008 3732 ἦν
1050 3662 1248 3733 ἑτέρως
1278 3663 1591 3732 ἱλαστήριον
1622 3681 1713 3731 γε·

104 3754 317 3807 νέσθαι
366 3755 600 3824 Χριστὸν
630 3757 741 3816 τοῖς
783 3757 839 3806 ἐν
873 3753 1118 3824 ἁμαρτία
1151 3753 1244 3805 καὶ
1279 3753 1387 3824 ἀρᾷ
1423 3755 1518 3806 καὶ
1551 3754 1714 3807 θανά-

101 3866 214 3899 του
254 3848 408 3917 δίκῃ,
446 3847 586 3917 πλὴν
611 3849 690 3900 ὅτι
720 3847 786 3898 δι’
823 3847 1052 3916 αἵματος
1095 3845 1180 3897 διὰ
1209 3844 1304 3914 τὴν
1336 3845 1564 3915 πάρεσιν
1604 3845 1713 3897 τῶν

100 3940 551 4009 προγεγονότων
604 3939 1016 4008 ἁμαρτημάτων
1066 3936 1342 4005 ἐκκεῖσθαι
1396 3936 1711 4005 μέλλοντος·

98 4034 239 4094 πῶς
289 4034 394 4084 οὐκ
443 4032 739 4098 ἀναγκαῖον
771 4029 948 4098 σάρκα
985 4027 1237 4094 γενέσθαι
1269 4026 1359 4079 τὸν
1390 4029 1582 4096 Λόγον,
1627 4029 1712 4080 ἵνα

96 4128 212 4176 ’ταὶ
261 4124 466 4193 αἵματι
499 4122 576 4192 τῷ
614 4121 748 4190 ἰδίῳ,
782 4119 941 4188 δῆλον
989 4119 1044 4170 δὲ
1102 4119 1204 4181 ὅτι,
1253 4118 1330 4186 τῷ
1377 4119 1475 4187 τῆς
1520 4120 1712 4172 ἑαυτοῦ

102 4217 376 4284 σαρκὸς,
449 4215 716 4283 δικαιώσῃ
785 4213 988 4274 πάντας
1056 4210 1183 4273 τοὺς
1247 4211 1322 4272 εἰς
1402 4211 1564 4263 αὑτὸν
1632 4231 1716 4264 πιο

97 4305 452 4373 στεύοντας;

94 4423 246 4474 “Ott
305 4418 754 4484 λελυτρώμεθίι,
813 4419 909 4471 καὶ
960 4417 1073 4482 τὴν
1115 4416 1509 4482 καταλλαγὴν
1561 4416 1710 4483 πρὸς

243 4488 409 4541 Θεὸν
445 4490 796 4557 ἐσχήκαμεν
822 4489 920 4542 διὰ
949 4488 1054 4540 τοῦ
1086 4486 1336 4553 αἵματος
1367 4485 1576 4538 αὐτοῦ.

392 4600 493 4651 Ἐκ
521 4599 630 4665 τῆς
665 4601 815 4667 πρὸς
847 4601 1193 4668 Κορινθίους
1226 4598 1482 4665 πρώτης.

180 4739 204 4772 ε
264 4714 369 4778 Ἐξ
404 4711 568 4766 αὑτοῦ
618 4712 674 4764 δὲ
708 4712 865 4778 ὑμεῖς
901 4715 1020 4765 ἐστε
1056 4715 1113 4765 ὲν
1157 4711 1375 4784 Χριστῷ
1412 4711 1582 4781 Ἰησοῦ
1605 4751 1618 4772 ,
1654 4711 1711 4773 ὃς
1767 4762 1775 4770 ,

85 4809 434 4882 ἐγεννήθηι
475 4805 637 4872 σοφία
667 4806 797 4873 ἡμῖν
828 4806 936 4856 ἀπὸ
963 4805 1118 4870 Θεοῦ,
1155 4805 1466 4873 δικαιοσύνη
1504 4820 1584 4867 τε,
1615 4805 1709 4856 καὶ

85 4902 425 4974 ἁγιασμὸς,
453 4899 546 4952 καὶ
572 4896 951 4966 ἀπολύτρωσις
974 4911 986 4923 ο
1023 4897 1130 4961 ἵνα,
1161 4897 1343 4961 καθὼς
1377 4899 1707 4966 γέγραπται,

95 5004 163 5051 'U
201 4996 607 5064 καυχώμενος,
639 4992 695 5042 ὲν
713 4987 899 5059 Κυρίῳ
931 4989 1241 5056 καυχάσθω.
1271 5009 1288 5040 ι
1315 4987 1713 5058 Λελυτρώμεθα

79 5094 299 5143 τοίνυν
345 5091 405 5138 ὲν
434 5084 677 5157 Χριστῷ,
711 5083 804 5136 καὶ
849 5080 1182 5150 ἡγιάσμεθα,
1220 5084 1314 5134 καὶ
1362 5082 1517 5150 σοφοὶ
1550 5080 1710 5148 γεγό-

80 5199 311 5251 ναμεν.
355 5196 374 5227 ‹
407 5180 567 5230 Πᾶσα
599 5178 654 5230 δὲ
678 5177 823 5239 δόσις
848 5173 1058 5242 ἀγαθὴ,
1089 5177 1182 5224 καὶ
1222 5176 1330 5226 πᾶν
1362 5175 1593 5244 δώρημα
1627 5170 1714 5224 τέ-

77 5276 248 5325 >.;ιον
289 5270 509 5322 ἄνωθέν
541 5272 679 5333 ἐστι,
705 5269 1030 5323 καταϐαῖνον
1063 5266 1216 5336 παρὰ
1245 5268 1336 5320 τοῦ
1363 5267 1574 5337 ιῐατρὸς
1601 5264 1711 5318 τῶν

78 5367 317 5434 editum
339 5399 355 5423 ,
394 5362 641 5413 τουτέστι
667 5361 822 5416 Θεοῦ.
861 5379 878 5410 ι
917 5356 1052 5412 Εἶτα
1105 5359 1222 5420 πῶς
1254 5361 1316 5411 οὐ
1353 5361 1485 5423 Θεὸς
1515 5362 1542 5412 6
1576 5360 1711 5430 Χρι-

163 5521 218 5550 ⁸⁵⁸
254 5517 433 5570 Juan.
468 5531 538 5574 vr,
567 5516 655 5570 ‘27.

77 5610 122 5655 r.
176 5592 290 5654 50,
325 5587 424 5641 51.

737 5518 780 5547 ⁸⁵
815 5518 968 5573 Joun.
1005 5531 1078 5579 XI,
1106 5515 1195 5567 45.

501 5585 543 5614 τί
570 5585 685 5644 Jac.
722 5605 760 5652 t,
807 5591 888 5642 l7.

1308 5515 1350 5544 ”
1386 5515 1514 5570 Luc.
1560 5533 1676 5583 vm,
1714 5518 1801 5570 54.

1800 634 1911 689 bis:
1938 633 2082 687 hunc
2109 633 2254 686 enim
2280 628 2442 684 Pater
2468 628 2701 697 signavit
2726 625 2867 681 Deus
2898 626 2964 678 “.
2991 642 3009 677 ι
3046 623 3240 680 Cibum
3279 635 3374 678 no-

1801 725 1884 780 bis
1912 725 2221 795 impertitus
2249 732 2336 778 est
2357 720 2524 776 Filius
2541 720 2776 775 hominis
2795 727 3105 774 manentem
3128 717 3183 772 in
3209 717 3374 770 vitam

1801 829 2083 882 aeternam,
2112 817 2370 872 nimirum
2403 829 2554 870 suam
2587 828 2842 878 carnem;
2895 821 2979 868 est
3020 811 3166 865 enim
3197 824 3260 865 ea
3289 810 3374 863 vi-

1805 910 1983 964 vilica.
2023 909 2143 965 Jam
2173 911 2446 979 quomodo
2475 908 2519 964 is
2549 907 2690 962 Deus
2715 922 2822 962 non
2851 914 2958 970 est,
2986 905 3077 976 qui
3117 919 3214 975 per
3253 919 3376 973 pro-

1803 1000 1974 1068 priam
2007 1016 2226 1071 quoque
2248 1017 2470 1057 carnem
2497 999 2777 1056 viviﬁcare
2811 1007 3009 1070 potest,
3033 999 3234 1068 quique
3267 997 3379 1049 Deo

1809 1103 1864 1144 et
1886 1090 2036 1145 Patri
2069 1107 2167 1160 per
2198 1094 2379 1146 omnia
2410 1092 2633 1162 azqnalis
2663 1091 2784 1146 est?
2814 1090 2924 1144 Hoc
2947 1089 3090 1143 enim
3120 1087 3378 1147 insinuat,

1804 1184 1929 1238 dum
1971 1199 1999 1237 a
2036 1185 2144 1238 Deo
2172 1185 2515 1254 obsignatum
2545 1185 2652 1256 97
2676 1199 2736 1238 se
2769 1182 3107 1253 pronuntiat.
3159 1178 3376 1235 Etenim

1804 1273 2542 1343 obsignationis'vocabulum
2573 1292 2888 1347 expressam
2959 1271 3378 1330 similitudinem

1805 1366 2029 1421 indicat.
2073 1367 2542 1434 Quemadmodum
2575 1369 2721 1423 enim
2755 1369 2798 1422 si
2833 1367 2958 1437 quis
2986 1379 3238 1430 aureum,
3280 1371 3376 1416 aut

1807 1455 2032 1511 alterius
2063 1458 2307 1527 cujusvis
2358 1460 2603 1513 materia:
2644 1460 2885 1530 sigillum
2919 1473 3061 1513 cerae
3091 1457 3386 1524 impresse-

1809 1548 1898 1615 rit,
1933 1558 2099 1604 totam
2131 1552 2358 1606 omnino
2383 1551 2548 1622 sigilli
2580 1552 2722 1606 illius
2757 1549 2985 1622 efﬁgiem
3017 1548 3265 1603 inducit:
3305 1546 3381 1600 ita

1809 1638 1954 1695 Deus
1998 1640 2159 1696 Pater
2179 1657 2397 1712 quoque
2432 1657 2771 1713 expressam,
2809 1641 3155 1708 conspicuam
3210 1652 3387 1693 essen-

1811 1731 2099 1802 tialemque
2155 1741 2362 1788 naturas
2409 1749 2520 1788 suae
2552 1735 2778 1804 ﬁguram
2812 1734 2864 1786 in
2897 1731 3034 1786 Filio
3073 1731 3255 1785 habet.
3284 1728 3382 1780 At-

1810 1834 1913 1888 que
1947 1821 2089 1877 istud
2116 1831 2200 1876 est
2229 1824 2369 1892 quod
2394 1839 2453 1877 se
2487 1838 2512 1876 a
2540 1821 2698 1877 Patre
2732 1823 3073 1893 obsignatum
3097 1818 3344 1874 allirmet.

2097 2017 2183 2072 Ex
2221 2019 2513 2088 Evangelia
2568 2019 2852 2073 secundum
2885 2017 3104 2072 Lucam.

1887 2127 2250 2184 Exsuscitavit
2294 2130 2542 2186 Christus
2600 2129 2865 2185 Lazarum
2912 2130 2978 2194 ⁶⁸,
3046 2141 3156 2184 tum
3213 2130 3390 2186 archi-

1817 2223 2077 2294 synagogi
2122 2239 2340 2293 quoque
2375 2224 2541 2278 tiliam
2573 2227 2639 2288 ⁸⁷,
2664 2235 2718 2280 et
2743 2226 2916 2278 viduae
2953 2224 3123 2280 tilium
3152 2223 3220 2279 ⁸⁸.
3259 2223 3391 2292 Quis

1813 2329 1942 2383 ergo
1975 2325 2151 2383 neget,
2182 2316 2274 2384 qui
2304 2316 2409 2368 vita
2442 2317 2742 2369 secundum
2771 2323 3018 2369 naturam
3049 2316 3302 2379 exsistat,
3335 2324 3392 2366 ιιι

1813 2407 1904 2474 qui
1929 2422 2032 2459 non
2065 2416 2274 2460 tantum
2321 2408 2504 2473 verbo,
2530 2406 2625 2462 sed
2658 2421 2770 2462 sua:
2799 2421 3013 2476 quoque
3043 2421 3239 2460 manus
3263 2420 3395 2460 con-

1817 2507 1962 2551 tactu
1991 2509 2223 2553 mortem
2264 2498 2722 2568 perlerreiaciat?
2751 2499 2880 2553 Erat
2919 2499 3062 2552 enim
3103 2507 3393 2553 consenta-

1817 2606 1998 2655 neum,
2055 2592 2163 2644 imo
2217 2607 2345 2646 vero
2407 2592 2629 2646 omnino
2691 2591 3084 2656 necessarium,
3119 2602 3173 2646 ut
3199 2606 3396 2661 corpus

1821 2682 1962 2735 illius
1985 2693 2129 2736 esset
2158 2682 2453 2747 viviticum,
2484 2685 2576 2751 qui
2614 2683 2720 2736 vita
2753 2692 2874 2737 erat
2902 2683 3198 2737 secundum
3229 2695 3393 2737 natu-

1816 2787 1953 2827 ram.

2002 2887 2154 2950 Quod
2179 2885 2425 2942 Christus
2460 2902 2552 2954 per
2583 2886 2741 2954 ﬁdem
2776 2887 2841 2939 sit
2882 2889 3210 2956 pmpitiatio.

2240 2994 2321 3049 Ea:
2345 2995 2585 3064 Epistola
2619 2997 2686 3049 ad
2716 2995 3004 3051 Romanos.

1891 3129 1908 3161 ι
1955 3109 2127 3176 Quem
2161 3110 2249 3180 (de
2287 3109 2508 3164 Christo
2556 3124 2737 3164 sermo
2766 3113 2871 3180 est)
2933 3114 3214 3181 proposuit
3249 3113 3394 3169 Dens

1817 3202 2259 3272 propitiationem
2323 3217 2417 3270 per
2452 3203 2612 3256 (idem
2677 3203 2729 3255 in
2781 3205 3045 3274 sanguine
3091 3205 3280 3275 ipsius,
3333 3213 3399 3262 ad

1821 3298 2185 3352 ostensionem
2213 3295 2441 3364 iustitia:
2461 3311 2589 3359 sum,
2624 3308 2844 3365 propter
2867 3299 3235 3354 remissionem
3266 3318 3400 3370 prce-

1822 3391 2128 3444 cedentinm
2185 3388 2530 3450 delictorum,
2596 3387 2648 3440 in
2704 3390 3103 3443 sustentatione
3157 3392 3272 3456 Dei,
3337 3397 3400 3446 ad

1821 3482 2184 3536 ostensionem
2222 3479 2446 3548 iustitia:
2473 3480 2589 3548 ejus
2620 3480 2671 3532 in
2704 3481 3161 3549 lioctenipore,nt
3183 3486 3254 3537 sit
3287 3487 3402 3556 ipse

1818 3576 2020 3644 justus,
2050 3583 2105 3628 et
2124 3574 2435 3644 justiiicans
2458 3586 2582 3626 eum
2614 3572 2704 3640 qui
2747 3582 2830 3626 est
2858 3588 2924 3625 ex
2963 3573 3063 3636 [ide
3091 3575 3216 3629 Jesu
3242 3579 3402 3631 (Zhriv

1823 3669 1890 3722 sti
1923 3669 1989 3719 θ’.
2030 3687 2048 3718 ι
2080 3667 2137 3722 Si
2170 3666 2274 3718 alia
2311 3666 2518 3718 ratione
2577 3663 2700 3718 illos
2749 3666 2970 3731 expiare
3027 3683 3131 3720 non
3191 3667 3402 3735 poterat

1823 3760 2197 3830 Christus,qni
2220 3768 2462 3828 peccato,
2482 3765 2535 3809 et
2557 3757 2917 3811 maledictioni
2933 3799 2946 3822 ,
2980 3769 3031 3812 et
3054 3761 3243 3814 mortis
3266 3778 3396 3830 snp-

1826 3855 1984 3924 plicio
2013 3853 2233 3906 obnoxii
2259 3851 2618 3911 tenebantur,
2672 3848 2772 3901 nisi
2807 3851 3124 3917 sanguinem
3163 3869 3316 3905 suum
3347 3856 3397 3906 in

1825 3943 2249 4016 princedentium
2278 3950 2623 4010 peccatorum
2679 3941 3059 3995 remissionem
3109 3946 3396 4011 profunde-

1827 4047 1942 4104 rei;
1980 4034 2252 4106 quomodo
2285 4042 2342 4085 ut
2380 4031 2611 4086 Verbum
2642 4046 2769 4085 caro
2804 4033 2975 4096 lieret,
3023 4041 3394 4093 necessarium

1828 4146 1932 4183 non
1978 4138 2122 4192 erat,
2168 4139 2360 4193 nempe
2390 4139 2497 4191 quo
2529 4123 2771 4192 proprio,
2823 4125 2924 4177 hoc
2954 4137 3036 4178 est
3080 4142 3189 4181 suae
3235 4130 3405 4198 ipsius

1825 4223 2006 4279 carnis
2042 4261 2056 4283 ,
2084 4217 2345 4289 sanguine
2390 4233 2602 4279 omnes,
2665 4217 2756 4285 qui
2812 4217 2862 4270 in
2901 4219 3073 4286 ipsum
3145 4225 3400 4277 credituri

1823 4325 2001 4378 erant,
2032 4309 2391 4380 justilicaret?

1919 4428 2068 4492 Quod
2093 4442 2183 4494 per
2213 4423 2411 4478 Christi
2443 4423 2750 4495 sanguinem
2787 4421 3037 4490 redempti
3071 4423 3280 4495 Deoquc

2335 4492 2662 4544 reconciliati
2687 4507 2891 4545 sumus.

2233 4602 2317 4654 Ea:
2345 4600 2514 4669 priori
2557 4599 2628 4652 ad
2650 4598 2978 4656 Corinthios.

1898 4732 1914 4762 ‹
1958 4713 2032 4765 Ex
2073 4713 2188 4778 ipso
2242 4719 2424 4761 autem
2466 4723 2560 4762 vos
2603 4711 2737 4765 estis
2780 4712 2831 4764 in
2870 4714 3089 4770 Christo
3117 4715 3397 4792 Jesu,_qui

1821 4807 1993 4858 factus
2015 4813 2096 4856 est
2121 4801 2280 4856 nobis
2321 4802 2586 4869 sapientia
2625 4803 2738 4872 98
2772 4820 2800 4855 ιι
2833 4804 2959 4869 Deo,
2996 4808 3307 4876 etjnstitia,
3345 4828 3399 4868 et

1820 4893 2199 4959 sanctiﬁcatio,
2218 4903 2272 4947 et
2307 4895 2640 4963 redemptio;
2673 4904 2753 4960 ut,
2778 4899 3234 4971 quemadmodum
3268 4905 3399 4958 scri-

1821 4999 1968 5058 ptum
2018 4997 2121 5052 est,
2175 4988 2264 5058 qui
2305 4986 2585 5059 gloriatur,
2641 4989 2694 5040 in
2727 4989 2954 5043 Domino
2984 4990 3244 5062 glorietur
3267 4996 3337 5050 "°.
3371 5017 3389 5048 ι

1823 5080 1876 5135 In
1917 5081 2136 5137 Christo
2171 5081 2352 5149 itaque
2384 5078 2674 5147 redempti,
2703 5088 2756 5134 et
2785 5081 3136 5149 sanctiﬁcati,
3197 5096 3250 5140 et
3303 5103 3396 5140 Su-

1823 5177 2032 5246 pientes
2062 5173 2186 5230 facti
2225 5187 2433 5226 sumus.
2496 5190 2513 5223 ι
2551 5169 2725 5226 Omne
2776 5183 2956 5228 autem
3013 5175 3198 5230 datum
3253 5180 3395 5248 opti-

1825 5283 1996 5332 mum,
2062 5278 2115 5322 et
2144 5278 2304 5320 omne
2344 5263 2541 5318 donum
2600 5263 2899 5334 perfectum
2965 5265 3251 5322 desursum
3291 5284 3394 5334 est,

1825 5359 2161 5414 descendens
2187 5371 2216 5408 ιι
2235 5354 2395 5409 Patre
2421 5355 2684 5410 luminum
2707 5357 2809 5420 ⁷¹,›
2838 5356 2939 5411 hoc
2963 5367 3070 5423 est,
3103 5358 3232 5413 Deo.
3259 5359 3393 5416 Cum

1918 5515 1958 5545 ‘"
1995 5515 2124 5567 Luc.
2156 5527 2247 5575 ιιι,
2294 5513 2374 5566 ili.
2472 5513 2513 5545 ⁶³
2549 5513 2702 5568 Rom.
2736 5530 2816 5579 ιιι,
2844 5512 2936 5585 25,
2962 5515 3051 5570 9.6.
3138 5517 3229 5571 τοι
3267 5518 3391 5575 Cor.

1197 5724 1364 5778 Varia:
1393 5723 1650 5777 lectiones
1681 5723 1880 5775 (‘Otiit‘iS
1918 5721 2275 5790 Seguierinni.

178 5870 200 5906 ⁸
239 5866 516 5936 ἐγενήθη.

327 5962 607 6020 Ρηιιιιι..
666 5960 782 6018 (in.
829 5959 916 6016 LX
935 5960 1089 6018 XVI.

2881 5951 2946 6009 41
