  <div class='ocr_page' id='page_1' title='image "/cluster/home/n/w/nwhite01/storage/ocr_20150623/76/ien.35556001661040/657.png"; bbox 0 0 4040 6442; ppageno 0'>
   <div class='ocr_carea' id='block_1_1' title="bbox 638 338 2227 414">
    <p class='ocr_par' dir='ltr' id='par_1_1' title="bbox 638 341 2226 414">
     <span class='ocr_line' id='line_1_1' title="bbox 638 341 2226 414; baseline -0.008 -2"><span class='ocrx_word' id='word_1_1' title='bbox 638 359 766 414; x_wconf 72' lang='grc'><strong>1291</strong></span> <span class='ocrx_word' id='word_1_2' title='bbox 1682 348 1738 402; x_wconf 89' lang='lat' dir='ltr'><strong>S.</strong></span> <span class='ocrx_word' id='word_1_3' title='bbox 1781 341 2054 402; x_wconf 79' lang='lat' dir='ltr'><strong>CYRlLLi</strong></span> <span class='ocrx_word' id='word_1_4' title='bbox 2093 344 2226 400; x_wconf 80' lang='lat' dir='ltr'><strong>ALE</strong></span> 
     </span>
    </p>
   </div>
   <div class='ocr_carea' id='block_1_2' title="bbox 2343 338 3901 414">
    <p class='ocr_par' dir='ltr' id='par_1_2' title="bbox 2343 338 3901 400">
     <span class='ocr_line' id='line_1_2' title="bbox 2343 338 3901 400; baseline -0.003 -1"><span class='ocrx_word' id='word_1_5' title='bbox 2343 343 2556 400; x_wconf 45' lang='lat' dir='ltr'><strong>VDRINI</strong></span> <span class='ocrx_word' id='word_1_6' title='bbox 2597 342 2914 400; x_wconf 81' lang='lat' dir='ltr'><strong>ARCHIEP.</strong></span> <span class='ocrx_word' id='word_1_7' title='bbox 3769 338 3901 395; x_wconf 72' lang='grc'><strong>1292</strong></span> 
     </span>
    </p>
   </div>
   <div class='ocr_carea' id='block_1_3' title="bbox 635 454 2227 545">
    <p class='ocr_par' dir='ltr' id='par_1_3' title="bbox 635 462 2208 545">
     <span class='ocr_line' id='line_1_3' title="bbox 635 462 2208 545; baseline -0.01 -14"><span class='ocrx_word' id='word_1_8' title='bbox 635 489 763 545; x_wconf 80' lang='lat' dir='ltr'><strong>ergo</strong></span> <span class='ocrx_word' id='word_1_9' title='bbox 816 471 1066 528; x_wconf 89' lang='lat' dir='ltr'><strong>Christus</strong></span> <span class='ocrx_word' id='word_1_10' title='bbox 1117 469 1456 540; x_wconf 81' lang='lat' dir='ltr'><strong>sapientiam,</strong></span> <span class='ocrx_word' id='word_1_11' title='bbox 1501 476 1555 520; x_wconf 88' lang='lat' dir='ltr'><strong>et</strong></span> <span class='ocrx_word' id='word_1_12' title='bbox 1599 462 2107 528; x_wconf 83' lang='lat' dir='ltr'><strong>sanctiﬁcationem,</strong></span> <span class='ocrx_word' id='word_1_13' title='bbox 2153 472 2208 518; x_wconf 84' lang='lat' dir='ltr'><strong>et</strong></span> 
     </span>
    </p>
   </div>
   <div class='ocr_carea' id='block_1_4' title="bbox 2343 454 3904 545">
    <p class='ocr_par' dir='ltr' id='par_1_4' title="bbox 2347 454 3904 531">
     <span class='ocr_line' id='line_1_4' title="bbox 2347 454 3904 531; baseline -0.01 -13"><span class='ocrx_word' id='word_1_14' title='bbox 2347 465 2454 528; x_wconf 78' lang='grc' dir='ltr'>τὸς,</span> <span class='ocrx_word' id='word_1_15' title='bbox 2495 464 2522 514; x_wconf 81' lang='grc' dir='ltr'>ὁ</span> <span class='ocrx_word' id='word_1_16' title='bbox 2570 462 2762 531; x_wconf 56' lang='grc' dir='ltr'>σοφίαν</span> <span class='ocrx_word' id='word_1_17' title='bbox 2809 478 2868 514; x_wconf 89' lang='grc' dir='ltr'><strong>τε</strong></span> <span class='ocrx_word' id='word_1_18' title='bbox 2920 460 3013 514; x_wconf 76' lang='grc' dir='ltr'><strong>καὶ</strong></span> <span class='ocrx_word' id='word_1_19' title='bbox 3060 459 3334 531; x_wconf 71' lang='grc' dir='ltr'>ἁγιασμόν</span> <span class='ocrx_word' id='word_1_20' title='bbox 3371 458 3468 513; x_wconf 77' lang='grc' dir='ltr'><strong>καὶ</strong></span> <span class='ocrx_word' id='word_1_21' title='bbox 3514 454 3904 524; x_wconf 77' lang='grc' dir='ltr'>ἀπολύτρωσιν</span> 
     </span>
    </p>
   </div>
   <div class='ocr_carea' id='block_1_5' title="bbox 635 555 2227 634">
    <p class='ocr_par' dir='ltr' id='par_1_5' title="bbox 635 555 2210 634">
     <span class='ocr_line' id='line_1_5' title="bbox 635 555 2210 634; baseline -0.006 -15"><span class='ocrx_word' id='word_1_22' title='bbox 635 565 1064 634; x_wconf 84' lang='lat' dir='ltr'><strong>redemptionem</strong></span> <span class='ocrx_word' id='word_1_23' title='bbox 1115 562 1271 618; x_wconf 85' lang='lat' dir='ltr'><strong>nobis</strong></span> <span class='ocrx_word' id='word_1_24' title='bbox 1307 560 1585 630; x_wconf 71' lang='lat' dir='ltr'><strong>largiatur,</strong></span> <span class='ocrx_word' id='word_1_25' title='bbox 1646 555 1916 625; x_wconf 88' lang='lat' dir='ltr'><strong>quomodo</strong></span> <span class='ocrx_word' id='word_1_26' title='bbox 1967 569 2074 611; x_wconf 91' lang='lat' dir='ltr'><strong>non</strong></span> <span class='ocrx_word' id='word_1_27' title='bbox 2123 564 2210 610; x_wconf 88' lang='lat' dir='ltr'><strong>est</strong></span> 
     </span>
    </p>
   </div>
   <div class='ocr_carea' id='block_1_6' title="bbox 2343 555 2894 634">
    <p class='ocr_par' dir='ltr' id='par_1_6' title="bbox 2352 556 2894 627">
     <span class='ocr_line' id='line_1_6' title="bbox 2352 556 2894 627; baseline -0.006 -19"><span class='ocrx_word' id='word_1_28' title='bbox 2352 559 2443 627; x_wconf 87' lang='grc' dir='ltr'>μῖν</span> <span class='ocrx_word' id='word_1_29' title='bbox 2474 556 2860 626; x_wconf 69' lang='grc' dir='ltr'>δωρησάμενος</span> <span class='ocrx_word' id='word_1_30' title='bbox 2880 587 2894 604; x_wconf 81' lang='grc'><strong>.</strong></span> 
     </span>
    </p>
   </div>
   <div class='ocr_carea' id='block_1_7' title="bbox 632 655 818 713">
    <p class='ocr_par' dir='ltr' id='par_1_7' title="bbox 632 655 818 713">
     <span class='ocr_line' id='line_1_7' title="bbox 632 655 818 713; baseline -0.011 -2"><span class='ocrx_word' id='word_1_31' title='bbox 632 655 778 713; x_wconf 85' lang='lat' dir='ltr'><strong>Dens</strong></span> <span class='ocrx_word' id='word_1_32' title='bbox 795 657 818 709; x_wconf 85' lang='lat'><strong>?</strong></span> 
     </span>
    </p>
   </div>
   <div class='ocr_carea' id='block_1_8' title="bbox 761 747 2227 840">
    <p class='ocr_par' dir='ltr' id='par_1_8' title="bbox 761 761 2097 840">
     <span class='ocr_line' id='line_1_8' title="bbox 761 761 2097 840; baseline -0.005 -17"><span class='ocrx_word' id='word_1_33' title='bbox 761 771 917 836; x_wconf 84' lang='lat' dir='ltr'><strong>Quod</strong></span> <span class='ocrx_word' id='word_1_34' title='bbox 945 775 1035 840; x_wconf 64' lang='grc' dir='ltr'>μὲν</span> <span class='ocrx_word' id='word_1_35' title='bbox 1059 768 1252 824; x_wconf 77' lang='lat' dir='ltr'><strong>Christi</strong></span> <span class='ocrx_word' id='word_1_36' title='bbox 1282 764 1586 834; x_wconf 78' lang='lat' dir='ltr'><strong>sanguinem</strong></span> <span class='ocrx_word' id='word_1_37' title='bbox 1617 761 1862 830; x_wconf 85' lang='lat' dir='ltr'><strong>redempti</strong></span> <span class='ocrx_word' id='word_1_38' title='bbox 1894 774 2097 817; x_wconf 71' lang='lat' dir='ltr'><strong>sumus.</strong></span> 
     </span>
    </p>
   </div>
   <div class='ocr_carea' id='block_1_9' title="bbox 2343 747 3905 840">
    <p class='ocr_par' dir='ltr' id='par_1_9' title="bbox 2344 747 3905 826">
     <span class='ocr_line' id='line_1_9' title="bbox 2344 747 3905 826; baseline -0.008 -14"><span class='ocrx_word' id='word_1_39' title='bbox 2344 762 2442 812; x_wconf 86' lang='grc' dir='ltr'><strong>Οτι</strong></span> <span class='ocrx_word' id='word_1_40' title='bbox 2479 756 2898 826; x_wconf 78' lang='grc' dir='ltr'>λελυτρώμεθίι</span> <span class='ocrx_word' id='word_1_41' title='bbox 2921 755 3018 808; x_wconf 81' lang='grc' dir='ltr'>διὰ</span> <span class='ocrx_word' id='word_1_42' title='bbox 3044 753 3151 808; x_wconf 87' lang='grc' dir='ltr'>τοῦ</span> <span class='ocrx_word' id='word_1_43' title='bbox 3181 754 3431 822; x_wconf 78' lang='grc' dir='ltr'>αἵματος</span> <span class='ocrx_word' id='word_1_44' title='bbox 3459 747 3569 807; x_wconf 77' lang='grc' dir='ltr'>τοῦ</span> <span class='ocrx_word' id='word_1_45' title='bbox 3616 749 3905 819; x_wconf 77' lang='grc' dir='ltr'><strong>Χριστοῦ.</strong></span> 
     </span>
    </p>
   </div>
   <div class='ocr_carea' id='block_1_10' title="bbox 1049 867 2227 946">
    <p class='ocr_par' dir='ltr' id='par_1_10' title="bbox 1049 874 1786 946">
     <span class='ocr_line' id='line_1_10' title="bbox 1049 874 1786 946; baseline -0.004 -13"><span class='ocrx_word' id='word_1_46' title='bbox 1049 878 1134 933; x_wconf 81' lang='lat' dir='ltr'><strong>Ex</strong></span> <span class='ocrx_word' id='word_1_47' title='bbox 1163 876 1400 944; x_wconf 80' lang='lat' dir='ltr'><strong>Epistola</strong></span> <span class='ocrx_word' id='word_1_48' title='bbox 1427 877 1597 946; x_wconf 75' lang='lat' dir='ltr'><strong>prima</strong></span> <span class='ocrx_word' id='word_1_49' title='bbox 1621 874 1786 930; x_wconf 73' lang='lat' dir='ltr'><strong>Petri.</strong></span> 
     </span>
    </p>
   </div>
   <div class='ocr_carea' id='block_1_11' title="bbox 2343 867 3703 946">
    <p class='ocr_par' dir='ltr' id='par_1_11' title="bbox 2519 867 3703 938">
     <span class='ocr_line' id='line_1_11' title="bbox 2519 867 3703 938; baseline -0.004 -14"><span class='ocrx_word' id='word_1_50' title='bbox 2519 871 2621 924; x_wconf 81' lang='grc' dir='ltr'>Ἐκ</span> <span class='ocrx_word' id='word_1_51' title='bbox 2647 868 2758 938; x_wconf 80' lang='grc' dir='ltr'>τῆς</span> <span class='ocrx_word' id='word_1_52' title='bbox 2781 868 3009 938; x_wconf 74' lang='grc' dir='ltr'>Πέτρου</span> <span class='ocrx_word' id='word_1_53' title='bbox 3047 867 3407 934; x_wconf 74' lang='grc' dir='ltr'><strong>Ἐπιστολῆς</strong></span> <span class='ocrx_word' id='word_1_54' title='bbox 3434 868 3703 935; x_wconf 65' lang='grc' dir='ltr'>πρώτης.</span> 
     </span>
    </p>
   </div>
   <div class='ocr_carea' id='block_1_12' title="bbox 731 984 2210 1060">
    <p class='ocr_par' dir='ltr' id='par_1_12' title="bbox 731 984 2210 1060">
     <span class='ocr_line' id='line_1_12' title="bbox 731 984 2210 1060; baseline -0.007 -14"><span class='ocrx_word' id='word_1_55' title='bbox 731 1015 748 1046; x_wconf 76' lang='grc' dir='ltr'><strong>ι</strong></span> <span class='ocrx_word' id='word_1_56' title='bbox 778 994 1020 1050; x_wconf 83' lang='lat' dir='ltr'><strong>Scientes</strong></span> <span class='ocrx_word' id='word_1_57' title='bbox 1054 989 1194 1060; x_wconf 90' lang='lat' dir='ltr'><strong>quod</strong></span> <span class='ocrx_word' id='word_1_58' title='bbox 1232 1003 1338 1042; x_wconf 91' lang='lat' dir='ltr'><strong>non</strong></span> <span class='ocrx_word' id='word_1_59' title='bbox 1362 987 1805 1057; x_wconf 83' lang='lat' dir='ltr'><strong>corruptibilibus</strong></span> <span class='ocrx_word' id='word_1_60' title='bbox 1835 1002 1966 1041; x_wconf 85' lang='lat' dir='ltr'><strong>auro</strong></span> <span class='ocrx_word' id='word_1_61' title='bbox 1992 984 2076 1039; x_wconf 80' lang='lat' dir='ltr'><strong>vel</strong></span> <span class='ocrx_word' id='word_1_62' title='bbox 2119 998 2210 1037; x_wconf 86' lang='lat' dir='ltr'><strong>ar-</strong></span> 
     </span>
    </p>
   </div>
   <div class='ocr_carea' id='block_1_13' title="bbox 641 1074 2211 1154">
    <p class='ocr_par' dir='ltr' id='par_1_13' title="bbox 641 1074 2211 1154">
     <span class='ocr_line' id='line_1_13' title="bbox 641 1074 2211 1154; baseline -0.01 -13"><span class='ocrx_word' id='word_1_63' title='bbox 641 1097 799 1154; x_wconf 78' lang='lat' dir='ltr'><strong>gento</strong></span> <span class='ocrx_word' id='word_1_64' title='bbox 838 1081 1100 1150; x_wconf 87' lang='lat' dir='ltr'><strong>redempti</strong></span> <span class='ocrx_word' id='word_1_65' title='bbox 1132 1079 1264 1133; x_wconf 89' lang='lat' dir='ltr'><strong>estis</strong></span> <span class='ocrx_word' id='word_1_66' title='bbox 1288 1080 1354 1132; x_wconf 93' lang='lat' dir='ltr'><strong>de</strong></span> <span class='ocrx_word' id='word_1_67' title='bbox 1385 1092 1520 1131; x_wconf 88' lang='lat' dir='ltr'><strong>vana</strong></span> <span class='ocrx_word' id='word_1_68' title='bbox 1565 1088 1743 1130; x_wconf 88' lang='lat' dir='ltr'><strong>vestra</strong></span> <span class='ocrx_word' id='word_1_69' title='bbox 1795 1074 2211 1130; x_wconf 73' lang='lat' dir='ltr'><strong>conversatione</strong></span> 
     </span>
    </p>
   </div>
   <div class='ocr_carea' id='block_1_14' title="bbox 641 1164 2211 1247">
    <p class='ocr_par' dir='ltr' id='par_1_14' title="bbox 641 1164 2211 1247">
     <span class='ocr_line' id='line_1_14' title="bbox 641 1164 2211 1247; baseline -0.011 -14"><span class='ocrx_word' id='word_1_70' title='bbox 641 1189 877 1247; x_wconf 74' lang='lat' dir='ltr'><strong>paterna:</strong></span> <span class='ocrx_word' id='word_1_71' title='bbox 909 1173 1238 1237; x_wconf 91' lang='lat' dir='ltr'><strong>traditionis,</strong></span> <span class='ocrx_word' id='word_1_72' title='bbox 1296 1171 1389 1225; x_wconf 89' lang='lat' dir='ltr'><strong>sed</strong></span> <span class='ocrx_word' id='word_1_73' title='bbox 1441 1169 1679 1238; x_wconf 88' lang='lat' dir='ltr'><strong>pretioso</strong></span> <span class='ocrx_word' id='word_1_74' title='bbox 1735 1168 2001 1236; x_wconf 60' lang='lat' dir='ltr'><strong>sanguine,</strong></span> <span class='ocrx_word' id='word_1_75' title='bbox 2054 1164 2211 1234; x_wconf 88' lang='lat' dir='ltr'><strong>quasi</strong></span> 
     </span>
    </p>
   </div>
   <div class='ocr_carea' id='block_1_15' title="bbox 640 1256 2211 1343">
    <p class='ocr_par' dir='ltr' id='par_1_15' title="bbox 640 1256 2211 1343">
     <span class='ocr_line' id='line_1_15' title="bbox 640 1256 2211 1343; baseline -0.011 -16"><span class='ocrx_word' id='word_1_76' title='bbox 640 1271 760 1343; x_wconf 76' lang='lat' dir='ltr'><strong>agni</strong></span> <span class='ocrx_word' id='word_1_77' title='bbox 793 1265 1121 1321; x_wconf 88' lang='lat' dir='ltr'><strong>immaculati</strong></span> <span class='ocrx_word' id='word_1_78' title='bbox 1157 1263 1362 1318; x_wconf 87' lang='lat' dir='ltr'><strong>Christi</strong></span> <span class='ocrx_word' id='word_1_79' title='bbox 1404 1273 1458 1316; x_wconf 89' lang='lat' dir='ltr'><strong>ct</strong></span> <span class='ocrx_word' id='word_1_80' title='bbox 1498 1260 1908 1314; x_wconf 89' lang='lat' dir='ltr'><strong>incontaminati</strong></span> <span class='ocrx_word' id='word_1_81' title='bbox 1935 1259 2006 1312; x_wconf 79' lang='grc' dir='ltr'><strong>τ’.</strong></span> <span class='ocrx_word' id='word_1_82' title='bbox 2046 1276 2064 1310; x_wconf 73' lang='grc' dir='ltr'><strong>ι</strong></span> <span class='ocrx_word' id='word_1_83' title='bbox 2103 1256 2211 1311; x_wconf 81' lang='lat' dir='ltr'><strong>Re-</strong></span> 
     </span>
    </p>
   </div>
   <div class='ocr_carea' id='block_1_16' title="bbox 642 1348 2214 1430">
    <p class='ocr_par' dir='ltr' id='par_1_16' title="bbox 642 1348 2214 1430">
     <span class='ocr_line' id='line_1_16' title="bbox 642 1348 2214 1430; baseline -0.01 -12"><span class='ocrx_word' id='word_1_84' title='bbox 642 1360 838 1430; x_wconf 90' lang='lat' dir='ltr'><strong>dempti</strong></span> <span class='ocrx_word' id='word_1_85' title='bbox 869 1359 1012 1413; x_wconf 89' lang='lat' dir='ltr'><strong>enim</strong></span> <span class='ocrx_word' id='word_1_86' title='bbox 1053 1368 1262 1420; x_wconf 90' lang='lat' dir='ltr'><strong>sumus,</strong></span> <span class='ocrx_word' id='word_1_87' title='bbox 1299 1351 1519 1406; x_wconf 82' lang='lat' dir='ltr'><strong>Christo</strong></span> <span class='ocrx_word' id='word_1_88' title='bbox 1571 1351 1848 1421; x_wconf 64' lang='lat' dir='ltr'><strong>proiirium</strong></span> <span class='ocrx_word' id='word_1_89' title='bbox 1900 1366 1999 1420; x_wconf 89' lang='lat' dir='ltr'><strong>pro</strong></span> <span class='ocrx_word' id='word_1_90' title='bbox 2058 1348 2214 1403; x_wconf 85' lang='lat' dir='ltr'><strong>nobis</strong></span> 
     </span>
    </p>
   </div>
   <div class='ocr_carea' id='block_1_17' title="bbox 641 1442 2214 1524">
    <p class='ocr_par' dir='ltr' id='par_1_17' title="bbox 641 1442 2214 1524">
     <span class='ocr_line' id='line_1_17' title="bbox 641 1442 2214 1524; baseline -0.011 -13"><span class='ocrx_word' id='word_1_91' title='bbox 641 1469 840 1524; x_wconf 81' lang='lat' dir='ltr'><strong>corpus</strong></span> <span class='ocrx_word' id='word_1_92' title='bbox 875 1448 1239 1522; x_wconf 84' lang='lat' dir='ltr'><strong>impendente.</strong></span> <span class='ocrx_word' id='word_1_93' title='bbox 1279 1449 1348 1501; x_wconf 85' lang='lat' dir='ltr'><strong>At</strong></span> <span class='ocrx_word' id='word_1_94' title='bbox 1377 1449 1420 1502; x_wconf 91' lang='lat' dir='ltr'><strong>si</strong></span> <span class='ocrx_word' id='word_1_95' title='bbox 1460 1455 1517 1499; x_wconf 92' lang='lat' dir='ltr'><strong>ut</strong></span> <span class='ocrx_word' id='word_1_96' title='bbox 1548 1447 1707 1500; x_wconf 88' lang='lat' dir='ltr'><strong>homo</strong></span> <span class='ocrx_word' id='word_1_97' title='bbox 1736 1444 1973 1514; x_wconf 85' lang='lat' dir='ltr'><strong>vulgaris</strong></span> <span class='ocrx_word' id='word_1_98' title='bbox 2009 1442 2214 1496; x_wconf 83' lang='lat' dir='ltr'><strong>hahea-</strong></span> 
     </span>
    </p>
   </div>
   <div class='ocr_carea' id='block_1_18' title="bbox 642 1533 2212 1616">
    <p class='ocr_par' dir='ltr' id='par_1_18' title="bbox 642 1533 2212 1616">
     <span class='ocr_line' id='line_1_18' title="bbox 642 1533 2212 1616; baseline -0.013 -14"><span class='ocrx_word' id='word_1_99' title='bbox 642 1562 753 1610; x_wconf 83' lang='lat' dir='ltr'><strong>tur,</strong></span> <span class='ocrx_word' id='word_1_100' title='bbox 799 1545 1068 1616; x_wconf 81' lang='lat' dir='ltr'><strong>quomodo</strong></span> <span class='ocrx_word' id='word_1_101' title='bbox 1091 1543 1234 1598; x_wconf 89' lang='lat' dir='ltr'><strong>illius</strong></span> <span class='ocrx_word' id='word_1_102' title='bbox 1269 1539 1494 1606; x_wconf 81' lang='lat' dir='ltr'><strong>sanguis</strong></span> <span class='ocrx_word' id='word_1_103' title='bbox 1527 1540 1646 1591; x_wconf 72' lang='lat' dir='ltr'><strong>vitze</strong></span> <span class='ocrx_word' id='word_1_104' title='bbox 1696 1535 1936 1589; x_wconf 89' lang='lat' dir='ltr'><strong>omnium</strong></span> <span class='ocrx_word' id='word_1_105' title='bbox 1969 1533 2212 1587; x_wconf 65' lang='lat' dir='ltr'><strong>aestima-</strong></span> 
     </span>
    </p>
   </div>
   <div class='ocr_carea' id='block_1_19' title="bbox 2393 979 3910 1054">
    <p class='ocr_par' dir='ltr' id='par_1_19' title="bbox 2393 979 3910 1054">
     <span class='ocr_line' id='line_1_19' title="bbox 2393 979 3910 1054; baseline -0.005 -18"><span class='ocrx_word' id='word_1_106' title='bbox 2393 1007 2409 1036; x_wconf 76' lang='grc' dir='ltr'><strong>ι</strong></span> <span class='ocrx_word' id='word_1_107' title='bbox 2435 984 2654 1047; x_wconf 80' lang='grc' dir='ltr'>Εἰδότες</span> <span class='ocrx_word' id='word_1_108' title='bbox 2672 982 2754 1036; x_wconf 82' lang='grc' dir='ltr'>ὅτι</span> <span class='ocrx_word' id='word_1_109' title='bbox 2783 984 2843 1036; x_wconf 81' lang='grc' dir='ltr'>οὐ</span> <span class='ocrx_word' id='word_1_110' title='bbox 2870 981 3127 1054; x_wconf 69' lang='grc' dir='ltr'>φθαρτοῖς</span> <span class='ocrx_word' id='word_1_111' title='bbox 3155 979 3502 1051; x_wconf 65' lang='grc' dir='ltr'>ἀργυρίῳῐῆ]</span> <span class='ocrx_word' id='word_1_112' title='bbox 3524 980 3776 1050; x_wconf 81' lang='grc' dir='ltr'><strong>χρυσίῳ,</strong></span> <span class='ocrx_word' id='word_1_113' title='bbox 3802 979 3910 1031; x_wconf 67' lang='grc' dir='ltr'>ελυ.</span> 
     </span>
    </p>
   </div>
   <div class='ocr_carea' id='block_1_20' title="bbox 2315 1071 3911 1148">
    <p class='ocr_par' dir='ltr' id='par_1_20' title="bbox 2315 1071 3911 1148">
     <span class='ocr_line' id='line_1_20' title="bbox 2315 1071 3911 1148; baseline -0.006 -18"><span class='ocrx_word' id='word_1_114' title='bbox 2315 1077 2564 1148; x_wconf 82' lang='grc' dir='ltr'>τρώθητε</span> <span class='ocrx_word' id='word_1_115' title='bbox 2597 1081 2661 1130; x_wconf 81' lang='grc' dir='ltr'>ὲκ</span> <span class='ocrx_word' id='word_1_116' title='bbox 2690 1076 2789 1145; x_wconf 87' lang='grc' dir='ltr'><strong>τῆς</strong></span> <span class='ocrx_word' id='word_1_117' title='bbox 2828 1077 3061 1145; x_wconf 77' lang='grc' dir='ltr'><strong>ματαίας</strong></span> <span class='ocrx_word' id='word_1_118' title='bbox 3109 1072 3264 1144; x_wconf 79' lang='grc' dir='ltr'>ὑμῶν</span> <span class='ocrx_word' id='word_1_119' title='bbox 3309 1071 3669 1140; x_wconf 61' lang='grc' dir='ltr'>ἀναστροφῆς</span> <span class='ocrx_word' id='word_1_120' title='bbox 3709 1087 3911 1140; x_wconf 74' lang='grc' dir='ltr'>πατρο-</span> 
     </span>
    </p>
   </div>
   <div class='ocr_carea' id='block_1_21' title="bbox 2316 1161 3909 1240">
    <p class='ocr_par' dir='ltr' id='par_1_21' title="bbox 2316 1161 3909 1240">
     <span class='ocr_line' id='line_1_21' title="bbox 2316 1161 3909 1240; baseline -0.008 -17"><span class='ocrx_word' id='word_1_121' title='bbox 2316 1168 2618 1240; x_wconf 72' lang='grc' dir='ltr'><strong>παραδότω</strong></span> <span class='ocrx_word' id='word_1_122' title='bbox 2645 1211 2659 1234; x_wconf 90' lang='grc'><strong>,</strong></span> <span class='ocrx_word' id='word_1_123' title='bbox 2690 1166 2827 1220; x_wconf 88' lang='grc' dir='ltr'><strong>ἀλλά</strong></span> <span class='ocrx_word' id='word_1_124' title='bbox 2867 1165 3034 1236; x_wconf 81' lang='grc' dir='ltr'>τιμίῳ</span> <span class='ocrx_word' id='word_1_125' title='bbox 3076 1164 3269 1234; x_wconf 78' lang='grc' dir='ltr'>αἵματι</span> <span class='ocrx_word' id='word_1_126' title='bbox 3320 1163 3396 1225; x_wconf 83' lang='grc' dir='ltr'>ὡς</span> <span class='ocrx_word' id='word_1_127' title='bbox 3439 1161 3620 1231; x_wconf 76' lang='grc' dir='ltr'>ἀμνοῦ</span> <span class='ocrx_word' id='word_1_128' title='bbox 3669 1161 3909 1229; x_wconf 77' lang='grc' dir='ltr'>ἀμώμου</span> 
     </span>
    </p>
   </div>
   <div class='ocr_carea' id='block_1_22' title="bbox 2315 1252 3912 1330">
    <p class='ocr_par' dir='ltr' id='par_1_22' title="bbox 2315 1252 3912 1330">
     <span class='ocr_line' id='line_1_22' title="bbox 2315 1252 3912 1330; baseline -0.011 -14"><span class='ocrx_word' id='word_1_129' title='bbox 2315 1265 2410 1316; x_wconf 66' lang='grc' dir='ltr'>καὶ</span> <span class='ocrx_word' id='word_1_130' title='bbox 2447 1261 2679 1316; x_wconf 78' lang='grc' dir='ltr'>ἀσπίλου</span> <span class='ocrx_word' id='word_1_131' title='bbox 2708 1258 2969 1330; x_wconf 74' lang='grc' dir='ltr'>Χριστοῦ.</span> <span class='ocrx_word' id='word_1_132' title='bbox 3010 1277 3027 1308; x_wconf 74' lang='grc' dir='ltr'><strong>ι</strong></span> <span class='ocrx_word' id='word_1_133' title='bbox 3064 1254 3467 1324; x_wconf 81' lang='grc' dir='ltr'>Λελυτρώμεθα</span> <span class='ocrx_word' id='word_1_134' title='bbox 3497 1252 3635 1322; x_wconf 73' lang='grc' dir='ltr'>γὰρ,</span> <span class='ocrx_word' id='word_1_135' title='bbox 3681 1252 3751 1303; x_wconf 78' lang='grc' dir='ltr'>τὸ</span> <span class='ocrx_word' id='word_1_136' title='bbox 3789 1252 3912 1302; x_wconf 79' lang='grc' dir='ltr'>ἴδιον</span> 
     </span>
    </p>
   </div>
   <div class='ocr_carea' id='block_1_23' title="bbox 2318 1342 3913 1424">
    <p class='ocr_par' dir='ltr' id='par_1_23' title="bbox 2318 1342 3913 1424">
     <span class='ocr_line' id='line_1_23' title="bbox 2318 1342 3913 1424; baseline -0.01 -16"><span class='ocrx_word' id='word_1_137' title='bbox 2318 1355 2480 1424; x_wconf 83' lang='grc' dir='ltr'>σῶμα</span> <span class='ocrx_word' id='word_1_138' title='bbox 2511 1351 2805 1414; x_wconf 81' lang='grc' dir='ltr'>δεδωκότος</span> <span class='ocrx_word' id='word_1_139' title='bbox 2830 1351 2970 1419; x_wconf 80' lang='grc' dir='ltr'>ὑπὲρ</span> <span class='ocrx_word' id='word_1_140' title='bbox 3002 1348 3162 1420; x_wconf 83' lang='grc' dir='ltr'>ἡμῶν</span> <span class='ocrx_word' id='word_1_141' title='bbox 3207 1346 3302 1399; x_wconf 78' lang='grc' dir='ltr'>τοῦ</span> <span class='ocrx_word' id='word_1_142' title='bbox 3351 1343 3622 1415; x_wconf 79' lang='grc' dir='ltr'>Χριστοῦ.</span> <span class='ocrx_word' id='word_1_143' title='bbox 3677 1342 3828 1394; x_wconf 70' lang='grc' dir='ltr'>Ἀλλ’</span> <span class='ocrx_word' id='word_1_144' title='bbox 3873 1344 3913 1392; x_wconf 78' lang='grc' dir='ltr'><strong>εἰ</strong></span> 
     </span>
    </p>
   </div>
   <div class='ocr_carea' id='block_1_24' title="bbox 2319 1434 3915 1517">
    <p class='ocr_par' dir='ltr' id='par_1_24' title="bbox 2319 1434 3915 1517">
     <span class='ocr_line' id='line_1_24' title="bbox 2319 1434 3915 1517; baseline -0.011 -16"><span class='ocrx_word' id='word_1_145' title='bbox 2319 1449 2420 1517; x_wconf 84' lang='grc' dir='ltr'>μὲν</span> <span class='ocrx_word' id='word_1_146' title='bbox 2446 1447 2521 1509; x_wconf 88' lang='grc' dir='ltr'>ὼς</span> <span class='ocrx_word' id='word_1_147' title='bbox 2549 1445 2835 1516; x_wconf 80' lang='grc' dir='ltr'>ἄνθρωπος</span> <span class='ocrx_word' id='word_1_148' title='bbox 2877 1445 3077 1496; x_wconf 75' lang='grc' dir='ltr'>νοεῖται</span> <span class='ocrx_word' id='word_1_149' title='bbox 3106 1439 3285 1502; x_wconf 80' lang='grc' dir='ltr'>κοινὸς</span> <span class='ocrx_word' id='word_1_150' title='bbox 3308 1479 3321 1500; x_wconf 90' lang='grc'><strong>,</strong></span> <span class='ocrx_word' id='word_1_151' title='bbox 3354 1438 3486 1499; x_wconf 54' lang='lat' dir='ltr'><strong>me;</strong></span> <span class='ocrx_word' id='word_1_152' title='bbox 3514 1436 3785 1500; x_wconf 72' lang='grc' dir='ltr'>ἀντάξιον</span> <span class='ocrx_word' id='word_1_153' title='bbox 3826 1434 3915 1502; x_wconf 76' lang='grc' dir='ltr'>τῆς</span> 
     </span>
    </p>
   </div>
   <div class='ocr_carea' id='block_1_25' title="bbox 2318 1520 3914 1602">
    <p class='ocr_par' dir='ltr' id='par_1_25' title="bbox 2318 1520 3914 1602">
     <span class='ocr_line' id='line_1_25' title="bbox 2318 1520 3914 1602; baseline -0.012 -11"><span class='ocrx_word' id='word_1_154' title='bbox 2318 1537 2570 1591; x_wconf 82' lang='grc' dir='ltr'>ἁπάντων</span> <span class='ocrx_word' id='word_1_155' title='bbox 2623 1533 2767 1602; x_wconf 78' lang='grc' dir='ltr'>ζωῆς</span> <span class='ocrx_word' id='word_1_156' title='bbox 2817 1534 2891 1596; x_wconf 76' lang='grc' dir='ltr'><strong>τὸ,</strong></span> <span class='ocrx_word' id='word_1_157' title='bbox 2915 1529 3057 1602; x_wconf 78' lang='grc' dir='ltr'>αἷμα</span> <span class='ocrx_word' id='word_1_158' title='bbox 3102 1528 3295 1593; x_wconf 84' lang='grc' dir='ltr'>αύτοῦ;</span> <span class='ocrx_word' id='word_1_159' title='bbox 3339 1528 3400 1580; x_wconf 83' lang='grc' dir='ltr'>Εἰ</span> <span class='ocrx_word' id='word_1_160' title='bbox 3446 1525 3506 1579; x_wconf 84' lang='grc' dir='ltr'><strong>δὲ</strong></span> <span class='ocrx_word' id='word_1_161' title='bbox 3550 1526 3690 1588; x_wconf 72' lang='grc' dir='ltr'>Θεὸς</span> <span class='ocrx_word' id='word_1_162' title='bbox 3745 1520 3817 1594; x_wconf 77' lang='grc' dir='ltr'>ἦν</span> <span class='ocrx_word' id='word_1_163' title='bbox 3865 1526 3914 1574; x_wconf 80' lang='grc' dir='ltr'>ἐν</span> 
     </span>
    </p>
   </div>
   <div class='ocr_carea' id='block_1_26' title="bbox 641 1613 2227 1704">
    <p class='ocr_par' dir='ltr' id='par_1_26' title="bbox 641 1625 2215 1704">
     <span class='ocr_line' id='line_1_26' title="bbox 641 1625 2215 1704; baseline -0.013 -7"><span class='ocrx_word' id='word_1_164' title='bbox 641 1642 846 1697; x_wconf 72' lang='lat' dir='ltr'><strong>tionem</strong></span> <span class='ocrx_word' id='word_1_165' title='bbox 895 1638 962 1692; x_wconf 88' lang='lat' dir='ltr'><strong>ad</strong></span> <span class='ocrx_word' id='word_1_166' title='bbox 1023 1635 1342 1704; x_wconf 89' lang='lat' dir='ltr'><strong>dignitatem</strong></span> <span class='ocrx_word' id='word_1_167' title='bbox 1397 1627 1685 1698; x_wconf 69' lang='lat' dir='ltr'><strong>cxmquat?</strong></span> <span class='ocrx_word' id='word_1_168' title='bbox 1739 1626 1795 1679; x_wconf 90' lang='lat' dir='ltr'><strong>Si</strong></span> <span class='ocrx_word' id='word_1_169' title='bbox 1842 1637 2018 1679; x_wconf 90' lang='lat' dir='ltr'><strong>autem</strong></span> <span class='ocrx_word' id='word_1_170' title='bbox 2077 1625 2215 1677; x_wconf 85' lang='lat' dir='ltr'><strong>Deus</strong></span> 
     </span>
    </p>
   </div>
   <div class='ocr_carea' id='block_1_27' title="bbox 2343 1613 3915 1704">
    <p class='ocr_par' dir='ltr' id='par_1_27' title="bbox 2343 1613 3915 1698">
     <span class='ocr_line' id='line_1_27' title="bbox 2343 1613 3915 1698; baseline -0.011 -22"><span class='ocrx_word' id='word_1_171' title='bbox 2343 1627 2483 1698; x_wconf 71' lang='grc' dir='ltr'>ιαρκὶ</span> <span class='ocrx_word' id='word_1_172' title='bbox 2524 1628 2552 1678; x_wconf 84' lang='grc' dir='ltr'>ὁ</span> <span class='ocrx_word' id='word_1_173' title='bbox 2595 1624 2813 1678; x_wconf 82' lang='grc' dir='ltr'>πάντων</span> <span class='ocrx_word' id='word_1_174' title='bbox 2858 1621 3187 1690; x_wconf 77' lang='grc' dir='ltr'><strong>ἀξιώτερος,</strong></span> <span class='ocrx_word' id='word_1_175' title='bbox 3237 1617 3539 1686; x_wconf 75' lang='grc' dir='ltr'><strong>ἀξιόχρεως</strong></span> <span class='ocrx_word' id='word_1_176' title='bbox 3574 1615 3610 1683; x_wconf 76' lang='grc' dir='ltr'>ἡ</span> <span class='ocrx_word' id='word_1_177' title='bbox 3644 1613 3915 1682; x_wconf 60' lang='grc' dir='ltr'>λύτρωσις</span> 
     </span>
    </p>
   </div>
   <div class='ocr_carea' id='block_1_28' title="bbox 642 1703 2227 1794">
    <p class='ocr_par' dir='ltr' id='par_1_28' title="bbox 642 1718 2217 1794">
     <span class='ocr_line' id='line_1_28' title="bbox 642 1718 2217 1794; baseline -0.012 -9"><span class='ocrx_word' id='word_1_178' title='bbox 642 1742 758 1786; x_wconf 85' lang='lat' dir='ltr'><strong>erat</strong></span> <span class='ocrx_word' id='word_1_179' title='bbox 789 1731 840 1784; x_wconf 92' lang='lat' dir='ltr'><strong>in</strong></span> <span class='ocrx_word' id='word_1_180' title='bbox 866 1741 1052 1794; x_wconf 89' lang='lat' dir='ltr'><strong>carne,</strong></span> <span class='ocrx_word' id='word_1_181' title='bbox 1085 1725 1175 1794; x_wconf 86' lang='lat' dir='ltr'><strong>qui</strong></span> <span class='ocrx_word' id='word_1_182' title='bbox 1207 1723 1549 1791; x_wconf 83' lang='lat' dir='ltr'><strong>undiquaque</strong></span> <span class='ocrx_word' id='word_1_183' title='bbox 1567 1718 1916 1788; x_wconf 82' lang='lat' dir='ltr'><strong>dignissimus</strong></span> <span class='ocrx_word' id='word_1_184' title='bbox 1941 1726 2044 1780; x_wconf 88' lang='lat' dir='ltr'><strong>est,</strong></span> <span class='ocrx_word' id='word_1_185' title='bbox 2085 1729 2217 1769; x_wconf 81' lang='lat' dir='ltr'><strong>sane</strong></span> 
     </span>
    </p>
   </div>
   <div class='ocr_carea' id='block_1_29' title="bbox 2343 1703 3918 1794">
    <p class='ocr_par' dir='ltr' id='par_1_29' title="bbox 2343 1703 3918 1787">
     <span class='ocr_line' id='line_1_29' title="bbox 2343 1703 3918 1787; baseline -0.01 -20"><span class='ocrx_word' id='word_1_186' title='bbox 2343 1717 2414 1772; x_wconf 68' lang='grc' dir='ltr'><strong>τοῦ</strong></span> <span class='ocrx_word' id='word_1_187' title='bbox 2446 1718 2654 1787; x_wconf 77' lang='grc' dir='ltr'>κόσμου</span> <span class='ocrx_word' id='word_1_188' title='bbox 2681 1714 2884 1778; x_wconf 77' lang='grc' dir='ltr'>παντὸς</span> <span class='ocrx_word' id='word_1_189' title='bbox 2914 1713 3002 1767; x_wconf 69' lang='grc' dir='ltr'><strong>διὰ</strong></span> <span class='ocrx_word' id='word_1_190' title='bbox 3029 1710 3126 1765; x_wconf 77' lang='grc' dir='ltr'><strong>τοῦ</strong></span> <span class='ocrx_word' id='word_1_191' title='bbox 3160 1710 3290 1764; x_wconf 76' lang='grc' dir='ltr'>ἰδίου</span> <span class='ocrx_word' id='word_1_192' title='bbox 3315 1709 3553 1778; x_wconf 80' lang='grc' dir='ltr'>αἵματος</span> <span class='ocrx_word' id='word_1_193' title='bbox 3578 1706 3674 1775; x_wconf 79' lang='grc' dir='ltr'><strong>εἴη</strong></span> <span class='ocrx_word' id='word_1_194' title='bbox 3707 1703 3803 1770; x_wconf 81' lang='grc' dir='ltr'>ἂν,</span> <span class='ocrx_word' id='word_1_195' title='bbox 3831 1707 3918 1756; x_wconf 75' lang='grc' dir='ltr'><strong>καὶ</strong></span> 
     </span>
    </p>
   </div>
   <div class='ocr_carea' id='block_1_30' title="bbox 643 1807 2227 1886">
    <p class='ocr_par' dir='ltr' id='par_1_30' title="bbox 643 1807 2214 1886">
     <span class='ocr_line' id='line_1_30' title="bbox 643 1807 2214 1886; baseline -0.011 -10"><span class='ocrx_word' id='word_1_196' title='bbox 643 1820 1140 1876; x_wconf 83' lang='lat' dir='ltr'><strong>cumulatissimum</strong></span> <span class='ocrx_word' id='word_1_197' title='bbox 1161 1832 1259 1886; x_wconf 84' lang='lat' dir='ltr'><strong>per</strong></span> <span class='ocrx_word' id='word_1_198' title='bbox 1282 1814 1426 1868; x_wconf 90' lang='lat' dir='ltr'><strong>illius</strong></span> <span class='ocrx_word' id='word_1_199' title='bbox 1465 1811 1782 1882; x_wconf 86' lang='lat' dir='ltr'><strong>sanguinem</strong></span> <span class='ocrx_word' id='word_1_200' title='bbox 1830 1807 2062 1877; x_wconf 80' lang='lat' dir='ltr'><strong>pretium</strong></span> <span class='ocrx_word' id='word_1_201' title='bbox 2117 1819 2214 1875; x_wconf 85' lang='lat' dir='ltr'><strong>pro</strong></span> 
     </span>
    </p>
   </div>
   <div class='ocr_carea' id='block_1_31' title="bbox 2343 1807 2746 1886">
    <p class='ocr_par' dir='ltr' id='par_1_31' title="bbox 2343 1809 2746 1872">
     <span class='ocr_line' id='line_1_31' title="bbox 2343 1809 2746 1872; baseline -0.007 -10"><span class='ocrx_word' id='word_1_202' title='bbox 2343 1811 2465 1865; x_wconf 82' lang='grc' dir='ltr'><strong>ιάλα</strong></span> <span class='ocrx_word' id='word_1_203' title='bbox 2501 1809 2746 1872; x_wconf 80' lang='grc' dir='ltr'><strong>εἰκότως.</strong></span> 
     </span>
    </p>
   </div>
   <div class='ocr_carea' id='block_1_32' title="bbox 643 1894 2213 1970">
    <p class='ocr_par' dir='ltr' id='par_1_32' title="bbox 643 1894 2213 1970">
     <span class='ocr_line' id='line_1_32' title="bbox 643 1894 2213 1970; baseline -0.012 -3"><span class='ocrx_word' id='word_1_204' title='bbox 643 1914 812 1968; x_wconf 82' lang='lat' dir='ltr'><strong>totius</strong></span> <span class='ocrx_word' id='word_1_205' title='bbox 867 1909 1052 1966; x_wconf 86' lang='lat' dir='ltr'><strong>mundi</strong></span> <span class='ocrx_word' id='word_1_206' title='bbox 1122 1906 1299 1963; x_wconf 84' lang='lat' dir='ltr'><strong>salute</strong></span> <span class='ocrx_word' id='word_1_207' title='bbox 1330 1906 1630 1970; x_wconf 83' lang='lat' dir='ltr'><strong>impensum</strong></span> <span class='ocrx_word' id='word_1_208' title='bbox 1672 1906 1778 1964; x_wconf 90' lang='lat' dir='ltr'><strong>est,</strong></span> <span class='ocrx_word' id='word_1_209' title='bbox 1840 1909 1896 1951; x_wconf 89' lang='lat' dir='ltr'><strong>et</strong></span> <span class='ocrx_word' id='word_1_210' title='bbox 1935 1895 2068 1951; x_wconf 81' lang='lat' dir='ltr'><strong>satis</strong></span> <span class='ocrx_word' id='word_1_211' title='bbox 2118 1894 2213 1950; x_wconf 86' lang='lat' dir='ltr'><strong>de-</strong></span> 
     </span>
    </p>
   </div>
   <div class='ocr_carea' id='block_1_33' title="bbox 643 2010 852 2062">
    <p class='ocr_par' dir='ltr' id='par_1_33' title="bbox 643 2010 852 2062">
     <span class='ocr_line' id='line_1_33' title="bbox 643 2010 852 2062; baseline -0.029 0"><span class='ocrx_word' id='word_1_212' title='bbox 643 2010 852 2062; x_wconf 81' lang='lat' dir='ltr'><strong>center.</strong></span> 
     </span>
    </p>
   </div>
   <div class='ocr_carea' id='block_1_34' title="bbox 741 2088 2227 2182">
    <p class='ocr_par' dir='ltr' id='par_1_34' title="bbox 741 2101 2115 2182">
     <span class='ocr_line' id='line_1_34' title="bbox 741 2101 2115 2182; baseline -0.013 -12"><span class='ocrx_word' id='word_1_213' title='bbox 741 2118 892 2182; x_wconf 87' lang='lat' dir='ltr'><strong>Quod</strong></span> <span class='ocrx_word' id='word_1_214' title='bbox 925 2115 1118 2171; x_wconf 79' lang='lat' dir='ltr'><strong>Christi</strong></span> <span class='ocrx_word' id='word_1_215' title='bbox 1153 2128 1289 2165; x_wconf 71' lang='lat' dir='ltr'><strong>mors</strong></span> <span class='ocrx_word' id='word_1_216' title='bbox 1321 2109 1513 2162; x_wconf 81' lang='lat' dir='ltr'><strong>mundo</strong></span> <span class='ocrx_word' id='word_1_217' title='bbox 1543 2105 1797 2160; x_wconf 77' lang='lat' dir='ltr'><strong>sal-utaris</strong></span> <span class='ocrx_word' id='word_1_218' title='bbox 1836 2101 2115 2157; x_wconf 73' lang='lat' dir='ltr'><strong>exstiterit.</strong></span> 
     </span>
    </p>
   </div>
   <div class='ocr_carea' id='block_1_35' title="bbox 2343 2088 3877 2182">
    <p class='ocr_par' dir='ltr' id='par_1_35' title="bbox 2389 2088 3877 2169">
     <span class='ocr_line' id='line_1_35' title="bbox 2389 2088 3877 2169; baseline -0.008 -15"><span class='ocrx_word' id='word_1_219' title='bbox 2389 2103 2516 2154; x_wconf 73' lang='lat' dir='ltr'><strong>&quot;Ott</strong></span> <span class='ocrx_word' id='word_1_220' title='bbox 2546 2104 2578 2156; x_wconf 86' lang='grc' dir='ltr'><strong><em>ὁ</em></strong></span> <span class='ocrx_word' id='word_1_221' title='bbox 2612 2098 2873 2169; x_wconf 79' lang='grc' dir='ltr'>Χριστοῦ</span> <span class='ocrx_word' id='word_1_222' title='bbox 2902 2097 3160 2162; x_wconf 75' lang='grc' dir='ltr'>θάνατος</span> <span class='ocrx_word' id='word_1_223' title='bbox 3187 2092 3266 2159; x_wconf 83' lang='grc' dir='ltr'>τῷ</span> <span class='ocrx_word' id='word_1_224' title='bbox 3294 2093 3506 2161; x_wconf 76' lang='grc' dir='ltr'>κόσμῳ</span> <span class='ocrx_word' id='word_1_225' title='bbox 3543 2088 3877 2157; x_wconf 77' lang='grc' dir='ltr'>σωτήριος.</span> 
     </span>
    </p>
   </div>
   <div class='ocr_carea' id='block_1_36' title="bbox 1041 2187 2227 2292">
    <p class='ocr_par' dir='ltr' id='par_1_36' title="bbox 1041 2215 1831 2292">
     <span class='ocr_line' id='line_1_36' title="bbox 1041 2215 1831 2292; baseline -0.015 -12"><span class='ocrx_word' id='word_1_226' title='bbox 1041 2225 1124 2280; x_wconf 79' lang='lat' dir='ltr'><strong>Ea:</strong></span> <span class='ocrx_word' id='word_1_227' title='bbox 1167 2223 1405 2292; x_wconf 73' lang='lat' dir='ltr'><strong>Epistola</strong></span> <span class='ocrx_word' id='word_1_228' title='bbox 1440 2224 1505 2274; x_wconf 85' lang='lat' dir='ltr'><strong>nd</strong></span> <span class='ocrx_word' id='word_1_229' title='bbox 1548 2215 1831 2272; x_wconf 80' lang='lat' dir='ltr'><strong>Ronmnos.</strong></span> 
     </span>
    </p>
   </div>
   <div class='ocr_carea' id='block_1_37' title="bbox 2343 2187 3524 2292">
    <p class='ocr_par' dir='ltr' id='par_1_37' title="bbox 2726 2187 3524 2281">
     <span class='ocr_line' id='line_1_37' title="bbox 2726 2187 3524 2281; baseline -0.013 -14"><span class='ocrx_word' id='word_1_230' title='bbox 2726 2215 2820 2267; x_wconf 81' lang='grc' dir='ltr'>Ἐκ</span> <span class='ocrx_word' id='word_1_231' title='bbox 2849 2212 2960 2281; x_wconf 87' lang='grc' dir='ltr'>τῆς</span> <span class='ocrx_word' id='word_1_232' title='bbox 2985 2210 3136 2279; x_wconf 69' lang='grc' dir='ltr'>πρὸς</span> <span class='ocrx_word' id='word_1_233' title='bbox 3173 2187 3524 2277; x_wconf 62' lang='grc' dir='ltr'>Ῥωμαίους.</span> 
     </span>
    </p>
   </div>
   <div class='ocr_carea' id='block_1_38' title="bbox 2399 2317 3926 2397">
    <p class='ocr_par' dir='ltr' id='par_1_38' title="bbox 2399 2317 3926 2397">
     <span class='ocr_line' id='line_1_38' title="bbox 2399 2317 3926 2397; baseline -0.009 -18"><span class='ocrx_word' id='word_1_234' title='bbox 2399 2348 2415 2379; x_wconf 84' lang='grc' dir='ltr'><strong>ι</strong></span> <span class='ocrx_word' id='word_1_235' title='bbox 2450 2324 2741 2397; x_wconf 80' lang='grc' dir='ltr'>Συνίστησι</span> <span class='ocrx_word' id='word_1_236' title='bbox 2785 2325 2841 2377; x_wconf 83' lang='grc' dir='ltr'>δὲ</span> <span class='ocrx_word' id='word_1_237' title='bbox 2890 2324 2990 2394; x_wconf 74' lang='grc' dir='ltr'>τὴν</span> <span class='ocrx_word' id='word_1_238' title='bbox 3040 2319 3235 2375; x_wconf 79' lang='grc' dir='ltr'>ἑαυτοῦ</span> <span class='ocrx_word' id='word_1_239' title='bbox 3282 2318 3508 2388; x_wconf 82' lang='grc' dir='ltr'>ἀγάπην</span> <span class='ocrx_word' id='word_1_240' title='bbox 3556 2317 3645 2380; x_wconf 87' lang='grc' dir='ltr'><strong>εἰς</strong></span> <span class='ocrx_word' id='word_1_241' title='bbox 3701 2317 3856 2386; x_wconf 81' lang='grc' dir='ltr'>ἡμᾶς</span> <span class='ocrx_word' id='word_1_242' title='bbox 3901 2317 3926 2366; x_wconf 80' lang='grc' dir='ltr'>ὁ</span> 
     </span>
    </p>
   </div>
   <div class='ocr_carea' id='block_1_39' title="bbox 2322 2406 3925 2486">
    <p class='ocr_par' dir='ltr' id='par_1_39' title="bbox 2322 2406 3925 2486">
     <span class='ocr_line' id='line_1_39' title="bbox 2322 2406 3925 2486; baseline -0.012 -11"><span class='ocrx_word' id='word_1_243' title='bbox 2322 2418 2475 2485; x_wconf 67' lang='grc' dir='ltr'>Θεὸς,</span> <span class='ocrx_word' id='word_1_244' title='bbox 2507 2421 2590 2474; x_wconf 83' lang='grc' dir='ltr'>ὅτι</span> <span class='ocrx_word' id='word_1_245' title='bbox 2625 2419 2703 2470; x_wconf 77' lang='grc' dir='ltr'><strong>ἔτι</strong></span> <span class='ocrx_word' id='word_1_246' title='bbox 2732 2414 3076 2486; x_wconf 84' lang='grc' dir='ltr'>ἁμαρτωλῶν</span> <span class='ocrx_word' id='word_1_247' title='bbox 3105 2413 3276 2465; x_wconf 79' lang='grc' dir='ltr'>ὅντων</span> <span class='ocrx_word' id='word_1_248' title='bbox 3298 2409 3480 2481; x_wconf 81' lang='grc' dir='ltr'>ἡμῶν,</span> <span class='ocrx_word' id='word_1_249' title='bbox 3507 2407 3764 2479; x_wconf 70' lang='grc' dir='ltr'>Χριστος</span> <span class='ocrx_word' id='word_1_250' title='bbox 3791 2406 3925 2475; x_wconf 70' lang='grc' dir='ltr'>ὑπὲρ</span> 
     </span>
    </p>
   </div>
   <div class='ocr_carea' id='block_1_40' title="bbox 2324 2496 3925 2583">
    <p class='ocr_par' dir='ltr' id='par_1_40' title="bbox 2324 2496 3925 2583">
     <span class='ocr_line' id='line_1_40' title="bbox 2324 2496 3925 2583; baseline -0.013 -17"><span class='ocrx_word' id='word_1_251' title='bbox 2324 2510 2483 2583; x_wconf 77' lang='grc' dir='ltr'>ἡμῶν</span> <span class='ocrx_word' id='word_1_252' title='bbox 2517 2509 2775 2565; x_wconf 82' lang='grc' dir='ltr'>ἀπέθανε.</span> <span class='ocrx_word' id='word_1_253' title='bbox 2804 2504 2990 2576; x_wconf 77' lang='grc' dir='ltr'><strong>[10).λῴ</strong></span> <span class='ocrx_word' id='word_1_254' title='bbox 3018 2499 3111 2558; x_wconf 73' lang='grc' dir='ltr'><strong>οὖν</strong></span> <span class='ocrx_word' id='word_1_255' title='bbox 3157 2502 3356 2575; x_wconf 77' lang='grc' dir='ltr'>μᾶλλον</span> <span class='ocrx_word' id='word_1_256' title='bbox 3380 2499 3786 2562; x_wconf 75' lang='grc' dir='ltr'>δικαιωθέντες</span> <span class='ocrx_word' id='word_1_257' title='bbox 3838 2496 3925 2548; x_wconf 77' lang='grc' dir='ltr'>νῦν</span> 
     </span>
    </p>
   </div>
   <div class='ocr_carea' id='block_1_41' title="bbox 2326 2590 3927 2674">
    <p class='ocr_par' dir='ltr' id='par_1_41' title="bbox 2326 2590 3927 2674">
     <span class='ocr_line' id='line_1_41' title="bbox 2326 2590 3927 2674; baseline -0.011 -16"><span class='ocrx_word' id='word_1_258' title='bbox 2326 2607 2384 2658; x_wconf 82' lang='grc' dir='ltr'>ὲν</span> <span class='ocrx_word' id='word_1_259' title='bbox 2435 2603 2512 2674; x_wconf 85' lang='grc' dir='ltr'>τῷ</span> <span class='ocrx_word' id='word_1_260' title='bbox 2567 2598 2761 2671; x_wconf 71' lang='grc' dir='ltr'>αἵματι</span> <span class='ocrx_word' id='word_1_261' title='bbox 2791 2596 2978 2660; x_wconf 77' lang='grc' dir='ltr'>αὐτοῦ,</span> <span class='ocrx_word' id='word_1_262' title='bbox 3009 2592 3372 2665; x_wconf 79' lang='grc' dir='ltr'>σωθησόμεθα</span> <span class='ocrx_word' id='word_1_263' title='bbox 3395 2592 3464 2645; x_wconf 81' lang='grc' dir='ltr'>δι’</span> <span class='ocrx_word' id='word_1_264' title='bbox 3491 2591 3670 2644; x_wconf 74' lang='grc' dir='ltr'>αὐτοῦ</span> <span class='ocrx_word' id='word_1_265' title='bbox 3709 2590 3818 2643; x_wconf 78' lang='grc' dir='ltr'><strong>ἀπὸ</strong></span> <span class='ocrx_word' id='word_1_266' title='bbox 3839 2590 3927 2657; x_wconf 72' lang='grc' dir='ltr'>τῆς</span> 
     </span>
    </p>
   </div>
   <div class='ocr_carea' id='block_1_42' title="bbox 2326 2681 3928 2768">
    <p class='ocr_par' dir='ltr' id='par_1_42' title="bbox 2326 2681 3928 2768">
     <span class='ocr_line' id='line_1_42' title="bbox 2326 2681 3928 2768; baseline -0.011 -19"><span class='ocrx_word' id='word_1_267' title='bbox 2326 2697 2513 2768; x_wconf 80' lang='grc' dir='ltr'>ὀργῆς.</span> <span class='ocrx_word' id='word_1_268' title='bbox 2547 2714 2565 2746; x_wconf 75' lang='grc' dir='ltr'><strong>ι</strong></span> <span class='ocrx_word' id='word_1_269' title='bbox 2598 2694 2705 2746; x_wconf 68' lang='grc' dir='ltr'><strong>Καὶ</strong></span> <span class='ocrx_word' id='word_1_270' title='bbox 2739 2691 2919 2744; x_wconf 73' lang='grc' dir='ltr'>πάλιψ</span> <span class='ocrx_word' id='word_1_271' title='bbox 2943 2709 2960 2741; x_wconf 79' lang='grc' dir='ltr'><strong>ι</strong></span> <span class='ocrx_word' id='word_1_272' title='bbox 2983 2690 3044 2741; x_wconf 85' lang='grc' dir='ltr'>Εἰ</span> <span class='ocrx_word' id='word_1_273' title='bbox 3079 2689 3186 2757; x_wconf 85' lang='grc' dir='ltr'>γὰρ</span> <span class='ocrx_word' id='word_1_274' title='bbox 3217 2685 3403 2755; x_wconf 75' lang='grc' dir='ltr'>ἐχθροὶ</span> <span class='ocrx_word' id='word_1_275' title='bbox 3439 2684 3628 2747; x_wconf 74' lang='grc' dir='ltr'>ὄντες,</span> <span class='ocrx_word' id='word_1_276' title='bbox 3664 2681 3928 2750; x_wconf 63' lang='grc' dir='ltr'>κατηλλά-</span> 
     </span>
    </p>
   </div>
   <div class='ocr_carea' id='block_1_43' title="bbox 2328 2773 3928 2860">
    <p class='ocr_par' dir='ltr' id='par_1_43' title="bbox 2328 2773 3928 2860">
     <span class='ocr_line' id='line_1_43' title="bbox 2328 2773 3928 2860; baseline -0.012 -17"><span class='ocrx_word' id='word_1_277' title='bbox 2328 2807 2504 2860; x_wconf 86' lang='grc' dir='ltr'>γημεν</span> <span class='ocrx_word' id='word_1_278' title='bbox 2549 2786 2625 2856; x_wconf 78' lang='grc' dir='ltr'><strong>τῷ</strong></span> <span class='ocrx_word' id='word_1_279' title='bbox 2671 2784 2790 2853; x_wconf 78' lang='grc' dir='ltr'><strong>θεῷ</strong></span> <span class='ocrx_word' id='word_1_280' title='bbox 2831 2783 2919 2836; x_wconf 80' lang='grc' dir='ltr'><strong>διὰ</strong></span> <span class='ocrx_word' id='word_1_281' title='bbox 2964 2781 3061 2835; x_wconf 79' lang='grc' dir='ltr'>τοῦ</span> <span class='ocrx_word' id='word_1_282' title='bbox 3111 2779 3344 2833; x_wconf 84' lang='grc' dir='ltr'>θανάτου</span> <span class='ocrx_word' id='word_1_283' title='bbox 3396 2775 3495 2830; x_wconf 78' lang='grc' dir='ltr'>τοῦ</span> <span class='ocrx_word' id='word_1_284' title='bbox 3554 2776 3702 2829; x_wconf 83' lang='grc' dir='ltr'>Υἱοῦ</span> <span class='ocrx_word' id='word_1_285' title='bbox 3751 2773 3928 2832; x_wconf 67' lang='grc' dir='ltr'>αὐτοῦ,</span> 
     </span>
    </p>
   </div>
   <div class='ocr_carea' id='block_1_44' title="bbox 2329 2866 3929 2948">
    <p class='ocr_par' dir='ltr' id='par_1_44' title="bbox 2329 2866 3929 2948">
     <span class='ocr_line' id='line_1_44' title="bbox 2329 2866 3929 2948; baseline -0.011 -15"><span class='ocrx_word' id='word_1_286' title='bbox 2329 2879 2507 2948; x_wconf 75' lang='grc' dir='ltr'>πολλῷ</span> <span class='ocrx_word' id='word_1_287' title='bbox 2541 2877 2740 2948; x_wconf 74' lang='grc' dir='ltr'>μᾶλλον</span> <span class='ocrx_word' id='word_1_288' title='bbox 2772 2872 3207 2941; x_wconf 75' lang='grc' dir='ltr'>καταλλαγέντες</span> <span class='ocrx_word' id='word_1_289' title='bbox 3232 2867 3610 2940; x_wconf 74' lang='grc' dir='ltr'>σωθησόμεθα</span> <span class='ocrx_word' id='word_1_290' title='bbox 3629 2869 3694 2919; x_wconf 80' lang='grc' dir='ltr'>ἐν</span> <span class='ocrx_word' id='word_1_291' title='bbox 3727 2869 3793 2936; x_wconf 81' lang='grc' dir='ltr'>τῇ</span> <span class='ocrx_word' id='word_1_292' title='bbox 3826 2866 3929 2931; x_wconf 67' lang='grc' dir='ltr'><strong>ζωῇ</strong></span> 
     </span>
    </p>
   </div>
   <div class='ocr_carea' id='block_1_45' title="bbox 656 2957 2227 3054">
    <p class='ocr_par' dir='ltr' id='par_1_45' title="bbox 656 2957 2224 3054">
     <span class='ocr_line' id='line_1_45' title="bbox 656 2957 2224 3054; baseline -0.018 -14"><span class='ocrx_word' id='word_1_293' title='bbox 656 2989 765 3040; x_wconf 87' lang='lat' dir='ltr'><strong>vita</strong></span> <span class='ocrx_word' id='word_1_294' title='bbox 796 2957 963 3054; x_wconf 72' lang='lat' dir='ltr'><strong>ipsius</strong></span> <span class='ocrx_word' id='word_1_295' title='bbox 988 2982 1054 3034; x_wconf 64' lang='lat'><strong>7‘.</strong></span> <span class='ocrx_word' id='word_1_296' title='bbox 1096 2999 1112 3031; x_wconf 77' lang='grc' dir='ltr'><strong>ι</strong></span> <span class='ocrx_word' id='word_1_297' title='bbox 1155 2978 1208 3031; x_wconf 87' lang='lat' dir='ltr'><strong>Si</strong></span> <span class='ocrx_word' id='word_1_298' title='bbox 1242 2975 1475 3030; x_wconf 89' lang='lat' dir='ltr'><strong>mundus</strong></span> <span class='ocrx_word' id='word_1_299' title='bbox 1507 2972 1664 3024; x_wconf 85' lang='lat' dir='ltr'><strong>aliter</strong></span> <span class='ocrx_word' id='word_1_300' title='bbox 1690 2983 1851 3037; x_wconf 87' lang='lat' dir='ltr'><strong>quam</strong></span> <span class='ocrx_word' id='word_1_301' title='bbox 1903 2979 1996 3033; x_wconf 90' lang='lat' dir='ltr'><strong>per</strong></span> <span class='ocrx_word' id='word_1_302' title='bbox 2021 2961 2224 3016; x_wconf 86' lang='lat' dir='ltr'><strong>Christi</strong></span> 
     </span>
    </p>
   </div>
   <div class='ocr_carea' id='block_1_46' title="bbox 2343 2957 3930 3054">
    <p class='ocr_par' dir='ltr' id='par_1_46' title="bbox 2343 2957 3930 3035">
     <span class='ocr_line' id='line_1_46' title="bbox 2343 2957 3930 3035; baseline -0.012 -10"><span class='ocrx_word' id='word_1_303' title='bbox 2343 2971 2516 3025; x_wconf 70' lang='grc' dir='ltr'>κὺτοῦ.</span> <span class='ocrx_word' id='word_1_304' title='bbox 2551 2989 2568 3022; x_wconf 83' lang='grc'>›</span> <span class='ocrx_word' id='word_1_305' title='bbox 2607 2965 2813 3022; x_wconf 78' lang='grc' dir='ltr'>Οὐκοῦν</span> <span class='ocrx_word' id='word_1_306' title='bbox 2843 2967 2889 3017; x_wconf 91' lang='grc' dir='ltr'><strong>εἰ</strong></span> <span class='ocrx_word' id='word_1_307' title='bbox 2927 2964 3000 3035; x_wconf 79' lang='grc' dir='ltr'>μὴ</span> <span class='ocrx_word' id='word_1_308' title='bbox 3029 2963 3233 3032; x_wconf 76' lang='grc' dir='ltr'>ἑτέρως</span> <span class='ocrx_word' id='word_1_309' title='bbox 3271 2957 3338 3032; x_wconf 84' lang='grc' dir='ltr'>ἦν</span> <span class='ocrx_word' id='word_1_310' title='bbox 3389 2959 3683 3023; x_wconf 74' lang='grc' dir='ltr'>σώζεσθαι</span> <span class='ocrx_word' id='word_1_311' title='bbox 3718 2959 3813 3011; x_wconf 67' lang='grc' dir='ltr'>τὸν</span> <span class='ocrx_word' id='word_1_312' title='bbox 3847 2959 3930 3007; x_wconf 69' lang='grc' dir='ltr'>κό-</span> 
     </span>
    </p>
   </div>
   <div class='ocr_carea' id='block_1_47' title="bbox 655 3051 2227 3145">
    <p class='ocr_par' dir='ltr' id='par_1_47' title="bbox 655 3051 2227 3145">
     <span class='ocr_line' id='line_1_47' title="bbox 655 3051 2227 3145; baseline -0.02 -14"><span class='ocrx_word' id='word_1_313' title='bbox 655 3078 971 3145; x_wconf 82' lang='lat' dir='ltr'><strong>sanguinem</strong></span> <span class='ocrx_word' id='word_1_314' title='bbox 1003 3083 1057 3126; x_wconf 90' lang='lat' dir='ltr'><strong>ct</strong></span> <span class='ocrx_word' id='word_1_315' title='bbox 1083 3081 1312 3123; x_wconf 90' lang='lat' dir='ltr'><strong>mortem</strong></span> <span class='ocrx_word' id='word_1_316' title='bbox 1355 3064 1531 3118; x_wconf 84' lang='lat' dir='ltr'><strong>divina</strong></span> <span class='ocrx_word' id='word_1_317' title='bbox 1583 3057 1988 3128; x_wconf 74' lang='lat' dir='ltr'><strong>dispensatione</strong></span> <span class='ocrx_word' id='word_1_318' title='bbox 2026 3051 2227 3106; x_wconf 85' lang='lat' dir='ltr'><strong>saluta-</strong></span> 
     </span>
    </p>
   </div>
   <div class='ocr_carea' id='block_1_48' title="bbox 2343 3051 3931 3145">
    <p class='ocr_par' dir='ltr' id='par_1_48' title="bbox 2343 3051 3931 3133">
     <span class='ocr_line' id='line_1_48' title="bbox 2343 3051 3931 3133; baseline -0.011 -17"><span class='ocrx_word' id='word_1_319' title='bbox 2343 3081 2488 3133; x_wconf 72' lang='grc' dir='ltr'>σμον,</span> <span class='ocrx_word' id='word_1_320' title='bbox 2519 3064 2566 3114; x_wconf 88' lang='grc' dir='ltr'><strong>εἰ</strong></span> <span class='ocrx_word' id='word_1_321' title='bbox 2601 3060 2677 3132; x_wconf 71' lang='grc' dir='ltr'>μὴ</span> <span class='ocrx_word' id='word_1_322' title='bbox 2714 3061 2771 3111; x_wconf 84' lang='grc' dir='ltr'>ὲν</span> <span class='ocrx_word' id='word_1_323' title='bbox 2819 3060 3010 3128; x_wconf 82' lang='grc' dir='ltr'>αἵματι</span> <span class='ocrx_word' id='word_1_324' title='bbox 3045 3057 3141 3108; x_wconf 76' lang='grc' dir='ltr'><strong>καί</strong></span> <span class='ocrx_word' id='word_1_325' title='bbox 3168 3053 3385 3122; x_wconf 83' lang='grc' dir='ltr'>θανάτῳ</span> <span class='ocrx_word' id='word_1_326' title='bbox 3418 3051 3726 3121; x_wconf 74' lang='grc' dir='ltr'>χρησίμως</span> <span class='ocrx_word' id='word_1_327' title='bbox 3757 3066 3931 3117; x_wconf 76' lang='grc' dir='ltr'>παρα-</span> 
     </span>
    </p>
   </div>
   <div class='ocr_carea' id='block_1_49' title="bbox 662 3140 2227 3233">
    <p class='ocr_par' dir='ltr' id='par_1_49' title="bbox 662 3147 2225 3233">
     <span class='ocr_line' id='line_1_49' title="bbox 662 3147 2225 3233; baseline -0.02 -8"><span class='ocrx_word' id='word_1_328' title='bbox 662 3173 792 3225; x_wconf 86' lang='lat' dir='ltr'><strong>rilcr</strong></span> <span class='ocrx_word' id='word_1_329' title='bbox 829 3175 1133 3233; x_wconf 89' lang='lat' dir='ltr'><strong>susceptam</strong></span> <span class='ocrx_word' id='word_1_330' title='bbox 1169 3170 1389 3230; x_wconf 81' lang='lat' dir='ltr'><strong>propter</strong></span> <span class='ocrx_word' id='word_1_331' title='bbox 1425 3153 1853 3225; x_wconf 73' lang='lat' dir='ltr'><strong>praecedentium</strong></span> <span class='ocrx_word' id='word_1_332' title='bbox 1907 3147 2225 3200; x_wconf 80' lang='lat' dir='ltr'><strong>delictorum</strong></span> 
     </span>
    </p>
   </div>
   <div class='ocr_carea' id='block_1_50' title="bbox 2343 3140 3932 3233">
    <p class='ocr_par' dir='ltr' id='par_1_50' title="bbox 2343 3140 3932 3225">
     <span class='ocr_line' id='line_1_50' title="bbox 2343 3140 3932 3225; baseline -0.011 -20"><span class='ocrx_word' id='word_1_333' title='bbox 2343 3155 2586 3225; x_wconf 73' lang='grc' dir='ltr'>ιηφθὲντι</span> <span class='ocrx_word' id='word_1_334' title='bbox 2614 3192 2627 3215; x_wconf 92' lang='grc'><strong>,</strong></span> <span class='ocrx_word' id='word_1_335' title='bbox 2675 3152 2770 3205; x_wconf 73' lang='grc' dir='ltr'>καὶ</span> <span class='ocrx_word' id='word_1_336' title='bbox 2816 3147 3215 3218; x_wconf 81' lang='grc' dir='ltr'>οἰκονομικῶς,</span> <span class='ocrx_word' id='word_1_337' title='bbox 3266 3144 3354 3197; x_wconf 82' lang='grc' dir='ltr'><strong>διὰ</strong></span> <span class='ocrx_word' id='word_1_338' title='bbox 3395 3143 3495 3212; x_wconf 79' lang='grc' dir='ltr'><strong>τὴν</strong></span> <span class='ocrx_word' id='word_1_339' title='bbox 3535 3144 3789 3213; x_wconf 76' lang='grc' dir='ltr'>πάρεσιν</span> <span class='ocrx_word' id='word_1_340' title='bbox 3833 3140 3932 3191; x_wconf 70' lang='grc' dir='ltr'><strong>τῶν</strong></span> 
     </span>
    </p>
   </div>
   <div class='ocr_carea' id='block_1_51' title="bbox 660 3231 2227 3321">
    <p class='ocr_par' dir='ltr' id='par_1_51' title="bbox 660 3235 2227 3321">
     <span class='ocr_line' id='line_1_51' title="bbox 660 3235 2227 3321; baseline -0.021 -5"><span class='ocrx_word' id='word_1_341' title='bbox 660 3260 1141 3318; x_wconf 69' lang='lat' dir='ltr'><strong>continuationem,</strong></span> <span class='ocrx_word' id='word_1_342' title='bbox 1196 3268 1316 3321; x_wconf 78' lang='lat' dir='ltr'><strong>qua:</strong></span> <span class='ocrx_word' id='word_1_343' title='bbox 1344 3251 1484 3303; x_wconf 87' lang='lat' dir='ltr'><strong>Deus</strong></span> <span class='ocrx_word' id='word_1_344' title='bbox 1519 3245 1862 3302; x_wconf 85' lang='lat' dir='ltr'><strong>toleraverat,</strong></span> <span class='ocrx_word' id='word_1_345' title='bbox 1901 3235 2098 3292; x_wconf 84' lang='lat' dir='ltr'><strong>salvari</strong></span> <span class='ocrx_word' id='word_1_346' title='bbox 2135 3249 2227 3285; x_wconf 85' lang='lat' dir='ltr'><strong>tie--</strong></span> 
     </span>
    </p>
   </div>
   <div class='ocr_carea' id='block_1_52' title="bbox 2343 3231 3930 3321">
    <p class='ocr_par' dir='ltr' id='par_1_52' title="bbox 2343 3231 3930 3316">
     <span class='ocr_line' id='line_1_52' title="bbox 2343 3231 3930 3316; baseline -0.011 -17"><span class='ocrx_word' id='word_1_347' title='bbox 2343 3243 2744 3316; x_wconf 76' lang='grc' dir='ltr'>ττρογεγονότων</span> <span class='ocrx_word' id='word_1_348' title='bbox 2769 3239 3209 3311; x_wconf 83' lang='grc' dir='ltr'>ἁμαρτημάτων,</span> <span class='ocrx_word' id='word_1_349' title='bbox 3239 3238 3295 3287; x_wconf 84' lang='grc' dir='ltr'><strong>ὲν</strong></span> <span class='ocrx_word' id='word_1_350' title='bbox 3329 3237 3395 3304; x_wconf 81' lang='grc' dir='ltr'>τῇ</span> <span class='ocrx_word' id='word_1_351' title='bbox 3439 3236 3619 3303; x_wconf 79' lang='grc' dir='ltr'>ἀνοχῇ</span> <span class='ocrx_word' id='word_1_352' title='bbox 3648 3233 3748 3286; x_wconf 77' lang='grc' dir='ltr'>τοῦ</span> <span class='ocrx_word' id='word_1_353' title='bbox 3779 3231 3930 3285; x_wconf 71' lang='grc' dir='ltr'>Θεοῦ·</span> 
     </span>
    </p>
   </div>
   <div class='ocr_carea' id='block_1_53' title="bbox 660 3322 2227 3423">
    <p class='ocr_par' dir='ltr' id='par_1_53' title="bbox 660 3335 2227 3423">
     <span class='ocr_line' id='line_1_53' title="bbox 660 3335 2227 3423; baseline -0.018 -17"><span class='ocrx_word' id='word_1_354' title='bbox 660 3355 867 3423; x_wconf 84' lang='lat' dir='ltr'><strong>quibat,</strong></span> <span class='ocrx_word' id='word_1_355' title='bbox 897 3366 990 3417; x_wconf 87' lang='lat' dir='ltr'><strong>per</strong></span> <span class='ocrx_word' id='word_1_356' title='bbox 1013 3347 1290 3400; x_wconf 86' lang='lat' dir='ltr'><strong>Christum</strong></span> <span class='ocrx_word' id='word_1_357' title='bbox 1338 3351 1516 3394; x_wconf 81' lang='lat' dir='ltr'><strong>autem</strong></span> <span class='ocrx_word' id='word_1_358' title='bbox 1554 3335 1782 3389; x_wconf 84' lang='lat' dir='ltr'><strong>salu-tem</strong></span> <span class='ocrx_word' id='word_1_359' title='bbox 1812 3344 2001 3386; x_wconf 84' lang='lat' dir='ltr'><strong>sumus</strong></span> <span class='ocrx_word' id='word_1_360' title='bbox 2041 3341 2227 3382; x_wconf 88' lang='lat' dir='ltr'><strong>consc-</strong></span> 
     </span>
    </p>
   </div>
   <div class='ocr_carea' id='block_1_54' title="bbox 2343 3322 3933 3423">
    <p class='ocr_par' dir='ltr' id='par_1_54' title="bbox 2343 3322 3933 3406">
     <span class='ocr_line' id='line_1_54' title="bbox 2343 3322 3933 3406; baseline -0.014 -15"><span class='ocrx_word' id='word_1_361' title='bbox 2343 3335 2657 3406; x_wconf 74' lang='grc' dir='ltr'>σεσώσμεθα</span> <span class='ocrx_word' id='word_1_362' title='bbox 2704 3334 2762 3388; x_wconf 87' lang='grc' dir='ltr'>δὲ</span> <span class='ocrx_word' id='word_1_363' title='bbox 2789 3332 2878 3386; x_wconf 83' lang='grc' dir='ltr'>διὰ</span> <span class='ocrx_word' id='word_1_364' title='bbox 2916 3327 3186 3400; x_wconf 73' lang='grc' dir='ltr'>Χριστοῦ·</span> <span class='ocrx_word' id='word_1_365' title='bbox 3221 3328 3338 3389; x_wconf 80' lang='grc' dir='ltr'><strong>πῶς</strong></span> <span class='ocrx_word' id='word_1_366' title='bbox 3379 3327 3480 3378; x_wconf 84' lang='grc' dir='ltr'><strong>ούκ</strong></span> <span class='ocrx_word' id='word_1_367' title='bbox 3518 3327 3835 3392; x_wconf 85' lang='grc' dir='ltr'>ἀναγκαῖος</span> <span class='ocrx_word' id='word_1_368' title='bbox 3866 3322 3933 3390; x_wconf 69' lang='grc' dir='ltr'>τῷ</span> 
     </span>
    </p>
   </div>
   <div class='ocr_carea' id='block_1_55' title="bbox 668 3419 2227 3510">
    <p class='ocr_par' dir='ltr' id='par_1_55' title="bbox 668 3419 2227 3510">
     <span class='ocr_line' id='line_1_55' title="bbox 668 3419 2227 3510; baseline -0.019 -9"><span class='ocrx_word' id='word_1_369' title='bbox 668 3419 822 3501; x_wconf 67' lang='lat' dir='ltr'><strong>cuti:</strong></span> <span class='ocrx_word' id='word_1_370' title='bbox 866 3438 1136 3510; x_wconf 78' lang='lat' dir='ltr'><strong>quomodo</strong></span> <span class='ocrx_word' id='word_1_371' title='bbox 1193 3429 1588 3489; x_wconf 81' lang='lat' dir='ltr'><strong>incarnationis</strong></span> <span class='ocrx_word' id='word_1_372' title='bbox 1650 3425 1843 3481; x_wconf 89' lang='lat' dir='ltr'><strong>modus</strong></span> <span class='ocrx_word' id='word_1_373' title='bbox 1913 3422 2003 3474; x_wconf 78' lang='lat' dir='ltr'><strong>Dei</strong></span> <span class='ocrx_word' id='word_1_374' title='bbox 2057 3419 2227 3473; x_wconf 81' lang='lat' dir='ltr'><strong>Patris</strong></span> 
     </span>
    </p>
   </div>
   <div class='ocr_carea' id='block_1_56' title="bbox 2343 3419 3934 3510">
    <p class='ocr_par' dir='ltr' id='par_1_56' title="bbox 2343 3419 3934 3496">
     <span class='ocr_line' id='line_1_56' title="bbox 2343 3419 3934 3496; baseline 0 -13"><span class='ocrx_word' id='word_1_375' title='bbox 2425 3427 2561 3481; x_wconf 82' lang='grc' dir='ltr'>Θεοῦ</span> <span class='ocrx_word' id='word_1_376' title='bbox 2590 3427 2749 3496; x_wconf 76' lang='grc' dir='ltr'>φύντι</span> <span class='ocrx_word' id='word_1_377' title='bbox 2794 3425 2954 3493; x_wconf 81' lang='grc' dir='ltr'>Λόγῳ</span> <span class='ocrx_word' id='word_1_378' title='bbox 2999 3425 3027 3475; x_wconf 88' lang='grc' dir='ltr'>ὁ</span> <span class='ocrx_word' id='word_1_379' title='bbox 3067 3421 3169 3490; x_wconf 79' lang='grc' dir='ltr'><strong>τῆς</strong></span> <span class='ocrx_word' id='word_1_380' title='bbox 3199 3419 3538 3490; x_wconf 74' lang='grc' dir='ltr'>σαρκώσεως</span> <span class='ocrx_word' id='word_1_381' title='bbox 3567 3419 3781 3488; x_wconf 80' lang='grc' dir='ltr'>τρόπος</span> <span class='ocrx_word' id='word_1_382' title='bbox 3805 3458 3819 3483; x_wconf 74' lang='grc' dir='ltr'><strong><em>ο</em></strong></span> <span class='ocrx_word' id='word_1_383' title='bbox 3856 3419 3934 3466; x_wconf 68' lang='grc' dir='ltr'>ἶνσι</span> 
     </span>
    </p>
   </div>
   <div class='ocr_carea' id='block_1_57' title="bbox 665 3507 2227 3591">
    <p class='ocr_par' dir='ltr' id='par_1_57' title="bbox 665 3507 2227 3589">
     <span class='ocr_line' id='line_1_57' title="bbox 665 3507 2227 3589; baseline -0.02 0"><span class='ocrx_word' id='word_1_384' title='bbox 665 3535 839 3589; x_wconf 77' lang='lat' dir='ltr'><strong>Verbo</strong></span> <span class='ocrx_word' id='word_1_385' title='bbox 876 3526 1219 3584; x_wconf 82' lang='lat' dir='ltr'><strong>necessarius</strong></span> <span class='ocrx_word' id='word_1_386' title='bbox 1273 3538 1376 3576; x_wconf 90' lang='lat' dir='ltr'><strong>non</strong></span> <span class='ocrx_word' id='word_1_387' title='bbox 1433 3527 1571 3582; x_wconf 80' lang='lat' dir='ltr'><strong>crat,</strong></span> <span class='ocrx_word' id='word_1_388' title='bbox 1621 3529 1727 3583; x_wconf 90' lang='lat' dir='ltr'><strong>quo</strong></span> <span class='ocrx_word' id='word_1_389' title='bbox 1778 3513 1920 3574; x_wconf 87' lang='lat' dir='ltr'><strong>illos,</strong></span> <span class='ocrx_word' id='word_1_390' title='bbox 1977 3507 2227 3562; x_wconf 85' lang='lat' dir='ltr'><strong>nimirum</strong></span> 
     </span>
    </p>
   </div>
   <div class='ocr_carea' id='block_1_58' title="bbox 2343 3507 3935 3591">
    <p class='ocr_par' dir='ltr' id='par_1_58' title="bbox 2343 3509 3935 3591">
     <span class='ocr_line' id='line_1_58' title="bbox 2343 3509 3935 3591; baseline -0.011 -15"><span class='ocrx_word' id='word_1_391' title='bbox 2343 3521 2598 3591; x_wconf 81' lang='grc' dir='ltr'>5ικαιώσῃ</span> <span class='ocrx_word' id='word_1_392' title='bbox 2652 3519 2750 3590; x_wconf 83' lang='grc' dir='ltr'>μὲν</span> <span class='ocrx_word' id='word_1_393' title='bbox 2784 3519 2843 3570; x_wconf 85' lang='grc' dir='ltr'><strong>ὲν</strong></span> <span class='ocrx_word' id='word_1_394' title='bbox 2886 3514 2965 3585; x_wconf 82' lang='grc' dir='ltr'>τῷ</span> <span class='ocrx_word' id='word_1_395' title='bbox 3013 3514 3204 3583; x_wconf 79' lang='grc' dir='ltr'>αἵματι</span> <span class='ocrx_word' id='word_1_396' title='bbox 3254 3509 3420 3566; x_wconf 75' lang='grc' dir='ltr'>αὐτοῦ</span> <span class='ocrx_word' id='word_1_397' title='bbox 3463 3510 3601 3586; x_wconf 73' lang='grc' dir='ltr'>τοὺς</span> <span class='ocrx_word' id='word_1_398' title='bbox 3656 3512 3739 3572; x_wconf 85' lang='grc' dir='ltr'><strong>εἰς</strong></span> <span class='ocrx_word' id='word_1_399' title='bbox 3778 3509 3935 3562; x_wconf 49' lang='lat' dir='ltr'><strong>aia-ﬁn:</strong></span> 
     </span>
    </p>
   </div>
   <div class='ocr_carea' id='block_1_59' title="bbox 660 3598 2227 3696">
    <p class='ocr_par' dir='ltr' id='par_1_59' title="bbox 660 3598 2227 3696">
     <span class='ocr_line' id='line_1_59' title="bbox 660 3598 2227 3696; baseline -0.018 -18"><span class='ocrx_word' id='word_1_400' title='bbox 660 3628 751 3696; x_wconf 84' lang='lat' dir='ltr'><strong>qui</strong></span> <span class='ocrx_word' id='word_1_401' title='bbox 795 3626 845 3676; x_wconf 88' lang='lat' dir='ltr'><strong>in</strong></span> <span class='ocrx_word' id='word_1_402' title='bbox 885 3623 1056 3690; x_wconf 84' lang='lat' dir='ltr'><strong>ipsum</strong></span> <span class='ocrx_word' id='word_1_403' title='bbox 1082 3617 1398 3678; x_wconf 82' lang='lat' dir='ltr'><strong>crederent,</strong></span> <span class='ocrx_word' id='word_1_404' title='bbox 1437 3625 1532 3679; x_wconf 86' lang='lat' dir='ltr'><strong>per</strong></span> <span class='ocrx_word' id='word_1_405' title='bbox 1588 3604 1909 3674; x_wconf 79' lang='lat' dir='ltr'><strong>sanguinem</strong></span> <span class='ocrx_word' id='word_1_406' title='bbox 1947 3616 2104 3655; x_wconf 90' lang='lat' dir='ltr'><strong>suum</strong></span> <span class='ocrx_word' id='word_1_407' title='bbox 2141 3598 2227 3682; x_wconf 37' lang='lat' dir='ltr'><strong>qu-</strong></span> 
     </span>
    </p>
   </div>
   <div class='ocr_carea' id='block_1_60' title="bbox 2343 3598 3932 3696">
    <p class='ocr_par' dir='ltr' id='par_1_60' title="bbox 2343 3602 3932 3678">
     <span class='ocr_line' id='line_1_60' title="bbox 2343 3602 3932 3678; baseline -0.01 -10"><span class='ocrx_word' id='word_1_408' title='bbox 2343 3613 2710 3676; x_wconf 76' lang='grc' dir='ltr'>πιστεύοντας,</span> <span class='ocrx_word' id='word_1_409' title='bbox 2749 3608 3064 3678; x_wconf 81' lang='grc' dir='ltr'>καταλλάξῃ</span> <span class='ocrx_word' id='word_1_410' title='bbox 3097 3607 3154 3659; x_wconf 80' lang='grc' dir='ltr'>δὲ</span> <span class='ocrx_word' id='word_1_411' title='bbox 3191 3605 3270 3675; x_wconf 81' lang='grc' dir='ltr'><strong>τῷ</strong></span> <span class='ocrx_word' id='word_1_412' title='bbox 3301 3604 3478 3673; x_wconf 74' lang='grc' dir='ltr'>Πατρὶ</span> <span class='ocrx_word' id='word_1_413' title='bbox 3504 3603 3603 3656; x_wconf 72' lang='grc' dir='ltr'><strong>διὰ</strong></span> <span class='ocrx_word' id='word_1_414' title='bbox 3638 3603 3736 3655; x_wconf 75' lang='grc' dir='ltr'>τοῦ</span> <span class='ocrx_word' id='word_1_415' title='bbox 3771 3602 3932 3653; x_wconf 64' lang='grc' dir='ltr'>θανά·</span> 
     </span>
    </p>
   </div>
   <div class='ocr_carea' id='block_1_61' title="bbox 662 3694 2231 3780">
    <p class='ocr_par' dir='ltr' id='par_1_61' title="bbox 662 3694 2231 3780">
     <span class='ocr_line' id='line_1_61' title="bbox 662 3694 2231 3780; baseline -0.022 -8"><span class='ocrx_word' id='word_1_416' title='bbox 662 3694 950 3774; x_wconf 73' lang='lat' dir='ltr'><strong>stiiicat&#39;et,</strong></span> <span class='ocrx_word' id='word_1_417' title='bbox 984 3708 1094 3780; x_wconf 80' lang='lat'><strong>99</strong></span> <span class='ocrx_word' id='word_1_418' title='bbox 1119 3705 1482 3773; x_wconf 84' lang='lat' dir='ltr'><strong>Patriqueper</strong></span> <span class='ocrx_word' id='word_1_419' title='bbox 1514 3697 1758 3763; x_wconf 88' lang='lat' dir='ltr'><strong>corporis</strong></span> <span class='ocrx_word' id='word_1_420' title='bbox 1782 3694 1862 3746; x_wconf 88' lang='lat' dir='ltr'><strong>sui</strong></span> <span class='ocrx_word' id='word_1_421' title='bbox 1893 3700 2118 3742; x_wconf 88' lang='lat' dir='ltr'><strong>mortem</strong></span> <span class='ocrx_word' id='word_1_422' title='bbox 2151 3702 2231 3740; x_wconf 85' lang='lat' dir='ltr'><strong>re-</strong></span> 
     </span>
    </p>
   </div>
   <div class='ocr_carea' id='block_1_62' title="bbox 661 3779 2232 3867">
    <p class='ocr_par' dir='ltr' id='par_1_62' title="bbox 661 3779 2232 3867">
     <span class='ocr_line' id='line_1_62' title="bbox 661 3779 2232 3867; baseline -0.02 -5"><span class='ocrx_word' id='word_1_423' title='bbox 661 3779 1024 3864; x_wconf 78' lang='lat' dir='ltr'><strong>coiiciliaret</strong></span> <span class='ocrx_word' id='word_1_424' title='bbox 1059 3811 1219 3867; x_wconf 88' lang='lat' dir='ltr'><strong>atque</strong></span> <span class='ocrx_word' id='word_1_425' title='bbox 1270 3797 1340 3850; x_wconf 83' lang='lat' dir='ltr'><strong>ita</strong></span> <span class='ocrx_word' id='word_1_426' title='bbox 1389 3789 1549 3845; x_wconf 86' lang='lat' dir='ltr'><strong>simul</strong></span> <span class='ocrx_word' id='word_1_427' title='bbox 1600 3800 1720 3840; x_wconf 87' lang='lat' dir='ltr'><strong>cum</strong></span> <span class='ocrx_word' id='word_1_428' title='bbox 1773 3783 1892 3852; x_wconf 85' lang='lat' dir='ltr'><strong>ipso</strong></span> <span class='ocrx_word' id='word_1_429' title='bbox 1916 3783 2081 3836; x_wconf 87' lang='lat' dir='ltr'><strong>vitam</strong></span> <span class='ocrx_word' id='word_1_430' title='bbox 2111 3779 2232 3834; x_wconf 71' lang='lat' dir='ltr'><strong>adio</strong></span> 
     </span>
    </p>
   </div>
   <div class='ocr_carea' id='block_1_63' title="bbox 663 3893 1034 3971">
    <p class='ocr_par' dir='ltr' id='par_1_63' title="bbox 663 3893 1034 3971">
     <span class='ocr_line' id='line_1_63' title="bbox 663 3893 1034 3971; baseline -0.022 -17"><span class='ocrx_word' id='word_1_431' title='bbox 663 3893 1034 3971; x_wconf 87' lang='lat' dir='ltr'><strong>pisceremur?</strong></span> 
     </span>
    </p>
   </div>
   <div class='ocr_carea' id='block_1_64' title="bbox 739 3968 2231 4055">
    <p class='ocr_par' dir='ltr' id='par_1_64' title="bbox 739 3968 2231 4055">
     <span class='ocr_line' id='line_1_64' title="bbox 739 3968 2231 4055; baseline -0.014 -13"><span class='ocrx_word' id='word_1_432' title='bbox 739 4011 755 4042; x_wconf 81' lang='grc' dir='ltr'><strong>ι</strong></span> <span class='ocrx_word' id='word_1_433' title='bbox 801 3993 880 4044; x_wconf 81' lang='lat' dir='ltr'><strong>An</strong></span> <span class='ocrx_word' id='word_1_434' title='bbox 918 3983 1198 4055; x_wconf 77' lang='lat' dir='ltr'><strong>ignoratis,</strong></span> <span class='ocrx_word' id='word_1_435' title='bbox 1221 3982 1344 4049; x_wconf 89' lang='lat' dir='ltr'><strong>quia</strong></span> <span class='ocrx_word' id='word_1_436' title='bbox 1374 3977 1685 4046; x_wconf 87' lang='lat' dir='ltr'><strong>quicunque</strong></span> <span class='ocrx_word' id='word_1_437' title='bbox 1743 3968 1999 4040; x_wconf 84' lang='lat' dir='ltr'><strong>baptizati</strong></span> <span class='ocrx_word' id='word_1_438' title='bbox 2038 3981 2231 4022; x_wconf 86' lang='lat' dir='ltr'><strong>sumus</strong></span> 
     </span>
    </p>
   </div>
   <div class='ocr_carea' id='block_1_65' title="bbox 663 4059 2234 4140">
    <p class='ocr_par' dir='ltr' id='par_1_65' title="bbox 663 4059 2234 4140">
     <span class='ocr_line' id='line_1_65' title="bbox 663 4059 2234 4140; baseline -0.019 0"><span class='ocrx_word' id='word_1_439' title='bbox 663 4088 715 4140; x_wconf 89' lang='lat' dir='ltr'><strong>in</strong></span> <span class='ocrx_word' id='word_1_440' title='bbox 743 4083 962 4139; x_wconf 78' lang='lat' dir='ltr'><strong>Christo</strong></span> <span class='ocrx_word' id='word_1_441' title='bbox 989 4079 1132 4139; x_wconf 81' lang='lat' dir='ltr'><strong>Jesu,</strong></span> <span class='ocrx_word' id='word_1_442' title='bbox 1164 4076 1214 4128; x_wconf 91' lang='lat' dir='ltr'><strong>in</strong></span> <span class='ocrx_word' id='word_1_443' title='bbox 1245 4077 1471 4126; x_wconf 83' lang='lat' dir='ltr'><strong>mortem</strong></span> <span class='ocrx_word' id='word_1_444' title='bbox 1509 4071 1676 4138; x_wconf 83' lang='lat' dir='ltr'><strong>ipsius</strong></span> <span class='ocrx_word' id='word_1_445' title='bbox 1715 4063 1970 4133; x_wconf 82' lang='lat' dir='ltr'><strong>baptizati</strong></span> <span class='ocrx_word' id='word_1_446' title='bbox 1997 4076 2184 4115; x_wconf 91' lang='lat' dir='ltr'><strong>sumus</strong></span> <span class='ocrx_word' id='word_1_447' title='bbox 2211 4059 2234 4111; x_wconf 89' lang='lat'><strong>?</strong></span> 
     </span>
    </p>
   </div>
   <div class='ocr_carea' id='block_1_66' title="bbox 663 4152 2230 4246">
    <p class='ocr_par' dir='ltr' id='par_1_66' title="bbox 663 4152 2230 4246">
     <span class='ocr_line' id='line_1_66' title="bbox 663 4152 2230 4246; baseline -0.021 -11"><span class='ocrx_word' id='word_1_448' title='bbox 663 4176 972 4246; x_wconf 82' lang='lat' dir='ltr'><strong>Consepulti</strong></span> <span class='ocrx_word' id='word_1_449' title='bbox 1006 4172 1148 4224; x_wconf 88' lang='lat' dir='ltr'><strong>enim</strong></span> <span class='ocrx_word' id='word_1_450' title='bbox 1176 4181 1359 4221; x_wconf 88' lang='lat' dir='ltr'><strong>sumus</strong></span> <span class='ocrx_word' id='word_1_451' title='bbox 1392 4179 1510 4217; x_wconf 89' lang='lat' dir='ltr'><strong>cum</strong></span> <span class='ocrx_word' id='word_1_452' title='bbox 1551 4161 1644 4213; x_wconf 88' lang='lat' dir='ltr'><strong>illo</strong></span> <span class='ocrx_word' id='word_1_453' title='bbox 1674 4173 1767 4228; x_wconf 89' lang='lat' dir='ltr'><strong>per</strong></span> <span class='ocrx_word' id='word_1_454' title='bbox 1796 4155 2128 4224; x_wconf 83' lang='lat' dir='ltr'><strong>baptismum</strong></span> <span class='ocrx_word' id='word_1_455' title='bbox 2179 4152 2230 4204; x_wconf 88' lang='lat' dir='ltr'><strong>in</strong></span> 
     </span>
    </p>
   </div>
   <div class='ocr_carea' id='block_1_67' title="bbox 671 4241 2236 4330">
    <p class='ocr_par' dir='ltr' id='par_1_67' title="bbox 671 4241 2236 4330">
     <span class='ocr_line' id='line_1_67' title="bbox 671 4241 2236 4330; baseline -0.019 -7"><span class='ocrx_word' id='word_1_456' title='bbox 671 4241 920 4330; x_wconf 78' lang='lat' dir='ltr'><strong>mortem,</strong></span> <span class='ocrx_word' id='word_1_457' title='bbox 967 4273 1024 4316; x_wconf 90' lang='lat' dir='ltr'><strong>ut</strong></span> <span class='ocrx_word' id='word_1_458' title='bbox 1056 4259 1325 4329; x_wconf 87' lang='lat' dir='ltr'><strong>quomodo</strong></span> <span class='ocrx_word' id='word_1_459' title='bbox 1354 4251 1602 4308; x_wconf 85' lang='lat' dir='ltr'><strong>Christus</strong></span> <span class='ocrx_word' id='word_1_460' title='bbox 1635 4245 1880 4302; x_wconf 76' lang='lat' dir='ltr'><strong>surrexit</strong></span> <span class='ocrx_word' id='word_1_461' title='bbox 1915 4261 1945 4298; x_wconf 90' lang='lat' dir='ltr'><strong>a</strong></span> <span class='ocrx_word' id='word_1_462' title='bbox 2005 4241 2236 4296; x_wconf 86' lang='lat' dir='ltr'><strong>mortuis</strong></span> 
     </span>
    </p>
   </div>
   <div class='ocr_carea' id='block_1_68' title="bbox 667 4335 2235 4430">
    <p class='ocr_par' dir='ltr' id='par_1_68' title="bbox 667 4335 2235 4430">
     <span class='ocr_line' id='line_1_68' title="bbox 667 4335 2235 4430; baseline -0.021 -16"><span class='ocrx_word' id='word_1_463' title='bbox 667 4377 759 4430; x_wconf 86' lang='lat' dir='ltr'><strong>per</strong></span> <span class='ocrx_word' id='word_1_464' title='bbox 776 4358 1000 4429; x_wconf 80' lang='lat' dir='ltr'><strong>gloriam</strong></span> <span class='ocrx_word' id='word_1_465' title='bbox 1035 4351 1234 4413; x_wconf 85' lang='lat' dir='ltr'><strong>Patris,</strong></span> <span class='ocrx_word' id='word_1_466' title='bbox 1274 4349 1344 4399; x_wconf 87' lang='lat' dir='ltr'><strong>ita</strong></span> <span class='ocrx_word' id='word_1_467' title='bbox 1382 4354 1435 4398; x_wconf 86' lang='lat' dir='ltr'><strong>et</strong></span> <span class='ocrx_word' id='word_1_468' title='bbox 1490 4358 1584 4396; x_wconf 91' lang='lat' dir='ltr'><strong>nos</strong></span> <span class='ocrx_word' id='word_1_469' title='bbox 1627 4343 1676 4394; x_wconf 91' lang='lat' dir='ltr'><strong>in</strong></span> <span class='ocrx_word' id='word_1_470' title='bbox 1710 4338 1950 4393; x_wconf 74' lang='lat' dir='ltr'><strong>novitate</strong></span> <span class='ocrx_word' id='word_1_471' title='bbox 1975 4335 2096 4387; x_wconf 65' lang='lat' dir='ltr'><strong>vitae</strong></span> <span class='ocrx_word' id='word_1_472' title='bbox 2122 4348 2235 4383; x_wconf 84' lang='lat' dir='ltr'><strong>ani-</strong></span> 
     </span>
    </p>
   </div>
   <div class='ocr_carea' id='block_1_69' title="bbox 667 4423 2236 4503">
    <p class='ocr_par' dir='ltr' id='par_1_69' title="bbox 667 4423 2236 4503">
     <span class='ocr_line' id='line_1_69' title="bbox 667 4423 2236 4503; baseline -0.018 -1"><span class='ocrx_word' id='word_1_473' title='bbox 667 4423 909 4502; x_wconf 59' lang='lat' dir='ltr'><strong>imleiuus</strong></span> <span class='ocrx_word' id='word_1_474' title='bbox 939 4445 1042 4494; x_wconf 76' lang='grc'><strong>⁷⁵.»</strong></span> <span class='ocrx_word' id='word_1_475' title='bbox 1084 4440 1137 4493; x_wconf 89' lang='lat' dir='ltr'><strong>Si</strong></span> <span class='ocrx_word' id='word_1_476' title='bbox 1172 4453 1263 4492; x_wconf 85' lang='lat' dir='ltr'><strong>eos</strong></span> <span class='ocrx_word' id='word_1_477' title='bbox 1299 4437 1385 4503; x_wconf 88' lang='lat' dir='ltr'><strong>qui</strong></span> <span class='ocrx_word' id='word_1_478' title='bbox 1420 4435 1469 4488; x_wconf 89' lang='lat' dir='ltr'><strong>in</strong></span> <span class='ocrx_word' id='word_1_479' title='bbox 1514 4431 1676 4485; x_wconf 79' lang='lat' dir='ltr'><strong>terris</strong></span> <span class='ocrx_word' id='word_1_480' title='bbox 1727 4430 1949 4496; x_wconf 84' lang='lat' dir='ltr'><strong>degunt,</strong></span> <span class='ocrx_word' id='word_1_481' title='bbox 2013 4423 2236 4477; x_wconf 78' lang='lat' dir='ltr'><strong>Christo</strong></span> 
     </span>
    </p>
   </div>
   <div class='ocr_carea' id='block_1_70' title="bbox 667 4512 2223 4608">
    <p class='ocr_par' dir='ltr' id='par_1_70' title="bbox 667 4512 2223 4608">
     <span class='ocr_line' id='line_1_70' title="bbox 667 4512 2223 4608; baseline -0.021 -16"><span class='ocrx_word' id='word_1_482' title='bbox 667 4553 762 4608; x_wconf 88' lang='lat' dir='ltr'><strong>per</strong></span> <span class='ocrx_word' id='word_1_483' title='bbox 789 4534 1114 4602; x_wconf 84' lang='lat' dir='ltr'><strong>baptismum</strong></span> <span class='ocrx_word' id='word_1_484' title='bbox 1147 4529 1197 4581; x_wconf 91' lang='lat' dir='ltr'><strong>in</strong></span> <span class='ocrx_word' id='word_1_485' title='bbox 1227 4535 1455 4579; x_wconf 89' lang='lat' dir='ltr'><strong>mortem</strong></span> <span class='ocrx_word' id='word_1_486' title='bbox 1489 4523 1659 4588; x_wconf 87' lang='lat' dir='ltr'><strong>ipsius</strong></span> <span class='ocrx_word' id='word_1_487' title='bbox 1683 4513 2010 4583; x_wconf 86' lang='lat' dir='ltr'><strong>consepeliri</strong></span> <span class='ocrx_word' id='word_1_488' title='bbox 2049 4512 2223 4565; x_wconf 89' lang='lat' dir='ltr'><strong>omni-</strong></span> 
     </span>
    </p>
   </div>
   <div class='ocr_carea' id='block_1_71' title="bbox 724 2327 2217 2402">
    <p class='ocr_par' dir='ltr' id='par_1_71' title="bbox 724 2327 2217 2402">
     <span class='ocr_line' id='line_1_71' title="bbox 724 2327 2217 2402; baseline -0.015 -2"><span class='ocrx_word' id='word_1_489' title='bbox 724 2369 741 2400; x_wconf 75' lang='grc' dir='ltr'><strong>ι</strong></span> <span class='ocrx_word' id='word_1_490' title='bbox 783 2342 1136 2402; x_wconf 87' lang='lat' dir='ltr'><strong>Commendat</strong></span> <span class='ocrx_word' id='word_1_491' title='bbox 1168 2347 1347 2394; x_wconf 88' lang='lat' dir='ltr'><strong>autem</strong></span> <span class='ocrx_word' id='word_1_492' title='bbox 1381 2336 1702 2390; x_wconf 86' lang='lat' dir='ltr'><strong>charitatem</strong></span> <span class='ocrx_word' id='word_1_493' title='bbox 1738 2347 1891 2387; x_wconf 85' lang='lat' dir='ltr'><strong>suam</strong></span> <span class='ocrx_word' id='word_1_494' title='bbox 1958 2328 2099 2384; x_wconf 85' lang='lat' dir='ltr'><strong>Dens</strong></span> <span class='ocrx_word' id='word_1_495' title='bbox 2167 2327 2217 2381; x_wconf 91' lang='lat' dir='ltr'><strong>in</strong></span> 
     </span>
    </p>
   </div>
   <div class='ocr_carea' id='block_1_72' title="bbox 652 2427 2220 2505">
    <p class='ocr_par' dir='ltr' id='par_1_72' title="bbox 652 2427 2220 2505">
     <span class='ocr_line' id='line_1_72' title="bbox 652 2427 2220 2505; baseline -0.015 -10"><span class='ocrx_word' id='word_1_496' title='bbox 652 2441 840 2495; x_wconf 85' lang='lat' dir='ltr'><strong>nobis:</strong></span> <span class='ocrx_word' id='word_1_497' title='bbox 872 2435 1154 2505; x_wconf 83' lang='lat' dir='ltr'><strong>quoniam,</strong></span> <span class='ocrx_word' id='word_1_498' title='bbox 1193 2445 1314 2485; x_wconf 89' lang='lat' dir='ltr'><strong>cum</strong></span> <span class='ocrx_word' id='word_1_499' title='bbox 1368 2427 1544 2480; x_wconf 86' lang='lat' dir='ltr'><strong>adhuc</strong></span> <span class='ocrx_word' id='word_1_500' title='bbox 1589 2435 1904 2494; x_wconf 79' lang='lat' dir='ltr'><strong>peccatores</strong></span> <span class='ocrx_word' id='word_1_501' title='bbox 1951 2434 2220 2481; x_wconf 85' lang='lat' dir='ltr'><strong>essemus,</strong></span> 
     </span>
    </p>
   </div>
   <div class='ocr_carea' id='block_1_73' title="bbox 650 2511 2223 2594">
    <p class='ocr_par' dir='ltr' id='par_1_73' title="bbox 650 2511 2223 2594">
     <span class='ocr_line' id='line_1_73' title="bbox 650 2511 2223 2594; baseline -0.013 -11"><span class='ocrx_word' id='word_1_502' title='bbox 650 2529 901 2585; x_wconf 83' lang='lat' dir='ltr'><strong>Christus</strong></span> <span class='ocrx_word' id='word_1_503' title='bbox 921 2540 1017 2594; x_wconf 89' lang='lat' dir='ltr'><strong>pro</strong></span> <span class='ocrx_word' id='word_1_504' title='bbox 1049 2521 1201 2577; x_wconf 86' lang='lat' dir='ltr'><strong>nobis</strong></span> <span class='ocrx_word' id='word_1_505' title='bbox 1227 2530 1473 2572; x_wconf 89' lang='lat' dir='ltr'><strong>mortuus</strong></span> <span class='ocrx_word' id='word_1_506' title='bbox 1495 2525 1604 2570; x_wconf 84' lang='lat' dir='ltr'><strong>est.</strong></span> <span class='ocrx_word' id='word_1_507' title='bbox 1646 2514 1810 2569; x_wconf 82' lang='lat' dir='ltr'><strong>Multo</strong></span> <span class='ocrx_word' id='word_1_508' title='bbox 1856 2513 2022 2581; x_wconf 82' lang='lat' dir='ltr'><strong>igitur</strong></span> <span class='ocrx_word' id='word_1_509' title='bbox 2053 2511 2223 2580; x_wconf 89' lang='lat' dir='ltr'><strong>magis</strong></span> 
     </span>
    </p>
   </div>
   <div class='ocr_carea' id='block_1_74' title="bbox 653 2601 2222 2688">
    <p class='ocr_par' dir='ltr' id='par_1_74' title="bbox 653 2601 2222 2688">
     <span class='ocr_line' id='line_1_74' title="bbox 653 2601 2222 2688; baseline -0.013 -14"><span class='ocrx_word' id='word_1_510' title='bbox 653 2636 795 2674; x_wconf 92' lang='lat' dir='ltr'><strong>nunc</strong></span> <span class='ocrx_word' id='word_1_511' title='bbox 819 2614 1100 2688; x_wconf 79' lang='lat' dir='ltr'><strong>justiﬁcati</strong></span> <span class='ocrx_word' id='word_1_512' title='bbox 1132 2613 1187 2668; x_wconf 88' lang='lat' dir='ltr'><strong>in</strong></span> <span class='ocrx_word' id='word_1_513' title='bbox 1218 2610 1480 2678; x_wconf 83' lang='lat' dir='ltr'><strong>sanguine</strong></span> <span class='ocrx_word' id='word_1_514' title='bbox 1510 2607 1703 2676; x_wconf 89' lang='lat' dir='ltr'><strong>ipsius,</strong></span> <span class='ocrx_word' id='word_1_515' title='bbox 1726 2605 1860 2657; x_wconf 82' lang='lat' dir='ltr'><strong>salvi</strong></span> <span class='ocrx_word' id='word_1_516' title='bbox 1922 2603 2132 2656; x_wconf 86' lang='lat' dir='ltr'><strong>erimus</strong></span> <span class='ocrx_word' id='word_1_517' title='bbox 2155 2601 2222 2654; x_wconf 86' lang='lat' dir='ltr'><strong>ab</strong></span> 
     </span>
    </p>
   </div>
   <div class='ocr_carea' id='block_1_75' title="bbox 657 2689 2225 2780">
    <p class='ocr_par' dir='ltr' id='par_1_75' title="bbox 657 2689 2225 2780">
     <span class='ocr_line' id='line_1_75' title="bbox 657 2689 2225 2780; baseline -0.015 -16"><span class='ocrx_word' id='word_1_518' title='bbox 657 2712 733 2764; x_wconf 86' lang='lat' dir='ltr'><strong>ira</strong></span> <span class='ocrx_word' id='word_1_519' title='bbox 765 2726 858 2780; x_wconf 85' lang='lat' dir='ltr'><strong>per</strong></span> <span class='ocrx_word' id='word_1_520' title='bbox 887 2711 1060 2777; x_wconf 89' lang='lat' dir='ltr'><strong>ipsum</strong></span> <span class='ocrx_word' id='word_1_521' title='bbox 1092 2703 1158 2756; x_wconf 79' lang='grc'><strong>⁷³.</strong></span> <span class='ocrx_word' id='word_1_522' title='bbox 1197 2720 1214 2753; x_wconf 72' lang='grc' dir='ltr'><strong>ι</strong></span> <span class='ocrx_word' id='word_1_523' title='bbox 1239 2699 1507 2753; x_wconf 82' lang='lat' dir='ltr'><strong>Rursum:</strong></span> <span class='ocrx_word' id='word_1_524' title='bbox 1541 2715 1558 2747; x_wconf 81' lang='grc' dir='ltr'><strong>ι</strong></span> <span class='ocrx_word' id='word_1_525' title='bbox 1596 2696 1649 2748; x_wconf 90' lang='lat' dir='ltr'><strong>Si</strong></span> <span class='ocrx_word' id='word_1_526' title='bbox 1683 2696 1850 2758; x_wconf 89' lang='lat' dir='ltr'><strong>enim,</strong></span> <span class='ocrx_word' id='word_1_527' title='bbox 1882 2707 2004 2746; x_wconf 88' lang='lat' dir='ltr'><strong>cum</strong></span> <span class='ocrx_word' id='word_1_528' title='bbox 2045 2689 2225 2744; x_wconf 88' lang='lat' dir='ltr'><strong>inimi-</strong></span> 
     </span>
    </p>
   </div>
   <div class='ocr_carea' id='block_1_76' title="bbox 653 2785 2223 2862">
    <p class='ocr_par' dir='ltr' id='par_1_76' title="bbox 653 2785 2223 2862">
     <span class='ocr_line' id='line_1_76' title="bbox 653 2785 2223 2862; baseline -0.016 -5"><span class='ocrx_word' id='word_1_529' title='bbox 653 2805 698 2856; x_wconf 86' lang='lat' dir='ltr'><strong>ci</strong></span> <span class='ocrx_word' id='word_1_530' title='bbox 727 2814 1007 2862; x_wconf 86' lang='lat' dir='ltr'><strong>essemus,</strong></span> <span class='ocrx_word' id='word_1_531' title='bbox 1064 2791 1397 2850; x_wconf 83' lang='lat' dir='ltr'><strong>reconciliati</strong></span> <span class='ocrx_word' id='word_1_532' title='bbox 1443 2803 1629 2842; x_wconf 91' lang='lat' dir='ltr'><strong>sumus</strong></span> <span class='ocrx_word' id='word_1_533' title='bbox 1684 2785 1789 2841; x_wconf 91' lang='lat' dir='ltr'><strong>Deo</strong></span> <span class='ocrx_word' id='word_1_534' title='bbox 1851 2800 1943 2854; x_wconf 87' lang='lat' dir='ltr'><strong>per</strong></span> <span class='ocrx_word' id='word_1_535' title='bbox 1997 2792 2223 2837; x_wconf 88' lang='lat' dir='ltr'><strong>mortem</strong></span> 
     </span>
    </p>
   </div>
   <div class='ocr_carea' id='block_1_77' title="bbox 653 2871 2223 2962">
    <p class='ocr_par' dir='ltr' id='par_1_77' title="bbox 653 2871 2223 2962">
     <span class='ocr_line' id='line_1_77' title="bbox 653 2871 2223 2962; baseline -0.017 -12"><span class='ocrx_word' id='word_1_536' title='bbox 653 2896 774 2950; x_wconf 83' lang='lat' dir='ltr'><strong>Filii</strong></span> <span class='ocrx_word' id='word_1_537' title='bbox 799 2893 938 2962; x_wconf 77' lang='lat' dir='ltr'><strong>ejus,</strong></span> <span class='ocrx_word' id='word_1_538' title='bbox 984 2884 1348 2953; x_wconf 81' lang='lat' dir='ltr'><strong>multomagis</strong></span> <span class='ocrx_word' id='word_1_539' title='bbox 1382 2878 1714 2936; x_wconf 85' lang='lat' dir='ltr'><strong>reconciliati</strong></span> <span class='ocrx_word' id='word_1_540' title='bbox 1773 2876 1904 2930; x_wconf 88' lang='lat' dir='ltr'><strong>salvi</strong></span> <span class='ocrx_word' id='word_1_541' title='bbox 1938 2875 2140 2928; x_wconf 89' lang='lat' dir='ltr'><strong>erimus</strong></span> <span class='ocrx_word' id='word_1_542' title='bbox 2171 2871 2223 2924; x_wconf 91' lang='lat' dir='ltr'><strong>in</strong></span> 
     </span>
    </p>
   </div>
   <div class='ocr_carea' id='block_1_78' title="bbox 2336 3695 3867 3773">
    <p class='ocr_par' dir='ltr' id='par_1_78' title="bbox 2336 3695 3867 3773">
     <span class='ocr_line' id='line_1_78' title="bbox 2336 3695 3867 3773; baseline -0.01 -13"><span class='ocrx_word' id='word_1_543' title='bbox 2336 3725 2426 3760; x_wconf 82' lang='grc' dir='ltr'><strong>του</strong></span> <span class='ocrx_word' id='word_1_544' title='bbox 2455 3706 2550 3759; x_wconf 76' lang='grc' dir='ltr'>τοῦ</span> <span class='ocrx_word' id='word_1_545' title='bbox 2583 3706 2711 3757; x_wconf 79' lang='grc' dir='ltr'>ἰδίου</span> <span class='ocrx_word' id='word_1_546' title='bbox 2744 3704 3015 3773; x_wconf 84' lang='grc' dir='ltr'>σώματος,</span> <span class='ocrx_word' id='word_1_547' title='bbox 3054 3701 3142 3753; x_wconf 83' lang='grc' dir='ltr'><strong>ἵνα</strong></span> <span class='ocrx_word' id='word_1_548' title='bbox 3180 3699 3273 3752; x_wconf 70' lang='grc' dir='ltr'><strong>καὶ</strong></span> <span class='ocrx_word' id='word_1_549' title='bbox 3304 3695 3644 3768; x_wconf 75' lang='grc' dir='ltr'>σνζήσωμεν</span> <span class='ocrx_word' id='word_1_550' title='bbox 3677 3696 3867 3765; x_wconf 51' lang='lat' dir='ltr'><strong>steti};</strong></span> 
     </span>
    </p>
   </div>
   <div class='ocr_carea' id='block_1_79' title="bbox 2414 3956 3930 4037">
    <p class='ocr_par' dir='ltr' id='par_1_79' title="bbox 2414 3956 3930 4037">
     <span class='ocr_line' id='line_1_79' title="bbox 2414 3956 3930 4037; baseline -0.012 -15"><span class='ocrx_word' id='word_1_551' title='bbox 2414 3989 2431 4020; x_wconf 79' lang='grc' dir='ltr'><strong>ι</strong></span> <span class='ocrx_word' id='word_1_552' title='bbox 2473 3971 2540 4021; x_wconf 84' lang='grc' dir='ltr'><em>Ἢ</em></span> <span class='ocrx_word' id='word_1_553' title='bbox 2571 3969 2838 4037; x_wconf 76' lang='grc' dir='ltr'>ἀγνοεῖτε,</span> <span class='ocrx_word' id='word_1_554' title='bbox 2871 3965 2952 4016; x_wconf 80' lang='grc' dir='ltr'>ὅτι</span> <span class='ocrx_word' id='word_1_555' title='bbox 2982 3965 3096 4015; x_wconf 75' lang='grc' dir='ltr'>ὅσοι</span> <span class='ocrx_word' id='word_1_556' title='bbox 3125 3958 3545 4028; x_wconf 64' lang='grc' dir='ltr'>ἐϐαπτίσθημεν</span> <span class='ocrx_word' id='word_1_557' title='bbox 3581 3960 3667 4020; x_wconf 82' lang='grc' dir='ltr'><strong>εἰς</strong></span> <span class='ocrx_word' id='word_1_558' title='bbox 3699 3956 3930 4028; x_wconf 63' lang='grc' dir='ltr'>Χριστὸν</span> 
     </span>
    </p>
   </div>
   <div class='ocr_carea' id='block_1_80' title="bbox 2350 4050 3935 4133">
    <p class='ocr_par' dir='ltr' id='par_1_80' title="bbox 2350 4050 3935 4133">
     <span class='ocr_line' id='line_1_80' title="bbox 2350 4050 3935 4133; baseline -0.016 -16"><span class='ocrx_word' id='word_1_559' title='bbox 2350 4063 2576 4133; x_wconf 72' lang='grc' dir='ltr'>Ἰησοῦν,</span> <span class='ocrx_word' id='word_1_560' title='bbox 2605 4062 2684 4123; x_wconf 89' lang='grc' dir='ltr'><strong>εἰς</strong></span> <span class='ocrx_word' id='word_1_561' title='bbox 2715 4059 2805 4110; x_wconf 82' lang='grc' dir='ltr'><strong>τὸν</strong></span> <span class='ocrx_word' id='word_1_562' title='bbox 2838 4058 3066 4110; x_wconf 66' lang='grc' dir='ltr'>θάνατον</span> <span class='ocrx_word' id='word_1_563' title='bbox 3096 4053 3263 4107; x_wconf 75' lang='grc' dir='ltr'>αὑτοῦ</span> <span class='ocrx_word' id='word_1_564' title='bbox 3293 4050 3766 4122; x_wconf 76' lang='grc' dir='ltr'>ἐϐαπτίσθημεν;</span> <span class='ocrx_word' id='word_1_565' title='bbox 3815 4053 3935 4103; x_wconf 74' lang='grc' dir='ltr'>Συν-</span> 
     </span>
    </p>
   </div>
   <div class='ocr_carea' id='block_1_81' title="bbox 2340 4145 3935 4225">
    <p class='ocr_par' dir='ltr' id='par_1_81' title="bbox 2340 4145 3935 4225">
     <span class='ocr_line' id='line_1_81' title="bbox 2340 4145 3935 4225; baseline -0.011 -17"><span class='ocrx_word' id='word_1_566' title='bbox 2340 4156 2618 4225; x_wconf 76' lang='grc' dir='ltr'>ετάφημεν</span> <span class='ocrx_word' id='word_1_567' title='bbox 2673 4149 2766 4206; x_wconf 81' lang='grc' dir='ltr'><strong>οὖν</strong></span> <span class='ocrx_word' id='word_1_568' title='bbox 2813 4149 2963 4219; x_wconf 79' lang='grc' dir='ltr'>αὐτῷ</span> <span class='ocrx_word' id='word_1_569' title='bbox 3008 4149 3096 4202; x_wconf 85' lang='grc' dir='ltr'>διὰ</span> <span class='ocrx_word' id='word_1_570' title='bbox 3128 4146 3223 4200; x_wconf 77' lang='grc' dir='ltr'><strong>τού</strong></span> <span class='ocrx_word' id='word_1_571' title='bbox 3278 4145 3676 4215; x_wconf 80' lang='grc' dir='ltr'>βαπτίσματος</span> <span class='ocrx_word' id='word_1_572' title='bbox 3725 4145 3811 4208; x_wconf 83' lang='grc' dir='ltr'><strong>εἰς</strong></span> <span class='ocrx_word' id='word_1_573' title='bbox 3857 4145 3935 4194; x_wconf 61' lang='grc' dir='ltr'>τὶν</span> 
     </span>
    </p>
   </div>
   <div class='ocr_carea' id='block_1_82' title="bbox 2340 4235 3937 4313">
    <p class='ocr_par' dir='ltr' id='par_1_82' title="bbox 2340 4235 3937 4313">
     <span class='ocr_line' id='line_1_82' title="bbox 2340 4235 3937 4313; baseline -0.011 -11"><span class='ocrx_word' id='word_1_574' title='bbox 2340 4249 2567 4303; x_wconf 74' lang='grc' dir='ltr'>θάνατον</span> <span class='ocrx_word' id='word_1_575' title='bbox 2589 4265 2600 4276; x_wconf 93' lang='grc'><strong>·</strong></span> <span class='ocrx_word' id='word_1_576' title='bbox 2630 4247 2738 4307; x_wconf 80' lang='grc' dir='ltr'>ἵνα,</span> <span class='ocrx_word' id='word_1_577' title='bbox 2768 4244 2957 4313; x_wconf 77' lang='grc' dir='ltr'>ὥσπερ</span> <span class='ocrx_word' id='word_1_578' title='bbox 2982 4239 3193 4311; x_wconf 75' lang='grc' dir='ltr'>ἠγέρθη</span> <span class='ocrx_word' id='word_1_579' title='bbox 3237 4237 3476 4307; x_wconf 83' lang='grc' dir='ltr'>Χριστὸς</span> <span class='ocrx_word' id='word_1_580' title='bbox 3510 4238 3580 4288; x_wconf 84' lang='grc' dir='ltr'>ἑκ</span> <span class='ocrx_word' id='word_1_581' title='bbox 3608 4237 3837 4306; x_wconf 72' lang='grc' dir='ltr'>νεκρῶν</span> <span class='ocrx_word' id='word_1_582' title='bbox 3863 4235 3937 4285; x_wconf 61' lang='lat' dir='ltr'><strong>Et&quot;:</strong></span> 
     </span>
    </p>
   </div>
   <div class='ocr_carea' id='block_1_83' title="bbox 2341 4328 3937 4408">
    <p class='ocr_par' dir='ltr' id='par_1_83' title="bbox 2341 4328 3937 4408">
     <span class='ocr_line' id='line_1_83' title="bbox 2341 4328 3937 4408; baseline -0.011 -16"><span class='ocrx_word' id='word_1_583' title='bbox 2341 4340 2436 4408; x_wconf 77' lang='grc' dir='ltr'><strong>τῆς</strong></span> <span class='ocrx_word' id='word_1_584' title='bbox 2482 4338 2640 4408; x_wconf 79' lang='grc' dir='ltr'>δόξης</span> <span class='ocrx_word' id='word_1_585' title='bbox 2667 4335 2759 4389; x_wconf 72' lang='grc' dir='ltr'>τοῦ</span> <span class='ocrx_word' id='word_1_586' title='bbox 2788 4334 3002 4405; x_wconf 72' lang='grc' dir='ltr'>[Ἰατρὸς</span> <span class='ocrx_word' id='word_1_587' title='bbox 3022 4371 3037 4398; x_wconf 87' lang='grc'><strong>,</strong></span> <span class='ocrx_word' id='word_1_588' title='bbox 3069 4331 3212 4384; x_wconf 72' lang='grc' dir='ltr'>οὕτω</span> <span class='ocrx_word' id='word_1_589' title='bbox 3243 4329 3336 4380; x_wconf 77' lang='grc' dir='ltr'><strong>καὶ</strong></span> <span class='ocrx_word' id='word_1_590' title='bbox 3367 4329 3531 4397; x_wconf 79' lang='grc' dir='ltr'>ἡμεῖς</span> <span class='ocrx_word' id='word_1_591' title='bbox 3565 4328 3625 4379; x_wconf 86' lang='grc' dir='ltr'>ὲν</span> <span class='ocrx_word' id='word_1_592' title='bbox 3655 4329 3937 4394; x_wconf 67' lang='grc' dir='ltr'>καινότητι</span> 
     </span>
    </p>
   </div>
   <div class='ocr_carea' id='block_1_84' title="bbox 2342 4417 3936 4500">
    <p class='ocr_par' dir='ltr' id='par_1_84' title="bbox 2342 4417 3936 4500">
     <span class='ocr_line' id='line_1_84' title="bbox 2342 4417 3936 4500; baseline -0.013 -16"><span class='ocrx_word' id='word_1_593' title='bbox 2342 4431 2487 4500; x_wconf 82' lang='grc' dir='ltr'>ζωῆς</span> <span class='ocrx_word' id='word_1_594' title='bbox 2521 4428 3006 4500; x_wconf 77' lang='grc' dir='ltr'>περιπατήσωμεν.</span> <span class='ocrx_word' id='word_1_595' title='bbox 3047 4441 3066 4474; x_wconf 73' lang='grc' dir='ltr'><strong>ι</strong></span> <span class='ocrx_word' id='word_1_596' title='bbox 3106 4421 3169 4474; x_wconf 80' lang='grc' dir='ltr'>Εἰ</span> <span class='ocrx_word' id='word_1_597' title='bbox 3210 4418 3362 4474; x_wconf 77' lang='grc' dir='ltr'>πᾶσά</span> <span class='ocrx_word' id='word_1_598' title='bbox 3393 4435 3513 4480; x_wconf 81' lang='grc' dir='ltr'><strong>πως</strong></span> <span class='ocrx_word' id='word_1_599' title='bbox 3559 4417 3793 4486; x_wconf 77' lang='grc' dir='ltr'>ἀνάγκη</span> <span class='ocrx_word' id='word_1_600' title='bbox 3827 4419 3936 4474; x_wconf 56' lang='grc' dir='ltr'>τοις</span> 
     </span>
    </p>
   </div>
   <div class='ocr_carea' id='block_1_85' title="bbox 2347 4508 3941 4590">
    <p class='ocr_par' dir='ltr' id='par_1_85' title="bbox 2347 4508 3941 4590">
     <span class='ocr_line' id='line_1_85' title="bbox 2347 4508 3941 4590; baseline -0.01 -16"><span class='ocrx_word' id='word_1_601' title='bbox 2347 4525 2440 4576; x_wconf 79' lang='grc' dir='ltr'><strong>ἐπὶ</strong></span> <span class='ocrx_word' id='word_1_602' title='bbox 2464 4523 2560 4589; x_wconf 80' lang='grc' dir='ltr'>τῆς</span> <span class='ocrx_word' id='word_1_603' title='bbox 2585 4521 2683 4590; x_wconf 75' lang='grc' dir='ltr'>γῆς</span> <span class='ocrx_word' id='word_1_604' title='bbox 2712 4516 3112 4571; x_wconf 78' lang='grc' dir='ltr'>συνθάπτεσθαι</span> <span class='ocrx_word' id='word_1_605' title='bbox 3141 4509 3361 4582; x_wconf 78' lang='grc' dir='ltr'>Χριστῷ</span> <span class='ocrx_word' id='word_1_606' title='bbox 3383 4510 3473 4561; x_wconf 75' lang='grc' dir='ltr'>διὰ</span> <span class='ocrx_word' id='word_1_607' title='bbox 3500 4508 3602 4562; x_wconf 79' lang='grc' dir='ltr'>τοῦ</span> <span class='ocrx_word' id='word_1_608' title='bbox 3627 4509 3941 4578; x_wconf 48' lang='lat'><strong>33:15:51;-</strong></span> 
     </span>
    </p>
   </div>
   <div class='ocr_carea' id='block_1_86' title="bbox 2269 4488 2313 4542">
    <p class='ocr_par' dir='ltr' id='par_1_86' title="bbox 2269 4488 2313 4542">
     <span class='ocr_line' id='line_1_86' title="bbox 2269 4488 2313 4542; baseline 0 0"><span class='ocrx_word' id='word_1_609' title='bbox 2269 4488 2313 4542; x_wconf 82' lang='grc' dir='ltr'><strong>Ι)</strong></span> 
     </span>
    </p>
   </div>
   <div class='ocr_carea' id='block_1_87' title="bbox 668 4611 2234 4685">
    <p class='ocr_par' dir='ltr' id='par_1_87' title="bbox 668 4611 2234 4685">
     <span class='ocr_line' id='line_1_87' title="bbox 668 4611 2234 4685; baseline -0.015 -3"><span class='ocrx_word' id='word_1_610' title='bbox 668 4644 737 4683; x_wconf 89' lang='lat' dir='ltr'><strong>no</strong></span> <span class='ocrx_word' id='word_1_611' title='bbox 772 4638 1051 4680; x_wconf 83' lang='lat' dir='ltr'><strong>necessum</strong></span> <span class='ocrx_word' id='word_1_612' title='bbox 1081 4631 1198 4685; x_wconf 88' lang='lat' dir='ltr'><strong>est;</strong></span> <span class='ocrx_word' id='word_1_613' title='bbox 1237 4629 1291 4672; x_wconf 88' lang='lat' dir='ltr'><strong>ut</strong></span> <span class='ocrx_word' id='word_1_614' title='bbox 1317 4614 1775 4685; x_wconf 80' lang='lat' dir='ltr'><strong>quemadmodum</strong></span> <span class='ocrx_word' id='word_1_615' title='bbox 1838 4611 1926 4663; x_wconf 86' lang='lat' dir='ltr'><strong>ille</strong></span> <span class='ocrx_word' id='word_1_616' title='bbox 1977 4624 2041 4662; x_wconf 78' lang='lat' dir='ltr'><strong>ex</strong></span> <span class='ocrx_word' id='word_1_617' title='bbox 2089 4622 2234 4660; x_wconf 80' lang='lat' dir='ltr'><strong>mor-</strong></span> 
     </span>
    </p>
   </div>
   <div class='ocr_carea' id='block_1_88' title="bbox 670 4700 2232 4776">
    <p class='ocr_par' dir='ltr' id='par_1_88' title="bbox 670 4700 2232 4776">
     <span class='ocr_line' id='line_1_88' title="bbox 670 4700 2232 4776; baseline -0.015 -2"><span class='ocrx_word' id='word_1_618' title='bbox 670 4721 773 4774; x_wconf 89' lang='lat' dir='ltr'><strong>tuis</strong></span> <span class='ocrx_word' id='word_1_619' title='bbox 796 4715 1114 4776; x_wconf 84' lang='lat' dir='ltr'><strong>resurrexit,</strong></span> <span class='ocrx_word' id='word_1_620' title='bbox 1150 4712 1223 4764; x_wconf 81' lang='lat' dir='ltr'><strong>ita</strong></span> <span class='ocrx_word' id='word_1_621' title='bbox 1257 4723 1311 4764; x_wconf 88' lang='lat' dir='ltr'><strong>et</strong></span> <span class='ocrx_word' id='word_1_622' title='bbox 1349 4723 1443 4762; x_wconf 89' lang='lat' dir='ltr'><strong>nos</strong></span> <span class='ocrx_word' id='word_1_623' title='bbox 1464 4720 1686 4774; x_wconf 83' lang='lat' dir='ltr'><strong>quoque</strong></span> <span class='ocrx_word' id='word_1_624' title='bbox 1740 4703 1792 4754; x_wconf 91' lang='lat' dir='ltr'><strong>in</strong></span> <span class='ocrx_word' id='word_1_625' title='bbox 1841 4701 2077 4755; x_wconf 84' lang='lat' dir='ltr'><strong>novitate</strong></span> <span class='ocrx_word' id='word_1_626' title='bbox 2109 4700 2232 4751; x_wconf 66' lang='lat' dir='ltr'><strong>vitae</strong></span> 
     </span>
    </p>
   </div>
   <div class='ocr_carea' id='block_1_89' title="bbox 670 4789 2239 4870">
    <p class='ocr_par' dir='ltr' id='par_1_89' title="bbox 670 4789 2239 4870">
     <span class='ocr_line' id='line_1_89' title="bbox 670 4789 2239 4870; baseline -0.014 -7"><span class='ocrx_word' id='word_1_627' title='bbox 670 4808 1023 4867; x_wconf 84' lang='lat' dir='ltr'><strong>ambulemus,</strong></span> <span class='ocrx_word' id='word_1_628' title='bbox 1071 4813 1325 4870; x_wconf 86' lang='lat' dir='ltr'><strong>tanquam</strong></span> <span class='ocrx_word' id='word_1_629' title='bbox 1378 4795 1539 4850; x_wconf 88' lang='lat' dir='ltr'><strong>simul</strong></span> <span class='ocrx_word' id='word_1_630' title='bbox 1599 4805 1718 4846; x_wconf 85' lang='lat' dir='ltr'><strong>cum</strong></span> <span class='ocrx_word' id='word_1_631' title='bbox 1771 4806 1855 4855; x_wconf 89' lang='lat' dir='ltr'><strong>eo,</strong></span> <span class='ocrx_word' id='word_1_632' title='bbox 1917 4790 2007 4859; x_wconf 89' lang='lat' dir='ltr'><strong>qui</strong></span> <span class='ocrx_word' id='word_1_633' title='bbox 2063 4789 2239 4844; x_wconf 88' lang='lat' dir='ltr'><strong>nostri</strong></span> 
     </span>
    </p>
   </div>
   <div class='ocr_carea' id='block_1_90' title="bbox 671 4883 2241 4954">
    <p class='ocr_par' dir='ltr' id='par_1_90' title="bbox 671 4883 2241 4954">
     <span class='ocr_line' id='line_1_90' title="bbox 671 4883 2241 4954; baseline -0.011 0"><span class='ocrx_word' id='word_1_634' title='bbox 671 4913 835 4954; x_wconf 88' lang='lat' dir='ltr'><strong>causa</strong></span> <span class='ocrx_word' id='word_1_635' title='bbox 866 4906 1108 4950; x_wconf 88' lang='lat' dir='ltr'><strong>mortuus</strong></span> <span class='ocrx_word' id='word_1_636' title='bbox 1148 4900 1231 4946; x_wconf 88' lang='lat' dir='ltr'><strong>est</strong></span> <span class='ocrx_word' id='word_1_637' title='bbox 1276 4899 1330 4944; x_wconf 83' lang='lat' dir='ltr'><strong>et</strong></span> <span class='ocrx_word' id='word_1_638' title='bbox 1357 4904 1385 4942; x_wconf 84' lang='lat' dir='ltr'><strong>a</strong></span> <span class='ocrx_word' id='word_1_639' title='bbox 1419 4887 1653 4940; x_wconf 84' lang='lat' dir='ltr'><strong>mortuis</strong></span> <span class='ocrx_word' id='word_1_640' title='bbox 1710 4898 1922 4936; x_wconf 89' lang='lat' dir='ltr'><strong>rursum</strong></span> <span class='ocrx_word' id='word_1_641' title='bbox 1968 4883 2241 4937; x_wconf 76' lang='lat' dir='ltr'><strong>excitatus</strong></span> 
     </span>
    </p>
   </div>
   <div class='ocr_carea' id='block_1_91' title="bbox 670 4976 2235 5055">
    <p class='ocr_par' dir='ltr' id='par_1_91' title="bbox 670 4976 2235 5055">
     <span class='ocr_line' id='line_1_91' title="bbox 670 4976 2235 5055; baseline -0.014 -9"><span class='ocrx_word' id='word_1_642' title='bbox 670 5005 772 5055; x_wconf 88' lang='lat' dir='ltr'><strong>est,</strong></span> <span class='ocrx_word' id='word_1_643' title='bbox 805 4988 998 5044; x_wconf 90' lang='lat' dir='ltr'><strong>mortui</strong></span> <span class='ocrx_word' id='word_1_644' title='bbox 1029 4997 1084 5041; x_wconf 85' lang='lat' dir='ltr'><strong>et</strong></span> <span class='ocrx_word' id='word_1_645' title='bbox 1114 4984 1368 5038; x_wconf 78' lang='lat' dir='ltr'><strong>excitati:</strong></span> <span class='ocrx_word' id='word_1_646' title='bbox 1405 4978 1651 5049; x_wconf 80' lang='lat' dir='ltr'><strong>profecto</strong></span> <span class='ocrx_word' id='word_1_647' title='bbox 1693 4992 1799 5031; x_wconf 89' lang='lat' dir='ltr'><strong>non</strong></span> <span class='ocrx_word' id='word_1_648' title='bbox 1847 4976 2052 5044; x_wconf 85' lang='lat' dir='ltr'><strong>absque</strong></span> <span class='ocrx_word' id='word_1_649' title='bbox 2085 4991 2235 5028; x_wconf 81' lang='lat' dir='ltr'><strong>suni-</strong></span> 
     </span>
    </p>
   </div>
   <div class='ocr_carea' id='block_1_92' title="bbox 673 5066 2240 5137">
    <p class='ocr_par' dir='ltr' id='par_1_92' title="bbox 673 5066 2240 5137">
     <span class='ocr_line' id='line_1_92' title="bbox 673 5066 2240 5137; baseline -0.013 0"><span class='ocrx_word' id='word_1_650' title='bbox 673 5099 758 5137; x_wconf 87' lang='lat' dir='ltr'><strong>ma</strong></span> <span class='ocrx_word' id='word_1_651' title='bbox 792 5081 1023 5135; x_wconf 84' lang='lat' dir='ltr'><strong>utilitate</strong></span> <span class='ocrx_word' id='word_1_652' title='bbox 1047 5092 1108 5131; x_wconf 88' lang='lat' dir='ltr'><strong>ac</strong></span> <span class='ocrx_word' id='word_1_653' title='bbox 1129 5073 1453 5128; x_wconf 87' lang='lat' dir='ltr'><strong>necessitate</strong></span> <span class='ocrx_word' id='word_1_654' title='bbox 1480 5069 1878 5124; x_wconf 88' lang='lat' dir='ltr'><strong>incarnationis</strong></span> <span class='ocrx_word' id='word_1_655' title='bbox 1913 5066 2240 5137; x_wconf 82' lang='lat' dir='ltr'><strong>mysterium</strong></span> 
     </span>
    </p>
   </div>
   <div class='ocr_carea' id='block_1_93' title="bbox 674 5158 2243 5245">
    <p class='ocr_par' dir='ltr' id='par_1_93' title="bbox 674 5158 2243 5245">
     <span class='ocr_line' id='line_1_93' title="bbox 674 5158 2243 5245; baseline -0.012 -18"><span class='ocrx_word' id='word_1_656' title='bbox 674 5184 938 5245; x_wconf 80' lang='lat' dir='ltr'><strong>patratum</strong></span> <span class='ocrx_word' id='word_1_657' title='bbox 971 5180 1071 5234; x_wconf 73' lang='lat' dir='ltr'><strong>est,</strong></span> <span class='ocrx_word' id='word_1_658' title='bbox 1128 5166 1386 5233; x_wconf 78' lang='lat' dir='ltr'><strong>carnique</strong></span> <span class='ocrx_word' id='word_1_659' title='bbox 1414 5171 1468 5217; x_wconf 88' lang='lat' dir='ltr'><strong>ct</strong></span> <span class='ocrx_word' id='word_1_660' title='bbox 1499 5162 1749 5232; x_wconf 88' lang='lat' dir='ltr'><strong>sanguini</strong></span> <span class='ocrx_word' id='word_1_661' title='bbox 1815 5158 2243 5215; x_wconf 86' lang='lat' dir='ltr'><strong>communicavit</strong></span> 
     </span>
    </p>
   </div>
   <div class='ocr_carea' id='block_1_94' title="bbox 672 5252 2240 5332">
    <p class='ocr_par' dir='ltr' id='par_1_94' title="bbox 672 5252 2240 5332">
     <span class='ocr_line' id='line_1_94' title="bbox 672 5252 2240 5332; baseline -0.015 -8"><span class='ocrx_word' id='word_1_662' title='bbox 672 5270 943 5332; x_wconf 72' lang='lat' dir='ltr'><strong>Verbum;</strong></span> <span class='ocrx_word' id='word_1_663' title='bbox 977 5278 1105 5332; x_wconf 86' lang='lat' dir='ltr'><strong>quo,</strong></span> <span class='ocrx_word' id='word_1_664' title='bbox 1143 5258 1399 5312; x_wconf 85' lang='lat' dir='ltr'><strong>videlicet</strong></span> <span class='ocrx_word' id='word_1_665' title='bbox 1426 5254 1585 5310; x_wconf 88' lang='lat' dir='ltr'><strong>simul</strong></span> <span class='ocrx_word' id='word_1_666' title='bbox 1613 5270 1732 5309; x_wconf 90' lang='lat' dir='ltr'><strong>cum</strong></span> <span class='ocrx_word' id='word_1_667' title='bbox 1789 5252 1884 5307; x_wconf 91' lang='lat' dir='ltr'><strong>illo</strong></span> <span class='ocrx_word' id='word_1_668' title='bbox 1917 5252 2008 5322; x_wconf 88' lang='lat' dir='ltr'><strong>qui</strong></span> <span class='ocrx_word' id='word_1_669' title='bbox 2039 5265 2240 5307; x_wconf 84' lang='lat' dir='ltr'><strong>secun-</strong></span> 
     </span>
    </p>
   </div>
   <div class='ocr_carea' id='block_1_95' title="bbox 675 5349 2241 5421">
    <p class='ocr_par' dir='ltr' id='par_1_95' title="bbox 675 5349 2241 5421">
     <span class='ocr_line' id='line_1_95' title="bbox 675 5349 2241 5421; baseline -0.015 -5"><span class='ocrx_word' id='word_1_670' title='bbox 675 5367 794 5421; x_wconf 86' lang='lat' dir='ltr'><strong>dum</strong></span> <span class='ocrx_word' id='word_1_671' title='bbox 830 5371 1048 5413; x_wconf 89' lang='lat' dir='ltr'><strong>carnem</strong></span> <span class='ocrx_word' id='word_1_672' title='bbox 1095 5364 1338 5407; x_wconf 87' lang='lat' dir='ltr'><strong>mortuus</strong></span> <span class='ocrx_word' id='word_1_673' title='bbox 1393 5359 1447 5402; x_wconf 88' lang='lat' dir='ltr'><strong>et</strong></span> <span class='ocrx_word' id='word_1_674' title='bbox 1506 5349 1854 5402; x_wconf 90' lang='lat' dir='ltr'><strong>resuscitatus</strong></span> <span class='ocrx_word' id='word_1_675' title='bbox 1882 5354 1983 5410; x_wconf 89' lang='lat' dir='ltr'><strong>est,</strong></span> <span class='ocrx_word' id='word_1_676' title='bbox 2045 5353 2100 5399; x_wconf 89' lang='lat' dir='ltr'><strong>et</strong></span> <span class='ocrx_word' id='word_1_677' title='bbox 2147 5356 2241 5396; x_wconf 85' lang='lat' dir='ltr'><strong>nos</strong></span> 
     </span>
    </p>
   </div>
   <div class='ocr_carea' id='block_1_96' title="bbox 673 5447 1688 5518">
    <p class='ocr_par' dir='ltr' id='par_1_96' title="bbox 673 5447 1688 5518">
     <span class='ocr_line' id='line_1_96' title="bbox 673 5447 1688 5518; baseline -0.016 -12"><span class='ocrx_word' id='word_1_678' title='bbox 673 5463 885 5518; x_wconf 86' lang='lat' dir='ltr'><strong>quoque</strong></span> <span class='ocrx_word' id='word_1_679' title='bbox 913 5447 1208 5499; x_wconf 87' lang='lat' dir='ltr'><strong>moriamur</strong></span> <span class='ocrx_word' id='word_1_680' title='bbox 1235 5453 1288 5496; x_wconf 91' lang='lat' dir='ltr'><strong>et</strong></span> <span class='ocrx_word' id='word_1_681' title='bbox 1312 5454 1688 5509; x_wconf 86' lang='lat' dir='ltr'><strong>resurgamus.</strong></span> 
     </span>
    </p>
   </div>
   <div class='ocr_carea' id='block_1_97' title="bbox 749 5526 2243 5604">
    <p class='ocr_par' dir='ltr' id='par_1_97' title="bbox 749 5526 2243 5604">
     <span class='ocr_line' id='line_1_97' title="bbox 749 5526 2243 5604; baseline -0.009 -12"><span class='ocrx_word' id='word_1_682' title='bbox 749 5561 766 5592; x_wconf 80' lang='grc' dir='ltr'><strong>ι</strong></span> <span class='ocrx_word' id='word_1_683' title='bbox 808 5541 862 5594; x_wconf 90' lang='lat' dir='ltr'><strong>Si</strong></span> <span class='ocrx_word' id='word_1_684' title='bbox 892 5540 1034 5592; x_wconf 87' lang='lat' dir='ltr'><strong>cnim</strong></span> <span class='ocrx_word' id='word_1_685' title='bbox 1096 5534 1440 5604; x_wconf 79' lang='lat' dir='ltr'><strong>complantati</strong></span> <span class='ocrx_word' id='word_1_686' title='bbox 1495 5533 1620 5586; x_wconf 81' lang='lat' dir='ltr'><strong>facti</strong></span> <span class='ocrx_word' id='word_1_687' title='bbox 1683 5546 1866 5586; x_wconf 90' lang='lat' dir='ltr'><strong>sumus</strong></span> <span class='ocrx_word' id='word_1_688' title='bbox 1900 5526 2243 5583; x_wconf 87' lang='lat' dir='ltr'><strong>similitudini</strong></span> 
     </span>
    </p>
   </div>
   <div class='ocr_carea' id='block_1_98' title="bbox 677 5620 2234 5699">
    <p class='ocr_par' dir='ltr' id='par_1_98' title="bbox 677 5620 2234 5699">
     <span class='ocr_line' id='line_1_98' title="bbox 677 5620 2234 5699; baseline -0.01 -13"><span class='ocrx_word' id='word_1_689' title='bbox 677 5634 865 5687; x_wconf 86' lang='lat' dir='ltr'><strong>mortis</strong></span> <span class='ocrx_word' id='word_1_690' title='bbox 894 5631 1030 5699; x_wconf 85' lang='lat' dir='ltr'><strong>ejus,</strong></span> <span class='ocrx_word' id='word_1_691' title='bbox 1088 5629 1244 5683; x_wconf 87' lang='lat' dir='ltr'><strong>simul</strong></span> <span class='ocrx_word' id='word_1_692' title='bbox 1302 5637 1355 5680; x_wconf 86' lang='lat' dir='ltr'><strong>ct</strong></span> <span class='ocrx_word' id='word_1_693' title='bbox 1409 5624 1821 5681; x_wconf 73' lang='lat' dir='ltr'><strong>resurrCCtionis</strong></span> <span class='ocrx_word' id='word_1_694' title='bbox 1876 5621 2080 5675; x_wconf 87' lang='lat' dir='ltr'><strong>erimus</strong></span> <span class='ocrx_word' id='word_1_695' title='bbox 2104 5620 2170 5669; x_wconf 74' lang='grc'><strong>⁷⁸.</strong></span> <span class='ocrx_word' id='word_1_696' title='bbox 2219 5639 2234 5671; x_wconf 75' lang='grc' dir='ltr'><strong>ι</strong></span> 
     </span>
    </p>
   </div>
   <div class='ocr_carea' id='block_1_99' title="bbox 772 5776 1901 5846">
    <p class='ocr_par' dir='ltr' id='par_1_99' title="bbox 772 5776 1901 5846">
     <span class='ocr_line' id='line_1_99' title="bbox 772 5776 1901 5846; baseline 0.006 -9"><span class='ocrx_word' id='word_1_697' title='bbox 772 5787 858 5838; x_wconf 80' lang='grc' dir='ltr'><strong>⁷¹Ι</strong></span> <span class='ocrx_word' id='word_1_698' title='bbox 898 5786 1036 5838; x_wconf 75' lang='lat' dir='ltr'><strong>l’elr.</strong></span> <span class='ocrx_word' id='word_1_699' title='bbox 1070 5802 1104 5836; x_wconf 90' lang='lat' dir='ltr'><strong>l.</strong></span> <span class='ocrx_word' id='word_1_700' title='bbox 1142 5783 1225 5846; x_wconf 74' lang='lat' dir='ltr'><strong>l8,</strong></span> <span class='ocrx_word' id='word_1_701' title='bbox 1266 5780 1342 5834; x_wconf 80' lang='grc'><strong>19-</strong></span> <span class='ocrx_word' id='word_1_702' title='bbox 1424 5779 1648 5832; x_wconf 64' lang='lat' dir='ltr'><strong>“Rom-</strong></span> <span class='ocrx_word' id='word_1_703' title='bbox 1688 5795 1733 5837; x_wconf 68' lang='lat' dir='ltr'><strong>Va</strong></span> <span class='ocrx_word' id='word_1_704' title='bbox 1766 5778 1817 5836; x_wconf 72' lang='grc' dir='ltr'><strong>δ»</strong></span> <span class='ocrx_word' id='word_1_705' title='bbox 1849 5776 1901 5826; x_wconf 71' lang='lat'><strong>9-</strong></span> 
     </span>
    </p>
   </div>
   <div class='ocr_carea' id='block_1_100' title="bbox 1982 5771 2311 5827">
    <p class='ocr_par' dir='ltr' id='par_1_100' title="bbox 1982 5771 2311 5827">
     <span class='ocr_line' id='line_1_100' title="bbox 1982 5771 2311 5827; baseline -0.012 -1"><span class='ocrx_word' id='word_1_706' title='bbox 1982 5775 2025 5802; x_wconf 47' lang='grc' dir='ltr'>τί</span> <span class='ocrx_word' id='word_1_707' title='bbox 2058 5773 2186 5827; x_wconf 87' lang='lat' dir='ltr'><strong>ihid.</strong></span> <span class='ocrx_word' id='word_1_708' title='bbox 2231 5771 2311 5822; x_wconf 80' lang='lat' dir='ltr'><strong>l0.</strong></span> 
     </span>
    </p>
   </div>
   <div class='ocr_carea' id='block_1_101' title="bbox 2345 4600 3940 4677">
    <p class='ocr_par' dir='ltr' id='par_1_101' title="bbox 2345 4600 3940 4677">
     <span class='ocr_line' id='line_1_101' title="bbox 2345 4600 3940 4677; baseline -0.013 -9"><span class='ocrx_word' id='word_1_709' title='bbox 2345 4631 2436 4677; x_wconf 82' lang='lat'><strong>1:0;</strong></span> <span class='ocrx_word' id='word_1_710' title='bbox 2466 4615 2544 4676; x_wconf 89' lang='grc' dir='ltr'><strong>εἰς</strong></span> <span class='ocrx_word' id='word_1_711' title='bbox 2576 4613 2664 4665; x_wconf 70' lang='grc' dir='ltr'>τὸν</span> <span class='ocrx_word' id='word_1_712' title='bbox 2701 4610 2930 4663; x_wconf 77' lang='grc' dir='ltr'>θάνατον</span> <span class='ocrx_word' id='word_1_713' title='bbox 2960 4605 3147 4667; x_wconf 78' lang='grc' dir='ltr'>αὑτοῦ,</span> <span class='ocrx_word' id='word_1_714' title='bbox 3182 4604 3269 4655; x_wconf 75' lang='grc' dir='ltr'><strong>ἵνα</strong></span> <span class='ocrx_word' id='word_1_715' title='bbox 3311 4601 3504 4668; x_wconf 77' lang='grc' dir='ltr'>ὥσπερ</span> <span class='ocrx_word' id='word_1_716' title='bbox 3551 4600 3732 4662; x_wconf 71' lang='grc' dir='ltr'>αὐτὸς</span> <span class='ocrx_word' id='word_1_717' title='bbox 3765 4601 3831 4650; x_wconf 76' lang='grc' dir='ltr'><strong>ἐκ</strong></span> <span class='ocrx_word' id='word_1_718' title='bbox 3863 4615 3940 4647; x_wconf 76' lang='grc' dir='ltr'>νε·</span> 
     </span>
    </p>
   </div>
   <div class='ocr_carea' id='block_1_102' title="bbox 2347 4689 3944 4776">
    <p class='ocr_par' dir='ltr' id='par_1_102' title="bbox 2347 4689 3944 4776">
     <span class='ocr_line' id='line_1_102' title="bbox 2347 4689 3944 4776; baseline -0.013 -18"><span class='ocrx_word' id='word_1_719' title='bbox 2347 4705 2496 4776; x_wconf 72' lang='grc' dir='ltr'>κρῶν</span> <span class='ocrx_word' id='word_1_720' title='bbox 2525 4707 2846 4772; x_wconf 71' lang='grc' dir='ltr'>ἐγήγερται,</span> <span class='ocrx_word' id='word_1_721' title='bbox 2871 4698 2964 4751; x_wconf 74' lang='grc' dir='ltr'>καὶ</span> <span class='ocrx_word' id='word_1_722' title='bbox 3002 4698 3164 4766; x_wconf 74' lang='grc' dir='ltr'>ἡμεῖς</span> <span class='ocrx_word' id='word_1_723' title='bbox 3192 4696 3247 4745; x_wconf 79' lang='grc' dir='ltr'><strong>ὲν</strong></span> <span class='ocrx_word' id='word_1_724' title='bbox 3283 4689 3568 4759; x_wconf 75' lang='grc' dir='ltr'>καινότητι</span> <span class='ocrx_word' id='word_1_725' title='bbox 3605 4690 3765 4759; x_wconf 73' lang='grc' dir='ltr'>ζωῆς</span> <span class='ocrx_word' id='word_1_726' title='bbox 3802 4706 3944 4756; x_wconf 61' lang='grc' dir='ltr'>περ·</span> 
     </span>
    </p>
   </div>
   <div class='ocr_carea' id='block_1_103' title="bbox 2351 4783 3941 4868">
    <p class='ocr_par' dir='ltr' id='par_1_103' title="bbox 2351 4783 3941 4868">
     <span class='ocr_line' id='line_1_103' title="bbox 2351 4783 3941 4868; baseline -0.014 -17"><span class='ocrx_word' id='word_1_727' title='bbox 2351 4799 2712 4868; x_wconf 78' lang='grc' dir='ltr'>πατήσωμεν,</span> <span class='ocrx_word' id='word_1_728' title='bbox 2748 4793 2822 4854; x_wconf 84' lang='grc' dir='ltr'>ὼς</span> <span class='ocrx_word' id='word_1_729' title='bbox 2857 4786 3292 4859; x_wconf 82' lang='grc' dir='ltr'>συντεθαμμένοι</span> <span class='ocrx_word' id='word_1_730' title='bbox 3337 4783 3432 4837; x_wconf 71' lang='grc' dir='ltr'><strong>καὶ</strong></span> <span class='ocrx_word' id='word_1_731' title='bbox 3464 4783 3941 4853; x_wconf 59' lang='grc' dir='ltr'>συνεγηγερμέ-νιι</span> 
     </span>
    </p>
   </div>
   <div class='ocr_carea' id='block_1_104' title="bbox 2350 4873 3941 4960">
    <p class='ocr_par' dir='ltr' id='par_1_104' title="bbox 2350 4873 3941 4960">
     <span class='ocr_line' id='line_1_104' title="bbox 2350 4873 3941 4960; baseline -0.014 -18"><span class='ocrx_word' id='word_1_732' title='bbox 2350 4890 2425 4960; x_wconf 80' lang='grc' dir='ltr'><strong>τῷ</strong></span> <span class='ocrx_word' id='word_1_733' title='bbox 2473 4890 2538 4941; x_wconf 85' lang='grc' dir='ltr'>δι’</span> <span class='ocrx_word' id='word_1_734' title='bbox 2574 4888 2718 4957; x_wconf 78' lang='grc' dir='ltr'>ἡμᾶς</span> <span class='ocrx_word' id='word_1_735' title='bbox 2747 4881 3075 4937; x_wconf 82' lang='grc' dir='ltr'>ἀποθανόντι</span> <span class='ocrx_word' id='word_1_736' title='bbox 3118 4877 3215 4931; x_wconf 70' lang='grc' dir='ltr'><strong>καὶ</strong></span> <span class='ocrx_word' id='word_1_737' title='bbox 3240 4873 3642 4944; x_wconf 75' lang='grc' dir='ltr'>ὲγηγερμένῳο</span> <span class='ocrx_word' id='word_1_738' title='bbox 3692 4873 3941 4943; x_wconf 67' lang='grc' dir='ltr'>χρειωτῖέ-</span> 
     </span>
    </p>
   </div>
   <div class='ocr_carea' id='block_1_105' title="bbox 2357 4966 3941 5042">
    <p class='ocr_par' dir='ltr' id='par_1_105' title="bbox 2357 4966 3941 5042">
     <span class='ocr_line' id='line_1_105' title="bbox 2357 4966 3941 5042; baseline -0.013 -8"><span class='ocrx_word' id='word_1_739' title='bbox 2357 4981 2529 5034; x_wconf 87' lang='grc' dir='ltr'>στατὰ</span> <span class='ocrx_word' id='word_1_740' title='bbox 2555 4997 2615 5031; x_wconf 88' lang='grc' dir='ltr'><strong>τε</strong></span> <span class='ocrx_word' id='word_1_741' title='bbox 2647 4979 2739 5031; x_wconf 74' lang='grc' dir='ltr'><strong>καὶ</strong></span> <span class='ocrx_word' id='word_1_742' title='bbox 2770 4974 3083 5042; x_wconf 76' lang='grc' dir='ltr'>ἀναγκαίως</span> <span class='ocrx_word' id='word_1_743' title='bbox 3112 4970 3175 5022; x_wconf 82' lang='grc' dir='ltr'><strong>τὸ</strong></span> <span class='ocrx_word' id='word_1_744' title='bbox 3203 4970 3304 5038; x_wconf 71' lang='grc' dir='ltr'>τῆς</span> <span class='ocrx_word' id='word_1_745' title='bbox 3335 4967 3828 5035; x_wconf 79' lang='grc' dir='ltr'>ὲνανθρωπήσεως</span> <span class='ocrx_word' id='word_1_746' title='bbox 3861 4966 3941 5014; x_wconf 71' lang='grc' dir='ltr'>ττι-</span> 
     </span>
    </p>
   </div>
   <div class='ocr_carea' id='block_1_106' title="bbox 2357 5059 3942 5147">
    <p class='ocr_par' dir='ltr' id='par_1_106' title="bbox 2357 5059 3942 5147">
     <span class='ocr_line' id='line_1_106' title="bbox 2357 5059 3942 5147; baseline -0.011 -19"><span class='ocrx_word' id='word_1_747' title='bbox 2357 5092 2595 5147; x_wconf 81' lang='grc' dir='ltr'>πρακται</span> <span class='ocrx_word' id='word_1_748' title='bbox 2623 5073 2940 5142; x_wconf 78' lang='grc' dir='ltr'>μυστήριον,</span> <span class='ocrx_word' id='word_1_749' title='bbox 2974 5065 3176 5136; x_wconf 84' lang='grc' dir='ltr'>σαρκός</span> <span class='ocrx_word' id='word_1_750' title='bbox 3206 5079 3265 5113; x_wconf 83' lang='grc' dir='ltr'><strong>τε</strong></span> <span class='ocrx_word' id='word_1_751' title='bbox 3295 5061 3387 5112; x_wconf 67' lang='grc' dir='ltr'><strong>καὶ</strong></span> <span class='ocrx_word' id='word_1_752' title='bbox 3415 5059 3657 5127; x_wconf 75' lang='grc' dir='ltr'>αἵματος</span> <span class='ocrx_word' id='word_1_753' title='bbox 3688 5059 3942 5128; x_wconf 52' lang='lat' dir='ltr'><strong>gaza-squ</strong></span> 
     </span>
    </p>
   </div>
   <div class='ocr_carea' id='block_1_107' title="bbox 2355 5145 3945 5233">
    <p class='ocr_par' dir='ltr' id='par_1_107' title="bbox 2355 5145 3945 5233">
     <span class='ocr_line' id='line_1_107' title="bbox 2355 5145 3945 5233; baseline -0.017 -14"><span class='ocrx_word' id='word_1_754' title='bbox 2355 5169 2382 5220; x_wconf 87' lang='grc' dir='ltr'>ὁ</span> <span class='ocrx_word' id='word_1_755' title='bbox 2407 5166 2598 5233; x_wconf 83' lang='grc' dir='ltr'>Λόγος·</span> <span class='ocrx_word' id='word_1_756' title='bbox 2631 5163 2717 5215; x_wconf 83' lang='grc' dir='ltr'><strong>ἵνα</strong></span> <span class='ocrx_word' id='word_1_757' title='bbox 2747 5161 2841 5214; x_wconf 76' lang='grc' dir='ltr'><strong>καὶ</strong></span> <span class='ocrx_word' id='word_1_758' title='bbox 2865 5156 3158 5211; x_wconf 82' lang='grc' dir='ltr'>ἀποθανεῖν</span> <span class='ocrx_word' id='word_1_759' title='bbox 3197 5149 3479 5219; x_wconf 71' lang='grc' dir='ltr'>λεγομένῳ</span> <span class='ocrx_word' id='word_1_760' title='bbox 3509 5149 3836 5216; x_wconf 73' lang='grc' dir='ltr'>σαρκικῶτ.</span> <span class='ocrx_word' id='word_1_761' title='bbox 3863 5145 3945 5197; x_wconf 66' lang='lat'><strong>12‘;</strong></span> 
     </span>
    </p>
   </div>
   <div class='ocr_carea' id='block_1_108' title="bbox 2359 5242 3944 5328">
    <p class='ocr_par' dir='ltr' id='par_1_108' title="bbox 2359 5242 3944 5328">
     <span class='ocr_line' id='line_1_108' title="bbox 2359 5242 3944 5328; baseline -0.016 -17"><span class='ocrx_word' id='word_1_762' title='bbox 2359 5257 2462 5328; x_wconf 74' lang='grc' dir='ltr'><strong>μὴν</strong></span> <span class='ocrx_word' id='word_1_763' title='bbox 2491 5256 2584 5308; x_wconf 64' lang='grc' dir='ltr'>καὶ</span> <span class='ocrx_word' id='word_1_764' title='bbox 2617 5251 2997 5323; x_wconf 78' lang='grc' dir='ltr'>ἐγηγερμένῳ,</span> <span class='ocrx_word' id='word_1_765' title='bbox 3035 5242 3496 5310; x_wconf 78' lang='grc' dir='ltr'>συναποθάνωμεν</span> <span class='ocrx_word' id='word_1_766' title='bbox 3543 5243 3642 5292; x_wconf 70' lang='grc' dir='ltr'><strong>καὶ</strong></span> <span class='ocrx_word' id='word_1_767' title='bbox 3690 5255 3944 5306; x_wconf 59' lang='grc' dir='ltr'>συνςγερ·</span> 
     </span>
    </p>
   </div>
   <div class='ocr_carea' id='block_1_109' title="bbox 2357 5350 2559 5418">
    <p class='ocr_par' dir='ltr' id='par_1_109' title="bbox 2357 5350 2559 5418">
     <span class='ocr_line' id='line_1_109' title="bbox 2357 5350 2559 5418; baseline -0.005 -16"><span class='ocrx_word' id='word_1_768' title='bbox 2357 5350 2559 5418; x_wconf 75' lang='grc' dir='ltr'>Οῶμεν.</span> 
     </span>
    </p>
   </div>
   <div class='ocr_carea' id='block_1_110' title="bbox 2432 5504 3938 5593">
    <p class='ocr_par' dir='ltr' id='par_1_110' title="bbox 2432 5504 3938 5593">
     <span class='ocr_line' id='line_1_110' title="bbox 2432 5504 3938 5593; baseline -0.017 -15"><span class='ocrx_word' id='word_1_769' title='bbox 2432 5547 2448 5577; x_wconf 79' lang='grc' dir='ltr'><strong>ι</strong></span> <span class='ocrx_word' id='word_1_770' title='bbox 2486 5527 2546 5578; x_wconf 80' lang='grc' dir='ltr'>Εἰ</span> <span class='ocrx_word' id='word_1_771' title='bbox 2574 5524 2680 5593; x_wconf 79' lang='grc' dir='ltr'>γὰρ</span> <span class='ocrx_word' id='word_1_772' title='bbox 2716 5522 2990 5590; x_wconf 74' lang='grc' dir='ltr'>σύμφυτοι</span> <span class='ocrx_word' id='word_1_773' title='bbox 3036 5516 3346 5584; x_wconf 80' lang='grc' dir='ltr'>γεγόναμεν</span> <span class='ocrx_word' id='word_1_774' title='bbox 3371 5511 3452 5581; x_wconf 77' lang='grc' dir='ltr'>τῷ</span> <span class='ocrx_word' id='word_1_775' title='bbox 3497 5509 3827 5579; x_wconf 68' lang='grc' dir='ltr'>ὁμοιώματι</span> <span class='ocrx_word' id='word_1_776' title='bbox 3866 5504 3938 5555; x_wconf 72' lang='grc' dir='ltr'><strong>τ·.ῗ</strong></span> 
     </span>
    </p>
   </div>
   <div class='ocr_carea' id='block_1_111' title="bbox 2359 5598 3940 5676">
    <p class='ocr_par' dir='ltr' id='par_1_111' title="bbox 2359 5598 3940 5676">
     <span class='ocr_line' id='line_1_111' title="bbox 2359 5598 3940 5676; baseline -0.013 -8"><span class='ocrx_word' id='word_1_777' title='bbox 2359 5617 2588 5669; x_wconf 72' lang='grc' dir='ltr'>θανάτου</span> <span class='ocrx_word' id='word_1_778' title='bbox 2614 5611 2799 5676; x_wconf 75' lang='grc' dir='ltr'>αὐτοῦ,</span> <span class='ocrx_word' id='word_1_779' title='bbox 2827 5609 2964 5663; x_wconf 73' lang='grc' dir='ltr'>ἀλλὰ</span> <span class='ocrx_word' id='word_1_780' title='bbox 2995 5608 3089 5660; x_wconf 70' lang='grc' dir='ltr'><strong>καὶ</strong></span> <span class='ocrx_word' id='word_1_781' title='bbox 3115 5606 3215 5675; x_wconf 79' lang='grc' dir='ltr'>τῆς</span> <span class='ocrx_word' id='word_1_782' title='bbox 3246 5604 3608 5666; x_wconf 67' lang='grc' dir='ltr'>ἀναστάσεως</span> <span class='ocrx_word' id='word_1_783' title='bbox 3634 5598 3898 5670; x_wconf 70' lang='grc' dir='ltr'>ἐσόμεθα.</span> <span class='ocrx_word' id='word_1_784' title='bbox 3928 5613 3940 5642; x_wconf 69' lang='grc' dir='ltr'><strong>ι</strong></span> 
     </span>
    </p>
   </div>
   <div class='ocr_carea' id='block_1_112' title="bbox 2393 5759 3268 5825">
    <p class='ocr_par' dir='ltr' id='par_1_112' title="bbox 2393 5759 3268 5825">
     <span class='ocr_line' id='line_1_112' title="bbox 2393 5759 3268 5825; baseline -0.009 -6"><span class='ocrx_word' id='word_1_785' title='bbox 2393 5769 2433 5796; x_wconf 69' lang='grc'><strong>’⁵</strong></span> <span class='ocrx_word' id='word_1_786' title='bbox 2465 5768 2617 5818; x_wconf 79' lang='lat' dir='ltr'><strong>Rom.</strong></span> <span class='ocrx_word' id='word_1_787' title='bbox 2653 5781 2724 5825; x_wconf 85' lang='grc' dir='ltr'>γι,</span> <span class='ocrx_word' id='word_1_788' title='bbox 2760 5765 2811 5822; x_wconf 74' lang='grc'>3,</span> <span class='ocrx_word' id='word_1_789' title='bbox 2844 5764 2893 5815; x_wconf 69' lang='grc' dir='ltr'><strong>εἰ.</strong></span> <span class='ocrx_word' id='word_1_790' title='bbox 2977 5762 3019 5790; x_wconf 67' lang='grc'><strong>⁷³³</strong></span> <span class='ocrx_word' id='word_1_791' title='bbox 3051 5759 3182 5812; x_wconf 81' lang='lat' dir='ltr'><strong>ihiri.</strong></span> <span class='ocrx_word' id='word_1_792' title='bbox 3215 5759 3268 5812; x_wconf 83' lang='lat'><strong>5.</strong></span> 
     </span>
    </p>
   </div>
  </div>
