4040 6518
152 452 263 508 1Ξ93
1151 438 1237 495 DE
1275 429 1506 494 RECTA
1544 431 1699 488 FIDE
1734 430 1824 488 AD
1861 426 2180 483 REGINAS.
3168 419 3307 475 129‘

149 564 276 619 Κατὰ
299 564 368 618 τὸν
389 561 495 615 ἴσον
521 560 599 629 τῷ
629 555 828 630 πρώτῳ
849 556 1047 630 τρόπον
1075 555 1290 627 νοήσεις
1328 553 1424 607 καὶ
1453 550 1638 605 τοῦτο·
1672 551 1694 605 Α

1830 544 2077 602 eumdem
2101 556 2319 630 sensum
2348 546 2404 596 et
2430 539 2573 630 istud
2588 550 2800 609 quoque
2821 550 3094 609 exponas:
3132 534 3309 603 «Quo-

150 676 169 710 t
209 656 376 726 Ἐπειδὴ
407 653 511 723 γὰρ
540 627 607 704 δι’
635 627 922 721 ἀνθρώπου
949 652 977 704 6
1007 648 1237 711 θάνατος
1256 684 1273 709 ,
1299 646 1396 699 καὶ
1437 643 1505 695 δι’
1552 640 1645 693 ἀνι

1802 642 1895 691 ;am
1923 634 2140 706 quidem
2170 648 2266 706 per
2300 628 2577 687 hominem
2606 638 2778 694 mors,
2808 630 2863 683 et
2891 643 2991 699 per
3033 627 3307 684 hominem

141 747 321 819 θρώπου
341 718 618 804 ἀνάστασις
648 718 886 813 νεκρῶν*
919 741 1109 810 ὥσπερ
1134 738 1242 808 γὰρ
1272 734 1331 789 ὲν
1360 731 1436 803 τῷ
1474 730 1647 799 Ἀδὰμ

1802 725 2077 781 :surrectio
2101 730 2475 789 mortuorum;
2527 728 2583 774 et
2636 719 2779 774 sicut
2808 718 2861 773 in
2917 718 3086 774 Adam
3118 732 3313 776 omnes

139 808 307 900 πάντες
343 808 783 905 ἀποθνήσκουσιν,
849 833 991 887 οὕτω
1038 808 1135 884 καὶ
1179 828 1238 879 ὲν
1294 824 1373 895 τῷ
1425 819 1647 893 Χριστῷ

1802 814 2074 881 oriuntur,
2128 814 2203 868 ita
2256 822 2310 868 et
2351 812 2406 870 in
2472 809 2691 867 Christo
2740 822 2929 863 omnes
2957 808 3318 864 viviﬁcabun—

139 898 309 992 πάντεξ
343 898 847 997 ζωοποιηθήσονται.
883 944 901 977 s
934 921 1195 990 Δεύτερος
1227 915 1398 985 Ἀδὰμ
1446 924 1648 983 κεχρηά

1802 920 1839 959 II‘
1864 904 1934 957 ".
1977 921 1997 957 ι
2023 903 2275 959 Christus
2321 900 2597 959 secundus
2643 898 2817 953 Adam
2856 898 3160 971 appellatus
3208 910 3317 957 est.

142 986 376 1093 μάτικινό
399 986 658 1090 Χριστός·
684 1018 779 1072 καὶ
807 1015 995 1085 ὥσπερ
1020 1015 1048 1067 6
1074 986 1289 1081 πρῶτος
1303 1004 1476 1075 Ἀδὰμ
1501 1006 1649 1076 ήμᾶς

1805 1000 2029 1049 tantem
2081 991 2295 1063 primus
2340 989 2515 1046 Adam
2543 1004 2642 1045 nos
2671 986 2869 1058 dejecit
2924 989 2978 1043 in
3013 991 3322 1060 corruptio-

137 1079 553 1171 κατεϐίϐασενείς
581 1079 806 1176 φθορὰν,
854 1079 1027 1163 οὕτως
1058 1101 1086 1153 6
1111 1079 1361 1167 δεύτερος
1395 1095 1650 1165 ἀνεκόμι-

1802 1100 1901 1150 em,
1936 1084 2008 1138 ita
2036 1083 2307 1138 secundus
2361 1081 2532 1135 Adam
2560 1096 2659 1137 nos
2716 1079 2970 1153 provexit
3012 1080 3075 1135 ad
3115 1081 3318 1145 vitam;

136 1214 220 1252 σεν
262 1199 326 1261 είς
364 1197 521 1269 ζωήν.
577 1173 699 1267 Οὐχ-
736 1198 813 1259 ὼς
859 1194 1141 1261 ἄνθρωπος
1174 1188 1328 1259 ψιλὸς
1364 1186 1651 1241 ἀποθανὼν

1802 1192 1861 1231 on
1886 1185 1945 1230 ut
1969 1176 2130 1230 homo
2153 1173 2460 1229 communis
2512 1173 2684 1229 nostri
2740 1187 2901 1228 causa
2939 1182 3169 1228 mortem
3195 1187 3322 1243 per-

134 1291 259 1362 ὐπὲρ
284 1263 557 1361 ἡμῶν,”ἴνα
590 1263 797 1360 μήνκαὶ
840 1287 897 1337 ὲν
931 1281 1079 1352 αὐτῷ
1131 1280 1401 1352 μείνωμεν
1430 1279 1646 1349 νεκροί·

1802 1280 1967 1332 assus,
1991 1279 2060 1320 ne
2094 1264 2146 1318 in
2174 1263 2268 1320 illo
2297 1264 2496 1319 mortui
2535 1278 2870 1329 maneamus,
2934 1264 3025 1319 sed
3079 1273 3139 1317 ut
3182 1264 3324 1318 Deus

132 1354 329 1445 ἀλλίώς
351 1380 472 1444 Θεὸς
511 1382 568 1433 ὲν
591 1354 762 1447 *σαρκὶ
804 1376 896 1428 καὶ
928 1374 1066 1441 αὐτῇ
1117 1370 1399 1434 πεπονθὼς
1438 1369 1650 1439 ἀνθρω-

1802 1368 2100 1414 icarnatus.
2138 1356 2243 1413 Per
2272 1370 2493 1411 carnem
2537 1369 2775 1423 namque
2806 1368 2999 1424 passus
3021 1363 3104 1409 est
3136 1361 3194 1407 ut
3228 1354 3326 1409 ho-

131 1472 303 1537 πίνως,
345 1474 419 1526 ἵνα
454 1468 651 1532 θεῖκῶς
691 1466 1054 1536 ἀναστήσαντι
1083 1464 1173 1518 τὸν
1216 1463 1345 1517 ῐδιον
1377 1461 1503 1516 ναὸν
1535 1477 1655 1515 συν-

1802 1467 1880 1519 ιο,
1915 1459 1995 1517 ιιι,
2027 1450 2152 1505 dum
2182 1448 2459 1519 proprium
2490 1446 2749 1516 templum
2788 1446 2968 1501 divina
2993 1446 3195 1501 virtute
3231 1459 3329 1499 ex.

127 1563 404 1633 εγερθῶμεν
434 1563 613 1632 ήμεῖς.

1802 1543 2012 1609 uscitat,
2050 1551 2107 1599 et
2148 1555 2250 1597 nos
2294 1538 2456 1597 simul
2480 1552 2697 1610 quoque
2740 1552 2861 1594 cum
2890 1538 2985 1594 illo
3024 1536 3328 1593 exsuscite-

1765 1650 1903 1691 mur.

516 1736 611 1789 Ἐκ
645 1733 754 1802 τῆς
782 1733 932 1803 πρὸς
953 1733 1249 1799 Γαλάτας.

2178 1724 2264 1779 Ea:
2288 1723 2522 1794 Epistula
2560 1725 2629 1777 ad
2682 1721 2922 1779 Galatas.

199 1846 215 1880 ι
246 1826 455 1899 Χριστὸς
484 1827 632 1897 ἡμᾶς
664 1825 993 1896 ἐξηγόρασεν
1037 1825 1102 1877 ὲκ
1145 1824 1245 1893 τῆς
1288 1822 1532 1893 κατάρας
1566 1820 1659 1875 τοῦ

1841 1838 1861 1873 ι
1890 1819 2141 1875 Christus
2176 1832 2276 1874 nos
2301 1816 2531 1873 redemit
2563 1820 2629 1871 de
2656 1814 2946 1869 maledicto
2975 1812 3130 1884 legis,
3159 1812 3335 1869 factus

122 1894 301 1990 νόμου,
340 1894 620 1987 γενόμενος
668 1894 1004 1989 ύπὲρῖήμῶν
1055 1914 1300 1986 κατάρα·
1351 1913 1661 1984 γέγραπται

1804 1925 1865 1966 ro
1924 1910 2082 1967 nobis
2139 1908 2514 1973 maledictum;
2546 1907 2670 1978 quia
2705 1905 2963 1975 scriptum
3008 1914 3092 1961 est
3126 1901 3336 1959 :Malc-

120 2014 257 2085 γάρ’
301 2010 723 2081 Ἐπικατάρατος
750 2010 856 2072 πᾶς
887 2010 914 2061 6
963 2006 1309 2078 κρεμάμενος
1354 2004 1446 2057 ἐπὶ
1478 2004 1661 2068 ξύλου·

1808 2005 1944 2059 ictus
1980 2001 2157 2058 omnis
2202 2002 2293 2071 qui
2318 2000 2516 2070 pendet
2542 1997 2789 2069 inligno:
2823 2005 2879 2051 ut
2904 1997 2956 2051 in
2974 1996 3221 2067 gentibus
3249 1994 3339 2050 be-

122 2107 208 2158 ἵνα
235 2105 307 2165 είς
345 2102 407 2155 τὰ
429 2100 555 2170 ἔθνη
598 2102 632 2168 ή
682 2099 899 2166 εὐλογία
936 2097 1028 2150 τοῦ
1070 2096 1321 2166 Ἀδραὰμ
1349 2094 1572 2164 γένηται
1611 2094 1669 2145 ὲν

1802 2094 2006 2150 edictio
2038 2094 2191 2147 lleret
2218 2092 2451 2148 Abrahae
2480 2090 2537 2145 in
2571 2089 2791 2146 Christo
2820 2085 2970 2149 Jesu,
3028 2096 3087 2140 ut
3118 2084 3333 2156 pollici-

118 2192 332 2267 Χριστῷ
368 2192 560 2262 Ἰησοῦ,
594 2193 681 2245 ἵνα
708 2191 808 2261 τὴν
835 2188 1168 2258 ἐπαγγελίαν
1214 2186 1309 2240 τοῦ
1356 2185 1671 2256 Πνεύματος

1802 2191 2029 2243 stionem
2080 2183 2318 2256 Spiritus
2344 2183 2676 2254 accipiamus
2709 2196 2806 2251 per
2835 2180 2992 2235 tidem
3019 2178 3089 2231 ’⁸.
3133 2196 3152 2231 ι
3206 2178 3343 2234 llinc

116 2287 361 2355 λάϐωμεν
390 2284 475 2337 διὰ
505 2284 602 2354 τῆς
649 2282 905 2345 πίστεως.
951 2299 969 2332 ι
1010 2280 1198 2350 Ἀθρει
1232 2279 1295 2350 δή
1329 2295 1417 2348 μοι
1444 2275 1673 2330 κάντεῦ-

117 2380 233 2443 θεν,
261 2375 550 2444 ὅτιογέγονε
576 2373 655 2445 τῷ
685 2372 874 2443 κόσμῳ
910 2371 1177 2442 σωτήριος
1222 2368 1252 2421 6
1295 2365 1533 2439 Χριστοῦ
1578 2365 1674 2419 θά-

114 2484 278 2533 νατος
298 2486 310 2499 ·
335 2468 521 2538 γέγονε
550 2467 659 2537 γὰρ
689 2465 831 2534 ὑπὲρ
856 2462 1013 2534 ήμῶν
1037 2462 1271 2533 κατάρα,
1291 2459 1519 2530 σταυρὸν
1544 2459 1676 2511 ὐπο-

116 2560 326 2631 μείνας,
369 2556 463 2610 καὶ¹
502 2552 833 2625 κρεμασθεὶς
880 2550 975 2604 ἐπὶ
1029 2549 1208 2615 ξύλου,
1257 2549 1346 2603 ἴνα.
1398 2547 1538 2617 λύσῃ
1580 2545 1676 2598 τοῦ

112 2651 320 2719 κόσμου
341 2648 439 2719 τὴν
460 2645 757 2716 ἁμαρτίαν,
794 2642 881 2696 ἴνα
914 2643 992 2706 είς
1022 2641 1091 2695 τὰ
1116 2640 1243 2710 ἔθνη
1277 2640 1311 2709 ή
1335 2638 1552 2705 εὐλογία
1583 2635 1677 2690 τοῦ

124 2722 375 2812 ’Λόραὰμ
427 2736 650 2806 γένηται
699 2736 757 2789 ὲν
823 2731 1045 2804 Χριστῷ
1102 2729 1313 2799 Ἰησοῦο
1383 2728 1678 2788 τουτέστιν,

110 2832 205 2882 ἵνα
234 2825 496 2896 δικαιωθῇ
534 2824 602 2878 τὰ
628 2823 755 2895 ἔθνη
802 2823 889 2876 διὰ
931 2822 1188 2883 πίστεως,
1220 2818 1362 2873 κατὰ
1389 2819 1487 2888 τὴν
1513 2815 1681 2869 δοθεῖ-

1771 2280 1934 2335 etiam
1969 2277 2265 2349 perspicias
2306 2276 2453 2341 licet,
2495 2274 2697 2331 Christi
2741 2281 2967 2329 mortem
3013 2271 3214 2327 mundo
3252 2286 3329 2327 sa-

1776 2369 2006 2427 lutarem
2034 2368 2329 2425 exstitisse.
2382 2365 2515 2420 Nam
2566 2365 2908 2419 maledictum
2959 2363 3131 2416 nostri
3167 2376 3335 2417 causa

1779 2465 1953 2518 iactus
1984 2471 2090 2522 est,
2130 2461 2253 2515 dum
2281 2472 2500 2513 crucem
2527 2456 2808 2523 sustinuit,
2851 2455 3009 2526 100
3038 2468 3245 2510 necnon
3279 2473 3347 2511 ex

1779 2557 1925 2625 ligno
1974 2554 2248 2623 pependit,
2303 2567 2431 2622 quo,
2471 2548 2668 2606 mundo
2719 2566 2745 2603 a
2802 2550 3043 2621 peccatis
3106 2553 3347 2618 expiato,

1781 2646 2016 2703 Abrahae
2046 2644 2352 2701 benedictio
2388 2643 2441 2697 in
2472 2643 2691 2698 Christo
2728 2640 2853 2697 Jesu
2890 2641 3046 2696 lieret
3073 2642 3128 2696 in
3163 2642 3341 2712 genti—

1781 2738 1903 2802 bus,
1935 2738 2036 2792 hoc
2057 2746 2163 2800 est,
2186 2743 2246 2790 ut
2262 2744 2474 2806 gentes,
2502 2733 2656 2803 juxta
2684 2732 3099 2802 promissionem
3114 2731 3348 2788 Abrahae

1785 2829 2006 2891 laetam,
2032 2842 2128 2897 per
2154 2826 2310 2880 (idem
2330 2824 2784 2895 justilicarentur,
2818 2837 3027 2895 nosque
3066 2837 3163 2892 per
3188 2823 3349 2879 [idem

107 2937 217 2974 σαν
266 2910 597 2985 ἐπαγγελίαν
638 2913 716 2985 τῷ
754 2912 1028 2984 Ἀϐραὰμ,
1075 2912 1162 2965 ἵνα
1212 2911 1308 2984 τὴν
1352 2906 1685 2976 ἐπαγγελίαν

1802 2917 2043 2987 Spiritum
2065 2915 2391 2985 promissum
2422 2915 2815 2971 obtineremus.
2844 2913 2979 2970 Cum
3000 2914 3164 2986 igitur
3186 2913 3349 2970 Chri-

100 3011 210 3065 τοῦ
240 3002 557 3079 Πνεύματος
584 3006 839 3075 λάϐωμεν
872 3004 961 3059 διὰ
993 3003 1090 3072 τῆς
1124 3003 1375 3065 πίστεως.
1411 3002 1540 3054 Ὅτε
1577 2998 1689 3051 τοία

99 3119 213 3156 νυν
243 3100 342 3152 καὶ
370 3099 469 3167 τὴν
500 3099 556 3150 ὲν
586 3095 734 3165 νόμῳ
759 3092 980 3145 λέλυκεν
1018 3090 1156 3162 ἀρὰν
1196 3092 1225 3142 6
1256 3086 1493 3159 Χριστοῦ
1525 3086 1689 3140 θάναο

1788 3009 1855 3063 sti
1886 3022 2032 3063 mors
2048 3006 2185 3076 legis
2208 3005 2645 3061 malcdictionem
2675 3018 2706 3061 ο
2735 3007 2914 3060 medio
2955 3005 3263 3071 sustulerit,
3299 3016 3356 3060 ct

1790 3099 2038 3169 gentibus
2066 3112 2283 3152 rursum
2336 3095 2561 3150 Abrahae
2615 3096 3074 3162 benedictionem,
3113 3096 3217 3152 hoc
3272 3108 3357 3152 est

92 3210 225 3255 τος,
278 3190 373 3243 καὶ
419 3186 753 3258 προύξένησε
788 3187 899 3247 τοῖς
950 3182 1126 3235 ἔθνεσι
1160 3181 1256 3251 τὴν
1304 3177 1555 3246 εὐλογίαν
1591 3173 1685 3228 τοῦ

1802 3188 2016 3257 gratiam
2037 3201 2131 3257 per
2157 3185 2312 3241 iidem
2339 3185 2627 3254 pepererit,
2646 3194 2700 3239 et
2729 3185 2940 3239 tandem
2970 3182 3203 3255 Spiritus
3227 3200 3360 3240 san-

111 3283 406 3354 Ἀϐραὰμ,
444 3280 693 3335 τουτέστι
720 3279 817 3349 τὴν
848 3276 934 3329 διὰ
967 3275 1199 3335 πίστεως
1224 3272 1407 3343 χάριν,
1425 3268 1686 3341 μετόχους

1802 3282 1860 3335 sti
1890 3278 2177 3349 participes
2200 3292 2299 3333 nos
2331 3276 2658 3341 reddiderit;
2697 3276 3004 3345 neutiquam
3045 3276 3361 3331 existimare

83 3376 161 3429 δὲ
198 3374 349 3443 ἡμᾶς
390 3366 637 3441 ἀπέφηνε
671 3368 764 3420 καὶ
790 3365 882 3418 τοῦ
912 3364 1068 3432 ἁγίου
1099 3354 1434 3432 [Ῐνεύματοςο
1464 3360 1564 3411 οὐκ
1590 3358 1687 3409 ἀν-

86 3462 341 3533 Ορώπου
367 3458 549 3512 κοινοῦ
576 3452 734 3511 νοοῖτ⁴
769 3454 834 3508 ἂν
869 3456 896 3507 6
922 3455 1151 3514 θάνατος
1190 3448 1385 3504 αὐτοῦ·
1418 3448 1689 3518 περινοεῖν

76 3555 159 3607 δὲ
219 3553 494 3622 προσήκει
542 3547 765 3620 μᾶλλον,
810 3548 892 3600 ὅτι
942 3544 1077 3614 σὰρξ
1139 3538 1373 3612 γεγονὼς
1419 3541 1447 3594 6
1495 3538 1689 3607 Λόγος,

78 3647 283 3715 σαρκὶ
316 3643 586 3697 πέπονθεν
631 3641 770 3712 ὑπὲρ
795 3640 889 3692 τοῦ
921 3639 1149 3707 κόσμου,
1196 3634 1291 3688 καὶ
1319 3628 1541 3702 γέγονεν
1574 3630 1692 3683 ίκα⁹

70 3738 201 3792 νὺν
237 3733 301 3786 τὸ
330 3734 401 3787 αὐ
417 3730 500 3784 τοῦ
533 3730 705 3792 πάθος
734 3731 811 3790 είς
842 3728 940 3796 τὴν
972 3726 1065 3779 τοῦ
1096 3726 1302 3794 κόσμου
1330 3722 1616 3793 λύτρωσιν.

1792 3371 2047 3427 debemus
2112 3378 2340 3425 mortem
2402 3368 2541 3424 illius
2597 3368 2839 3439 vulgaris
2898 3366 3198 3438 cuiuspiam
3257 3369 3353 3425 ho—

1793 3463 1953 3518 minis
1972 3472 2201 3517 mortem
2224 3460 2543 3516 exstitisse:
2582 3460 2713 3525 quin
2766 3458 2821 3513 id
2883 3459 3062 3531 potius
3118 3469 3361 3514 statuere

1795 3568 1895 3609 nus
1930 3552 2107 3617 decet,
2144 3566 2337 3620 nempe
2362 3548 2597 3604 Verbum
2635 3550 2978 3604 iucarnatum
3036 3560 3267 3605 mortem
3304 3553 3359 3605 in

1795 3657 1957 3698 carne
1984 3656 2083 3714 pro
2111 3641 2310 3696 mundo
2336 3639 2643 3712 pertulisse,
2682 3639 2908 3709 ejusque
2957 3641 3266 3711 passionem
3294 3644 3363 3695 ad

1796 3749 2008 3789 omnem
2036 3734 2313 3788 hominum
2351 3733 2772 3802 redemptionem
2804 3732 3017 3787 abunde
3056 3745 3140 3788 sat
3170 3733 3358 3788 fuisse.

514 3823 615 3875 Ἐκ
654 3819 764 3887 τῆς
791 3818 941 3886 πρὸς
978 3815 1316 3885 Ἐφεσίους.

183 3936 206 3969 ι
248 3917 399 3969 Νυνὶ
428 3916 484 3967 ἃ
514 3916 571 3966 ὲν
602 3912 823 3984 Χριστῷ
864 3909 1063 3979 Ἰησοῦ,
1100 3911 1257 3980 ὑμεῖς
1285 3908 1334 3959 οἱ
1366 3905 1497 3958 ποτὲ
1544 3905 1698 3966 ὄντες

66 4009 372 4085 μακρὰν,
420 4006 717 4075 ἐγενήθητε
764 4003 931 4071 ὲγγῦς
986 4003 1043 4055 ὲν
1074 4000 1149 4069 τῷ
1195 4001 1385 4071 αἵματι
1423 3998 1518 4051 τοῦ
1566 3998 1701 4067 Χρι-

2211 3824 2295 3878 Ea:
2317 3824 2553 3895 Epistula
2584 3825 2653 3878 ad
2683 3826 2952 3893 Ephesios.

1878 3937 1895 3969 ‹
1937 3917 2086 3971 Νιιιιο
2120 3925 2298 3970 autem
2332 3917 2385 3970 in
2416 3915 2630 3971 Christo
2656 3914 2807 3980 les",
2841 3932 2937 3971 vos
2961 3917 3050 3985 qui
3075 3918 3365 3989 aliquando

1801 4010 1966 4065 eratis
2002 4008 2181 4077 longe,
2209 4006 2336 4062 lacti
2362 4006 2494 4063 esus
2529 4021 2695 4076 prope
2727 4008 2783 4091 in
2845 4009 3105 4075 sanguine
3138 4009 3364 4067 Christi.

64 4098 266 4155 στοῦ.
301 4096 481 4159 Αὐτὸς
516 4095 626 4164 γάρ
662 4097 807 4147 ἐστιν
832 4096 865 4163 ή
894 4094 1084 4163 εἰρήνη
1110 4090 1289 4161 ἡμῶν,
1318 4092 1345 4143 6
1371 4089 1603 4159 ποιήσας
1632 4085 1694 4139 τὰ

1802 4101 1918 4168 ipse
1941 4101 2086 4153 enim
2112 4108 2195 4155 est
2220 4113 2325 4168 pax
2355 4108 2571 4162 nostra,
2606 4098 2697 4167 qui
2732 4085 2859 4152 l’ecit
2891 4107 3120 4169 utraque
3170 4116 3362 4165 unum,

62 4190 422 4263 ἀμφότεροι
456 4187 533 4253 ἓν,
583 4186 677 4240 καὶ
708 4187 771 4239 τὸ
807 4186 1121 4258 μεσότοιχον
1167 4183 1261 4236 τοῦ
1318 4180 1573 4254 φραγμοῦ
1605 4179 1700 4231 λύ-

1802 4205 1856 4249 et
1891 4193 2124 4247 medium
2158 4192 2420 4261 parietem
2476 4190 2727 4245 macerias
2771 4189 3006 4256 solvens,
3065 4193 3378 4249 inimicitias

64 4300 231 4344 τας,
266 4279 378 4351 τὴν
412 4279 610 4350 ἔχθραν
640 4281 696 4331 ἐν
720 4281 787 4349 τῇ
817 4280 980 4348 σαρκὶ
1010 4275 1196 4340 αὑτοῦ,
1216 4275 1325 4328 τῶν
1354 4273 1585 4327 ἐντολῶν
1608 4277 1694 4326 τὸν

1808 4286 1859 4339 in
1887 4298 2051 4339 carne
2085 4298 2206 4346 sua,
2236 4282 2406 4352 legem
2452 4282 2831 4337 mandatorum
2868 4284 2921 4337 in
2966 4284 3201 4339 decretis
3237 4298 3368 4338 eva-

62 4378 144 4431 ιὸ
160 4390 281 4445 μον
323 4375 386 4424 ὲν
418 4372 651 4441 δόγμασι
685 4371 1055 4441 καταργήσας.
1094 4388 1111 4421 ι
1150 4369 1210 4421 El
1250 4368 1345 4421 καὶ
1387 4367 1515 4428 τοὺς
1543 4366 1694 4428 ὄντας

1806 4392 1977 4431 cuaus
2007 4376 2077 4429 τ’.
2110 4394 2127 4426 ι
2166 4374 2320 4440 Quod
2353 4374 2397 4427 si
2430 4388 2527 4429 eos
2554 4373 2641 4441 qui
2672 4373 2860 4443 procul
2914 4374 3163 4438 aberant,
3214 4375 3294 4451 ob,
3318 4377 3371 4429 id

64 4464 351 4534 λακρὰν
378 4462 470 4515 διὰ
502 4464 562 4516 τὸ
595 4462 901 4514 πλανᾶσθαι
942 4462 1084 4513 κατὰ
1128 4461 1218 4513 τὸν
1261 4460 1483 4528 κόσμον,
1523 4456 1614 4509 καὶ
1645 4457 1694 4508 ἐι

1812 4468 2065 4521 nimirum
2100 4466 2243 4534 quod
2271 4479 2366 4533 per
2424 4466 2684 4517 mundum
2735 4464 3024 4518 errabundi
3060 4464 3380 4536 divagaren-

64 4558 389 4625 ῑιθεὸτητι
441 4555 723 4618 διατελεῖν,
776 4554 938 4621 ἐγγὺς
972 4551 1237 4621 πεποίηκε
1280 4548 1342 4601 τὸ
1384 4542 1523 4618 αἷμα
1574 4548 1694 4615 Χρι-

1820 4568 1907 4611 tur
1931 4568 2262 4624 mtatemque
2316 4555 2369 4608 in
2399 4555 2677 4624 impietate
2701 4564 2945 4626 agerent,
2982 4558 3197 4628 sanguis
3222 4558 3382 4612 Chri-

64 4647 268 4706 .':oi'3°
312 4646 442 4709 πῶς
472 4648 570 4699 οὐκ
603 4647 875 4714 ἀναγκαία
896 4647 1005 4705 τοῖς
1035 4644 1124 4696 ὲπὶ
1152 4644 1251 4712 τῆς
1280 4643 1381 4710 γῆς
1408 4644 1440 4708 ἡ
1482 4638 1575 4693 τοῦ
1608 4638 1711 4691 A6-

64 4761 202 4798 νου
246 4740 570 4809 σάρκωσις,
612 4739 945 4805 συλλέγουσα
972 4738 1039 4790 τὰ
1065 4737 1393 4809 διῃρημένα,
1420 4735 1514 4786 καὶ
1541 4748 1711 4802 προσ-

68 4830 423 4891 Διοιιειοῦσοι.
477 4831 575 4899 μὲν
620 4830 696 4899 τῷ
734 4830 852 4899 Θεῴ
895 4831 1019 4891 τοὺς
1070 4830 1306 4898 μακρὰν,
1359 4825 1617 4888 κτίζουσα
1658 4823 1715 4875 δὲ

74 4927 237 4986 οὺς
290 4922 404 4974 δύο
448 4921 607 4983 λαοὺς
656 4922 732 4983 εἰς
779 4922 872 4973 ἕνα
924 4920 1108 4972 καινὸν
1157 4918 1441 4988 ἄνθρωπον
1488 4914 1574 4968 διὰ
1617 4916 1716 4983 τῆς

86 5014 287 5071 ὑτοῦ
354 5012 594 5082 σαρκός;
644 5011 860 5063 Δέόοται
906 5010 1015 5079 γὰρ
1071 5012 1149 5072 εἰς
1193 5008 1461 5078 λύτρωσιν
1508 5004 1615 5057 τῶν
1658 5004 1715 5055 ὲν

74 5106 467 5182 μαρτίαις,
494 5105 586 5156 καὶ
610 5103 675 5155 δι’
707 5101 873 5173 αὐτῆς
925 5103 990 5154 τὰ
1019 5102 1194 5155 πάντα
1237 5100 1613 5168 κατεκτήσατο
1641 5095 1717 5165 τῷ

64 5198 222 5268 μεῷ
263 5196 384 5248 καὶ
420 5196 617 5265 Πατρί.
666 5193 777 5245 Καὶ
812 5193 946 5261 πρὸς
972 5191 1180 5253 τούτοις
1225 5190 1304 5242 ἔτι
1350 5188 1443 5240 καὶ
1474 5190 1502 5241 ὁ
1550 5186 1716 5240 πάλαι

66 5289 496 5357 ατήργηται
540 5284 701 5353 νόμος
728 5324 742 5348 ,
790 5284 863 5346 ὡς
909 5283 1046 5353 ὑπὲρ
1079 5283 1238 5335 αὐτὸν
1282 5282 1447 5347 οὔσης
1487 5281 1583 5349 τῆς
1630 5279 1715 5331 πί-

70 5397 324 5443 τεως,
368 5378 533 5447 δῆλον
558 5378 615 5430 δὲ
654 5378 735 5429 ὅτι
778 5377 876 5445 τῆς
920 5378 977 5428 ὲν
1022 5376 1259 5445 Χριστῷ.
1310 5375 1419 5428 Καὶ
1462 5377 1509 5426 εἰ
1559 5373 1718 5426 τοῦτό

62 5489 266 5531 πτειν
322 5470 559 5540 ἀληθὲς,
611 5468 728 5531 πῶς
759 5470 899 5538 ὑπὲρ
926 5469 1090 5537 νόμον
1136 5470 1169 5537 ή
1199 5468 1399 5533 πίστις,
1445 5467 1493 5517 εί
1535 5464 1609 5535 μὴ
1646 5464 1722 5526 ὡς

76 5588 123 5621 ε
146 5563 232 5633 ᾧ
268 5560 745 5630 πεπιστεύκαμεν
768 5560 846 5630 τῷ
878 5559 1097 5629 Χριστῷ
1120 5575 1135 5625 ;

120 5829 222 5866 ⁷⁷
268 5826 326 5881 ιι
368 5825 501 5880 Cur.
541 5841 627 5893 xv,
658 5827 746 5879 21.
826 5825 870 5858 ⁷⁸
905 5822 1075 5877 Calai.
1119 5839 1202 5887 ιιι,
1236 5822 1319 5885 l5,
1362 5821 1444 5874 Η.

1817 4650 1884 4703 sti
1959 4662 2127 4715 prope
2183 4645 2437 4712 adduxit;
2493 4648 2759 4715 quomodo
2834 4646 2995 4703 Verbi
3058 4649 3382 4716 incarnatio,

1818 4755 1937 4808 quae
1971 4750 2023 4793 et
2049 4741 2290 4807 dispersa
2352 4740 2402 4813 in
2451 4755 2616 4792 unum
2672 4739 2912 4809 collegit,
2946 4749 2999 4795 et
3037 4740 3197 4810 longe
3228 4745 3387 4796 aber-

1823 4841 2007 4883 rantes
2038 4830 2146 4882 Deo
2170 4828 2565 4891 reconciliavit,
2597 4838 2650 4882 et
2682 4828 2814 4883 duos
2859 4830 3084 4899 populos
3131 4833 3184 4886 in
3218 4849 3381 4886 unum

1819 4934 2013 4973 novum
2037 4918 2309 4971 hominem
2362 4932 2457 4986 per
2485 4932 2703 4971 carnem
2742 4919 2881 4972 illius
2929 4921 3155 4991 redegit,
3191 4923 3383 4991 generi

1825 5012 2064 5067 humano
2092 5025 2194 5063 non
2233 5019 2354 5061 erat
2416 5009 2764 5064 necessaria?
2820 5010 3070 5065 Exhibita
3116 5022 3199 5066 est
3240 5016 3385 5069 enim

1828 5104 1940 5154 haec
1967 5114 2096 5153 caro
2161 5100 2209 5151 in
2238 5114 2424 5153 eorum
2472 5100 2844 5153 liberationem
2902 5100 2993 5167 qui
3022 5103 3257 5169 peccatis
3287 5109 3387 5160 οι)-

1825 5192 1998 5246 stricti
2065 5193 2408 5253 tenebantur,
2479 5191 2770 5260 omniaque
2826 5206 2922 5260 per
2963 5193 3130 5261 ipsam
3184 5193 3291 5249 Deo
3333 5207 3388 5251 et

1824 5284 1967 5337 Patri
2024 5282 2299 5336 Iucrilacta
2350 5291 2496 5336 sunt.
2526 5282 2634 5337 Lex
2658 5294 2917 5350 praeterea
2944 5294 3117 5347 vetus,
3140 5288 3281 5352 quod
3322 5288 3386 5340 li~

1826 5375 1920 5428 des
1962 5374 2013 5426 in
2058 5375 2332 5427 Christum
2390 5373 2556 5427 multo
2615 5374 2702 5426 illa
2750 5375 2821 5428 sit
2866 5376 3237 5443 excellentior,
3293 5394 3389 5445 per

1830 5463 2074 5516 eamdem
2105 5477 2319 5530 quoque
2353 5463 2551 5517 abolita
2578 5473 2681 5518 est.
2740 5465 2810 5518 At
2841 5466 3110 5535 quomodo
3147 5468 3228 5521 lex
3265 5469 3388 5524 lidei

1827 5553 1987 5615 cedit,
2020 5554 2062 5605 si
2098 5553 2149 5607 in
2180 5553 2450 5608 Clu-istum
2483 5564 2737 5623 tanquam
2772 5556 2823 5609 in
2849 5571 3034 5611 verum
3079 5557 3243 5612 Deum
3282 5574 3390 5614 non

1833 5646 2132 5698 credimus?

1554 5822 1597 5853 ⁷⁹
1627 5822 1820 5890 ιεζυιιοε.
1858 5836 1914 5885 ιι,
1954 5818 2133 5872 lii-lii.
