4040 6466
601 405 739 464 ίῖθὸ

1019 508 1100 562 Ex
1133 498 1375 574 Epistula
1407 497 1478 552 ad
1515 493 1789 550 llebrtcos.
2211 485 2258 540 Α

680 649 698 681 ι
738 627 861 682 ideo
905 619 1216 692 ingrediens
1261 610 1522 666 mundum
1577 603 1709 660 dicit
1757 619 1770 654 :
1832 595 2080 652 Hostiam
2126 601 2181 646 et

606 718 934 774 oblationem
991 709 1234 770 noluisti,
1289 716 1488 771 corpus
1541 706 1720 751 autem
1769 689 1964 761 aptasti
2005 685 2179 742 mihi:

609 812 1050 866 holocautomata
1089 809 1145 856 et
1190 812 1289 868 pro
1326 799 1546 864 peccato
1593 801 1697 842 non
1724 783 1817 837 tibi
1845 780 2185 851 placuerunt.

610 906 764 958 Tune
793 900 947 970 101
982 896 1093 951 dixi
1126 912 1138 947 :
1173 890 1314 946 Ecce
1349 885 1550 948 venio;
1589 881 1642 934 iu
1672 878 1856 946 capite
1893 872 2017 927 libri
2047 868 2186 924 scri-

611 1007 761 1064 ptum
818 965 1018 1047 est—de
1071 1000 1206 1040 me:
1263 978 1333 1034 Ut
1392 974 1606 1037 faciam,
1659 969 1819 1031 Deus,
1854 965 2189 1020 voluntatem

616 1096 763 1140 tuam
787 1085 855 1137 ⁸ο.
898 1101 916 1134 ι
952 1077 1155 1134 Christi
1193 1072 1378 1145 passio
1431 1065 1637 1122 mundo
1677 1061 1910 1117 salutem
1958 1053 2190 1125 peperit.

623 1182 816 1235 Verum
852 1190 1032 1246 opera:
1065 1169 1297 1242 pretium
1349 1170 1435 1217 cst
1485 1165 1816 1226 cognoscere
1879 1145 2193 1216 ecquisnam

618 1274 709 1326 ille
758 1270 833 1325 sit
884 1236 977 1336 qui
1007 1236 1343 1317 invntuudum
1377 1248 1706 1321 ingreditur,
1752 1236 2195 1312 quandoquidem

623 1363 798 1418 modis
849 1356 1103 1414 omnibus
1155 1353 1201 1405 is
1247 1357 1401 1401 extra
1440 1341 1700 1397 mundutn
1731 1344 1872 1389 erat.
1918 1325 2201 1396 Quomodo

624 1469 776 1525 ergo,
838 1449 933 1520 qui
959 1456 1113 1502 extra
1170 1438 1428 1494 mundum
1483 1440 1622 1494 erat,
1684 1430 1968 1494 ingressus
2020 1416 2200 1473 estin

625 1543 842 1617 ipsum?
871 1541 1015 1596 Sane
1045 1531 1400 1601 Uttigcttiltts,
1441 1531 1633 1592 suapte
1667 1529 1861 1572 natura
1892 1514 2202 1568 universum

626 1742 729 1796 est,
764 1742 886 1800 pars
927 1723 1071 1779 illius
1103 1717 1297 1778 factus,
1333 1713 1485 1767 idest
1518 1701 1792 1761 homo.lta
1826 1699 1997 1761 enim,
2034 1691 2206 1747 sacri-

631 1791 883 1890 tieio'pro
921 1814 1078 1869 nobis
1125 1808 1305 1863 oblato
1357 1808 1654 1872 sponteque
1686 1791 1977 1858 semetipso
1999 1793 2208 1840 contra-

629 1919 764 1978 dito,
794 1911 861 1965 ab
903 1903 1123 1962 interitu
1169 1909 1438 1952 terrarum
1475 1889 1663 1944 orbem
1697 1880 2022 1936 vindicavit.

707 2022 724 2054 ι
773 2001 1000 2066 Propter
1048 1990 1195 2061 quod
1247 1994 1302 2039 et
1343 1981 1522 2045 Jesus,
1565 1986 1622 2030 ut
1676 1971 2048 2027 sanctilicaret
2113 1978 2210 2033 per

634 2109 789 2152 suum
830 2084 1150 2157 sanguinem
1195 2074 1495 2148 populum,
1542 2076 1696 2124 extra
1750 2070 1964 2132 portam
2016 2069 2214 2126 passus

633 2193 716 2240 est
747 2183 814 2236 ⁸⁸.
847 2199 864 2230 ι
896 2178 1013 2244 Quo
1045 2180 1225 2243 pacto,
1260 2178 1466 2235 quasso,
1499 2154 1796 2230 promiscui
1823 2148 2057 2206 hominis
2086 2162 2212 2200 san-

637 2276 757 2346 guis
788 2279 1007 2326 sanctos
1036 2238 1134 2318 nos
1168 2253 1444 2314 ediceret?
1477 2255 1545 2306 At
1575 2246 1780 2304 Christi
1825 2238 2051 2311 sanguis
2085 2251 2213 2292 san-

648 2364 907 2425 etilicarit
935 2372 1056 2414 nos.
1097 2353 1319 2407 Dirinus
1371 2357 1456 2400 est
1509 2345 1713 2412 itaque,
1742 2353 1849 2394 non
1896 2329 2218 2402 simpliciter

639 2465 950 2515 humanus:
988 2450 1130 2504 Deus
1161 2445 1306 2499 enim
1344 2446 1464 2494 erat
1511 2435 1567 2489 in
1606 2445 1773 2488 carne
1799 2470 1813 2496 ,
1859 2425 2076 2497 proprio
2120 2434 2219 2475 nos

640 2549 902 2621 sanguine
936 2539 1257 2599 emundans.

999 2655 1083 2708 Ea:
1113 2645 1352 2718 Epistula
1381 2646 1448 2697 ad
1470 2641 1822 2695 Timotheum.

718 2799 735 2829 ι
771 2775 920 2831 Unus
948 2769 1092 2824 enim
1127 2765 1296 2827 Deus,
1321 2771 1376 2816 et
1416 2774 1556 2814 unus
1601 2751 1874 2809 mediator
1912 2745 2003 2800 Dei
2036 2753 2089 2799 et
2125 2743 2224 2796 ho-

647 2875 850 2926 minum
889 2866 1051 2919 homo
1098 2856 1350 2910 Christus
1390 2850 1587 2913 Jesus,
1641 2842 1735 2914 qui
1792 2833 2220 2904 redemptionem

647 2963 792 3018 dedit
839 2956 1080 3026 seipsutn
1139 2960 1237 3016 pro
1284 2942 1540 2998 omnibus
1578 2938 1646 2989 ⁸⁸.
1701 2952 1720 2985 ι
1771 2928 2036 2986 Salutaris
2090 2924 2227 2976 citra

648 3048 1074 3111 controversiam
1111 3038 1315 3096 Christi
1353 3050 1499 3092 mors
1531 3031 1790 3086 universo
1822 3019 2021 3076 mundo
2055 3013 2227 3071 exsu-

652 3152 736 3206 lil.
779 3147 1035 3199 Attamen
1079 3137 1125 3191 si
1160 3131 1414 3185 Christus
1468 3125 1607 3178 Deus
1642 3133 1747 3174 non
1802 3124 1908 3177 est,
1955 3105 2226 3179 quomodo

653 3243 765 3308 ipse
795 3234 947 3290 solus
987 3229 1084 3284 toti
1135 3223 1334 3280 mundo
1377 3212 1657 3274 liberando
1711 3217 1794 3261 sat
1846 3215 1966 3257 esse
2013 3194 2228 3267 potuit?

655 3333 724 3384 At
751 3327 876 3397 quia
910 3337 1073 3392 super
1103 3330 1292 3374 omnes
1323 3320 1405 3367 est
1430 3350 1446 3375 ,
1495 3303 1740 3360 omnium
1795 3307 1959 3350 causa
1996 3299 2228 3344 mortem

656 3432 970 3491 perpessus,
1001 3411 1153 3467 solus
1183 3423 1279 3478 pro
1325 3398 1583 3457 erunibus
1622 3388 1917 3448 Satisfecit.
1951 3383 2092 3436 Deus
2127 3380 2233 3432 ita-

1847 3489 1852 3491 .
2041 3490 2046 3491 κ
2074 3489 2080 3491 .
2187 3470 2231 3491 ι-

657 3470 846 3491 r—-r~—
958 3470 968 3480 .
1185 3470 1197 3478 .

657 3528 760 3584 que
799 3518 903 3571 est,
937 3509 1027 3576 qui
1065 3502 1280 3573 propria
1307 3493 1488 3550 carnis
1509 3497 1682 3542 morte
1719 3489 1949 3537 mortem
1979 3491 2008 3528 a
2039 3470 2237 3527 mundo

661 3606 982 3677 proﬂigavit.

1145 3705 1235 3760 ΗΧ
1276 3690 1741 3756 CATIIOLICIS.

1156 3818 1240 3872 Ex
1272 3812 1509 3884 Epistola
1543 3807 1708 3861 I’ctrt'.

731 3942 888 4010 Quod
940 3937 1137 3994 Christi
1180 3947 1317 3986 mors
1351 3924 1544 3981 mundo
1572 3917 1829 3976 salutaris
1878 3909 2170 3968 exstiterit.

737 4079 756 4112 ι
802 4055 937 4123 Quia
974 4051 1226 4109 Christus
1248 4041 1416 4101 semel
1448 4054 1543 4110 pro
1575 4033 1818 4106 peccatis
1849 4038 2100 4084 mortuus
2133 4031 2240 4086 est,

660 4154 842 4222 justus
893 4159 989 4215 pro
1026 4141 1266 4210 iniustis,
1321 4143 1379 4189 ut
1429 4145 1528 4186 nos
1562 4125 1785 4182 oll‘erret
1833 4119 1968 4182 Deo,
2013 4114 2244 4170 mortili-

665 4202 770 4222 ,η
829 4202 834 4203 κ
895 4202 908 4215 .
1083 4202 1099 4210 -

665 4250 820 4297 catus
859 4235 1075 4304 quidem
1117 4240 1304 4289 carne,
1345 4220 1651 4275 viviticatus
1696 4222 1878 4267 autem
1927 4206 2143 4278 spiritu.
2187 4202 2242 4256 In

667 4349 776 4405 quo
811 4340 866 4384 et
915 4327 1000 4381 his
1033 4323 1122 4394 qui
1167 4321 1223 4373 in
1258 4329 1478 4371 carcere
1502 4319 1668 4366 erant
1719 4302 1998 4375 spiritibus
2025 4297 2247 4352 veniens

671 4387 1011 4494 pradicavit,
1049 4387 1138 4481 qui
1203 4406 1466 4463 increduli
1503 4402 1726 4456 fuerant
1773 4391 2068 4463 aliquando
2097 4387 2168 4440 ⁸³.
2210 4402 2240 4436 1

673 4483 818 4568 llulti
845 4524 910 4562 ex
933 4506 1136 4561 sanctis
1164 4500 1320 4570 102
1346 4493 1628 4568 prOphetis
1654 4483 1964 4554 interempti
1994 4490 2120 4536 sunt
2146 4495 2160 4544 ;
2193 4484 2248 4528 at

1600 380 1659 434 S.
1701 368 1976 430 CYRILLI
2016 360 2492 424 ALEXANDRINI
2532 354 2852 414 ARCIIIEP.

3751 336 3879 394 19.96

2683 473 2776 526 Ἐκ
2815 469 2924 538 τῆς
2964 468 3112 538 πρὸς
3149 467 3485 536 Ἐϐραίους.

2361 613 2378 644 ι
2410 591 2500 644 Διὸ
2534 585 2916 658 εἰσερχόμενος
2949 581 3029 644 εἰς
3055 579 3149 632 τὸν
3178 579 3407 648 κόσμον,
3437 576 3596 643 λέγει
3681 571 3885 624 Θυσίαν

2286 681 2380 735 καὶ⁵
2424 675 2742 751 προσφορὰν
2779 673 2879 728 οὐκ
2909 671 3204 743 ἠθέλησας,
3238 669 3403 738 σῶμα
3453 669 3510 722 δὲ
3564 664 3891 735 κατηρτίσω

2293 787 2416 845 μοι·
2451 765 2879 838 ὁλοκαυτώματα
2927 761 3022 818 καὶ
3067 761 3199 830 περὶ
3232 759 3515 830 ἁμαρτίας
3553 759 3663 810 οὐκ
3699 755 3894 826 ἐζήτηο

2293 882 2390 927 σας
2406 871 2456 917 υ.
2493 861 2625 914 Τότε
2678 855 2829 911 εἷπον
2851 874 2866 888 ·
2914 854 3046 908 Ἰδοὺ
3090 853 3212 923 ἥκω
3234 869 3247 882 ·
3281 853 3340 904 ὲν
3375 851 3635 918 κεφαλίδι
3689 849 3896 918 βιϐλίου

2293 955 2604 1025 γέγραπται
2637 951 2767 1020 περ).
2797 946 2930 1019 ὲμοῦ
2956 962 2969 977 ·
3017 945 3126 998 Τοῦ
3162 943 3410 1013 ποιῆσαι,
3440 945 3469 995 6
3511 942 3679 1005 Θεὸς,
3709 942 3774 992 τὸ
3817 940 3902 991 θέ-

2294 1048 2446 1119 λημά
2481 1063 2593 1099 σου.
2627 1063 2644 1096 ι
2683 1043 2881 1109 Γέγονε
2907 1039 3180 1110 σωτήριον
3209 1036 3286 1106 τῷ
3322 1037 3516 1104 κόσμῳ
3544 1034 3607 1086 τὸ
3636 1033 3743 1087 τοῦ
3769 1034 3904 1104 X9:-

2301 1139 2427 1195 στοῦ
2457 1138 2647 1201 πάθος.
2684 1134 2832 1204 Πλὴν
2875 1133 3174 1200 ἀναγκαῖον
3209 1130 3338 1182 ἰδεῖν
3385 1128 3471 1190 τίς
3508 1129 3538 1178 6
3572 1129 3654 1189 εἰς
3675 1126 3786 1177 -τὸν
3816 1127 3906 1177 κὰ-

2303 1250 2437 1307 σμον
2468 1228 2878 1302 εἰσερχόμενος·
2919 1220 2986 1296 ἦν
3031 1225 3140 1294 γὰρ
3184 1223 3288 1289 ἔξω
3335 1221 3429 1273 τοῦ
3467 1219 3689 1288 κόσμου
3733 1217 3910 1283 πάντη

2303 1345 2359 1380 τε
2393 1325 2485 1379 καὶ
2513 1324 2730 1384 πάντως
2749 1335 2764 1350 ⁸
2793 1318 2914 1373 ἐπεὶ
2939 1315 3056 1380 πῶς
3084 1313 3408 1384 εἰσϐἐϐηκεν
3440 1313 3519 1374 εἰς
3554 1309 3732 1364 αὑτὸν
3767 1307 3912 1370 ἕξων

2305 1417 2544 1487 κόσμου’;
2562 1410 2889 1482 Τοιγαροῦν,
2908 1408 3050 1463 κατὰ
3073 1406 3235 1477 φύσιν
3259 1405 3524 1475 ὑπάρχων
3558 1403 3715 1471 ὑπὲρ
3739 1399 3917 1451 πάντα

2306 1512 2396 1562 τὸν
2441 1509 2666 1577 κόσμον,
2698 1506 2772 1567 ὼς
2799 1502 2932 1564 Θεὸς
2961 1497 3296 1568 Μονογενὴς,
3329 1494 3665 1564 είσὸέὸηκεν
3702 1492 3788 1553 είς
3823 1490 3918 1542 αῦ-

2309 1604 2419 1664 τὸν,
2444 1599 2610 1670 μέρος
2643 1593 2808 1648 αὐτοῦ
2839 1589 3099 1661 γεγονὼς,
3119 1588 3396 1642 τουτέστιν
3419 1587 3748 1655 ἄνθρωπος’
3782 1581 3921 1635 οῦτω

2311 1711 2369 1748 τε
2414 1693 2511 1761 τὴν
2561 1689 2701 1757 ὑπὲρ
2730 1685 2890 1756 ἡμῶν
2918 1681 3298 1752 προσκομίσας
3330 1677 3547 1742 θυσίαν,
3585 1677 3689 1729 καὶ
3726 1672 3920 1726 ἑαυτὸν

2314 1783 2553 1848 ἀναθεὶς,
2587 1782 2792 1833 σέσωκε
2823 1777 2920 1848 τὴν
2956 1776 3046 1828 ὑπ’
3077 1770 3327 1843 οὐρανόν.

2395 1982 2410 2013 ι
2439 1959 2530 2013 Διὸ
2547 1959 2639 2011 καὶ
2656 1957 2683 2008 6
2698 1953 2928 2026 Ἰησοῦς,
2949 1954 3036 2006 ἵνα
3062 1949 3265 2022 ἁγιάσῃ
3285 1947 3372 2002 διὰ
3388 1945 3486 2001 τοῦ
3519 1944 3660 2000 ἰδίου
3687 1944 3927 2014 αἵματος

2315 2055 2404 2109 τὸν
2437 2052 2586 2112 λαὸν,
2621 2050 2724 2117 ἔξω
2770 2047 2870 2116 τῆς
2914 2045 3089 2112 πύλης
3133 2041 3354 2096 ἔπαθεν.
3387 2059 3404 2093 ι
3439 2033 3599 2109 Αἷμα
3624 2031 3929 2106 ἀνθρώπου

2320 2143 2500 2200 κοινοῦ
2531 2144 2656 2195 τίνα
2674 2141 2876 2211 τρόπον
2907 2138 3097 2205 ἁγίους
3119 2136 3269 2206 ὴ,’ἂς
3292 2133 3588 2203 ἁποφήνῃ;
3626 2130 3803 2183 Ἀλλὰ
3829 2132 3930 2199 μὴν

2320 2238 2514 2310 ἡγίασε
2566 2235 2625 2290 τὸ
2678 2227 2821 2304 αἷμα
2868 2228 3132 2301 Χριστοῦ.
3170 2228 3322 2279 Θείον
3365 2220 3461 2278 οῦν
3497 2223 3634 2295 ἄρα,
3690 2225 3796 2275 καὶ
3840 2224 3934 2289 οὐχ

2322 2329 2511 2392 ἁπλῶς
2541 2327 2882 2397 ἀνθρώπινον
2905 2338 2918 2352 ·
2950 2320 3084 2384 Θεὸς
3113 2319 3224 2389 γὰρ
3259 2313 3328 2388 ἦν
3370 2318 3429 2370 ὲν
3473 2317 3671 2386 σαρκὶ,
3709 2315 3796 2384 τῷ
3828 2314 3935 2382 ἰδίῳ

2322 2425 2515 2494 αἵματι
2553 2418 2870 2490 καθαρίζων
2896 2417 3068 2487 ἡμᾶς.

2732 2622 2834 2675 Ἐκ
2873 2616 2982 2685 τῆς
3020 2615 3172 2685 πρὸς
3211 2613 3514 2683 Τιμόθεον.

2405 2759 2420 2792 ι
2457 2735 2549 2801 Εἷς
2580 2737 2690 2808 γὰρ
2723 2734 2876 2798 Θεὸς,
2912 2727 2995 2796 εἷς
3021 2731 3118 2786 καὶ
3153 2727 3380 2799 μεσίτης
3414 2723 3556 2780 Θεοῦ
3597 2726 3701 2780 καὶ
3729 2725 3938 2798 ἀνθρώ-

2330 2850 2448 2885 πων
2489 2829 2776 2900 ᾰνθρωπος
2806 2823 3042 2896 Χριστὸς
3075 2820 3304 2892 Ἰησοῦς,
3356 2820 3386 2871 6
3433 2819 3562 2883 δοὺς
3622 2819 3938 2890 ἀντίλυτρον

2333 2925 2524 2978 ἑαυτὸν
2559 2922 2698 2991 ὑπὲρ
2747 2919 2986 2972 πάντων.
3014 2933 3044 2968 -ι
3096 2914 3374 2985 Σωτήριος
3417 2911 3940 2983 ὀμολογουμένωςὸ

2334 3015 2428 3070 τοῦ
2481 3011 2716 3084 Χριστοῦ
2762 3010 2990 3071 θάνατος
3021 3007 3101 3078 τῷ
3140 3007 3331 3077 κόσμῳ
3375 3003 3567 3059 παντί.
3610 3005 3770 3076 Πλὴν
3800 3008 3846 3056 εί
3877 3004 3939 3072 μή

2338 3111 2451 3163 ἐστι
2481 3107 2637 3169 Θεὸς,
2669 3104 2786 3166 πῶς
2811 3101 2876 3156 ἂν
2906 3101 3194 3170 ἀρκέσειεν
3229 3099 3308 3161 εἰς
3338 3098 3400 3150 τὸ
3425 3097 3708 3165 γενέσθαι
3731 3098 3940 3150 πάντων

2260 3230 2302 3288 C
2335 3201 2655 3268 ἀντίλυτρον
2686 3193 2846 3256 αὐτός
2875 3209 2932 3244 τε
2971 3191 3065 3244 καὶ
3095 3190 3294 3262 μόνοςς
3339 3188 3504 3242 Ἀλλὰ
3538 3190 3764 3259 ἤρκεσε
3801 3188 3942 3258 μόνος

2339 3293 2479 3362 ὑπὲρ
2528 3289 2747 3344 πάντων
2780 3284 3100 3348 -ἁποθανὼν,
3137 3285 3216 3337 ὅτι
3252 3283 3346 3335 καὶ
3380 3282 3527 3352 ὑπὲρ
3562 3283 3790 3345 πάντας
3817 3280 3941 3332 ἐστί.

2338 3383 2469 3444 Θεὸς
2498 3376 2590 3433 οὖν
2625 3379 2733 3448 ἄρα
2764 3375 2880 3430 ἐστι
2909 3374 2985 3445 τῷ
3013 3374 3226 3443 θανάτῳ
3249 3372 3349 3442 τῆς
3394 3371 3534 3435 ἰδίας
3574 3370 3798 3443 σαρκὸς
3821 3373 3945 3425 ἁπε-

2341 3477 2544 3545 στήσας
2578 3473 2672 3526 τοῦ
2709 3471 2916 3541 κόσμου
2947 3469 3036 3522 τὸν
3073 3467 3301 3522 θάνατον

2746 3671 2846 3723 ΕΚ
2879 3665 3024 3721 ΤΩΝ
3059 3668 3153 3718 ΚΑ
3164 3664 3514 3717 θΟΑΙΚΩΝ.

2671 3783 2765 3836 Ἐκ
2806 3780 2914 3849 τῆς
2952 3779 3180 3847 Πέτρου
3217 3774 3621 3844 Ἐπιστολῆς.

2347 3901 2467 3953 ’Ὁτι
2502 3901 2534 3952 ό
2575 3895 2681 3950 τοῦ
2704 3891 2961 3962 Χριστοῦ
2989 3890 3246 3954 θάνατος
3275 3887 3356 3953 τῷ
3381 3886 3604 3956 κόσμῳ
3640 3887 3946 3955 σωτιξριπς.

2423 4012 2575 4064 ι”Οτι
2609 4010 2638 4063 6
2663 4006 2894 4078 Χριστὸς
2913 4003 3060 4068 ἅπαξ
3087 4004 3218 4074 περὶ
3253 4001 3546 4073 ἁμαρτιῶν
3576 4003 3854 4059 ἀπέθανε,
3879 4001 3947 4052 εί-

2347 4124 2497 4168 καιος
2545 4104 2686 4174 ὑπὲρ
2730 4101 2953 4165 ἀδίκων,
2981 4099 3068 4151 ἵνα
3101 4097 3254 4168 ἡμᾶς
3300 4095 3660 4170 προσαγάγῃ
3707 4097 3791 4167 τῷ
3824 4094 3946 4163 Θεῷ,

2348 4195 2681 4257 θανατωθεὶς
2714 4192 2814 4263 μὲν
2846 4189 3032 4262 σαρκὶ,
3067 4185 3426 4257 ζωοποιηθεὶς
3449 4185 3512 4239 δὲ
3543 4189 3950 4258 πνεύματιδιζνι

2346 4283 2390 4357 ᾧ
2428 4287 2523 4340 καὶ
2551 4286 2662 4347 τοῖς
2692 4285 2750 4336 ὲν
2777 4281 2992 4352 φυλακῇ
3024 4277 3299 4347 πνεύμασι
3330 4275 3638 4347 πορευθεὶς
3699 4279 3950 4350 ἐκήρυξεί

2351 4377 2681 4450 ἀπειθήσασι
2734 4391 2888 4428 ποτε.
2923 4392 2940 4425 ι
2998 4369 3193 4425 Πολλοὶ
3245 4369 3354 4423 τῶν
3412 4369 3595 4437 ἁγίων
3661 4372 3949 4441 ἀειῄρηντει

2353 4470 2680 4544 προφητῶν·
2745 4466 2859 4520 ἁλλ’
2907 4463 3080 4528 οὐδεὶς
3145 4461 3372 4515 ἐκείνων
3437 4461 3760 4514 ἀποθανεῖν

675 4619 832 4661 nemo
856 4600 1200 4663 illorum,'ant
1227 4599 1574 4662 peccatorum
1606 4595 1770 4636 causa
1801 4573 2120 4645 oppetiisse,
2155 4584 2221 4621 an

2354 4560 2639 4634 ἁμαρτιῶν
2682 4559 2918 4632 εἴρηται,
2946 4554 3070 4609 οὔτε
3114 4553 3220 4626 μὴν
3265 4557 3659 4622 προσαγαγεῖν
3711 4559 3857 4626 ἡμᾶς
3888 4553 3950 4618 τι]

2361 4658 2388 4663 ,ι
2438 4655 2459 4663 ..ι
2513 4654 2536 4663 Α
2572 4653 2582 4663 ι
2717 4650 2742 4662 ο
2799 4648 2866 4663 ,δ’
2961 4647 2986 4663 Λ
3075 4645 3088 4663 Ι
3214 4661 3223 4663 -
3270 4644 3376 4663 2“!
3413 4644 3523 4663 αἰεὶ
3586 4647 3598 4657 ⁸
3673 4648 3685 4663 1
3785 4647 3836 4663 ρο

675 4713 770 4751 sua
804 4708 900 4749 nos
936 4698 1110 4744 morte
1143 4685 1252 4740 Deo
1279 4679 1565 4740 obtulisse,
1599 4683 1695 4728 aut
1718 4668 2030 4739 spiritibus,
2060 4662 2152 4733 qui
2193 4660 2248 4714 in

675 4798 893 4843 carcere
928 4779 1336 4837 detinebantur,
1379 4768 1707 4840 praedicasse
1742 4762 1918 4817 dictus
1953 4763 2076 4813 est:
2113 4767 2250 4824 pra:-

682 4880 820 4937 stitit
853 4875 956 4929 hoc
1005 4881 1182 4925 autem
1234 4864 1500 4920 Christus.
1556 4857 1658 4913 Per
1701 4854 1885 4923 ipsum
1925 4846 2071 4903 enim
2111 4853 2166 4899 et
2195 4842 2250 4897 in

681 4974 795 5038 ipso
856 4963 1115 5032 redempti
1183 4969 1411 5017 sumus,
1470 4949 1747 5019 ipsiusque
1801 4951 1948 4996 mors
1988 4947 2252 4992 terrarum

680 5062 796 5116 orbi
822 5026 1056 5112 saloteni
1078 5050 1277 5106 attulit.
1298 5044 1528 5100 Mortem
1549 5040 1732 5107 itaque
1758 5049 1856 5102 pro
1889 5030 2043 5086 nobis
2069 5026 2255 5089 subiit,

684 5169 787 5206 non
820 5159 878 5202 ut
902 5149 1061 5202 homo
1092 5141 1358 5211 quispiam
1391 5131 1563 5189 nostri
1601 5126 1820 5192 similis,
1862 5122 1956 5178 sed
2007 5129 2064 5174 ut
2111 5117 2256 5171 Deus

683 5251 734 5299 in
777 5257 964 5304 carne,
988 5239 1078 5307 qui
1112 5249 1309 5305 corpus
1337 5244 1491 5286 suum
1524 5239 1622 5296 pro
1657 5217 1970 5277 mortalium
2002 5211 2250 5269 omnium

684 5342 792 5392 vita
822 5331 1040 5390 obtulit.

779 5519 825 5549 ’θ
848 5513 1009 5570 Hebr.
1039 5525 1093 5572 ιι,
1128 5507 1258 5566 5-7;
1292 5501 1434 5556 Psai.
1477 5512 1662 5560 xxxix,
1698 5492 1812 5546 7-9.
1891 5487 1932 5518 ⁸¹
1968 5485 2132 5538 llebr.
2167 5495 2288 5542 xm.
2323 5478 2412 5531 12.
2492 5473 2582 5526 "l
2623 5471 2769 5526 Tim.
2808 5485 2870 5534 tt,
2913 5467 2967 5522 5.

2353 4655 2471 4726 Θεῴ
2509 4653 2598 4707 διὰ
2651 4650 2744 4705 τοῦ
2799 4648 2930 4702 ἰδίου
2960 4645 3226 4700 θανάτουο
3259 4644 3376 4698 ἁλλ’
3405 4644 3532 4697 οὐδὲ
3585 4647 3836 4717 ἐκήρυξε
3882 4660 3952 4704 τις

2353 4750 2464 4810 τοῖς
2493 4747 2551 4799 ὲν
2574 4744 2790 4815 φυλακῇ
2812 4740 3107 4811 πνεύμασι.
3135 4739 3394 4808 Πέπραχε
3423 4737 3479 4789 δὲ
3510 4737 3682 4791 τοῦτο
3708 4740 3952 4808 Χριστὲς,

2355 4842 2449 4895 καὶ
2482 4839 2547 4893 δι’
2575 4838 2741 4892 αὑτοῦ
2775 4852 2834 4888 τε
2869 4834 2962 4888 καὶ
3009 4833 3067 4885 ὲν
3114 4828 3264 4900 αὐτῷ
3306 4827 3739 4897 λελυτρώμεθα,
3773 4831 3865 4882 καὶ
3906 4830 3957 4879 τὸ

2361 4931 2522 4987 αὑτοῦ
2550 4930 2722 4993 πάθος
2747 4925 2814 5000 ἦν
2841 4927 2919 4996 τῷ
2948 4925 3141 4995 κόσμῳ
3166 4923 3455 4991 σωτήριον.
3480 4921 3760 4974 Ἀπέθανε
3795 4923 3954 4974 τοίνυν

2361 5025 2502 5096 ὑπὲρ
2539 5022 2717 5093 ἡμῶν,
2747 5021 2846 5090 οὐχ
2867 5017 2941 5080 ὡς
2968 5014 3252 5086 ἄνθρωπος
3281 5006 3361 5074 εἷς
3389 5012 3664 5080 ὑπάρχων
3696 5011 3812 5063 τῶν
3841 5011 3958 5062 καθ’

2365 5119 2532 5188 ἡμᾶς,
2568 5113 2684 5168 ἀλλ’
2713 5111 2788 5172 ὡς
2834 5109 2966 5173 Θεὸς
3018 5108 3078 5160 ὲν
3113 5103 3301 5175 σαρκὶ,
3348 5103 3446 5172 τῆς
3501 5102 3779 5156 ἁπάντων
3827 5100 3956 5169 ζωῆς

2363 5207 2718 5276 ἀντάλλαγμα
2749 5203 2811 5255 τὸ
2843 5200 2973 5254 ἴδιον
3001 5198 3163 5267 σῶμα
3192 5193 3387 5257 διδούς.

3054 5461 3100 5495 ⁸³
3127 5461 3142 5515 l
3170 5461 3316 5515 Petr.
3352 5477 3436 5525 tu,
3471 5458 3682 5514 ιεοεο·

1746 5643 1917 5697 Varia)
1941 5639 2197 5694 lectiones
2224 5633 2425 5691 codicis
2456 5629 2820 5700 chuicriaui.

763 5812 789 5840 ι
820 5797 1142 5870 quaom“;
1224 5804 1243 5830 ν
1275 5796 1303 5845 ὑ
1335 5792 1455 5855 ἔξω.
