4040 6490
180 376 287 429 1501

1230 387 1315 442 DE
1356 392 1576 447 RECTA
1618 396 1770 450 Fllll".
1811 400 1898 452 AD
1941 401 2251 456 RECINAS.

3212 410 3346 464 1302

174 494 244 553 είς
275 492 417 545 αὑτὸν
454 494 528 555 ὡς
576 494 655 555 εἰς
704 494 925 564 Κύριον,
960 500 1341 567 ὁμολογοῦντες
1390 505 1444 557 δὲ
1490 511 1581 560 καὶ
1612 510 1708 579 τὴν

1818 515 2043 567 ctiuttcm
2071 521 2382 585 protltentes
2429 520 2688 586 ejusmodi
2715 520 2816 574 ﬁde
2839 520 3228 587 justillccmur?
3260 522 3348 574 Fi-

172 583 228 631 ἐκ
264 582 452 651 νεκρῶν
498 582 790 633 ἀνάστασιν
838 586 1021 649 αὐτοῦ,
1053 588 1405 657 δικαιούμεθα
1432 597 1497 662 τῇ
1527 596 1705 648 πίστει

172 674 230 740 τῇ
274 674 340 735 είς
382 671 573 736 αὐτόν;
612 672 914 742 Πρὰττεται
959 677 1016 730 δὲ
1067 682 1099 749 ἡ
1151 681 1331 742 πίστις
1360 682 1434 745 ὠς
1462 686 1540 747 είς
1578 686 1708 739 Θεὸν

173 763 409 832 δηλονότι.
444 763 740 831 Ἀναγκαία
804 770 1091 840 τοιγαροῦν
1154 774 1186 841 ή
1251 772 1372 825 καθ’
1410 775 1706 829 ὑπόστασιν

171 852 340 911 ἓνωσις
365 850 453 903 τοῦ
484 852 615 906 Θεοῦ
642 855 816 924 Λόγου
837 859 972 930 πρὸς
1001 860 1061 913 τὸ
1083 861 1581 933 ἀνθρώπινον.”Ενα
1603 867 1709 938 γὰρ

170 942 299 994 οὕτω
325 943 550 1013 Χριστὸν
576 946 649 1013 ὡς
684 949 886 1021 Κύριον
913 952 1052 1005 κατά
1090 952 1250 1021 φύσιν
1281 941 1707 1029 ὁμολογήσομεν,

170 1033 364 1103 καὶτῆς
382 1036 547 1091 αὑτοῦ
573 1042 775 1113 σαρκὸς
794 1043 895 1114 τὴν
919 1044 1213 1099 ἀνάστασιν
1233 1046 1706 1119 ἐπιγινώσκοντες,

168 1124 238 1187 ὡς
261 1127 329 1189 είς
354 1127 478 1183 Θεὸν
516 1132 883 1196 πιστεύοντες,
916 1133 1290 1206 δικαιούμεθα.

243 1237 261 1270 ι
285 1220 458 1285 Οὐδεὶς
504 1222 614 1295 γὰρ
660 1224 816 1295 ἡμῶν
866 1226 1044 1298 ἐαυτῷ
1090 1227 1179 1300 ζῇ,
1207 1230 1301 1284 καὶ
1334 1232 1506 1297 οὐδεὶς
1534 1233 1710 1303 ἐαυτῷ

167 1310 510 1384 ἀποθνήσκει·
541 1315 636 1369 ἐὰν
679 1333 746 1368 τε·
781 1314 872 1371 οὖν
919 1316 1122 1391 ζῶμεν,
1158 1323 1235 1393 τῷ
1267 1324 1463 1394 Κυρίῳ,
1489 1324 1669 1395 ζῶμεν
1691 1341 1706 1355 ·

166 1403 259 1457 ἐὰν
297 1420 350 1457 τε
402 1406 862 1477 ἀποθνήσκωμεν,
912 1410 989 1480 τῷ
1036 1413 1226 1483 Κυρίῳ
1274 1413 1707 1485 ἀποθνήσκομεν.

178 1495 295 1549 Ἐάν
331 1514 387 1550 τε
437 1496 641 1567 ζῶμεν,
692 1499 786 1553 ἐάν
834 1518 893 1553 τε
940 1496 1405 1575 ἀποθνήσκωμεν,
1438 1506 1531 1559 τοῦ
1577 1506 1709 1559 Θεοῦ

165 1587 350 1656 ἐσμεν·
383 1589 462 1652 είς
495 1588 651 1643 τοῦτο
677 1591 786 1664 γάρ
815 1593 1050 1665 Χριστὸς
1088 1596 1342 1649 ἀπέθανε
1370 1599 1473 1651 καὶ·
1496 1597 1707 1669 ἔζησεν,

164 1678 247 1728 ἵνα
289 1678 401 1760 καὶ,
416 1681 625 1757 νεκρῶν
654 1684 746 1737 καὶ
775 1685 995 1749 ζώντων
1020 1686 1299 1758 κυριεύσῃ.
1333 1707 1350 1739 ι
1385 1690 1713 1760 Προσπεφώ-

159 1767 290 1837 νηκέ
321 1752 417 1823 ποῖ)
456 1752 656 1841 τοίς-ἐξ
688 1774 858 1829 ἐθνῶν
883 1778 912 1828 ὁ
945 1752 1212 1849 μακάριος
1244 1752 1454 1842 Παῦλος
1475 1797 1488 1811 ’
1529 1799 1547 1832 t
1575 1752 1711 1834 N'uvl.

158 1832 224 1911 δὲ’
267 1860 469 1929 γνόντες
515 1832 668 1930 θεὸν,
706 1865 906 1937 μᾶλλον
937 1832 993 1921 ϐε
1022 1832 1354 1937 γνῶσθέντες
1402 1832 1507 1925 ὑπὸ
1549 1832 1708 1937 Θεοῦ,
1742 1832 1782 1886 Β

160 1952 275 2015 πῶς
317 1954 667 2025 ἐπιστρέφετε
693 1958 786 2009 ἐπὶ
813 1958 880 2011 τά
907 1960 1111 2031 ἀσθενῆ·
1136 1960 1229 2014 καὶ
1260 1963 1449 2033 πτωχά
1473 1965 1709 2034 στοιχεῖα

156 2041 251 2094 τοῦ
296 2044 516 2115 κόσμου,
548 2040 630 2109 οἷς
674 2046 836 2102 πάλιν
872 2048 1383 2105 ἀνωθενδουλεύειν
1434 2053 1646 2122 θέλετε;
1684 2074 1703 2107 ι

154 2135 547 2207 Λελυτρώμεθα
569 2137 747 2191 τοίνυν
768 2138 855 2192 διὰ
875 2142 971 2211 τῆς
993 2141 1226 2206 πίστεως
1252 2144 1353 2213 τῆς
1380 2145 1458 2208 είς
1478 2146 1711 2216 Χριστὸν

156 2228 223 2279 ἐκ
249 2228 343 2297 τῆς
370 2227 476 2282 τῶν
500 2229 777 2300 στοιχείων
808 2231 1070 2298 δουλείας,
1090 2233 1184 2287 καὶ
1211 2234 1521 2305 ήνέχθημεν
1544 2238 1623 2302 είς
1651 2239 1712 2292 τὸ

151 2317 417 2373 δουλεύειν
445 2320 565 2390 Θεῷ
600 2320 763 2386 ζῶντι
792 2324 886 2376 καὶ
914 2324 1174 2395 ἀληθινῷ.
1207 2326 1272 2379 Ei
1306 2326 1361 2380 δὲ
1394 2327 1663 2384 ἀπέθανεν
1683 2331 1712 2382 ὁ

150 2410 401 2477 Χριστὸς,
432 2413 519 2465 ἵνα
549 2413 641 2466 καὶ⁸
669 2414 878 2484 νεκρῶν
898 2417 998 2469 -καὶ
1036 2415 1251 2481 ζώντων
1300 2419 1583 2493 κυριεύσῃ,
1619 2422 1713 2475 καὶ

148 2501 301 2570 αὐτῷ
341 2502 521 2571 ζῶμεν
564 2505 640 2567 ὡς
670 2506 788 2575 Θεῷ
812 2506 972 2569 ζῶντι
1012 2510 1104 2561 καὶ
1133 2509 1407 2581 ἀληθινῷ·
1448 2512 1569 2575 πῶς
1612 2514 1713 2567 οὐκ

146 2592 420 2659 ἀναγκαία
471 2593 547 2664 τῷ
592 2595 751 2667 Λόγῳ
796 2598 829 2668 ἡ
880 2598 1017 2671 πρὸς
1052 2599 1231 2669 σάρκα
1258 2601 1478 2670 γέγονεν
1520 2604 1712 2670 ἐνωσις

144 2680 386 2749 ἀληθήςκς
430 2682 517 2735 Ἐν
560 2684 697 2754 αὐτῇ
753 2686 862 2758 γὰρ
905 2687 1210 2753 ἀποθανὼν,
1253 2690 1573 2761 κεκυρίευκε
1620 2694 1712 2747 καὶ

141 2769 365 2834 ζιὶωτων
403 2772 496 2825 καὶ
532 2773 772 2845 νεκρῶν..

371 2978 471 3033 Ἐκ
508 2978 619 3051 τῆς
656 2981 806 3051 πρὸς
844 2987 1187 3055 Κορινθίους
1225 2989 1477 3058 πρώτης.

224 3094 480 3148 ιἘπινον
513 3095 643 3167 γάρ,
674 3096 855 3166 φησὶν,
889 3100 954 3151 ἐκ
986 3102 1364 3171 πνευματικῆς
1392 3102 1713 3157 ἀκολουθού-

136 3204 248 3256 σης
292 3188 516 3258 πέτραςο
543 3190 576 3259 ἡ
614 3188 670 3240 δὲ
703 3188 879 3260 πέτρα
908 3184 976 3260 ἦν
998 3191 1027 3241 ὁ
1047 3169 1296 3263 Χριστός.
1366 3193 1438 3246 Τὸ
1460 3196 1715 3261 Χριστὸς
1741 3169 1783 3228 C

132 3280 320 3349 ὄνομα
350 3279 584 3333 τέθειται
620 3278 699 3350 τῷ
730 3280 1098 3351 Ἐμμανουὴλ,
1138 3282 1227 3335 ὅτε
1263 3283 1582 3355 γεγέννηται
1627 3285 1716 3338 διά

132 3370 245 3435 τῆς
299 3368 461 3436 ἁγίας
493 3369 794 3441 Παρθένου.
825 3370 949 3435 Πῶς
977 3369 1071 3425 οὖν
1110 3372 1271 3435 αὐτὸς
1315 3369 1382 3444 ἦν
1414 3376 1448 3445 ὴ
1478 3374 1653 3446 πέτρα
1681 3375 1714 3445 ἡ

133 3458 446 3522 ¹,τοκιτίζουσα
475 3462 566 3515 τὸν
594 3462 840 3533 Ἰσραήλ;
874 3463 1014 3517 Ἀλλ’
1039 3463 1153 3518 ἔστι
1177 3465 1355 3536 δῆλον,
1377 3467 1458 3519 ὅτι
1482 3453 1716 3537 Χριστδν

134 3550 243 3603 καὶ
271 3549 399 3603 Υίδν
423 3543 563 3604 οἶδεν
588 3551 681 3604 ἕνα
716 3554 775 3607 τὸ
797 3555 1037 3624 Γράμμα
1058 3557 1120 3610 τὸ
1150 3558 1309 3628 ἱερόν.
1342 3557 1581 3626 Γεγονὼς
1608 3558 1716 3630 γὰρ

128 3641 170 3693 ὁ
204 3637 383 3707 Λόγος
408 3640 561 3712 σὰρξ,
591 3642 755 3695 πάλιν
782 3644 944 3707 αὐτός
986 3647 1132 3699 ἐστιν
1172 3650 1204 3716 ή
1256 3650 1595 3719 πνευματικὴ
1617 3650 1717 3703 πέ-

127 3749 275 3803 τρα,
309 3732 409 3801 τῆς
438 3734 645 3797 οίκείας
681 3734 895 3803 φύσεως
930 3737 991 3790 τὸ
1025 3739 1397 3809 πρεσϐύτατον
1442 3742 1541 3793 οὐκ
1586 3742 1719 3795 ἀπο-

129 3823 328 3880 ϐαλὼν
366 3825 453 3879 διὰ
490 3824 553 3879 τδ
594 3826 713 3881 νέον
734 3827 836 3897 τῆς
859 3829 1190 3900 οἰκονομίας.

364 4098 466 4155 Ἐκ
503 4100 613 4170 τῆς
650 4102 802 4171 πρὸς
838 4107 1183 4173 Κορινθίους
1218 4108 1518 4178 δευτέρας.

232 4225 245 4233 ·
280 4209 447 4264 Ὥστε
485 4212 646 4281 ἡμεῖς
687 4213 794 4267 ἀπὸ
836 4214 927 4267 τοῦ
953 4216 1049 4270 νῦν
1091 4217 1279 4272 οὐδένα
1309 4220 1530 4290 οἴδαμεν
1579 4222 1719 4278 κατὰ

122 4296 368 4368 σάρκα·
410 4302 458 4352 εἰ
503 4301 559 4355 δέ
603 4304 697 4356 καὶ
725 4302 1043 4375 ἐγνώκαμεν
1083 4308 1222 4361 κατὰ
1252 4308 1433 4380 σάρκα
1468 4312 1718 4381 Χριστὸν,

1808 602 1904 655 des
1931 602 2070 654 enim
2101 604 2151 655 in
2186 620 2307 658 eum
2337 614 2586 672 tanquam
2617 605 2669 657 in
2700 606 2865 658 Deum
2918 605 3108 660 fertur.
3152 605 3349 660 Neces—

1809 693 2011 745 Sarium
2069 703 2151 746 est
2192 710 2320 763 ergo
2364 704 2425 749 ut
2453 696 2546 751 Dei
2578 694 2809 749 Verbum
2856 696 3148 749 secundum
3186 697 3354 764 hypo-

1809 779 1980 832 stasin
2029 780 2275 835 humanae
2328 791 2532 836 natura:
2587 784 2793 836 unitum
2852 784 3221 850 proliteamur.
3276 782 3355 837 Ad

1810 870 1953 924 hunc
1976 870 2117 924 enim
2143 872 2356 924 modmn
2396 889 2555 925 unum
2593 873 2865 927 Christum
2900 882 3152 939 tanquam
3205 881 3357 924 natu-

1812 960 1978 1016 ralem
2007 961 2286 1015 Dominum
2315 962 2649 1026 conﬁtentes,
2694 972 2749 1016 et
2793 963 2975 1017 carnis
3008 963 3125 1029 ejus
3178 977 3362 1015 rosur-

1812 1051 2101 1105 rectionem
2133 1059 2507 1120 agnoscentes,
2546 1066 2608 1105 ac
2638 1052 2797 1106 veluti
2830 1053 2883 1105 in
2927 1052 3093 1105 Deum
3135 1054 3361 1105 creden-

1810 1147 1911 1203 tes,
1942 1139 2342 1207 justilicationis
2375 1138 2695 1193 beneﬁcium
2742 1139 3147 1207 consequimur.

1887 1250 1905 1283 ι
1943 1230 2110 1286 Nemo
2150 1231 2305 1287 enim,
2341 1237 2583 1283 nostrum
2628 1228 2730 1282 sibi
2775 1228 2930 1291 vivit,
2973 1238 3027 1281 et
3074 1242 3231 1281 nemo
3262 1229 3361 1282 sibi

1813 1318 2087 1377 moritur:
2130 1322 2245 1376 sive
2291 1322 2434 1375 enim
2481 1320 2731 1383 vivimus,
2764 1318 2921 1387 105
2972 1318 3197 1372 Domino
3223 1320 3360 1373 vivi-

1812 1431 1969 1479 mus;
2014 1414 2127 1469 sive
2158 1412 2439 1475 morimur,
2491 1411 2720 1465 Domino
2757 1409 3039 1474 morimur,
3077 1409 3201 1465 Sive
3235 1427 3363 1482 ergo

1812 1506 2063 1569 vivimus,
2087 1506 2199 1558 sive
2231 1503 2509 1563 morimur,
2532 1500 2740 1557 Domini
2772 1514 2979 1553 sumus.
3010 1498 3067 1553 in
3100 1501 3200 1555 hoc
3222 1505 3361 1557 enim

1811 1595 2059 1651 Christus
2087 1602 2437 1654 mortuuscst
2468 1601 2520 1647 et
2545 1591 2863 1655 resurrexit,
2913 1597 2970 1641 ut
3002 1590 3240 1646 vivorqu
3290 1596 3368 1649 si-

1812 1688 2005 1740 mulet
2037 1695 2367 1741 mortuorum
2405 1680 2800 1738 dominetur“.
2842 1699 2861 1733 ι
2901 1681 3044 1734 Idem
3083 1667 3367 1750 Apostolus

1812 1774 1936 1833 alibi
1968 1776 2087 1831 illos
2112 1778 2201 1845 qui
2237 1791 2300 1831 cx
2337 1776 2586 1843 gentibus
2617 1772 2863 1828 conversi
2901 1770 3135 1838 fuerant,
3174 1773 3246 1827 ita
3284 1778 3363 1830 al-

1820 1868 2087 1937 loquitur:
2125 1886 2143 1919 ι
2180 1866 2333 1923 Nunc
2389 1876 2567 1921 autem
2621 1880 2743 1921 cum
2789 1863 3148 1933 cognoveritis
3180 1864 3364 1932 Deum,

1818 1957 1927 2011 imo
1955 1957 2154 2027 cogniti
2182 1957 2301 2012 sitis
2338 1972 2366 2009 a
2400 1956 2552 2023 Deo;
2581 1956 2848 2024 quomodo
2898 1951 3091 2007 iterum
3142 1967 3367 2008 conver-

1820 2049 1993 2103 timini
2023 2049 2089 2102 ad
2120 2048 2330 2102 inﬁrma
2358 2058 2413 2102 et
2447 2062 2614 2117 egena
2651 2047 2915 2101 elementa
2943 2042 3151 2107 mundi,
3175 2045 3367 2113 quibus

1816 2138 1993 2193 denuo
2033 2137 2239 2193 servire
2270 2136 2429 2191 vultis
2450 2136 2531 2190 "‘2
2571 2153 2589 2187 ι
2623 2135 2725 2190 Per
2760 2134 2919 2189 (idem
2950 2147 3077 2202 ergo
3127 2132 3180 2185 in
3225 2132 3372 2188 Chri-

1818 2240 1959 2285 Stum
1990 2230 2056 2285 ab
2088 2230 2475 2284 elementorum
2510 2227 2769 2283 servitute
2803 2224 3036 2289 liberati,
3066 2223 3117 2277 in
3150 2222 3240 2278 Dei
3265 2225 3367 2279 vivi

1818 2331 1874 2377 et
1894 2322 2007 2376 veri
2039 2321 2321 2376 servitium
2358 2318 2603 2374 translati
2628 2333 2837 2374 sumus.
2866 2316 3018 2383 Quod
3050 2315 3095 2370 si
3123 2315 3370 2371 Christus

1820 2424 2064 2469 mortuus
2104 2422 2209 2480 est,
2258 2422 2321 2467 ut
2361 2410 2606 2466 vivorum
2649 2419 2703 2464 et
2749 2419 3081 2464 mortuorum
3111 2423 3174 2462 cx
3224 2424 3373 2478 aequo

1821 2504 2147 2569 dominetur,
2179 2503 2388 2571 ipsique
2420 2512 2677 2572 tanquam
2706 2500 2829 2554 vivo
2855 2507 2908 2553 et
2930 2512 3058 2552 vero
3088 2496 3197 2553 Deo
3233 2499 3373 2555 vivi-

1819 2610 1960 2660 mus,
1991 2593 2257 2663 quomodo
2290 2592 2653 2657 necessarium
2693 2605 2799 2645 non
2852 2596 2970 2645 erat
3032 2598 3091 2643 ut
3139 2587 3371 2644 Verbum

1816 2699 1940 2740 cum
1960 2698 2128 2764 carne
2160 2698 2288 2739 vere
2318 2683 2604 2737 uniretur?
2634 2680 2692 2736 In
2730 2683 2846 2752 ipsa
2881 2693 3116 2749 namque
3146 2690 3371 2736 mortem

1818 2788 2158 2846 perpessum,
2194 2788 2317 2837 cum
2348 2774 2400 2828 in
2431 2775 2604 2839 vivos,
2642 2782 2752 2828 tum
2799 2772 2852 2826 in
2888 2780 3131 2826 mortuos
3161 2784 3374 2842 quoque

1820 2868 2108 2939 imperium
2140 2866 2399 2922 obtinuit.

2233 2976 2324 3035 Ea:
2345 2978 2509 3047 priori
2534 2978 2602 3031 ad
2635 2975 2959 3038 Corinthios.

1895 3111 1914 3145 ‹
1945 3090 2208 3147 Bibebant
2254 3091 2399 3172 enim
2450 3092 2515 3145 de
2556 3090 2811 3159 spiritali,
2863 3098 3225 3157 consequente
3281 3100 3377 3146 eos

1818 3191 1969 3255 petra
1996 3201 2010 3238 :
2048 3191 2197 3253 petra
2226 3190 2404 3237 autem
2437 3191 2555 3235 erat
2582 3179 2834 3235 Christus
2853 3179 2922 3234 ".
2950 3198 2969 3232 ›
2992 3177 3195 3234 Nomen
3221 3179 3378 3236 Chri-

1819 3278 1886 3332 sti
1918 3286 2047 3331 tuuc
2092 3276 2306 3331 demum
2354 3273 2581 3330 inditum
2633 3280 2715 3329 est
2767 3270 3123 3337 Emmanueli,
3169 3272 3381 3339 quando

1821 3383 1887 3423 ex
1924 3383 2079 3422 sacra
2136 3365 2351 3435 Virgine
2400 3366 2666 3435 originem
2711 3364 2884 3418 duxit.
2930 3362 3209 3429 Quomodo
3253 3377 3381 3431 ergo

1820 3468 1973 3530 petra
2008 3471 2129 3513 esse
2178 3464 2411 3525 poterat,
2442 3470 2561 3525 quae
2594 3454 2850 3524 pepulum
2892 3452 3247 3508 lsraeliticum
3285 3456 3383 3509 ἀει

1822 3558 1969 3605 serto
2000 3546 2257 3618 potarat?
2291 3546 2632 3615 Scripturam
2676 3556 2889 3598 sacram
2921 3556 3086 3596 unum
3121 3539 3386 3598 duntaxat

1823 3619 2041 3705 Filium,
2065 3651 2339 3706 unumque
2389 3634 2665 3690 Christum
2694 3647 3013 3702 agnoscere,
3044 3642 3201 3687 extra
3235 3647 3385 3701 qure-

1822 3731 2051 3785 stionem
2077 3738 2177 3784 est.
2219 3728 2461 3782 Verbum
2516 3725 2717 3791 itaque,
2775 3732 3132 3794 posteaquam
3168 3737 3382 3779 carnem

1826 3820 2087 3888 suscepit,
2116 3817 2380 3888 spiritalis
2398 3818 2563 3873 etiam
2600 3825 2751 3885 petra
2782 3822 2889 3879 est,
2924 3821 3149 3883 propter
3168 3813 3386 3884 dispen-

1824 3910 2052 3965 sationis
2101 3909 2419 3974 novitatem,
2476 3908 2709 3978 propriae
2764 3916 2974 3961 naturze
3006 3903 3383 3973 antiquitatem

1828 4015 1931 4057 non
1960 4000 2239 4071 abjiciens.

2186 4112 2270 4167 Ea:
2309 4114 2594 4181 posteriore
2620 4113 2691 4166 ad
2719 4108 3042 4167 Corinthios.

1911 4225 2142 4291 «Itaque
2182 4238 2281 4278 nos
2331 4238 2395 4277 ex
2439 4223 2541 4277 hoc
2587 4222 2857 4276 neminem
2907 4218 3156 4273 novimus
3196 4230 3391 4272 secun-

1828 4313 1955 4367 dum
1979 4326 2196 4366 carnem
2227 4332 2239 4367 :
2273 4320 2329 4365 et
2360 4312 2404 4367 si
2442 4311 2739 4365 secundum
2779 4323 2999 4363 carnem
3041 4305 3389 4377 cognovimus

118 4389 285 4443 ἀλλὰ
340 4390 438 4443 νῦν
479 4391 662 4445 οὐκέτι
705 4393 1065 4465 γινώσκομεν.
1097 4414 1116 4447 ι
1168 4398 1234 4450 Τί
1266 4398 1327 4469 δή
1363 4399 1471 4470 ἄρα
1499 4402 1663 4472 φησὶν
1693 4403 1717 4455 ὁ

1827 4402 2129 4466 Christum,
2184 4402 2277 4457 sed
2326 4417 2466 4455 nunc
2501 4401 2614 4471 jam
2660 4416 2763 4454 non
2817 4399 3062 4453 novimus
3088 4399 3154 4453 ³⁷.
3194 4416 3213 4451 ι
3254 4396 3388 4463 Quid

118 4479 400 4545 Παῦλοςς
430 4476 577 4552 τΑρα
608 4484 841 4551 Χριστὸν
873 4486 1111 4559 ἀρνεῖται
1157 4488 1298 4558 μετά
1338 4492 1438 4561 τὴν
1484 4492 1717 4545 ἀνάστα-

1828 4500 1932 4559 est,
1970 4492 2215 4555 obsecro,
2244 4490 2386 4560 quod
2418 4489 2617 4544 Paulus
2653 4489 2739 4544 llic
2787 4488 2907 4543 ait?
2944 4487 3191 4557 Nunquid
3234 4486 3389 4543 Chri-

120 4586 264 4631 atv;
303 4570 422 4623 Οὐκ
472 4567 612 4625 οἶδεν
657 4573 818 4627 αὐτὸν
863 4577 1227 4647 ἐγηγερμένον
1290 4580 1349 4633 ἐν
1408 4583 1591 4653 σαρκὶ,
1630 4584 1717 4637 καὶ

1826 4593 1968 4638 stum
2013 4592 2133 4653 post
2176 4582 2624 4637 resurrectionem
2678 4580 2985 4636 inliciatur?
3027 4579 3216 4635 Nonne
3243 4579 3389 4635 illum

116 4661 535 4732 ἀναληφθέντα
570 4665 687 4733 μετ’
710 4666 880 4737 αὐτῆς
919 4669 1002 4731 είς
1038 4668 1129 4722 τὸν
1170 4670 1424 4742 οὐρανόν;
1456 4674 1565 4726 Καὶ
1590 4673 1717 4737 τίςὰ

1826 4679 2119 4731 secundum
2169 4689 2387 4730 carnem
2434 4673 2814 4728 resuscitatum
2842 4713 2857 4738 ,
2902 4686 3136 4741 cumque
3205 4674 3390 4728 eadem

115 4754 320 4822 φάναι
346 4755 507 4807 τοῦτο
526 4756 769 4826 τολμῶν;
797 4759 950 4812 Οὕτω
973 4761 1080 4832 γὰρ
1102 4760 1215 4815 οἶδε·
1231 4765 1323 4816 καὶ
1345 4765 1717 4835 ἀναληφθέντα

1825 4767 1913 4820 illa
1940 4781 2105 4821 carne
2131 4766 2182 4819 in
2211 4766 2405 4820 ccelum
2438 4764 2735 4833 profectum
2786 4764 2988 4833 uorat?
3016 4764 3215 4834 Ecquis
3244 4766 3382 4820 istud

112 4845 238 4899 καὶ
286 4843 493 4915 ἥξοντα
534 4848 675 4901 κατὰ
708 4851 950 4919 καιροὺς,
976 4851 1034 4905 ὃν
1062 4854 1261 4923 τρόπον
1284 4854 1620 4926 ἀναϐέϐηκεν
1647 4859 1717 4920 εἰς

1828 4856 2012 4911 dicere
2066 4854 2289 4910 audeat?
2344 4853 2527 4909 Talem
2574 4870 2806 4924 namque
2874 4856 2925 4909 in
2974 4855 3170 4910 cmlum
3209 4870 3393 4911 ascen-

118 4936 233 4989 τὸν
262 4938 524 5007 οὐρανόν.
561 4939 685 5003 Πῶς
729 4937 824 4993 οὖν
857 4942 957 4995 οὐκ
983 4943 1183 5001 ειδέναι
1212 4946 1347 5016 φησὶ⁸
1378 4944 1519 5000 κατά
1548 4948 1717 5019 σάρκα

1832 4945 1998 5009 disse,
2032 4959 2096 4998 ac
2131 4943 2258 4997 olim
2296 4944 2419 4998 inde
2446 4959 2656 4998 rursum
2680 4953 2968 4998 venturum
2998 4943 3224 5007 sciebat,
3256 4959 3390 5013 qua-

112 5029 316 5091 Υξόνς
349 5028 475 5082 Ὀτι
506 5030 643 5099 μετά
670 5030 767 5102 τὴν
807 5034 879 5089 ἐκ,
907 5034 1114 5106 νεκρῶν
1158 5036 1474 5104 ἀναϐίωσιν,
1522 5039 1621 5092 οὐκ
1665 5042 1717 5092 ἐκ

1834 5036 1937 5089 lem
1996 5036 2240 5089 ccelestia
2276 5034 2497 5103 petiisse
2544 5034 2855 5104 neutiquam
2910 5035 3213 5105 ignorabat.
3250 5035 3393 5103 Quo-

109 5118 249 5173 τῶν
287 5119 401 5189 τῆς
430 5120 630 5190 σαρκὸς
654 5120 735 5177 ἔτι
759 5124 993 5195 μέτρων,
1026 5124 1139 5178 ἀλλ’
1168 5126 1244 5189 ώς
1272 5128 1337 5181 ἐκ
1368 5126 1517 5190 θείας
1554 5129 1717 5199 ὑπερ-

1835 5130 1995 5181 modo
2026 5128 2187 5196 igitur
2219 5125 2411 5180 Filium
2447 5127 2742 5181 secundum
2776 5141 2994 5181 carnem
3025 5140 3085 5180 se
3112 5140 3272 5181 nosse
3300 5142 3393 5181 ne-

106 5211 281 5281 οχῆς
310 5212 540 5280 ἄμεινον
563 5213 724 5267 αὐτὸν
751 5214 948 5268 εἰδέναι
971 5215 1063 5267 καὶ
1095 5216 1374 5286 ὁμολογεῖν
1395 5231 1409 5245 ⁸
1449 5216 1601 5270 οὔπω
1621 5218 1717 5287 γὰρ

1836 5218 1966 5287 gat?
1991 5217 2251 5283 Quoniam
2292 5216 2453 5271 simul
2482 5226 2643 5284 atque
2686 5232 2750 5271 ex
2785 5216 3014 5271 mortuis
3054 5216 3271 5285 revixit,
3303 5231 3392 5273 sar

109 5302 547 5375 πληρωθείσης
575 5304 673 5374 τῆς
700 5306 1031 5375 οἰκονομίας,
1060 5306 1387 5378 ἐκηρύττετο
1418 5308 1558 5360 κατὰ
1599 5307 1731 5379 σάρο

105 5410 235 5457 κα,
264 5394 366 5447 ἴνα
402 5394 725 5465 πιστεύηται
755 5396 995 5465 γεγονὼς
1019 5396 1301 5467 ἄνθρωπος
1326 5399 1354 5450 ὁ
1382 5399 1693 5467 Μονογενής
1712 5414 1726 5429 °

108 5484 271 5537 ἐπεὶ
305 5484 370 5536 δὲ
404 5485 715 5539 τετέλεσται
758 5487 819 5540 τὸ
855 5490 1169 5558 μυστήριον,
1205 5489 1297 5555 ἀφ’
1329 5482 1404 5541 ὧν
1447 5490 1563 5541 ἐστι
1597 5488 1730 5553 Θεὸς

107 5577 386 5646 ἄμεινον
437 5576 598 5631 αὑτὸν
633 5577 933 5647 ὁμολογεῖν,
975 5577 1008 5648 ἢ
1040 5578 1145 5632 ἀπό
1172 5595 1233 5647 γε
1266 5578 1358 5632 τοῦ
1395 5579 1727 5632 κεκενῶσθαι

1836 5308 1943 5363 tius
1976 5322 2042 5363 ex
2090 5308 2269 5362 divina
2317 5308 2475 5377 106
2520 5307 2813 5363 eminentia
2846 5306 2998 5361 illum
3037 5317 3091 5364 et
3135 5321 3297 5363 nosse
3340 5318 3394 5362 et

1834 5397 2266 5467 proﬁteri,quam
2289 5411 2354 5451 ex
2382 5397 2563 5452 carnis
2592 5413 2866 5453 mensura.
2904 5397 3151 5464 Etenim,
3181 5397 3392 5466 dispen-

1836 5488 2057 5555 sationis
2110 5489 2365 5559 mysterio
2396 5488 2894 5559 necdumexpleto,
2927 5488 3225 5543 secundum
3269 5502 3393 5544 car-

1833 5593 1955 5634 nem
1999 5580 2407 5649 prmdicabatur,
2450 5596 2555 5651 quo
2596 5580 2846 5637 nimirum
2894 5578 3218 5651 Unigenitus
3266 5594 3389 5637 care

212 5754 260 5784 "‘
296 5752 470 5809 Rom.
493 5769 601 5821 xw,
642 5755 754 5813 7-0.
833 5756 878 5788 ⁸³
902 5756 1071 5811 Galat.
1106 5773 1176 5824 tv,
1214 5760 1265 5814 9.
1342 5756 1424 5810 "1
1454 5756 1578 5813 Coro
1608 5774 1660 5823 Χ,
1695 5755 1717 5811 4

1828 5756 1871 5789 οτ
1896 5755 1923 5814 ι,
1952 5755 2075 5810 Cor.
2106 5717 2161 5822 iv,
2197 5754 2273 5809 16.
