4040 6436
660 317 790 375 1303
1637 323 1692 377 S.
1736 321 2004 378 CYRILLI
2047 324 2513 379 ALEXANDRINI
2553 326 2872 384 ARCHIEP.
3789 327 3907 381 1501

655 436 829 490 tactus
880 436 1213 492 crederetur.
1266 439 1335 495 At
1364 456 1509 506 vero,
1561 451 1898 496 sacramento
1951 442 2053 497 hoc
2097 443 2250 514 jaml

2314 444 2402 497 διὰ
2439 446 2536 517 τὴν
2578 449 2778 520 σάρκα.
2821 443 2914 510 Εἷς
2951 441 3044 500 οὖν
3081 449 3318 519 Χριστὸς
3359 449 3453 503 και
3485 449 3619 510 Υἱὸς
3662 447 3762 500 καὶ
3803 446 3908 497 κε-

652 535 1048 609 οοηειιηηηοιο,
1083 539 1300 598 prcestat
1331 549 1392 586 ex
1423 533 1701 586 divinitate
1731 533 1880 585 illum
1914 548 2208 604 agnoscere
2320 554 2452 606 ριος.

651 623 704 672 et
730 616 993 685 proﬁteri,
1022 633 1183 690 quam
1241 637 1305 676 ex
1369 624 1551 678 carnis
1591 624 1897 678 humilitate
1964 635 2020 680 et
2062 627 2447 685 exinanitione.
2503 631 2658 689 Unus
2700 633 2882 702 itaque
2920 641 3003 687 est
3047 632 3300 689 Christus
3372 645 3429 690 ct
3486 633 3662 688 Filius
3721 641 3778 684 et
3829 630 3912 682 Du-

727 818 747 851 ‹
785 801 950 856 Scitis
982 803 1126 857 enim
1156 805 1385 874 gratiam
1411 805 1619 861 Domini
1649 809 1819 864 nostri
1842 809 1969 865 Jesu
1995 808 2218 874 Christi,

2405 836 2424 870 ι
2454 818 2757 872 Γινώσκετε
2783 817 2889 889 γὰρ
2914 815 3010 886 τὴν
3037 817 3194 886 χάριν
3221 814 3316 866 τοῦ
3349 817 3562 886 Κυρίου
3609 817 3780 885 ἡμων
3815 814 3909 880 Ἰη-

649 891 906 956 quoniam
949 903 1170 963 propter
1195 911 1291 950 vos
1325 911 1525 964 egenus
1557 898 1737 954 {actus
1777 909 1891 964 est,
1927 915 2046 954 cum
2075 910 2222 956 esset

2331 909 2426 963 σοῦ
2457 912 2718 981 Χριστοῦ,
2751 913 2832 964 ὅτι
2875 911 2943 964 δι’
2972 909 3115 979 ὑμᾶς
3158 906 3470 976 ἐπτώχευσε
3505 907 3777 969 πλούσιος
3824 905 3909 966 ὢν,

651 983 819 1048 dives,
851 993 910 1037 ut
956 985 1100 1041 illius
1146 988 1325 1056 inopia
1369 1002 1464 1044 vos
1507 991 1703 1046 divites
1741 992 1938 1046 essetis
1982 993 2048 1047 ⁸⁵.
2097 1010 2116 1044 ι
2160 992 2218 1048 Si

2329 1000 2414 1054 ἵνα
2441 1001 2600 1072 ὑμεῖς
2621 1003 2688 1072 τῇ
2715 1000 2924 1054 ἐκείνου
2949 997 3190 1068 πτωχείᾳ
3217 995 3582 1064 πλουτήσητε.
3609 1015 3629 1047 ›
3660 997 3728 1048 Ei
3760 996 3913 1064 μόνον

650 1074 902 1133 Christus
937 1089 1021 1133 est
1069 1087 1274 1133 tantum
1322 1080 1505 1147 homo,
1539 1098 1644 1136 non
1691 1085 1986 1138 secundum
2031 1100 2215 1141 veram

2324 1090 2610 1160 ἄνθρωπος
2637 1093 2666 1144 6
2694 1091 2948 1161 Χριστὸς,
2985 1091 3078 1144 καὶ
3109 1090 3170 1143 οὐ
3199 1087 3321 1143 καθ’
3355 1087 3554 1140 ἕνωσιν
3604 1086 3794 1159 ἀληθῆ
3824 1088 3916 1158 τὴν

653 1175 834 1220 autem
859 1182 979 1221 cum
1011 1167 1108 1223 Dei
1131 1168 1308 1225 Verbo
1335 1173 1588 1226 unionem
1615 1175 1925 1240 opulentus,
1952 1185 2010 1229 ut
2037 1177 2214 1245 Deus;

2324 1182 2461 1252 πρὸς
2487 1181 2580 1234 τὸν
2604 1182 2738 1234 Θεὸν
2763 1182 2935 1249 Λόγον
2965 1181 3237 1244 πλούσιος,
3273 1179 3348 1240 ὼς
3387 1176 3542 1240 Θεὸς,
3572 1177 3700 1239 πῶς
3740 1178 3915 1230 ἐπτώ-

651 1255 924 1321 quomodo
965 1256 1140 1312 factus
1190 1268 1275 1314 est
1319 1261 1568 1330 egenus?
1601 1261 1800 1328 Quales
1844 1265 2056 1321 tandem
2092 1279 2220 1324 sunt

2325 1291 2521 1346 χευσες
2556 1274 2654 1338 Τίς
2683 1273 2792 1343 γὰρ
2824 1274 2963 1338 ὅλως
2994 1275 3022 1326 6
3051 1273 3150 1343 τῆς
3178 1268 3605 1342 ἁνθρωπότητος
3641 1268 3912 1329 πλοῦτοςς

650 1359 781 1412 opes
816 1353 1024 1401 natura:
1060 1348 1344 1404 humanae?
1384 1353 1578 1408 Annon
1638 1355 1782 1408 omni
1851 1356 2054 1412 homini
2087 1359 2223 1413 dici-

2328 1369 2556 1438 Εἴρηται
2593 1366 2701 1438 γὰρ
2729 1365 3002 1437 ἀνθρώπῳ
3033 1366 3231 1419 παντίο
3281 1383 3300 1416 ι
3334 1363 3398 1416 Τί
3425 1361 3537 1431 γὰρ
3569 1359 3725 1429 ἔχεις
3760 1361 3792 1411 ὃ
3825 1361 3910 1410 σὺ)

653 1445 740 1488 ιιιι·
773 1453 786 1488 :
827 1451 846 1486 ι
879 1436 1015 1501 Quid
1050 1437 1216 1493 habes
1247 1441 1390 1508 quod
1426 1456 1536 1495 non
1571 1444 1829 1511 accepisti
1851 1445 1944 1498 ουτ
1979 1465 1997 1498 ι
2021 1445 2219 1501 Verum

2327 1436 2547 1524 έλαόεςς
2593 1477 2612 1510 ι
2651 1436 2791 1512 ’Ἀλλ’
2823 1436 3155 1529 ἐπτώχευσε,
3206 1457 3461 1518 πλούσιος
3508 1453 3586 1506 ὢν
3633 1452 3713 1515 ὡς
3748 1451 3912 1512 Θεός·

653 1523 742 1576 hit:
772 1539 893 1578 cum
925 1529 1071 1581 dives
1093 1539 1254 1593 esset,
1275 1539 1458 1600 utpote
1483 1530 1643 1596 Deus,
1672 1533 1848 1591 factus
1881 1545 2217 1606 estegenus;

2326 1549 2640 1620 ὲπτὼχευσε
2673 1549 2799 1621 γὰρ,
2832 1547 2892 1602 τὸ
3061 1546 3475 1617 ἀνθρωπότητος
3526 1543 3916 1613 μικροπρεπὲς

657 1617 926 1686 siquidem
962 1620 1192 1676 Verbum
1225 1637 1536 1692 paternum,
1559 1630 1700 1695 quod
1739 1643 1868 1683 vere
1896 1630 2046 1684 dives
2077 1639 2219 1693 erat,

2326 1617 2762 1711 οἱκειιῦσάμενος
2796 1617 3180 1710 οίκονομικῶς,
3207 1639 3236 1690 6
3284 1635 3544 1696 πλούσιος
3593 1632 3829 1702 ἀληθῶς
3861 1633 3917 1682 ἐκ

654 1710 904 1766 humanae
949 1723 1157 1768 natura:
1197 1716 1558 1774 humilitatem
1611 1720 2007 1789 dispensatorie
2058 1735 2216 1773 suam

2325 1733 2459 1787 Θεοῦ
2491 1710 2704 1804 Πατρὸς
2730 1733 2920 1800 Λόγος,
2952 1727 3048 1792 Εἷς
3083 1730 3192 1800 ἄρα
3227 1727 3462 1798 Χριστὸς
3500 1727 3597 1778 καὶ
3625 1725 3767 1787 Υἱός
3791 1742 3804 1753 ·
3833 1725 3918 1776 καὶ

653 1799 879 1866 faciens,
906 1800 1105 1856 factum
1151 1814 1234 1860 est
1281 1808 1458 1875 inops.
1497 1806 1649 1863 Unus
1681 1824 1811 1879 ergo
1839 1817 1924 1862 est
1969 1809 2221 1864 Christus

2324 1819 2577 1884 πλούσιος
2610 1799 2731 1888 μιν,
2761 1799 2837 1880 ὼε
2865 1818 3030 1879 Θεός·
3069 1799 3282 1886 πτωχὸς
3327 1815 3406 1876 δὲ,
3435 1815 3518 1867 ὅτι
3551 1814 3796 1880 γέγονεν
3830 1813 3917 1865 ἇν-

653 1900 708 1942 et
733 1888 921 1956 Filius,
955 1894 1045 1962 qui
1087 1896 1304 1963 quidem
1351 1899 1500 1952 dives
1551 1909 1634 1953 est
1682 1909 1740 1953 ut
1791 1899 1968 1966 Deus;
2021 1915 2222 1970 pauper

2214 1915 2222 1930 '
2323 1910 2560 1981 θρωπος,
2597 1910 2684 1964 ἵνα
2714 1909 2875 1979 ἡμεῖς
2906 1905 3193 1977 γενώμεθα
3228 1903 3474 1958 πλούσιοι
3503 1903 3574 1955 δι’
3605 1902 3809 1954 αὐτόν.

654 1996 784 2036 vero
811 1992 914 2047 est,
951 1985 1076 2054 quia
1108 1995 1164 2040 ut
1201 2003 1300 2042 nos
1333 2004 1428 2058 per
1455 2004 1516 2045 se
1551 1990 1933 2060 locupletaret,
1957 1993 2123 2047 homo
2149 1992 2221 2047 fa-

653 2083 775 2128 ctus
803 2083 906 2130 est.

1019 2168 1021 2170 η
1086 2188 1170 2243 Ea:
1195 2189 1428 2258 Epistula
1457 2196 1524 2246 ad
1553 2192 1789 2249 Galatas.

2725 2193 2822 2246 Ἐκ
2855 2191 2966 2260 τῆς
2998 2191 3150 2260 πρὸς
3183 2193 3481 2259 Γαλάτας.

727 2315 747 2349 ι
783 2298 982 2354 Paulus
1021 2304 1320 2372 apostolus,
1352 2321 1458 2358 non
1491 2307 1558 2360 ab
1582 2307 1908 2375 hominibus,
1929 2323 2101 2378 neque
2123 2325 2221 2379 per

2399 2330 2418 2364 ι
2445 2307 2659 2373 Παῦλος
2694 2305 2990 2369 ἀπόστολος
3017 2346 3031 2371 ,
3068 2305 3169 2361 οὐκ
3188 2307 3283 2361 ἀπ’
3311 2306 3646 2379 ἀνθρώπων,
3676 2306 3811 2358 οὐδὲ
3855 2305 3916 2357 δι’

653 2387 948 2457 hominem,
968 2393 1061 2446 sed
1083 2408 1179 2463 per
1195 2393 1374 2449 Jesum
1394 2396 1688 2463 Christum,
1706 2407 1759 2450 et
1788 2399 1954 2453 Deum
2005 2398 2218 2453 Patrem

2323 2399 2635 2471 ἀνθρώπου,
2679 2397 2814 2452 ἀλλὰ
2843 2398 2932 2451 διὰ
2964 2396 3138 2466 Ἰησοῦ
3186 2398 3445 2468 Χριστοῦ,
3475 2397 3575 2450 καὶ
3608 2397 3758 2450 Θεοῦ
3811 2398 3918 2448 Πα-

654 2482 744 2549 qui
801 2483 1085 2539 suscitavit
1133 2501 1314 2541 euma
1369 2490 1665 2544 mortuis'.
1719 2509 1738 2542 ι
1795 2491 1986 2545 Annon
2051 2492 2217 2545 Deum

2320 2489 2448 2560 τρὸς
2490 2488 2583 2542 τοῦ
2629 2487 2939 2557 ἐγείραντος
2983 2486 3145 2540 αὑτὸν
3202 2487 3267 2540 ὲκ
3312 2486 3548 2558 νεκρῶν.
3586 2506 3607 2538 ι
3638 2483 3779 2556 'Ap‘
3829 2483 3915 2539 οὖν

649 2570 1016 2639 incarnatum,
1073 2590 1344 2645 unumque
1389 2593 1453 2632 ex
1511 2579 1758 2648 utrisque
1789 2580 1984 2634 Filium
2041 2594 2094 2635 ct
2124 2583 2220 2635 Do-

2322 2579 2438 2648 οὖχὶ
2479 2577 2613 2630 Θεὸν
2643 2576 3131 2647 ὲνηνθρωπηκότα,
3174 2576 3270 2628 καὶ
3315 2577 3414 2630 ἕνα
3459 2576 3554 2627 τὸν
3599 2575 3664 2638 ἐξ
3711 2576 3917 2644 ἀμφοιν

653 2661 1204 2725 minum,divinorum
1248 2669 1630 2738 mysteriorum
1675 2671 1943 2738 interpres
1978 2687 2072 2738 per
2105 2673 2219 2728 hazc

2320 2667 2610 2738 ἀποφαίνει
2646 2666 2735 2718 διὰ
2757 2666 3105 2736 τούτωνήμίν
3142 2667 3269 2718 Υἱὸν
3294 2667 3388 2718 καὶ
3419 2667 3633 2734 Κύριον
3669 2669 3700 2719 ὁ
3745 2684 3915 2736 μυστ-

651 2750 806 2806 uobis
831 2751 1105 2808 insinuat?
1129 2756 1265 2810 Dicit
1297 2757 1439 2811 enim
1460 2773 1519 2812 se
1542 2773 1647 2813 non
1683 2757 1751 2812 ab
1783 2759 2019 2825 homine,
2047 2775 2219 2829 neque

2323 2761 2572 2832 αγωγός;
2615 2761 2760 2831 Ἔφη
2802 2761 2898 2830 μὲν
2943 2760 3053 2830 γὰρ
3117 2759 3477 2823 ἀπεστάλθαι,
3521 2759 3657 2812 οὕτε
3692 2762 3791 2813 ἀπ’
3825 2763 3915 2812 ἁν-

651 2855 748 2906 υρι-
771 2841 1062 2909 hominem,
1081 2848 1177 2901 sed
1199 2863 1291 2916 per
1318 2846 1497 2902 Jesum
1526 2848 1800 2904 Christum
1834 2853 2054 2904 missum
2077 2866 2216 2906 esse.

2322 2853 2576 2924 θρώπων,
2625 2850 2750 2904 οὕτε
2801 2851 2868 2903 δι’
2909 2850 3233 2918 ἀνθρώπου·
3286 2848 3658 2920 προστέθεικε
3704 2850 3793 2912 δὲ,
3843 2852 3916 2902 ὅτι

651 2931 790 3000 Quid
818 2935 984 3002 ergo?
1017 2935 1270 3006 Nunquid
1331 2938 1501 3000 illum,
1535 2953 1692 3007 quem
1720 2939 1970 2994 universo
1997 2941 2112 2994 orbi
2141 2950 2220 2994 ta-

2329 2963 2347 2995 ι
2389 2943 2548 2997 Ἀλλὰ
2577 2943 2666 2997 διὰ
2703 2939 2880 3011 Ἰησοῦ
2910 2938 3166 3011 Χριστοῦ.
3197 2959 3216 2991 ι
3247 2940 3439 2993 Καίτοι
3463 2939 3588 3002 πῶς
3633 2941 3743 2993 οὐκ
3780 2937 3917 2993 οἶδεν

646 3026 754 3080 lem
805 3028 1154 3081 annuntiarat
1189 3029 1458 3083 hominem
1495 3044 1616 3084 esse
1649 3031 1972 3098 ignorabat?
1998 3032 2215 3101 Nequa-

2325 3035 2609 3107 ἄνθρωποὶ)
2653 3033 2782 3086 ὄντα
2825 3029 3029 3100 Ἰησοῦν
3079 3031 3340 3100 Χριστὸν,
3370 3030 3398 3083 6
3445 3029 3598 3082 οὕτω
3640 3033 3762 3092 τοῖς
3819 3030 3916 3082 ἀνὰ

646 3129 805 3186 quam
829 3135 841 3171 :
863 3127 1019 3172 norat
1042 3120 1228 3188 utique
1257 3121 1526 3174 hominem
1553 3135 1675 3176 esse
1695 3146 1707 3175 -.
1729 3130 1783 3173 at
1812 3137 1914 3174 non
1939 3122 2214 3177 hominem

2323 3085 2502 3180 πᾶσαν
2527 3085 2625 3197 την
2653 3085 2976 3193 οἰκουμένην
2995 3131 3024 3171 γ
3059 3085 3302 3191 κηρυςας
3341 3122 3507 3175 αὐτόν
3537 3137 3553 3184 ;
3597 3122 3752 3173 Ἀλλ’
3777 3117 3916 3173 οἶδεν

646 3209 848 3273 solum,
880 3209 974 3264 sed
1017 3209 1110 3264 Dei
1174 3211 1408 3265 Verbum
1469 3211 1742 3264 hominem
1779 3211 2004 3264 l‘actum.
2031 3212 2218 3282 Neque

2322 3215 2447 3268 ὄντα
2467 3216 2565 3268 οὐκ
2586 3214 2868 3285 ἄνθρωπον
2893 3212 3096 3275 ἁπλῶς,
3120 3210 3594 3281 ὲνηνθρωπηκότα
3620 3211 3683 3262 δὲ
3717 3211 3917 3279 μᾶλλον

647 3298 820 3354 Deum
857 3314 1070 3353 rursum
1108 3300 1162 3354 in
1200 3300 1416 3354 homine
1482 3299 1908 3370 intelligendum,
1938 3302 2032 3356 sed
2069 3303 2218 3356 salva

2323 3305 2412 3356 τὸν
2435 3306 2500 3356 ἐκ
2542 3303 2677 3356 Θεοῦ
2721 3302 2919 3369 Λόγονο
2955 3303 3049 3353 καὶ
3076 3303 3136 3354 οὐ
3173 3301 3307 3353 Θεὸν
3343 3301 3399 3352 ἑν
3431 3298 3725 3370 ἀνθρώπῳ
3773 3300 3918 3353 νοού-

647 3390 948 3457 peremnia
979 3389 1181 3444 deitate
1227 3389 1502 3444 hominem
1551 3391 1730 3459 reipsa
1782 3389 2051 3444 effectum.
2082 3389 2218 3446 Cum

2325 3411 2503 3464 μενον,
2530 3394 2642 3446 ἀλλ’
2669 3395 2744 3457 ὡς
2772 3395 3092 3464 αὐτόχρημα
3121 3392 3412 3460 γενόμενον
3441 3390 3750 3461 ἄνθρωπον
3788 3392 3919 3462 μετὰ.

645 3495 780 3550 ergo
803 3495 863 3535 se
909 3495 1014 3535 non
1048 3480 1114 3535 ab
1165 3481 1404 3546 homine,
1437 3481 1532 3536 sed
1571 3497 1668 3552 per
1717 3479 1897 3536 Jesum
1942 3481 2215 3538 Christum

2323 3484 2413 3538 τοῦ
2443 3481 2748 3538 εἷναιΘεόν.
2777 3484 2948 3537 Ὅταν
2983 3479 3077 3536 οὖν
3104 3482 3261 3552 λέγῃ,
3303 3481 3457 3552 παρὰ
3490 3483 3804 3553 ἀνθρώπου
3851 3482 3918 3551 μὴ

647 3574 871 3627 missum
901 3573 1048 3627 dicat
1083 3587 1100 3626 :
1133 3573 1255 3640 quis
1306 3573 1512 3627 dubitet
1551 3573 1681 3641 quin
1717 3574 1991 3628 Christum
2034 3574 2216 3629 Jesum

2326 3573 2679 3636 ἀπεστάλθαι,
2706 3573 2842 3628 ἀλλὰ
2869 3573 2957 3626 διὰ
2994 3572 3168 3642 Ἰησοῦ
3200 3571 3460 3643 Χριστοῦ·
3494 3574 3623 3636 πῶς
3648 3575 3750 3642 οὐχ
3789 3575 3921 3625 ᾶπα-

645 3679 830 3718 verum
857 3663 1021 3718 Deum
1057 3672 1339 3732 agnoscat,
1370 3662 1530 3717 etiam
1549 3664 1639 3718 ubi
1674 3663 1761 3718 ille
1787 3663 2009 3732 perinde
2031 3679 2096 3719 ac
2121 3679 2221 3720 nos

2324 3685 2405 3720 σιν
2441 3667 2692 3738 ἐναργὲς,
2719 3667 2800 3720 ὅτι
2825 3665 2922 3718 καὶ
2950 3664 3082 3717 Θεὸν
3117 3664 3280 3718 αὑτὸν
3309 3660 3450 3716 οἶδεν
3477 3663 3751 3733 ἀληθινὸν
3787 3662 3919 3732 μετᾶ

643 3757 792 3808 carni
841 3755 1396 3810 communicavit?At
1442 3755 1630 3810 maluit
1657 3756 1877 3810 interim
1932 3756 2080 3810 illum
2124 3771 2220 3826 per

2324 3759 2380 3812 τὸ
2411 3759 2507 3812 καὶ
2538 3761 2596 3810 ὲν
2632 3757 2796 3828 σαρκὶ
2832 3754 3089 3822 γενέσθαι
3131 3753 3253 3807 καθ’
3281 3755 3462 3822 ήμᾶςς
3498 3754 3786 3822 Σημαίνει
3817 3751 3919 3802 τοί-

645 3844 882 3900 divinam
910 3843 1055 3899 illius
1089 3859 1252 3913 super
1280 3859 1472 3900 omnes
1501 3845 1898 3911 excellentiam,
1920 3859 2079 3914 quam
2122 3861 2220 3918 per

2321 3867 2416 3907 vpv
2455 3849 2617 3907 αὐτὸν
2645 3847 2745 3900 οὐκ
2789 3846 2896 3900 ἀπό
2936 3863 2998 3914 γε
3039 3846 3148 3896 τῶν
3191 3845 3289 3913 τῆς
3330 3841 3628 3904 κενώσεως
3681 3843 3916 3912 μέτρων,

646 3935 1032 3991 cxinanitionis
1062 3951 1372 3992 mensuram
1398 3939 1725 4004 exprimere.

2321 3939 2456 3999 ἀλλὰ
2487 3940 2552 3990 ὲκ
2584 3938 2683 4006 τῆς
2717 3937 2865 3998 θείας
2897 3933 3062 3986 αὑτοῦ
3115 3933 3210 3986 καὶ
3255 3931 3398 3985 κατὰ
3447 3933 3683 3985 πάντων
3737 3933 3916 4002 ὑπερ-

2318 4030 2475 4101 οχῆς·

725 4143 745 4174 ς
777 4124 911 4179 Cum
967 4138 1210 4178 essemus
1265 4125 1495 4193 parvuli,
1527 4125 1627 4180 sub
1683 4127 1968 4182 elementis
2029 4129 2212 4183 mundi

2393 4136 2418 4170 ι
2442 4118 2570 4172 Ὅτε
2612 4112 2753 4188 ἦμεν
2783 4117 2998 4187 νήπιοι,
3027 4115 3134 4168 ὑπὸ
3163 4114 3232 4168 τὰ
3279 4115 3521 4183 στοιχεῖα
3567 4113 3669 4166 τοῦ
3711 4114 3915 4183 κόσμου

644 4229 864 4269 eramus
921 4214 1238 4269 servientes.
1291 4216 1446 4284 107
1510 4216 1581 4270 At
1626 4217 1713 4269 ubi
1760 4219 1904 4271 venit
1940 4217 2216 4286 plenitudo

2320 4209 2702 4280 δεδουλωμένα
2741 4204 2902 4278 ἦμεν.
2931 4208 3062 4261 Ὅτε
3103 4207 3160 4259 δὲ
3195 4202 3326 4278 ἦλθε
3373 4205 3435 4256 τὸ
3483 4205 3782 4275 πλήρωμα
3830 4205 3915 4255 to]

643 4304 927 4373 temporis,
961 4304 1110 4360 misit
1163 4303 1306 4360 Deus
1346 4305 1538 4358 Filium
1576 4320 1732 4360 suum
1763 4305 1964 4361 factum
1997 4323 2063 4364 ex
2095 4324 2214 4362 mu-

2322 4300 2530 4370 χρόνου,
2577 4299 2954 4365 ἐξαπέστειλεν
3000 4299 3028 4350 ὁ
3067 4297 3199 4362 Θεὸς
3228 4297 3317 4349 τὸν
3366 4296 3493 4349 Υἱὸν
3531 4297 3711 4350 αὐτοῦ
3768 4297 3917 4364 γενό-

643 4396 800 4458 liere,
828 4394 1027 4448 factum
1059 4395 1160 4449 sub
1194 4395 1330 4462 lege,
1360 4405 1418 4449 ut
1461 4410 1556 4450 eos
1600 4396 1691 4462 qui
1736 4400 1834 4450 sul)
1861 4397 1976 4468 lege
2033 4411 2209 4464 erant,

2323 4407 2481 4459 μενον
2521 4393 2587 4444 ὲκ
2620 4389 2906 4456 γυναικὸς,
2941 4389 3231 4458 γενόμενον
3280 4389 3385 4441 ὑπὸ
3422 4389 3615 4458 νόμον,
3667 4390 3764 4441 ἵνα
3799 4391 3918 4449 τοὺς

641 4485 952 4546 redimeret,
983 4492 1042 4536 ut
1079 4484 1420 4552 adoptionem
1453 4484 1681 4538 liliorum
1715 4485 2079 4554 reciperemus
2102 4489 2141 4538 ⁸.
2184 4505 2208 4537 ι

2320 4482 2412 4536 57:6
2451 4481 2614 4551 νόμον
2652 4481 2978 4552 ἐξαγοράσῃ,
3015 4482 3102 4534 ἵνα
3135 4480 3234 4550 τὴν
3284 4480 3562 4533 υἱοθεσίαν
3618 4480 3915 4534 ἁπολάεωσ

642 4575 838 4641 Quem,
859 4589 1060 4643 quarso,
1089 4573 1232 4629 Deus
1264 4573 1428 4629 Pater
1450 4591 1513 4630 ex
1546 4576 1769 4631 muliere
1811 4586 1991 4632 ortum
2022 4590 2075 4632 et
2110 4580 2210 4634 suh

2323 4590 2431 4627 λεν.
2458 4591 2475 4622 ι
2523 4572 2658 4625 Τίνα
2691 4571 2982 4641 πέπομφεν
3010 4573 3039 4624 6
3073 4571 3208 4633 Θεὸς
3235 4571 3329 4622 καὶ
3362 4570 3579 4640 Πατὴρ,
3605 4571 3669 4632 ὃς
3693 4572 3918 4639 γέγονεν

645 4667 760 4734 lege
817 4666 1016 4719 factum
1059 4665 1240 4718 misit?
1278 4663 1470 4720 Annon
1530 4681 1765 4736 congrue
1832 4668 2210 4736 respondetur,

2323 4684 2378 4719 ικι
2417 4663 2706 4734 γυναικὸς,
2754 4661 2947 4731 γέγονε
2986 4663 3044 4715 δὲ
3084 4663 3179 4715 καὶ
3224 4662 3328 4714 ὑπὸ
3371 4661 3573 4729 νόμους
3604 4657 3768 4732 *Λρα
3805 4663 3918 4728 οὐχὶ

644 4753 912 4823 digneque
940 4751 1228 4819 cogitatur,
1257 4766 1378 4805 eum
1408 4752 1643 4816 misisse,
1669 4755 1756 4822 qui
1792 4768 1964 4822 neque
1987 4769 2052 4809 ex
2094 4771 2212 4807 mu-

2324 4756 2479 4824 ράναι
2502 4753 2735 4825 πρέπει,
2783 4753 2878 4804 καὶ
2933 4754 3204 4823 περινοεῖν
3252 4751 3439 4814 ἄξιον,
3485 4751 3574 4802 ὅτι
3619 4752 3919 4822 πέττομςεν

643 4844 775 4895 liere
813 4851 986 4895 ortus.
1016 4855 1114 4894 nec
1161 4839 1262 4909 legi
1294 4841 1469 4894 factus
1520 4850 1666 4894 esset
1705 4843 1992 4908 obnoxius,
2015 4844 2115 4898 nisi
2161 4844 2210 4898 id

2322 4847 2541 4908 ἐκεῖνον,
2564 4844 2622 4907 ὸς
2647 4844 2748 4896 οὐκ
2769 4842 2834 4896 ἂν
2862 4841 3088 4910 γέγονεν
3111 4844 3174 4894 ὲκ
3202 4839 3479 4908 γυναικὸς,
3506 4841 3621 4893 οὐδ’
3645 4840 3721 4893 ἂν
3752 4843 3917 4911 ἐπρασ

649 4949 766 4989 esse
791 4950 895 4988 non
916 4933 1207 4992 desineret.
1234 4932 1377 5002 quod
1409 4942 1534 4987 ante
1566 4947 1782 4986 carnem
1815 4943 1868 4988 et
1889 4935 2208 5005 sanguinem

2321 4937 2402 5001 ξεν
2432 4937 2537 4990 ὑπὸ
2566 4935 2751 5005 νόμον,
2779 4936 2827 4987 εἰ
2869 4934 2944 5006 μὴ
2980 4933 3290 5004 μεμένηκεν
3319 4933 3456 5002 ὅπερ
3489 4927 3582 5001 ἦν,
3617 4932 3735 4997 ἔξω
3766 4933 3916 5002 δηλο-

647 5034 956 5092 suseeplnm
983 5024 1136 5078 erat?
1169 5022 1276 5077 Res
1306 5024 1461 5091 plana
1491 5033 1612 5078 est:
1649 5025 1846 5078 etenim
1895 5025 1986 5079 Dei
2037 5023 2214 5079 Patris

2315 5028 2428 5080 νότι
2466 5026 2667 5098 σαρκὸς
2694 5026 2790 5078 καὶ
2819 5025 3082 5095 αἴματοςς
3125 5023 3266 5076 Ἀλλ’
3288 5023 3402 5075 ἐστι
3435 5025 3618 5092 σαφὴς
3653 5025 3686 5075 6
3718 5026 3910 5090 λόγος·

645 5115 881 5168 Verbum
914 5115 1206 5168 secundum
1235 5129 1451 5169 carnem
1482 5125 1664 5168 natum
1716 5124 1800 5168 est
1841 5130 1905 5168 ex
1951 5117 2209 5181 muliere;

2318 5118 2476 5188 ὁγὰρ
2511 5120 2576 5171 ὲκ
2621 5116 2756 5170 Θεοῦ
2807 5115 3022 5186 Πατρὸς
3053 5114 3226 5181 Λόγος
3257 5115 3482 5183 γέγονεν
3527 5115 3596 5167 ἐκ
3644 5115 3913 5182 γυναικὸς

643 5207 734 5260 ille
754 5222 967 5260 rursum
1005 5207 1094 5276 qui
1124 5207 1360 5271 utDeus,
1384 5207 1516 5276 legis
1566 5217 1683 5260 erat
1722 5205 2004 5272 Dominus,
2038 5206 2215 5261 factus

2318 5208 2454 5260 κατὰ
2487 5209 2698 5278 σάρκα*
2736 5211 2765 5262 6
2792 5206 2886 5260 τοῦ
2917 5206 3081 5276 νόμου
3121 5205 3323 5276 Κύριος
3368 5205 3444 5269 ὡς
3489 5206 3652 5270 Θεὸς,
3688 5210 3913 5276 γέγονεν

709 5363 793 5418 ’⁸1
825 5365 950 5419 Cor.
985 5380 1097 5429 \‘lll,
1133 5363 1187 5418 9.
1264 5365 1308 5396 ’θ
1340 5367 1354 5420 1
1381 5365 1505 5420 Cor.
1543 5380 1612 5433 tv,
1641 5365 1694 5419 7.
1776 5366 1787 5394 ¹
1817 5365 1994 5420 Galat.
2024 5381 2062 5429 I-,
2093 5367 2146 5419 1.
2224 5367 2242 5396 ⁹
2268 5364 2442 5419 Galat.
2476 5380 2545 5430 tv,
2575 5364 2626 5418 3.

1698 5528 1868 5582 Variae
1898 5525 2160 5582 lectiones
2188 5526 2389 5582 codicis
2421 5525 2778 5596 Seguicriani.

715 5675 741 5714 7
765 5667 852 5719 ὑπ’
883 5667 1124 5736 οὐρανόν.
