4040 6476
1230 392 1320 447 DE
1361 393 1583 449 RECTA
1628 394 1690 449 Fl

1824 395 1915 449 AD
1958 395 2277 451 REGINAS.
2370 354 2375 361 ’
3252 395 3394 455 I306

162 510 254 563 ὑπὸ
278 508 445 579 νόμον,
470 507 556 561 ἵνα
583 506 809 578 γένηται
842 506 937 562 καὶ
965 505 1190 577 ἀδελφὸς
1218 509 1329 573 τοῖς
1368 509 1474 562 ὑπὸ
1505 508 1690 579 νόμον·

1808 521 1892 564 est
1914 509 2014 575 legi
2044 508 2459 580 subjectus,quo
2480 509 2694 568 illorum
2722 510 2946 565 fratrem
2980 523 3040 565 se
3094 508 3397 566 declararet

160 605 284 657 οὕτω
312 602 409 673 γὰρ
436 599 779 672 ἀπελάϐομεν
810 602 971 673 ἡμεῖς
1002 602 1101 673 τὴν
1139 602 1433 656 υἱοθεσίαν.
1461 600 1626 656 Ὥστε
1654 605 1690 654 si

1811 599 1901 669 qui
1953 598 2087 670 legis
2152 598 2374 653 vinculo
2431 599 2753 655 tenebantur
2802 598 3055 654 astricti:
3097 598 3201 654 bac
3285 615 3390 653 una

161 695 228 764 μὴ
255 695 457 763 γέγονεν
484 694 590 749 ὑπὸ
627 694 790 763 νόμον
814 693 907 745 καὶ
938 693 1003 746 ὲκ
1027 692 1303 756 γυναικὸς.
1334 693 1443 746 οὐδ’
1466 691 1533 746 ἂν
1561 687 1690 764 ἦμει

1814 706 2053 763 namque
2085 691 2296 747 ratione
2343 692 2398 747 in
2456 692 2597 748 ﬁlios
2652 692 2890 761 cooptati
2938 706 3145 746 sumus.
3168 690 3390 746 Certum

156 788 349 854 ἀδελφοὶ
382 786 457 858 τῷ
488 787 626 841 κατὰ
654 786 814 855 φύσιν
846 783 1039 855 Κυρίῳ
1069 783 1146 854 τῷ
1174 782 1293 853 Θεῷ
1316 793 1361 839 ³.
1401 782 1622 852 Ἐπειδὴ
1646 782 1690 836 δὲ

1810 790 1890 836 est
1919 781 2151 845 enlm,si
2191 780 2239 836 is
2281 780 2383 852 legi
2424 780 2691 837 obnoxius
2726 780 2907 836 factus
2957 796 3062 835 non
3096 790 3263 843 esset,
3298 788 3393 834 aut

152 881 323 947 γέγονε
353 878 414 932 δι’
452 877 616 932 αὑτοῦ
646 878 706 935 τὸ
750 877 974 948 χρῆμα,
1024 876 1503 947 πεπλουτήκαμεν.
1541 873 1690 928 Ἀπό-

1809 883 1987 929 ortum
2019 888 2085 928 ex
2113 873 2340 929 muliere
2388 890 2499 930 non
2553 875 2831 939 traxisset,
2859 888 2956 929 nos
2985 873 3132 927 illius
3188 872 3390 925 fratres

148 968 299 1033 δειξιν
327 969 379 1022 δὲ
414 971 649 1022 ποιεῖται
685 967 830 1037 σαφῆ
864 965 959 1020 τοῦ
996 965 1321 1037 πράγματος
1349 968 1378 1020 ὀ
1420 965 1690 1028 θεσπέσιος

1805 971 2037 1025 evadere
2058 984 2164 1025 non
2194 970 2454 1038 potuisse,
2488 970 2581 1039 qui
2626 970 2929 1025 secundum
2962 977 3213 1022 naturam
3248 967 3391 1020 Deus

148 1058 359 1123 Παῦλος,
379 1054 885 1129 προσ[επ]ενεγκὼν
909 1053 1090 1119 εὐθύς⁶
1128 1075 1145 1106 ι
1178 1054 1302 1108 ’Ότι
1338 1053 1394 1108 δέ
1420 1055 1541 1107 ἐστε
1565 1054 1690 1120 υἱοὶ,

1802 1060 2141 1117 etDominus
2183 1070 2304 1116 est:
2336 1060 2460 1130 quia
2517 1076 2648 1116 vero
2694 1072 2988 1129 utrumque
3035 1058 3256 1112 elIectus
3278 1066 3387 1123 est,

145 1147 502 1212 ἐξαπέστειλεν
528 1148 556 1201 6
584 1146 716 1209 Θεὸς
751 1144 813 1198 τὸ
843 1142 1070 1215 Πνεῦμα
1110 1142 1205 1197 τοῦ
1237 1143 1368 1197 Υἱοῦ
1407 1142 1575 1197 αὑτοῦ
1620 1146 1690 1207 εἰς

1803 1168 1902 1207 nos
1926 1167 2140 1222 quoque
2171 1167 2266 1223 per
2317 1152 2493 1222 ipsum
2537 1153 2638 1208 hac
2672 1161 2819 1206 tanta
2875 1168 2934 1208 re
2966 1151 3122 1221 potiti
3174 1166 3385 1204 sumus.

141 1240 233 1302 τὰς
265 1238 479 1309 καρδίας
512 1237 686 1310 ὑμῶν,
733 1236 957 1306 κράζον·
1003 1235 1191 1301 ’Δϐϐἅ,
1222 1237 1250 1289 6
1278 1236 1489 1306 Πατήρ.
1518 1253 1536 1287 ι
1576 1235 1690 1298 Πῶς

1804 1244 1981 1313 Atque
2032 1243 2191 1313 hujus
2229 1243 2535 1300 evidentem
2591 1244 3111 1299 demonstrationem
3160 1241 3388 1301 habent.

141 1326 232 1382 οὖν
258 1328 461 1400 πνεῦμα
488 1328 582 1382 τοῦ
616 1329 681 1382 ὲκ
711 1326 965 1396 γυναικὸς
990 1326 1085 1379 καὶ
1134 1326 1239 1379 ὑπὸ
1267 1325 1448 1396 νόμον,
1466 1325 1526 1378 τὸ
1542 1324 1690 1394 ἅγιόν

1805 1350 1925 1405 ιιυιε
1962 1335 2151 1390 beatus
2179 1335 2473 1404 Apostolus
2496 1337 2679 1389 statim
2702 1334 2773 1389 ibi
2794 1332 3070 1402 adjungit;
3105 1332 3181 1384 ait
3205 1331 3347 1384 enim
3372 1348 3385 1384 :

137 1425 251 1477 ἐστι
285 1423 520 1506 Πνεῦμα,
552 1422 619 1475 δι’
644 1415 707 1476 οὗ
736 1422 831 1474 καὶ
858 1419 1163 1491 κράζομεν,
1210 1417 1399 1483 Ἀϐϐά,
1427 1418 1456 1472 6
1485 1418 1690 1490 Πατὴρ1

1812 1444 1832 1478 ι
1867 1424 2133 1492 Quoniam
2189 1435 2371 1496 autem
2416 1426 2550 1481 estis
2581 1425 2696 1491 ﬁlii,
2737 1426 2885 1481 misit
2942 1425 3081 1481 Deus
3125 1422 3387 1492 Spiritum

136 1515 185 1566 εἰ
212 1514 282 1585 μὴ
308 1513 431 1576 Θεὸς
456 1513 484 1565 6
518 1509 771 1585 Χριστὸς,
804 1506 885 1574 εἷς
915 1509 1012 1574 ὢν,
1041 1510 1136 1562 καὶ
1167 1509 1330 1574 Υἱόςς

1806 1510 1928 1566 Filii
1977 1514 2061 1569 sui
2108 1513 2162 1568 in
2210 1513 2375 1568 corda
2411 1523 2619 1580 vestra,
2654 1514 3006 1580 clamantem,
3055 1512 3227 1575 Abba,
3282 1510 3388 1564 Pa-

138 1601 274 1656 ter'.
316 1620 334 1652 ι
365 1600 481 1655 1am
504 1601 777 1671 quomodo
801 1600 945 1653 illius
981 1598 1228 1668 spiritus,
1261 1598 1353 1668 qui
1378 1613 1443 1655 ex
1468 1598 1697 1654 muliere
1738 1609 1898 1658 natus
1920 1612 2025 1667 est,
2059 1615 2116 1658 et
2145 1603 2247 1658 sub
2299 1602 2417 1676 lege
2472 1603 2649 1659 l‘actns
2699 1613 2803 1670 est,
2868 1616 3087 1660 sanctus
3151 1600 3386 1673 Spiritus

132 1700 235 1758 est,
276 1708 365 1764 per
409 1708 570 1764 quem
614 1692 781 1747 etiam
825 1691 1152 1755 clamamus,
1194 1690 1370 1755 Abba,
1413 1691 1612 1746 Pater:
1646 1692 1690 1747 si
1730 1691 1980 1750 Christus
2007 1694 2169 1760 Dens,
2192 1704 2249 1751 et
2300 1711 2464 1762 unus,
2527 1707 2578 1752 et
2618 1696 2791 1752 Filius
2826 1695 3092 1751 nonest?

167 396 288 449 1305

516 1811 612 1864 Ἐκ
648 1808 756 1878 τῆς
784 1809 933 1879 πρὸς
976 1809 1308 1879 Ἐφεσίους.

2216 1811 2299 1867 Ea:
2334 1812 2578 1885 Epistola
2602 1814 2673 1868 ad
2706 1812 2983 1883 Ephesios.

1882 1943 1902 1977 r
1934 1924 2088 1982 Unus
2128 1925 2410 1991 Dominus,
2468 1939 2575 1980 una
2637 1925 2794 1990 ﬁdes,
2847 1939 3014 1980 unum
3069 1922 3381 1993 baptisma:

1802 2032 1942 2072 unus
1972 2017 2113 2073 Deus
2141 2026 2197 2071 et
2220 2016 2381 2073 Pater
2405 2017 2670 2083 omnium,
2703 2017 2796 2086 qui
2831 2025 2915 2072 est
2964 2028 3131 2084 super
3167 2026 3378 2085 omnes,

1803 2117 1857 2163 et
1881 2122 1978 2177 per
2000 2110 2277 2174 omnia,et
2307 2111 2362 2165 in
2398 2110 2670 2164 erunibus.
2709 2106 3017 2177 Unicuique
3059 2114 3243 2161 autem
3284 2118 3384 2159 no-

1802 2206 1977 2255 strum
2008 2199 2133 2255 data
2164 2210 2251 2255 est
2282 2202 2458 2269 gratia
2496 2201 2793 2256 secundum
2844 2212 3155 2254 mensuram
3209 2196 3383 2250 dona-

1805 2290 1968 2344 tionis
2012 2290 2239 2345 Christi.
2282 2290 2514 2361 Pr0pter
2556 2292 2701 2361 quod
2746 2290 2878 2346 dicit
2914 2307 2929 2352 :
2962 2287 3276 2344 Ascendens
3329 2286 3383 2339 in

1802 2382 1966 2436 altum
1997 2383 2265 2451 captivam
2311 2383 2463 2438 duxit
2508 2384 2906 2452 captivitatem,
2929 2381 3079 2437 dedit
3121 2381 3260 2435 dona
3288 2378 3385 2433 bo-

1802 2474 2059 2530 minibus.
2091 2474 2247 2540 Quod
2302 2483 2491 2529 autem
2515 2475 2782 2541 ascendit,
2817 2474 2948 2545 quid
2980 2482 3089 2538 est,
3119 2471 3225 2527 nisi
3256 2471 3381 2541 quia

1800 2576 1856 2619 et
1886 2566 2164 2622 descendit
2221 2567 2452 2633 primum
2496 2566 2563 2619 ad
2608 2565 2896 2620 inferiores
2948 2572 3134 2633 partes
3187 2562 3386 2616 terrae?

1801 2657 2216 2724 Quidescendit,
2255 2658 2371 2726 ipse
2400 2667 2483 2712 est
2510 2668 2563 2712 et
2592 2658 2683 2727 qui
2717 2656 2964 2712 ascendit
2997 2670 3163 2725 super
3192 2668 3385 2709 omnes

1802 2745 1985 2811 caelos,
2035 2754 2092 2799 ut
2145 2744 2394 2813 impleret
2432 2748 2614 2802 omnia
2639 2748 2681 2801 ⁸.
2714 2765 2732 2798 ι
2785 2745 2862 2801 Εη
2904 2758 3107 2817 quanta
3161 2759 3379 2800 rursum

1799 2834 2047 2888 claritate
2068 2846 2123 2890 et
2176 2836 2449 2891 evidentia
2512 2837 2851 2907 apostolicus
2894 2852 3087 2893 sermo.
3117 2838 3223 2892 hoc
3261 2836 3384 2892 locu

1800 2924 2067 2987 ostendat,
2108 2922 2285 2978 Verbo
2327 2938 2424 2994 per
2455 2926 2909 2995 dispensatoriam
2961 2927 3214 2980 unionem
3258 2942 3380 2980 cum

179 1942 227 1975 ·ι
256 1917 347 1989 Εἷς
377 1924 597 1995 Κύριος,
640 1924 739 1995 μία
775 1925 977 1989 πίστις,
1009 1924 1066 1976 ἓν
1102 1923 1418 1994 βάπτισμα·
1450 1917 1531 1987 εἷς
1563 1922 1697 1986 Θεὸς

129 2016 225 2071 καὶ
252 2018 433 2086 Πατὴρ
472 2017 708 2079 πάντων,
756 2016 850 2069 καὶ
892 2016 982 2070 διὰ
1020 2017 1237 2070 πάντων
1278 2015 1373 2070 καὶ
1415 2018 1474 2069 ὲν
1504 2017 1693 2071 πᾶσιν.

138 2107 250 2162 Ἑνὶ
273 2109 331 2161 ,δὲ
364 2108 576 2178 ἑκάστῳ
620 2107 779 2178 ἡμῶν
812 2107 968 2178 ἐδόθη
1006 2109 1040 2179 ἡ
1083 2108 1242 2180 χάρις
1288 2107 1429 2178 αὕτη
1462 2106 1603 2161 κατὰ
1635 2107 1697 2161 τὸ

126 2200 320 2271 μέτρον
343 2199 440 2269 τῆς
462 2199 673 2271 δωρεᾶς
701 2199 795 2253 τοῦ
824 2201 1081 2272 Χριστοῦ.
1111 2203 1201 2254 Διὸ
1237 2200 1419 2269 λέγει’
1464 2200 1697 2263 ’Δναϐἀς

123 2293 206 2355 εἰς
250 2289 410 2360 ὕψος,
455 2290 882 2362 ᾐχμαλώτευσεν
932 2292 1331 2361 αἰχμαλωσίαν,
1379 2291 1474 2344 καὶ
1527 2290 1695 2344 ἔδωκε

119 2383 331 2452 δόματα
352 2384 465 2446 τοῖς
489 2382 815 2454 ἀνθρώποις.
842 2382 916 2435 Τὸ
942 2382 1021 2447 δὲ,
1038 2382 1244 2449 ἀνέϐη.
1274 2382 1325 2435 τί
1352 2382 1520 2444 ἐστιν,
1538 2382 1587 2434 εί
1620 2380 1697 2451 μὴ

117 2473 205 2527 ὅτι
240 2473 332 2525 καὶ
360 2472 562 2541 κατέϐη
591 2474 671 2536 είς
703 2472 774 2527 τὰ
819 2472 1108 2527 κατώτατα
1156 2472 1298 2543 μέρη
1327 2472 1430 2540 τῆς
1460 2471 1596 2541 γῆς;
1636 2471 1694 2524 '0

118 2563 376 2627 καταϐὰς,
403 2562 563 2623 αὑτός
591 2564 707 2616 ἐστι
748 2564 841 2615 καὶ
866 2565 894 2615 6
937 2562 1145 2623 ἀναϐὰς
1188 2562 1446 2629 ὑπεράνω
1478 2563 1695 2614 πάντων

113 2652 227 2705 τῶν
248 2649 505 2722 οὐρανῶν,
534 2650 622 2703 ἵνα
643 2650 909 2721 πληρώσῃ
936 2651 1004 2703 τά
1031 2649 1228 2703 πάντα.
1255 2669 1273 2701 ι
1297 2650 1486 2721 Ἀθρει
1507 2651 1569 2721 δή
1602 2667 1694 2721 μοι

113 2744 301 2802 πάλιν,
326 2745 448 2806 ὅσος
482 2745 539 2796 ἐν
580 2742 749 2812 τούτῳ
783 2743 937 2809 λόγος
981 2741 1294 2810 σαφέστατά
1320 2758 1380 2793 τε
1415 2742 1507 2794 καὶ
1536 2742 1695 2812 ὲναρ-

110 2837 231 2905 γῶς
273 2836 589 2903 ἀποφαίνει,
638 2833 792 2897 εἰδὼς
836 2835 930 2887 καὶ
979 2833 1308 2904 δυνάμενος,
1342 2833 1424 2886 ὄτι
1459 2832 1693 2903 Χριστὸς

108 2928 318 2998 Κύριος
355 2922 465 2992 εἷς,
495 2927 617 2980 καθ’
643 2926 837 2980 ἕνωσιν
877 2926 1228 2996 οἰκονομικὴν
1277 2925 1692 2996 συνενεχθέντος

108 3016 211 3071 τοῦ
250 3016 425 3084 Λόγου
466 3016 603 3087 πρὸς
633 3015 693 3068 τὸ
728 3014 1099 3085 ἀνθρώπινον·
1130 3008 1211 3078 εἷς
1243 3013 1353 3085 γὰρ
1397 3014 1454 3080 ὲξ
1489 3014 1690 3085 ἀμφοῖν

1800 3012 2034 3066 humana
2083 3024 2274 3068 natura
2320 3024 2569 3079 coeunte,
2606 3032 2770 3070 unum
2825 3025 3032 3071 tantum
3066 3030 3187 3071 esse
3220 3015 3385 3071 Chri-

104 3110 242 3172 Υίὸς
287 3108 511 3177 ἀληθής.
554 3106 707 3159 Ἐπεὶ
747 3106 864 3168 πῶς
912 3100 992 3168 εἷς
1034 3104 1237 3177 Κύριος
1264 3122 1287 3170 ;,
1331 3105 1451 3168 πῶς
1498 3106 1555 3159 δὲ
1594 3107 1690 3176 μία

1799 3108 1960 3166 slum,
1987 3117 2152 3156 unum
2208 3118 2329 3157 esse
2386 3102 2670 3158 Dominum
2696 3121 2711 3166 ;
2737 3116 2900 3175 atque
2936 3107 3073 3160 adeo
3101 3120 3282 3160 unum
3313 3122 3377 3160 es

99 3198 330 3263 πίστις;
370 3199 405 3269 ἢ
440 3197 558 3261 πῶς
603 3198 660 3250 ἓν
705 3200 821 3249 ἐστι
864 3197 925 3249 τὸ
968 3196 1289 3267 βάπτισμέη
1339 3198 1402 3249 Εἰ
1441 3198 1548 3268 γὰρ
1584 3200 1690 3252 υἱοὶ

1798 3204 2025 3261 utroque
2053 3206 2174 3247 esse
2235 3194 2433 3259 solum,
2468 3210 2654 3248 verttm
2705 3196 3119 3264 naturalemque
3159 3195 3376 3250 Filium.

97 3290 224 3355 δύο,
252 3290 345 3343 δύο
373 3290 591 3353 πάντως
616 3289 711 3343 καὶ
742 3289 920 3359 κύριοι
938 3306 951 3319 ο
999 3288 1151 3359 διττὴ
1178 3289 1272 3342 καὶ
1299 3290 1331 3359 ἡ
1360 3288 1564 3353 πίστις.
1596 3292 1688 3344 καὶ

1796 3282 1929 3336 Nam
1966 3284 2233 3350 quomodo
2260 3300 2397 3338 unus
2455 3284 2732 3351 Dominus,
2771 3295 2865 3340 ant
2890 3301 2995 3340 una
3030 3286 3184 3349 fides,
3218 3287 3383 3357 108

94 3382 209 3452 οὑχ
241 3381 299 3434 ἓν
329 3382 445 3435 ἔστι
474 3381 534 3434 τὸ
565 3382 867 3451 βάπτισμα.
894 3380 989 3442 El;
1018 3379 1141 3433 τίνα
1173 3380 1285 3450 γὰρ
1313 3381 1685 3436 πεπιστεύκα-

1796 3386 1885 3431 aut
1908 3392 2071 3431 unum
2104 3378 2366 3444 baptisma
2386 3377 2423 3430 ?-
2441 3375 2497 3431 Si
2528 3379 2672 3431 enim
2720 3380 2826 3432 duo
2856 3390 2981 3433 sunt
3006 3379 3123 3443 lilii,
3153 3378 3263 3432 dno
3286 3396 3383 3434 ne-

98 3490 248 3546 μεν;
289 3472 323 3543 ἦ
367 3474 449 3537 εἰς
490 3474 636 3536 τίνος
683 3472 855 3543 ὄνομα
905 3471 1351 3542 βεϐαπτίσμεθα;
1390 3474 1548 3529 Ἀλλά
1585 3473 1690 3544 μὴν

1800 3465 2041 3521 cessario
2067 3475 2228 3521 ernnt
2271 3466 2504 3531 Domini,
2532 3474 2587 3520 et
2634 3467 2831 3536 duplex
2887 3484 3101 3523 rursum
3139 3468 3300 3533 lldes,
3325 3478 3380 3523 et

93 3562 190 3629 εἷς
237 3564 464 3636 Κύριος,
502 3564 601 3634 μία
632 3563 835 3627 πίστις,
866 3563 925 3615 ἓν
956 3564 1237 3645 βάπτισμα
1256 3580 1270 3593 ·
1302 3564 1567 3635 πρόδηλον
1596 3561 1690 3619 οὖν

1798 3557 1995 3626 duplex
2031 3557 2243 3611 tandem
2274 3560 2561 3629 haptisma,
2590 3558 2644 3612 ιη
2668 3575 2826 3628 quem
2847 3559 2990 3613 enim
3024 3559 3376 3623 credidimus,

90 3657 217 3728 ἄρα
244 3656 328 3709 ὅτι
367 3654 461 3708 καὶ
488 3649 568 3718 εἷς
607 3654 752 3718 Υἱὸς,
782 3654 883 3708 κᾶν
912 3656 962 3707 εί
996 3657 1167 3708 νοοῖτο
1199 3654 1334 3707 καθ*
1352 3655 1499 3724 ἡμᾶς
1528 3671 1689 3723 γεγο-

1796 3659 1888 3701 aut
1919 3648 1969 3701 iu
2010 3649 2165 3719 cujus
2193 3651 2415 3705 nomine
2470 3650 2731 3720 baptizati
2786 3652 3016 3704 sumus?
3043 3650 3205 3720 Atqui
3238 3666 3379 3704 unus

88 3746 212 3811 V6);
237 3748 267 3800 6
298 3746 631 3817 Μονογενής.
662 3746 759 3809 Τίς
786 3745 843 3798 δὲ
879 3746 1016 3809 ὅλως
1041 3748 1069 3799 6
1105 3744 1311 3808 ἀναϐὰς
1340 3747 1420 3808 εἰς
1459 3744 1622 3813 ὑψοςς
1654 3744 1687 3815 ἦ

1800 3748 2007 3792 tantum
2054 3750 2138 3794 est
2195 3739 2489 3805 Dominus,
2532 3758 2635 3796 una
2688 3742 2844 3807 ﬁdes,
2872 3759 3037 3796 unum
3086 3744 3373 3812 baptisma.

85 3839 190 3903 τίς
213 3839 243 3891 6
270 3835 549 3892 κατελθὼν
575 3838 653 3899 είς
676 3835 746 3890 τὰ
771 3836 1056 3908 κατώτερα
1086 3836 1226 3907 μέρη
1256 3836 1355 3905 τῆς
1380 3834 1518 3905 γῆς;
1550 3835 1690 3888 06x-

1796 3830 2145 3901 Perspicunm
2174 3833 2231 3886 ﬁt
2259 3848 2400 3902 ergo
2421 3850 2584 3887 unum
2602 3834 2773 3887 solum
2793 3849 2911 3889 esse
2931 3831 3147 3899 Fiiium.
3169 3834 3373 3888 etiam-

84 3931 199 3986 οὖν
226 3930 392 3993 αὑτὸς
418 3928 621 4000 κατέϐη
657 3929 754 3999 μὲν
780 3926 1171 3999 ἀνθρωπίνως’
1198 3926 1406 3996 καθῆκε
1434 3925 1543 3997 γὰρ
1569 3926 1690 3980 ἐαυ-

1796 3923 1841 3979 si
1884 3921 2202 3992 Unigenitus
2234 3924 2524 3979 humanam
2584 3926 2854 3996 originem
2902 3926 3128 3996 perinde
3166 3940 3231 3981 ac
3280 3941 3381 3981 nos

82 4024 195 4077 τὸν
216 4024 301 4084 είς
324 4020 584 4085 κένωσιν,
609 4019 703 4073 καὶ
730 4016 1117 4081 τεταπείνωκε,
1145 4018 1433 4088 γενόμενος
1454 4019 1690 4089 ὑπήκοος

1796 4022 2054 4082 expertus
2081 4014 2173 4067 sit.
2204 4012 2438 4069 Rursum
2486 4016 2804 4085 ecquisnam
2834 4015 2923 4070 ille
2944 4025 3051 4081 est,
3079 4016 3169 4087 qui
3202 4016 3286 4071 vel
3322 4017 3375 4071 in

85 4112 275 4185 μέχρι
300 4109 561 4163 θανάτου·
592 4106 759 4177 ἀνέϐη
786 4106 843 4159 δὲ
876 4105 1014 4177 μετά
1038 4105 1243 4175 σαρκὸς
1267 4104 1522 4175 ὑπεράνω
1553 4105 1690 4161 πάν-

1797 4106 1965 4159 altum
2000 4107 2271 4173 ascendit,
2306 4108 2391 4162 vel
2422 4107 2488 4162 ad
2525 4109 2813 4164 interiores
2841 4118 3000 4164 teme
3043 4119 3228 4178 partes
3275 4110 3372 4164 de-

78 4222 207 4258 των
240 4202 353 4257 τῶν
381 4200 645 4271 οὐρανῶν,
677 4198 763 4252 ἴνα
795 4198 1060 4268 πληρώσῃ
1090 4196 1159 4250 τὰ
1190 4197 1390 4250 πάντα.

1799 4196 2045 4250 scendit?
2080 4196 2177 4252 llic
2201 4198 2317 4267 ipse
2366 4200 2527 4269 igitur
2555 4201 2853 4255 secundum
2889 4201 3177 4257 humanam
3214 4211 3377 4257 uatu-

81 4312 218 4351 ram
275 4290 579 4355 descendit,
612 4303 843 4360 seseque
878 4288 944 4341 ad
976 4287 1403 4341 exinanitionem
1448 4287 1673 4351 dimisit,
1714 4301 1779 4341 ac
1811 4286 2139 4350 humiliavit,
2210 4288 2384 4344 factus
2451 4290 2707 4347 obediens
2779 4304 2949 4360 usque
2999 4290 3068 4345 ad
3120 4301 3372 4347 mortem.

78 4386 372 4443 Ascendit
397 4392 577 4437 autem
606 4395 772 4437 carne
827 4379 1048 4433 indutus
1077 4391 1238 4447 super
1267 4392 1464 4434 omnes
1491 4377 1685 4442 caelos,
1729 4386 1788 4429 ut
1833 4375 2053 4444 impleat
2081 4378 2285 4433 omnia.

439 4498 534 4548 Ἐκ
573 4494 683 4564 τῆς
720 4494 870 4563 πρὸς
904 4492 1379 4560 Φιλιππίησίους.

2169 4488 2252 4546 Ea:
2274 4489 2512 4561 Epistola
2536 4495 2604 4545 ad
2635 4493 3019 4563 Philippenses.

164 4610 648 4673 Ἕκαστοςιτοῦτο
669 4607 970 4681 φρονείσθω
990 4606 1262 4677 ἐνξὺμῖν,⁸ῤ
1280 4606 1373 4659 καὶ
1394 4605 1450 4658 ὲν
1470 4604 1689 4675 Χριστῷ

88 4702 323 4774 Ἰησοῦ·
356 4702 418 4767 ὃς
450 4701 510 4753 ὲν
551 4702 731 4771 μορφῇ
780 4695 914 4751 Θεοῦ
950 4697 1230 4766 ὑπάρχων,
1261 4695 1360 4765 οὐχ
1396 4694 1687 4764 ἁρπαγμὸν

78 4797 358 4868 ἡγήσατο
396 4792 459 4845 τὸ
505 4787 645 4844 εἶναι
692 4791 781 4843 ἴσα
828 4788 946 4859 Θεῷ
971 4805 991 4822 ’-
1030 4788 1146 4841 ἀλλ’
1187 4787 1376 4840 ἑαυτὸν
1426 4786 1685 4850 ἐκένωσε,

78 4884 325 4959 μορφὴν
354 4883 543 4938 δούλου
571 4881 774 4945 λαϐὼν,
816 4880 875 4932 ὲν
920 4880 1226 4948 ὁμοιώματι
1258 4874 1558 4947 ἀνθρώπιον
1592 4892 1685 4943 γε-

78 4978 354 5045 ⁵ρόμενος,
382 4972 482 5027 καὶΙ
525 4972 765 5041 σχήματι
809 4967 1052 5040 εὑρεθεὶς
1092 4965 1167 5029 ὡς
1210 4966 1529 5037 ἄνθρωπος’
1562 4968 1687 5017 ἐταο

78 5066 375 5119 πείνωσεν
402 5063 616 5126 ἑαυτὸν,
646 5060 935 5131 γενόμενος
965 5059 1206 5129 ὑπήκοος
1238 5057 1401 5128 μέχρι
1430 5056 1685 5121 θανάτου,

78 5157 343 5211 ὶανὰτου
387 5154 442 5207 δὲ
487 5152 743 5223 σταυροῦ.
778 5150 867 5203 Διὸ
911 5150 1006 5203 καὶ
1043 5150 1070 5199 6
1103 5149 1235 5211 Θεὸς
1291 5146 1451 5200 αὑτὸν
1512 5148 1685 5219 ὑπερ-

78 5246 315 5314 ζψωσε,
344 5243 441 5295 καὶ
459 5242 750 5313 ἐχαρίσατο
772 5238 919 5310 αὑτῴ
940 5240 1108 5308 δνομα
1124 5236 1182 5289 τὸ
1206 5238 1342 5307 ὑπὲρ
1368 5238 1472 5289 πᾶν
1483 5238 1681 5307 ὅνομω

78 5339 169 5389 ’να
204 5337 274 5387 ὲν
324 5333 404 5404 τῷ
435 5333 658 5401 ὀνόματι
697 5330 869 5401 Ἰησοῦ
903 5330 1010 5383 πᾶν
1044 5329 1172 5399 γόνυ
1217 5328 1411 5413 κάμψῃ
1452 5330 1684 5399 ἐπουρα-

150 5494 175 5524 ³
202 5491 340 5547 Gal.
382 5506 453 5556 tv,
484 5488 541 5544 ϐἀ.
620 5492 638 5521 ⁸
664 5489 863 5559 Ephes.
890 5504 965 5555 tv,
994 5487 1141 5543 5-10.

1182 5646 1355 5706 Varia.-
1396 5649 1652 5709 lectiones
1688 5669 1750 5708 cr

151 5792 178 5820 ι
214 5783 324 5835 καὶ
360 5781 500 5850 Θεῷ.

1875 4620 1895 4654 ι
1932 4603 2046 4658 lloe
2091 4604 2234 4657 enim
2276 4605 2474 4661 sentite
2507 4606 2559 4661 in
2614 4608 2785 4672 vobis,
2811 4609 2955 4677 quod
2983 4616 3037 4663 et
3075 4609 3127 4662 in
3158 4608 3376 4664 Christo

1792 4692 1918 4748 Jcsu
1949 4695 2074 4765 :qui
2123 4712 2245 4749 cum
2302 4697 2357 4751 in
2414 4699 2591 4752 forma
2642 4698 2735 4753 Dei
2791 4709 2955 4765 esset,
2980 4715 3085 4754 non
3128 4700 3371 4768 rapinam

1792 4786 2087 4841 arbitratus
2131 4801 2213 4843 est
2260 4804 2384 4843 csse
2421 4805 2480 4845 se
2532 4791 2794 4859 :equalem
2854 4792 2986 4857 Deo;
3038 4792 3132 4847 sed
3176 4803 3375 4846 semet-

1792 4877 1965 4945 ipsum
1999 4880 2321 4945 exinanivit,
2347 4879 2576 4933 fortnam
2623 4882 2765 4935 servi
2793 4882 3103 4951 accipiens,
3136 4883 3187 4937 in
3220 4885 3372 4937 sitni-

1789 4966 2070 5024 litudinem
2128 4971 2406 5024 hominum
2444 4972 2640 5035 factus,
2673 4982 2730 5025 et
2790 4973 2972 5027 habitu
3028 4974 3278 5029 inventus
3313 4984 3372 5028 ut

1792 5061 1971 5116 homo.
1996 5061 2699 5132 llumiliavitsemetipsum,
2721 5064 2899 5119 factus
2927 5060 3182 5122 obcdicns
3204 5083 3374 5137 usque

1790 5151 1856 5203 ad
1919 5162 2174 5217 mortem,
2206 5162 2435 5207 mortem
2497 5164 2677 5209 autem
2733 5156 2934 5211 crucis.
2967 5156 3196 5228 Pmpter
3224 5163 3366 5227 quud

1788 5250 1844 5295 ct
1873 5241 2013 5297 Deus
2037 5244 2302 5299 cxaltavit
2325 5245 2498 5309 illum,
2535 5256 2589 5299 et
2620 5246 2840 5303 donavit
2879 5250 2951 5304 illi
2999 5267 3191 5305 nomen
3224 5255 3370 5323 qnml

1786 5340 1869 5386 est
1893 5347 2056 5403 super
2088 5350 2248 5390 omne
2306 5351 2499 5393 nomen
2540 5356 2553 5392 :
2585 5348 2642 5393 ut
2672 5341 2726 5396 in
2784 5342 3001 5396 nomine
3028 5342 3161 5397 Jesu
3204 5358 3367 5398 omne
