4040 6454
608 358 744 419 1307

1577 349 1636 402 S.
1678 347 1954 404 CYlllLLl
1996 346 2467 403 ALEXANDRlNl
2505 347 2827 403 AliClllEl’.

3726 347 3862 417 tsos

610 492 746 550 genu
776 474 1017 529 ﬂectatur
1042 466 1361 534 caelestium,
1388 475 1445 521 et
1483 469 1846 530 terrestrium,
1875 478 1929 523 et
1984 469 2159 525 infer-
2197 523 2201 534 ί

2306 468 2421 535 ίων,
2475 470 2571 523 καὶ
2618 467 2895 536 ἐπιγείων,
2950 466 3045 519 καὶ
3091 466 3504 538 καταχθονίων’
3558 464 3656 518 καὶ
3712 466 3867 518 πᾶσα

612 576 835 627 norum;
868 567 923 613 et
952 556 1130 611 omnis
1183 556 1360 625 lingua
1390 554 1718 610 confiteatur
1748 555 1873 623 quia
1913 557 2172 613 Dominus

612 657 765 709 Jesus
815 649 1064 706 Christus
1108 648 1160 701 in
1212 647 1380 717 gloria
1410 654 1493 701 est
1525 645 1618 701 Dei
1652 645 1831 701 Patri's
1868 648 1912 702 '.
1944 667 1963 700 ι
2004 650 2172 707 Audis

616 751 714 800 hoc
746 742 1012 811 quomodo
1062 738 1317 803 Verbum,
1348 735 1488 806 quod
1521 737 1574 791 in
1602 736 1695 791 Dei
1740 738 1908 793 forma
1944 742 2177 795 exsiste-

615 840 722 901 bat,
749 842 803 888 et
854 831 994 886 Deus
1029 839 1168 894 erat,
1221 830 1528 896 neutiquam
1574 828 1815 898 rapinam
1850 832 2173 887 arbitratum

613 926 754 979 dicat
786 936 905 976 esse
945 936 1005 975 se
1046 919 1303 989 aequalem
1366 919 1513 973 Deo?
1539 917 1819 988 Siquidem
1868 923 2174 976 naturalem

614 1040 733 1077 cum
758 1022 866 1076 Deo
912 1020 1067 1072 Patre
1096 1015 1459 1085 mqualitatem
1493 1017 1765 1081 obtinens,
1792 1020 1937 1072 servi
1972 1019 2171 1081 forma,

616 1118 715 1169 hoc
741 1122 843 1174 est,
863 1110 1095 1164 hominis
1119 1118 1309 1162 natura
1333 1117 1599 1177 suscepta,
1620 1110 1969 1178 semetipsum
1990 1112 2177 1165 exina-

617 1203 766 1267 nivit,
820 1199 1106 1268 specieque
1160 1208 1345 1252 nostra
1392 1211 1457 1251 ac
1511 1194 1869 1251 similitudine
1930 1207 2174 1265 accepta,

616 1291 845 1359 scipsutn
870 1288 1189 1341 humiliavit.
1222 1286 1580 1355 Posteaquam
1628 1302 1759 1343 vero
1784 1301 1999 1342 crucem
2018 1287 2181 1340 susti-

619 1382 751 1445 nuit,
783 1379 1075 1433 exaltatum
1112 1378 1261 1443 dicit,
1299 1379 1594 1445 datumque
1650 1377 1725 1432 illi
1784 1392 1977 1432 nomen
2036 1377 2178 1444 quod

617 1482 699 1528 est
730 1484 891 1538 super
917 1484 1077 1523 omne
1105 1484 1300 1523 nomen
1327 1487 1341 1534 ;
1386 1469 1459 1523 ita
1500 1483 1560 1523 ut
1587 1485 1748 1525 omne
1779 1484 1914 1539 genu
1939 1469 2037 1537 ipsi
2066 1468 2177 1536 jam

620 1567 949 1627 iucurvetur,
985 1561 1266 1627 omnisque
1312 1560 1493 1628 lingua
1542 1562 1792 1615 eumdem
1840 1561 2177 1616 conﬁteatur.

2272 560 2493 629 γλῶσσα
2511 559 2991 630 ἐξομολογήσηται,
3018 558 3100 610 ὅτι
3134 558 3340 628 Κύριος
3372 554 3584 627 Ἰησοῦς
3620 554 3868 623 Χριστος

2275 654 2354 715 είς
2380 652 2535 717 δόξαν
2579 652 2712 706 Θεοῦ
2758 651 2991 721 Πατρός.
3017 669 3036 702 ι
3076 649 3241 713 Σύνες
3273 652 3419 714 ὅπως
3450 650 3545 705 τὸν
3567 650 3641 727 ,ὲν
3678 649 3867 718 μορφῇ

2275 743 2369 796 τοῦ
2412 744 2548 798 Θεοῦ
2598 746 2694 799 καὶ
2726 743 2937 814 Harpe;
2986 742 3300 813 ὑπάρχοντα
3348 744 3482 797 Θεὸν
3526 743 3738 811 Λόγον,
3772 740 3870 807 οὺχ

2275 835 2567 905 ἁρπαγμὸν
2595 833 2900 906 ἡγήσασθαί
2928 850 3060 903 φησι
3092 832 3151 885 τὸ
3181 828 3322 886 εἶναι
3352 836 3445 888 ι’σα
3483 833 3628 903 Θεῷ.
3683 830 3871 899 Ἐχων

2276 924 2383 993 γὰρ
2412 924 2472 977 τὸ
2500 922 2639 979 εἶναι
2668 925 2808 978 κατὰ
2840 923 3001 993 φύσιν
3036 923 3094 974 ὲν
3125 922 3331 992 ἰσότητι
3361 924 3453 976 τοῦ
3502 921 3751 993 Πατρδς,
3782 938 3873 972 κε-

2277 1011 2512 1068 κένωκεν
2538 1015 2747 1079 ἑαυτὸν,
2772 1014 2867 1067 καὶ
2898 1011 3110 1083 μορφήν
3132 1011 3319 1065 δούλου
3350 1011 3551 1077 λαϐὼν,
3578 1013 3875 1066 τουτέστιν

2278 1103 2563 1175 ἄνθρωπος
2607 1104 2868 1174 γεγονὼς,
2915 1102 3012 1156 καὶ
3039 1097 3150 1155 οἷον
3180 1102 3237 1154 ὲν
3266 1100 3396 1154 εῖδει
3440 1103 3529 1171 τῷ
3554 1103 3683 1156 καθ’
3708 1102 3877 1171 ’ἡμᾶς

2280 1194 2543 1264 εὑρεθεὶς,
2571 1195 2965 1249 τεταπείνωκεν
3006 1192 3197 1246 ἑαυτὸν
3229 1193 3309 1255 είς
3339 1192 3598 1244 κένωσιν.
3642 1192 3877 1260 Ἐπειδὴ

2281 1287 2340 1339 δὲ
2385 1288 2478 1340 καὶ
2528 1288 2687 1341 αὐτὸν
2735 1286 3123 1357 ὑπομεμένηκε
3160 1285 3251 1339 τὸν
3301 1285 3557 1349 σταυρὸν,
3616 1285 3879 1353 scissent

2282 1393 2445 1443 φησιν
2473 1379 2655 1443 αὑτὸν,
2680 1377 2922 1431 δεδόσθαι
2952 1378 3008 1431 δὲ
3040 1378 3188 1449 αὐτῷ
3218 1378 3313 1431 καὶ
3336 1377 3397 1429 τὸ
3427 1378 3603 1445 ὄνομα
3634 1376 3702 1428 τὸ
3737 1378 3881 1445 ὑπὲρ

2284 1468 2392 1519 πᾶν
2418 1468 2617 1538 ὅνομα’
2653 1469 2793 1523 ὥστε
2833 1470 2926 1524 καὶ
2956 1471 3065 1523 πᾶν
3094 1470 3221 1538 γόνυ
3259 1468 3507 1538 κάμψαι,
3546 1468 3647 1520 καὶ
3687 1468 3882 1520 πᾶσαν

2284 1556 2432 1626 αὐτῷ
2456 1558 2702 1626 γλῶτταν
2730 1558 3253 1630 ἐξομολογήσασθαι.
3280 1558 3404 1622 Πῶς
3426 1553 3521 1611 οῦν
3542 1560 3573 1611 ὁ
3600 1558 3660 1611 ὲν
3694 1560 3883 1627 μορφῇ

621 1654 723 1709 Sed
758 1668 881 1721 qua,
914 1665 1119 1719 quasso,
1145 1652 1375 1716 ratione,
1404 1654 1493 1721 qui
1520 1652 1763 1708 informa
1795 1663 1851 1709 et
1877 1652 2183 1721 aequalitate

2306 1650 2379 1701 ια).
2413 1650 2615 1722 ίσότητι
2637 1650 2730 1704 τοῦ
2757 1650 2893 1704 Θεοῦ
2919 1650 3130 1720 καθῆκε
3163 1651 3259 1721 μὲν
3284 1650 3476 1702 ἑαυτὸν
3500 1650 3585 1712 εἰς
3615 1649 3884 1711 κένωσιν,

622 1747 711 1801 Dei
742 1745 1059 1811 exsistebat,
1088 1746 1155 1800 ad
1208 1745 1632 1800 exinanitionem
1681 1761 1741 1802 se
1794 1745 2098 1807 demisisse.
2130 1756 2186 1800 ct

2306 1740 2537 1811 ὒψῶσθαι
2569 1743 2625 1795 δὲ
2666 1742 2804 1812 μετὰ
2849 1741 3008 1795 τοῦτο
3054 1741 3269 1809 λέγεται
3294 1757 3309 1806 ;
3337 1736 3465 1811 Ἆρ’
3493 1740 3624 1809 οὐχὶ
3668 1740 3886 1811 προδη-

625 1847 803 1907 postea
823 1836 1089 1890 exaltatns
1115 1836 1460 1905 perhibetur?
1506 1837 1699 1891 Annon
1724 1835 2183 1892 evidentissimum

2306 1836 2509 1891 ιότατον
2546 1837 2609 1889 τὸ
2656 1834 2749 1888 τοῦ
2796 1834 3035 1905 Χριστοῦ
3078 1834 3415 1905 μυστήριον;
3463 1832 3601 1893 Θεὸς
3637 1831 3761 1901 γὰρ
3812 1832 3889 1884 ὢν

624 1929 724 1981 hoc
768 1926 968 1981 Christi
1015 1936 1413 1980 sacramentum
1438 1926 1557 1981 est?
1584 1925 1873 1980 Enimvero
1926 1940 2044 1980 cum
2101 1941 2189 1981 sc-

2306 1926 2474 1995 ρύσει,
2506 1927 2729 1995 γέγονεν
2757 1926 3042 1995 ἄνθρωπος
3069 1926 3127 1977 iv
3164 1923 3497 1977 ταπεινώσει
3512 1922 3612 1975 καὶ
3645 1940 3889 1991 σμικρο-

623 2018 855 2073 cundum
906 2025 1157 2071 naturam
1192 2017 1334 2072 Deus
1383 2026 1554 2084 esset,
1586 2018 1762 2073 factus
1785 2019 1966 2084 homo,
2004 2019 2056 2074 in
2087 2020 2188 2074 hu-

2306 2019 2553 2090 τρεπείᾳ.
2587 2016 2831 2085 Γεγονὼς
2863 2018 2921 2071 δὲ
2951 2016 3073 2071 καθ’
3102 2017 3278 2087 ἡμᾶς,
3310 2016 3391 2077 είς
3420 2014 3521 2086 τὴν
3560 2014 3773 2067 ἑαυτοῦ
3808 2014 3891 2067 ὁὸ-

624 2108 901 2163 militatem
938 2107 1407 2179 abjectionemque
1440 2110 1746 2166 descendit.
1773 2110 1973 2165 Factus
2007 2122 2187 2166 autem

2306 2109 2388 2174 Ξαν
2430 2110 2696 2179 ἀναφοιτᾷ
2740 2110 2834 2161 καὶ
2869 2106 3007 2175 μετὰ
3044 2107 3264 2177 σαρκός.
3311 2106 3424 2160 Καὶ
3463 2104 3675 2176 πρέποι
3712 2104 3784 2157 ἂν
3833 2104 3893 2156 το

625 2202 791 2255 nostri
816 2201 1034 2264 similis,
1064 2202 1223 2272 109
1243 2204 1405 2257 etiam
1441 2218 1563 2259 cum
1595 2219 1758 2259 carne
1798 2220 1950 2260 suam
1981 2207 2192 2263 obtinet

2306 2199 2559 2269 ὂψοῦσθαι
2590 2202 2655 2270 τῇ
2689 2198 2992 2269 οἰκονομίᾳ,
3038 2196 3135 2251 καί
3181 2197 3241 2250 οὐ
3271 2197 3335 2267 δὴ
3380 2196 3588 2268 μᾶλλον
3636 2196 3789 2265 αὐτῇ
3825 2197 3897 2263 τῇ

625 2290 872 2363 gloriam.
910 2289 974 2344 Et
1020 2292 1134 2360 ipsa
1188 2292 1447 2347 exaltatio
1499 2307 1604 2348 non
1654 2296 1911 2349 convenit
1943 2296 1996 2350 in
2028 2295 2191 2351 Verbi

2306 2291 2453 2361 ptiust
2482 2289 2576 2342 τοῦ
2609 2289 2792 2357 λόγου.
2824 2283 2919 2352 Eii;
2956 2282 3047 2343 οῦν
3087 2287 3199 2359 ἄρα
3228 2288 3467 2358 Χριστὸς
3514 2286 3657 2349 Θεὸς
3701 2289 3763 2337 ὲν
3796 2287 3893 2338 ἁν-

629 2390 893 2447 naturam,
927 2382 1020 2434 sed
1052 2383 1103 2435 in
1127 2383 1296 2450 ipsam
1322 2385 1501 2440 carnis
1525 2385 2012 2454 dispensationem.
2048 2387 2194 2443 Unus

2306 2382 2636 2453 )ptmrd'mrt,
2682 2382 2779 2434 xei
2827 2379 2978 2451 μετὰΔ
3006 2380 3104 2450 τῆς
3147 2380 3573 2451 ἀνθρωπότητος
3620 2379 3904 2451 ὑπάρχων

624 2480 707 2528 est
741 2471 919 2540 itaque
949 2470 1194 2527 Christus
1217 2471 1358 2527 Deus
1388 2474 1441 2528 in
1473 2485 1664 2529 natura
1696 2477 1950 2544 humana,
1978 2488 2033 2532 et
2067 2494 2189 2534 cum
2294 2473 2322 2526 ὃ
2353 2468 2443 2543 ἧν.

628 2572 815 2616 natura
877 2563 1129 2629 humana,
1176 2565 1405 2634 idipsum
1467 2566 1609 2633 quod
1654 2576 1779 2622 ante
1828 2576 1965 2634 erat,
2026 2583 2195 2638 usque

629 2667 967 2722 permanens.

998 2742 1083 2797 Ea:
1110 2744 1345 2814 Epistola
1374 2748 1441 2799 ad
1469 2746 1819 2803 Colossenses.

2661 2751 2758 2806 Ἐκ
2790 2751 2900 2820 τῆς
2933 2750 3086 2820 πρὸς
3121 2747 3526 2814 Κολασσαεῖς.

703 2853 722 2887 ‹
745 2834 957 2889 Gratias
1013 2848 1253 2904 agentes,
1293 2836 1487 2906 inquit,
1517 2837 1635 2893 Deo
1683 2837 1974 2908 Patri,qui
2011 2839 2200 2911 dignos

2374 2864 2394 2899 ι
2425 2844 2913 2917 Εὐχαριστοῦντες,
2942 2843 3095 2912 φησὶ,
3128 2840 3207 2912 τῷ
3238 2840 3416 2912 Πατρὶ
3444 2839 3527 2911 τῷ
3558 2841 3901 2895 ἱκανώσαντι

635 2943 731 2981 nos
774 2926 897 2979 fecit
952 2926 1005 2980 in
1062 2936 1267 2996 partem
1323 2928 1487 2983 sortis
1529 2939 1843 2985 sanctorum
1876 2932 1928 2986 in
1958 2932 2197 2988 lumine:

2306 2941 2449 3010 ἡμᾶς
2492 2940 2572 3001 εἰς
2615 2936 2715 3006 τὴν
2752 2936 2945 3007 μερίδα
2975 2933 3071 2988 τοῦ
3106 2934 3310 3004 κλήρου
3353 2933 3464 2987 τῶν
3496 2934 3690 3002 ἁγίων
3736 2936 3793 2987 ὲν
3823 2934 3902 3002 τῷ

634 3020 719 3087 qui
742 3018 939 3085 eripuit
975 3034 1071 3074 nos
1099 3021 1164 3074 de
1198 3030 1461 3089 potestate
1483 3022 1927 3088 tenebrarum,et
1961 3033 2193 3079 transtu-

2306 3027 2477 3098 φωτί·
2514 3027 2574 3090 ὃς
2605 3025 2874 3099 ἐρρύσατο
2901 3025 3047 3095 ἡμᾶς
3076 3025 3143 3077 ὲκ
3182 3022 3281 3092 τῆς
3337 3022 3599 3087 ἐξουσίας
3638 3024 3743 3077 τοῦ
3777 3023 3902 3077 σκό-

636 3112 697 3164 lit
727 3112 778 3165 in
808 3125 1031 3179 regnum
1064 3111 1185 3165 Filii
1218 3112 1530 3169 dilectionis
1560 3128 1692 3178 suae,
1722 3114 1776 3169 in
1808 3129 1915 3183 quo
1941 3114 2199 3170 habemus

2306 3119 2558 3185 τους,καὶ
2593 3117 2923 3188 μετέστησεν
2951 3116 3031 3178 είς
3055 3114 3157 3185 τὴν
3192 3113 3471 3184 βασιλείαν
3501 3113 3604 3165 τοῦ
3637 3113 3778 3167 Υίοῦ
3808 3114 3904 3183 τῆς

640 3202 1081 3271 redemptionem,
1142 3203 1517 3258 remissionem
1571 3214 1917 3271 peccatorum
1953 3221 1967 3258 :
2002 3205 2096 3275 qui
2122 3215 2205 3261 est

640 3296 815 3361 imago
845 3293 934 3347 Dei
961 3294 1266 3357 invisibilis,
1286 3294 1676 3364 primogenitus
1695 3296 1875 3351 omnis
1916 3306 2201 3353 creatura.

637 3385 897 3451 Quoniam
952 3384 1003 3437 in
1042 3386 1157 3454 ipso
1214 3386 1426 3440 condita
1462 3394 1588 3440 sunt
1639 3386 1991 3452 univcrsa,in
2052 3388 2207 3444 caelis

640 3484 693 3529 ct
715 3476 767 3528 in
792 3482 956 3539 terra,
978 3474 1209 3529 visibilia
1248 3485 1302 3529 ct
1330 3475 1643 3539 invisibilia,
1668 3476 1783 3531 sive
1834 3476 2058 3540 Throui,
2094 3478 2207 3533 sive

646 3567 1067 3629 nominationes,
1116 3567 1232 3621 sive
1286 3566 1647 3636 Principatus,
1703 3568 1819 3621 sive
1882 3568 2207 3635 l‘otcstates,

642 3660 817 3713 nnmia
848 3675 943 3729 per
973 3662 1144 3729 ipsum
1169 3670 1221 3715 et
1252 3661 1304 3714 in
1341 3662 1456 3729 ipso
1482 3673 1665 3718 creata
1690 3672 1819 3717 sunt
1847 3679 1862 3717 :
1893 3672 1945 3717 et
1985 3665 2099 3733 ipse
2125 3675 2211 3719 est

645 3760 767 3804 ante
788 3766 995 3805 omnes.
1029 3760 1082 3804 et
1126 3752 1305 3805 omnia
1350 3754 1401 3806 in
1437 3753 1556 3822 ipso
1597 3762 1862 3808 constant.
1886 3754 1946 3807 Et
1977 3756 2089 3823 ipse
2128 3764 2212 3810 est

645 3850 803 3908 caput
830 3842 1069 3909 corporis
1093 3841 1367 3909 Ecclesize,
1400 3846 1490 3913 qui
1515 3853 1597 3899 est
1635 3846 1982 3916 principium,
2011 3847 2211 3917 primo-

646 3934 857 4002 genitus
883 3948 946 3984 ex
984 3934 1246 4001 mortuis;
1275 3944 1333 3989 ut
1361 3937 1432 3990 sit
1466 3936 1517 3990 in
1546 3936 1798 3992 omnibus
1861 3937 1975 4007 ipse
2002 3938 2211 4006 prima-

650 4036 757 4075 tum
795 4033 1019 4089 tenens;
1051 4022 1175 4091 quia
1219 4024 1273 4075 in
1318 4024 1434 4093 ipso
1468 4026 1801 4091 complacuit
1847 4041 2063 4081 omnem
2101 4028 2213 4097 ple-

652 4114 944 4168 nitudinem
965 4114 1355 4179 iubahitare,et
1378 4130 1475 4184 per
1505 4129 1629 4169 eum
1660 4117 2015 4172 reconciliare
2033 4119 2216 4173 omnia

653 4208 703 4258 in
734 4206 935 4274 ipsum:
956 4206 1247 4275 paciﬁcans
1272 4220 1366 4274 per
1396 4208 1713 4271 sanguinem
1738 4209 1917 4263 crucis
1942 4207 2080 4277 ejus,
2104 4211 2218 4265 sive

652 4311 769 4362 qua:
818 4297 870 4348 in
928 4295 1106 4359 terris,
1160 4294 1273 4349 sive
1321 4310 1441 4363 qua:
1495 4295 1548 4348 in
1612 4296 1765 4351 cmlis
1793 4306 1920 4350 sunt
1947 4297 1990 4351 ⁸.
2021 4316 2044 4348 ι
2079 4298 2218 4352 Ecce

656 4389 743 4441 hic
770 4388 917 4439 illum
958 4402 1145 4441 rursus
1180 4386 1580 4455 inaspectahilis
1606 4387 1698 4442 Dei
1724 4388 2013 4457 imaginem
2035 4388 2219 4457 appel-

2305 3210 2529 3279 ἀγάπης
2572 3206 2767 3272 αὐτοῦ,
2804 3208 2873 3259 ἐν
2903 3197 2948 3273 ᾧ
2988 3204 3186 3275 ἔχομεν
3227 3202 3325 3274 τὴν
3355 3201 3783 3274 ἀπολύτρωσιν,
3809 3203 3905 3273 τὴν

2307 3302 2501 3371 ἄφεσιν
2538 3299 2647 3355 τῶν
2683 3297 3000 3369 ἁμαρτιῶνο
3031 3298 3091 3361 ὃς
3120 3298 3270 3350 ἐστιν
3303 3293 3471 3349 εἰκὼν
3500 3295 3605 3349 τοῦ
3639 3296 3785 3351 Θεοῦ
3810 3295 3904 3348 τοῦ

2307 3394 2564 3464 ἀοράτου,
2605 3390 2951 3462 πρωτότοκος
2988 3389 3170 3458 πάσης
3201 3387 3453 3451 κτίσεως.
3482 3388 3619 3441 Ὅτι
3654 3390 3719 3442 ὲν
3767 3387 3907 3456 αὐτῷ

2308 3482 2532 3553 ἐκτίσθη
2561 3482 2633 3535 τὰ
2658 3480 2839 3534 πάντα
2866 3480 2928 3533 ὲν
2951 3478 3032 3550 τῷ
3062 3478 3277 3551 οὐρανῷ
3306 3477 3403 3532 καὶ
3429 3478 3529 3532 ἐπὶ
3553 3479 3667 3550 τῆς
3694 3480 3818 3550 γῆς,
3841 3479 3907 3531 τὰ

2309 3573 2482 3645 ὁρατά
2509 3572 2606 3626 καὶ
2633 3572 2705 3625 τὰ
2730 3571 2959 3642 ἀόρατα,
2988 3571 3100 3625 εἴτε
3132 3570 3345 3641 Θρόνοι,
3388 3571 3503 3624 εἴτε
3532 3572 3907 3644 κυριότητες,

2309 3665 2421 3719 είτε
2455 3663 2666 3735 Ἀρχαὶ,
2694 3662 2806 3716 εἴτε
2849 3662 3122 3728 Ἐξουσίαι
3142 3704 3157 3727 ,
3186 3660 3256 3713 τὰ
3288 3659 3469 3715 πάντα
3499 3660 3574 3714 δι’
3607 3662 3783 3715 αὑτοῦ
3814 3662 3909 3713 καὶ

2311 3758 2391 3819 είς
2416 3755 2578 3810 αὐτὸν
2607 3755 2850 3808 ἔκτισται
2866 3770 2893 3789 ’π
2913 3752 3010 3808 καὶ⁵
3037 3753 3199 3817 αὑτός
3230 3754 3349 3807 ἐστι
3381 3752 3490 3822 πρὸ
3532 3753 3791 3812 πάντων,
3818 3750 3909 3803 καὶ

2312 3847 2380 3901 τὰ
2407 3847 2587 3900 πάντα
2611 3846 2670 3899 δν
2697 3844 2849 3914 αὐτῷ
2877 3842 3176 3911 συνέστηκε
3196 3859 3211 3875 ο
3240 3843 3334 3895 καὶ
3364 3841 3535 3904 αὐτός
3568 3844 3730 3895 ἐστιν
3759 3844 3793 3911 ή
3826 3858 3911 3894 κε-

2314 3937 2457 4008 φαλὴ
2493 3936 2585 3990 τοῦ
2628 3932 2880 4005 σώματος
2918 3933 3016 4003 τῆς
3047 3931 3403 4004 Ἐκκλησίας,
3440 3932 3501 3996 ὃς
3538 3934 3701 3987 ἐστιν
3737 3932 3907 4004 ἀρχὴν

2316 4026 2656 4097 πρωτότοκος
2688 4026 2754 4077 ὲκ
2797 4023 2906 4075 τῶν
2936 4023 3183 4092 νεκρῶνο
3224 4022 3311 4076 ἵνα
3353 4022 3594 4092 γένηται
3638 4024 3703 4077 ὲν
3748 4026 3912 4077 πᾶσιν

2316 4115 2473 4178 αὐτὸς
2501 4113 2822 4185 πρωτεύων·
2854 4112 2936 4166 ὅτι
2966 4111 3025 4164 ἂν
3054 4109 3203 4181 αὺτῷ
3232 4110 3510 4181 ηὐδόκησε.
3536 4114 3655 4165 πᾶν
3687 4114 3753 4166 τὸ
3781 4114 3913 4181 πλήο

2322 4222 2482 4275 ρωμσ.
2518 4202 2873 4271 κατοικῆσαϋ,
2913 4202 3009 4255 καὶ
3037 4201 3103 4255 δι’
3140 4200 3304 4255 αὐτοῦ
3338 4202 3807 4275 ἀποκαταλλάξαι
3850 4207 3914 4257 τὰ

2322 4298 2501 4351 πάντα
2528 4296 2606 4358 είς
2634 4295 2798 4347 αὐτόν
2816 4309 2832 4325 ο
2860 4293 3280 4365 είρηνοποιήσας
3308 4292 3395 4345 διὰ
3423 4291 3519 4345 τοῦ
3549 4294 3795 4365 arguto;
3824 4296 3913 4348 τοῦ

2323 4385 2561 4458 σταυροῦ
2592 4386 2761 4441 αὑτοῦ
2800 4385 2909 4437 εἴτε
2936 4383 3007 4437 τὰ
3045 4385 3139 4436 ἐπὶ
3163 4382 3265 4452 τῆς
3295 4384 3418 4453 γῆς,
3453 4383 3569 4437 εἴτε
3597 4384 3673 4438 τὰ
3705 4387 3766 4437 ἐν
3808 4389 3913 4445 τοξ

652 4468 763 4545 lat;
797 4477 1169 4546 Thronosquc,
1200 4478 1541 4546 Principatus
1569 4489 1623 4533 et
1652 4478 2057 4533 Domiuationes
2086 4494 2201 4533 con-

2325 4481 2593 4549 οὐρανοῖς.
2620 4496 2639 4529 ι
2680 4478 2812 4531 Ἰδοὺ
2843 4476 2907 4547 δὴ
2936 4475 3099 4529 πάλιν
3129 4476 3313 4528 είκόνα
3360 4476 3461 4546 μὲν
3503 4476 3605 4528 τοῦ
3640 4476 3786 4530 Θεοῦ
3827 4478 3914 4529 τοῦ

658 4570 876 4630 didisse,
906 4570 1194 4638 omniaque
1229 4569 1281 4620 in
1319 4568 1440 4637 ipso
1494 4578 1543 4623 et
1599 4585 1694 4639 per
1747 4570 1924 4639 ipsum
1969 4581 2220 4624 constare

660 4670 841 4728 aperte
898 4658 1173 4713 ailirmat:
1224 4668 1333 4713 tum
1406 4662 1651 4733 corporis
1694 4675 1907 4729 quoque
1967 4660 2222 4716 Ecclesia:

661 4760 842 4819 caput,
872 4750 1389 4819 primogenitumque
1418 4766 1484 4803 ex
1532 4752 1759 4806 mortuis
1810 4754 2057 4807 eumdem
2090 4768 2225 4821 pra:-

662 4846 822 4897 dicat.
858 4841 1072 4910 Ecquis,
1100 4841 1315 4906 amabo,
1357 4841 1534 4911 imago
1586 4840 1703 4905 Dei,
1735 4842 2224 4911 universorumque

666 4936 911 4991 conditor
962 4942 1067 4995 est,
1104 4934 1202 4985 nisi
1242 4933 1471 5003 ipsemet
1516 4934 1826 5002 unigenitus
1876 4934 1968 4988 Dei
2019 4933 2227 4989 Filius?

668 5028 755 5094 qui
810 5026 971 5079 etiam
1040 5025 1213 5078 factus
1259 5034 1341 5079 est
1398 5034 1734 5080 mortuorum
1799 5025 2225 5095 primogenitus;

669 5118 862 5185 quippe
895 5116 983 5183 qui
1022 5117 1071 5168 in
1105 5116 1407 5182 suaipsius,
1436 5123 1490 5170 et
1524 5132 1631 5170 non
1688 5117 1743 5170 in
1790 5117 2017 5175 alterius
2048 5116 2231 5187 cujus-

672 5210 807 5273 piam
870 5221 1034 5260 carne
1089 5216 1315 5259 mortem
1370 5208 1610 5275 oppetiit.
1687 5207 1868 5273 Quare
1935 5224 2072 5264 unus
2138 5218 2224 5264 cst

672 5300 913 5353 Christus
938 5309 987 5351 et
1019 5298 1207 5361 Filius,
1229 5299 1369 5353 Deus
1392 5301 1545 5353 simul
1578 5310 1631 5354 et
1664 5301 1842 5355 homo.

959 5484 1115 5550 110
1134 5480 1218 5534 Ea:
1248 5482 1483 5551 Epistola
1516 5486 1583 5537 ad
1619 5484 1885 5537 llebrlros.

755 5591 772 5623 ι
832 5572 1171 5625 Mnltilurimu
1238 5575 1525 5643 multisque
1560 5576 1732 5628 modis
1793 5576 1918 5628 olim
1968 5575 2106 5632 Deus
2153 5576 2242 5631 lo-

756 5732 1091 5805 ‘Philippu,
1116 5734 1263 5789 5-H.
1344 5734 1362 5763 ⁸
1385 5731 1593 5787 Coluss.
1630 5747 1726 5797 xu,
1755 5732 1865 5793 20..

2327 4570 2557 4640 ἀοράτου
2596 4568 2763 4637 φησὶν
2802 4567 2991 4621 αὐτόν’
3038 4565 3287 4619 ἐκτίσθαι
3315 4564 3382 4618 δι’
3426 4566 3599 4618 αὐτοῦ
3641 4566 3914 4637 Θρόνους,

2328 4680 2421 4715 και
2455 4660 2654 4731 Ἀρχὰς
2673 4700 2688 4724 ,
2719 4660 2813 4712 καὶ
2841 4657 3183 4729 Κυριότητας
3229 4650 3644 4710 διαϐεϐαιοῦται
3684 4657 3880 4725 σαφῶς
3905 4673 3917 4686 ·

2332 4754 2427 4808 καὶ
2453 4755 2531 4816 είς
2559 4752 2719 4806 αὑτὸν
2755 4752 2827 4805 τὰ
2874 4750 3052 4804 πάντα
3076 4750 3172 4802 καὶ
3201 4751 3259 4803 ὲν
3288 4748 3440 4818 αὺτῷ
3472 4750 3812 4803 συνεστάναι
3844 4748 3921 4800 λέ-

2329 4865 2447 4917 γει’
2482 4846 2577 4900 καὶ
2615 4845 2777 4898 αὑτὸν
2819 4840 2959 4897 εῖναι
2998 4844 3097 4913 τὴν
3125 4844 3371 4915 κεφαλὴν
3396 4842 3493 4896 τοῦ
3528 4843 3795 4913 σώματος
3830 4844 3921 4913 τῆς

2346 4938 2691 5009 Ἐκκλησίας,
2720 4936 2817 4989 καὶ
2842 4936 3187 5003 πρωτότοκον
3214 4936 3278 4988 ὲκ
3301 4934 3410 4987 τῶν
3434 4932 3672 5003 νεκρῶν.
3707 4934 3809 4995 Τίς
3835 4930 3921 4985 οὖν

2334 5033 2449 5103 ἄρα
2471 5032 2617 5084 ἐστὶν
2642 5032 2674 5100 ὴ
2708 5028 2869 5082 εἰκὼν
2905 5028 3000 5080 τοῦ
3032 5026 3188 5090 Θεοῦ,
3217 5026 3246 5077 ὁ
3275 5025 3505 5094 κτίστης
3536 5024 3647 5077 τῶν
3680 5026 3849 5084 ὅλων,
3880 5025 3921 5074 εἰ

2339 5123 2415 5193 μὴ
2448 5123 2513 5175 αὐ
2526 5122 2607 5184 τὸς
2632 5123 2659 5173 ὁ
2695 5120 2987 5191 μονογενὴς
3011 5117 3107 5171 τοῦ
3136 5116 3271 5171 Θεοῦ
3304 5116 3464 5179 Υἱός;
3498 5115 3559 5178 ὃς
3588 5117 3691 5167 καὶ
3734 5118 3921 5184 γέγονε

2337 5212 2679 5283 πρωτότοκος
2724 5211 2789 5262 ὲκ
2818 5210 3050 5279 νεκρῶν,
3087 5207 3162 5271 ὡς
3204 5204 3492 5259 ἀποθανὼν
3528 5208 3601 5276 τῇ
3640 5208 3821 5275 σαρκὶ
3864 5208 3922 5273 τῇ

2343 5302 2469 5371 ἰδίᾳ,
2502 5301 2597 5354 καὶ
2640 5300 2760 5371 οὐχὶ
2808 5301 2872 5371 δὴ
2908 5300 3108 5370 μᾶλλον
3146 5301 3210 5368 τῇ
3255 5314 3399 5359 τινος
3440 5295 3653 5368 ἑτέρου.
3703 5292 3801 5361 Εἷς
3840 5293 3923 5351 οὖν

2339 5391 2573 5465 Χριστὸς
2601 5392 2696 5444 καὶ
2722 5392 2871 5456 Υἱὸς,
2897 5390 3029 5452 Θεός
3054 5407 3114 5441 τε
3141 5388 3276 5459 ὁμοῦ
3305 5389 3401 5445 καὶ
3428 5388 3751 5457 ἄνθρωπος.

2732 5480 2829 5533 Ἐκ
2860 5478 2972 5546 τῆς
3008 5478 3157 5545 πρὸς
3202 5476 3527 5544 Ἐϐραίους.

2423 5570 2809 5643 (Πολυμερῶς-
2838 5570 2933 5625 καὶ
2981 5568 3339 5638 πολυτρόπως
3387 5566 3557 5621 πάλαι
3587 5567 3617 5619 ὁ
3648 5566 3788 5630 Θεὸς
3833 5565 3925 5618 λα-
