4040 6456
156 368 299 429 1309

1268 375 1352 428 DE
1383 373 1607 429 RECTA
1648 376 1805 432 FIDE
1840 380 1931 434 AD
1962 381 2282 439 REGINAS.

3264 393 3402 447 l3l0

154 478 328 549 λὴσας
356 482 468 541 τοῖς
502 481 771 552 πατράσιν
801 484 859 535 ἐν
890 487 999 546 τοῖς
1033 487 1358 555 προφήταις,
1389 488 1475 539 ἐπ’
1504 486 1731 555 ἐσχάτου

1838 506 2009 557 quens
2042 496 2290 562 patribus
2329 495 2382 549 in
2407 496 2706 566 prophetis,
2741 497 3037 553 novissime
3066 498 3253 556 diebus
3282 501 3399 556 istis

154 571 266 624 τῶν
294 573 515 642 ἡμερῶν
553 574 759 627 τούτων
788 575 1046 645 ἐλάλησεν
1075 579 1206 645 ἡμῖν
1229 578 1285 628 ἐν
1312 578 1445 647 Υίῴ,
1476 578 1533 632 ὃν
1566 579 1728 647 ἔθηκε

155 662 492 733 κληρονόμον
532 665 771 728 πάντων,
813 667 879 719 δι’
920 658 981 718 οὗ
1017 668 1109 718 καὶ
1142 669 1269 731 τοὺς
1306 668 1503 731 αἰῶνας
1542 670 1728 738 ἐποίη-

155 769 272 805 σεν.
300 772 317 802 ι
366 754 529 806 Φύσει
570 754 681 806 τῶν
725 756 861 808 ὅλων
896 754 1099 825 Κύριος
1148 758 1285 826 μετά
1327 756 1422 809 τοῦ
1470 758 1602 811 Θεοῦ
1638 758 1730 810 καὶ

154 844 372 913 Ματρὸς
398 846 427 896 6
453 846 764 915 Μονογενὴς
790 845 953 899 αὑτοῦ
984 846 1152 913 Λόγος
1171 842 1312 900 εἶναι
1338 848 1725 901 πεπίστευταιο

148 932 365 983 τίθεται
403 932 459 984 δὲ
504 932 869 1003 κληρονόμος,
927 936 1006 987 ὅτι
1058 936 1249 1003 γέγονε
1299 938 1467 1007 σάρξ*
1512 938 1725 1008 εἴρηται

149 1024 267 1092 γὰρ
302 1025 437 1093 πρὸς
467 1026 649 1087 αὑτὸν,
678 1024 754 1085 ὡς
780 1024 901 1077 καθ’
926 1027 1071 1095 ἡμᾶς
1102 1026 1387 1097 ἄνθρωπον
1414 1028 1674 1095 γεγονότα
1698 1040 1724 1067 α

148 1114 221 1165 δι’
255 1116 429 1183 ἡμᾶς·
470 1135 487 1165 ι
518 1117 746 1184 Λῖτησαι
781 1116 907 1185 παρ’
955 1118 1111 1187 ἐμοῦ,
1142 1121 1237 1171 καὶ
1282 1119 1437 1171 δώσω
1470 1136 1551 1171 σοι
1599 1118 1725 1188 ἔθνη

150 1202 258 1273 τὴν
295 1204 655 1275 κληρονομίαν
690 1222 823 1262 σου.
868 1208 960 1258 καὶ
997 1207 1095 1275 τὴν
1145 1208 1470 1277 κατάσχεσίν
1524 1225 1617 1260 σου
1663 1212 1727 1261 τὶι

152 1296 373 1363 πέρατα
418 1297 514 1363 τῆς
560 1297 680 1365 γῆς.
712 1316 728 1346 ι
787 1296 948 1349 Ἀλλὰ
991 1299 1058 1351 δι’
1101 1298 1265 1352 αὑτοῦ
1296 1300 1389 1351 τοῦ
1439 1299 1596 1363 Θεοῦ,
1634 1299 1724 1350 τοῦ

152 1386 495 1453 κληρονόμου
521 1386 608 1437 διὰ
636 1387 696 1438 τὸ
733 1387 1069 1457 ἀνθρώπινον
1090 1431 1105 1455 ,
1138 1390 1232 1442 καὶ
1260 1390 1455 1452 αὐτοὺς
1500 1390 1727 1458 πεποιῆ-

152 1476 286 1528 σθαι
319 1478 444 1536 τοὺς
482 1477 683 1540 αῐῶνάς
721 1496 904 1549 φησιν,
950 1483 1028 1544 είς
1065 1482 1124 1533 τὸ
1151 1482 1241 1533 τοῦ
1290 1482 1462 1549 Λόγου
1490 1482 1727 1552 πρεσϐύ-

150 1583 320 1619 τατον
346 1567 440 1618 τοῦ
472 1569 795 1637 πράγματος
819 1570 1031 1640 ἔχοντος
1057 1573 1155 1641 τὴν
1186 1573 1480 1643 ἀναφοράν.
1516 1568 1609 1635 Εἷς
1638 1569 1729 1625 οὖν

150 1658 265 1725 ἄρα
312 1658 547 1726 Χριστὸς
596 1660 689 1711 καὶ
721 1659 883 1725 Υἱὸς,
928 1664 957 1715 6
994 1662 1157 1725 αὑτός
1194 1680 1252 1715 τε
1292 1663 1427 1733 ὁμοῦ
1466 1662 1597 1726 Θεὸς
1638 1666 1731 1717 καὶ

160 1746 267 1800 ἄνθ
278 1764 479 1815 ρωπος.
1728 1744 1729 1747 “

232 1854 253 1887 ι
291 1839 384 1899 Ὃς
416 1837 491 1889 ὢν
538 1838 879 1909 ἀπαύγασμα
925 1840 1026 1910 τῆς
1074 1841 1260 1910 δόξης,
1307 1842 1403 1894 καὶ
1446 1842 1725 1913 χαρακτὴρ
1760 1834 1804 1894 Β

154 1924 265 1995 τῆς
306 1927 655 1991 ὑποστάσεως
691 1928 879 1993 αὑτοῦ,
911 1930 1091 2000 φέρων
1120 1948 1179 1983 τε
1213 1930 1281 1983 τὰ
1315 1931 1492 1984 πάντα
1526 1930 1601 2004 τῷ
1637 1934 1728 2006 ρή-

152 2031 291 2084 ματι
332 2018 430 2084 τῆς
465 2015 750 2085 δυνάμεως
794 2017 984 2079 αὑτοῦ,
1039 2016 1376 2087 καθαρισμὸν
1406 2015 1513 2068 τῶν
1548 2017 1731 2085 ἀμαρο

146 2105 283 2157 τιῶν
316 2107 709 2175 ποιησάμενος,
741 2107 995 2160 ἐκάθισεν
1045 2111 1102 2161 ἐν
1140 2108 1287 2178 δεξιᾷ
1332 2107 1434 2175 τῆς
1479 2106 1731 2176 μεγαλω-

156 2197 334 2267 σύνης
368 2200 424 2249 ὲν
453 2197 677 2266 ὑψηλοῖς
697 2214 711 2228 ο
745 2198 987 2267 τοσούτῳ
1020 2198 1285 2267 κρείττων
1311 2198 1597 2267 γενόμενος
1625 2195 1729 2249 τῶν

147 2288 420 2355 ἀγγέλων,
462 2290 572 2362 ὅσιρ
640 2288 1019 2359 διαφορότεραν
1057 2288 1226 2359 ὄνομα
1259 2288 1389 2358 παρ’
1413 2287 1609 2350 αὑτοὺς
1641 2305 1728 2340 κε⁹

147 2378 550 2449 κληρονόμηκε.
584 2398 600 2429 ι
646 2380 717 2431 Τὸ
753 2379 1090 2449 ἀπαύγασμα
1139 2379 1239 2451 τῆς
1272 2378 1448 2448 δόξης,
1480 2379 1509 2431 6
1554 2394 1727 2449 χαρα-

147 2469 295 2539 κτὴρ
325 2470 424 2539 τῆς
463 2469 811 2532 ὑποστάσεως
843 2470 940 2522 τοῦ
974 2469 1109 2522 Θεοῦ
1156 2470 1252 2523 καὶ
1285 2469 1517 2539 Πατρὸς,
1568 2486 1729 2521 τουτ-

144 2562 301 2612 έστιν
332 2562 360 2612 6
391 2558 452 2623 ἐξ
494 2559 656 2613 αὑτοῦ
708 2560 845 2618 κατὰ
878 2559 1038 2628 φύσιν
1074 2559 1202 2623 Υἱὸς
1248 2559 1561 2630 μονογενὴς,
1609 2558 1732 2611 τίνα

144 2651 356 2722 τρόπον
388 2650 731 2721 καθαρισμὸν
766 2652 873 2703 τῶν
902 2651 1187 2723 ἁμαρτιῶν
1235 2652 1389 2721 ἡμῶν
1425 2651 1728 2720 ποιησάμε-

146 2759 263 2803 νος,
296 2743 452 2811 δῆλον
482 2740 537 2793 δὲ
570 2743 652 2794 ὅτι
685 2742 771 2793 διὰ
805 2741 898 2792 τοῦ
930 2742 1160 2806 αἵματος
1200 2741 1389 2805 αὑτοῦ,
1435 2740 1729 2793 κεκάθικεν

145 2838 207 2888 ὲν
254 2834 400 2905 δεξιᾷ
429 2833 523 2886 τοῦ
558 2834 793 2903 Πατρὸς,
824 2834 917 2884 καὶ
954 2833 1215 2903 κρείττων
1246 2832 1489 2901 γενέσθαι
1514 2832 1730 2901 λέγεται

143 2926 263 2979 τῶν
305 2926 583 2994 ἀγγέλων,
641 2924 816 2978 καίτοι
862 2925 1002 2977 κατὰ
1043 2924 1204 2987 φύσιν
1237 2923 1329 2975 καὶ
1365 2927 1431 2993 τῇ
1478 2924 1577 2993 τῆς
1613 2924 1730 2977 θεό-

141 3035 314 3088 τητος
352 3021 593 3089 ὑπεροχῇ
621 3017 693 3075 τὰ,
722 3018 898 3070 πάντα
927 3015 1122 3080 νικῶν;
1153 3013 1359 3069 Οὐκοῦν
1389 3015 1482 3067 καὶ
1516 3014 1729 3085 ἄνθρω-

145 3127 255 3172 πος
283 3110 541 3177 γεγονὼς,
569 3110 1066 3178 πεπλεονέκτηκεν,
1082 3107 1156 3171 ὼς
1185 3106 1337 3169 Θεὸς,
1368 3105 1469 3174 τὴν
1498 3107 1728 3175 ἀόρατον

144 3165 371 3261 κτίσιν,
396 3200 423 3250 6
453 3165 614 3259 αὑτὸς
646 3196 719 3249 ὢν
753 3165 1093 3267 ἀπαύγασμα
1138 3165 1231 3248 καὶ
1634 3196 1729 3249 καὶ
1755 3165 1799 3223 c'

145 3288 530 3359 ἐργασάμενος
578 3286 687 3339 τῶν
737 3288 1019 3358 ἁμαρτιῶν
1066 3286 1223 3357 ἡμῶν
1266 3287 1358 3337 τὸν
1391 3284 1735 3358 καθαρισμὸν

143 3380 347 3449 αἵματι
383 3378 458 3448 τῷ
500 3378 631 3449 ἰδίῳ.
664 3372 759 3441 Εἷς
804 3374 896 3430 οὖν
951 3381 1058 3450 ἄρα
1094 3377 1325 3448 Χριστὸς
1350 3416 1364 3441 ,
1410 3378 1504 3429 καὶ
1573 3378 1731 3445 Υἱὸς,

146 3472 251 3523 καὶ
295 3468 518 3541 Κύριος.

232 3583 251 3615 ι
286 3564 354 3617 ’⁷0
381 3563 588 3636 τε-γάρ
628 3561 871 3631 ἁγιάζων
899 3563 995 3614 καὶ
1024 3563 1072 3616 oi
1112 3563 1484 3633 ἁγιαζόμενοι,
1514 3560 1574 3626 ἐξ
1614 3562 1733 3625 ἑνὸς

145 3654 378 3717 πάντες.
409 3655 487 3706 Δι’
513 3656 580 3723 ἣν
606 3653 782 3706 αἰτίαν
810 3653 908 3713 οὑκ
940 3652 1324 3722 ἐπαισχύνεται
1349 3651 1611 3719 ἀδελφοὺς
1640 3650 1732 3703 αὑ-

142 3748 282 3807 τοὺς
308 3746 509 3808 καλεῖν,
544 3744 749 3811 λέγων’
793 3744 1112 3811 ’Λπαγγελῶ
1154 3742 1215 3795 τὸ
1262 3742 1431 3811 ὄνομά
1479 3759 1573 3794 σου
1620 3745 1733 3805 τοῖς

144 3836 408 3904 ἀδελφοῖς
445 3853 569 3905 μου.
596 3854 615 3885 ›
651 3835 725 3886 Τὸ
754 3836 895 3888 κατὰ
926 3836 1087 3904 φύσιν
1114 3836 1265 3904 ἆγιον
1292 3836 1391 3906 οὑχ
1421 3834 1729 3903 ἁγιάζεται,

142 3932 233 3983 ὃτι
267 3928 339 3998 μή
369 3928 481 3979 ἐστι
510 3926 766 3997 προσδεὲς
782 3927 1084 3996 ἁγιασμοῠ·
1114 3928 1173 3979 τό
1202 3944 1267 3995 γε
1310 3929 1418 3998 μὴν
1471 3927 1548 3991 ὡς
1594 3928 1729 3997 μεθ-

144 4021 263 4086 έξει
310 4020 373 4088 τῇ
426 4018 552 4086 παρ’
597 4018 781 4087 ἑτερου
812 4017 1031 4085 γεγονὸς
1079 4018 1271 4085 ἅγιον,
1317 4018 1567 4085 ἁγιάζειν
1610 4018 1729 4070 ἐτέ-

146 4130 284 4182 ρους
311 4111 372 4162 ού
403 4107 647 4161 δύναται.
676 4107 800 4169 Πῶς
833 4106 927 4160 οὖν
953 4110 980 4161 6
1008 4109 1167 4170 αὑτὸς
1198 4108 1415 4177 ἁγιάζει
1449 4107 1543 4161 καὶ
1570 4109 1730 4176 ἁγιά-

143 4204 342 4265 ζεται.
382 4198 663 4270 ζητητέον.
700 4197 941 4265 Ἀγιάζει
979 4199 1177 4263 τοίνυν,
1222 4199 1296 4263 ὠς
1339 4199 1500 4263 Θεὸς,
1537 4200 1729 4269 ἰδίωμα

144 4294 371 4363 φύσεως
418 4292 515 4358 τῆς
568 4288 761 4341 ἑαυτοῦ
798 4291 857 4340 τὸ
909 4291 1152 4356 ἀγιάζειν
1201 4291 1464 4344 δύνασθαι
1508 4290 1725 4361 λαχὼνο

146 4385 437 4451 ἁγιάζεται
457 4383 513 4436 δὲ
541 4379 655 4452 μεθ’
681 4378 855 4448 ἡμῶν,
880 4381 1020 4431 κατὰ
1049 4382 1107 4433 τὸ
1136 4382 1494 4452 ἀνθρώπινον.
1520 4378 1611 4446 Εἷς
1636 4378 1727 4436 οὖν

1837 581 2044 637 locutus
2072 592 2154 638 est
2178 586 2348 640 nobis
2381 586 2435 641 in
2465 586 2622 653 Filio,
2647 602 2806 657 quem
2823 590 3105 645 constituit
3135 592 3399 646 lueredem

1838 674 2237 738 universorum,
2263 693 2358 745 per
2379 692 2538 747 quem
2583 678 2712 735 fecit
2754 690 2808 735 et
2838 680 3033 735 saecula
3058 683 3103 734 ⁷.
3145 701 3163 734 ι
3194 681 3399 750 linige-

1838 764 2010 817 nilum
2051 764 2145 820 Dei
2186 760 2419 822 Verbum
2466 785 2570 822 una
2608 785 2733 824 cum
2764 770 2875 826 Deo
2928 772 3088 827 Patre
3139 774 3402 827 naturalis

1839 869 2017 909 rerum
2100 858 2341 912 omnium
2394 861 2653 915 Dominus
2679 877 2798 917 esse
2827 863 3111 917 creditur:
3147 874 3203 916 at
3268 863 3397 933 quia

1832 965 1959 1003 caro
2029 950 2224 1005 factum
2280 962 2382 1013 est,
2419 954 2649 1011 heredis
2704 972 2917 1027 quoque
2990 959 3401 1028 appellationem

1837 1041 2083 1094 sortitum
2119 1050 2222 1096 est.
2246 1041 2455 1097 Dictum
2485 1052 2567 1099 est
2600 1060 2828 1114 namque
2862 1050 2931 1102 ad
2966 1049 3125 1113 illud,
3149 1056 3400 1119 tanquam

1835 1131 1899 1182 ad
1926 1130 2193 1185 hominem
2227 1134 2394 1187 nostri
2439 1147 2603 1188 causa
2652 1136 2823 1191 nostri
2852 1137 3081 1193 similem
3117 1139 3400 1195 effectum:

1840 1240 1857 1271 ι
1900 1222 2116 1276 Postttla
2157 1238 2186 1275 a
2216 1238 2319 1287 me,
2356 1232 2411 1278 ct
2440 1225 2579 1279 dabo
2632 1225 2731 1280 tibi
2794 1236 2980 1295 gentes
3027 1228 3401 1283 hmreditatem

1837 1322 2004 1375 tuam,
2053 1321 2107 1366 et
2162 1315 2561 1383 possessionem
2613 1326 2760 1369 tuam
2808 1320 3075 1372 terminos
3131 1327 3286 1372 terra:
3306 1320 3347 1372 ⁸.
3379 1338 3398 1370 ι

1835 1402 2216 1457 Verumtamen
2247 1419 2340 1472 per
2363 1406 2537 1474 ipsum
2565 1414 2819 1476 tauquam
2851 1424 2945 1477 per
2971 1410 3159 1473 Deum,
3186 1418 3405 1478 propter

1837 1493 2127 1547 humanam
2182 1504 2427 1550 naturam
2478 1498 2712 1554 hazredis
2764 1499 3027 1556 vocabulo
3057 1500 3403 1569 appellatum,

1839 1586 1947 1653 ipsa
1978 1601 2194 1655 quoque
2227 1587 2422 1641 srecnla
2469 1590 2683 1643 condita
2724 1591 2921 1644 asserit
2962 1606 2976 1644 :
3015 1590 3203 1644 tribuit
3261 1590 3403 1644 enim

1839 1676 1888 1727 id
1957 1689 2181 1727 summa:
2242 1676 2404 1731 Verbi
2470 1679 2800 1747 antiquitati.
2872 1679 3025 1735 Unus
3086 1680 3270 1749 itaque
3325 1694 3407 1735 est

1839 1764 2091 1819 Christus
2146 1774 2194 1820 et
2230 1766 2418 1832 Filius,
2443 1768 2582 1821 idem
2617 1769 2756 1824 Deus
2789 1771 2950 1825 simul
2998 1779 3053 1827 et
3083 1773 3265 1826 homo.

1909 1873 1929 1909 ι
1954 1857 2051 1923 Qui
2087 1872 2208 1912 cum
2246 1858 2320 1912 sit
2348 1858 2603 1928 splendor
2630 1862 2836 1929 gloriae,
2860 1872 2915 1916 et
2955 1864 3123 1932 ﬁgura
3158 1865 3406 1918 substan-

1836 1947 1921 2000 tia:
1951 1949 2087 2015 eius,
2117 1960 2450 2017 portansque
2500 1952 2683 2009 omnia
2742 1953 2909 2007 verbo
2945 1954 3159 2007 virtutis
3193 1969 3324 2017 suae,
3354 1964 3408 2007 et

1834 2037 2206 2105 purgationem
2256 2048 2601 2107 peccatorum
2658 2039 2883 2106 faciens,
2929 2043 3080 2095 sedet
3120 2043 3184 2099 ad
3225 2044 3407 2097 dexte-

1836 2143 1948 2179 ram
2007 2128 2306 2196 majestatis
2352 2130 2405 2183 iu
2455 2130 2904 2186 excelsis:tanto
2955 2132 3150 2188 melior
3203 2132 3406 2201 angelis

1831 2218 2077 2282 effectus,
2118 2230 2319 2288 quanto
2346 2220 2681 2276 tlifl’ereutius
2723 2237 2916 2277 nomen
2952 2237 3061 2289 prae
3094 2223 3199 2277 illis
3233 2225 3405 2277 haere-

1830 2309 2022 2362 ditavit
2048 2311 2107 2363 ἐ
2134 2330 2151 2362 ι
2188 2311 2325 2376 Qua,
2358 2326 2561 2379 qumso,
2605 2314 2817 2367 ratione
2856 2314 3117 2383 splendor
3146 2313 3238 2368 ille
3289 2311 3404 2381 glo-

1834 2400 1927 2456 ria:
1980 2408 2324 2467 patermeque
2358 2401 2674 2456 substantia:
2696 2403 3004 2468 character,
3031 2405 3133 2459 hoc
3163 2413 3247 2459 est
3281 2404 3402 2456 uni-

1833 2490 2042 2557 genitus
2069 2490 2157 2543 Dei
2189 2491 2378 2553 Filius,
2414 2491 2504 2560 qui
2557 2492 2875 2547 naturaliter
2900 2509 2967 2559 ex
3017 2493 3107 2546 illo
3140 2492 3403 2562 procedit,

1835 2592 2174 2647 peccatorum
2222 2583 2597 2651 purgationem
2655 2582 2861 2638 faciens
2907 2582 3166 2654 (dubium
3223 2592 3403 2638 autem

1834 2669 2035 2723 nullum
2061 2680 2167 2736 est,
2186 2671 2315 2738 quin
2340 2687 2434 2739 per
2455 2672 2727 2739 proprium
2752 2673 3090 2742 sanguinem)
3126 2674 3190 2725 ad
3232 2671 3407 2725 Patris

1833 2761 2109 2813 dexteram
2164 2761 2469 2824 considere,
2512 2760 2748 2829 ipsisque
2792 2760 2995 2829 angelis
3048 2759 3402 2815 excellentior

1834 2849 2005 2902 factus
2029 2850 2384 2917 praedicatur?
2447 2852 2641 2903 Annon
2693 2851 2986 2903 secundum
3023 2859 3296 2909 naturam,
3320 2845 3405 2900 di-

1832 2937 2179 3008 rinitatisque
2200 2940 2573 3004 eminentiam,
2599 2939 2753 3011 longe
2771 2938 2988 2992 excellit
3014 2938 3192 2991 omnia
3211 2937 3236 2990 ?
3263 2935 3404 2990 Sane

1832 3027 1972 3081 idem
2001 3027 2224 3081 omnino
2256 3036 2313 3079 ut
2343 3026 2501 3085 Deus,
2523 3036 2868 3094 paternasque
2892 3023 3207 3077 substantia:
3232 3022 3398 3091 figura

1831 3126 1884 3173 et
1922 3117 2201 3187 Splendor,
2238 3115 2648 3187 inspectabilem
2692 3115 2836 3168 illaut
2887 3121 3191 3167 creaturam
3243 3112 3400 3179 longe

1835 3208 2055 3264 excellit
2083 3209 2243 3263 etiam
2275 3209 2435 3263 homo
2471 3206 2670 3270 factus,
2698 3205 3036 3273 etsauguine
3066 3219 3167 3259 suo
3184 3213 3401 3274 peccata

1836 3308 2016 3353 nostra
2039 3299 2357 3353 emundaus.
2384 3297 2533 3353 Unus
2568 3298 2753 3367 itaque
2775 3305 2857 3351 est
2878 3294 3131 3353 Christus
3153 3305 3206 3352 et
3234 3292 3404 3351 Filius

1835 3404 1885 3448 et
1919 3391 2199 3448 Dominus.

1908 3592 1927 3625 ι
1968 3570 2070 3637 Qui
2125 3572 2451 3639 sanctificat,
2482 3581 2537 3629 et
2573 3572 2665 3643 qui
2722 3573 3150 3633 sanctiﬁcatum.
3179 3585 3243 3624 ex
3292 3583 3399 3621 uno

1831 3678 2039 3717 omnes.
2058 3660 2292 3730 Propter
2321 3677 2481 3732 quam
2506 3677 2726 3719 causam
2756 3679 2862 3717 nou
2890 3661 3240 3715 ceul‘uuditur
3287 3657 3397 3709 fra-

1834 3764 1942 3808 tres
1968 3768 2062 3808 eos
2121 3745 2335 3816 vécare,
2368 3752 2589 3807 dicens:
2623 3753 2971 3809 Anututtiabo
3018 3768 3209 3806 nomen
3246 3758 3395 3803 tuum

1833 3842 2093 3896 fratribus
2158 3841 2293 3895 meis
2328 3841 2393 3894 ⁸ο.
2425 3861 2443 3893 ι
2481 3841 2632 3908 Quod
2680 3852 2871 3909 suapte
2924 3851 3119 3895 natura
3159 3845 3400 3892 sanctum

1829 3941 1936 3998 est,
1967 3932 2017 3985 id
2050 3945 2158 3985 non
2197 3932 2605 3993 sanctilicatur;
2636 3930 3070 3998 quandoquidem
3098 3926 3248 3996 ιιι
3273 3939 3401 3977 san-

1830 4023 2165 4078 ctificatione
2219 4019 2360 4075 nulla
2413 4021 2643 4088 indiget.
2675 4019 2828 4085 Quod
2871 4029 3048 4073 autem
3108 4014 3399 4087 participa—

1834 4116 1976 4170 tione
2006 4113 2240 4183 quadam
2276 4111 2346 4167 ab
2400 4112 2508 4167 alio
2536 4110 3023 4167 sattctificationcm
3054 4112 3399 4163 consecutum

1829 4215 1933 4269 est,
1970 4206 2024 4261 id
2054 4205 2191 4259 alios
2218 4204 2562 4258 sanctificare
2602 4218 2707 4256 non
2742 4212 2935 4271 potest.
2966 4199 3235 4267 Quaeritur
3274 4207 3402 4261 ergo

1830 4297 2099 4365 quomodo
2120 4295 2261 4349 idem
2293 4294 2617 4357 sanctificet,
2636 4292 2979 4360 vicissimque
3006 4288 3397 4344 sanctificetur.

1831 4388 1980 4441 lland
2008 4385 2169 4440 duhie
2191 4385 2423 4439 Verbum
2480 4384 2844 4446 incarnatum,
2872 4392 2930 4435 ttt
2964 4381 3123 4443 Deus,
3152 4372 3397 4432 sanctiﬁ-

143 4476 260 4544 ἄρα
290 4475 517 4546 Χριστὸς
544 4472 636 4526 καὶ
664 4470 790 4533 Υίὸς
824 4470 913 4521 καὶ
944 4470 1147 4540 Κύριος
1170 4512 1186 4535 ,
1219 4474 1459 4541 ἁγιάζων
1490 4474 1587 4544 μὲν
1618 4473 1727 4527 θεῖ-

1833 4487 1936 4540 cat,
1966 4487 2025 4529 ut
2067 4477 2209 4544 quod
2260 4471 2633 4528 sanctificandi
2694 4470 2798 4523 vim
2854 4484 2963 4523 sua:
3018 4479 3221 4521 naturae
3275 4476 3399 4529 pro-

144 4565 286 4627 κῶς,
317 4566 673 4637 ἀγιαζόμενος
713 4562 769 4615 δὲ
799 4561 916 4631 μεθ’
944 4562 1098 4631 ἡμῶν
1129 4564 1502 4634 ἀνθρωπίνως.

1826 4569 2109 4639 prietatem
2171 4566 2531 4619 obtineatzat
2591 4575 2716 4613 vero
2765 4562 3058 4614 secundum
3112 4559 3397 4612 humanam

146 4666 426 4717 naturam.
468 4659 745 4712 uobiscum
798 4655 1182 4709 sanctilicamr.
1213 4656 1367 4710 Unus
1428 4658 1591 4727 igitur
1635 4672 1719 4716 est
1760 4660 2006 4716 Christus
2047 4665 2101 4709 et
2166 4654 2424 4709 Dominus
2492 4662 2547 4708 et
2586 4652 2774 4720 Filius,
2806 4653 3155 4710 sanctiﬁcans
3186 4649 3397 4719 quidem

146 4758 207 4800 ttt
235 4743 400 4806 Dens,
428 4747 907 4802 sanetilicatioucm
941 4754 1127 4796 autem
1166 4747 1437 4813 accipiens
1489 4751 1725 4805 humano
1765 4764 1913 4804 more
1951 4746 2250 4800 nobiscum.

229 4857 249 4889 ‹
284 4838 587 4905 Κεφάλαιον
615 4844 671 4894 δὲ
696 4843 719 4881 b
752 4843 861 4903 τοῖς
893 4837 1201 4907 λεγομένοις
1230 4850 1275 4876 θ’
1313 4841 1565 4894 Τοιοῦτον
1609 4844 1725 4913 ἕχο-

150 4946 257 5000 μεν
289 4929 568 4997 ἀρχιερέα,
608 4931 667 4994 ὃς
707 4930 959 4983 ἐκάθισεν
990 4930 1049 4979 ἐν
1084 4927 1231 4997 δεξιᾷ
1264 4928 1355 4980 τοῦ
1402 4929 1589 4999 θρόνου
1624 4933 1726 5000 τῆς

152 5016 545 5095 μίεαιιαλωσύνης
584 5022 639 5073 ἐν
669 5027 778 5086 τοῖς
816 5022 1079 5093 οὐρανοῖς,
1124 5018 1231 5070 τῶν
1264 5018 1432 5085 ἁγίων
1478 5020 1723 5089 λειτουρ-

148 5111 269 5179 γὸς,
311 5108 404 5160 καὶ
436 5108 531 5176 τῆς
561 5114 761 5181 σκηνῆς
792 5113 891 5183 τῆς
918 5109 1194 5182 ἀληθινῆς,
1225 5111 1292 5179 ἦν
1322 5108 1520 5177 ἔπηξεν
1550 5110 1576 5160 ό
1609 5110 1723 5161 Κύ-

151 5218 293 5273 ρτος,
335 5199 427 5250 καὶ
454 5198 552 5249 οὑκ
594 5200 896 5271 ἄνθρωπος.
922 5223 939 5254 ι
976 5205 1037 5255 Εἰ
1068 5202 1173 5264 πᾶς
1206 5200 1402 5268 ἱερεὺς,
1439 5200 1582 5252 καθά
1618 5218 1724 5270 φη-

147 5309 242 5347 σιν
275 5292 303 5343 ό
351 5287 615 5359 μακάριος
646 5292 874 5361 Παῦλος,
902 5297 980 5359 εἰς
1010 5294 1069 5348 τὸ
1114 5292 1441 5365 προσφέρειν
1471 5291 1621 5363 δῶρά
1663 5310 1723 5345 τε

228 5450 249 5481 ⁷
280 5445 437 5501 llchr.
466 5462 504 5508 I,
536 5447 583 5507 1,
615 5445 669 5497 ‘2.
748 5447 769 5477 ⁸
794 5449 933 5505 Psal.
964 5466 1018 5516 tt,
1051 5452 1105 5506 8.
1179 5449 1200 5481 ⁸
1223 5447 1385 5502 Hebr.
1415 5464 1454 5512 t,
1489 5449 1542 5515 3,
1575 5450 1626 5502 .ι.

1708 5450 1749 5481 ¹⁰
1774 5448 1937 5502 llcbr.
1966 5463 2025 5512 tt,
2058 5448 2143 5510 Η,
2177 5444 2264 5498 12.

1909 4859 1927 4892 ι
1964 4837 2267 4907 Capitulum
2304 4847 2483 4894 autem
2519 4854 2681 4909 super
2709 4855 2773 4894 ea
2810 4854 2928 4907 qum
2961 4840 3209 4891 dicuntur
3243 4853 3256 4888 :
3292 4832 3393 4885 Ta-

1832 4929 1932 4988 lem
1977 4930 2241 4985 ltahcmus
2292 4932 2625 4999 pontiﬁcem,
2669 4931 2757 4998 qui
2804 4930 3044 4983 consedit
3085 4929 3136 4981 itt
3176 4926 3393 4980 dextera

1829 5024 1974 5077 sedis
2002 5024 2393 5092 magnitudinis
2423 5024 2475 5077 in
2508 5022 2681 5085 cwlis,
2708 5030 3017 5073 sanctorum
3052 5018 3315 5078 minister,
3343 5026 3395 5069 ct

1829 5113 2160 5167 tabernaculi
2182 5114 2314 5177 veri,
2336 5114 2476 5181 quod
2496 5111 2607 5163 fixit
2624 5109 2901 5173 Dominus,
2920 5118 2973 5163 et
2991 5108 3267 5161 nonhomo
3282 5106 3345 5157 ¹¹.
3372 5124 3389 5154 ι

1829 5200 1886 5255 Si
1916 5202 2065 5270 juxta
2096 5202 2235 5256 beati
2294 5200 2444 5253 Pauli
2492 5198 2790 5250 doctrinam
2836 5196 3012 5249 omnis
3042 5193 3291 5247 sacerdos
3327 5192 3392 5243 ad

1827 5293 2157 5350 oﬂerendum
2187 5296 2323 5347 dona
2374 5300 2426 5345 et
2480 5289 2746 5344 sacrificia
2787 5288 3112 5352 assumitur,
3146 5300 3250 5339 non
3288 5282 3390 5338 sibi

2347 5444 2386 5477 ¹¹
2416 5443 2580 5501 llcbr.
2614 5440 2730 5511 vni,
2770 5444 2821 5507 ι,
2849 5442 2909 5496 2.

1213 5602 1383 5657 Varia:
1410 5601 1664 5655 lectiones
1694 5600 1895 5653 codicis
1933 5596 2296 5662 Seguieriani.

282 5737 573 5807 πεφηνότα,
651 5734 676 5773 b
712 5734 820 5787 ἐπε.
867 5748 886 5775 ε
926 5739 1250 5807 εἰρημένοις.
