4040 6450
621 358 755 415 1311

1639 362 1697 419 S.
1738 360 2017 421 CYRILLI
2052 356 2519 418 ALEXANDRINI
2558 354 2879 413 ARCHIEP.

3755 347 3890 406 1312

620 470 775 524 litant
803 470 894 543 qui
925 472 991 526 ad
1033 472 1326 529 sacerdotii
1372 471 1703 531 iunctionem
1752 473 2191 547 seliguntur,sed

2303 472 2386 525 καὶ
2432 470 2623 534 Θυσίας
2673 465 3198 541 παραλαμϐάνεται,
3250 464 3351 537 οὐχ
3400 463 3623 527 ἑαυτοῖς
3675 462 3888 518 τελοῦσι

619 562 753 627 Deo,
775 564 860 617 cui
900 565 969 618 ab
1018 564 1270 619 universa
1313 577 1561 622 creatura
1604 567 1783 624 cultus
1812 568 2193 635 veneratioque

620 651 951 707 debetur:at
978 654 1071 723 qui
1124 654 1235 711 Deo
1270 656 1602 723 ministrant,
1630 674 1735 714 non
1785 659 2026 728 ejusdem
2070 671 2192 712 cum

620 742 730 798 Deo
757 746 966 801 ordinis
1006 755 1187 812 erunt,
1220 763 1394 819 neque
1439 750 1667 819 gloriam
1697 751 2102 819 eamdem,qum
2139 748 2192 803 iu

620 835 793 903 ipsum
822 836 992 891 solum
1009 840 1279 906 convenit,
1312 841 1647 907 sortientur;
1678 856 1849 911 ecquo
1875 856 2005 909 ergo
2035 841 2195 896 modo

619 926 884 995 Christus,
908 939 1090 985 noster
1104 931 1341 1001 pontifex
1364 931 1612 997 effectus,
1634 934 1685 988 in
1708 934 1928 989 dextera
1946 934 2037 989 Dei
2059 935 2196 989 assi-

620 1013 730 1079 det,
757 1017 1432 1092 thronumqucmajestatis
1461 1024 1684 1079 incmlis
1713 1024 1946 1092 obtinet,
1975 1035 2195 1081 sancto-

620 1119 848 1178 rumque
873 1127 936 1166 ac
961 1114 1179 1181 superni
1200 1123 1254 1168 et
1284 1114 1399 1169 veri
1419 1114 1562 1170 illius
1578 1115 1917 1171 tabernaculi
1933 1117 2193 1172 sacerdos

619 1202 954 1286 constitutus.
974 1216 1057 1260 est
1083 1221 1098 1270 ;
1129 1216 1182 1257 et
1216 1204 1361 1259 Patri
1389 1215 1445 1260 et
1481 1206 1673 1277 sibipsi
1702 1223 1922 1278 quoque
1952 1210 2195 1264 omnium

618 1304 810 1359 preces
838 1294 1106 1351 olTerens?
1150 1296 1301 1353 Unus
1330 1298 1496 1368 igitur
1524 1311 1606 1355 est
1638 1300 1895 1355 Christus
1923 1298 2192 1365 etFiIius,

620 1385 712 1450 qui
737 1385 952 1453 quidem
989 1397 1046 1442 ut
1080 1388 1313 1452 Deus,iu
1339 1390 1646 1446 divinitatis
1682 1405 1793 1445 suae
1825 1392 2020 1447 throno
2067 1406 2200 1446 con-

622 1472 798 1541 sidet;
828 1485 885 1528 ut
908 1494 1039 1532 vero
1068 1480 1247 1533 divina
1282 1479 1685 1549 dispensatione
1712 1479 1962 1535 humanm
1989 1490 2200 1535 natura:

622 1566 893 1633 particeps
921 1567 1165 1634 eﬂ'ecms,
1192 1570 1422 1626 ministri
1463 1570 1841 1641 pontiﬁcisoue
1886 1570 2063 1627 locum
2102 1586 2201 1626 no-

624 1671 854 1725 menque
878 1662 1101 1716 sortitus
1140 1672 1244 1717 est.

697 1766 718 1801 ι
747 1747 978 1821 Ideoque
999 1763 1053 1807 et
1084 1767 1184 1810 nos
1216 1763 1420 1809 tantam
1454 1754 1717 1810 habentes
1770 1754 2079 1824 impositam
2105 1770 2203 1808 nu-

2291 563 2393 628 τὰς
2432 563 2690 635 λατρείας
2717 564 2764 615 οί
2795 558 3121 630 καλούμενοι
3150 557 3289 629 πρὸς
3320 556 3655 629 ἱερωσύνην,
3685 555 3808 625 Θεῷ
3834 557 3888 610 δὶ

2295 656 2516 728 μᾶλλον,
2540 648 2584 724 ᾧ
2615 654 2675 708 τὸ
2707 652 2859 723 παρὰ
2885 652 3069 720 πάσης
3106 648 3337 714 κτίσεως
3374 648 3663 718 ὀφείλεται
3694 648 3886 710 σέϐας·

2292 751 2322 803 6
2349 748 2406 801 δὲ
2448 746 2568 817 Θεῷ
2603 744 2956 817 λειτουργῶν,
3002 744 3105 798 οὐκ
3147 744 3207 796 ὲν
3253 742 3357 812 ῐσῳ
3403 740 3595 811 μέτρῳ
3646 740 3890 792 κείσεται

2294 838 2452 905 Θεοῦ,
2496 837 2620 892 οῦτε
2662 837 2766 909 μὴν
2796 830 2894 906 τὴν
2923 835 3073 907 αῦτῷ
3113 834 3209 889 καὶ
3240 833 3388 905 μόνῳ
3428 830 3769 900 πρέπουσαν
3800 847 3889 899 φο-

2298 929 2446 1004 ρέσει
2491 927 2669 993 δόξαν.
2716 922 2850 979 Εἶτα
2876 925 2995 989 πῶς
3040 923 3335 995 ἀρχιερεὺς
3381 919 3547 991 ἡμῶν
3589 918 3839 987 γεγονὼς
3869 919 3894 967 6

2295 1018 2552 1092 Χριστὸς,
2584 1019 2641 1071 ὲν
2671 1016 2824 1087 δεξιᾷ
2854 1017 3094 1087 κάθηται
3120 1013 3217 1068 τοῦ
3252 1011 3410 1076 Θεοῦ,
3441 1012 3542 1064 καὶ
3576 1010 3675 1063 τὸν
3713 1008 3895 1079 Θρόνον

2297 1110 2413 1182 ἔχει
2453 1115 2555 1181 τῆς
2604 1107 2997 1181 μεγαλωσύνης
3046 1109 3103 1160 ὲν
3144 1107 3257 1169 τοῖς
3297 1104 3594 1176 οὐρανοῖς,
3643 1101 3750 1154 καὶ
3794 1099 3895 1151 τῶν

2299 1203 2468 1272 ἁγίων
2507 1200 2625 1255 ἐστὶ
2658 1198 2995 1271 λειτουργὸς,
3026 1199 3121 1251 καὶ
3153 1199 3252 1269 τῆς
3287 1196 3495 1268 σκηνῆς
3518 1194 3631 1266 τῆς
3660 1195 3783 1249 ἀνω
3810 1195 3899 1246 καὶ

2299 1293 2580 1365 ἀληθινῆς,
2608 1290 2787 1363 ἑαυτῷ
2819 1308 2879 1345 τε
2909 1291 3005 1345 καὶ
3032 1289 3110 1361 τῷ
3146 1289 3325 1361 Ilath
3354 1288 3765 1359 προσκομίζων
3806 1287 3898 1340 τάξ

2299 1386 2453 1458 παρὰ
2493 1386 2712 1441 πάντων
2745 1383 3037 1455 λατρείας;
3080 1378 3175 1446 Εἷς
3212 1383 3322 1452 άρα
3350 1381 3471 1437 ἐστὶ
3517 1378 3778 1450 Χριστὸς
3815 1380 3904 1431 καὶ

2304 1479 2450 1544 Υἱὸς,
2487 1477 2797 1549 καθήμενος
2826 1474 2924 1545 μὲν
2952 1474 3150 1537 θεῖκῶς
3182 1476 3239 1526 ἐν
3273 1473 3352 1541 τῷ
3390 1472 3490 1542 τῆς
3522 1470 3671 1529 ιδίας
3717 1470 3906 1538 θεότη-

2301 1589 2394 1636 τος
2439 1570 2634 1641 θρόνῳ,
2682 1565 3108 1638 κεχρηματικὼς
3136 1565 3194 1618 δὲ
3230 1564 3408 1635 ἱερεὺς
3448 1563 3544 1616 καὶ
3579 1562 3908 1632 λειτουργὸς

2303 1660 2662 1732 οἰκονομικῶς
2684 1659 2773 1712 διὰ
2799 1661 2861 1722 τὸ
2888 1656 3253 1728 ἀνθρώπινον.

2383 1773 2402 1806 ι
2432 1752 2736 1824 Τοιγαροῦν
2769 1752 2864 1806 καὶ
2897 1752 3061 1822 ἡμεῖς
3104 1747 3360 1801 τοσοῦτον
3393 1746 3616 1815 ἔχοντες
3654 1744 3908 1814 περικεί-

623 1840 743 1894 hem
769 1843 1010 1905 testium,
1042 1846 1370 1915 deponentes
1413 1860 1576 1902 omne
1621 1846 1831 1915 pondus
1860 1856 1914 1903 et
1964 1848 2194 1902 circum-

2307 1861 2469 1917 μενον
2529 1845 2663 1914 ἡμῖν
2724 1843 2888 1912 νέφος
2959 1839 3285 1911 μαρτύρων,
3335 1838 3500 1905 ὄγκον
3564 1836 3910 1905 ἀποθέμενοι

622 1941 771 1987 stans
820 1948 918 1989 nos
956 1946 1261 2005 peceatum,
1302 1952 1398 2007 per
1442 1938 1763 2009 patientiam
1816 1952 2101 1995 curramus
2133 1938 2201 1994 ad

620 2024 953 2089 propositum
978 2026 1134 2081 nobis
1163 2038 1462 2092 certamen,
1484 2027 1823 2099 aspicientes
1849 2029 1902 2084 in
1922 2038 2199 2083 auctorem

618 2107 742 2164 ﬁdei
803 2120 857 2166 et
921 2124 1413 2170 consummatorem
1489 2116 1673 2172 .lesum
1727 2118 2055 2182 Christum,
2107 2119 2197 2186 qui

617 2202 893 2269 proposito
926 2204 1027 2256 sibi
1070 2205 1267 2273 gaudio
1301 2206 1563 2261 sustinuit
1606 2221 1861 2272 crucem,.
1878 2206 2201 2263 confusione

616 2300 947 2363 contempta,
978 2305 1139 2364 atque
1184 2299 1235 2350 in
1277 2300 1499 2353 dextera
1558 2299 1705 2353 sedis
1754 2298 1848 2354 Dei
1893 2300 2047 2353 sedet
2080 2299 2142 2353 ".
2176 2319 2194 2351 ι

618 2381 675 2435 Si
707 2380 958 2440 Christus
989 2396 1079 2440 est
1104 2396 1308 2442 tantum
1352 2390 1535 2456 homo,
1566 2399 1620 2445 et
1667 2405 1771 2444 non
1826 2390 1965 2444 Deus
2015 2399 2199 2445 nostra

618 2487 781 2527 carne
810 2489 936 2529 vere
968 2476 1210 2542 indutus,
1235 2480 1506 2549 quodnam
1568 2480 1821 2549 gaudium
1864 2482 1965 2549 ipsi
2001 2495 2202 2550 propo-

616 2564 778 2620 situm
809 2566 942 2621 dicit
966 2572 1379 2639 ;:autquomodo
1402 2570 1467 2625 ad
1499 2571 2005 2642 divinzemajestatis
2021 2571 2202 2627 dexte-

617 2669 730 2710 ram
764 2660 1045 2715 consedit?
1067 2661 1229 2731 Atqui
1262 2664 1512 2733 gaudium
1538 2671 1654 2717 erat
1686 2664 1760 2718 illi
1799 2665 2136 2735 propositum
2168 2680 2184 2719 :

615 2750 878 2820 siquidem
903 2768 1159 2823 suprema
1197 2756 1270 2809 illi
1305 2766 1494 2809 natura
1560 2757 1611 2809 in
1676 2758 1955 2825 perpetuis
1990 2756 2200 2812 deliciis

619 2856 788 2913 usque
804 2852 1083 2899 versatur:
1110 2853 1160 2899 et
1193 2859 1441 2914 corpore,
1463 2847 1604 2913 quod
1637 2845 1881 2914 cruciﬁgi
1913 2846 2071 2914 112
2096 2861 2197 2915 po-

622 2945 782 3003 terat,
804 2949 1101 3007 assumpto.
1134 2953 1352 2993 crucem
1379 2938 1657 3005 sustinuit,
1680 2939 1967 3006 crucisque
1990 2938 2197 3007 suppli-

619 3027 758 3082 cium
794 3045 1103 3100 perpessus,
1130 3032 1238 3087 Deo
1256 3043 1307 3085 et
1338 3031 1486 3087 Patri
1537 3032 1756 3086 dextera
1795 3031 2014 3085 assedit.
2050 3030 2199 3087 Unus

614 3120 843 3195 proinde
895 3124 1155 3177 Dominus
1200 3122 1360 3178 Jesus
1408 3123 1680 3185 Christus,
1720 3122 2017 3177 crucifixus
2074 3122 2194 3191 qui-

2304 1940 2482 1994 πάντα
2530 1938 2629 1992 καὶ
2670 1937 2767 2007 τὴν
2798 1934 3191 2005 εὐπερίστατον
3237 1928 3541 2001 ἁμαρτίαν,
3588 1929 3659 1982 δι’
3696 1931 3909 1998 ὑπομο-

2302 2028 2399 2099 νῆς
2442 2027 2728 2099 τρέχωμεν
2762 2025 2851 2077 τὸν
2885 2021 3248 2094 προκείμενον
3296 2021 3431 2089 ἡμῖν
3496 2019 3703 2087 ἀγῶνα
3728 2062 3743 2081 ,
3807 2024 3911 2087 ἀφ-

2301 2118 2534 2189 ορῶντες
2565 2119 2645 2181 είς
2678 2118 2768 2170 τὸν
2786 2116 2885 2187 τῆς
2912 2115 3151 2177 πίστεως
3186 2106 3431 2182 ἀρχηλῖὸν
3465 2112 3561 2163 καὶ
3605 2111 3911 2183 τελειωτὴν

2313 2210 2522 2280 Ἰησοῦν
2572 2208 2841 2281 Χριστόνο
2881 2206 2939 2267 ὃς
2992 2206 3115 2258 ἀντὶ
3162 2204 3265 2275 τῆς
3315 2203 3706 2274 προκειμένης
3765 2205 3914 2273 αὐτῷ

2301 2306 2476 2375 χαρᾶς
2527 2302 2790 2373 ὑπέμεινε
2832 2301 3084 2372 σταυρὸν,
3123 2298 3389 2369 αἰσχύνης
3436 2301 3909 2367 καταφρονήσας.

2303 2399 2397 2451 καὶ
2435 2400 2493 2450 ὲν
2525 2395 2676 2467 δεξιᾷ
2728 2394 2822 2448 τοῦ
2860 2393 3050 2464 θρόνου
3089 2390 3189 2447 τοῦ
3235 2390 3372 2445 Θεοῦ
3420 2390 3759 2443 κεκάθικεν.
3788 2410 3808 2440 ι
3855 2392 3910 2442 ΕΞ

2302 2488 2480 2550 κοινὸς
2511 2487 2797 2556 ἄνθρωπος
2822 2488 2850 2537 6
2883 2483 3140 2555 Χριστὸς,
3178 2483 3272 2535 καὶ
3303 2483 3363 2533 οὐ
3396 2481 3531 2543 Θεὸς
3565 2480 3824 2548 ἀληθῶς,
3860 2483 3912 2532 ἐν

2304 2578 2470 2649 σαρκί
2511 2593 2572 2630 τε
2622 2574 2953 2646 καθ’ὴμᾶς,
2990 2574 3150 2626 ποίαν
3190 2572 3339 2642 αύτῷ
3392 2571 3735 2642 προκεῖσθαί
3782 2588 3915 2641 φησι

2301 2668 2401 2739 τὴν
2442 2668 2653 2739 χαράν;
2692 2666 2725 2737 ἢ
2768 2664 2888 2729 πῶς
2930 2663 3228 2719 κεκάθικεν
3267 2664 3326 2716 ἐν
3367 2663 3519 2733 δεξιᾷ
3564 2661 3665 2715 τοῦ
3716 2661 3913 2732 θρόνου

2299 2761 2394 2815 τοῦ
2428 2761 2597 2827 Θεοῦ;
2634 2757 2798 2812 Ἀλλά
2832 2757 2940 2829 μὴν
2980 2755 3274 2827 προῦκειτό
3308 2773 3368 2809 τε
3398 2753 3551 2824 αὐτῷ
3582 2756 3738 2825 χαρὰ
3801 2754 3914 2824 (καὶ

2300 2854 2409 2925 γάρ
2454 2854 2602 2906 ἐστιν
2662 2852 2723 2904 ὲν
2770 2848 3175 2919 ἀκαταλήκτοις
3217 2844 3512 2918 θυμηδίαις
3552 2847 3587 2915 ἡ
3640 2846 3913 2897 ἀνωτάτω

2301 2943 2507 3015 φύσις),
2536 2943 2794 3014 ὑπέμεινε
2823 2941 2881 2995 δὲ
2917 2939 3173 3012 σταυρὸν,
3204 2937 3266 2991 τὸ
3310 2934 3704 3007 σταυρωθῆναι
3751 2936 3909 2989 δυνάο

2303 3050 2461 3104 μενον
2498 3032 2627 3085 ἴδιον
2664 3029 3033 3102 ποιησάμενος
3080 3026 3269 3097 σῶμω
3302 3025 3396 3078 καὶ
3424 3023 3598 3086 αὐτὸς
3630 3024 3662 3075 6
3710 3026 3909 3077 ἐσταυ-

2304 3123 2550 3197 ρωμένος
2589 3122 2882 3177 κεκάθικεν
2912 3122 2971 3177 ἐν
3008 3117 3160 3189 δεξιᾷ
3186 3115 3280 3171 τοῦ
3319 3114 3457 3170 Θεοῦ
3488 3116 3590 3171 καὶ
3637 3117 3868 3189 Πατρός
3890 3159 3903 3174 .

618 3210 740 3265 dem
808 3222 867 3267 ut
943 3214 1127 3277 homo,
1195 3228 1317 3268 eum
1395 3211 1560 3267 Patre
1634 3228 1763 3267 vero
1832 3227 2066 3285 regnans
2140 3221 2194 3269 ul

2304 3191 2401 3280 Ἐῖς
2446 3215 2554 3284 ἄρα
2600 3214 2809 3286 Κύριος
2845 3210 3056 3283 Ἰησοῦς
3097 3209 3367 3281 Χριστὸς,
3417 3209 3779 3281 σταυρωθεὶς
3822 3210 3913 3280 μιν

622 3299 783 3357 Deus.

938 3416 1091 3483 Quod
1132 3435 1267 3471 unus
1311 3414 1486 3471 Filius
1524 3426 1571 3472 ει
1616 3415 1891 3476 Dominus.

852 3525 939 3584 Ex
978 3529 1262 3600 Evangelia
1302 3532 1589 3585 secundum
1633 3528 1968 3584 Matt/tantm.

690 3656 715 3695 ι
747 3638 940 3722 omnia
972 3644 1102 3698 mihi
1135 3643 1328 3697 tradita
1363 3652 1487 3699 sunt
1514 3658 1542 3697 a
1570 3642 1733 3697 Patre
1764 3658 1883 3698 meo
1910 3660 1925 3697 :
1956 3651 2011 3698 et
2040 3657 2206 3698 nemo

620 3734 767 3786 novit
796 3733 1017 3797 Filium,
1046 3736 1146 3789 nisi
1176 3735 1336 3789 Pater
1363 3752 1378 3787 :
1409 3750 1584 3799 neque
1615 3733 1831 3789 Patrem
1861 3735 1985 3805 quis
2015 3735 2196 3798 novit,

620 3820 719 3873 nisi
747 3819 932 3887 Filius,
958 3830 1013 3876 et
1040 3822 1123 3877 cui
1147 3822 1379 3877 voluerit
1406 3821 1575 3877 Filius
1607 3822 1868 3878 revelare.
1900 3842 1917 3873 ι
1951 3823 2008 3879 Si
2038 3839 2212 3880 nemo.

620 3907 818 3966 Filium
847 3913 1028 3981 novit,
1066 3914 1169 3969 nisi
1207 3914 1355 3969 solus
1390 3914 1591 3980 Pater;
1629 3916 1900 3984 quomodo
1937 3925 2065 3970 sunt
2104 3918 2195 3986 qui

620 4000 794 4057 l'atris
825 4006 1192 4060 testimonium
1226 4007 1386 4060 veluti
1422 4006 1693 4059 infirmum
1729 4005 2056 4073 repudiant?
2087 4006 2195 4062 Os-

619 4095 786 4146 tendit
828 4097 873 4151 is
910 4108 1087 4151 autem
1129 4096 1326 4151 Filium
1369 4114 1525 4151 suum
1570 4098 1620 4151 iu
1658 4097 1896 4153 Jordane
1933 4099 2033 4153 hac
2068 4114 2194 4154 ora-

616 4185 762 4239 tione
800 4202 815 4239 :
860 4205 879 4238 ι
922 4188 1049 4253 llic,
1086 4190 1293 4258 inquit,
1330 4200 1415 4244 est
1452 4188 1619 4244 Filius
1655 4205 1808 4243 meus
1845 4190 2105 4256 dilectus,
2141 4193 2196 4244 in

616 4289 720 4341 quo
762 4280 892 4333 mihi
936 4282 1073 4335 bene
1117 4282 1512 4353 complacui".
1561 4298 1581 4333 ι
1630 4281 1791 4351 Atqui
1836 4298 1941 4335 non
1988 4284 2191 4337 nudum

620 4366 851 4422 Verbum
894 4374 962 4425 oh
1005 4374 1199 4428 oculos
1238 4374 1393 4429 nobis
1438 4376 1649 4444 posuit,
1694 4374 1786 4427 sed
1832 4373 2191 4429 incarnatum.

615 4456 795 4530 Neque
824 4460 958 4515 dixit
990 4481 1003 4516 :
1035 4462 1089 4515 ln
1124 4463 1226 4517 hoc
1256 4474 1337 4518 est
1372 4464 1540 4520 Filius
1571 4480 1730 4519 meus
1756 4464 2014 4532 dilectus;
2047 4469 2140 4520 sed
2176 4485 2187 4521 :

2304 3310 2683 3381 ἀνθρωπίνως,
2711 3306 3048 3377 συνεδρεύων
3073 3303 3133 3357 δὲ
3163 3302 3360 3365 θεῖκῶς
3388 3301 3468 3372 τῷ
3499 3302 3713 3371 Πατρί.

2682 3421 2804 3475 Ὅτι
2832 3414 2919 3483 εἷς
2957 3417 3088 3481 Υἱὸς
3122 3415 3223 3471 καὶ
3267 3417 3511 3484 Κύριος.

2694 3534 2797 3586 Ἐκ
2838 3530 2945 3584 τοῦ
2985 3528 3151 3584 κατὰ
3172 3526 3501 3581 Ματθιιῖον.

2379 3664 2398 3697 ι
2442 3646 2626 3699 Πάντα
2660 3660 2751 3713 μοι
2780 3640 3055 3713 παρεδόθη
3099 3638 3206 3692 ὑπὸ
3231 3636 3329 3691 τοῦ
3361 3636 3585 3707 Πατρός
3628 3655 3740 3708 μου
3769 3655 3784 3671 ·
3822 3641 3912 3692 καὶ

2300 3739 2475 3801 οὖδεὶς
2507 3734 2764 3805 γινώσκει
2803 3732 2895 3786 τὸν
2931 3732 3079 3796 Υίὸν,
3114 3732 3162 3783 εί
3196 3730 3271 3802 μὴ
3302 3732 3330 3782 6
3359 3729 3557 3798 Πατήρ
3580 3746 3596 3760 ·
3637 3731 3768 3784 οὐδὲ
3814 3732 3901 3782 τὸν

2301 3828 2520 3897 Πατέρα
2551 3843 2635 3888 τις
2659 3820 2943 3893 γινώσκει,
2973 3821 3023 3873 εί
3056 3820 3131 3893 μὴ
3162 3820 3191 3872 6
3217 3817 3367 3883 Υίὸς,
3401 3820 3500 3873 καὶ
3524 3812 3572 3887 ᾧ
3616 3820 3688 3875 ἂν
3721 3821 3910 3892 βούλη.

2299 3938 2388 3973 ται
2421 3922 2449 3973 6
2488 3918 2618 3981 Υἱὸς
2660 3914 3032 3985 ἀποκαλύψαι.
3075 3932 3095 3966 ι
3129 3913 3357 3977 Οὐδενὸς
3406 3912 3793 3979 γινώσκοντος
3824 3913 3909 3964 τὸν

2298 4011 2448 4075 Υίὸν,
2481 4010 2527 4062 εἰ
2562 4008 2637 4080 μὴ
2679 4006 2845 4078 μόνου
2878 4004 2974 4059 τοῦ
3014 4004 3251 4076 Πατρὸς,
3298 4003 3416 4066 πῶς
3448 4003 3727 4069 άθετοῦσί
3769 4024 3908 4068 τινες

2298 4103 2398 4173 τὴν
2432 4101 2527 4155 τοῦ
2554 4100 2772 4171 Πατρὸς
2800 4095 3138 4169 μαρτυρίαν;
3185 4094 3467 4161 Ὑπέδειξε
3497 4094 3615 4166 γάρ
3654 4096 3753 4150 τὸν
3784 4096 3906 4149 ἴδιον

2299 4193 2429 4245 Υίὸν
2483 4192 2539 4241 ὲν
2571 4187 2649 4259 τῷ
2694 4187 2961 4259 Ἰορδάνῃ,
2991 4185 3167 4253 λέγων
3189 4200 3205 4217 ο
3238 4203 3257 4235 ι
3294 4180 3467 4245 Οὗτός
3504 4184 3665 4237 ἔστιν
3716 4189 3747 4239 6
3786 4187 3907 4249 Υἱός

2300 4300 2400 4353 μου
2434 4284 2461 4334 6
2492 4278 2796 4349 ἀγαπητὸς,
2838 4279 2896 4329 ὲν
2925 4270 2971 4344 ᾧ
3016 4276 3319 4346 ηὑδόκησα.
3352 4294 3370 4325 ι
3427 4274 3577 4327 Ἀλλ’
3602 4277 3669 4329 ού
3702 4280 3905 4350 γυμνὸν

2296 4374 2433 4440 ἡμῖν
2464 4365 2754 4438 παρέδειξε
2779 4368 2870 4419 τὸν
2895 4367 3027 4423 ἴδιον
3050 4366 3243 4433 Λόγον,
3271 4365 3385 4418 ἀλλ’
3409 4366 3697 4422 ἑνωθέντα
3723 4372 3901 4442 σαρκί.

2297 4462 2409 4515 Καὶ
2459 4459 2561 4511 οὐκ
2606 4456 2853 4526 είρηκεν,
2881 4456 2963 4507 ὅτι
2996 4455 3087 4507 Ἐν
3123 4453 3299 4525 τούτῳ
3332 4456 3482 4509 ἐστὶν
3508 4459 3559 4523 ςό
3599 4459 3739 4524 Υίός
3768 4481 3866 4533 μου
3888 4504 3899 4521 ,

614 4546 734 4615 llic,
761 4568 917 4620 «ptem
948 4567 1131 4605 coram
1160 4554 1382 4608 cernitis
1412 4556 1461 4607 in
1491 4570 1677 4624 carne,
1706 4566 1787 4611 est
1821 4556 1988 4611 Filius
2020 4574 2191 4612 meus.

2303 4550 2439 4614 ἀλλ’,
2481 4568 2498 4599 ι
2537 4542 2707 4609 Οὗτός
2744 4547 2912 4610 ἐστιν,
2951 4563 2967 4595 ι
3000 4546 3027 4597 6
3058 4544 3199 4615 μετά
3246 4547 3476 4617 σαρκός.
3512 4544 3616 4616 Εἷς
3652 4526 3779 4623 ἄρα..
3811 4558 3902 4607 καὶ

616 4636 763 4696 Unus
795 4644 973 4714 itaque
1006 4653 1087 4699 est
1120 4643 1380 4699 Dominus
1410 4655 1463 4698 et
1494 4644 1684 4700 Filius.

871 4759 955 4812 15:0
992 4759 1277 4829 Evangelia
1313 4761 1603 4813 secundum
1626 4761 1911 4817 Jnmmem.

686 4884 705 4916 ι
744 4867 869 4923 Erat
904 4870 993 4926 lux
1024 4886 1171 4936 vera,
1205 4885 1325 4941 quae
1359 4868 1629 4923 illuminat
1663 4885 1875 4925 omnem
1914 4871 2185 4927 hominem

610 4958 916 5015 venientem
964 4964 1017 5017 iu
1072 4966 1215 5019 htt'nc
1263 4962 1545 5019 mundum.
1593 4960 1651 5015 [tt
1704 4962 1905 5017 mundo
1950 4971 2090 5029 eral,
2135 4970 2192 5014 et

612 5055 840 5105 mundus
877 5070 972 5122 per
1006 5056 1177 5123 ipsum
1216 5057 1388 5112 factus
1420 5064 1523 5121 est,
1561 5063 1618 5110 et
1652 5054 1885 5108 mundus
1918 5067 2042 5108 eum
2080 5068 2187 5107 non

608 5146 876 5210 cognovit.
918 5146 973 5196 In
1011 5148 1223 5215 prOpria
1257 5150 1422 5214 venit,
1454 5160 1510 5205 et
1546 5148 1629 5203 sui
1665 5162 1789 5203 eum
1822 5160 1928 5200 non
1966 5159 2188 5214 recepe-

611 5250 735 5289 I'ttnt
767 5240 778 5267 '
814 5276 826 5289 .
854 5256 871 5289 ι
906 5236 1043 5292 Ecce
1078 5250 1332 5294 accurate
1354 5244 1420 5297 de
1443 5244 1637 5297 divinis
1672 5242 1966 5303 disserens,
2003 5246 2059 5295 et
2093 5253 2187 5307 per

610 5328 775 5379 lucem
805 5342 987 5380 veram
1018 5326 1306 5381 illuminari
1334 5344 1543 5384 omnem
1574 5333 1849 5387 hominem
1876 5329 2181 5384 venientem

608 5417 657 5467 in
686 5418 824 5469 hunc
849 5420 1103 5472 mundum
1127 5416 1423 5481 aﬂ'trmans,
1448 5419 1725 5487 ipsumque
1745 5437 1883 5486 esse,
1908 5436 2004 5491 per
2023 5434 2181 5489 quem

611 5510 840 5561 mundus
871 5518 953 5560 est
983 5510 1252 5571 conditus,
1303 5509 1445 5561 hunc
1474 5510 1717 5561 eumdem
1750 5513 1803 5563 in
1837 5512 2052 5579 propria
2085 5526 2177 5563 ve-

612 5598 753 5650 nisse
785 5601 1057 5663 praedicat.
1084 5599 1238 5653 Venit
1270 5608 1448 5653 autem
1482 5596 1798 5665 Unigenitus
1825 5602 1998 5653 factus
2025 5601 2185 5653 homo

688 5758 727 5784 "
752 5754 915 5807 llebt‘.
951 5766 1047 5817 xu,
1086 5755 1131 5813 l,
1163 5752 1213 5805 ἓ.
1296 5756 1336 5783 ¹³
1361 5754 1555 5806 Matth.
1594 5766 1671 5816 at,
1698 5742 1787 5801 ‘27.

1872 5755 1911 5780 '°
1941 5752 2105 5803 Matth
2154 5752 2317 5812 5,17.

2300 4642 2504 4712 Κύριος
2536 4638 2628 4693 καὶ
2658 4637 2806 4701 Υἱός.

2510 4752 2605 4805 Ἐκ
2643 4750 2747 4806 τοῦ
2775 4749 2927 4807 κατὰ
2968 4750 3247 4820 Ἰωάννην
3281 4754 3695 4822 Εῠαῃσελίου.

2372 4885 2390 4916 ι
2424 4859 2534 4917 Ἦν
2576 4862 2638 4918 τὸ
2665 4863 2782 4935 φῶς
2814 4864 2875 4919 τὸ
2919 4864 3194 4936 ἀληθινὸν,
3239 4865 3268 4916 ὃ
3298 4864 3533 4933 φωτίζει
3579 4868 3768 4919 πάντα
3810 4871 3898 4921 άν-

2295 4959 2512 5031 θρωπον
2548 4958 2843 5032 ἐρχόμενον
2871 4961 2950 5023 είς
2971 4960 3064 5012 τὸν
3089 4959 3315 5028 κόσμον.
3358 4957 3449 5008 Ἐν
3477 4956 3560 5026 τῷ
3592 4960 3794 5030 κόσμῳ
3813 4957 3897 5032 ἦν,

2294 5053 2388 5104 καὶ
2417 5054 2444 5104 6
2468 5051 2669 5123 κόσμος
2691 5052 2757 5105 δι’
2787 5050 2952 5106 αὐτοῦ
2998 5050 3236 5116 ἐγένετο.
3263 5046 3357 5099 καὶ
3400 5048 3427 5100 6
3476 5049 3694 5122 κόσμος
3737 5055 3898 5107 αὑτὸν

2294 5144 2392 5197 οὐκ
2421 5143 2579 5211 ἔγνω.
2607 5145 2700 5207 Είς
2720 5143 2788 5197 τά
2814 5143 2918 5195 ἴδια
2942 5137 3095 5210 ἦλθε,
3118 5139 3212 5191 καὶ
3226 5140 3276 5191 οί
3301 5138 3423 5191 ἴδιοι
3451 5141 3625 5195 αὐτὸν
3656 5146 3719 5198 οὐ
3751 5163 3896 5217 παρ·

2296 5237 2503 5295 έλαὸον.
2542 5256 2560 5290 ι
2620 5236 2965 5304 Θεολογήσας
2988 5232 3328 5302 ἀρκούντως,
3353 5234 3445 5286 καὶ
3468 5234 3562 5289 διὰ
3591 5238 3691 5291 τοῦ
3721 5241 3897 5307 φωτὸς

2292 5326 2385 5379 τοῦ
2416 5326 2669 5397 ἀληθινοῦ
2694 5321 3036 5394 πεφωτίσθαι
3067 5322 3246 5375 πάντα
3278 5322 3571 5393 ἄνθρωπον
3595 5330 3895 5399 ἐρχόμενςλ

2294 5421 2372 5481 εἰς
2401 5419 2492 5470 τὸν
2538 5419 2741 5487 κόσμον
2766 5414 2963 5476 εἰπὼν,
2994 5413 3089 5465 καὶ
3118 5412 3185 5465 δι’
3230 5414 3395 5466 αὐτοῦ
3438 5417 3606 5469 αὑτὸν
3660 5422 3891 5489 πεποιῆ-

2296 5506 2417 5558 σθαι
2471 5507 2562 5557 τὸν
2590 5506 2815 5573 κόσμον,
2854 5505 2933 5562 εἰς
2982 5504 3052 5552 τὰ
3101 5502 3209 5553 ἵδιὰ
3246 5520 3413 5571 φησιν
3461 5506 3633 5557 αὑτὸν
3694 5508 3887 5560 ἐλθεῖν.

2295 5594 2463 5649 Ἠ).οε
2501 5596 2558 5647 δὲ
2599 5593 2835 5660 γεγονὼς
2878 5591 3163 5659 civ/Optima;
3208 5595 3235 5643 ὁ
3284 5595 3599 5663 MIy/6191i};
3639 5597 3717 5656 ὡς
3760 5598 3891 5664 πρὸς

2404 5753 2441 5779 ”
2468 5750 2618 5800 ΜΛΝ,
2663 5764 2697 5808 1,
2724 5750 2774 5808 9,
2817 5744 2897 5797 10.
