  <div class='ocr_page' id='page_1' title='image "/cluster/home/n/w/nwhite01/storage/ocr_20150623/76/ien.35556001661040/668.png"; bbox 0 0 4040 6486; ppageno 0'>
   <div class='ocr_carea' id='block_1_1' title="bbox 171 407 289 463">
    <p class='ocr_par' dir='ltr' id='par_1_1' title="bbox 171 407 289 463">
     <span class='ocr_line' id='line_1_1' title="bbox 171 407 289 463; baseline 0.017 -3"><span class='ocrx_word' id='word_1_1' title='bbox 171 407 289 463; x_wconf 71' lang='grc' dir='ltr'><strong>Γόιό</strong></span> 
     </span>
    </p>
   </div>
   <div class='ocr_carea' id='block_1_2' title="bbox 1233 407 2274 469">
    <p class='ocr_par' dir='ltr' id='par_1_2' title="bbox 1233 407 2274 469">
     <span class='ocr_line' id='line_1_2' title="bbox 1233 407 2274 469; baseline 0.001 -4"><span class='ocrx_word' id='word_1_2' title='bbox 1233 410 1320 466; x_wconf 83' lang='lat' dir='ltr'><strong>DE</strong></span> <span class='ocrx_word' id='word_1_3' title='bbox 1357 408 1585 466; x_wconf 79' lang='lat' dir='ltr'><strong>RECTA</strong></span> <span class='ocrx_word' id='word_1_4' title='bbox 1629 407 1787 465; x_wconf 81' lang='lat' dir='ltr'><strong>FIDE</strong></span> <span class='ocrx_word' id='word_1_5' title='bbox 1822 410 1913 467; x_wconf 82' lang='lat' dir='ltr'><strong>AD</strong></span> <span class='ocrx_word' id='word_1_6' title='bbox 1953 410 2274 469; x_wconf 80' lang='lat' dir='ltr'><strong>REGINAS.</strong></span> 
     </span>
    </p>
   </div>
   <div class='ocr_carea' id='block_1_3' title="bbox 3283 420 3422 476">
    <p class='ocr_par' dir='ltr' id='par_1_3' title="bbox 3283 420 3422 476">
     <span class='ocr_line' id='line_1_3' title="bbox 3283 420 3422 476; baseline -0.007 0"><span class='ocrx_word' id='word_1_7' title='bbox 3283 420 3422 476; x_wconf 75' lang='grc'><strong>1514</strong></span> 
     </span>
    </p>
   </div>
   <div class='ocr_carea' id='block_1_4' title="bbox 170 525 1727 607">
    <p class='ocr_par' dir='ltr' id='par_1_4' title="bbox 170 525 1724 599">
     <span class='ocr_line' id='line_1_4' title="bbox 170 525 1724 599; baseline -0.001 -20"><span class='ocrx_word' id='word_1_8' title='bbox 170 526 328 587; x_wconf 75' lang='grc' dir='ltr'>ἰδίους,</span> <span class='ocrx_word' id='word_1_9' title='bbox 377 526 469 580; x_wconf 67' lang='grc' dir='ltr'>καὶ</span> <span class='ocrx_word' id='word_1_10' title='bbox 528 530 634 599; x_wconf 80' lang='grc' dir='ltr'><strong>πρό</strong></span> <span class='ocrx_word' id='word_1_11' title='bbox 697 548 753 599; x_wconf 82' lang='grc' dir='ltr'><strong>γε</strong></span> <span class='ocrx_word' id='word_1_12' title='bbox 817 530 925 583; x_wconf 78' lang='grc' dir='ltr'>τῶν</span> <span class='ocrx_word' id='word_1_13' title='bbox 982 526 1157 581; x_wconf 76' lang='grc' dir='ltr'>ἄλλων</span> <span class='ocrx_word' id='word_1_14' title='bbox 1196 528 1322 591; x_wconf 83' lang='grc' dir='ltr'>τοὺς</span> <span class='ocrx_word' id='word_1_15' title='bbox 1375 525 1435 595; x_wconf 78' lang='grc' dir='ltr'>ἐξ</span> <span class='ocrx_word' id='word_1_16' title='bbox 1490 526 1724 596; x_wconf 78' lang='grc' dir='ltr'>αἵματος</span> 
     </span>
    </p>
   </div>
   <div class='ocr_carea' id='block_1_5' title="bbox 1837 525 3420 607">
    <p class='ocr_par' dir='ltr' id='par_1_5' title="bbox 1837 528 3420 607">
     <span class='ocr_line' id='line_1_5' title="bbox 1837 528 3420 607; baseline 0.008 -27"><span class='ocrx_word' id='word_1_17' title='bbox 1837 536 2090 599; x_wconf 88' lang='lat' dir='ltr'><strong>tanquam</strong></span> <span class='ocrx_word' id='word_1_18' title='bbox 2123 528 2191 584; x_wconf 89' lang='lat' dir='ltr'><strong>ad</strong></span> <span class='ocrx_word' id='word_1_19' title='bbox 2220 544 2374 597; x_wconf 88' lang='lat' dir='ltr'><strong>suos,</strong></span> <span class='ocrx_word' id='word_1_20' title='bbox 2400 536 2457 586; x_wconf 88' lang='lat' dir='ltr'><strong>et</strong></span> <span class='ocrx_word' id='word_1_21' title='bbox 2487 530 2758 600; x_wconf 68' lang='lat' dir='ltr'><strong>praecipue</strong></span> <span class='ocrx_word' id='word_1_22' title='bbox 2789 531 2856 587; x_wconf 89' lang='lat' dir='ltr'><strong>ad</strong></span> <span class='ocrx_word' id='word_1_23' title='bbox 2889 533 3170 591; x_wconf 86' lang='lat' dir='ltr'><strong>lsraelitici</strong></span> <span class='ocrx_word' id='word_1_24' title='bbox 3203 541 3420 607; x_wconf 73' lang='lat' dir='ltr'><strong>sangui~</strong></span> 
     </span>
    </p>
   </div>
   <div class='ocr_carea' id='block_1_6' title="bbox 176 616 1723 691">
    <p class='ocr_par' dir='ltr' id='par_1_6' title="bbox 176 616 1723 691">
     <span class='ocr_line' id='line_1_6' title="bbox 176 616 1723 691; baseline 0.002 -23"><span class='ocrx_word' id='word_1_25' title='bbox 176 618 207 668; x_wconf 92' lang='grc' dir='ltr'><strong>Ἰ</strong></span> <span class='ocrx_word' id='word_1_26' title='bbox 226 616 385 688; x_wconf 72' lang='grc' dir='ltr'>τραήλ.</span> <span class='ocrx_word' id='word_1_27' title='bbox 421 619 549 672; x_wconf 86' lang='grc' dir='ltr'><strong>Ὅτε</strong></span> <span class='ocrx_word' id='word_1_28' title='bbox 584 620 764 674; x_wconf 73' lang='grc' dir='ltr'>τοίνυν</span> <span class='ocrx_word' id='word_1_29' title='bbox 790 622 952 684; x_wconf 75' lang='grc' dir='ltr'>αὐτός</span> <span class='ocrx_word' id='word_1_30' title='bbox 978 622 1096 673; x_wconf 88' lang='grc' dir='ltr'>ἐστι</span> <span class='ocrx_word' id='word_1_31' title='bbox 1128 620 1189 673; x_wconf 79' lang='grc' dir='ltr'>τὸ</span> <span class='ocrx_word' id='word_1_32' title='bbox 1213 620 1328 687; x_wconf 79' lang='grc' dir='ltr'>φῶς</span> <span class='ocrx_word' id='word_1_33' title='bbox 1358 619 1420 672; x_wconf 86' lang='grc' dir='ltr'>τδ</span> <span class='ocrx_word' id='word_1_34' title='bbox 1443 618 1723 691; x_wconf 81' lang='grc' dir='ltr'>ἀληθινὸν,</span> 
     </span>
    </p>
   </div>
   <div class='ocr_carea' id='block_1_7' title="bbox 165 703 1727 781">
    <p class='ocr_par' dir='ltr' id='par_1_7' title="bbox 165 703 1727 781">
     <span class='ocr_line' id='line_1_7' title="bbox 165 703 1727 781; baseline 0.003 -23"><span class='ocrx_word' id='word_1_35' title='bbox 165 708 191 758; x_wconf 86' lang='grc' dir='ltr'><strong>ό</strong></span> <span class='ocrx_word' id='word_1_36' title='bbox 225 706 281 759; x_wconf 81' lang='grc' dir='ltr'>δι’</span> <span class='ocrx_word' id='word_1_37' title='bbox 305 703 357 762; x_wconf 79' lang='grc' dir='ltr'><strong>οὗ</strong></span> <span class='ocrx_word' id='word_1_38' title='bbox 388 709 454 763; x_wconf 70' lang='grc' dir='ltr'><strong>τὰ</strong></span> <span class='ocrx_word' id='word_1_39' title='bbox 504 710 682 765; x_wconf 80' lang='grc' dir='ltr'>πάντα</span> <span class='ocrx_word' id='word_1_40' title='bbox 723 712 842 781; x_wconf 78' lang='grc' dir='ltr'>(καὶ</span> <span class='ocrx_word' id='word_1_41' title='bbox 875 711 1035 773; x_wconf 79' lang='grc' dir='ltr'>αὑτός</span> <span class='ocrx_word' id='word_1_42' title='bbox 1080 712 1229 763; x_wconf 88' lang='grc' dir='ltr'>ἐστιν</span> <span class='ocrx_word' id='word_1_43' title='bbox 1274 711 1305 761; x_wconf 85' lang='grc' dir='ltr'>ὁ</span> <span class='ocrx_word' id='word_1_44' title='bbox 1341 708 1482 780; x_wconf 74' lang='grc' dir='ltr'>μετὰ</span> <span class='ocrx_word' id='word_1_45' title='bbox 1523 708 1727 781; x_wconf 73' lang='grc' dir='ltr'>σαρκὸς</span> 
     </span>
    </p>
   </div>
   <div class='ocr_carea' id='block_1_8' title="bbox 159 798 1726 871">
    <p class='ocr_par' dir='ltr' id='par_1_8' title="bbox 159 798 1726 871">
     <span class='ocr_line' id='line_1_8' title="bbox 159 798 1726 871; baseline 0.003 -22"><span class='ocrx_word' id='word_1_46' title='bbox 159 798 311 851; x_wconf 75' lang='grc' dir='ltr'>ἐλθὼν</span> <span class='ocrx_word' id='word_1_47' title='bbox 344 802 419 864; x_wconf 88' lang='grc' dir='ltr'><strong>εἰς</strong></span> <span class='ocrx_word' id='word_1_48' title='bbox 456 802 527 855; x_wconf 72' lang='grc' dir='ltr'><strong>τὰ</strong></span> <span class='ocrx_word' id='word_1_49' title='bbox 558 800 663 855; x_wconf 71' lang='grc' dir='ltr'>ἴδια</span> <span class='ocrx_word' id='word_1_50' title='bbox 683 819 695 831; x_wconf 71' lang='grc' dir='ltr'><strong><em>ο</em></strong></span> <span class='ocrx_word' id='word_1_51' title='bbox 727 804 843 867; x_wconf 83' lang='grc' dir='ltr'>πῶς</span> <span class='ocrx_word' id='word_1_52' title='bbox 888 804 986 856; x_wconf 81' lang='grc' dir='ltr'>οὐκ</span> <span class='ocrx_word' id='word_1_53' title='bbox 1020 802 1319 869; x_wconf 82' lang='grc' dir='ltr'>ἀναγκαῖον</span> <span class='ocrx_word' id='word_1_54' title='bbox 1361 798 1457 853; x_wconf 74' lang='grc' dir='ltr'>ἕνα</span> <span class='ocrx_word' id='word_1_55' title='bbox 1488 799 1726 871; x_wconf 80' lang='grc' dir='ltr'>Χριστὸν</span> 
     </span>
    </p>
   </div>
   <div class='ocr_carea' id='block_1_9' title="bbox 160 893 739 963">
    <p class='ocr_par' dir='ltr' id='par_1_9' title="bbox 160 893 739 963">
     <span class='ocr_line' id='line_1_9' title="bbox 160 893 739 963; baseline 0.003 -18"><span class='ocrx_word' id='word_1_56' title='bbox 160 894 244 945; x_wconf 75' lang='grc' dir='ltr'>καὶ</span> <span class='ocrx_word' id='word_1_57' title='bbox 275 894 384 947; x_wconf 68' lang='grc' dir='ltr'><strong>Υἰδν</strong></span> <span class='ocrx_word' id='word_1_58' title='bbox 414 893 702 963; x_wconf 78' lang='grc' dir='ltr'><strong>ὁμολογεῖν</strong></span> <span class='ocrx_word' id='word_1_59' title='bbox 724 910 739 958; x_wconf 89' lang='grc'>;</span> 
     </span>
    </p>
   </div>
   <div class='ocr_carea' id='block_1_10' title="bbox 231 983 1726 1056">
    <p class='ocr_par' dir='ltr' id='par_1_10' title="bbox 231 983 1726 1056">
     <span class='ocr_line' id='line_1_10' title="bbox 231 983 1726 1056; baseline 0.001 -20"><span class='ocrx_word' id='word_1_60' title='bbox 231 1005 245 1036; x_wconf 83' lang='grc' dir='ltr'><strong>ι</strong></span> <span class='ocrx_word' id='word_1_61' title='bbox 292 988 390 1040; x_wconf 79' lang='grc' dir='ltr'><strong>Καὶ</strong></span> <span class='ocrx_word' id='word_1_62' title='bbox 432 988 459 1039; x_wconf 82' lang='grc' dir='ltr'><strong>ό</strong></span> <span class='ocrx_word' id='word_1_63' title='bbox 484 987 657 1055; x_wconf 80' lang='grc' dir='ltr'>Λόγος</span> <span class='ocrx_word' id='word_1_64' title='bbox 704 984 843 1054; x_wconf 81' lang='grc' dir='ltr'>σὰρξ</span> <span class='ocrx_word' id='word_1_65' title='bbox 894 986 1135 1055; x_wconf 82' lang='grc' dir='ltr'>ἐγένετο,</span> <span class='ocrx_word' id='word_1_66' title='bbox 1178 983 1275 1037; x_wconf 75' lang='grc' dir='ltr'>καὶ</span> <span class='ocrx_word' id='word_1_67' title='bbox 1320 984 1632 1056; x_wconf 75' lang='grc' dir='ltr'><strong>ἐσκήνωσεν</strong></span> <span class='ocrx_word' id='word_1_68' title='bbox 1668 986 1726 1038; x_wconf 81' lang='grc' dir='ltr'>ὲν</span> 
     </span>
    </p>
   </div>
   <div class='ocr_carea' id='block_1_11' title="bbox 162 1076 1725 1152">
    <p class='ocr_par' dir='ltr' id='par_1_11' title="bbox 162 1076 1725 1152">
     <span class='ocr_line' id='line_1_11' title="bbox 162 1076 1725 1152; baseline -0.001 -20"><span class='ocrx_word' id='word_1_69' title='bbox 162 1081 301 1149; x_wconf 73' lang='grc' dir='ltr'>ἡμῖν,</span> <span class='ocrx_word' id='word_1_70' title='bbox 341 1080 431 1132; x_wconf 68' lang='grc' dir='ltr'>καὶ</span> <span class='ocrx_word' id='word_1_71' title='bbox 464 1078 813 1152; x_wconf 76' lang='grc' dir='ltr'><strong>ἐθεασάμεθα</strong></span> <span class='ocrx_word' id='word_1_72' title='bbox 850 1080 949 1150; x_wconf 83' lang='grc' dir='ltr'>τὴν</span> <span class='ocrx_word' id='word_1_73' title='bbox 1003 1078 1160 1144; x_wconf 83' lang='grc' dir='ltr'>δόξαν</span> <span class='ocrx_word' id='word_1_74' title='bbox 1215 1076 1403 1141; x_wconf 81' lang='grc' dir='ltr'>αὑτοῦ,</span> <span class='ocrx_word' id='word_1_75' title='bbox 1445 1076 1604 1143; x_wconf 81' lang='grc' dir='ltr'>δόξαν</span> <span class='ocrx_word' id='word_1_76' title='bbox 1640 1077 1725 1141; x_wconf 72' lang='grc' dir='ltr'><strong>ιὼς</strong></span> 
     </span>
    </p>
   </div>
   <div class='ocr_carea' id='block_1_12' title="bbox 162 1169 1726 1243">
    <p class='ocr_par' dir='ltr' id='par_1_12' title="bbox 162 1169 1726 1243">
     <span class='ocr_line' id='line_1_12' title="bbox 162 1169 1726 1243; baseline -0.001 -19"><span class='ocrx_word' id='word_1_77' title='bbox 162 1170 475 1238; x_wconf 84' lang='grc' dir='ltr'>Μονογενοῦς</span> <span class='ocrx_word' id='word_1_78' title='bbox 506 1171 656 1243; x_wconf 76' lang='grc' dir='ltr'>παρὰ</span> <span class='ocrx_word' id='word_1_79' title='bbox 694 1170 934 1242; x_wconf 80' lang='grc' dir='ltr'>Πατρὺς)</span> <span class='ocrx_word' id='word_1_80' title='bbox 971 1172 1185 1242; x_wconf 79' lang='grc' dir='ltr'><strong>πλήρης</strong></span> <span class='ocrx_word' id='word_1_81' title='bbox 1212 1170 1438 1243; x_wconf 78' lang='grc' dir='ltr'>χάριτος</span> <span class='ocrx_word' id='word_1_82' title='bbox 1463 1170 1559 1223; x_wconf 72' lang='grc' dir='ltr'>καὶ</span> <span class='ocrx_word' id='word_1_83' title='bbox 1592 1169 1726 1240; x_wconf 81' lang='grc' dir='ltr'><strong>ἀλη-</strong></span> 
     </span>
    </p>
   </div>
   <div class='ocr_carea' id='block_1_13' title="bbox 154 1260 1723 1334">
    <p class='ocr_par' dir='ltr' id='par_1_13' title="bbox 154 1260 1723 1334">
     <span class='ocr_line' id='line_1_13' title="bbox 154 1260 1723 1334; baseline -0.001 -21"><span class='ocrx_word' id='word_1_84' title='bbox 154 1262 309 1324; x_wconf 83' lang='grc' dir='ltr'>θείας.</span> <span class='ocrx_word' id='word_1_85' title='bbox 346 1281 361 1313; x_wconf 83' lang='grc' dir='ltr'><strong>ι</strong></span> <span class='ocrx_word' id='word_1_86' title='bbox 400 1262 463 1315; x_wconf 83' lang='lat' dir='ltr'><strong>El.</strong></span> <span class='ocrx_word' id='word_1_87' title='bbox 495 1262 689 1332; x_wconf 86' lang='grc' dir='ltr'>γέγονε</span> <span class='ocrx_word' id='word_1_88' title='bbox 720 1262 858 1334; x_wconf 79' lang='grc' dir='ltr'>σὰρξ</span> <span class='ocrx_word' id='word_1_89' title='bbox 878 1263 908 1315; x_wconf 86' lang='grc' dir='ltr'>ὁ</span> <span class='ocrx_word' id='word_1_90' title='bbox 938 1264 1132 1332; x_wconf 90' lang='grc' dir='ltr'>Λόγος,</span> <span class='ocrx_word' id='word_1_91' title='bbox 1156 1263 1405 1317; x_wconf 78' lang='grc' dir='ltr'><strong>τουτέστι</strong></span> <span class='ocrx_word' id='word_1_92' title='bbox 1428 1260 1723 1332; x_wconf 81' lang='grc' dir='ltr'>παραπλη-</span> 
     </span>
    </p>
   </div>
   <div class='ocr_carea' id='block_1_14' title="bbox 154 1354 1728 1428">
    <p class='ocr_par' dir='ltr' id='par_1_14' title="bbox 154 1354 1728 1428">
     <span class='ocr_line' id='line_1_14' title="bbox 154 1354 1728 1428; baseline 0.001 -23"><span class='ocrx_word' id='word_1_93' title='bbox 154 1355 273 1416; x_wconf 79' lang='grc' dir='ltr'>σίως</span> <span class='ocrx_word' id='word_1_94' title='bbox 302 1355 423 1423; x_wconf 76' lang='grc' dir='ltr'>ἡμῖν</span> <span class='ocrx_word' id='word_1_95' title='bbox 468 1354 733 1425; x_wconf 82' lang='grc' dir='ltr'><strong>μετέσχεν</strong></span> <span class='ocrx_word' id='word_1_96' title='bbox 771 1354 1006 1425; x_wconf 83' lang='grc' dir='ltr'>αἵματος</span> <span class='ocrx_word' id='word_1_97' title='bbox 1035 1356 1130 1409; x_wconf 74' lang='grc' dir='ltr'>καὶ</span> <span class='ocrx_word' id='word_1_98' title='bbox 1179 1355 1402 1428; x_wconf 80' lang='grc' dir='ltr'>σαρκὸς,</span> <span class='ocrx_word' id='word_1_99' title='bbox 1433 1356 1526 1409; x_wconf 69' lang='grc' dir='ltr'>καὶ</span> <span class='ocrx_word' id='word_1_100' title='bbox 1560 1356 1728 1426; x_wconf 81' lang='grc' dir='ltr'><strong>σπέρ⁴</strong></span> 
     </span>
    </p>
   </div>
   <div class='ocr_carea' id='block_1_15' title="bbox 154 1446 1727 1519">
    <p class='ocr_par' dir='ltr' id='par_1_15' title="bbox 154 1446 1727 1519">
     <span class='ocr_line' id='line_1_15' title="bbox 154 1446 1727 1519; baseline 0.001 -22"><span class='ocrx_word' id='word_1_101' title='bbox 154 1464 310 1515; x_wconf 81' lang='grc' dir='ltr'><strong>ματος</strong></span> <span class='ocrx_word' id='word_1_102' title='bbox 340 1446 586 1519; x_wconf 76' lang='grc' dir='ltr'>Ἀϐραὰμ</span> <span class='ocrx_word' id='word_1_103' title='bbox 611 1446 937 1512; x_wconf 76' lang='grc' dir='ltr'>ἐπελάϐετο,</span> <span class='ocrx_word' id='word_1_104' title='bbox 962 1448 1049 1500; x_wconf 80' lang='grc' dir='ltr'>ἵνα</span> <span class='ocrx_word' id='word_1_105' title='bbox 1073 1447 1215 1501; x_wconf 84' lang='grc' dir='ltr'>κατὰ</span> <span class='ocrx_word' id='word_1_106' title='bbox 1241 1447 1424 1501; x_wconf 83' lang='grc' dir='ltr'>πάντα</span> <span class='ocrx_word' id='word_1_107' title='bbox 1445 1450 1558 1511; x_wconf 85' lang='grc' dir='ltr'>τοῖς</span> <span class='ocrx_word' id='word_1_108' title='bbox 1581 1447 1727 1500; x_wconf 79' lang='grc' dir='ltr'>ἀδελ·</span> 
     </span>
    </p>
   </div>
   <div class='ocr_carea' id='block_1_16' title="bbox 153 1538 1727 1611">
    <p class='ocr_par' dir='ltr' id='par_1_16' title="bbox 153 1538 1727 1611">
     <span class='ocr_line' id='line_1_16' title="bbox 153 1538 1727 1611; baseline 0 -19"><span class='ocrx_word' id='word_1_109' title='bbox 153 1543 264 1608; x_wconf 68' lang='grc' dir='ltr'>φοῖς</span> <span class='ocrx_word' id='word_1_110' title='bbox 304 1539 535 1611; x_wconf 74' lang='grc' dir='ltr'>ὁμοιωοῇ</span> <span class='ocrx_word' id='word_1_111' title='bbox 558 1554 571 1567; x_wconf 83' lang='lat'><strong><em>°</em></strong></span> <span class='ocrx_word' id='word_1_112' title='bbox 608 1539 725 1603; x_wconf 86' lang='grc' dir='ltr'>πῶς</span> <span class='ocrx_word' id='word_1_113' title='bbox 759 1538 826 1594; x_wconf 81' lang='grc' dir='ltr'>ἂν</span> <span class='ocrx_word' id='word_1_114' title='bbox 872 1539 1167 1593; x_wconf 80' lang='grc' dir='ltr'>ἐνδοιάσειέ</span> <span class='ocrx_word' id='word_1_115' title='bbox 1198 1556 1285 1603; x_wconf 87' lang='grc' dir='ltr'><strong>τις</strong></span> <span class='ocrx_word' id='word_1_116' title='bbox 1330 1539 1415 1593; x_wconf 85' lang='grc' dir='ltr'>ὅτι</span> <span class='ocrx_word' id='word_1_117' title='bbox 1445 1540 1727 1611; x_wconf 78' lang='grc' dir='ltr'>μεμένηκε</span> 
     </span>
    </p>
   </div>
   <div class='ocr_carea' id='block_1_17' title="bbox 150 1630 1726 1708">
    <p class='ocr_par' dir='ltr' id='par_1_17' title="bbox 150 1630 1726 1708">
     <span class='ocr_line' id='line_1_17' title="bbox 150 1630 1726 1708; baseline -0.001 -21"><span class='ocrx_word' id='word_1_118' title='bbox 150 1633 327 1701; x_wconf 71' lang='grc' dir='ltr'>Λόγος,</span> <span class='ocrx_word' id='word_1_119' title='bbox 355 1631 447 1684; x_wconf 82' lang='grc' dir='ltr'>καὶ</span> <span class='ocrx_word' id='word_1_120' title='bbox 484 1631 622 1702; x_wconf 82' lang='grc' dir='ltr'>σὰρξ</span> <span class='ocrx_word' id='word_1_121' title='bbox 653 1630 928 1701; x_wconf 78' lang='grc' dir='ltr'>γεγονώςς</span> <span class='ocrx_word' id='word_1_122' title='bbox 964 1633 1270 1703; x_wconf 70' lang='grc' dir='ltr'>’Δτρεπτος</span> <span class='ocrx_word' id='word_1_123' title='bbox 1292 1631 1463 1708; x_wconf 71' lang='grc' dir='ltr'><strong>γὰρὴ</strong></span> <span class='ocrx_word' id='word_1_124' title='bbox 1492 1632 1585 1685; x_wconf 83' lang='grc' dir='ltr'><strong>τοῦ</strong></span> <span class='ocrx_word' id='word_1_125' title='bbox 1620 1631 1726 1686; x_wconf 82' lang='grc' dir='ltr'>Λό·</span> 
     </span>
    </p>
   </div>
   <div class='ocr_carea' id='block_1_18' title="bbox 148 1723 1728 1795">
    <p class='ocr_par' dir='ltr' id='par_1_18' title="bbox 148 1723 1728 1795">
     <span class='ocr_line' id='line_1_18' title="bbox 148 1723 1728 1795; baseline 0 -19"><span class='ocrx_word' id='word_1_126' title='bbox 148 1742 241 1792; x_wconf 78' lang='grc' dir='ltr'><strong>γον</strong></span> <span class='ocrx_word' id='word_1_127' title='bbox 268 1724 441 1791; x_wconf 79' lang='grc' dir='ltr'>φύσις.</span> <span class='ocrx_word' id='word_1_128' title='bbox 474 1725 585 1777; x_wconf 70' lang='grc' dir='ltr'><strong>Καὶ</strong></span> <span class='ocrx_word' id='word_1_129' title='bbox 620 1725 666 1776; x_wconf 88' lang='grc' dir='ltr'><strong>εἰ</strong></span> <span class='ocrx_word' id='word_1_130' title='bbox 701 1724 1114 1795; x_wconf 69' lang='grc' dir='ltr'>κεχρημάτικεν</span> <span class='ocrx_word' id='word_1_131' title='bbox 1146 1724 1303 1795; x_wconf 77' lang='grc' dir='ltr'>ἡμῶν</span> <span class='ocrx_word' id='word_1_132' title='bbox 1333 1724 1583 1793; x_wconf 70' lang='grc' dir='ltr'>ἀδελφὸς,</span> <span class='ocrx_word' id='word_1_133' title='bbox 1610 1723 1728 1788; x_wconf 84' lang='grc' dir='ltr'><strong>πῶς</strong></span> 
     </span>
    </p>
   </div>
   <div class='ocr_carea' id='block_1_19' title="bbox 146 1815 1725 1886">
    <p class='ocr_par' dir='ltr' id='par_1_19' title="bbox 146 1815 1725 1886">
     <span class='ocr_line' id='line_1_19' title="bbox 146 1815 1725 1886; baseline 0 -17"><span class='ocrx_word' id='word_1_134' title='bbox 146 1815 471 1883; x_wconf 80' lang='grc' dir='ltr'>Μονογενοῦς</span> <span class='ocrx_word' id='word_1_135' title='bbox 502 1815 615 1886; x_wconf 76' lang='grc' dir='ltr'>ἔχει</span> <span class='ocrx_word' id='word_1_136' title='bbox 653 1816 846 1883; x_wconf 75' lang='grc' dir='ltr'>δόξανς</span> <span class='ocrx_word' id='word_1_137' title='bbox 885 1816 1094 1870; x_wconf 77' lang='grc' dir='ltr'>Οὐκοῦν</span> <span class='ocrx_word' id='word_1_138' title='bbox 1118 1817 1220 1870; x_wconf 81' lang='grc' dir='ltr'>κᾶν</span> <span class='ocrx_word' id='word_1_139' title='bbox 1256 1817 1305 1870; x_wconf 86' lang='grc' dir='ltr'><strong>εἰ</strong></span> <span class='ocrx_word' id='word_1_140' title='bbox 1338 1816 1530 1885; x_wconf 79' lang='grc' dir='ltr'>γέγονε</span> <span class='ocrx_word' id='word_1_141' title='bbox 1568 1816 1725 1885; x_wconf 74' lang='grc' dir='ltr'>σὰρξ,</span> 
     </span>
    </p>
   </div>
   <div class='ocr_carea' id='block_1_20' title="bbox 1829 620 3423 700">
    <p class='ocr_par' dir='ltr' id='par_1_20' title="bbox 1829 620 3423 700">
     <span class='ocr_line' id='line_1_20' title="bbox 1829 620 3423 700; baseline 0.006 -26"><span class='ocrx_word' id='word_1_142' title='bbox 1829 621 1915 676; x_wconf 88' lang='lat' dir='ltr'><strong>nis</strong></span> <span class='ocrx_word' id='word_1_143' title='bbox 1956 620 2223 678; x_wconf 83' lang='lat' dir='ltr'><strong>homines.</strong></span> <span class='ocrx_word' id='word_1_144' title='bbox 2260 621 2397 679; x_wconf 90' lang='lat' dir='ltr'><strong>Cum</strong></span> <span class='ocrx_word' id='word_1_145' title='bbox 2442 637 2573 693; x_wconf 81' lang='lat' dir='ltr'><strong>ergo</strong></span> <span class='ocrx_word' id='word_1_146' title='bbox 2616 624 2729 693; x_wconf 85' lang='lat' dir='ltr'><strong>ipse</strong></span> <span class='ocrx_word' id='word_1_147' title='bbox 2770 628 2841 679; x_wconf 89' lang='lat' dir='ltr'><strong>sit</strong></span> <span class='ocrx_word' id='word_1_148' title='bbox 2884 624 2971 680; x_wconf 79' lang='lat' dir='ltr'><strong>lux</strong></span> <span class='ocrx_word' id='word_1_149' title='bbox 3015 628 3102 683; x_wconf 81' lang='lat' dir='ltr'><strong>illa</strong></span> <span class='ocrx_word' id='word_1_150' title='bbox 3139 645 3288 698; x_wconf 87' lang='lat' dir='ltr'><strong>vera,</strong></span> <span class='ocrx_word' id='word_1_151' title='bbox 3326 646 3423 700; x_wconf 82' lang='lat' dir='ltr'><strong>per</strong></span> 
     </span>
    </p>
   </div>
   <div class='ocr_carea' id='block_1_21' title="bbox 1826 714 3425 790">
    <p class='ocr_par' dir='ltr' id='par_1_21' title="bbox 1826 714 3425 790">
     <span class='ocr_line' id='line_1_21' title="bbox 1826 714 3425 790; baseline 0.006 -23"><span class='ocrx_word' id='word_1_152' title='bbox 1826 727 1988 782; x_wconf 84' lang='lat' dir='ltr'><strong>quem</strong></span> <span class='ocrx_word' id='word_1_153' title='bbox 2010 714 2192 768; x_wconf 87' lang='lat' dir='ltr'><strong>omnia</strong></span> <span class='ocrx_word' id='word_1_154' title='bbox 2219 724 2344 769; x_wconf 89' lang='lat' dir='ltr'><strong>sunt</strong></span> <span class='ocrx_word' id='word_1_155' title='bbox 2367 716 2585 770; x_wconf 83' lang='lat' dir='ltr'><strong>condita</strong></span> <span class='ocrx_word' id='word_1_156' title='bbox 2607 735 2621 783; x_wconf 88' lang='lat'><strong>;</strong></span> <span class='ocrx_word' id='word_1_157' title='bbox 2645 733 2881 788; x_wconf 85' lang='lat' dir='ltr'><strong>cumque</strong></span> <span class='ocrx_word' id='word_1_158' title='bbox 2907 718 2997 773; x_wconf 90' lang='lat' dir='ltr'><strong>ille</strong></span> <span class='ocrx_word' id='word_1_159' title='bbox 3021 721 3112 783; x_wconf 90' lang='lat' dir='ltr'><strong>sit,</strong></span> <span class='ocrx_word' id='word_1_160' title='bbox 3137 724 3226 790; x_wconf 87' lang='lat' dir='ltr'><strong>qui</strong></span> <span class='ocrx_word' id='word_1_161' title='bbox 3258 738 3425 776; x_wconf 86' lang='lat' dir='ltr'><strong>carne</strong></span> 
     </span>
    </p>
   </div>
   <div class='ocr_carea' id='block_1_22' title="bbox 1828 802 3419 879">
    <p class='ocr_par' dir='ltr' id='par_1_22' title="bbox 1828 802 3419 879">
     <span class='ocr_line' id='line_1_22' title="bbox 1828 802 3419 879; baseline 0.006 -22"><span class='ocrx_word' id='word_1_162' title='bbox 1828 802 2049 857; x_wconf 83' lang='lat' dir='ltr'><strong>indutus</strong></span> <span class='ocrx_word' id='word_1_163' title='bbox 2076 806 2226 859; x_wconf 89' lang='lat' dir='ltr'><strong>venit</strong></span> <span class='ocrx_word' id='word_1_164' title='bbox 2257 806 2309 860; x_wconf 93' lang='lat' dir='ltr'><strong>iu</strong></span> <span class='ocrx_word' id='word_1_165' title='bbox 2342 809 2560 878; x_wconf 89' lang='lat' dir='ltr'><strong>propria</strong></span> <span class='ocrx_word' id='word_1_166' title='bbox 2593 826 2607 863; x_wconf 89' lang='lat'><strong>:</strong></span> <span class='ocrx_word' id='word_1_167' title='bbox 2638 810 2910 878; x_wconf 89' lang='lat' dir='ltr'><strong>quomodo</strong></span> <span class='ocrx_word' id='word_1_168' title='bbox 2938 824 3278 879; x_wconf 89' lang='lat' dir='ltr'><strong>consequens</strong></span> <span class='ocrx_word' id='word_1_169' title='bbox 3313 829 3419 867; x_wconf 90' lang='lat' dir='ltr'><strong>non</strong></span> 
     </span>
    </p>
   </div>
   <div class='ocr_carea' id='block_1_23' title="bbox 1827 896 3282 957">
    <p class='ocr_par' dir='ltr' id='par_1_23' title="bbox 1827 896 3282 957">
     <span class='ocr_line' id='line_1_23' title="bbox 1827 896 3282 957; baseline 0.004 -8"><span class='ocrx_word' id='word_1_170' title='bbox 1827 904 1941 957; x_wconf 91' lang='lat' dir='ltr'><strong>est,</strong></span> <span class='ocrx_word' id='word_1_171' title='bbox 1971 902 2030 949; x_wconf 92' lang='lat' dir='ltr'><strong>ut</strong></span> <span class='ocrx_word' id='word_1_172' title='bbox 2058 910 2222 949; x_wconf 92' lang='lat' dir='ltr'><strong>unum</strong></span> <span class='ocrx_word' id='word_1_173' title='bbox 2253 896 2529 952; x_wconf 78' lang='lat' dir='ltr'><strong>Christum</strong></span> <span class='ocrx_word' id='word_1_174' title='bbox 2564 912 2616 956; x_wconf 90' lang='lat' dir='ltr'><strong>et</strong></span> <span class='ocrx_word' id='word_1_175' title='bbox 2652 899 2853 955; x_wconf 81' lang='lat' dir='ltr'><strong>Filium</strong></span> <span class='ocrx_word' id='word_1_176' title='bbox 2883 902 3282 956; x_wconf 86' lang='lat' dir='ltr'><strong>conliteamur?</strong></span> 
     </span>
    </p>
   </div>
   <div class='ocr_carea' id='block_1_24' title="bbox 1906 984 3426 1057">
    <p class='ocr_par' dir='ltr' id='par_1_24' title="bbox 1906 984 3426 1057">
     <span class='ocr_line' id='line_1_24' title="bbox 1906 984 3426 1057; baseline 0.007 -20"><span class='ocrx_word' id='word_1_177' title='bbox 1906 1004 1923 1036; x_wconf 81' lang='grc' dir='ltr'><strong>ι</strong></span> <span class='ocrx_word' id='word_1_178' title='bbox 1964 984 2293 1039; x_wconf 38' lang='lat' dir='ltr'><strong>EtVerbumv</strong></span> <span class='ocrx_word' id='word_1_179' title='bbox 2313 1003 2441 1043; x_wconf 86' lang='lat' dir='ltr'><strong>caro</strong></span> <span class='ocrx_word' id='word_1_180' title='bbox 2474 991 2675 1044; x_wconf 81' lang='lat' dir='ltr'><strong>factum</strong></span> <span class='ocrx_word' id='word_1_181' title='bbox 2707 1001 2821 1057; x_wconf 86' lang='lat' dir='ltr'><strong>est,</strong></span> <span class='ocrx_word' id='word_1_182' title='bbox 2853 1002 2906 1047; x_wconf 90' lang='lat' dir='ltr'><strong>et</strong></span> <span class='ocrx_word' id='word_1_183' title='bbox 2935 992 3206 1046; x_wconf 70' lang='lat' dir='ltr'><strong>habitavit</strong></span> <span class='ocrx_word' id='word_1_184' title='bbox 3239 993 3290 1046; x_wconf 91' lang='lat' dir='ltr'><strong>in</strong></span> <span class='ocrx_word' id='word_1_185' title='bbox 3324 1010 3354 1047; x_wconf 89' lang='grc' dir='ltr'><strong>η</strong></span> <span class='ocrx_word' id='word_1_186' title='bbox 3376 1014 3426 1048; x_wconf 75' lang='grc'><strong>»-</strong></span> 
     </span>
    </p>
   </div>
   <div class='ocr_carea' id='block_1_25' title="bbox 1830 1078 3424 1155">
    <p class='ocr_par' dir='ltr' id='par_1_25' title="bbox 1830 1078 3424 1155">
     <span class='ocr_line' id='line_1_25' title="bbox 1830 1078 3424 1155; baseline 0.004 -23"><span class='ocrx_word' id='word_1_187' title='bbox 1830 1078 1936 1145; x_wconf 86' lang='lat' dir='ltr'><strong>biS,</strong></span> <span class='ocrx_word' id='word_1_188' title='bbox 1967 1090 2020 1133; x_wconf 83' lang='lat' dir='ltr'><strong>et</strong></span> <span class='ocrx_word' id='word_1_189' title='bbox 2046 1079 2281 1135; x_wconf 80' lang='lat' dir='ltr'><strong>vidimus</strong></span> <span class='ocrx_word' id='word_1_190' title='bbox 2299 1081 2524 1150; x_wconf 70' lang='lat' dir='ltr'><strong>gloriam</strong></span> <span class='ocrx_word' id='word_1_191' title='bbox 2545 1082 2685 1149; x_wconf 74' lang='lat' dir='ltr'><strong>ejus,</strong></span> <span class='ocrx_word' id='word_1_192' title='bbox 2712 1085 2937 1151; x_wconf 77' lang='lat' dir='ltr'><strong>gloriam</strong></span> <span class='ocrx_word' id='word_1_193' title='bbox 2965 1086 3121 1154; x_wconf 81' lang='lat' dir='ltr'><strong>quasi</strong></span> <span class='ocrx_word' id='word_1_194' title='bbox 3157 1082 3424 1155; x_wconf 77' lang='lat' dir='ltr'><strong>Unigeniti</strong></span> 
     </span>
    </p>
   </div>
   <div class='ocr_carea' id='block_1_26' title="bbox 1829 1171 3425 1242">
    <p class='ocr_par' dir='ltr' id='par_1_26' title="bbox 1829 1171 3425 1242">
     <span class='ocr_line' id='line_1_26' title="bbox 1829 1171 3425 1242; baseline 0.001 -16"><span class='ocrx_word' id='word_1_195' title='bbox 1829 1188 1859 1226; x_wconf 72' lang='grc' dir='ltr'><strong>ιι</strong></span> <span class='ocrx_word' id='word_1_196' title='bbox 1896 1171 2081 1237; x_wconf 84' lang='lat' dir='ltr'><strong>Patre,</strong></span> <span class='ocrx_word' id='word_1_197' title='bbox 2129 1172 2344 1241; x_wconf 86' lang='lat' dir='ltr'><strong>plenum</strong></span> <span class='ocrx_word' id='word_1_198' title='bbox 2372 1174 2568 1242; x_wconf 70' lang='lat' dir='ltr'><strong>gratia:</strong></span> <span class='ocrx_word' id='word_1_199' title='bbox 2601 1184 2657 1228; x_wconf 89' lang='lat' dir='ltr'><strong>et</strong></span> <span class='ocrx_word' id='word_1_200' title='bbox 2687 1175 2929 1229; x_wconf 81' lang='lat' dir='ltr'><strong>veritatis</strong></span> <span class='ocrx_word' id='word_1_201' title='bbox 2956 1176 3019 1227; x_wconf 80' lang='lat'><strong>“.</strong></span> <span class='ocrx_word' id='word_1_202' title='bbox 3044 1193 3064 1227; x_wconf 86' lang='grc'><strong>›</strong></span> <span class='ocrx_word' id='word_1_203' title='bbox 3103 1176 3159 1229; x_wconf 77' lang='lat' dir='ltr'><strong>Si</strong></span> <span class='ocrx_word' id='word_1_204' title='bbox 3190 1174 3425 1229; x_wconf 75' lang='lat' dir='ltr'><strong>Verbum</strong></span> 
     </span>
    </p>
   </div>
   <div class='ocr_carea' id='block_1_27' title="bbox 1832 1266 3429 1343">
    <p class='ocr_par' dir='ltr' id='par_1_27' title="bbox 1832 1266 3429 1343">
     <span class='ocr_line' id='line_1_27' title="bbox 1832 1266 3429 1343; baseline 0.002 -25"><span class='ocrx_word' id='word_1_205' title='bbox 1832 1266 2029 1319; x_wconf 76' lang='lat' dir='ltr'><strong>factum</strong></span> <span class='ocrx_word' id='word_1_206' title='bbox 2067 1274 2152 1320; x_wconf 89' lang='lat' dir='ltr'><strong>est</strong></span> <span class='ocrx_word' id='word_1_207' title='bbox 2188 1280 2337 1330; x_wconf 82' lang='lat' dir='ltr'><strong>caro,</strong></span> <span class='ocrx_word' id='word_1_208' title='bbox 2369 1267 2640 1337; x_wconf 87' lang='lat' dir='ltr'><strong>carnique</strong></span> <span class='ocrx_word' id='word_1_209' title='bbox 2671 1279 2725 1323; x_wconf 89' lang='lat' dir='ltr'><strong>et</strong></span> <span class='ocrx_word' id='word_1_210' title='bbox 2759 1269 3193 1343; x_wconf 68' lang='lat' dir='ltr'><strong>sanguini&#39;mque</strong></span> <span class='ocrx_word' id='word_1_211' title='bbox 3229 1282 3292 1322; x_wconf 79' lang='lat' dir='ltr'><strong>ac</strong></span> <span class='ocrx_word' id='word_1_212' title='bbox 3327 1281 3429 1322; x_wconf 85' lang='lat' dir='ltr'><strong>nos</strong></span> 
     </span>
    </p>
   </div>
   <div class='ocr_carea' id='block_1_28' title="bbox 1829 1358 3427 1431">
    <p class='ocr_par' dir='ltr' id='par_1_28' title="bbox 1829 1358 3427 1431">
     <span class='ocr_line' id='line_1_28' title="bbox 1829 1358 3427 1431; baseline 0 -20"><span class='ocrx_word' id='word_1_213' title='bbox 1829 1358 2274 1419; x_wconf 80' lang='lat' dir='ltr'><strong>Couttuunicavit,</strong></span> <span class='ocrx_word' id='word_1_214' title='bbox 2318 1359 2476 1429; x_wconf 77' lang='lat'><strong>113</strong></span> <span class='ocrx_word' id='word_1_215' title='bbox 2520 1374 2583 1414; x_wconf 90' lang='lat' dir='ltr'><strong>ac</strong></span> <span class='ocrx_word' id='word_1_216' title='bbox 2620 1374 2809 1414; x_wconf 87' lang='lat' dir='ltr'><strong>semen</strong></span> <span class='ocrx_word' id='word_1_217' title='bbox 2847 1361 3080 1415; x_wconf 52' lang='lat' dir='ltr'><strong>Abrahae</strong></span> <span class='ocrx_word' id='word_1_218' title='bbox 3121 1360 3427 1431; x_wconf 87' lang='lat' dir='ltr'><strong>apprehen-</strong></span> 
     </span>
    </p>
   </div>
   <div class='ocr_carea' id='block_1_29' title="bbox 1830 1449 3426 1518">
    <p class='ocr_par' dir='ltr' id='par_1_29' title="bbox 1830 1449 3426 1518">
     <span class='ocr_line' id='line_1_29' title="bbox 1830 1449 3426 1518; baseline 0.003 -16"><span class='ocrx_word' id='word_1_219' title='bbox 1830 1449 1929 1510; x_wconf 91' lang='lat' dir='ltr'><strong>dit,</strong></span> <span class='ocrx_word' id='word_1_220' title='bbox 1963 1464 2070 1517; x_wconf 85' lang='lat' dir='ltr'><strong>quo</strong></span> <span class='ocrx_word' id='word_1_221' title='bbox 2108 1449 2367 1503; x_wconf 83' lang='lat' dir='ltr'><strong>nimir-um</strong></span> <span class='ocrx_word' id='word_1_222' title='bbox 2407 1467 2501 1518; x_wconf 90' lang='lat' dir='ltr'><strong>per</strong></span> <span class='ocrx_word' id='word_1_223' title='bbox 2535 1454 2719 1507; x_wconf 84' lang='lat' dir='ltr'><strong>omnia</strong></span> <span class='ocrx_word' id='word_1_224' title='bbox 2759 1453 3021 1508; x_wconf 80' lang='lat' dir='ltr'><strong>fratribus</strong></span> <span class='ocrx_word' id='word_1_225' title='bbox 3059 1454 3172 1509; x_wconf 86' lang='lat' dir='ltr'><strong>suis</strong></span> <span class='ocrx_word' id='word_1_226' title='bbox 3208 1452 3426 1508; x_wconf 85' lang='lat' dir='ltr'><strong>assimi-</strong></span> 
     </span>
    </p>
   </div>
   <div class='ocr_carea' id='block_1_30' title="bbox 1830 1531 3433 1613">
    <p class='ocr_par' dir='ltr' id='par_1_30' title="bbox 1830 1531 3433 1613">
     <span class='ocr_line' id='line_1_30' title="bbox 1830 1531 3433 1613; baseline 0.004 -22"><span class='ocrx_word' id='word_1_227' title='bbox 1830 1536 2142 1603; x_wconf 80' lang='lat' dir='ltr'><strong>laretnr‘&quot;,</strong></span> <span class='ocrx_word' id='word_1_228' title='bbox 2178 1540 2299 1610; x_wconf 87' lang='lat' dir='ltr'><strong>quis</strong></span> <span class='ocrx_word' id='word_1_229' title='bbox 2333 1531 2544 1595; x_wconf 85' lang='lat' dir='ltr'><strong>dubitet</strong></span> <span class='ocrx_word' id='word_1_230' title='bbox 2588 1542 2718 1611; x_wconf 85' lang='lat' dir='ltr'><strong>quin</strong></span> <span class='ocrx_word' id='word_1_231' title='bbox 2788 1542 2839 1597; x_wconf 91' lang='lat' dir='ltr'><strong>id</strong></span> <span class='ocrx_word' id='word_1_232' title='bbox 2880 1543 3041 1613; x_wconf 85' lang='lat' dir='ltr'><strong>plane</strong></span> <span class='ocrx_word' id='word_1_233' title='bbox 3072 1543 3433 1612; x_wconf 86' lang='lat' dir='ltr'><strong>permanserit</strong></span> 
     </span>
    </p>
   </div>
   <div class='ocr_carea' id='block_1_31' title="bbox 1830 1632 3423 1707">
    <p class='ocr_par' dir='ltr' id='par_1_31' title="bbox 1830 1632 3423 1707">
     <span class='ocr_line' id='line_1_31' title="bbox 1830 1632 3423 1707; baseline 0.006 -28"><span class='ocrx_word' id='word_1_234' title='bbox 1830 1632 1973 1700; x_wconf 85' lang='lat' dir='ltr'><strong>quod</strong></span> <span class='ocrx_word' id='word_1_235' title='bbox 2004 1642 2147 1693; x_wconf 80' lang='lat' dir='ltr'><strong>erat,</strong></span> <span class='ocrx_word' id='word_1_236' title='bbox 2183 1633 2398 1686; x_wconf 86' lang='lat' dir='ltr'><strong>etiamsi</strong></span> <span class='ocrx_word' id='word_1_237' title='bbox 2433 1649 2559 1688; x_wconf 90' lang='lat' dir='ltr'><strong>caro</strong></span> <span class='ocrx_word' id='word_1_238' title='bbox 2594 1634 2793 1689; x_wconf 77' lang='lat' dir='ltr'><strong>factum</strong></span> <span class='ocrx_word' id='word_1_239' title='bbox 2828 1636 2933 1691; x_wconf 84' lang='lat' dir='ltr'><strong>sit?</strong></span> <span class='ocrx_word' id='word_1_240' title='bbox 2963 1635 3242 1707; x_wconf 89' lang='lat' dir='ltr'><strong>Siquidem</strong></span> <span class='ocrx_word' id='word_1_241' title='bbox 3279 1636 3423 1690; x_wconf 84' lang='lat' dir='ltr'><strong>nulla</strong></span> 
     </span>
    </p>
   </div>
   <div class='ocr_carea' id='block_1_32' title="bbox 1833 1725 3433 1795">
    <p class='ocr_par' dir='ltr' id='par_1_32' title="bbox 1833 1725 3433 1795">
     <span class='ocr_line' id='line_1_32' title="bbox 1833 1725 3433 1795; baseline 0.003 -18"><span class='ocrx_word' id='word_1_242' title='bbox 1833 1725 1884 1778; x_wconf 92' lang='lat' dir='ltr'><strong>in</strong></span> <span class='ocrx_word' id='word_1_243' title='bbox 1907 1725 2067 1779; x_wconf 83' lang='lat' dir='ltr'><strong>Verbi</strong></span> <span class='ocrx_word' id='word_1_244' title='bbox 2098 1736 2351 1779; x_wconf 76' lang='lat' dir='ltr'><strong>naturam</strong></span> <span class='ocrx_word' id='word_1_245' title='bbox 2382 1726 2577 1780; x_wconf 82' lang='lat' dir='ltr'><strong>cadere</strong></span> <span class='ocrx_word' id='word_1_246' title='bbox 2604 1736 2784 1795; x_wconf 86' lang='lat' dir='ltr'><strong>potest</strong></span> <span class='ocrx_word' id='word_1_247' title='bbox 2811 1727 3068 1783; x_wconf 76' lang='lat' dir='ltr'><strong>mutatio.</strong></span> <span class='ocrx_word' id='word_1_248' title='bbox 3090 1727 3175 1793; x_wconf 90' lang='lat' dir='ltr'><strong>Et,</strong></span> <span class='ocrx_word' id='word_1_249' title='bbox 3201 1729 3243 1780; x_wconf 89' lang='lat' dir='ltr'><strong>si</strong></span> <span class='ocrx_word' id='word_1_250' title='bbox 3266 1727 3433 1781; x_wconf 81' lang='lat' dir='ltr'><strong>frater</strong></span> 
     </span>
    </p>
   </div>
   <div class='ocr_carea' id='block_1_33' title="bbox 1834 1815 3433 1889">
    <p class='ocr_par' dir='ltr' id='par_1_33' title="bbox 1834 1815 3433 1889">
     <span class='ocr_line' id='line_1_33' title="bbox 1834 1815 3433 1889; baseline 0.001 -19"><span class='ocrx_word' id='word_1_251' title='bbox 1834 1828 2018 1871; x_wconf 79' lang='lat' dir='ltr'><strong>uoster</strong></span> <span class='ocrx_word' id='word_1_252' title='bbox 2044 1827 2145 1881; x_wconf 88' lang='lat' dir='ltr'><strong>est,</strong></span> <span class='ocrx_word' id='word_1_253' title='bbox 2178 1819 2453 1886; x_wconf 87' lang='lat' dir='ltr'><strong>quomodo</strong></span> <span class='ocrx_word' id='word_1_254' title='bbox 2475 1815 2758 1889; x_wconf 74' lang='lat' dir='ltr'><strong>Unigeniti</strong></span> <span class='ocrx_word' id='word_1_255' title='bbox 2791 1820 3020 1889; x_wconf 78' lang='lat' dir='ltr'><strong>gloriam</strong></span> <span class='ocrx_word' id='word_1_256' title='bbox 3053 1819 3255 1874; x_wconf 82' lang='lat' dir='ltr'><strong>habet?</strong></span> <span class='ocrx_word' id='word_1_257' title='bbox 3286 1819 3433 1873; x_wconf 84' lang='lat' dir='ltr'><strong>Sane</strong></span> 
     </span>
    </p>
   </div>
   <div class='ocr_carea' id='block_1_34' title="bbox 144 1904 1727 1981">
    <p class='ocr_par' dir='ltr' id='par_1_34' title="bbox 144 1904 1727 1981">
     <span class='ocr_line' id='line_1_34' title="bbox 144 1904 1727 1981; baseline 0.001 -22"><span class='ocrx_word' id='word_1_258' title='bbox 144 1908 286 1960; x_wconf 71' lang='grc' dir='ltr'>οὐδὲν</span> <span class='ocrx_word' id='word_1_259' title='bbox 316 1904 474 1978; x_wconf 80' lang='grc' dir='ltr'>ἧττόν</span> <span class='ocrx_word' id='word_1_260' title='bbox 510 1911 625 1962; x_wconf 86' lang='grc' dir='ltr'>ἐστι</span> <span class='ocrx_word' id='word_1_261' title='bbox 661 1908 828 1972; x_wconf 67' lang='grc' dir='ltr'>Θεόςι</span> <span class='ocrx_word' id='word_1_262' title='bbox 861 1909 955 1961; x_wconf 75' lang='grc' dir='ltr'>καὶ</span> <span class='ocrx_word' id='word_1_263' title='bbox 979 1908 1293 1981; x_wconf 81' lang='grc' dir='ltr'>Μονογενὴς</span> <span class='ocrx_word' id='word_1_264' title='bbox 1327 1910 1425 1980; x_wconf 82' lang='grc' dir='ltr'>μὲν</span> <span class='ocrx_word' id='word_1_265' title='bbox 1467 1908 1545 1974; x_wconf 84' lang='grc' dir='ltr'><strong>ὡς</strong></span> <span class='ocrx_word' id='word_1_266' title='bbox 1574 1908 1727 1975; x_wconf 78' lang='grc' dir='ltr'>Θεὸς,</span> 
     </span>
    </p>
   </div>
   <div class='ocr_carea' id='block_1_35' title="bbox 1837 1904 3428 1981">
    <p class='ocr_par' dir='ltr' id='par_1_35' title="bbox 1837 1907 3428 1972">
     <span class='ocr_line' id='line_1_35' title="bbox 1837 1907 3428 1972; baseline 0.003 -11"><span class='ocrx_word' id='word_1_267' title='bbox 1837 1908 1959 1963; x_wconf 85' lang='lat' dir='ltr'><strong>licet</strong></span> <span class='ocrx_word' id='word_1_268' title='bbox 2000 1908 2199 1961; x_wconf 79' lang='lat' dir='ltr'><strong>factum</strong></span> <span class='ocrx_word' id='word_1_269' title='bbox 2242 1910 2313 1961; x_wconf 89' lang='lat' dir='ltr'><strong>sit</strong></span> <span class='ocrx_word' id='word_1_270' title='bbox 2355 1924 2506 1972; x_wconf 89' lang='lat' dir='ltr'><strong>caro,</strong></span> <span class='ocrx_word' id='word_1_271' title='bbox 2545 1907 2687 1965; x_wconf 91' lang='lat' dir='ltr'><strong>Dens</strong></span> <span class='ocrx_word' id='word_1_272' title='bbox 2723 1920 2901 1965; x_wconf 86' lang='lat' dir='ltr'><strong>tamen</strong></span> <span class='ocrx_word' id='word_1_273' title='bbox 2938 1927 3059 1967; x_wconf 87' lang='lat' dir='ltr'><strong>esse</strong></span> <span class='ocrx_word' id='word_1_274' title='bbox 3100 1927 3205 1965; x_wconf 91' lang='lat' dir='ltr'><strong>non</strong></span> <span class='ocrx_word' id='word_1_275' title='bbox 3248 1911 3428 1965; x_wconf 83' lang='lat' dir='ltr'><strong>desiit.</strong></span> 
     </span>
    </p>
   </div>
   <div class='ocr_carea' id='block_1_36' title="bbox 144 1999 1456 2073">
    <p class='ocr_par' dir='ltr' id='par_1_36' title="bbox 144 1999 1456 2073">
     <span class='ocr_line' id='line_1_36' title="bbox 144 1999 1456 2073; baseline 0.003 -22"><span class='ocrx_word' id='word_1_276' title='bbox 144 2000 474 2073; x_wconf 83' lang='grc' dir='ltr'>πρωτότοκος</span> <span class='ocrx_word' id='word_1_277' title='bbox 504 2001 559 2053; x_wconf 84' lang='grc' dir='ltr'><strong>δέ</strong></span> <span class='ocrx_word' id='word_1_278' title='bbox 590 2000 678 2054; x_wconf 73' lang='grc' dir='ltr'><strong>διὰ</strong></span> <span class='ocrx_word' id='word_1_279' title='bbox 704 2001 793 2053; x_wconf 78' lang='grc' dir='ltr'>τὸν</span> <span class='ocrx_word' id='word_1_280' title='bbox 826 1999 1172 2073; x_wconf 78' lang='grc' dir='ltr'>ἀνθρώπινον</span> <span class='ocrx_word' id='word_1_281' title='bbox 1198 2002 1456 2071; x_wconf 89' lang='grc' dir='ltr'>σταυρόν.</span> 
     </span>
    </p>
   </div>
   <div class='ocr_carea' id='block_1_37' title="bbox 220 2176 1728 2252">
    <p class='ocr_par' dir='ltr' id='par_1_37' title="bbox 220 2176 1728 2252">
     <span class='ocr_line' id='line_1_37' title="bbox 220 2176 1728 2252; baseline 0.002 -23"><span class='ocrx_word' id='word_1_282' title='bbox 220 2176 465 2249; x_wconf 74' lang='grc' dir='ltr'>Ἰωάννης</span> <span class='ocrx_word' id='word_1_283' title='bbox 496 2182 770 2251; x_wconf 88' lang='grc' dir='ltr'>μαρτυρεῖ</span> <span class='ocrx_word' id='word_1_284' title='bbox 815 2180 945 2252; x_wconf 68' lang='grc' dir='ltr'>περὶ</span> <span class='ocrx_word' id='word_1_285' title='bbox 991 2180 1182 2243; x_wconf 86' lang='grc' dir='ltr'>αὐτοῦ,</span> <span class='ocrx_word' id='word_1_286' title='bbox 1226 2181 1322 2234; x_wconf 68' lang='grc' dir='ltr'>καὶ</span> <span class='ocrx_word' id='word_1_287' title='bbox 1368 2181 1611 2250; x_wconf 81' lang='grc' dir='ltr'>κέκραγε</span> <span class='ocrx_word' id='word_1_288' title='bbox 1640 2180 1728 2232; x_wconf 84' lang='grc' dir='ltr'>λέ-</span> 
     </span>
    </p>
   </div>
   <div class='ocr_carea' id='block_1_38' title="bbox 139 2265 1733 2343">
    <p class='ocr_par' dir='ltr' id='par_1_38' title="bbox 139 2265 1733 2343">
     <span class='ocr_line' id='line_1_38' title="bbox 139 2265 1733 2343; baseline -0.001 -20"><span class='ocrx_word' id='word_1_289' title='bbox 139 2287 281 2337; x_wconf 86' lang='grc' dir='ltr'>γων·</span> <span class='ocrx_word' id='word_1_290' title='bbox 323 2290 339 2322; x_wconf 85' lang='grc' dir='ltr'><strong>ι</strong></span> <span class='ocrx_word' id='word_1_291' title='bbox 377 2265 547 2337; x_wconf 74' lang='grc' dir='ltr'>Οὗτος</span> <span class='ocrx_word' id='word_1_292' title='bbox 583 2267 675 2343; x_wconf 76' lang='grc' dir='ltr'>ἦν,</span> <span class='ocrx_word' id='word_1_293' title='bbox 706 2272 765 2325; x_wconf 81' lang='grc' dir='ltr'>ὃν</span> <span class='ocrx_word' id='word_1_294' title='bbox 813 2267 968 2326; x_wconf 78' lang='grc' dir='ltr'>εἷπον</span> <span class='ocrx_word' id='word_1_295' title='bbox 994 2289 1009 2305; x_wconf 76' lang='grc' dir='ltr'><strong><em>ο</em></strong></span> <span class='ocrx_word' id='word_1_296' title='bbox 1054 2272 1111 2325; x_wconf 84' lang='grc' dir='ltr'>Ὀ</span> <span class='ocrx_word' id='word_1_297' title='bbox 1134 2273 1310 2326; x_wconf 79' lang='grc' dir='ltr'>ὀπίσω</span> <span class='ocrx_word' id='word_1_298' title='bbox 1358 2289 1461 2342; x_wconf 91' lang='grc' dir='ltr'><strong>μου</strong></span> <span class='ocrx_word' id='word_1_299' title='bbox 1500 2271 1733 2342; x_wconf 88' lang='grc' dir='ltr'>ἐρχόμε-</span> 
     </span>
    </p>
   </div>
   <div class='ocr_carea' id='block_1_39' title="bbox 144 2358 1731 2436">
    <p class='ocr_par' dir='ltr' id='par_1_39' title="bbox 144 2358 1731 2436">
     <span class='ocr_line' id='line_1_39' title="bbox 144 2358 1731 2436; baseline 0.001 -22"><span class='ocrx_word' id='word_1_300' title='bbox 144 2379 253 2425; x_wconf 93' lang='grc' dir='ltr'>νος,</span> <span class='ocrx_word' id='word_1_301' title='bbox 280 2363 591 2435; x_wconf 77' lang='grc' dir='ltr'>ἔμπροσθέν</span> <span class='ocrx_word' id='word_1_302' title='bbox 626 2383 727 2436; x_wconf 90' lang='grc' dir='ltr'><strong>μου</strong></span> <span class='ocrx_word' id='word_1_303' title='bbox 758 2365 1001 2434; x_wconf 82' lang='grc' dir='ltr'>γέγονεν,</span> <span class='ocrx_word' id='word_1_304' title='bbox 1026 2366 1108 2419; x_wconf 82' lang='grc' dir='ltr'>ὄτι</span> <span class='ocrx_word' id='word_1_305' title='bbox 1138 2365 1354 2435; x_wconf 84' lang='grc' dir='ltr'>πρῶτός</span> <span class='ocrx_word' id='word_1_306' title='bbox 1372 2381 1486 2434; x_wconf 80' lang='grc' dir='ltr'><strong>μου</strong></span> <span class='ocrx_word' id='word_1_307' title='bbox 1517 2358 1586 2433; x_wconf 82' lang='grc' dir='ltr'>ἦν</span> <span class='ocrx_word' id='word_1_308' title='bbox 1608 2379 1620 2391; x_wconf 72' lang='grc'>⁸</span> <span class='ocrx_word' id='word_1_309' title='bbox 1649 2364 1731 2416; x_wconf 80' lang='grc' dir='ltr'>ὅτι</span> 
     </span>
    </p>
   </div>
   <div class='ocr_carea' id='block_1_40' title="bbox 133 2455 1724 2528">
    <p class='ocr_par' dir='ltr' id='par_1_40' title="bbox 133 2455 1724 2528">
     <span class='ocr_line' id='line_1_40' title="bbox 133 2455 1724 2528; baseline -0.001 -20"><span class='ocrx_word' id='word_1_310' title='bbox 133 2459 199 2508; x_wconf 81' lang='grc' dir='ltr'><strong>ἐκ</strong></span> <span class='ocrx_word' id='word_1_311' title='bbox 230 2456 317 2508; x_wconf 83' lang='grc' dir='ltr'><strong>τοῦ</strong></span> <span class='ocrx_word' id='word_1_312' title='bbox 353 2456 726 2528; x_wconf 81' lang='grc' dir='ltr'><strong>πληρώματος</strong></span> <span class='ocrx_word' id='word_1_313' title='bbox 758 2456 925 2511; x_wconf 81' lang='grc' dir='ltr'>αὑτοῦ</span> <span class='ocrx_word' id='word_1_314' title='bbox 950 2459 1113 2528; x_wconf 81' lang='grc' dir='ltr'><strong>ἡμεῖς</strong></span> <span class='ocrx_word' id='word_1_315' title='bbox 1146 2457 1351 2519; x_wconf 79' lang='grc' dir='ltr'>πάντες</span> <span class='ocrx_word' id='word_1_316' title='bbox 1382 2455 1674 2527; x_wconf 80' lang='grc' dir='ltr'>ἐλάϐομεν.</span> <span class='ocrx_word' id='word_1_317' title='bbox 1706 2477 1724 2507; x_wconf 72' lang='grc' dir='ltr'>δ</span> 
     </span>
    </p>
   </div>
   <div class='ocr_carea' id='block_1_41' title="bbox 144 2533 1729 2620">
    <p class='ocr_par' dir='ltr' id='par_1_41' title="bbox 144 2533 1729 2620">
     <span class='ocr_line' id='line_1_41' title="bbox 144 2533 1729 2620; baseline 0.001 -19"><span class='ocrx_word' id='word_1_318' title='bbox 144 2550 390 2618; x_wconf 67' lang='grc' dir='ltr'>Ἰωάννης</span> <span class='ocrx_word' id='word_1_319' title='bbox 426 2533 560 2618; x_wconf 60' lang='grc' dir='ltr'>(ρησὶ</span> <span class='ocrx_word' id='word_1_320' title='bbox 595 2550 724 2620; x_wconf 64' lang='grc' dir='ltr'><strong>περὶ¹</strong></span> <span class='ocrx_word' id='word_1_321' title='bbox 776 2548 871 2601; x_wconf 84' lang='grc' dir='ltr'><strong>τοῦ</strong></span> <span class='ocrx_word' id='word_1_322' title='bbox 915 2547 1184 2619; x_wconf 72' lang='grc' dir='ltr'>Χριστοῦσ</span> <span class='ocrx_word' id='word_1_323' title='bbox 1226 2567 1243 2597; x_wconf 77' lang='grc' dir='ltr'><strong>ι</strong></span> <span class='ocrx_word' id='word_1_324' title='bbox 1296 2548 1353 2600; x_wconf 83' lang='grc' dir='ltr'><strong>Ὀ</strong></span> <span class='ocrx_word' id='word_1_325' title='bbox 1404 2547 1586 2600; x_wconf 80' lang='grc' dir='ltr'>ὀπίσω</span> <span class='ocrx_word' id='word_1_326' title='bbox 1625 2565 1729 2619; x_wconf 77' lang='grc' dir='ltr'><strong>μου</strong></span> 
     </span>
    </p>
   </div>
   <div class='ocr_carea' id='block_1_42' title="bbox 133 2634 1733 2707">
    <p class='ocr_par' dir='ltr' id='par_1_42' title="bbox 133 2634 1733 2707">
     <span class='ocr_line' id='line_1_42' title="bbox 133 2634 1733 2707; baseline -0.001 -19"><span class='ocrx_word' id='word_1_327' title='bbox 133 2637 427 2707; x_wconf 76' lang='grc' dir='ltr'>ἐρχόμενος</span> <span class='ocrx_word' id='word_1_328' title='bbox 478 2657 495 2689; x_wconf 78' lang='grc' dir='ltr'><strong>ι</strong></span> <span class='ocrx_word' id='word_1_329' title='bbox 539 2637 863 2706; x_wconf 80' lang='grc' dir='ltr'><strong>(τουτέστιν,</strong></span> <span class='ocrx_word' id='word_1_330' title='bbox 904 2636 961 2689; x_wconf 89' lang='grc' dir='ltr'>Ὀ</span> <span class='ocrx_word' id='word_1_331' title='bbox 993 2637 1115 2707; x_wconf 81' lang='grc' dir='ltr'>μετ’</span> <span class='ocrx_word' id='word_1_332' title='bbox 1145 2635 1245 2705; x_wconf 85' lang='grc' dir='ltr'>ἐμὲ</span> <span class='ocrx_word' id='word_1_333' title='bbox 1285 2634 1693 2706; x_wconf 62' lang='grc' dir='ltr'>φανερούμενος</span> <span class='ocrx_word' id='word_1_334' title='bbox 1720 2653 1733 2665; x_wconf 90' lang='grc'><strong>·</strong></span> 
     </span>
    </p>
   </div>
   <div class='ocr_carea' id='block_1_43' title="bbox 128 2724 1724 2798">
    <p class='ocr_par' dir='ltr' id='par_1_43' title="bbox 128 2724 1724 2798">
     <span class='ocr_line' id='line_1_43' title="bbox 128 2724 1724 2798; baseline -0.002 -19"><span class='ocrx_word' id='word_1_335' title='bbox 128 2726 187 2779; x_wconf 87' lang='grc' dir='ltr'>ὃν</span> <span class='ocrx_word' id='word_1_336' title='bbox 206 2726 361 2789; x_wconf 74' lang='grc' dir='ltr'>αὐτὸς</span> <span class='ocrx_word' id='word_1_337' title='bbox 387 2727 622 2798; x_wconf 77' lang='grc' dir='ltr'><strong>ἐκήρυξε</strong></span> <span class='ocrx_word' id='word_1_338' title='bbox 650 2727 914 2794; x_wconf 83' lang='grc' dir='ltr'>δηλονότι,</span> <span class='ocrx_word' id='word_1_339' title='bbox 935 2745 952 2777; x_wconf 81' lang='grc' dir='ltr'><strong>ι</strong></span> <span class='ocrx_word' id='word_1_340' title='bbox 981 2724 1293 2796; x_wconf 74' lang='grc' dir='ltr'>ἔμπροσθέν</span> <span class='ocrx_word' id='word_1_341' title='bbox 1314 2741 1417 2793; x_wconf 79' lang='grc' dir='ltr'><strong>μου</strong></span> <span class='ocrx_word' id='word_1_342' title='bbox 1437 2724 1678 2795; x_wconf 79' lang='grc' dir='ltr'>γέγονε),</span> <span class='ocrx_word' id='word_1_343' title='bbox 1706 2744 1724 2776; x_wconf 84' lang='grc'><strong>›</strong></span> 
     </span>
    </p>
   </div>
   <div class='ocr_carea' id='block_1_44' title="bbox 124 2814 1731 2890">
    <p class='ocr_par' dir='ltr' id='par_1_44' title="bbox 124 2814 1731 2890">
     <span class='ocr_line' id='line_1_44' title="bbox 124 2814 1731 2890; baseline 0 -19"><span class='ocrx_word' id='word_1_344' title='bbox 124 2819 373 2872; x_wconf 80' lang='grc' dir='ltr'><strong>τουτέστι</strong></span> <span class='ocrx_word' id='word_1_345' title='bbox 406 2818 706 2890; x_wconf 79' lang='grc' dir='ltr'>πρωτεύων</span> <span class='ocrx_word' id='word_1_346' title='bbox 743 2819 883 2872; x_wconf 81' lang='grc' dir='ltr'>κατὰ</span> <span class='ocrx_word' id='word_1_347' title='bbox 907 2818 1006 2888; x_wconf 76' lang='grc' dir='ltr'>τὴν</span> <span class='ocrx_word' id='word_1_348' title='bbox 1040 2817 1229 2883; x_wconf 81' lang='grc' dir='ltr'>δόξαν·</span> <span class='ocrx_word' id='word_1_349' title='bbox 1268 2818 1362 2870; x_wconf 71' lang='grc' dir='ltr'>καὶ</span> <span class='ocrx_word' id='word_1_350' title='bbox 1390 2817 1500 2887; x_wconf 76' lang='grc' dir='ltr'><strong>γὰρ</strong></span> <span class='ocrx_word' id='word_1_351' title='bbox 1524 2814 1594 2889; x_wconf 80' lang='grc' dir='ltr'>ἦν</span> <span class='ocrx_word' id='word_1_352' title='bbox 1638 2819 1731 2871; x_wconf 78' lang='grc' dir='ltr'>καὶ</span> 
     </span>
    </p>
   </div>
   <div class='ocr_carea' id='block_1_45' title="bbox 122 2905 1732 2983">
    <p class='ocr_par' dir='ltr' id='par_1_45' title="bbox 122 2905 1732 2983">
     <span class='ocr_line' id='line_1_45' title="bbox 122 2905 1732 2983; baseline 0 -20"><span class='ocrx_word' id='word_1_353' title='bbox 122 2912 181 2963; x_wconf 87' lang='grc' dir='ltr'><strong>ἐν</strong></span> <span class='ocrx_word' id='word_1_354' title='bbox 205 2910 435 2980; x_wconf 75' lang='grc' dir='ltr'>ὑπάρξει</span> <span class='ocrx_word' id='word_1_355' title='bbox 466 2910 705 2981; x_wconf 86' lang='grc' dir='ltr'>πρῶτος,</span> <span class='ocrx_word' id='word_1_356' title='bbox 735 2910 810 2973; x_wconf 89' lang='grc' dir='ltr'>ὼς</span> <span class='ocrx_word' id='word_1_357' title='bbox 838 2910 990 2971; x_wconf 87' lang='grc' dir='ltr'>Θεός.</span> <span class='ocrx_word' id='word_1_358' title='bbox 1026 2910 1151 2973; x_wconf 84' lang='grc' dir='ltr'>Πῶς</span> <span class='ocrx_word' id='word_1_359' title='bbox 1177 2905 1271 2961; x_wconf 76' lang='grc' dir='ltr'><strong>οὖν</strong></span> <span class='ocrx_word' id='word_1_360' title='bbox 1298 2911 1416 2979; x_wconf 86' lang='grc' dir='ltr'>μετ’</span> <span class='ocrx_word' id='word_1_361' title='bbox 1463 2910 1626 2963; x_wconf 78' lang='grc' dir='ltr'>αὐτὸν</span> <span class='ocrx_word' id='word_1_362' title='bbox 1658 2910 1732 2983; x_wconf 80' lang='grc' dir='ltr'><strong>[ό]</strong></span> 
     </span>
    </p>
   </div>
   <div class='ocr_carea' id='block_1_46' title="bbox 122 2996 1733 3074">
    <p class='ocr_par' dir='ltr' id='par_1_46' title="bbox 122 2996 1733 3074">
     <span class='ocr_line' id='line_1_46' title="bbox 122 2996 1733 3074; baseline 0.002 -20"><span class='ocrx_word' id='word_1_363' title='bbox 122 3004 233 3074; x_wconf 77' lang='grc' dir='ltr'>πρὸ</span> <span class='ocrx_word' id='word_1_364' title='bbox 263 3001 427 3054; x_wconf 71' lang='grc' dir='ltr'>αὐτοῦ</span> <span class='ocrx_word' id='word_1_365' title='bbox 487 3005 631 3055; x_wconf 88' lang='grc' dir='ltr'>κατὰ</span> <span class='ocrx_word' id='word_1_366' title='bbox 667 3003 890 3073; x_wconf 86' lang='grc' dir='ltr'>χρόνον;</span> <span class='ocrx_word' id='word_1_367' title='bbox 933 3001 1055 3055; x_wconf 83' lang='grc' dir='ltr'>Ὅτι</span> <span class='ocrx_word' id='word_1_368' title='bbox 1084 3000 1217 3064; x_wconf 80' lang='grc' dir='ltr'>Θεὸς</span> <span class='ocrx_word' id='word_1_369' title='bbox 1248 2996 1316 3071; x_wconf 81' lang='grc' dir='ltr'>ἦν</span> <span class='ocrx_word' id='word_1_370' title='bbox 1341 3003 1370 3054; x_wconf 82' lang='grc' dir='ltr'>ὁ</span> <span class='ocrx_word' id='word_1_371' title='bbox 1403 3002 1604 3071; x_wconf 86' lang='grc' dir='ltr'>Λόγος,</span> <span class='ocrx_word' id='word_1_372' title='bbox 1636 3004 1733 3057; x_wconf 71' lang='grc' dir='ltr'>καὶ</span> 
     </span>
    </p>
   </div>
   <div class='ocr_carea' id='block_1_47' title="bbox 118 3090 1733 3163">
    <p class='ocr_par' dir='ltr' id='par_1_47' title="bbox 118 3090 1733 3163">
     <span class='ocr_line' id='line_1_47' title="bbox 118 3090 1733 3163; baseline 0.002 -19"><span class='ocrx_word' id='word_1_373' title='bbox 118 3093 317 3160; x_wconf 82' lang='grc' dir='ltr'>γέγονε</span> <span class='ocrx_word' id='word_1_374' title='bbox 372 3090 543 3163; x_wconf 78' lang='grc' dir='ltr'>σάρξ·</span> <span class='ocrx_word' id='word_1_375' title='bbox 594 3092 734 3161; x_wconf 80' lang='grc' dir='ltr'>ἔχων</span> <span class='ocrx_word' id='word_1_376' title='bbox 768 3091 867 3162; x_wconf 80' lang='grc' dir='ltr'>μὲν</span> <span class='ocrx_word' id='word_1_377' title='bbox 900 3091 961 3144; x_wconf 83' lang='grc' dir='ltr'>τὸ</span> <span class='ocrx_word' id='word_1_378' title='bbox 990 3091 1318 3161; x_wconf 81' lang='grc' dir='ltr'>πρωτεύειν,</span> <span class='ocrx_word' id='word_1_379' title='bbox 1372 3092 1509 3146; x_wconf 75' lang='grc' dir='ltr'>καθὸ</span> <span class='ocrx_word' id='word_1_380' title='bbox 1558 3095 1733 3163; x_wconf 85' lang='grc' dir='ltr'>Λόγος</span> 
     </span>
    </p>
   </div>
   <div class='ocr_carea' id='block_1_48' title="bbox 118 3183 1730 3255">
    <p class='ocr_par' dir='ltr' id='par_1_48' title="bbox 118 3183 1730 3255">
     <span class='ocr_line' id='line_1_48' title="bbox 118 3183 1730 3255; baseline 0.002 -19"><span class='ocrx_word' id='word_1_381' title='bbox 118 3185 278 3237; x_wconf 80' lang='grc' dir='ltr'>ἐστί’</span> <span class='ocrx_word' id='word_1_382' title='bbox 330 3183 667 3255; x_wconf 76' lang='grc' dir='ltr'>δευτερεύων</span> <span class='ocrx_word' id='word_1_383' title='bbox 706 3183 763 3236; x_wconf 84' lang='grc' dir='ltr'>δὲ</span> <span class='ocrx_word' id='word_1_384' title='bbox 791 3184 933 3237; x_wconf 80' lang='grc' dir='ltr'>κατὰ</span> <span class='ocrx_word' id='word_1_385' title='bbox 982 3184 1084 3255; x_wconf 81' lang='grc' dir='ltr'>τὴν</span> <span class='ocrx_word' id='word_1_386' title='bbox 1114 3183 1315 3255; x_wconf 80' lang='grc' dir='ltr'>σάρκα.</span> <span class='ocrx_word' id='word_1_387' title='bbox 1351 3186 1415 3237; x_wconf 82' lang='grc' dir='ltr'><strong>Εἰ</strong></span> <span class='ocrx_word' id='word_1_388' title='bbox 1450 3185 1507 3238; x_wconf 79' lang='grc' dir='ltr'><strong>δὲ</strong></span> <span class='ocrx_word' id='word_1_389' title='bbox 1540 3187 1634 3240; x_wconf 75' lang='grc' dir='ltr'><strong>καὶ</strong></span> <span class='ocrx_word' id='word_1_390' title='bbox 1665 3188 1730 3239; x_wconf 89' lang='grc' dir='ltr'><strong>ἐκ</strong></span> 
     </span>
    </p>
   </div>
   <div class='ocr_carea' id='block_1_49' title="bbox 1838 1998 3429 2074">
    <p class='ocr_par' dir='ltr' id='par_1_49' title="bbox 1838 1998 3429 2074">
     <span class='ocr_line' id='line_1_49' title="bbox 1838 1998 3429 2074; baseline 0 -19"><span class='ocrx_word' id='word_1_391' title='bbox 1838 1998 2160 2066; x_wconf 75' lang='lat' dir='ltr'><strong>Unigenitus</strong></span> <span class='ocrx_word' id='word_1_392' title='bbox 2192 2002 2418 2069; x_wconf 81' lang='lat' dir='ltr'><strong>proinde</strong></span> <span class='ocrx_word' id='word_1_393' title='bbox 2451 2010 2535 2055; x_wconf 91' lang='lat' dir='ltr'><strong>cst</strong></span> <span class='ocrx_word' id='word_1_394' title='bbox 2566 2012 2625 2055; x_wconf 92' lang='lat' dir='ltr'><strong>ut</strong></span> <span class='ocrx_word' id='word_1_395' title='bbox 2655 2001 2837 2070; x_wconf 85' lang='lat' dir='ltr'><strong>Dens;</strong></span> <span class='ocrx_word' id='word_1_396' title='bbox 2872 2003 3266 2074; x_wconf 65' lang='lat' dir='ltr'><strong>primogenitus</strong></span> <span class='ocrx_word' id='word_1_397' title='bbox 3299 2017 3429 2057; x_wconf 90' lang='lat' dir='ltr'><strong>vero</strong></span> 
     </span>
    </p>
   </div>
   <div class='ocr_carea' id='block_1_50' title="bbox 1833 2091 3026 2162">
    <p class='ocr_par' dir='ltr' id='par_1_50' title="bbox 1833 2091 3026 2162">
     <span class='ocr_line' id='line_1_50' title="bbox 1833 2091 3026 2162; baseline 0.006 -20"><span class='ocrx_word' id='word_1_398' title='bbox 1833 2099 2055 2161; x_wconf 78' lang='lat' dir='ltr'><strong>propter</strong></span> <span class='ocrx_word' id='word_1_399' title='bbox 2084 2107 2301 2146; x_wconf 87' lang='lat' dir='ltr'><strong>crucem</strong></span> <span class='ocrx_word' id='word_1_400' title='bbox 2338 2091 2657 2146; x_wconf 78' lang='lat' dir='ltr'><strong>humanitus</strong></span> <span class='ocrx_word' id='word_1_401' title='bbox 2690 2104 3026 2162; x_wconf 82' lang='lat' dir='ltr'><strong>susceptam.</strong></span> 
     </span>
    </p>
   </div>
   <div class='ocr_carea' id='block_1_51' title="bbox 1904 2183 3433 2263">
    <p class='ocr_par' dir='ltr' id='par_1_51' title="bbox 1904 2183 3433 2263">
     <span class='ocr_line' id='line_1_51' title="bbox 1904 2183 3433 2263; baseline 0.005 -26"><span class='ocrx_word' id='word_1_402' title='bbox 1904 2183 2144 2240; x_wconf 88' lang='lat' dir='ltr'><strong>Joannes</strong></span> <span class='ocrx_word' id='word_1_403' title='bbox 2182 2183 2553 2239; x_wconf 82' lang='lat' dir='ltr'><strong>testimonium</strong></span> <span class='ocrx_word' id='word_1_404' title='bbox 2590 2185 2840 2254; x_wconf 81' lang='lat' dir='ltr'><strong>perhibet</strong></span> <span class='ocrx_word' id='word_1_405' title='bbox 2874 2186 2937 2239; x_wconf 89' lang='lat' dir='ltr'><strong>de</strong></span> <span class='ocrx_word' id='word_1_406' title='bbox 2971 2186 3117 2263; x_wconf 65' lang='lat' dir='ltr'><strong>ipso,</strong></span> <span class='ocrx_word' id='word_1_407' title='bbox 3143 2199 3197 2243; x_wconf 92' lang='lat' dir='ltr'><strong>et</strong></span> <span class='ocrx_word' id='word_1_408' title='bbox 3230 2191 3433 2247; x_wconf 80' lang='lat' dir='ltr'><strong>clamat</strong></span> 
     </span>
    </p>
   </div>
   <div class='ocr_carea' id='block_1_52' title="bbox 1833 2273 3433 2348">
    <p class='ocr_par' dir='ltr' id='par_1_52' title="bbox 1833 2273 3433 2348">
     <span class='ocr_line' id='line_1_52' title="bbox 1833 2273 3433 2348; baseline 0.004 -19"><span class='ocrx_word' id='word_1_409' title='bbox 1833 2275 2020 2329; x_wconf 89' lang='lat' dir='ltr'><strong>dicens</strong></span> <span class='ocrx_word' id='word_1_410' title='bbox 2054 2292 2067 2329; x_wconf 91' lang='lat'><strong>:</strong></span> <span class='ocrx_word' id='word_1_411' title='bbox 2109 2292 2126 2326; x_wconf 88' lang='grc' dir='ltr'><strong>ι</strong></span> <span class='ocrx_word' id='word_1_412' title='bbox 2167 2273 2264 2330; x_wconf 91' lang='lat' dir='ltr'><strong>llic</strong></span> <span class='ocrx_word' id='word_1_413' title='bbox 2299 2286 2417 2329; x_wconf 88' lang='lat' dir='ltr'><strong>erat</strong></span> <span class='ocrx_word' id='word_1_414' title='bbox 2451 2289 2611 2344; x_wconf 88' lang='lat' dir='ltr'><strong>quem</strong></span> <span class='ocrx_word' id='word_1_415' title='bbox 2644 2276 2755 2330; x_wconf 79' lang='lat' dir='ltr'><strong>dixi</strong></span> <span class='ocrx_word' id='word_1_416' title='bbox 2788 2296 2801 2331; x_wconf 93' lang='lat'>:</span> <span class='ocrx_word' id='word_1_417' title='bbox 2836 2276 2940 2343; x_wconf 87' lang='lat' dir='ltr'><strong>Qui</strong></span> <span class='ocrx_word' id='word_1_418' title='bbox 2973 2289 3096 2348; x_wconf 91' lang='lat' dir='ltr'><strong>post</strong></span> <span class='ocrx_word' id='word_1_419' title='bbox 3126 2296 3211 2336; x_wconf 91' lang='lat' dir='ltr'><strong>me</strong></span> <span class='ocrx_word' id='word_1_420' title='bbox 3237 2291 3433 2338; x_wconf 82' lang='lat' dir='ltr'><strong>ventu-</strong></span> 
     </span>
    </p>
   </div>
   <div class='ocr_carea' id='block_1_53' title="bbox 1834 2365 3431 2438">
    <p class='ocr_par' dir='ltr' id='par_1_53' title="bbox 1834 2365 3431 2438">
     <span class='ocr_line' id='line_1_53' title="bbox 1834 2365 3431 2438; baseline 0.004 -17"><span class='ocrx_word' id='word_1_421' title='bbox 1834 2381 1929 2421; x_wconf 88' lang='lat' dir='ltr'><strong>rus</strong></span> <span class='ocrx_word' id='word_1_422' title='bbox 1960 2375 2080 2430; x_wconf 88' lang='lat' dir='ltr'><strong>est,</strong></span> <span class='ocrx_word' id='word_1_423' title='bbox 2114 2375 2238 2419; x_wconf 86' lang='lat' dir='ltr'><strong>ante</strong></span> <span class='ocrx_word' id='word_1_424' title='bbox 2272 2382 2356 2419; x_wconf 90' lang='lat' dir='ltr'><strong>me</strong></span> <span class='ocrx_word' id='word_1_425' title='bbox 2389 2365 2564 2421; x_wconf 79' lang='lat' dir='ltr'><strong>factus</strong></span> <span class='ocrx_word' id='word_1_426' title='bbox 2594 2376 2712 2428; x_wconf 90' lang='lat' dir='ltr'><strong>est,</strong></span> <span class='ocrx_word' id='word_1_427' title='bbox 2743 2368 2868 2437; x_wconf 90' lang='lat' dir='ltr'><strong>quia</strong></span> <span class='ocrx_word' id='word_1_428' title='bbox 2899 2370 3049 2438; x_wconf 89' lang='lat' dir='ltr'><strong>prior</strong></span> <span class='ocrx_word' id='word_1_429' title='bbox 3077 2386 3163 2426; x_wconf 90' lang='lat' dir='ltr'><strong>me</strong></span> <span class='ocrx_word' id='word_1_430' title='bbox 3193 2384 3333 2429; x_wconf 87' lang='lat' dir='ltr'><strong>erat.</strong></span> <span class='ocrx_word' id='word_1_431' title='bbox 3362 2373 3431 2427; x_wconf 87' lang='lat' dir='ltr'><strong>Et</strong></span> 
     </span>
    </p>
   </div>
   <div class='ocr_carea' id='block_1_54' title="bbox 1834 2456 3432 2528">
    <p class='ocr_par' dir='ltr' id='par_1_54' title="bbox 1834 2456 3432 2528">
     <span class='ocr_line' id='line_1_54' title="bbox 1834 2456 3432 2528; baseline 0.006 -17"><span class='ocrx_word' id='word_1_432' title='bbox 1834 2457 1899 2511; x_wconf 91' lang='lat' dir='ltr'><strong>de</strong></span> <span class='ocrx_word' id='word_1_433' title='bbox 1919 2456 2387 2527; x_wconf 86' lang='lat' dir='ltr'><strong>plenitudine-ejus</strong></span> <span class='ocrx_word' id='word_1_434' title='bbox 2408 2473 2504 2511; x_wconf 90' lang='lat' dir='ltr'><strong>nos</strong></span> <span class='ocrx_word' id='word_1_435' title='bbox 2523 2473 2712 2512; x_wconf 89' lang='lat' dir='ltr'><strong>oumes</strong></span> <span class='ocrx_word' id='word_1_436' title='bbox 2730 2461 3042 2528; x_wconf 87' lang='lat' dir='ltr'><strong>accepimus</strong></span> <span class='ocrx_word' id='word_1_437' title='bbox 3060 2460 3126 2516; x_wconf 68' lang='grc' dir='ltr'><strong><em>η.</em></strong></span> <span class='ocrx_word' id='word_1_438' title='bbox 3153 2481 3171 2514; x_wconf 77' lang='grc' dir='ltr'><strong>ι</strong></span> <span class='ocrx_word' id='word_1_439' title='bbox 3195 2463 3432 2520; x_wconf 77' lang='lat' dir='ltr'><strong>Joannes</strong></span> 
     </span>
    </p>
   </div>
   <div class='ocr_carea' id='block_1_55' title="bbox 1833 2545 3432 2622">
    <p class='ocr_par' dir='ltr' id='par_1_55' title="bbox 1833 2545 3432 2622">
     <span class='ocr_line' id='line_1_55' title="bbox 1833 2545 3432 2622; baseline 0.006 -24"><span class='ocrx_word' id='word_1_440' title='bbox 1833 2545 1899 2599; x_wconf 72' lang='lat' dir='ltr'><strong>de</strong></span> <span class='ocrx_word' id='word_1_441' title='bbox 1926 2546 2143 2599; x_wconf 84' lang='lat' dir='ltr'><strong>Christo</strong></span> <span class='ocrx_word' id='word_1_442' title='bbox 2169 2546 2243 2598; x_wconf 86' lang='lat' dir='ltr'><strong>ait</strong></span> <span class='ocrx_word' id='word_1_443' title='bbox 2269 2560 2284 2598; x_wconf 90' lang='lat'><strong>:</strong></span> <span class='ocrx_word' id='word_1_444' title='bbox 2312 2564 2333 2597; x_wconf 74' lang='grc' dir='ltr'><strong>ι</strong></span> <span class='ocrx_word' id='word_1_445' title='bbox 2371 2546 2473 2612; x_wconf 86' lang='lat' dir='ltr'><strong>Qui</strong></span> <span class='ocrx_word' id='word_1_446' title='bbox 2505 2556 2624 2615; x_wconf 86' lang='lat' dir='ltr'><strong>post</strong></span> <span class='ocrx_word' id='word_1_447' title='bbox 2651 2562 2735 2600; x_wconf 89' lang='lat' dir='ltr'><strong>me</strong></span> <span class='ocrx_word' id='word_1_448' title='bbox 2759 2547 2943 2611; x_wconf 85' lang='lat' dir='ltr'><strong>venit,</strong></span> <span class='ocrx_word' id='word_1_449' title='bbox 2978 2566 2996 2601; x_wconf 81' lang='grc' dir='ltr'><strong>ι</strong></span> <span class='ocrx_word' id='word_1_450' title='bbox 3032 2549 3136 2604; x_wconf 92' lang='lat' dir='ltr'><strong>hoc</strong></span> <span class='ocrx_word' id='word_1_451' title='bbox 3164 2561 3277 2619; x_wconf 87' lang='lat' dir='ltr'><strong>est,</strong></span> <span class='ocrx_word' id='word_1_452' title='bbox 3307 2561 3432 2622; x_wconf 90' lang='lat' dir='ltr'><strong>post</strong></span> 
     </span>
    </p>
   </div>
   <div class='ocr_carea' id='block_1_56' title="bbox 1834 2632 3431 2707">
    <p class='ocr_par' dir='ltr' id='par_1_56' title="bbox 1834 2632 3431 2707">
     <span class='ocr_line' id='line_1_56' title="bbox 1834 2632 3431 2707; baseline 0.004 -18"><span class='ocrx_word' id='word_1_453' title='bbox 1834 2648 1921 2689; x_wconf 84' lang='lat' dir='ltr'><strong>me</strong></span> <span class='ocrx_word' id='word_1_454' title='bbox 1952 2632 2348 2699; x_wconf 80' lang='lat' dir='ltr'><strong>manifestatns,</strong></span> <span class='ocrx_word' id='word_1_455' title='bbox 2379 2650 2537 2703; x_wconf 84' lang='lat' dir='ltr'><strong>quem</strong></span> <span class='ocrx_word' id='word_1_456' title='bbox 2566 2634 2778 2689; x_wconf 89' lang='lat' dir='ltr'><strong>scilicet</strong></span> <span class='ocrx_word' id='word_1_457' title='bbox 2805 2635 2923 2704; x_wconf 87' lang='lat' dir='ltr'><strong>ipse</strong></span> <span class='ocrx_word' id='word_1_458' title='bbox 2952 2638 3291 2707; x_wconf 67' lang='lat' dir='ltr'><strong>pmdicavit,</strong></span> <span class='ocrx_word' id='word_1_459' title='bbox 3327 2660 3345 2694; x_wconf 80' lang='grc' dir='ltr'><strong>ι</strong></span> <span class='ocrx_word' id='word_1_460' title='bbox 3384 2641 3431 2696; x_wconf 85' lang='lat' dir='ltr'><strong>is</strong></span> 
     </span>
    </p>
   </div>
   <div class='ocr_carea' id='block_1_57' title="bbox 1833 2724 3431 2802">
    <p class='ocr_par' dir='ltr' id='par_1_57' title="bbox 1833 2724 3431 2802">
     <span class='ocr_line' id='line_1_57' title="bbox 1833 2724 3431 2802; baseline 0.007 -26"><span class='ocrx_word' id='word_1_461' title='bbox 1833 2724 1983 2792; x_wconf 90' lang='lat' dir='ltr'><strong>prior</strong></span> <span class='ocrx_word' id='word_1_462' title='bbox 2014 2740 2098 2778; x_wconf 90' lang='lat' dir='ltr'><strong>me</strong></span> <span class='ocrx_word' id='word_1_463' title='bbox 2128 2733 2230 2789; x_wconf 89' lang='lat' dir='ltr'><strong>est,</strong></span> <span class='ocrx_word' id='word_1_464' title='bbox 2276 2744 2293 2776; x_wconf 78' lang='grc' dir='ltr'><strong>ι</strong></span> <span class='ocrx_word' id='word_1_465' title='bbox 2332 2726 2432 2778; x_wconf 82' lang='lat' dir='ltr'><strong>huc</strong></span> <span class='ocrx_word' id='word_1_466' title='bbox 2463 2734 2568 2789; x_wconf 89' lang='lat' dir='ltr'><strong>est,</strong></span> <span class='ocrx_word' id='word_1_467' title='bbox 2601 2725 2867 2795; x_wconf 80' lang='lat' dir='ltr'><strong>dignitate</strong></span> <span class='ocrx_word' id='word_1_468' title='bbox 2894 2738 2944 2781; x_wconf 91' lang='lat' dir='ltr'><strong>et</strong></span> <span class='ocrx_word' id='word_1_469' title='bbox 2977 2728 3148 2800; x_wconf 74' lang='lat' dir='ltr'><strong>gloria</strong></span> <span class='ocrx_word' id='word_1_470' title='bbox 3180 2746 3265 2785; x_wconf 90' lang='lat' dir='ltr'><strong>me</strong></span> <span class='ocrx_word' id='word_1_471' title='bbox 3293 2748 3431 2802; x_wconf 67' lang='lat' dir='ltr'><strong>prte-</strong></span> 
     </span>
    </p>
   </div>
   <div class='ocr_carea' id='block_1_58' title="bbox 1833 2816 3432 2887">
    <p class='ocr_par' dir='ltr' id='par_1_58' title="bbox 1833 2816 3432 2887">
     <span class='ocr_line' id='line_1_58' title="bbox 1833 2816 3432 2887; baseline 0.004 -16"><span class='ocrx_word' id='word_1_472' title='bbox 1833 2824 1940 2871; x_wconf 79' lang='lat' dir='ltr'><strong>5tat</strong></span> <span class='ocrx_word' id='word_1_473' title='bbox 1983 2834 1995 2869; x_wconf 88' lang='lat'><strong>:</strong></span> <span class='ocrx_word' id='word_1_474' title='bbox 2040 2831 2167 2871; x_wconf 80' lang='lat' dir='ltr'><strong>nam</strong></span> <span class='ocrx_word' id='word_1_475' title='bbox 2214 2825 2271 2871; x_wconf 87' lang='lat' dir='ltr'><strong>et</strong></span> <span class='ocrx_word' id='word_1_476' title='bbox 2318 2816 2434 2886; x_wconf 90' lang='lat' dir='ltr'><strong>ipsa</strong></span> <span class='ocrx_word' id='word_1_477' title='bbox 2480 2832 2697 2885; x_wconf 82' lang='lat' dir='ltr'><strong>quoque</strong></span> <span class='ocrx_word' id='word_1_478' title='bbox 2746 2818 3045 2873; x_wconf 82' lang='lat' dir='ltr'><strong>exsistendi</strong></span> <span class='ocrx_word' id='word_1_479' title='bbox 3093 2821 3328 2887; x_wconf 84' lang='lat' dir='ltr'><strong>ratione,</strong></span> <span class='ocrx_word' id='word_1_480' title='bbox 3374 2832 3432 2878; x_wconf 90' lang='grc' dir='ltr'><strong>ιιι</strong></span> 
     </span>
    </p>
   </div>
   <div class='ocr_carea' id='block_1_59' title="bbox 1834 2905 3431 2981">
    <p class='ocr_par' dir='ltr' id='par_1_59' title="bbox 1834 2905 3431 2981">
     <span class='ocr_line' id='line_1_59' title="bbox 1834 2905 3431 2981; baseline 0.004 -22"><span class='ocrx_word' id='word_1_481' title='bbox 1834 2905 1997 2973; x_wconf 86' lang='lat' dir='ltr'><strong>Deus,</strong></span> <span class='ocrx_word' id='word_1_482' title='bbox 2029 2910 2179 2976; x_wconf 91' lang='lat' dir='ltr'><strong>prior</strong></span> <span class='ocrx_word' id='word_1_483' title='bbox 2202 2915 2340 2961; x_wconf 89' lang='lat' dir='ltr'><strong>erat.</strong></span> <span class='ocrx_word' id='word_1_484' title='bbox 2371 2906 2655 2973; x_wconf 86' lang='lat' dir='ltr'><strong>Quomodo</strong></span> <span class='ocrx_word' id='word_1_485' title='bbox 2682 2922 2810 2979; x_wconf 75' lang='lat' dir='ltr'><strong>ergo</strong></span> <span class='ocrx_word' id='word_1_486' title='bbox 2842 2909 2983 2963; x_wconf 87' lang='lat' dir='ltr'><strong>idem</strong></span> <span class='ocrx_word' id='word_1_487' title='bbox 3012 2906 3224 2967; x_wconf 80' lang='lat' dir='ltr'><strong>Joanne</strong></span> <span class='ocrx_word' id='word_1_488' title='bbox 3280 2914 3431 2981; x_wconf 86' lang='lat' dir='ltr'><strong>prior</strong></span> 
     </span>
    </p>
   </div>
   <div class='ocr_carea' id='block_1_60' title="bbox 1832 2999 3422 3069">
    <p class='ocr_par' dir='ltr' id='par_1_60' title="bbox 1832 2999 3422 3069">
     <span class='ocr_line' id='line_1_60' title="bbox 1832 2999 3422 3069; baseline 0.002 -16"><span class='ocrx_word' id='word_1_489' title='bbox 1832 3010 1885 3053; x_wconf 86' lang='lat' dir='ltr'><strong>et</strong></span> <span class='ocrx_word' id='word_1_490' title='bbox 1924 2999 2197 3067; x_wconf 89' lang='lat' dir='ltr'><strong>posterior</strong></span> <span class='ocrx_word' id='word_1_491' title='bbox 2230 3000 2531 3053; x_wconf 87' lang='lat' dir='ltr'><strong>secundum</strong></span> <span class='ocrx_word' id='word_1_492' title='bbox 2575 3009 2788 3067; x_wconf 88' lang='lat' dir='ltr'><strong>tempus</strong></span> <span class='ocrx_word' id='word_1_493' title='bbox 2827 3000 3073 3055; x_wconf 79' lang='lat' dir='ltr'><strong>exstitit?</strong></span> <span class='ocrx_word' id='word_1_494' title='bbox 3109 3001 3245 3069; x_wconf 89' lang='lat' dir='ltr'><strong>Quia</strong></span> <span class='ocrx_word' id='word_1_495' title='bbox 3279 3002 3422 3058; x_wconf 79' lang='lat' dir='ltr'><strong>Ver-</strong></span> 
     </span>
    </p>
   </div>
   <div class='ocr_carea' id='block_1_61' title="bbox 1834 3090 3431 3166">
    <p class='ocr_par' dir='ltr' id='par_1_61' title="bbox 1834 3090 3431 3166">
     <span class='ocr_line' id='line_1_61' title="bbox 1834 3090 3431 3166; baseline 0.003 -20"><span class='ocrx_word' id='word_1_496' title='bbox 1834 3092 1957 3146; x_wconf 88' lang='lat' dir='ltr'><strong>bum</strong></span> <span class='ocrx_word' id='word_1_497' title='bbox 2000 3090 2141 3145; x_wconf 87' lang='lat' dir='ltr'><strong>Deus</strong></span> <span class='ocrx_word' id='word_1_498' title='bbox 2176 3100 2316 3154; x_wconf 89' lang='lat' dir='ltr'><strong>erat,</strong></span> <span class='ocrx_word' id='word_1_499' title='bbox 2354 3100 2409 3145; x_wconf 90' lang='lat' dir='ltr'><strong>et</strong></span> <span class='ocrx_word' id='word_1_500' title='bbox 2453 3090 2650 3145; x_wconf 80' lang='lat' dir='ltr'><strong>factum</strong></span> <span class='ocrx_word' id='word_1_501' title='bbox 2693 3100 2778 3146; x_wconf 88' lang='lat' dir='ltr'><strong>est</strong></span> <span class='ocrx_word' id='word_1_502' title='bbox 2820 3108 2968 3147; x_wconf 87' lang='lat' dir='ltr'><strong>caro.</strong></span> <span class='ocrx_word' id='word_1_503' title='bbox 3009 3093 3168 3149; x_wconf 85' lang='lat' dir='ltr'><strong>Prius</strong></span> <span class='ocrx_word' id='word_1_504' title='bbox 3204 3095 3431 3166; x_wconf 88' lang='lat' dir='ltr'><strong>proinde</strong></span> 
     </span>
    </p>
   </div>
   <div class='ocr_carea' id='block_1_62' title="bbox 1833 3182 3428 3251">
    <p class='ocr_par' dir='ltr' id='par_1_62' title="bbox 1833 3182 3428 3251">
     <span class='ocr_line' id='line_1_62' title="bbox 1833 3182 3428 3251; baseline 0.001 -13"><span class='ocrx_word' id='word_1_505' title='bbox 1833 3195 1950 3238; x_wconf 89' lang='lat' dir='ltr'><strong>erat</strong></span> <span class='ocrx_word' id='word_1_506' title='bbox 1982 3192 2041 3236; x_wconf 91' lang='lat' dir='ltr'><strong>ut</strong></span> <span class='ocrx_word' id='word_1_507' title='bbox 2062 3182 2321 3246; x_wconf 89' lang='lat' dir='ltr'><strong>Verbum,</strong></span> <span class='ocrx_word' id='word_1_508' title='bbox 2354 3183 2625 3251; x_wconf 87' lang='lat' dir='ltr'><strong>posterius</strong></span> <span class='ocrx_word' id='word_1_509' title='bbox 2654 3198 2783 3237; x_wconf 89' lang='lat' dir='ltr'><strong>vero</strong></span> <span class='ocrx_word' id='word_1_510' title='bbox 2814 3195 2869 3236; x_wconf 92' lang='lat' dir='ltr'><strong>ut</strong></span> <span class='ocrx_word' id='word_1_511' title='bbox 2902 3185 3083 3238; x_wconf 86' lang='lat' dir='ltr'><strong>homo.</strong></span> <span class='ocrx_word' id='word_1_512' title='bbox 3107 3185 3194 3250; x_wconf 87' lang='lat' dir='ltr'><strong>Et,</strong></span> <span class='ocrx_word' id='word_1_513' title='bbox 3231 3187 3273 3240; x_wconf 89' lang='lat' dir='ltr'><strong>si</strong></span> <span class='ocrx_word' id='word_1_514' title='bbox 3302 3202 3428 3241; x_wconf 88' lang='lat' dir='ltr'><strong>om-</strong></span> 
     </span>
    </p>
   </div>
   <div class='ocr_carea' id='block_1_63' title="bbox 115 3272 1727 3347">
    <p class='ocr_par' dir='ltr' id='par_1_63' title="bbox 115 3274 1727 3347">
     <span class='ocr_line' id='line_1_63' title="bbox 115 3274 1727 3347; baseline 0.001 -18"><span class='ocrx_word' id='word_1_515' title='bbox 115 3276 215 3329; x_wconf 86' lang='grc' dir='ltr'><strong>τοῦ</strong></span> <span class='ocrx_word' id='word_1_516' title='bbox 240 3275 608 3347; x_wconf 78' lang='grc' dir='ltr'>πληρώματος</span> <span class='ocrx_word' id='word_1_517' title='bbox 633 3274 797 3329; x_wconf 74' lang='grc' dir='ltr'>αὑτοῦ</span> <span class='ocrx_word' id='word_1_518' title='bbox 823 3275 1025 3337; x_wconf 72' lang='grc' dir='ltr'>πάντες</span> <span class='ocrx_word' id='word_1_519' title='bbox 1051 3278 1458 3347; x_wconf 80' lang='grc' dir='ltr'>μετεσχήκασιν</span> <span class='ocrx_word' id='word_1_520' title='bbox 1507 3279 1555 3329; x_wconf 89' lang='grc' dir='ltr'>οἱ</span> <span class='ocrx_word' id='word_1_521' title='bbox 1585 3278 1727 3345; x_wconf 75' lang='grc' dir='ltr'>ἅγιοι</span> 
     </span>
    </p>
   </div>
   <div class='ocr_carea' id='block_1_64' title="bbox 1837 3272 3426 3347">
    <p class='ocr_par' dir='ltr' id='par_1_64' title="bbox 1837 3273 3426 3346">
     <span class='ocr_line' id='line_1_64' title="bbox 1837 3273 3426 3346; baseline 0.003 -18"><span class='ocrx_word' id='word_1_522' title='bbox 1837 3290 1930 3329; x_wconf 88' lang='lat' dir='ltr'><strong>nes</strong></span> <span class='ocrx_word' id='word_1_523' title='bbox 1954 3274 2128 3327; x_wconf 88' lang='lat' dir='ltr'><strong>sancti</strong></span> <span class='ocrx_word' id='word_1_524' title='bbox 2151 3273 2219 3327; x_wconf 88' lang='lat' dir='ltr'><strong>de</strong></span> <span class='ocrx_word' id='word_1_525' title='bbox 2242 3274 2385 3327; x_wconf 90' lang='lat' dir='ltr'><strong>illius</strong></span> <span class='ocrx_word' id='word_1_526' title='bbox 2411 3274 2745 3341; x_wconf 86' lang='lat' dir='ltr'><strong>plenitudine</strong></span> <span class='ocrx_word' id='word_1_527' title='bbox 2770 3276 3101 3342; x_wconf 88' lang='lat' dir='ltr'><strong>hauserunt;</strong></span> <span class='ocrx_word' id='word_1_528' title='bbox 3127 3276 3239 3331; x_wconf 86' lang='lat' dir='ltr'><strong>sola</strong></span> <span class='ocrx_word' id='word_1_529' title='bbox 3265 3292 3426 3346; x_wconf 87' lang='lat' dir='ltr'><strong>porro</strong></span> 
     </span>
    </p>
   </div>
   <div class='ocr_carea' id='block_1_65' title="bbox 126 3366 1731 3439">
    <p class='ocr_par' dir='ltr' id='par_1_65' title="bbox 126 3366 1731 3439">
     <span class='ocr_line' id='line_1_65' title="bbox 126 3366 1731 3439; baseline 0.001 -18"><span class='ocrx_word' id='word_1_530' title='bbox 126 3368 366 3438; x_wconf 71' lang='grc' dir='ltr'>(πλῆρες</span> <span class='ocrx_word' id='word_1_531' title='bbox 390 3368 445 3421; x_wconf 85' lang='grc' dir='ltr'><strong>δὲ</strong></span> <span class='ocrx_word' id='word_1_532' title='bbox 484 3368 644 3438; x_wconf 86' lang='grc' dir='ltr'>μόνον</span> <span class='ocrx_word' id='word_1_533' title='bbox 677 3368 793 3420; x_wconf 74' lang='grc' dir='ltr'>ἐστὶ</span> <span class='ocrx_word' id='word_1_534' title='bbox 839 3367 901 3420; x_wconf 83' lang='grc' dir='ltr'>τὸ</span> <span class='ocrx_word' id='word_1_535' title='bbox 927 3366 1105 3432; x_wconf 84' lang='grc' dir='ltr'>Θεῖον,</span> <span class='ocrx_word' id='word_1_536' title='bbox 1142 3368 1287 3420; x_wconf 80' lang='grc' dir='ltr'>καθὰ</span> <span class='ocrx_word' id='word_1_537' title='bbox 1315 3386 1480 3438; x_wconf 75' lang='grc' dir='ltr'>φησιν</span> <span class='ocrx_word' id='word_1_538' title='bbox 1507 3369 1595 3422; x_wconf 75' lang='grc' dir='ltr'>διὰ</span> <span class='ocrx_word' id='word_1_539' title='bbox 1632 3368 1731 3439; x_wconf 79' lang='grc' dir='ltr'>τῆς</span> 
     </span>
    </p>
   </div>
   <div class='ocr_carea' id='block_1_66' title="bbox 130 3460 1731 3535">
    <p class='ocr_par' dir='ltr' id='par_1_66' title="bbox 130 3460 1731 3535">
     <span class='ocr_line' id='line_1_66' title="bbox 130 3460 1731 3535; baseline 0.001 -22"><span class='ocrx_word' id='word_1_540' title='bbox 130 3463 362 3514; x_wconf 80' lang='grc' dir='ltr'>Ἡσαΐου</span> <span class='ocrx_word' id='word_1_541' title='bbox 393 3460 622 3533; x_wconf 70' lang='grc' dir='ltr'>φωνῆς),</span> <span class='ocrx_word' id='word_1_542' title='bbox 659 3460 864 3535; x_wconf 84' lang='grc' dir='ltr'>πρέποι</span> <span class='ocrx_word' id='word_1_543' title='bbox 896 3460 964 3514; x_wconf 84' lang='grc' dir='ltr'>ἂν</span> <span class='ocrx_word' id='word_1_544' title='bbox 990 3460 1140 3531; x_wconf 81' lang='grc' dir='ltr'><strong>αὑτῷ</strong></span> <span class='ocrx_word' id='word_1_545' title='bbox 1161 3478 1220 3513; x_wconf 90' lang='grc' dir='ltr'><strong>τε</strong></span> <span class='ocrx_word' id='word_1_546' title='bbox 1252 3462 1344 3514; x_wconf 75' lang='grc' dir='ltr'><strong>καὶ</strong></span> <span class='ocrx_word' id='word_1_547' title='bbox 1375 3462 1521 3532; x_wconf 83' lang='grc' dir='ltr'>μόνῳ</span> <span class='ocrx_word' id='word_1_548' title='bbox 1545 3461 1626 3526; x_wconf 83' lang='grc' dir='ltr'>τὸ,</span> <span class='ocrx_word' id='word_1_549' title='bbox 1657 3462 1731 3525; x_wconf 88' lang='grc' dir='ltr'>ὡς</span> 
     </span>
    </p>
   </div>
   <div class='ocr_carea' id='block_1_67' title="bbox 112 3552 1727 3626">
    <p class='ocr_par' dir='ltr' id='par_1_67' title="bbox 112 3552 1727 3626">
     <span class='ocr_line' id='line_1_67' title="bbox 112 3552 1727 3626; baseline 0.001 -21"><span class='ocrx_word' id='word_1_550' title='bbox 112 3554 173 3619; x_wconf 80' lang='grc' dir='ltr'>ἐξ</span> <span class='ocrx_word' id='word_1_551' title='bbox 207 3554 344 3606; x_wconf 75' lang='grc' dir='ltr'>ἰδίου</span> <span class='ocrx_word' id='word_1_552' title='bbox 372 3552 763 3624; x_wconf 79' lang='grc' dir='ltr'>πληρώματος,</span> <span class='ocrx_word' id='word_1_553' title='bbox 790 3552 985 3607; x_wconf 80' lang='grc' dir='ltr'>ἐαυτοῦ</span> <span class='ocrx_word' id='word_1_554' title='bbox 1021 3554 1289 3626; x_wconf 83' lang='grc' dir='ltr'>μετόχους</span> <span class='ocrx_word' id='word_1_555' title='bbox 1316 3554 1673 3626; x_wconf 80' lang='grc' dir='ltr'>ἀποπληροῦν</span> <span class='ocrx_word' id='word_1_556' title='bbox 1700 3554 1727 3594; x_wconf 71' lang='grc' dir='ltr'><strong>ἀ</strong></span> 
     </span>
    </p>
   </div>
   <div class='ocr_carea' id='block_1_68' title="bbox 113 3641 1731 3717">
    <p class='ocr_par' dir='ltr' id='par_1_68' title="bbox 113 3641 1731 3717">
     <span class='ocr_line' id='line_1_68' title="bbox 113 3641 1731 3717; baseline 0.001 -19"><span class='ocrx_word' id='word_1_557' title='bbox 113 3646 367 3717; x_wconf 79' lang='grc' dir='ltr'>ἐτέρους.</span> <span class='ocrx_word' id='word_1_558' title='bbox 402 3646 665 3716; x_wconf 82' lang='grc' dir='ltr'>Πέπραχε</span> <span class='ocrx_word' id='word_1_559' title='bbox 694 3645 751 3698; x_wconf 84' lang='grc' dir='ltr'><strong>δὲ</strong></span> <span class='ocrx_word' id='word_1_560' title='bbox 776 3643 937 3698; x_wconf 85' lang='grc' dir='ltr'>τοῦτο</span> <span class='ocrx_word' id='word_1_561' title='bbox 965 3646 1227 3716; x_wconf 87' lang='grc' dir='ltr'>Χριστός.</span> <span class='ocrx_word' id='word_1_562' title='bbox 1285 3641 1379 3708; x_wconf 77' lang='grc' dir='ltr'><strong>Εἷς</strong></span> <span class='ocrx_word' id='word_1_563' title='bbox 1427 3646 1537 3716; x_wconf 81' lang='grc' dir='ltr'>ἄρα</span> <span class='ocrx_word' id='word_1_564' title='bbox 1581 3646 1731 3699; x_wconf 76' lang='grc' dir='ltr'>ἐστὶν</span> 
     </span>
    </p>
   </div>
   <div class='ocr_carea' id='block_1_69' title="bbox 114 3736 1725 3810">
    <p class='ocr_par' dir='ltr' id='par_1_69' title="bbox 114 3736 1725 3810">
     <span class='ocr_line' id='line_1_69' title="bbox 114 3736 1725 3810; baseline 0 -19"><span class='ocrx_word' id='word_1_565' title='bbox 114 3739 252 3801; x_wconf 71' lang='grc' dir='ltr'><strong>Υἱὸς</strong></span> <span class='ocrx_word' id='word_1_566' title='bbox 292 3738 388 3790; x_wconf 72' lang='grc' dir='ltr'>καὶ</span> <span class='ocrx_word' id='word_1_567' title='bbox 422 3737 624 3810; x_wconf 84' lang='grc' dir='ltr'>Κύριος</span> <span class='ocrx_word' id='word_1_568' title='bbox 654 3738 681 3790; x_wconf 78' lang='grc' dir='ltr'><strong>ὁ</strong></span> <span class='ocrx_word' id='word_1_569' title='bbox 726 3740 791 3791; x_wconf 86' lang='grc' dir='ltr'><strong>ἐκ</strong></span> <span class='ocrx_word' id='word_1_570' title='bbox 834 3736 971 3790; x_wconf 83' lang='grc' dir='ltr'>Θεοῦ</span> <span class='ocrx_word' id='word_1_571' title='bbox 1009 3738 1185 3806; x_wconf 85' lang='grc' dir='ltr'>Λόγος</span> <span class='ocrx_word' id='word_1_572' title='bbox 1232 3738 1525 3809; x_wconf 84' lang='grc' dir='ltr'>γενόμενος</span> <span class='ocrx_word' id='word_1_573' title='bbox 1566 3738 1725 3810; x_wconf 77' lang='grc' dir='ltr'>σὰρξ,</span> 
     </span>
    </p>
   </div>
   <div class='ocr_carea' id='block_1_70' title="bbox 110 3828 1729 3901">
    <p class='ocr_par' dir='ltr' id='par_1_70' title="bbox 110 3828 1729 3901">
     <span class='ocr_line' id='line_1_70' title="bbox 110 3828 1729 3901; baseline -0.002 -17"><span class='ocrx_word' id='word_1_574' title='bbox 110 3831 285 3893; x_wconf 70' lang='grc' dir='ltr'>αὐτὸς</span> <span class='ocrx_word' id='word_1_575' title='bbox 315 3830 450 3894; x_wconf 83' lang='grc' dir='ltr'>Θεὸς</span> <span class='ocrx_word' id='word_1_576' title='bbox 478 3847 539 3882; x_wconf 86' lang='grc' dir='ltr'><strong>τε</strong></span> <span class='ocrx_word' id='word_1_577' title='bbox 568 3828 705 3900; x_wconf 80' lang='grc' dir='ltr'>ὁμοῦ</span> <span class='ocrx_word' id='word_1_578' title='bbox 749 3830 844 3883; x_wconf 74' lang='grc' dir='ltr'>καὶ</span> <span class='ocrx_word' id='word_1_579' title='bbox 889 3830 1200 3901; x_wconf 77' lang='grc' dir='ltr'>ἄνθρωπος.</span> <span class='ocrx_word' id='word_1_580' title='bbox 1243 3832 1398 3900; x_wconf 66' lang='grc' dir='ltr'>’Ἐχοι</span> <span class='ocrx_word' id='word_1_581' title='bbox 1438 3831 1484 3884; x_wconf 81' lang='grc' dir='ltr'><strong>δ’</strong></span> <span class='ocrx_word' id='word_1_582' title='bbox 1517 3832 1583 3885; x_wconf 81' lang='grc' dir='ltr'>ἂν</span> <span class='ocrx_word' id='word_1_583' title='bbox 1633 3830 1729 3900; x_wconf 78' lang='grc' dir='ltr'>τὴν</span> 
     </span>
    </p>
   </div>
   <div class='ocr_carea' id='block_1_71' title="bbox 105 3914 1728 3994">
    <p class='ocr_par' dir='ltr' id='par_1_71' title="bbox 105 3914 1728 3994">
     <span class='ocr_line' id='line_1_71' title="bbox 105 3914 1728 3994; baseline -0.001 -19"><span class='ocrx_word' id='word_1_584' title='bbox 105 3922 367 3975; x_wconf 71' lang='grc' dir='ltr'>διάνοιαν</span> <span class='ocrx_word' id='word_1_585' title='bbox 398 3922 460 3975; x_wconf 75' lang='grc' dir='ltr'>τὸ</span> <span class='ocrx_word' id='word_1_586' title='bbox 505 3921 710 3993; x_wconf 80' lang='grc' dir='ltr'>ἐφεξῆς</span> <span class='ocrx_word' id='word_1_587' title='bbox 758 3922 961 3994; x_wconf 55' lang='grc' dir='ltr'>ῥητόν</span> <span class='ocrx_word' id='word_1_588' title='bbox 1023 3941 1040 3974; x_wconf 86' lang='grc' dir='ltr'><strong>ι</strong></span> <span class='ocrx_word' id='word_1_589' title='bbox 1086 3914 1257 3985; x_wconf 74' lang='grc' dir='ltr'>Οὗτός</span> <span class='ocrx_word' id='word_1_590' title='bbox 1312 3925 1445 3984; x_wconf 86' lang='grc' dir='ltr'>ἐστι,</span> <span class='ocrx_word' id='word_1_591' title='bbox 1484 3922 1615 3993; x_wconf 68' lang='grc' dir='ltr'>περὶ</span> <span class='ocrx_word' id='word_1_592' title='bbox 1666 3914 1728 3974; x_wconf 81' lang='grc' dir='ltr'><strong>οῦ</strong></span> 
     </span>
    </p>
   </div>
   <div class='ocr_carea' id='block_1_72' title="bbox 106 4011 1730 4087">
    <p class='ocr_par' dir='ltr' id='par_1_72' title="bbox 106 4011 1730 4087">
     <span class='ocr_line' id='line_1_72' title="bbox 106 4011 1730 4087; baseline -0.001 -20"><span class='ocrx_word' id='word_1_593' title='bbox 106 4015 234 4084; x_wconf 74' lang='grc' dir='ltr'>ἐγὼ</span> <span class='ocrx_word' id='word_1_594' title='bbox 272 4011 453 4067; x_wconf 75' lang='grc' dir='ltr'>εἷπον·</span> <span class='ocrx_word' id='word_1_595' title='bbox 496 4014 708 4067; x_wconf 84' lang='grc' dir='ltr'>Ὀπίσω</span> <span class='ocrx_word' id='word_1_596' title='bbox 742 4031 843 4086; x_wconf 87' lang='grc' dir='ltr'><strong>μου</strong></span> <span class='ocrx_word' id='word_1_597' title='bbox 878 4013 1096 4087; x_wconf 79' lang='grc' dir='ltr'>ἔρχεται</span> <span class='ocrx_word' id='word_1_598' title='bbox 1142 4015 1302 4085; x_wconf 79' lang='grc' dir='ltr'>ἀνὴρ,</span> <span class='ocrx_word' id='word_1_599' title='bbox 1336 4014 1391 4078; x_wconf 79' lang='grc' dir='ltr'>ὃς</span> <span class='ocrx_word' id='word_1_600' title='bbox 1421 4012 1730 4084; x_wconf 79' lang='grc' dir='ltr'>ἔμπροσθέν</span> 
     </span>
    </p>
   </div>
   <div class='ocr_carea' id='block_1_73' title="bbox 110 4101 1736 4178">
    <p class='ocr_par' dir='ltr' id='par_1_73' title="bbox 110 4101 1736 4178">
     <span class='ocr_line' id='line_1_73' title="bbox 110 4101 1736 4178; baseline -0.001 -19"><span class='ocrx_word' id='word_1_601' title='bbox 110 4126 225 4177; x_wconf 79' lang='grc' dir='ltr'><strong>μου</strong></span> <span class='ocrx_word' id='word_1_602' title='bbox 259 4107 512 4175; x_wconf 76' lang='grc' dir='ltr'>γέγονεν,</span> <span class='ocrx_word' id='word_1_603' title='bbox 540 4105 623 4158; x_wconf 82' lang='grc' dir='ltr'>ὅτι</span> <span class='ocrx_word' id='word_1_604' title='bbox 664 4106 882 4178; x_wconf 84' lang='grc' dir='ltr'>πρῶτός</span> <span class='ocrx_word' id='word_1_605' title='bbox 916 4123 1025 4177; x_wconf 81' lang='grc' dir='ltr'><strong>μου</strong></span> <span class='ocrx_word' id='word_1_606' title='bbox 1054 4101 1140 4176; x_wconf 78' lang='grc' dir='ltr'><strong>ἦν.</strong></span> <span class='ocrx_word' id='word_1_607' title='bbox 1177 4123 1195 4156; x_wconf 73' lang='grc' dir='ltr'><strong>ι</strong></span> <span class='ocrx_word' id='word_1_608' title='bbox 1247 4105 1381 4158; x_wconf 71' lang='grc' dir='ltr'>Ἰδοὺ</span> <span class='ocrx_word' id='word_1_609' title='bbox 1412 4105 1519 4175; x_wconf 75' lang='grc' dir='ltr'>γὰρ</span> <span class='ocrx_word' id='word_1_610' title='bbox 1560 4104 1736 4171; x_wconf 78' lang='grc' dir='ltr'>ἄνδρα</span> 
     </span>
    </p>
   </div>
   <div class='ocr_carea' id='block_1_74' title="bbox 101 4190 1728 4267">
    <p class='ocr_par' dir='ltr' id='par_1_74' title="bbox 101 4190 1728 4267">
     <span class='ocr_line' id='line_1_74' title="bbox 101 4190 1728 4267; baseline -0.001 -19"><span class='ocrx_word' id='word_1_611' title='bbox 101 4196 300 4265; x_wconf 77' lang='grc' dir='ltr'>λέγων</span> <span class='ocrx_word' id='word_1_612' title='bbox 331 4196 517 4263; x_wconf 81' lang='grc' dir='ltr'>αὑτὸν,</span> <span class='ocrx_word' id='word_1_613' title='bbox 547 4196 641 4248; x_wconf 79' lang='grc' dir='ltr'>καὶ</span> <span class='ocrx_word' id='word_1_614' title='bbox 662 4196 960 4267; x_wconf 83' lang='grc' dir='ltr'>ἐρχόμενον</span> <span class='ocrx_word' id='word_1_615' title='bbox 986 4196 1185 4261; x_wconf 79' lang='grc' dir='ltr'>ὀπίσω,</span> <span class='ocrx_word' id='word_1_616' title='bbox 1212 4196 1426 4267; x_wconf 83' lang='grc' dir='ltr'>πρῶτον</span> <span class='ocrx_word' id='word_1_617' title='bbox 1457 4190 1596 4248; x_wconf 74' lang='grc' dir='ltr'>εἶναί</span> <span class='ocrx_word' id='word_1_618' title='bbox 1626 4212 1728 4263; x_wconf 83' lang='grc' dir='ltr'><strong>φη·</strong></span> 
     </span>
    </p>
   </div>
   <div class='ocr_carea' id='block_1_75' title="bbox 105 4282 1727 4359">
    <p class='ocr_par' dir='ltr' id='par_1_75' title="bbox 105 4282 1727 4359">
     <span class='ocr_line' id='line_1_75' title="bbox 105 4282 1727 4359; baseline -0.002 -19"><span class='ocrx_word' id='word_1_619' title='bbox 105 4306 202 4340; x_wconf 87' lang='grc' dir='ltr'><strong>σιν</strong></span> <span class='ocrx_word' id='word_1_620' title='bbox 230 4287 311 4350; x_wconf 86' lang='grc' dir='ltr'>ὡς</span> <span class='ocrx_word' id='word_1_621' title='bbox 349 4286 484 4340; x_wconf 85' lang='grc' dir='ltr'>Θεόν</span> <span class='ocrx_word' id='word_1_622' title='bbox 505 4304 519 4317; x_wconf 72' lang='grc' dir='ltr'><strong>ο</strong></span> <span class='ocrx_word' id='word_1_623' title='bbox 557 4305 578 4339; x_wconf 78' lang='lat' dir='ltr'><strong>t</strong></span> <span class='ocrx_word' id='word_1_624' title='bbox 625 4287 719 4342; x_wconf 83' lang='grc' dir='ltr'>Ἔν</span> <span class='ocrx_word' id='word_1_625' title='bbox 750 4288 892 4359; x_wconf 79' lang='grc' dir='ltr'>ἀρχῇ</span> <span class='ocrx_word' id='word_1_626' title='bbox 923 4287 1033 4359; x_wconf 75' lang='grc' dir='ltr'>γὰρ</span> <span class='ocrx_word' id='word_1_627' title='bbox 1062 4282 1131 4358; x_wconf 77' lang='grc' dir='ltr'>ἦν</span> <span class='ocrx_word' id='word_1_628' title='bbox 1174 4288 1201 4339; x_wconf 77' lang='grc' dir='ltr'><strong>ὁ</strong></span> <span class='ocrx_word' id='word_1_629' title='bbox 1240 4287 1433 4354; x_wconf 80' lang='grc' dir='ltr'>Λόγος,</span> <span class='ocrx_word' id='word_1_630' title='bbox 1466 4287 1560 4338; x_wconf 75' lang='grc' dir='ltr'>καὶ</span> <span class='ocrx_word' id='word_1_631' title='bbox 1596 4286 1727 4349; x_wconf 79' lang='grc' dir='ltr'>Θεὸς</span> 
     </span>
    </p>
   </div>
   <div class='ocr_carea' id='block_1_76' title="bbox 97 4377 475 4453">
    <p class='ocr_par' dir='ltr' id='par_1_76' title="bbox 97 4377 475 4453">
     <span class='ocr_line' id='line_1_76' title="bbox 97 4377 475 4453; baseline 0 -21"><span class='ocrx_word' id='word_1_632' title='bbox 97 4377 180 4453; x_wconf 77' lang='grc' dir='ltr'>ἦν</span> <span class='ocrx_word' id='word_1_633' title='bbox 213 4380 245 4432; x_wconf 82' lang='grc' dir='ltr'>ὁ</span> <span class='ocrx_word' id='word_1_634' title='bbox 274 4380 475 4449; x_wconf 81' lang='grc' dir='ltr'>Λόγος.</span> 
     </span>
    </p>
   </div>
   <div class='ocr_carea' id='block_1_77' title="bbox 190 4467 1723 4542">
    <p class='ocr_par' dir='ltr' id='par_1_77' title="bbox 190 4467 1723 4542">
     <span class='ocr_line' id='line_1_77' title="bbox 190 4467 1723 4542; baseline -0.002 -20"><span class='ocrx_word' id='word_1_635' title='bbox 190 4492 210 4522; x_wconf 72' lang='grc' dir='ltr'><strong>ι</strong></span> <span class='ocrx_word' id='word_1_636' title='bbox 255 4472 372 4523; x_wconf 79' lang='grc' dir='ltr'>Καὶ</span> <span class='ocrx_word' id='word_1_637' title='bbox 418 4469 803 4542; x_wconf 83' lang='grc' dir='ltr'>ἐμαρτύρησεν</span> <span class='ocrx_word' id='word_1_638' title='bbox 845 4470 1101 4539; x_wconf 71' lang='grc' dir='ltr'>Ἰωάννης</span> <span class='ocrx_word' id='word_1_639' title='bbox 1151 4469 1349 4538; x_wconf 80' lang='grc' dir='ltr'>λέγων,</span> <span class='ocrx_word' id='word_1_640' title='bbox 1401 4468 1482 4521; x_wconf 84' lang='grc' dir='ltr'>ὅτι</span> <span class='ocrx_word' id='word_1_641' title='bbox 1523 4467 1723 4520; x_wconf 66' lang='grc' dir='ltr'>ΤεΟέας</span> 
     </span>
    </p>
   </div>
   <div class='ocr_carea' id='block_1_78' title="bbox 1836 3364 3423 3436">
    <p class='ocr_par' dir='ltr' id='par_1_78' title="bbox 1836 3364 3423 3436">
     <span class='ocr_line' id='line_1_78' title="bbox 1836 3364 3423 3436; baseline 0.003 -18"><span class='ocrx_word' id='word_1_642' title='bbox 1836 3366 2121 3429; x_wconf 78' lang='lat' dir='ltr'><strong>divinitas,</strong></span> <span class='ocrx_word' id='word_1_643' title='bbox 2152 3365 2303 3434; x_wconf 69' lang='lat' dir='ltr'><strong>juxta</strong></span> <span class='ocrx_word' id='word_1_644' title='bbox 2338 3364 2489 3418; x_wconf 70' lang='lat' dir='ltr'><strong>lsaim</strong></span> <span class='ocrx_word' id='word_1_645' title='bbox 2525 3381 2711 3419; x_wconf 86' lang='lat' dir='ltr'><strong>vocem</strong></span> <span class='ocrx_word' id='word_1_646' title='bbox 2742 3367 2811 3430; x_wconf 69' lang='grc' dir='ltr'>ιθ,</span> <span class='ocrx_word' id='word_1_647' title='bbox 2844 3367 3091 3421; x_wconf 84' lang='lat' dir='ltr'><strong>absolute</strong></span> <span class='ocrx_word' id='word_1_648' title='bbox 3120 3369 3274 3436; x_wconf 89' lang='lat' dir='ltr'><strong>plena</strong></span> <span class='ocrx_word' id='word_1_649' title='bbox 3304 3379 3423 3433; x_wconf 90' lang='lat' dir='ltr'><strong>est;</strong></span> 
     </span>
    </p>
   </div>
   <div class='ocr_carea' id='block_1_79' title="bbox 1836 3457 3425 3527">
    <p class='ocr_par' dir='ltr' id='par_1_79' title="bbox 1836 3457 3425 3527">
     <span class='ocr_line' id='line_1_79' title="bbox 1836 3457 3425 3527; baseline 0.001 -15"><span class='ocrx_word' id='word_1_650' title='bbox 1836 3458 1934 3527; x_wconf 86' lang='lat' dir='ltr'><strong>ipsi</strong></span> <span class='ocrx_word' id='word_1_651' title='bbox 1966 3458 2063 3511; x_wconf 88' lang='lat' dir='ltr'><strong>soli</strong></span> <span class='ocrx_word' id='word_1_652' title='bbox 2095 3458 2369 3521; x_wconf 79' lang='lat' dir='ltr'><strong>convenit,</strong></span> <span class='ocrx_word' id='word_1_653' title='bbox 2400 3469 2457 3509; x_wconf 85' lang='lat' dir='ltr'><strong>ut</strong></span> <span class='ocrx_word' id='word_1_654' title='bbox 2491 3472 2585 3509; x_wconf 90' lang='lat' dir='ltr'><strong>sua</strong></span> <span class='ocrx_word' id='word_1_655' title='bbox 2619 3457 2787 3527; x_wconf 85' lang='lat' dir='ltr'><strong>ipsius</strong></span> <span class='ocrx_word' id='word_1_656' title='bbox 2823 3458 3161 3526; x_wconf 85' lang='lat' dir='ltr'><strong>plenitudine</strong></span> <span class='ocrx_word' id='word_1_657' title='bbox 3191 3460 3425 3513; x_wconf 89' lang='lat' dir='ltr'><strong>aliorum</strong></span> 
     </span>
    </p>
   </div>
   <div class='ocr_carea' id='block_1_80' title="bbox 1836 3550 3421 3620">
    <p class='ocr_par' dir='ltr' id='par_1_80' title="bbox 1836 3550 3421 3620">
     <span class='ocr_line' id='line_1_80' title="bbox 1836 3550 3421 3620; baseline -0.001 -16"><span class='ocrx_word' id='word_1_658' title='bbox 1836 3550 2029 3620; x_wconf 76' lang='lat' dir='ltr'><strong>inopia:</strong></span> <span class='ocrx_word' id='word_1_659' title='bbox 2063 3550 2366 3605; x_wconf 86' lang='lat' dir='ltr'><strong>subveniat.</strong></span> <span class='ocrx_word' id='word_1_660' title='bbox 2404 3551 2660 3605; x_wconf 67' lang='lat' dir='ltr'><strong>Praestitit</strong></span> <span class='ocrx_word' id='word_1_661' title='bbox 2695 3559 2874 3603; x_wconf 89' lang='lat' dir='ltr'><strong>autem</strong></span> <span class='ocrx_word' id='word_1_662' title='bbox 2912 3555 3012 3605; x_wconf 85' lang='lat' dir='ltr'><strong>hoc</strong></span> <span class='ocrx_word' id='word_1_663' title='bbox 3046 3553 3219 3620; x_wconf 87' lang='lat' dir='ltr'><strong>ipsum</strong></span> <span class='ocrx_word' id='word_1_664' title='bbox 3257 3553 3421 3607; x_wconf 90' lang='lat' dir='ltr'><strong>Chri-</strong></span> 
     </span>
    </p>
   </div>
   <div class='ocr_carea' id='block_1_81' title="bbox 1833 3640 3430 3710">
    <p class='ocr_par' dir='ltr' id='par_1_81' title="bbox 1833 3640 3430 3710">
     <span class='ocr_line' id='line_1_81' title="bbox 1833 3640 3430 3710; baseline 0.001 -14"><span class='ocrx_word' id='word_1_665' title='bbox 1833 3652 1979 3709; x_wconf 85' lang='lat' dir='ltr'><strong>stus;</strong></span> <span class='ocrx_word' id='word_1_666' title='bbox 2020 3643 2360 3697; x_wconf 77' lang='lat' dir='ltr'><strong>iucaruntum</strong></span> <span class='ocrx_word' id='word_1_667' title='bbox 2404 3643 2582 3710; x_wconf 80' lang='lat' dir='ltr'><strong>itaque</strong></span> <span class='ocrx_word' id='word_1_668' title='bbox 2623 3640 2712 3695; x_wconf 85' lang='lat' dir='ltr'><strong>Dei</strong></span> <span class='ocrx_word' id='word_1_669' title='bbox 2748 3640 2986 3695; x_wconf 83' lang='lat' dir='ltr'><strong>Verbum</strong></span> <span class='ocrx_word' id='word_1_670' title='bbox 3028 3658 3165 3696; x_wconf 82' lang='lat' dir='ltr'><strong>unus</strong></span> <span class='ocrx_word' id='word_1_671' title='bbox 3199 3652 3282 3697; x_wconf 86' lang='lat' dir='ltr'><strong>est</strong></span> <span class='ocrx_word' id='word_1_672' title='bbox 3322 3641 3430 3697; x_wconf 86' lang='lat' dir='ltr'><strong>Do-</strong></span> 
     </span>
    </p>
   </div>
   <div class='ocr_carea' id='block_1_82' title="bbox 1833 3724 3422 3802">
    <p class='ocr_par' dir='ltr' id='par_1_82' title="bbox 1833 3724 3422 3802">
     <span class='ocr_line' id='line_1_82' title="bbox 1833 3724 3422 3802; baseline -0.001 -15"><span class='ocrx_word' id='word_1_673' title='bbox 1833 3735 2011 3788; x_wconf 89' lang='lat' dir='ltr'><strong>minus</strong></span> <span class='ocrx_word' id='word_1_674' title='bbox 2059 3744 2108 3787; x_wconf 92' lang='lat' dir='ltr'><strong>et</strong></span> <span class='ocrx_word' id='word_1_675' title='bbox 2164 3724 2369 3798; x_wconf 84' lang='lat' dir='ltr'><strong>Filius,</strong></span> <span class='ocrx_word' id='word_1_676' title='bbox 2419 3733 2671 3802; x_wconf 82' lang='lat' dir='ltr'><strong>identun</strong></span> <span class='ocrx_word' id='word_1_677' title='bbox 2726 3731 2863 3787; x_wconf 81' lang='lat' dir='ltr'><strong>Deus</strong></span> <span class='ocrx_word' id='word_1_678' title='bbox 2913 3733 3072 3786; x_wconf 91' lang='lat' dir='ltr'><strong>simul</strong></span> <span class='ocrx_word' id='word_1_679' title='bbox 3129 3744 3185 3787; x_wconf 91' lang='lat' dir='ltr'><strong>et</strong></span> <span class='ocrx_word' id='word_1_680' title='bbox 3236 3735 3422 3788; x_wconf 88' lang='lat' dir='ltr'><strong>homo.</strong></span> 
     </span>
    </p>
   </div>
   <div class='ocr_carea' id='block_1_83' title="bbox 1834 3824 3421 3893">
    <p class='ocr_par' dir='ltr' id='par_1_83' title="bbox 1834 3824 3421 3893">
     <span class='ocr_line' id='line_1_83' title="bbox 1834 3824 3421 3893; baseline 0.001 -15"><span class='ocrx_word' id='word_1_681' title='bbox 1834 3824 2090 3893; x_wconf 84' lang='lat' dir='ltr'><strong>Ejusdem</strong></span> <span class='ocrx_word' id='word_1_682' title='bbox 2139 3826 2422 3878; x_wconf 71' lang='lat' dir='ltr'><strong>sententia:</strong></span> <span class='ocrx_word' id='word_1_683' title='bbox 2473 3834 2587 3884; x_wconf 88' lang='lat' dir='ltr'><strong>est,</strong></span> <span class='ocrx_word' id='word_1_684' title='bbox 2639 3825 2780 3891; x_wconf 92' lang='lat' dir='ltr'><strong>quod</strong></span> <span class='ocrx_word' id='word_1_685' title='bbox 2834 3839 2957 3877; x_wconf 71' lang='lat' dir='ltr'><strong>mox</strong></span> <span class='ocrx_word' id='word_1_686' title='bbox 3009 3824 3362 3893; x_wconf 81' lang='lat' dir='ltr'><strong>subjungitur</strong></span> <span class='ocrx_word' id='word_1_687' title='bbox 3408 3845 3421 3880; x_wconf 90' lang='lat'>:</span> 
     </span>
    </p>
   </div>
   <div class='ocr_carea' id='block_1_84' title="bbox 1839 3914 3422 3984">
    <p class='ocr_par' dir='ltr' id='par_1_84' title="bbox 1839 3914 3422 3984">
     <span class='ocr_line' id='line_1_84' title="bbox 1839 3914 3422 3984; baseline 0.002 -16"><span class='ocrx_word' id='word_1_688' title='bbox 1839 3935 1856 3968; x_wconf 81' lang='grc' dir='ltr'><strong>ι</strong></span> <span class='ocrx_word' id='word_1_689' title='bbox 1898 3916 1995 3970; x_wconf 91' lang='lat' dir='ltr'><strong>llic</strong></span> <span class='ocrx_word' id='word_1_690' title='bbox 2025 3926 2143 3977; x_wconf 81' lang='lat' dir='ltr'><strong>est,</strong></span> <span class='ocrx_word' id='word_1_691' title='bbox 2179 3916 2387 3984; x_wconf 88' lang='lat' dir='ltr'><strong>inquit,</strong></span> <span class='ocrx_word' id='word_1_692' title='bbox 2422 3917 2487 3969; x_wconf 86' lang='lat' dir='ltr'><strong>de</strong></span> <span class='ocrx_word' id='word_1_693' title='bbox 2522 3930 2628 3982; x_wconf 90' lang='lat' dir='ltr'><strong>quo</strong></span> <span class='ocrx_word' id='word_1_694' title='bbox 2661 3916 2768 3967; x_wconf 82' lang='lat' dir='ltr'><strong>dixi</strong></span> <span class='ocrx_word' id='word_1_695' title='bbox 2804 3933 2818 3968; x_wconf 91' lang='lat'>:</span> <span class='ocrx_word' id='word_1_696' title='bbox 2856 3914 2983 3970; x_wconf 85' lang='lat' dir='ltr'><strong>Post</strong></span> <span class='ocrx_word' id='word_1_697' title='bbox 3018 3931 3103 3969; x_wconf 91' lang='lat' dir='ltr'><strong>me</strong></span> <span class='ocrx_word' id='word_1_698' title='bbox 3137 3916 3283 3970; x_wconf 87' lang='lat' dir='ltr'><strong>venit</strong></span> <span class='ocrx_word' id='word_1_699' title='bbox 3318 3918 3422 3982; x_wconf 84' lang='lat' dir='ltr'><strong>vir,</strong></span> 
     </span>
    </p>
   </div>
   <div class='ocr_carea' id='block_1_85' title="bbox 1832 4006 3426 4078">
    <p class='ocr_par' dir='ltr' id='par_1_85' title="bbox 1832 4006 3426 4078">
     <span class='ocr_line' id='line_1_85' title="bbox 1832 4006 3426 4078; baseline 0.003 -19"><span class='ocrx_word' id='word_1_700' title='bbox 1832 4010 1922 4078; x_wconf 90' lang='lat' dir='ltr'><strong>qui</strong></span> <span class='ocrx_word' id='word_1_701' title='bbox 1954 4018 2082 4062; x_wconf 85' lang='lat' dir='ltr'><strong>ante</strong></span> <span class='ocrx_word' id='word_1_702' title='bbox 2115 4023 2199 4061; x_wconf 89' lang='lat' dir='ltr'><strong>me</strong></span> <span class='ocrx_word' id='word_1_703' title='bbox 2228 4008 2407 4060; x_wconf 74' lang='lat' dir='ltr'><strong>factus</strong></span> <span class='ocrx_word' id='word_1_704' title='bbox 2436 4017 2546 4072; x_wconf 89' lang='lat' dir='ltr'><strong>est,</strong></span> <span class='ocrx_word' id='word_1_705' title='bbox 2585 4006 2708 4075; x_wconf 73' lang='lat' dir='ltr'><strong>quin</strong></span> <span class='ocrx_word' id='word_1_706' title='bbox 2744 4007 2894 4075; x_wconf 85' lang='lat' dir='ltr'><strong>prior</strong></span> <span class='ocrx_word' id='word_1_707' title='bbox 2922 4022 3005 4059; x_wconf 87' lang='lat' dir='ltr'><strong>me</strong></span> <span class='ocrx_word' id='word_1_708' title='bbox 3035 4017 3151 4061; x_wconf 90' lang='lat' dir='ltr'><strong>erat</strong></span> <span class='ocrx_word' id='word_1_709' title='bbox 3177 4009 3245 4063; x_wconf 83' lang='grc'><strong>⁸⁸.</strong></span> <span class='ocrx_word' id='word_1_710' title='bbox 3275 4028 3293 4060; x_wconf 79' lang='grc' dir='ltr'><strong>ι</strong></span> <span class='ocrx_word' id='word_1_711' title='bbox 3322 4008 3426 4077; x_wconf 82' lang='grc' dir='ltr'>Ειι,</span> 
     </span>
    </p>
   </div>
   <div class='ocr_carea' id='block_1_86' title="bbox 1834 4096 3423 4167">
    <p class='ocr_par' dir='ltr' id='par_1_86' title="bbox 1834 4096 3423 4167">
     <span class='ocr_line' id='line_1_86' title="bbox 1834 4096 3423 4167; baseline 0 -16"><span class='ocrx_word' id='word_1_712' title='bbox 1834 4100 1957 4153; x_wconf 83' lang='lat' dir='ltr'><strong>licet</strong></span> <span class='ocrx_word' id='word_1_713' title='bbox 1995 4099 2169 4151; x_wconf 86' lang='lat' dir='ltr'><strong>virum</strong></span> <span class='ocrx_word' id='word_1_714' title='bbox 2212 4107 2400 4161; x_wconf 85' lang='lat' dir='ltr'><strong>vocet,</strong></span> <span class='ocrx_word' id='word_1_715' title='bbox 2439 4105 2486 4150; x_wconf 91' lang='lat' dir='ltr'><strong>et</strong></span> <span class='ocrx_word' id='word_1_716' title='bbox 2531 4105 2649 4165; x_wconf 89' lang='lat' dir='ltr'><strong>post</strong></span> <span class='ocrx_word' id='word_1_717' title='bbox 2688 4111 2746 4150; x_wconf 90' lang='lat' dir='ltr'><strong>se</strong></span> <span class='ocrx_word' id='word_1_718' title='bbox 2782 4096 3084 4151; x_wconf 89' lang='lat' dir='ltr'><strong>venientem</strong></span> <span class='ocrx_word' id='word_1_719' title='bbox 3126 4098 3423 4167; x_wconf 69' lang='lat' dir='ltr'><strong>praedicet,</strong></span> 
     </span>
    </p>
   </div>
   <div class='ocr_carea' id='block_1_87' title="bbox 1830 4187 3419 4258">
    <p class='ocr_par' dir='ltr' id='par_1_87' title="bbox 1830 4187 3419 4258">
     <span class='ocr_line' id='line_1_87' title="bbox 1830 4187 3419 4258; baseline 0 -13"><span class='ocrx_word' id='word_1_720' title='bbox 1830 4191 2129 4245; x_wconf 84' lang='lat' dir='ltr'><strong>secundum</strong></span> <span class='ocrx_word' id='word_1_721' title='bbox 2169 4190 2509 4242; x_wconf 78' lang='lat' dir='ltr'><strong>divinitatem</strong></span> <span class='ocrx_word' id='word_1_722' title='bbox 2548 4199 2725 4243; x_wconf 84' lang='lat' dir='ltr'><strong>tamen</strong></span> <span class='ocrx_word' id='word_1_723' title='bbox 2764 4203 2821 4243; x_wconf 90' lang='lat' dir='ltr'><strong>se</strong></span> <span class='ocrx_word' id='word_1_724' title='bbox 2856 4189 3094 4258; x_wconf 87' lang='lat' dir='ltr'><strong>priorem</strong></span> <span class='ocrx_word' id='word_1_725' title='bbox 3130 4187 3365 4244; x_wconf 71' lang='lat' dir='ltr'><strong>afﬁrmat</strong></span> <span class='ocrx_word' id='word_1_726' title='bbox 3404 4208 3419 4245; x_wconf 89' lang='lat'><strong>:</strong></span> 
     </span>
    </p>
   </div>
   <div class='ocr_carea' id='block_1_88' title="bbox 1832 4278 3428 4351">
    <p class='ocr_par' dir='ltr' id='par_1_88' title="bbox 1832 4278 3428 4351">
     <span class='ocr_line' id='line_1_88' title="bbox 1832 4278 3428 4351; baseline 0.003 -18"><span class='ocrx_word' id='word_1_727' title='bbox 1832 4300 1854 4333; x_wconf 80' lang='grc'><strong>‹</strong></span> <span class='ocrx_word' id='word_1_728' title='bbox 1894 4279 1948 4335; x_wconf 81' lang='lat' dir='ltr'><strong>In</strong></span> <span class='ocrx_word' id='word_1_729' title='bbox 1981 4282 2251 4351; x_wconf 79' lang='lat' dir='ltr'><strong>principio</strong></span> <span class='ocrx_word' id='word_1_730' title='bbox 2279 4280 2425 4334; x_wconf 90' lang='lat' dir='ltr'><strong>enim</strong></span> <span class='ocrx_word' id='word_1_731' title='bbox 2460 4291 2580 4334; x_wconf 87' lang='lat' dir='ltr'><strong>erat</strong></span> <span class='ocrx_word' id='word_1_732' title='bbox 2600 4278 2833 4334; x_wconf 83' lang='lat' dir='ltr'><strong>Verbum</strong></span> <span class='ocrx_word' id='word_1_733' title='bbox 2853 4317 2870 4345; x_wconf 88' lang='lat'><strong>,</strong></span> <span class='ocrx_word' id='word_1_734' title='bbox 2897 4291 2952 4334; x_wconf 87' lang='lat' dir='ltr'><strong>et</strong></span> <span class='ocrx_word' id='word_1_735' title='bbox 2982 4278 3125 4335; x_wconf 86' lang='lat' dir='ltr'><strong>Deus</strong></span> <span class='ocrx_word' id='word_1_736' title='bbox 3153 4288 3274 4336; x_wconf 87' lang='lat' dir='ltr'><strong>erat</strong></span> <span class='ocrx_word' id='word_1_737' title='bbox 3295 4281 3428 4337; x_wconf 82' lang='lat' dir='ltr'><strong>Ver-</strong></span> 
     </span>
    </p>
   </div>
   <div class='ocr_carea' id='block_1_89' title="bbox 1832 4375 2106 4430">
    <p class='ocr_par' dir='ltr' id='par_1_89' title="bbox 1832 4375 2106 4430">
     <span class='ocr_line' id='line_1_89' title="bbox 1832 4375 2106 4430; baseline -0.011 -1"><span class='ocrx_word' id='word_1_738' title='bbox 1832 4377 1956 4430; x_wconf 86' lang='lat' dir='ltr'><strong>bum</strong></span> <span class='ocrx_word' id='word_1_739' title='bbox 1984 4375 2051 4427; x_wconf 80' lang='lat'><strong>“.</strong></span> <span class='ocrx_word' id='word_1_740' title='bbox 2090 4391 2106 4425; x_wconf 81' lang='grc' dir='ltr'><strong>ι</strong></span> 
     </span>
    </p>
   </div>
   <div class='ocr_carea' id='block_1_90' title="bbox 1909 4463 3424 4533">
    <p class='ocr_par' dir='ltr' id='par_1_90' title="bbox 1909 4463 3424 4533">
     <span class='ocr_line' id='line_1_90' title="bbox 1909 4463 3424 4533; baseline 0.005 -18"><span class='ocrx_word' id='word_1_741' title='bbox 1909 4483 1926 4515; x_wconf 81' lang='grc' dir='ltr'><strong>ι</strong></span> <span class='ocrx_word' id='word_1_742' title='bbox 1967 4464 2029 4518; x_wconf 83' lang='lat' dir='ltr'><strong>Et</strong></span> <span class='ocrx_word' id='word_1_743' title='bbox 2063 4463 2432 4518; x_wconf 82' lang='lat' dir='ltr'><strong>testimonium</strong></span> <span class='ocrx_word' id='word_1_744' title='bbox 2462 4464 2739 4532; x_wconf 86' lang='lat' dir='ltr'><strong>perhibuit</strong></span> <span class='ocrx_word' id='word_1_745' title='bbox 2762 4463 3006 4521; x_wconf 85' lang='lat' dir='ltr'><strong>Joannes</strong></span> <span class='ocrx_word' id='word_1_746' title='bbox 3032 4466 3219 4522; x_wconf 90' lang='lat' dir='ltr'><strong>dicens</strong></span> <span class='ocrx_word' id='word_1_747' title='bbox 3245 4484 3258 4520; x_wconf 90' lang='lat'><strong>:</strong></span> <span class='ocrx_word' id='word_1_748' title='bbox 3286 4466 3424 4533; x_wconf 89' lang='lat' dir='ltr'><strong>Quia</strong></span> 
     </span>
    </p>
   </div>
   <div class='ocr_carea' id='block_1_91' title="bbox 102 4555 1727 4635">
    <p class='ocr_par' dir='ltr' id='par_1_91' title="bbox 102 4559 1727 4635">
     <span class='ocr_line' id='line_1_91' title="bbox 102 4559 1727 4635; baseline -0.004 -18"><span class='ocrx_word' id='word_1_749' title='bbox 102 4583 217 4635; x_wconf 83' lang='grc' dir='ltr'><strong>μαι</strong></span> <span class='ocrx_word' id='word_1_750' title='bbox 249 4563 315 4616; x_wconf 85' lang='grc' dir='ltr'>τὸ</span> <span class='ocrx_word' id='word_1_751' title='bbox 346 4562 576 4633; x_wconf 84' lang='grc' dir='ltr'>Πνεῦμα</span> <span class='ocrx_word' id='word_1_752' title='bbox 630 4562 966 4615; x_wconf 73' lang='grc' dir='ltr'>καταϐαῖνον</span> <span class='ocrx_word' id='word_1_753' title='bbox 1001 4562 1136 4613; x_wconf 76' lang='grc' dir='ltr'>ὡσεὶ</span> <span class='ocrx_word' id='word_1_754' title='bbox 1181 4559 1514 4631; x_wconf 77' lang='grc' dir='ltr'>περιστερὰν</span> <span class='ocrx_word' id='word_1_755' title='bbox 1548 4559 1608 4624; x_wconf 82' lang='grc' dir='ltr'>ἐξ</span> <span class='ocrx_word' id='word_1_756' title='bbox 1635 4561 1727 4612; x_wconf 82' lang='grc' dir='ltr'><strong>οὑ-</strong></span> 
     </span>
    </p>
   </div>
   <div class='ocr_carea' id='block_1_92' title="bbox 1837 4555 3424 4635">
    <p class='ocr_par' dir='ltr' id='par_1_92' title="bbox 1837 4555 3424 4626">
     <span class='ocr_line' id='line_1_92' title="bbox 1837 4555 3424 4626; baseline 0.001 -17"><span class='ocrx_word' id='word_1_757' title='bbox 1837 4556 1938 4609; x_wconf 85' lang='lat' dir='ltr'><strong>vidi</strong></span> <span class='ocrx_word' id='word_1_758' title='bbox 1996 4556 2259 4625; x_wconf 81' lang='lat' dir='ltr'><strong>Spiritum</strong></span> <span class='ocrx_word' id='word_1_759' title='bbox 2309 4555 2732 4610; x_wconf 84' lang='lat' dir='ltr'><strong>descendentem</strong></span> <span class='ocrx_word' id='word_1_760' title='bbox 2786 4557 2943 4626; x_wconf 85' lang='lat' dir='ltr'><strong>quasi</strong></span> <span class='ocrx_word' id='word_1_761' title='bbox 2995 4556 3304 4612; x_wconf 89' lang='lat' dir='ltr'><strong>columbam</strong></span> <span class='ocrx_word' id='word_1_762' title='bbox 3356 4560 3424 4611; x_wconf 89' lang='lat' dir='ltr'><strong>de</strong></span> 
     </span>
    </p>
   </div>
   <div class='ocr_carea' id='block_1_93' title="bbox 92 4652 1725 4728">
    <p class='ocr_par' dir='ltr' id='par_1_93' title="bbox 92 4652 1725 4728">
     <span class='ocr_line' id='line_1_93' title="bbox 92 4652 1725 4728; baseline -0.004 -19"><span class='ocrx_word' id='word_1_763' title='bbox 92 4653 316 4728; x_wconf 78' lang='grc' dir='ltr'>ρανοῦ,</span> <span class='ocrx_word' id='word_1_764' title='bbox 352 4656 446 4707; x_wconf 75' lang='grc' dir='ltr'>καὶ</span> <span class='ocrx_word' id='word_1_765' title='bbox 488 4654 647 4725; x_wconf 82' lang='grc' dir='ltr'>μένον</span> <span class='ocrx_word' id='word_1_766' title='bbox 683 4654 769 4707; x_wconf 80' lang='grc' dir='ltr'><strong>ἐπ’</strong></span> <span class='ocrx_word' id='word_1_767' title='bbox 798 4654 961 4707; x_wconf 74' lang='grc' dir='ltr'>αὐτόν</span> <span class='ocrx_word' id='word_1_768' title='bbox 982 4670 996 4684; x_wconf 89' lang='grc'><strong>·</strong></span> <span class='ocrx_word' id='word_1_769' title='bbox 1031 4653 1186 4720; x_wconf 80' lang='grc' dir='ltr'><strong>κάγὼ</strong></span> <span class='ocrx_word' id='word_1_770' title='bbox 1216 4652 1272 4704; x_wconf 85' lang='grc' dir='ltr'><strong>δὲ</strong></span> <span class='ocrx_word' id='word_1_771' title='bbox 1313 4652 1414 4706; x_wconf 78' lang='grc' dir='ltr'>οὐκ</span> <span class='ocrx_word' id='word_1_772' title='bbox 1444 4652 1591 4722; x_wconf 71' lang='grc' dir='ltr'>ᾔδειν</span> <span class='ocrx_word' id='word_1_773' title='bbox 1624 4652 1725 4703; x_wconf 83' lang='grc' dir='ltr'>αύ-</span> 
     </span>
    </p>
   </div>
   <div class='ocr_carea' id='block_1_94' title="bbox 88 4743 1727 4815">
    <p class='ocr_par' dir='ltr' id='par_1_94' title="bbox 88 4743 1727 4815">
     <span class='ocr_line' id='line_1_94' title="bbox 88 4743 1727 4815; baseline -0.002 -14"><span class='ocrx_word' id='word_1_774' title='bbox 88 4750 243 4801; x_wconf 73' lang='grc' dir='ltr'>τόνο</span> <span class='ocrx_word' id='word_1_775' title='bbox 304 4746 423 4799; x_wconf 81' lang='grc' dir='ltr'>ἀλλ’</span> <span class='ocrx_word' id='word_1_776' title='bbox 457 4749 485 4799; x_wconf 78' lang='grc' dir='ltr'>ὁ</span> <span class='ocrx_word' id='word_1_777' title='bbox 515 4745 741 4815; x_wconf 74' lang='grc' dir='ltr'>πέμψας</span> <span class='ocrx_word' id='word_1_778' title='bbox 801 4763 866 4815; x_wconf 83' lang='grc' dir='ltr'><strong>με</strong></span> <span class='ocrx_word' id='word_1_779' title='bbox 909 4744 1192 4815; x_wconf 76' lang='grc' dir='ltr'>βαπτίζειν</span> <span class='ocrx_word' id='word_1_780' title='bbox 1222 4745 1280 4796; x_wconf 90' lang='grc' dir='ltr'><strong>ἐν</strong></span> <span class='ocrx_word' id='word_1_781' title='bbox 1316 4743 1492 4807; x_wconf 77' lang='grc' dir='ltr'>ὕδατι,</span> <span class='ocrx_word' id='word_1_782' title='bbox 1520 4745 1727 4807; x_wconf 77' lang='grc' dir='ltr'>ἐκεῖνός</span> 
     </span>
    </p>
   </div>
   <div class='ocr_carea' id='block_1_95' title="bbox 92 4834 1724 4914">
    <p class='ocr_par' dir='ltr' id='par_1_95' title="bbox 92 4834 1724 4914">
     <span class='ocr_line' id='line_1_95' title="bbox 92 4834 1724 4914; baseline -0.004 -21"><span class='ocrx_word' id='word_1_783' title='bbox 92 4860 204 4914; x_wconf 78' lang='grc' dir='ltr'><strong>μοι</strong></span> <span class='ocrx_word' id='word_1_784' title='bbox 265 4834 459 4893; x_wconf 77' lang='grc' dir='ltr'>εἶπεν·</span> <span class='ocrx_word' id='word_1_785' title='bbox 499 4837 615 4907; x_wconf 76' lang='grc' dir='ltr'><strong>Ἐφ’</strong></span> <span class='ocrx_word' id='word_1_786' title='bbox 642 4838 700 4891; x_wconf 83' lang='grc' dir='ltr'>ὃν</span> <span class='ocrx_word' id='word_1_787' title='bbox 742 4837 808 4892; x_wconf 86' lang='grc' dir='ltr'>ἂν</span> <span class='ocrx_word' id='word_1_788' title='bbox 834 4837 950 4908; x_wconf 78' lang='grc' dir='ltr'><strong>ἴδῃς</strong></span> <span class='ocrx_word' id='word_1_789' title='bbox 995 4836 1056 4888; x_wconf 82' lang='grc' dir='ltr'>τὸ</span> <span class='ocrx_word' id='word_1_790' title='bbox 1098 4836 1325 4906; x_wconf 80' lang='grc' dir='ltr'>Πνεῦμα</span> <span class='ocrx_word' id='word_1_791' title='bbox 1373 4835 1724 4897; x_wconf 79' lang='grc' dir='ltr'>καταϐαῖνον,</span> 
     </span>
    </p>
   </div>
   <div class='ocr_carea' id='block_1_96' title="bbox 85 4923 1725 5002">
    <p class='ocr_par' dir='ltr' id='par_1_96' title="bbox 85 4923 1725 5002">
     <span class='ocr_line' id='line_1_96' title="bbox 85 4923 1725 5002; baseline -0.005 -15"><span class='ocrx_word' id='word_1_792' title='bbox 85 4935 207 4987; x_wconf 70' lang='grc' dir='ltr'>καὶ</span> <span class='ocrx_word' id='word_1_793' title='bbox 248 4934 421 5002; x_wconf 77' lang='grc' dir='ltr'>μένον</span> <span class='ocrx_word' id='word_1_794' title='bbox 454 4932 540 4985; x_wconf 76' lang='grc' dir='ltr'><strong>ἐπ’</strong></span> <span class='ocrx_word' id='word_1_795' title='bbox 570 4931 754 4995; x_wconf 82' lang='grc' dir='ltr'>αὐτὸν,</span> <span class='ocrx_word' id='word_1_796' title='bbox 796 4923 951 4989; x_wconf 67' lang='grc' dir='ltr'>οὗτός</span> <span class='ocrx_word' id='word_1_797' title='bbox 997 4930 1144 4981; x_wconf 89' lang='grc' dir='ltr'>ἐστιν</span> <span class='ocrx_word' id='word_1_798' title='bbox 1172 4930 1200 4981; x_wconf 86' lang='grc' dir='ltr'><strong>ό</strong></span> <span class='ocrx_word' id='word_1_799' title='bbox 1234 4927 1514 4999; x_wconf 76' lang='grc' dir='ltr'>βαπτίζων</span> <span class='ocrx_word' id='word_1_800' title='bbox 1562 4928 1621 4979; x_wconf 92' lang='grc' dir='ltr'><strong>ἐν</strong></span> <span class='ocrx_word' id='word_1_801' title='bbox 1647 4926 1725 4997; x_wconf 83' lang='grc' dir='ltr'>τῷ</span> 
     </span>
    </p>
   </div>
   <div class='ocr_carea' id='block_1_97' title="bbox 87 5019 1730 5093">
    <p class='ocr_par' dir='ltr' id='par_1_97' title="bbox 87 5019 1730 5093">
     <span class='ocr_line' id='line_1_97' title="bbox 87 5019 1730 5093; baseline -0.004 -16"><span class='ocrx_word' id='word_1_802' title='bbox 87 5023 413 5093; x_wconf 81' lang='grc' dir='ltr'>Πνεύματι</span> <span class='ocrx_word' id='word_1_803' title='bbox 461 5021 541 5092; x_wconf 82' lang='grc' dir='ltr'>τῷ</span> <span class='ocrx_word' id='word_1_804' title='bbox 590 5022 751 5092; x_wconf 78' lang='grc' dir='ltr'>ἁγίῳ.</span> <span class='ocrx_word' id='word_1_805' title='bbox 786 5020 958 5089; x_wconf 80' lang='grc' dir='ltr'><strong>Κάγὼ</strong></span> <span class='ocrx_word' id='word_1_806' title='bbox 1008 5020 1252 5091; x_wconf 78' lang='grc' dir='ltr'>ἑώρακα,</span> <span class='ocrx_word' id='word_1_807' title='bbox 1298 5020 1394 5074; x_wconf 76' lang='grc' dir='ltr'>καὶ</span> <span class='ocrx_word' id='word_1_808' title='bbox 1446 5019 1730 5090; x_wconf 85' lang='grc' dir='ltr'>μεμαρτύ-</span> 
     </span>
    </p>
   </div>
   <div class='ocr_carea' id='block_1_98' title="bbox 89 5109 1729 5187">
    <p class='ocr_par' dir='ltr' id='par_1_98' title="bbox 89 5109 1729 5187">
     <span class='ocr_line' id='line_1_98' title="bbox 89 5109 1729 5187; baseline -0.003 -20"><span class='ocrx_word' id='word_1_809' title='bbox 89 5131 267 5187; x_wconf 74' lang='grc' dir='ltr'>ρηκα</span> <span class='ocrx_word' id='word_1_810' title='bbox 303 5116 394 5167; x_wconf 87' lang='grc' dir='ltr'>ὃτι</span> <span class='ocrx_word' id='word_1_811' title='bbox 422 5109 576 5175; x_wconf 75' lang='grc' dir='ltr'>οὗτός</span> <span class='ocrx_word' id='word_1_812' title='bbox 599 5116 747 5166; x_wconf 86' lang='grc' dir='ltr'>ἐστιν</span> <span class='ocrx_word' id='word_1_813' title='bbox 778 5116 804 5166; x_wconf 79' lang='grc' dir='ltr'><strong>ό</strong></span> <span class='ocrx_word' id='word_1_814' title='bbox 834 5111 962 5175; x_wconf 76' lang='grc' dir='ltr'>Υἱὸς</span> <span class='ocrx_word' id='word_1_815' title='bbox 992 5112 1086 5165; x_wconf 87' lang='grc' dir='ltr'><strong>τοῦ</strong></span> <span class='ocrx_word' id='word_1_816' title='bbox 1114 5110 1269 5164; x_wconf 83' lang='grc' dir='ltr'>Θεοῦ.</span> <span class='ocrx_word' id='word_1_817' title='bbox 1311 5129 1329 5161; x_wconf 71' lang='grc' dir='ltr'><strong>ι</strong></span> <span class='ocrx_word' id='word_1_818' title='bbox 1368 5112 1509 5182; x_wconf 84' lang='grc' dir='ltr'>’Ὀρα</span> <span class='ocrx_word' id='word_1_819' title='bbox 1539 5109 1729 5179; x_wconf 80' lang='grc' dir='ltr'>σαφῶς</span> 
     </span>
    </p>
   </div>
   <div class='ocr_carea' id='block_1_99' title="bbox 79 5203 1728 5278">
    <p class='ocr_par' dir='ltr' id='par_1_99' title="bbox 79 5203 1728 5278">
     <span class='ocr_line' id='line_1_99' title="bbox 79 5203 1728 5278; baseline -0.003 -18"><span class='ocrx_word' id='word_1_820' title='bbox 79 5227 160 5260; x_wconf 80' lang='grc' dir='ltr'><strong>τε</strong></span> <span class='ocrx_word' id='word_1_821' title='bbox 201 5208 310 5259; x_wconf 69' lang='grc' dir='ltr'>καὶ</span> <span class='ocrx_word' id='word_1_822' title='bbox 346 5208 597 5278; x_wconf 81' lang='grc' dir='ltr'>ἐναργῶς</span> <span class='ocrx_word' id='word_1_823' title='bbox 626 5208 683 5259; x_wconf 91' lang='grc' dir='ltr'><strong>ἐν</strong></span> <span class='ocrx_word' id='word_1_824' title='bbox 715 5207 926 5269; x_wconf 88' lang='grc' dir='ltr'>τούτοις</span> <span class='ocrx_word' id='word_1_825' title='bbox 956 5206 1049 5259; x_wconf 71' lang='grc' dir='ltr'><strong>τον</strong></span> <span class='ocrx_word' id='word_1_826' title='bbox 1080 5205 1284 5276; x_wconf 84' lang='grc' dir='ltr'>Κύριον</span> <span class='ocrx_word' id='word_1_827' title='bbox 1315 5203 1473 5275; x_wconf 80' lang='grc' dir='ltr'>ήμῶν</span> <span class='ocrx_word' id='word_1_828' title='bbox 1519 5204 1728 5275; x_wconf 84' lang='grc' dir='ltr'>Ἰησοῦν</span> 
     </span>
    </p>
   </div>
   <div class='ocr_carea' id='block_1_100' title="bbox 80 5294 1728 5368">
    <p class='ocr_par' dir='ltr' id='par_1_100' title="bbox 80 5294 1728 5368">
     <span class='ocr_line' id='line_1_100' title="bbox 80 5294 1728 5368; baseline -0.001 -17"><span class='ocrx_word' id='word_1_829' title='bbox 80 5298 198 5351; x_wconf 69' lang='grc' dir='ltr'><strong>τὸν</strong></span> <span class='ocrx_word' id='word_1_830' title='bbox 237 5298 512 5368; x_wconf 83' lang='grc' dir='ltr'>Χριστὸν,</span> <span class='ocrx_word' id='word_1_831' title='bbox 538 5297 829 5368; x_wconf 86' lang='grc' dir='ltr'>δεχόμενον</span> <span class='ocrx_word' id='word_1_832' title='bbox 862 5298 960 5367; x_wconf 83' lang='grc' dir='ltr'>μὲν</span> <span class='ocrx_word' id='word_1_833' title='bbox 1005 5294 1367 5366; x_wconf 81' lang='grc' dir='ltr'>ἀνθρωπίνως</span> <span class='ocrx_word' id='word_1_834' title='bbox 1408 5295 1470 5348; x_wconf 84' lang='grc' dir='ltr'>τὸ</span> <span class='ocrx_word' id='word_1_835' title='bbox 1501 5295 1728 5366; x_wconf 88' lang='grc' dir='ltr'>Πνεῦμα</span> 
     </span>
    </p>
   </div>
   <div class='ocr_carea' id='block_1_101' title="bbox 78 5386 1722 5463">
    <p class='ocr_par' dir='ltr' id='par_1_101' title="bbox 78 5386 1722 5463">
     <span class='ocr_line' id='line_1_101' title="bbox 78 5386 1722 5463; baseline -0.004 -18"><span class='ocrx_word' id='word_1_836' title='bbox 78 5391 194 5445; x_wconf 63' lang='lat' dir='ltr'><strong>Ltd:</strong></span> <span class='ocrx_word' id='word_1_837' title='bbox 228 5392 343 5461; x_wconf 73' lang='grc' dir='ltr'>τὴν</span> <span class='ocrx_word' id='word_1_838' title='bbox 381 5391 521 5461; x_wconf 65' lang='grc' dir='ltr'>μετὰ</span> <span class='ocrx_word' id='word_1_839' title='bbox 551 5391 755 5463; x_wconf 75' lang='grc' dir='ltr'>σαρκὸς</span> <span class='ocrx_word' id='word_1_840' title='bbox 795 5389 1109 5461; x_wconf 77' lang='grc' dir='ltr'>οἰκονομίαν</span> <span class='ocrx_word' id='word_1_841' title='bbox 1154 5388 1435 5460; x_wconf 86' lang='grc' dir='ltr'>(πλούσιος</span> <span class='ocrx_word' id='word_1_842' title='bbox 1484 5387 1591 5460; x_wconf 72' lang='grc' dir='ltr'>γὰρ</span> <span class='ocrx_word' id='word_1_843' title='bbox 1623 5386 1722 5453; x_wconf 81' lang='grc' dir='ltr'>ὢν,</span> 
     </span>
    </p>
   </div>
   <div class='ocr_carea' id='block_1_102' title="bbox 1835 4646 3424 4718">
    <p class='ocr_par' dir='ltr' id='par_1_102' title="bbox 1835 4646 3424 4718">
     <span class='ocr_line' id='line_1_102' title="bbox 1835 4646 3424 4718; baseline 0 -16"><span class='ocrx_word' id='word_1_844' title='bbox 1835 4648 2001 4713; x_wconf 64' lang='lat' dir='ltr'><strong>cado,</strong></span> <span class='ocrx_word' id='word_1_845' title='bbox 2046 4657 2098 4701; x_wconf 92' lang='lat' dir='ltr'><strong>ct</strong></span> <span class='ocrx_word' id='word_1_846' title='bbox 2166 4647 2365 4700; x_wconf 82' lang='lat' dir='ltr'><strong>mansit</strong></span> <span class='ocrx_word' id='word_1_847' title='bbox 2427 4662 2591 4717; x_wconf 87' lang='lat' dir='ltr'><strong>super</strong></span> <span class='ocrx_word' id='word_1_848' title='bbox 2655 4662 2799 4701; x_wconf 89' lang='lat' dir='ltr'><strong>eum.</strong></span> <span class='ocrx_word' id='word_1_849' title='bbox 2863 4646 2929 4701; x_wconf 88' lang='lat' dir='ltr'><strong>Et</strong></span> <span class='ocrx_word' id='word_1_850' title='bbox 2975 4662 3074 4718; x_wconf 79' lang='lat' dir='ltr'><strong>ego</strong></span> <span class='ocrx_word' id='word_1_851' title='bbox 3117 4649 3424 4703; x_wconf 83' lang='lat' dir='ltr'><strong>nesciebam</strong></span> 
     </span>
    </p>
   </div>
   <div class='ocr_carea' id='block_1_103' title="bbox 1834 4739 3423 4810">
    <p class='ocr_par' dir='ltr' id='par_1_103' title="bbox 1834 4739 3423 4810">
     <span class='ocr_line' id='line_1_103' title="bbox 1834 4739 3423 4810; baseline 0 -13"><span class='ocrx_word' id='word_1_852' title='bbox 1834 4757 1957 4797; x_wconf 86' lang='lat' dir='ltr'><strong>eum</strong></span> <span class='ocrx_word' id='word_1_853' title='bbox 1989 4758 2001 4795; x_wconf 93' lang='lat'><strong>:</strong></span> <span class='ocrx_word' id='word_1_854' title='bbox 2032 4742 2125 4795; x_wconf 88' lang='lat' dir='ltr'><strong>sed</strong></span> <span class='ocrx_word' id='word_1_855' title='bbox 2158 4740 2251 4810; x_wconf 89' lang='lat' dir='ltr'><strong>qui</strong></span> <span class='ocrx_word' id='word_1_856' title='bbox 2287 4739 2439 4793; x_wconf 89' lang='lat' dir='ltr'><strong>misit</strong></span> <span class='ocrx_word' id='word_1_857' title='bbox 2472 4756 2556 4793; x_wconf 87' lang='lat' dir='ltr'><strong>tne</strong></span> <span class='ocrx_word' id='word_1_858' title='bbox 2586 4741 2865 4809; x_wconf 87' lang='lat' dir='ltr'><strong>baptizare</strong></span> <span class='ocrx_word' id='word_1_859' title='bbox 2899 4741 2949 4795; x_wconf 93' lang='lat' dir='ltr'><strong>in</strong></span> <span class='ocrx_word' id='word_1_860' title='bbox 2978 4756 3145 4810; x_wconf 88' lang='lat' dir='ltr'><strong>aqua,</strong></span> <span class='ocrx_word' id='word_1_861' title='bbox 3174 4741 3263 4797; x_wconf 87' lang='lat' dir='ltr'><strong>ille</strong></span> <span class='ocrx_word' id='word_1_862' title='bbox 3294 4743 3423 4797; x_wconf 86' lang='lat' dir='ltr'><strong>mihi</strong></span> 
     </span>
    </p>
   </div>
   <div class='ocr_carea' id='block_1_104' title="bbox 1835 4831 3425 4902">
    <p class='ocr_par' dir='ltr' id='par_1_104' title="bbox 1835 4831 3425 4902">
     <span class='ocr_line' id='line_1_104' title="bbox 1835 4831 3425 4902; baseline -0.001 -14"><span class='ocrx_word' id='word_1_863' title='bbox 1835 4835 2010 4888; x_wconf 78' lang='lat' dir='ltr'><strong>dixit:</strong></span> <span class='ocrx_word' id='word_1_864' title='bbox 2040 4832 2217 4902; x_wconf 84' lang='lat' dir='ltr'><strong>Super</strong></span> <span class='ocrx_word' id='word_1_865' title='bbox 2242 4848 2403 4899; x_wconf 90' lang='lat' dir='ltr'><strong>quem</strong></span> <span class='ocrx_word' id='word_1_866' title='bbox 2434 4832 2634 4885; x_wconf 83' lang='lat' dir='ltr'><strong>videris</strong></span> <span class='ocrx_word' id='word_1_867' title='bbox 2669 4831 2935 4902; x_wconf 82' lang='lat' dir='ltr'><strong>Spiritum</strong></span> <span class='ocrx_word' id='word_1_868' title='bbox 2966 4834 3425 4899; x_wconf 83' lang='lat' dir='ltr'><strong>descendentem,</strong></span> 
     </span>
    </p>
   </div>
   <div class='ocr_carea' id='block_1_105' title="bbox 1836 4920 3429 4995">
    <p class='ocr_par' dir='ltr' id='par_1_105' title="bbox 1836 4920 3429 4995">
     <span class='ocr_line' id='line_1_105' title="bbox 1836 4920 3429 4995; baseline -0.001 -14"><span class='ocrx_word' id='word_1_869' title='bbox 1836 4936 1890 4982; x_wconf 90' lang='lat' dir='ltr'><strong>et</strong></span> <span class='ocrx_word' id='word_1_870' title='bbox 1918 4934 2223 4981; x_wconf 85' lang='lat' dir='ltr'><strong>manentem</strong></span> <span class='ocrx_word' id='word_1_871' title='bbox 2253 4940 2419 4994; x_wconf 81' lang='lat' dir='ltr'><strong>super</strong></span> <span class='ocrx_word' id='word_1_872' title='bbox 2441 4940 2586 4990; x_wconf 90' lang='lat' dir='ltr'><strong>eum,</strong></span> <span class='ocrx_word' id='word_1_873' title='bbox 2614 4924 2701 4980; x_wconf 85' lang='lat' dir='ltr'><strong>hic</strong></span> <span class='ocrx_word' id='word_1_874' title='bbox 2726 4936 2810 4979; x_wconf 91' lang='lat' dir='ltr'><strong>est</strong></span> <span class='ocrx_word' id='word_1_875' title='bbox 2835 4926 2925 4995; x_wconf 92' lang='lat' dir='ltr'><strong>qui</strong></span> <span class='ocrx_word' id='word_1_876' title='bbox 2957 4920 3197 4995; x_wconf 84' lang='lat' dir='ltr'><strong>baptizat</strong></span> <span class='ocrx_word' id='word_1_877' title='bbox 3223 4926 3275 4979; x_wconf 92' lang='lat' dir='ltr'><strong>in</strong></span> <span class='ocrx_word' id='word_1_878' title='bbox 3305 4925 3429 4994; x_wconf 83' lang='lat' dir='ltr'><strong>Spi—</strong></span> 
     </span>
    </p>
   </div>
   <div class='ocr_carea' id='block_1_106' title="bbox 1837 5017 3425 5087">
    <p class='ocr_par' dir='ltr' id='par_1_106' title="bbox 1837 5017 3425 5087">
     <span class='ocr_line' id='line_1_106' title="bbox 1837 5017 3425 5087; baseline -0.002 -14"><span class='ocrx_word' id='word_1_879' title='bbox 1837 5020 1944 5073; x_wconf 87' lang='lat' dir='ltr'><strong>ritu</strong></span> <span class='ocrx_word' id='word_1_880' title='bbox 1985 5028 2193 5071; x_wconf 86' lang='lat' dir='ltr'><strong>saneto.</strong></span> <span class='ocrx_word' id='word_1_881' title='bbox 2236 5018 2300 5070; x_wconf 85' lang='lat' dir='ltr'><strong>Et</strong></span> <span class='ocrx_word' id='word_1_882' title='bbox 2339 5032 2438 5085; x_wconf 80' lang='lat' dir='ltr'><strong>ego</strong></span> <span class='ocrx_word' id='word_1_883' title='bbox 2474 5017 2619 5078; x_wconf 88' lang='lat' dir='ltr'><strong>vidi,</strong></span> <span class='ocrx_word' id='word_1_884' title='bbox 2658 5026 2715 5071; x_wconf 91' lang='lat' dir='ltr'><strong>et</strong></span> <span class='ocrx_word' id='word_1_885' title='bbox 2759 5017 3133 5072; x_wconf 90' lang='lat' dir='ltr'><strong>testimonium</strong></span> <span class='ocrx_word' id='word_1_886' title='bbox 3174 5018 3425 5087; x_wconf 87' lang='lat' dir='ltr'><strong>perhibui</strong></span> 
     </span>
    </p>
   </div>
   <div class='ocr_carea' id='block_1_107' title="bbox 1836 5105 3423 5181">
    <p class='ocr_par' dir='ltr' id='par_1_107' title="bbox 1836 5105 3423 5181">
     <span class='ocr_line' id='line_1_107' title="bbox 1836 5105 3423 5181; baseline -0.003 -17"><span class='ocrx_word' id='word_1_887' title='bbox 1836 5110 1967 5181; x_wconf 88' lang='lat' dir='ltr'><strong>quia</strong></span> <span class='ocrx_word' id='word_1_888' title='bbox 1997 5119 2080 5164; x_wconf 88' lang='lat' dir='ltr'><strong>est</strong></span> <span class='ocrx_word' id='word_1_889' title='bbox 2111 5107 2280 5162; x_wconf 85' lang='lat' dir='ltr'><strong>Filius</strong></span> <span class='ocrx_word' id='word_1_890' title='bbox 2315 5108 2405 5161; x_wconf 89' lang='lat' dir='ltr'><strong>Dei</strong></span> <span class='ocrx_word' id='word_1_891' title='bbox 2430 5109 2497 5161; x_wconf 81' lang='lat'><strong>&quot;.</strong></span> <span class='ocrx_word' id='word_1_892' title='bbox 2534 5127 2555 5158; x_wconf 71' lang='grc' dir='ltr'><strong>ι</strong></span> <span class='ocrx_word' id='word_1_893' title='bbox 2590 5105 2666 5159; x_wconf 86' lang='lat' dir='ltr'><strong>En</strong></span> <span class='ocrx_word' id='word_1_894' title='bbox 2701 5116 2991 5175; x_wconf 89' lang='lat' dir='ltr'><strong>utrumque</strong></span> <span class='ocrx_word' id='word_1_895' title='bbox 3021 5106 3169 5161; x_wconf 89' lang='lat' dir='ltr'><strong>clare</strong></span> <span class='ocrx_word' id='word_1_896' title='bbox 3198 5106 3423 5161; x_wconf 89' lang='lat' dir='ltr'><strong>eviden-</strong></span> 
     </span>
    </p>
   </div>
   <div class='ocr_carea' id='block_1_108' title="bbox 1836 5197 3423 5271">
    <p class='ocr_par' dir='ltr' id='par_1_108' title="bbox 1836 5197 3423 5271">
     <span class='ocr_line' id='line_1_108' title="bbox 1836 5197 3423 5271; baseline -0.001 -16"><span class='ocrx_word' id='word_1_897' title='bbox 1836 5212 2025 5271; x_wconf 90' lang='lat' dir='ltr'><strong>terque</strong></span> <span class='ocrx_word' id='word_1_898' title='bbox 2054 5211 2320 5254; x_wconf 85' lang='lat' dir='ltr'><strong>assertum</strong></span> <span class='ocrx_word' id='word_1_899' title='bbox 2353 5199 2439 5253; x_wconf 88' lang='lat' dir='ltr'><strong>hic</strong></span> <span class='ocrx_word' id='word_1_900' title='bbox 2470 5199 2671 5265; x_wconf 87' lang='lat' dir='ltr'><strong>habes;</strong></span> <span class='ocrx_word' id='word_1_901' title='bbox 2702 5214 2894 5268; x_wconf 86' lang='lat' dir='ltr'><strong>nempe</strong></span> <span class='ocrx_word' id='word_1_902' title='bbox 2925 5200 3211 5252; x_wconf 90' lang='lat' dir='ltr'><strong>Dominum</strong></span> <span class='ocrx_word' id='word_1_903' title='bbox 3235 5197 3423 5253; x_wconf 88' lang='lat' dir='ltr'><strong>Jesum</strong></span> 
     </span>
    </p>
   </div>
   <div class='ocr_carea' id='block_1_109' title="bbox 1833 5290 3423 5361">
    <p class='ocr_par' dir='ltr' id='par_1_109' title="bbox 1833 5290 3423 5361">
     <span class='ocr_line' id='line_1_109' title="bbox 1833 5290 3423 5361; baseline -0.002 -12"><span class='ocrx_word' id='word_1_904' title='bbox 1833 5294 2107 5349; x_wconf 83' lang='lat' dir='ltr'><strong>Christum</strong></span> <span class='ocrx_word' id='word_1_905' title='bbox 2160 5300 2377 5361; x_wconf 86' lang='lat' dir='ltr'><strong>propter</strong></span> <span class='ocrx_word' id='word_1_906' title='bbox 2423 5290 2604 5345; x_wconf 89' lang='lat' dir='ltr'><strong>carnis</strong></span> <span class='ocrx_word' id='word_1_907' title='bbox 2650 5291 2868 5360; x_wconf 87' lang='lat' dir='ltr'><strong>quidem</strong></span> <span class='ocrx_word' id='word_1_908' title='bbox 2918 5290 3309 5356; x_wconf 69' lang='lat' dir='ltr'><strong>meonomiam,</strong></span> <span class='ocrx_word' id='word_1_909' title='bbox 3363 5300 3423 5346; x_wconf 93' lang='lat' dir='ltr'><strong>ut</strong></span> 
     </span>
    </p>
   </div>
   <div class='ocr_carea' id='block_1_110' title="bbox 1838 5382 3424 5456">
    <p class='ocr_par' dir='ltr' id='par_1_110' title="bbox 1838 5382 3424 5456">
     <span class='ocr_line' id='line_1_110' title="bbox 1838 5382 3424 5456; baseline -0.002 -17"><span class='ocrx_word' id='word_1_910' title='bbox 1838 5383 1997 5456; x_wconf 62' lang='lat'><strong>115.</strong></span> <span class='ocrx_word' id='word_1_911' title='bbox 2030 5384 2306 5439; x_wconf 89' lang='lat' dir='ltr'><strong>hominem</strong></span> <span class='ocrx_word' id='word_1_912' title='bbox 2344 5382 2605 5451; x_wconf 89' lang='lat' dir='ltr'><strong>Spiritum</strong></span> <span class='ocrx_word' id='word_1_913' title='bbox 2644 5392 2892 5437; x_wconf 89' lang='lat' dir='ltr'><strong>sanctum</strong></span> <span class='ocrx_word' id='word_1_914' title='bbox 2929 5382 3208 5453; x_wconf 90' lang='lat' dir='ltr'><strong>accipere,</strong></span> <span class='ocrx_word' id='word_1_915' title='bbox 3245 5382 3424 5452; x_wconf 88' lang='lat' dir='ltr'><strong>siqui-</strong></span> 
     </span>
    </p>
   </div>
   <div class='ocr_carea' id='block_1_111' title="bbox 184 5539 1727 5619">
    <p class='ocr_par' dir='ltr' id='par_1_111' title="bbox 184 5544 1727 5619">
     <span class='ocr_line' id='line_1_111' title="bbox 184 5544 1727 5619; baseline -0.003 -16"><span class='ocrx_word' id='word_1_916' title='bbox 184 5551 235 5581; x_wconf 79' lang='lat'><strong>“</strong></span> <span class='ocrx_word' id='word_1_917' title='bbox 264 5548 471 5603; x_wconf 75' lang='lat' dir='ltr'><strong>Joan.:</strong></span> <span class='ocrx_word' id='word_1_918' title='bbox 503 5550 582 5604; x_wconf 71' lang='grc'><strong>14.</strong></span> <span class='ocrx_word' id='word_1_919' title='bbox 646 5551 687 5582; x_wconf 71' lang='grc'><strong>’⁷</strong></span> <span class='ocrx_word' id='word_1_920' title='bbox 716 5548 878 5607; x_wconf 83' lang='lat' dir='ltr'><strong>Hebr.</strong></span> <span class='ocrx_word' id='word_1_921' title='bbox 902 5548 1071 5619; x_wconf 70' lang='lat'><strong>11,”.</strong></span> <span class='ocrx_word' id='word_1_922' title='bbox 1126 5548 1169 5579; x_wconf 78' lang='grc'><strong>¹⁸</strong></span> <span class='ocrx_word' id='word_1_923' title='bbox 1192 5546 1351 5602; x_wconf 80' lang='lat' dir='ltr'><strong>Joan.</strong></span> <span class='ocrx_word' id='word_1_924' title='bbox 1375 5564 1413 5614; x_wconf 92' lang='grc' dir='ltr'><strong>ι,</strong></span> <span class='ocrx_word' id='word_1_925' title='bbox 1451 5546 1534 5610; x_wconf 78' lang='grc'>15,</span> <span class='ocrx_word' id='word_1_926' title='bbox 1572 5544 1659 5599; x_wconf 79' lang='grc'><strong>16.</strong></span> <span class='ocrx_word' id='word_1_927' title='bbox 1702 5546 1727 5576; x_wconf 72' lang='grc'><strong>¹“</strong></span> 
     </span>
    </p>
   </div>
   <div class='ocr_carea' id='block_1_112' title="bbox 1837 5539 3419 5619">
    <p class='ocr_par' dir='ltr' id='par_1_112' title="bbox 1837 5539 3419 5610">
     <span class='ocr_line' id='line_1_112' title="bbox 1837 5539 3419 5610; baseline 0.001 -13"><span class='ocrx_word' id='word_1_928' title='bbox 1837 5560 1873 5598; x_wconf 81' lang='grc' dir='ltr'>ι.</span> <span class='ocrx_word' id='word_1_929' title='bbox 1905 5559 1976 5610; x_wconf 88' lang='lat' dir='ltr'><strong>vt,</strong></span> <span class='ocrx_word' id='word_1_930' title='bbox 2008 5544 2062 5598; x_wconf 77' lang='grc'><strong>5.</strong></span> <span class='ocrx_word' id='word_1_931' title='bbox 2117 5543 2163 5574; x_wconf 77' lang='grc' dir='ltr'><strong>ὀ</strong></span> <span class='ocrx_word' id='word_1_932' title='bbox 2183 5541 2338 5599; x_wconf 90' lang='lat' dir='ltr'><strong>Joan.</strong></span> <span class='ocrx_word' id='word_1_933' title='bbox 2374 5557 2413 5608; x_wconf 87' lang='grc' dir='ltr'><strong>ι,</strong></span> <span class='ocrx_word' id='word_1_934' title='bbox 2444 5539 2533 5597; x_wconf 79' lang='lat'><strong>50.</strong></span> <span class='ocrx_word' id='word_1_935' title='bbox 2570 5541 2612 5572; x_wconf 86' lang='grc'>¹¹</span> <span class='ocrx_word' id='word_1_936' title='bbox 2634 5539 2789 5599; x_wconf 89' lang='lat' dir='ltr'><strong>Joan.</strong></span> <span class='ocrx_word' id='word_1_937' title='bbox 2821 5557 2861 5609; x_wconf 88' lang='grc' dir='ltr'><strong>ι,</strong></span> <span class='ocrx_word' id='word_1_938' title='bbox 2892 5541 2943 5598; x_wconf 79' lang='grc'><strong>1.</strong></span> <span class='ocrx_word' id='word_1_939' title='bbox 3004 5544 3049 5575; x_wconf 80' lang='grc'><em>³³</em></span> <span class='ocrx_word' id='word_1_940' title='bbox 3074 5541 3204 5599; x_wconf 85' lang='lat' dir='ltr'><strong>ibid.</strong></span> <span class='ocrx_word' id='word_1_941' title='bbox 3233 5540 3419 5599; x_wconf 69' lang='lat'><strong>52-34.</strong></span> 
     </span>
    </p>
   </div>
   <div class='ocr_carea' id='block_1_113' title="bbox 1214 5700 2320 5772">
    <p class='ocr_par' dir='ltr' id='par_1_113' title="bbox 1214 5700 2320 5772">
     <span class='ocr_line' id='line_1_113' title="bbox 1214 5700 2320 5772; baseline -0.007 -11"><span class='ocrx_word' id='word_1_942' title='bbox 1214 5704 1390 5761; x_wconf 68' lang='lat' dir='ltr'><strong>Varia:</strong></span> <span class='ocrx_word' id='word_1_943' title='bbox 1422 5704 1683 5761; x_wconf 88' lang='lat' dir='ltr'><strong>lectiones</strong></span> <span class='ocrx_word' id='word_1_944' title='bbox 1713 5702 1918 5759; x_wconf 83' lang='lat' dir='ltr'><strong>codicis</strong></span> <span class='ocrx_word' id='word_1_945' title='bbox 1954 5700 2320 5772; x_wconf 80' lang='lat' dir='ltr'><strong>Seguieriani.</strong></span> 
     </span>
    </p>
   </div>
   <div class='ocr_carea' id='block_1_114' title="bbox 193 5838 590 5896">
    <p class='ocr_par' dir='ltr' id='par_1_114' title="bbox 193 5838 590 5896">
     <span class='ocr_line' id='line_1_114' title="bbox 193 5838 590 5896; baseline 0.005 -2"><span class='ocrx_word' id='word_1_946' title='bbox 193 5838 227 5881; x_wconf 73' lang='grc' dir='ltr'><em>ά</em></span> <span class='ocrx_word' id='word_1_947' title='bbox 268 5840 590 5896; x_wconf 80' lang='grc' dir='ltr'>ἀποτελεῖν.</span> 
     </span>
    </p>
   </div>
  </div>
