4040 6456
599 356 734 414 4515

1623 363 1686 418 S.
1725 355 1996 417 CYRILLI
2036 350 2507 410 ALEXANDRINI
2549 349 2872 407 ARCIIIEP.

3733 346 3864 399 1516

595 472 716 528 dem
753 487 776 524 ι
807 484 929 525 cum
957 469 1110 530 dives
1135 481 1301 542 esset,
1330 474 1501 531 nostri
1530 488 1692 531 causa
1725 475 1902 532 factus
1929 482 2011 530 est
2036 486 2162 544 ege-

2288 463 2576 536 ,πτώχευσε
2610 463 2677 516 δι’
2721 465 2927 534 ἡμᾶς),
2963 464 3291 534 βαπτίζοντα
3327 462 3385 516 δέ
3433 457 3642 521 θεῐκῶς
3688 457 3754 509 ἐν
3796 458 3866 525 τῷ

599 577 701 617 nus
719 562 767 596 ³³
808 579 857 629 ι,
895 569 1012 620 tum
1053 565 1305 622 eumdem
1346 580 1560 621 rursum
1605 574 1860 637 tanquam
1901 567 2068 622 Deum
2111 567 2166 621 in

598 651 806 723 Spiritu
834 665 1028 713 sancto
1055 656 1324 727 baptisma
1353 655 1625 712 conferre.
1654 656 1725 710 At
1755 658 1807 711 in
1839 673 2040 728 quem,
2067 658 2167 713 ob-

597 758 776 814 seero,
803 747 1092 804 convenire
1119 756 1299 817 queat,
1330 747 1565 816 Spiritus
1595 747 1769 802 sancti
1801 751 2032 816 gratiam
2064 751 2169 804 im-

599 838 822 908 pertirl,
865 838 967 894 nisi
1011 838 1064 893 in
1100 851 1286 893 verum
1328 845 1383 890 et
1426 833 1726 890 naturalem
1769 828 1979 892 Deum?
2018 838 2171 895 Unus

600 947 730 1000 ergo
755 939 837 986 est
867 928 1136 995 Christus,
1166 943 1304 983 unus
1335 921 1528 994 Filius,
1557 934 1617 982 ut
1645 926 1983 995 evangelista
2015 929 2166 984 testi-

603 1021 816 1076 deatur.

678 1129 697 1163 ι
737 1105 804 1165 Et
836 1123 967 1180 ego,
1004 1107 1207 1177 inquit.
1237 1107 1379 1175 vidi,
1415 1118 1470 1165 et
1508 1105 1878 1164 testimonium
1917 1105 2167 1176 perhibui

601 1201 726 1270 quia
763 1200 848 1254 hic
867 1206 948 1253 est
981 1197 1150 1252 Filius
1190 1195 1281 1254 Dei
1305 1199 1372 1253 ³⁸.
1402 1219 1422 1252 ι
1460 1197 2046 1269 Ecquisnamhicerat?
2080 1195 2170 1249 llle

602 1294 716 1360 ipse
756 1289 961 1359 utique,
999 1303 1158 1357 quem
1202 1290 1418 1358 quidem
1465 1299 1524 1344 ut
1568 1288 1864 1356 hominem,
1908 1287 2168 1358 Spiritum

602 1387 846 1432 sanctum
877 1377 1089 1433 viderat
1115 1380 1453 1446 suscepisse;
1486 1387 1544 1433 ut
1577 1379 1742 1434 Deum
1771 1392 1932 1444 vero,
1964 1378 2015 1432 in
2047 1377 2172 1448 Spi-

604 1465 712 1520 ritu
770 1471 958 1520 saneto
993 1466 1270 1535 baptizare
1302 1466 1584 1522 didicerat.

681 1573 702 1607 ι
737 1553 793 1610 Si
826 1566 1040 1612 terrena
1068 1557 1176 1612 dixi
1202 1556 1377 1620 vobis,
1409 1568 1463 1612 et
1489 1572 1596 1612 non
1629 1558 1873 1624 creditis,
1900 1559 2172 1628 quomodo

602 1647 647 1702 si
676 1645 866 1702 dixero
890 1649 1044 1703 vobis
1067 1647 1333 1712 cmlestia,
1359 1647 1626 1702 credetis?
1650 1644 1717 1701 Et
1747 1663 1904 1703 nemo
1931 1650 2173 1703 ascendit

605 1734 658 1790 in
683 1737 903 1801 cadum,
929 1737 1031 1791 nisi
1060 1738 1153 1807 qui
1184 1738 1462 1793 descendit
1484 1737 1553 1792 de
1577 1737 1717 1791 ctelo
1743 1736 1912 1794 Filios
1938 1739 2174 1794 hominis

2270 557 2409 627 ἁγίῳ
2458 552 2757 622 Πνεύματι.
2809 554 2928 605 Τίνι
2976 557 3086 626 γὰρ
3134 558 3201 610 ἂν
3247 552 3448 624 πρέποι
3484 548 3551 600 τὸ
3603 546 3866 615 χορηγεῖν

2269 647 2529 705 δύνασθαι
2574 643 2673 716 τὴν
2721 642 2816 696 τοῦ
2861 643 3178 714 Πνεύματος
3229 647 3409 718 χάριν,
3449 640 3596 710 πλὴν
3655 637 3752 690 ὅτι

2270 741 2429 812 φύσει
2476 756 2536 791 τε
2586 735 2680 790 καὶ
2707 733 2922 804 ἀληθῶς
2971 725 3087 787 δντι
3115 736 3268 806 Θεῷ;
3313 731 3410 800 Εἷς
3437 728 3534 788 οὖν
3587 730 3705 802 ἄρα
3745 728 3870 798 Χρι-

2272 834 2394 897 στὸς
2422 831 2516 887 καὶ
2548 828 2706 892 Υἱός·
2756 824 2852 879 καὶ
2902 826 3240 896 μαρτυρήσει
3286 827 3460 897 λέγων
3505 825 3536 878 6
3568 818 3868 891 εὐαγγελιο

2272 925 2425 996 στής.

2347 1119 2366 1152 ι
2404 1095 2574 1168 Κάγὼ
2638 1094 2887 1171 ἐώρακα,
2935 1095 3031 1148 καὶ
3091 1109 3522 1164 μεμαρτυρηκα,
3563 1098 3648 1150 ὅτι
3715 1079 3871 1154 οὗτός

2273 1192 2606 1256 ἐστινόΥίὸς
2637 1180 2728 1245 τοῦ
2760 1190 2914 1246 Θεοῦ.
2955 1209 2973 1242 ι
3008 1180 3177 1248 Οὗτος
3205 1184 3286 1248 δὲ,
3320 1183 3506 1250 ποῖος;
3546 1187 3645 1240 Ὃν
3677 1184 3873 1238 τεθέα-

2271 1299 2361 1335 ται
2394 1285 2493 1351 μέν
2541 1284 2897 1356 ἀνθρωπίνως
2946 1282 3006 1335 τὸ
3051 1277 3276 1347 Πνεῦμα
3313 1276 3633 1347 δεχόμενον,
3675 1270 3792 1328 οἶδε
3820 1275 3873 1325 δὲ

2274 1368 2605 1442 βαπτίζοντα
2637 1374 2836 1438 θεῖκῶς
2867 1376 2926 1428 ἐν
2953 1372 3034 1443 τῷ
3062 1373 3202 1442 ἁγίῳ
3231 1369 3534 1439 Πνεύματι.

2350 1581 2368 1615 ι
2407 1560 2468 1614 Ei
2498 1559 2569 1613 τὰ
2595 1561 2814 1626 ἐπίγεια
2830 1551 2982 1612 εἷπον
3003 1559 3151 1629 ὑμῖν,
3186 1557 3282 1610 καὶ
3314 1555 3376 1609 οὐ
3406 1550 3724 1615 πιστεύετε,
3757 1553 3878 1616 πῶς

2275 1653 2369 1708 ἐὰν
2397 1643 2534 1705 είπω
2563 1650 2692 1718 ὑμῖν
2719 1647 2790 1700 τὰ
2818 1649 3137 1718 ἐπουράνια,
3163 1647 3519 1709 πιστεύσετε;
3549 1643 3666 1696 Καὶ
3695 1642 3879 1704 οὐδεὶς

2279 1742 2620 1813 ἀναϐέϐηκεν
2648 1740 2729 1802 είς
2757 1738 2846 1792 τὸν
2874 1739 3126 1810 οὐρανὸν,
3159 1740 3207 1791 εἰ
3240 1739 3316 1808 μὴ
3345 1741 3374 1790 6
3403 1739 3468 1791 ἐκ
3497 1734 3596 1789 τοῦ
3632 1733 3878 1806 οὐρανοῦ

603 1827 696 1896 qui
736 1835 821 1882 est
865 1827 918 1882 in
960 1828 1097 1883 caelo
1117 1827 1184 1883 ".
1230 1847 1249 1880 ι
1296 1819 1576 1895 Quomodo
1616 1829 1897 1883 descendit
1936 1831 2001 1885 de
2039 1831 2177 1886 coelo

2288 1833 2554 1898 καταϐὰς,
2585 1834 2614 1886 6
2647 1830 2774 1892 Υἱὸς
2802 1827 2896 1882 τοῦ
2925 1827 3235 1898 ἀνθρώπου.
3277 1847 3296 1879 ι
3330 1828 3457 1892 Πῶς
3488 1827 3882 1895 καταϐέϐηκεν

603 1917 772 1973 Filius
802 1919 1061 1985 hominis,
1090 1918 1358 1988 siquidem
1389 1929 1543 1974 sacra
1579 1917 1668 1973 illa
1699 1933 1827 1974 caro
1855 1934 1919 1975 ex
1951 1921 2179 1976 muliere

607 2019 730 2062 nata
769 2010 883 2064 est?
917 2005 1048 2064 Erat
1087 2024 1218 2065 sane
1255 2025 1384 2065 caro
1412 2009 1575 2065 Verbi
1616 2012 1760 2079 quod
1802 2011 1870 2065 de
1909 2011 2047 2066 cmlo
2084 2012 2179 2067 de-

604 2099 910 2164 scenderat,
942 2099 1159 2168 propria
1194 2116 1210 2154 :
1243 2114 1381 2155 unus
1413 2109 1499 2155 est
1531 2100 1698 2170 igitur
1726 2100 1974 2156 Christus
2004 2111 2058 2154 et
2088 2100 2179 2156 Fi-

606 2188 728 2244 lius.
750 2191 856 2255 ita,
881 2205 1002 2260 quae
1021 2189 1185 2246 Verbi
1214 2200 1367 2256 sunt,
1393 2192 1608 2262 propria
1635 2192 1818 2247 carnis
1843 2190 1984 2247 facta
2010 2202 2136 2246 sunt
2160 2206 2177 2246 :

603 2291 726 2345 quae
745 2293 875 2334 vero
898 2281 1081 2334 carnis
1106 2288 1253 2347 sunt,
1284 2279 1502 2350 propria
1527 2280 1689 2336 Verbi
1719 2287 2035 2349 evaserunt,
2063 2280 2177 2336 sola

605 2370 810 2438 peccati
839 2371 960 2426 labe
988 2379 1234 2441 excepta.
1424 2374 1425 2377 “

679 2567 698 2600 ι
732 2548 798 2603 Ει
824 2553 963 2602 sicut
988 2547 1200 2620 Moyses
1225 2546 1490 2603 exaltavit
1515 2533 1825 2616 serpentem
1855 2545 1908 2600 in
1938 2545 2178 2609 deserto,

607 2640 680 2694 ita
720 2638 947 2693 exaltari
985 2647 1198 2707 oportet
1238 2636 1437 2692 Filium
1475 2636 1744 2702 hominis;
1781 2645 1840 2690 ut
1875 2635 2052 2690 omnis
2089 2634 2181 2705 qui

605 2732 783 2785 credit
810 2729 864 2784 in
894 2731 1090 2797 ipsum,
1119 2742 1224 2783 non
1254 2737 1468 2797 pereat,
1495 2727 1588 2782 sed
1617 2727 1814 2782 habeat
1837 2727 2002 2781 vitam
2025 2733 2184 2780 mter-

607 2839 732 2877 nam
750 2824 818 2876 ".
853 2840 872 2873 ι
902 2823 1196 2891 Serpentes
1221 2820 1275 2874 in
1305 2821 1522 2875 deserto
1548 2819 1820 2875 morsibus
1845 2817 1985 2873 ﬁlios
2011 2815 2183 2871 Israel

609 2912 937 2968 infestabant
963 2930 976 2966 :
1003 2927 1126 2967 mox
1151 2912 1530 2967 universorum
1559 2911 1820 2967 Dominus
1849 2908 2019 2978 Moysi
2049 2924 2179 2977 prae-

607 3005 738 3069 cipit
771 3013 831 3058 nt
861 3017 1066 3057 ιειιειιιιι
1103 3013 1408 3072 serpentem
1445 3002 1673 3058 sublime
1707 3004 2022 3073 suspendat.
2059 3020 2079 3053 ι
2120 3001 2186 3056 Et

607 3096 734 3160 erit,
767 3095 960 3163 inquit,
993 3094 1039 3148 si
1075 3096 1349 3149 hominem
1379 3109 1604 3164 serpens
1634 3094 2013 3160 momorderit,
2045 3102 2100 3148 et
2132 3093 2183 3146 in

608 3196 912 3257 serpentem
945 3188 1217 3256 respiciet,
1250 3197 1303 3241 et
1329 3158 1559 3243 vivet”.
1594 3205 1614 3239 ι
1647 3186 1851 3257 Ecquid
1880 3158 2024 3243 istud
2053 3187 2184 3240 aani-
2211 3158 2255 3217 ο

609 3296 731 3348 gma
760 3280 860 3333 sibi
890 3279 1032 3332 vult?
1061 3278 1168 3333 Cur
1195 3280 1469 3332 sublatum
1501 3288 1807 3348 serpentem
1839 3278 2184 3347 conspicatus

609 3373 719 3425 Vita
749 3371 1014 3425 donatur?
1041 3368 1387 3436 Uuigenitum
1419 3369 1513 3424 Dei
1537 3368 1790 3435 Verbum,
1820 3370 1963 3439 quod
1993 3377 2183 3438 suapte

615 3474 805 3515 natura
834 3462 940 3515 vita
972 3470 1053 3514 est
1073 3499 1089 3524 ,
1124 3460 1286 3513 homo
1319 3459 1524 3514 factum
1556 3468 1639 3514 est
1669 3461 1774 3530 (est
1807 3468 1986 3514 autem
2021 3459 2182 3512 homo

613 3568 700 3607 res
724 3552 966 3623 quadam
995 3557 1154 3607 noxia
1175 3594 1188 3616 ,
1217 3554 1455 3622 serpenti
1485 3567 1589 3604 non
1621 3549 1907 3621 absimilis)
1935 3567 1948 3603 :
1976 3559 2032 3603 at
2055 3563 2182 3604 vero

614 3647 741 3700 licet
779 3655 837 3698 ut
873 3646 1034 3699 homo
1072 3646 1226 3699 nobis
1263 3645 1595 3698 assitnilatus
1629 3644 1725 3706 sit,
1764 3644 1807 3698 si
1844 3641 1968 3710 quis
2004 3652 2182 3694 tamen

612 3738 668 3792 in
699 3737 848 3791 illum
880 3737 1173 3806 aspexerit,
1213 3749 1383 3790 morte
1415 3737 1660 3805 superior
1685 3734 1886 3789 evadit.
1919 3731 2025 3788 Sed
2055 3733 2184 3802 quid

613 3827 758 3882 aliud
790 3835 892 3892 est,
923 3827 1174 3893 obsecro,
1208 3827 1258 3879 in
1299 3827 1443 3880 illum
1483 3826 1706 3889 intueri,
1736 3839 1898 3893 quam
1935 3825 2184 3878 incarna-

613 3918 776 3971 tionis
819 3917 965 3972 illius
1009 3918 1324 3987 mysterium
1371 3926 1564 3972 exacto
1607 3925 1970 3984 accurateque
2018 3913 2182 3968 animi

610 4008 814 4076 judicio
847 4008 1181 4077 expendere?
1217 4007 1329 4062 llac
1366 4019 1599 4076 namque
1633 4005 2098 4069 consideratione,
2132 4012 2187 4056 et

612 4099 909 4164 malorum,
955 4099 1056 4152 hoc
1104 4108 1223 4165 est,
1269 4098 1546 4152 hominum
1596 4097 1998 4150 similitudinem
2047 4095 2187 4148 obti-

617 4203 776 4252 nere,
808 4200 867 4242 et
897 4189 1141 4243 viviiicus
1179 4205 1389 4243 rursum
1410 4227 1426 4252 ,
1463 4188 2004 4256 serpentiuorumque
2038 4201 2184 4238 mor-

612 4293 771 4334 cntnn
808 4287 1026 4333 curator
1056 4288 1109 4333 et
1147 4277 1466 4346 proﬂigator
1497 4292 1617 4331 esse
1652 4276 2092 4344 deprehenditur,
2129 4283 2188 4328 nt

2280 1929 2345 1979 ἐκ
2373 1926 2465 1979 τοῦ
2496 1922 2726 1996 οὐρανοῦ
2755 1922 2785 1974 6
2826 1919 2954 1983 Υίδς
2986 1918 3081 1972 τοῦ
3131 1915 3454 1988 ἀνορὼπου,
3519 1919 3712 1973 καίτοι
3779 1917 3883 1986 τῆς

2279 2019 2440 2086 ἁγίας
2472 2016 2677 2088 σαρκὸς
2723 2011 3081 2084 γεννηθείσης
3112 2010 3177 2062 ἐκ
3221 2008 3504 2076 γυναικός.
3537 2010 3687 2062 Ἀλλ’
3748 2010 3884 2062 ῐδιον

2277 2102 2347 2178 ἦν
2375 2107 2437 2160 τὸ
2473 2107 2632 2177 σῶμα
2660 2105 2766 2159 τοῦ·
2787 2105 2845 2171 ἐξ
2875 2102 3106 2175 οὐρανοῦ
3137 2098 3648 2168 καταφοιτήσαντος
3673 2101 3882 2169 Λόγου,

2278 2199 2338 2261 ὃς
2367 2198 2462 2252 καὶ
2489 2198 2714 2265 γέγονεν
2745 2191 2872 2260 Υίδς
2898 2194 3211 2265 ἀνθρώπου.
3245 2186 3341 2254 Εἷς
3369 2185 3465 2243 οὖν
3495 2190 3610 2260 ἄρα
3637 2191 3887 2261 Χριστὸς

2280 2289 2375 2343 κα)⁵
2404 2287 2552 2351 Υἱός.
2585 2286 2774 2350 Οὕτως
2802 2287 2909 2339 ἴδια
2941 2287 3041 2356 μέν
3081 2286 3181 2355 τῆς
3224 2280 3426 2354 σαρκὸς
3453 2281 3526 2334 τὰ
3569 2279 3670 2334 τοῦ
3702 2282 3887 2350 Λόγου

2279 2378 2523 2448 γέγονεν,
2555 2377 2660 2430 ίδια
2688 2377 2747 2429 δέ
2774 2373 2871 2430 τοῦ
2915 2375 3090 2444 Λόγου
3117 2375 3188 2428 τὰ
3217 2374 3318 2444 τῆς
3347 2371 3579 2444 σαρκὸς,
3609 2370 3746 2441 δίχα
3792 2373 3889 2441 μό·

2282 2486 2381 2540 νης
2412 2467 2705 2538 ἁμαρτίας.
3304 2532 3306 2535 ι

2357 2575 2378 2614 t
2413 2560 2525 2614 Kal.
2549 2556 2730 2620 καθὼς
2756 2555 2963 2624 Μωσῆς
2993 2548 3176 2626 ΰψωσε
3195 2555 3290 2608 τὸν
3319 2547 3443 2623 ὅφιν
3473 2556 3532 2608 ἐν
3557 2556 3630 2625 τῇ
3663 2554 3884 2626 ἐρήμῳ,

2281 2651 2454 2714 οὕτως
2477 2648 2759 2719 ὑψωθῆναι
2788 2648 2871 2701 δεῖ
2895 2647 2988 2701 τὸν
3008 2647 3138 2699 Υίὸν
3167 2649 3261 2698 τοῦ
3292 2643 3588 2714 ἀνθρώπου
3616 2658 3632 2672 °
3656 2645 3753 2696 ἴνα
3782 2646 3888 2706 πᾶς

2281 2739 2600 2795 ὀπιπεύων
2630 2739 2716 2792 ἐπ’
2755 2737 2918 2791 αὐτὸν
2953 2736 3034 2778 e-f
3067 2734 3167 2806 ἐχῃ
3201 2734 3347 2807 ζωὴν
3373 2733 3622 2788 αἰώνιον.
3667 2751 3687 2785 ι
3726 2733 3889 2786 Ἐϐα-

2284 2848 2410 2884 κνον
2449 2830 2576 2892 τοὺς
2623 2827 2685 2892 ἐξ
2723 2823 2943 2900 Ἰσραὴλ
2981 2824 3124 2880 κατὰ
3170 2823 3271 2896 τὴν
3322 2822 3535 2895 ἔρημον
3587 2823 3644 2877 οἱ
3693 2821 3885 2893 ὄφεις·

2285 2918 2404 2976 εἶτα
2447 2920 2816 2993 προστέταχεν
2844 2921 2872 2972 6
2913 2919 3022 2972 τῶν
3050 2918 3188 2972 ὅλων
3230 2916 3363 2980 Θεὸς
3407 2915 3488 2986 τῷ
3531 2916 3719 2986 Μωσῇ
3768 2917 3889 2984 δ’,ςιν

2286 3012 2564 3068 ἀναθεῖναι
2593 3011 2848 3083 χαλκοῦν.
2889 3031 2908 3064 ι
2949 3012 3060 3065 Καὶ
3097 3011 3273 3073 ἔσται,
3322 3011 3511 3079 φησιν,
3546 3011 3654 3062 ἐὰν
3693 3010 3836 3078 δάκῃ
3863 3011 3890 3060 ό

2289 3103 2414 3174 δφις
2443 3105 2749 3176 ἄνθρωπον,
2781 3085 2877 3158 καί
2911 3103 3160 3174 ἐμϐλέψῃ
3188 3104 3267 3165 είς
3298 3101 3389 3154 τὸν
3418 3100 3571 3168 ὅφιν,
3607 3101 3711 3152 καὶ
3741 3101 3894 3169 ζήσε-

2287 3211 2397 3248 ται.
2440 3213 2458 3245 ι
2496 3193 2561 3244 Τί
2590 3194 2768 3247 τοίνυν
2796 3193 2914 3246 ἐστὶ
2940 3193 3002 3245 τὸ
3029 3192 3289 3259 αἷνιγμα;
3323 3191 3422 3242 Διὰ
3442 3190 3496 3241 τί
3529 3190 3591 3241 δέ
3625 3190 3656 3242 6
3688 3190 3890 3259 ἐνορῶν

2287 3286 2378 3338 τὸν
2397 3284 2519 3353 ὅφιν
2551 3286 2576 3324 ε
2595 3283 2856 3350 σώζεται;
2883 3282 3005 3353 Ζωὴ
3031 3281 3321 3352 τοιγαροῦν
3337 3281 3482 3334 κατὰ
3504 3279 3683 3348 φύσιν
3717 3281 3891 3349 ὑπάρ-

2289 3394 2399 3448 χων
2428 3379 2456 3430 ό
2484 3373 2793 3446 Μονογενὴς
2823 3371 2917 3427 τοῦ
2947 3373 3083 3427 Θεοῦ
3114 3374 3308 3442 Λόγος,
3340 3373 3576 3442 γέγονεν
3601 3375 3666 3428 ἐν
3696 3373 3891 3444 ὁμοιώ-

2291 3465 2528 3537 ματιτῷ
2559 3465 2680 3519 καθ’
2724 3462 2894 3536 ἡμᾶς,
2937 3464 3216 3517 τουτέστιν
3264 3463 3558 3535 ἄνθρωπος
3632 3465 3891 3537 (πονηρὸν

2288 3559 2344 3610 δὲ
2373 3555 2402 3610 6
2430 3555 2736 3628 ἄνθρωπος,
2768 3554 2864 3609 καὶ
2910 3551 3022 3607 οἷον
3061 3557 3090 3608 6
3119 3550 3288 3626 6φις)’
3315 3554 3430 3608 ἀλλ’
3472 3555 3527 3607 εί
3569 3557 3676 3610 καὶ
3707 3558 3890 3625 γέγονε

2290 3647 2411 3701 καθ’
2440 3647 2608 3716 ἡμᾶς,
2648 3643 2701 3698 εί
2723 3663 2807 3708 τις
2835 3645 2916 3708 εἰς
2963 3641 3128 3698 αὑτὸν
3171 3645 3292 3710 ίδοι,
3325 3646 3454 3715 νικᾷ
3503 3646 3603 3698 τδν
3638 3646 3890 3699 θάνατον.

2289 3735 2355 3788 Τί
2386 3733 2442 3788 δέ
2473 3737 2587 3788 ἐστι
2617 3734 2679 3788 τὸ
2707 3736 2786 3797 είς
2816 3733 2982 3787 αὐτὸν
3015 3733 3165 3798 ἰδεῖν,
3199 3733 3232 3804 ἢ
3262 3732 3345 3786 ὅτι
3378 3734 3608 3796 πάντως
3658 3735 3725 3788 τὸ
3754 3736 3892 3803 ἀκρι-

2291 3826 2401 3889 ϐῶς
2444 3825 2781 3896 κατανοῆσαι
2824 3825 2884 3879 τὸ
2927 3826 3013 3878 ἐπ’
3043 3823 3190 3894 αὐτῷ
3237 3825 3581 3894 μυστήριον;
3619 3826 3767 3879 Τότε
3797 3827 3895 3896 γὰρ

2288 3914 2451 3968 αὑτὸν
2474 3913 2663 3983 ὄψεται
2690 3916 2748 3966 ἐν
2785 3911 3089 3982 ὁμοιώματι
3121 3911 3220 3980 μὲν
3241 3909 3350 3963 τῶν
3403 3912 3706 3982 πονηρῶν,
3753 3931 3896 3967 τουτ-

2287 4007 2434 4059 έστιν
2473 4003 2798 4074 ἀνθρώπων,
2847 4002 3111 4067 ζωοποιὸν
3138 4001 3194 4055 δέ
3241 4001 3316 4065 ὼς
3349 4003 3507 4069 Θεὸν,
3547 4006 3652 4058 καὶ
3710 4008 3897 4075 ἀφανε-

2287 4096 2447 4162 ζοντα
2482 4097 2552 4151 τὰ
2571 4097 2678 4149 τῶν
2708 4095 2913 4163 νοητῶν
2942 4094 2971 4132 h
2998 4094 3174 4161 ὄφεων
3208 4094 3488 4165 δήγματα.
3529 4090 3632 4160 Εἷς
3675 4093 3775 4151 οὖν
3800 4099 3894 4166 ἄρα

2291 4185 2516 4257 Κύριος,
2545 4186 2640 4236 καὶ
2668 4184 2797 4246 Υἱὸς
2826 4183 2854 4235 6
2875 4181 3059 4246 αὐτὸς,
3087 4181 3182 4235 καὶ
3209 4181 3475 4247 ζωοποιὸς
3501 4185 3584 4249 ὡς
3609 4186 3778 4251 Θεὸς,
3814 4187 3897 4238 καὶ

2288 4277 2347 4328 ἐν
2379 4277 2510 4329 εῖδει
2537 4274 2615 4345 τῷ
2646 4274 2754 4328 τῶν
2779 4274 3031 4344 πονηρῶν
3064 4273 3130 4326 δι’
3153 4275 3492 4344 οἰκονομίαν.

615 4369 775 4424 Deus.
804 4368 953 4424 Unus
983 4369 1162 4437 itaque
1189 4379 1272 4422 est
1302 4367 1582 4429 Dominus,
1612 4376 1665 4419 et
1699 4379 1840 4417 unus
1874 4363 2062 4425 Filius,
2091 4364 2181 4432 qui
2223 4364 2464 4436 quidem,
2507 4375 2568 4420 ut
2597 4363 2739 4419 Deus
2803 4375 2882 4419 est
2910 4404 2925 4429 ,
2957 4363 3203 4419 viviiicus
3230 4376 3340 4432 eSt;
3374 4368 3696 4424 seetmdum
3730 4371 3897 4426 carnis

613 4473 744 4516 vero
765 4459 1151 4522 teconomiam,
1179 4458 1230 4510 in
1259 4456 1520 4510 malorum
1550 4455 1732 4524 specie
1759 4453 2068 4522 spectabilis
2093 4464 2195 4511 est.

694 4575 713 4605 ι
753 4553 908 4608 l’neri
934 4593 949 4618 ,
990 4552 1202 4622 inquit,
1251 4550 1597 4604 llcbra'orum
1645 4550 1974 4617 accipientes
2015 4565 2181 4603 ramos

2374 4567 2393 4600 (
2426 4550 2488 4602 Οἱ
2528 4549 2715 4612 παῖδες
2749 4547 2964 4618 ἔχοντες
2991 4547 3060 4600 τὰ
3089 4544 3216 4616 βαΐα
3244 4545 3355 4601 τῶν
3386 4550 3664 4617 φοινίκων
3687 4594 3703 4617 ,
3745 4553 3893 4620 €53}.-

617 4647 934 4716 palmarum,
972 4653 1350 4713 processerunt
1387 4643 1598 4696 obviam
1638 4645 1708 4706 ei,
1743 4654 1796 4695 et
1831 4643 2137 4697 clamabant
2174 4659 2190 4698 :

618 4741 901 4801 llusanna,
938 4738 1254 4792 benedictus
1289 4737 1379 4804 qui
1418 4737 1564 4789 venit
1601 4736 1652 4788 in
1691 4737 1906 4789 nomine
1945 4735 2188 4797 Domini,

2301 4641 2392 4692 οον
2419 4641 2498 4702 εἰς
2518 4639 2823 4708 ἀπάντησιν
2851 4637 3210 4708 αὺτοῦ,φησὶ,
3237 4640 3331 4691 καὶ
3356 4638 3601 4709 ἔκραζον
3629 4645 3677 4681 i-
3717 4643 3896 4694 'Q:av-

2303 4730 2412 4797 νὰ,Δ
2454 4730 2818 4800 εὐλογημένος
2867 4731 2896 4783 6
2942 4730 3237 4800 ἐρχόμενος
3283 4731 3342 4781 ἐν
3393 4732 3629 4801 ὀνόματι
3667 4734 3894 4805 Κυρίου,

618 4849 707 4885 rex
738 4829 898 4883 Israel
916 4828 981 4882 ’⁸.
1013 4847 1030 4877 ι
1069 4826 1226 4896 115
1254 4827 1499 4891 Qualem,
1525 4841 1727 4895 qua'so,
1756 4827 1947 4878 divina:
1975 4824 2181 4877 Litterae

2297 4823 2326 4874 6
2359 4821 2610 4891 βασιλεὺς
2631 4821 2724 4873 τοῦ
2757 4820 2997 4890 Ἰσραήλ.
3029 4840 3046 4871 ι
3085 4821 3209 4884 Πῶς
3243 4817 3336 4875 οὖν
3371 4840 3546 4894 φησιν
3584 4828 3647 4878 ἐν
3679 4827 3897 4896 ὀνόματι

618 4925 672 4978 in
724 4921 938 4975 nomine
985 4920 1198 4972 Domini
1248 4929 1530 4971 venturum
1580 4917 1914 4986 praedixere?
1961 4916 2093 4969 Nam
2147 4916 2181 4969 si

2295 4913 2500 4983 Κυρίου
2537 4909 2983 4982 παραγενέσθαιὶ
3024 4913 3086 4964 τὺ
3113 4913 3353 4984 Γράμμα
3383 4915 3446 4967 τὸ
3478 4917 3666 4985 ἱερὸν;
3709 4919 3771 4971 ΕΞ
3805 4919 3898 4989 μὲν

617 5029 738 5066 ειιιιι
769 5011 858 5080 qui
887 5025 950 5063 ex
985 5024 1137 5063 sacra
1160 5007 1383 5077 Virgine
1413 5018 1570 5061 ortus
1600 5018 1704 5071 est,
1734 5007 2004 5060 hominem
2037 5005 2181 5057 abso-

2299 5001 2391 5056 οὖν
2415 5002 2491 5065 ὠς
2518 5003 2802 5073 ἄνθρωπον
2838 5002 3020 5064 ίδικῶς
3045 5003 3135 5055 τὸν
3161 5005 3224 5056 ἐκ
3257 5005 3356 5073 τῆς
3387 5005 3556 5072 ἁγίας
3591 5008 3895 5077 Παρθένου,

619 5105 750 5168 Iule,
793 5105 881 5157 Dei
911 5102 1085 5157 Verbo
1126 5101 1419 5155 secundum
1465 5099 1784 5168 hypostasin
1830 5115 1934 5150 non
1980 5098 2181 5151 unitum

2299 5095 2374 5166 μὴ
2398 5093 2686 5156 ἐνιυθέντος
2716 5093 2864 5163 αὐτῷ
2900 5094 3020 5146 καθ’
3048 5093 3346 5148 ὑπόστασιν
3373 5095 3468 5147 τοῦ
3518 5096 3663 5149 Θεοῦ
3697 5099 3892 5164 Λόγου,

619 5195 853 5250 dixerint
897 5211 911 5247 :
953 5191 1191 5262 profecto
1232 5190 1623 5246 dominationis
1668 5204 1861 5242 nomen
1908 5201 2181 5240 commune

2299 5185 2476 5238 κοινὸν
2507 5184 2658 5237 ἔσται
2685 5184 2746 5238 τὸ
2772 5183 2872 5254 τῆς
2896 5185 3218 5256 κυριότητος
3247 5186 3417 5255 ὄνομα
3442 5188 3599 5258 αὐτῷ
3628 5190 3780 5244 καθὰ
3811 5193 3896 5241 xz‘:

620 5287 718 5355 ipsi
760 5285 1041 5339 nobiscum
1077 5284 1211 5349 erit;
1257 5295 1428 5349 neque
1467 5279 1757 5348 quidquam
1806 5280 1906 5332 hac
1947 5278 2181 5342 ratione,

2295 5279 2447 5347 ἡμῖν,
2480 5277 2572 5328 καὶ
2605 5276 2756 5328 οὐδὲν
2790 5277 2883 5329 ἐπὶ
2921 5276 3161 5346 Χριστοῦ
3191 5276 3251 5329 τὸ
3287 5277 3462 5348 μέγα·
3495 5279 3546 5329 εί
3582 5279 3641 5332 δὲ
3678 5281 3757 5343 ὡς
3791 5284 3896 5334 Κύ-

1259 5438 1478 5492 “Joan.
1511 5454 1548 5504 ι,
1579 5437 1663 5489 54.
1745 5433 1962 5489 "Juno.
1991 5450 2082 5498 ιιι,
2118 5433 2181 5486 ιε

2288 5433 2323 5486 5.
2427 5433 2620 5488 “ibid.
2648 5431 2736 5484 M.
2829 5433 2872 5463 ’⁷
2899 5432 3056 5486 Νιιηι.
3094 5448 3204 5494 xxi.
3239 5435 3290 5487 8.

688 5445 797 5499 "ll
827 5443 952 5499 Cor.
991 5457 1107 5507 \‘lll,
1131 5441 1186 5508 9.
1259 5438 1478 5492 “Joan.
1511 5454 1548 5504 ι,
1579 5437 1663 5489 54.
1745 5433 1962 5489 "Juno.
1991 5450 2082 5498 ιιι,
2118 5433 2202 5498 12,
2236 5433 2323 5486 15.
2427 5433 2620 5488 “ibid.
2648 5433 2736 5484 M.
2829 5433 2872 5463 "
2899 5433 3056 5486 Num.
3094 5448 3204 5494 xxi.
3239 5435 3290 5487 8.
3411 5435 3458 5465 ’⁸
3481 5433 3648 5493 Joan.
3677 5439 3892 5508 qulS.

1683 5588 1857 5642 Varia:
1891 5587 2146 5642 lectiones
2178 5585 2384 5640 codicis
2425 5585 2790 5655 Srguieriani.

694 5737 776 5778 e-l’
813 5737 888 5791 εὶς
911 5733 1094 5792 αὐτόν,
1131 5732 1260 5788 [γει]
1287 5734 1342 5786 ἐν
1373 5731 1539 5785 αὑτῶ.
1621 5731 1644 5766 ε
1776 5727 1916 5796 ὄφει.
1993 5728 2016 5765 h
2053 5727 2322 5799 πονηρῶν.
2407 5727 2419 5764 ί
2462 5724 2818 5795 ἐκραύγαζον.
2902 5723 2914 5772 i
2958 5727 3454 5795 παραγενήσεσθαι.
