4040 6500
159 423 272 480 1517

1222 416 1312 471 DE
1351 412 1578 471 RECTA
1615 409 1779 467 FIDE
1818 409 1908 465 AD
1949 407 2271 465 REGINAS.

3250 412 3389 469 1518

159 553 257 607 pro;
280 534 483 606 ἁληοῶς
536 534 687 606 ἥξειν
729 531 1233 606 προαπηγγὲλλετο,
1261 531 1399 601 ὅπερ
1444 526 1565 582 ἐστὶ
1617 526 1713 580 καὶ

1826 524 1961 594 quod
1989 525 2061 579 sit
2090 525 2372 590 eximium,
2400 523 2620 580 Christo
2651 523 2998 580 attribuatur.
3029 523 3086 578 Si
3115 539 3243 580 vero
3272 535 3391 581 tan-

156 625 329 694 ὰληθὲς
375 626 392 687 (
416 624 641 694 ἐλήλυθε
674 625 782 695 γὰρ
814 625 876 677 οὐ
903 624 1026 694 δίχα
1057 622 1259 694 σαρκὸς
1308 620 1389 684 εἰς
1419 618 1570 672 τόνδε
1615 616 1709 670 τόν

158 713 336 785 κόσμον
361 718 388 768 ὀ
413 715 750 785 Μονογενής)
775 733 788 746 ·
809 711 890 779 εἷς
918 715 1026 785 ἄρα
1053 715 1169 768 ἐστὶ
1196 713 1357 782 φύσει
1378 711 1474 769 καὶ
1489 708 1710 782 ἀληθῶς

158 807 356 878 Κύριος,
394 808 491 860 καὶ
523 806 781 878 Χριστὸς,
812 808 906 860 καὶ
935 806 1085 870 Υἱός.

226 1093 241 1123 ι
268 1072 368 1125 Καὶ
409 1071 550 1141 ὑπὲρ
584 1071 762 1126 αὐτῶν
795 1069 908 1140 ἐγὼ
953 1069 1168 1139 ἁγιάζω
1199 1070 1457 1138 ἐμαυτὸν,
1487 1068 1576 1122 ἵνα
1610 1060 1714 1120 ὦσι

151 1165 242 1215 καὶ
265 1163 408 1216 αὐτοὶ
440 1163 764 1234 ἡγιασμένοι
806 1162 866 1214 ἐν
906 1161 1157 1232 ἀληθείᾳ.
1191 1180 1210 1211 ι
1244 1160 1469 1213 Ἑαυτὸν
1498 1160 1714 1227 ἁγιάζει

148 1248 518 1324 Χριστός.’Λρ“
647 1251 932 1322 ἄνθρωπος
954 1291 969 1315 ,
1009 1253 1041 1322 ἢ
1075 1253 1156 1305 ὅτι
1199 1253 1399 1321 μᾶλλον
1428 1251 1563 1314 Ded;
1599 1251 1716 1323 ἐστι

152 1343 284 1396 κατὰ
312 1343 490 1411 φύσιν,
529 1341 658 1410 ἴδιον
686 1340 824 1410 ἔχων
859 1341 919 1393 τὸ
970 1340 1193 1410 Πνεῦμα
1231 1340 1293 1393 τὸ
1320 1343 1502 1408 ἆγιον;
1538 1339 1716 1409 Ὅπερ

149 1435 262 1486 ἐστὶ
291 1434 380 1486 καὶ
405 1431 623 1501 ἀληθές.
672 1431 899 1495 Οὐδενὸς
932 1432 1222 1503 τοιγαροῦν
1251 1429 1554 1502 ἀνθρώπων
1588 1431 1716 1482 ἐαυ-

148 1528 236 1580 τὸν
282 1527 614 1594 ἁγιάζοντος.
653 1525 845 1578 ἑαυτὸν
894 1525 1110 1593 ἁγιάζει
1156 1525 1412 1594 Χριστός.
1458 1517 1557 1586 Ἐἷς
1609 1523 1717 1592 ἄρα

149 1618 289 1669 ἐστὶν
310 1617 432 1679 Υἱὸς
454 1618 547 1669 καὶ
571 1615 794 1685 Κύριος,
824 1616 1182 1686 ἁγιαζόμενος
1209 1615 1305 1685 μὲν
1338 1614 1717 1685 ἀνθρωπίνως,

147 1707 377 1775 ἁγιάζων
433 1707 490 1760 δὲ
542 1705 738 1770 Οεῖκῶς
791 1706 870 1776 τῷ
917 1707 1030 1778 ἰδίῳ
1082 1706 1358 1776 Πνεύματι
1401 1707 1492 1759 τὸν
1525 1704 1718 1758 ἑαυτοῦ

149 1813 286 1848 ναον.

220 1907 237 1938 ι
271 1886 439 1939 Πολλὰ
471 1887 567 1957 μὲν
600 1881 692 1938 οὖν
728 1887 819 1938 καί
854 1886 987 1941 ἄλλα
1019 1886 1220 1956 σημεῖα
1253 1885 1510 1955 ἐποίησεν
1549 1885 1578 1936 ό
1613 1884 1719 1954 Ἰη-
1752 1881 1793 1934 Β

145 1979 267 2042 σοῦς
311 1980 538 2031 ἐνώπιον
585 1978 692 2032 τῶν
739 1977 998 2049 μαθητῶν
1031 1977 1214 2040 αὑτοῦ,
1245 1977 1280 2030 ἁ
1319 1978 1418 2030 οὐκ
1460 1976 1575 2030 ἔστι
1623 1993 1718 2045 γε·

143 2071 433 2140 γραμμένα
462 2070 519 2121 ἐν
551 2067 629 2139 τῷ
663 2069 848 2138 βιϐλίῳ
874 2068 1070 2138 τούτῳ.
1094 2068 1278 2120 Ταῦτα
1306 2068 1362 2120 δὲ
1391 2069 1720 2137 γέγραπται,

143 2161 229 2211 ἵνα
276 2158 601 2228 πιστεύσητε
651 2158 734 2209 ὅτι
768 2155 975 2226 Ἰησοῦς
1009 2158 1156 2207 ἐστιν
1203 2155 1232 2206 ὁ
1267 2153 1502 2226 Χριστὸς
1535 2154 1563 2206 ὁ
1592 2152 1718 2215 Υἱὸς

141 2251 233 2303 τοῦ
278 2249 450 2303 Θεοῦ·
500 2250 594 2302 καὶ
648 2249 734 2301 ἵνα
783 2247 1151 2322 πιστεύοντες,
1177 2247 1321 2316 ζωὴν
1369 2245 1526 2316 ἔχητε
1558 2247 1617 2299 ὲν
1646 2244 1723 2315 τῷ

141 2345 359 2410 ὀνόματι
386 2343 568 2395 αὑτοῦ.
600 2362 619 2394 ι
638 2342 698 2395 '0
725 2343 788 2393 ἐκ
816 2343 913 2410 τῆς
942 2340 1103 2408 ἁγίας
1135 2337 1413 2410 Παρθένου
1460 2354 1720 2408 γεγεννη·

143 2438 302 2505 μένος
344 2434 712 2505 Ἐμμανουήλ,
749 2434 836 2486 διὰ
864 2434 963 2503 τῆς
990 2432 1084 2484 τοῦ
1114 2430 1442 2500 Εὑαγγελίου
1465 2431 1491 2468 ¹ί
1540 2430 1724 2501 φωνῆς

154 2523 355 2590 Ἰησοῦς
390 2522 862 2593 ὡνόμασται.“οτε
897 2522 1077 2574 τοίνυν
1109 2520 1271 2584 αὑτός
1302 2521 1440 2584 ἐστι,
1491 2519 1584 2572 καὶ
1626 2519 1724 2589 οὐχ

139 2614 345 2682 ἕτερος,
383 2613 508 2676 Υἱὸς
556 2612 648 2666 τοῦ
697 2612 852 2676 Θεοῦ,
884 2613 977 2664 καὶ
1023 2613 1052 2663 ὁ
1097 2610 1372 2662 πιστεύων
1413 2609 1528 2679 ἔχει
1580 2607 1724 2679 ζωὴν

141 2703 359 2755 αἰώνιον
400 2703 456 2755 ἐν
489 2701 567 2771 τῷ
612 2701 836 2771 ὀνόματι
873 2698 1061 2752 αὑτοῦ·
1100 2699 1214 2762 πῶς
1243 2699 1303 2750 ού
1337 2701 1645 2769 μεμήνασιν
1675 2698 1724 2751 οἱ

137 2794 487 2863 διορίζοντες,
515 2793 608 2845 καὶ
644 2794 966 2861 φάσκοντες,
1000 2793 1185 2862 ἕτερον
1209 2790 1337 2842 Υἰδν
1359 2785 1501 2842 εἶναι
1530 2788 1619 2842 τὸν
1661 2790 1726 2841 ὲκ

139 2884 279 2937 θεοῦ
337 2885 526 2951 Λόγον,
558 2884 652 2937 καὶ
693 2885 882 2952 ἕτερον
925 2883 1015 2935 τὸν
1060 2884 1124 2935 ἐκ
1178 2882 1275 2950 τῆς
1317 2882 1475 2950 ἁγίας
1516 2880 1728 2952 Παρθέ-

138 2992 268 3041 νου;
301 2975 548 3028 Φαίνεται
582 2976 690 3044 γὰρ
737 2975 794 3026 ὲν
839 2974 1049 3035 τούτοις
1103 2973 1131 3024 ὁ
1187 2969 1576 3040 εύαγγελιστὴς
1632 2969 1728 3023 καὶ

139 3073 290 3141 μάλα
321 3071 508 3140 σαφῶς
535 3071 630 3123 ἕνα
659 3070 754 3122 καὶ
789 3069 948 3138 μόνον
975 3063 1064 3119 τὸν
1097 3067 1155 3122 ἐΞ
1204 3067 1405 3134 ἀμφοῖν
1438 3062 1594 3125 εἰδὼς
1634 3062 1728 3113 καὶ

134 3162 431 3234 κηρύττων
471 3161 678 3231 Ἰησοῦν
707 3160 965 3231 Χριστὸν,
991 3159 1238 3212 τουτέστι
1259 3157 1352 3210 τὸν
1380 3159 1445 3209 ἐκ
1467 3155 1601 3208 Θεοῦ
1624 3155 1729 3208 Πα-

129 3257 272 3327 τρδς
300 3257 491 3322 Λόγον,
524 3255 754 3324 αἵματος
787 3253 882 3306 καὶ
917 3252 1117 3324 σαρκὸς
1157 3251 1594 3323 κεκοινωνηκότα
1627 3268 1729 3303 πα-

131 3348 464 3422 ραπλησίως
491 3349 646 3418 ἡμῖν,
680 3346 822 3399 καοὰ
851 3346 1183 3416 γέγραπται.

375 3458 478 3513 Ἐκ
515 3458 622 3513 τοῦ
660 3459 812 3512 κατὰ
847 3457 1092 3512 Λουκᾶν
1123 3455 1514 3526 Εὑαγγελίου.

216 3593 239 3627 t
264 3574 517 3642 Ἐγένετο
546 3574 603 3626 δὲ
633 3575 690 3625 ἐν
724 3572 801 3644 τῷ
826 3568 966 3625 εἶναι
993 3572 1189 3633 αὐτοὺς
1215 3571 1349 3635 ἐκεῖ,
1377 3569 1730 3640 ἐπλήσθησαν

129 3665 194 3718 αἱ
225 3663 437 3734 ἡμέραι
464 3662 559 3715 τοῦ
598 3664 779 3714 τεκεῖν
809 3661 1010 3732 αὑτήν·
1053 3661 1146 3713 καὶ
1174 3660 1326 3713 ἔτεκε
1356 3660 1446 3712 τὸν
1482 3659 1609 3713 Υἱὸν
1637 3659 1733 3712 αὑ-

123 3755 239 3824 τῆς
294 3752 386 3803 τὸν
420 3751 782 3821 πρωτότοκον,
816 3751 916 3802 καὶ·
965 3749 1389 3819 ἐσπαργάνωσεν
1422 3748 1604 3811 αὑτὸν,
1638 3749 1733 3800 κα)⁵

123 3843 428 3897 ἀνέκλινεν
476 3842 637 3894 αὐτὸν
685 3845 742 3893 ἐν
788 3844 853 3912 τῇ
908 3842 1103 3910 cpi-can,
1135 3841 1266 3893 διότι
1297 3842 1396 3893 οὐκ
1439 3836 1507 3911 ἦν
1551 3841 1733 3903 αὐτοῖς

119 3934 314 3995 τόπος
361 3934 418 3984 ἐν
468 3932 544 4002 τῷ
591 3931 960 4001 καταλύματι.
997 3932 1162 3984 »Ἕνα
1211 3931 1304 3983 καὶ
1342 3933 1502 4000 μόνον
1546 3932 1734 3984 ἔτεκεν

123 4024 278 4078 Tle
327 4024 419 4074 τὸν
459 4021 805 4093 Ἐμμανουήλ
857 4023 890 4092 ἡ
943 4022 1073 4088 ἁγία
1125 4022 1435 4091 ΙΙαροένος·
1485 4021 1609 4086 πῶς
1643 4017 1734 4073 οὖν

121 4132 339 4186 φησι,ι
371 4114 474 4166 Τὸν
499 4113 624 4164 Υἱὺν
645 4113 813 4181 αὐτῆς
843 4112 933 4163 τὸν
964 4111 1309 4181 πρωτότοκον
1331 4129 1346 4172 ;
1373 4130 1388 4159 ι
1425 4111 1485 4163 οὐ
1509 4113 1616 4180 γὰρ
1643 4128 1735 4179 γε-

119 4208 378 4275 γόνασιν
416 4205 593 4275 ἕτεροι
649 4205 764 4274 μετ’
795 4203 977 4266 αὐτὸν,
1018 4204 1293 4273 μεμένηκε
1323 4203 1382 4254 δὲ
1446 4203 1735 4273 παρθένος.

139 4297 620 4366 Ἐπισημαίνεται
653 4296 833 4348 τοίνυν
863 4296 936 4358 ὠς
974 4299 1038 4348 ὲκ
1064 4297 1162 4365 τῆς
1207 4293 1565 4347 θεοπνεύστου
1597 4296 1736 4364 Γρα-

1809 630 1971 686 quam
1999 629 2161 671 verus
2194 617 2452 670 Dominus
2475 625 2738 670 venturus
2766 617 3165 686 prmnuntiatus
3195 613 3302 683 est,
3333 628 3394 672 ut

1813 720 2000 762 revera
2037 707 2430 775 praenuntiatus
2462 716 2546 762 est
2579 707 2762 776 (venit
2795 707 2939 761 enim
2978 705 3303 777 Unigenitus
3335 709 3410 763 in,

1813 796 1956 852 hunc
1997 799 2256 851 mundum
2296 812 2400 851 non
2441 798 2643 867 absque
2681 797 2905 868 carne);
2934 813 3072 852 unus
3108 812 3236 867 ergo
3276 815 3394 853 om-

1815 886 1944 938 nino
1977 895 2170 940 natura
2205 895 2258 940 et
2292 886 2518 942 veritate
2554 887 2834 953 Dominus,
2859 897 2911 942 et
2931 886 3275 953 Cbristus,et
3310 886 3396 939 Fi-

1815 975 1920 1030 lius
1947 975 2072 1030 erit.

1893 1086 1911 1118 ι
1955 1067 2020 1121 Et
2061 1083 2159 1136 pro
2193 1068 2272 1122 eis
2308 1083 2406 1139 ego
2443 1070 2726 1125 sanctiﬁco
2763 1073 3024 1141 meipsnm
3049 1113 3064 1137 ,
3101 1082 3159 1125 ut
3195 1073 3305 1127 sint
3343 1081 3398 1123 et

1819 1159 1918 1228 ipsi
1951 1158 2274 1214 sanctiﬁcati
2309 1162 2360 1214 in
2394 1162 2620 1215 veritate
2643 1162 2708 1214 '9.
2745 1182 2764 1214 ι
2803 1164 3054 1232 Seipsum
3085 1163 3399 1218 sanctiIECat

1817 1249 2068 1303 Christus
2097 1267 2110 1302 :
2142 1251 2235 1303 sed
2270 1252 2510 1320 nunquid
2542 1261 2599 1305 ut
2630 1254 2824 1308 homo?
2853 1270 2918 1307 an
2951 1270 3080 1308 vero
3106 1264 3167 1308 ut
3196 1265 3390 1308 natura

1819 1339 1961 1395 Deus
1981 1339 2244 1410 Spiritum
2266 1353 2516 1396 sanctum
2541 1352 2796 1412 tanquam
2815 1345 3091 1413 prepriuut
3111 1346 3360 1400 obtinens
3375 1347 3399 1397 Υ

1819 1431 1981 1486 Certe
2004 1442 2063 1485 ut
2087 1431 2248 1486 Deus.
2276 1432 2433 1486 Nullo
2463 1435 2644 1503 itaque
2671 1435 2981 1490 mortalium
3008 1435 3245 1504 seipsum
3274 1452 3418 1490 sanr

1821 1524 2115 1588 etiticante,
2165 1524 2312 1578 solus
2360 1524 2608 1579 Christus
2660 1528 3014 1594 semetipsum
3074 1526 3399 1582 Sanetilicat.

1823 1612 1974 1670 Unus
2001 1626 2085 1669 est
2114 1629 2242 1684 ergo
2274 1615 2533 1668 Dominus
2553 1626 2618 1669 et
2640 1615 2846 1683 Filius;
2876 1616 3251 1672 sanctiﬁcatus
3279 1618 3401 1687 qui-

1823 1709 1942 1760 dem
1985 1717 2043 1760 ut
2085 1707 2268 1771 homo,
2306 1721 2462 1761 suum
2496 1722 2626 1762 vero
2669 1708 2837 1776 ipsius
2882 1710 3136 1777 templum
3182 1709 3403 1779 proprio

1825 1811 1921 1851 Suo
1949 1795 2156 1864 Spiritu
2187 1797 2537 1850 sanetilicans
2568 1809 2626 1850 ιιι
2657 1797 2818 1852 Deus.

1900 1905 1917 1937 ι
1959 1887 2126 1940 Multa
2163 1886 2378 1956 quidem
2415 1896 2470 1940 et
2505 1887 2610 1940 alia
2647 1888 2798 1956 signa
2839 1885 2964 1941 fecit
2995 1886 3151 1942 Jesus
3188 1889 3238 1942 in
3273 1903 3406 1944 con-

1823 1989 2004 2047 Speetu
2042 1979 2426 2047 discipulorum
2462 1993 2714 2043 suorum,
2755 1994 2873 2048 quae
2909 1995 3011 2034 non
3047 1991 3172 2034 sunt
3204 1980 3405 2048 scripta

1826 2071 1876 2123 in
1918 2069 2054 2124 libro
2095 2071 2216 2124 hoc.
2258 2069 2380 2124 llmc
2419 2081 2601 2125 autem
2643 2071 2844 2139 scripta
2885 2081 3041 2138 sunt,
3079 2083 3139 2124 ιιι
3174 2073 3406 2128 credatis

1824 2162 1948 2230 quia
1982 2159 2138 2215 Jesns
2170 2171 2251 2214 est
2283 2160 2534 2215 Christus
2570 2161 2740 2216 Filius
2779 2162 2904 2228 Dei;
2941 2173 2994 2216 et
3030 2172 3089 2216 ut
3119 2165 3408 2218 credentes

1825 2252 1988 2304 vitam
2031 2252 2275 2308 habeatis
2319 2251 2372 2305 in
2416 2253 2633 2306 nomine
2673 2251 2790 2319 ejus
2813 2252 2879 2305 ³ο.
2930 2272 2948 2304 ι
2996 2252 3095 2319 Qui
3141 2269 3208 2309 ex
3250 2269 3403 2308 sacra

1826 2335 2047 2410 Virgine
2095 2352 2252 2395 natus
2297 2350 2380 2394 est
2429 2339 2782 2402 Emmanuel.
2831 2343 2876 2396 is
2919 2357 3050 2397 voce
3098 2344 3407 2413 evangelica

1826 2430 2128 2498 appellatus
2156 2439 2240 2484 est
2268 2429 2424 2483 .Iesus
2449 2429 2514 2482 ³³.
2549 2429 2681 2483 Cum
2718 2431 2831 2496 ipse
2860 2446 3012 2499 ergo,
3048 2439 3101 2484 et
3131 2446 3236 2484 nou
3272 2431 3411 2483 alius

1826 2522 2093 2592 quispiam
2127 2522 2196 2576 sit
2229 2521 2322 2575 Dei
2356 2521 2561 2585 Filius;
2593 2534 2645 2574 et
2675 2523 2765 2590 qui
2799 2521 2850 2574 in
2885 2521 3037 2574 illum
3073 2522 3280 2587 credit,
3316 2539 3412 2575 no-

1827 2613 1973 2668 mine
2015 2611 2255 2681 ejusdem
2306 2612 2471 2664 vitam
2519 2617 2780 2664 mternam
2828 2620 3235 2680 consequatur;
3279 2625 3414 2679 quu-

1828 2705 1986 2758 modo
2030 2719 2134 2757 non
2182 2702 2458 2755 insaniunt
2497 2705 2613 2772 qui,
2643 2702 2907 2756 divisione
2950 2701 3200 2766 inducta,
3248 2703 3411 2756 alium

1829 2797 1919 2851 Dei
1947 2795 2121 2850 Patris
2144 2794 2398 2860 Verbum,
2426 2795 2590 2848 alium
2622 2811 2836 2848 rursum
2866 2794 3012 2848 illum
3041 2796 3132 2865 qui
3163 2810 3228 2850 ex
3256 2800 3411 2850 sacra

1829 2884 2049 2957 Virgine
2083 2896 2262 2940 ortum
2300 2887 2480 2950 ducit,
2519 2883 2714 2939 Filium
2751 2901 2871 2941 esse
2908 2887 3200 2941 asserunt?
3235 2887 3290 2942 In
3329 2889 3414 2942 his

1828 2980 1972 3034 enim
2004 2977 2333 3047 evangelista
2367 2993 2530 3030 unum
2565 2977 2737 3031 solum
2768 2973 2951 3031 Jesuut
2985 2977 3283 3043 Christum,
3315 2977 3416 3031 hoc

1829 3079 1932 3132 est,
1958 3069 2049 3122 Dei
2083 3067 2260 3122 Patris
2278 3068 2540 3130 Verbum,
2565 3069 2747 3122 carnis
2776 3076 2829 3122 et
2859 3069 3142 3139 sanguinis
3169 3085 3322 3138 mque
3349 3085 3414 3123 ac

1832 3174 1931 3212 nos
1978 3157 2272 3212 secundum
2322 3155 2636 3226 Seripturas
2690 3158 2964 3225 particeps
3010 3157 3299 3222 enectum,
3347 3172 3416 3212 ex

1833 3261 2062 3318 utroque
2099 3249 2458 3305 constitutum
2504 3249 2846 3318 apertissime
2887 3249 3133 3319 agnoscit
3175 3257 3230 3304 et
3269 3264 3413 3319 pra--

1832 3340 2001 3396 dicat.

2121 3455 2204 3507 Ex
2243 3453 2530 3523 Evangelia
2566 3453 2856 3506 secundum
2896 3451 3117 3508 Lucam.

1908 3585 1931 3618 ι
1970 3565 2034 3619 Ει
2064 3565 2262 3620 factum
2291 3575 2394 3630 est,
2421 3581 2543 3620 eum
2574 3574 2759 3619 essent
2785 3563 2882 3627 ibi,
2913 3564 3116 3633 impleti
3147 3572 3274 3617 sunt
3301 3563 3418 3620 dies

1837 3666 1893 3709 ut
1926 3667 2168 3726 pareret,
2202 3666 2256 3711 et
2290 3658 2500 3726 peperit
2534 3656 2729 3710 Filium
2769 3671 2925 3710 suum
2962 3656 3418 3724 primogenitum,

1834 3757 1888 3802 et
1921 3749 2113 3816 pannis
2146 3764 2271 3803 eum
2313 3748 2568 3812 involvit,
2605 3759 2662 3802 et
2700 3747 2987 3802 reclinavit
3025 3747 3079 3800 in
3117 3749 3417 3816 praesepio,

1837 3839 1959 3908 quia
1995 3855 2099 3892 nun
2132 3849 2252 3894 erat
2281 3841 2368 3895 eis
2401 3840 2553 3894 locus
2585 3841 2638 3894 in
2673 3839 2972 3894 diversorio
2995 3839 3059 3892 ³¹.
3101 3858 3120 3891 ι
3157 3837 3334 3895 Unum
3367 3850 3421 3894 et

1836 3930 2010 3983 solum
2054 3930 2249 3983 Filium
2301 3932 2510 4000 peperit
2554 3932 2715 4000 116
2755 3941 2942 3984 sancta
2979 3930 3177 4001 Virgo,
3224 3946 3419 4000 nempe

1840 4020 2243 4075 Emmanuelem
2284 4039 2297 4074 :
2336 4037 2432 4074 cur
2466 4022 2632 4088 igitur
2665 4021 2857 4074 Filium
2897 4021 3040 4075 illius
3075 4023 3419 4093 primogeni-

1841 4122 1950 4163 tum
1996 4111 2263 4179 appellat?
2309 4111 2490 4181 Neque
2533 4112 2678 4164 enim
2724 4112 2815 4166 ulli
2859 4111 2947 4164 alii
2994 4119 3118 4178 post
3162 4113 3312 4166 illum
3354 4130 3420 4169 ex

1841 4204 1952 4272 ipsa
1992 4205 2098 4256 nati
2137 4214 2265 4259 sunt
2301 4222 2315 4257 :
2353 4214 2618 4274 perpetuo
2653 4219 2886 4273 namque
2928 4204 3017 4257 illa
3053 4205 3421 4275 virginitatem

1837 4297 2203 4350 conservavit.
2251 4295 2601 4363 Signiﬁcatur
2644 4309 2804 4364 ergo,
2849 4309 2878 4346 a
2929 4309 3083 4348 sacra
3136 4295 3417 4366 Scriptura

117 4391 251 4460 φῆς
275 4403 290 4416 ·
326 4389 643 4457 ὠνόμασται
695 4387 804 4456 γὰρ
854 4387 1198 4458 πρωτότοκος
1236 4384 1264 4434 ὁ
1299 4385 1593 4453 μονογενὴς
1642 4385 1726 4436 τοῐ

1840 4387 2168 4454 unigenitum
2202 4387 2293 4440 Dei
2320 4384 2558 4440 Verbum
2593 4385 2662 4440 ob
2694 4385 2746 4440 id
2782 4387 3206 4456 primogenitum
3241 4390 3424 4458 appel-

112 4482 285 4536 (δεοῦ
317 4482 492 4549 Λόγος
513 4497 526 4509 '
577 4479 939 4550 κεκοινώνηκε
973 4479 1077 4547 γὰρ
1129 4477 1359 4545 αἵματος
1390 4476 1482 4527 καὶ
1513 4476 1726 4546 σαρκὸς1

1841 4478 2006 4532 latum
2041 4492 2182 4541 esse,
2219 4480 2344 4546 quia
2381 4478 2528 4530 carni
2567 4486 2619 4532 et
2656 4477 2927 4546 sanguini,
2964 4480 3286 4547 ueterisque
3324 4481 3421 4534 ltu-

111 4575 240 4628 καὶ
303 4571 704 4641 παραπλησίως
757 4572 887 4640 ἡμῖν
935 4570 1158 4639 μετέσχε
1194 4569 1300 4620 τῶν
1331 4567 1528 4619 αὐτῶν.
1583 4568 1726 4619 Οὖτα

1845 4570 2019 4622 manis
2046 4584 2199 4637 teque
2225 4584 2288 4623 ac
2318 4584 2416 4623 nos
2448 4570 2889 4635 communicatis,
2921 4571 3065 4625 inter
3094 4574 3287 4627 multos
3316 4573 3426 4628 ira-

104 4669 376 4736 -ίέγονεν
425 4667 482 4716 ἐν
535 4663 751 4723 πολλοῖς
799 4661 1049 4727 ἀδελφοῖς
1095 4660 1451 4730 πρωτότοκος.
1489 4657 1635 4727 Πλὴν
1664 4659 1726 4721 ὡς

1846 4671 1952 4713 tres
1972 4660 2015 4690 ³³
2039 4662 2324 4727 primatum
2351 4660 2599 4714 Sortitnm
2623 4671 2706 4714 est
2725 4660 2790 4714 “.
2815 4661 2947 4714 Cum
2976 4663 3074 4716 hoc
3100 4663 3217 4730 ipso
3245 4674 3422 4719 tamen

107 4762 132 4808 (
157 4759 278 4819 ιεὸς
309 4757 697 4827 προσκυνεῖται
727 4753 879 4822 πειρὰ
910 4770 965 4804 τε
990 4752 1148 4823 ἡμῶν
1176 4751 1355 4807 αὐτῶν
1379 4751 1473 4804 καὶ
1495 4750 1602 4803 τῶν
1628 4750 1726 4804 ἄνα

1841 4763 1898 4804 et
1937 4768 1963 4803 τι
2005 4754 2253 4821 supernis
2295 4753 2398 4806 illis
2440 4753 2743 4820 spiritibus,
2781 4763 2838 4808 et
2880 4755 3174 4824 nobisipsis
3208 4773 3426 4826 quoque

105 4869 206 4903 τ-τν
214 4867 242 4899 ε
251 4868 284 4899 υ
295 4849 508 4917 μάτων.

1851 4844 2125 4908 adoratur,
2160 4852 2214 4895 et
2247 4853 2303 4896 nt
2337 4842 2479 4897 Deus
2507 4845 2726 4902 colitur.

123 4969 128 4972 -
215 4958 236 4990 ι
272 4940 391 4991 Καὶ
441 4934 583 5002 εἷπε,
639 4938 792 5007 φησὶ,
838 4937 974 5008 πρὸς
1017 4935 1182 4989 αὐτὸν
1233 4938 1267 5006 ἡ
1323 4937 1504 5008 μήτηρ
1551 4935 1726 4990 αὐτοῦ

1928 4953 1945 4985 ι
1987 4932 2053 4986 Ει
2082 4934 2217 4987 dixit
2249 4944 2419 4988 mater
2445 4935 2562 5002 ejus
2593 4936 2658 4988 ad
2693 4934 2842 4989 illum
2877 4955 2890 4990 :
2921 4936 3060 5003 Fili,
3091 4937 3218 5006 quid
3251 4935 3424 4991 feciin

102 5033 381 5096 Τέκνον,
413 5031 462 5083 τί
490 5032 751 5098 ἐποίησας
780 5031 914 5100 ἡμῖν
953 5027 1158 5092 οὕτως
1203 5027 1336 5080 Ἰδοὺ
1372 5031 1399 5082 ὁ
1431 5029 1614 5096 πατὴρ
1647 5045 1726 5080 σοι

1848 5025 2002 5080 nobis
2030 5025 2140 5079 sic?
2168 5025 2304 5079 Ecce
2335 5034 2488 5092 pater
2515 5032 2636 5080 tuus
2662 5035 2718 5080 et
2741 5041 2840 5097 ego
2865 5027 3113 5082 dolentes
3140 5029 3425 5097 quaereba-

99 5126 236 5179 κσιί
296 5121 414 5188 ἐγὼ
465 5119 790 5188 ὀδυνώμενοι
839 5117 1142 5188 ὲζητοῦμέν
1184 5133 1262 5170 σε.
1294 5116 1403 5170 Καὶ
1450 5113 1570 5169 εἶπε
1603 5118 1726 5187 πρὸς

1846 5132 1966 5170 mus
2005 5126 2076 5170 te.
2111 5115 2179 5168 Et
2211 5117 2289 5196 ait
2323 5117 2388 5169 ad
2425 5115 2546 5170 illos
2580 5134 2596 5172 :
2631 5116 2768 5182 Quid
2803 5128 2882 5174 est
2919 5119 3061 5185 quod
3097 5133 3182 5173 me
3216 5133 3428 5187 quaere—

93 5213 351 5276 αὐτούς
374 5230 387 5241 °
417 5212 482 5264 Τί
521 5211 602 5264 ὅτι
632 5210 872 5279 ἐζητεῖτὲ
906 5226 1007 5279 {1.5;
1033 5209 1132 5261 οὐκ
1164 5209 1340 5262 οἴδατε
1361 5207 1402 5272 ι,
1431 5209 1511 5261 ὃτι
1546 5210 1601 5261 ἐν
1626 5210 1726 5272 τοῖς

1846 5209 2021 5263 batis?
2049 5206 2407 5269 Nesciebatis,
2435 5209 2561 5276 quia
2593 5208 2644 5262 in
2676 5209 2760 5262 his
2786 5224 2906 5278 qua:
2934 5206 3113 5264 Patris
3144 5211 3248 5264 mei
3277 5219 3424 5276 sunt,

86 5307 232 5365 τοῦ
272 5303 497 5372 Πατρός
531 5320 630 5373 μου
665 5303 743 5355 δεῖ
785 5298 926 5355 εἷναί
962 5317 1064 5369 με;
1107 5319 1125 5352 ι
1150 5299 1339 5371 ’Δορει
1371 5300 1434 5371 δὴ
1469 5294 1560 5352 οὖν
1591 5300 1726 5363 ὅπως

1848 5309 2059 5370 Oportet
2083 5316 2169 5353 me
2205 5314 2321 5354 esse
2343 5299 2424 5352 "5?
2452 5318 2468 5351 ι
2495 5301 2571 5355 Ειι
2598 5300 2867 5371 quomodo
2890 5301 3164 5356 caelestem
3189 5300 3426 5371 Patrem,

211 5463 265 5493 "
296 5459 456 5514 .Ioan.
491 5458 718 5520 xvn,19.
833 5457 876 5488 ³⁰
902 5455 1055 5509 Joan.
1084 5471 1178 5520 xx,
1201 5454 1292 5521 30,
1323 5454 1414 5509 3|.

87 5556 135 5594 ς
165 5547 270 5598 ιιι,
314 5536 401 5586 19.
483 5530 526 5560 ³⁵
555 5530 688 5585 Luc.
720 5543 780 5591 ιι,
808 5528 899 5594 Ml,
937 5527 1024 5580 50.

1526 5455 1566 5486 ³⁸
1591 5454 1726 5509 Luc.

1847 5453 1941 5508 ΞΗ.
2055 5453 2096 5484 ³¹
2138 5452 2269 5510 Luc.
2306 5469 2364 5520 ιι,
2393 5453 2446 5520 6,
2481 5454 2537 5510 7.
2648 5454 2692 5485 ³³
2718 5454 2881 5509 Hebr.
2911 5471 2969 5521 ιι,
3008 5456 3090 5508 14.
3196 5457 3240 5489 ³⁸
3263 5456 3425 5512 Rom.

1239 5685 1416 5742 Variae
1453 5683 1710 5740 lectiones
1740 5681 1942 5738 codicis
1964 5682 2315 5752 Seguieriani.

220 5834 248 5870 κ
291 5832 465 5894 ἴσως,
498 5824 749 5895 ἀγγέλου.
833 5821 846 5858 ι
884 5821 1081 5893 ᾔδειτε.
