4040 6452
624 377 762 432 1519

1613 366 1671 422 8.
1713 363 1987 422 CYRILLI
2026 359 2492 418 ALEXANDRINI
2538 356 2858 415 AllClllEP.

3774 356 3799 410 l
3810 355 3902 411 320

620 502 777 542 suum
810 485 977 556 ipsius
1007 483 1288 556 proprium
1317 480 1529 537 Patrem
1560 481 1820 537 nominat.
1845 480 1914 532 At
1938 477 2197 546 siquidem

2309 475 2439 529 ῖδιον
2485 475 2681 530 ἐαυτοῦ
2714 473 2931 544 Πατέρα
2961 473 3052 527 τὸν
3098 473 3157 525 ἐν
3184 473 3296 536 τοῖς
3335 471 3592 543 οὐρανοῖς
3623 471 3900 540 ὀνομάζει.

624 578 796 629 nudus
825 578 985 631 homo
1010 583 1149 640 erat,
1180 573 1476 643 cuiusmodi
1506 588 1603 627 nos
1627 585 1834 635 sumus,
1862 579 1916 624 et
1943 568 2086 622 aliud
2117 567 2199 621 ni-

624 667 725 732 hil;
759 682 855 718 cur
882 681 985 719 non
1018 665 1121 718 hac
1153 663 1331 732 putius
1358 664 1608 718 oratione
1639 677 1769 715 usus
1796 670 1881 714 est
1908 677 1923 714 :
1960 679 1978 709 ι
2013 657 2200 712 Nesci-

626 758 694 810 tis
725 754 866 826 quod
901 758 951 809 in
985 756 1068 810 his
1095 771 1213 824 qua:
1240 756 1540 810 communis
1568 753 1809 808 omnium
1842 750 2020 805 Patris
2050 757 2197 812 sunt,

622 857 838 916 oportet
878 862 962 900 me
1004 847 1160 901 esse?
1203 866 1220 896 ι
1258 844 1456 901 Verum
1494 845 1644 900 illum
1684 855 1742 897 ut
1779 843 2057 911 prOpriutu
2097 840 2198 895 sibi

625 939 889 1002 vindicat;
921 938 1045 1006 quia
1078 937 1224 992 solus
1252 939 1556 992 secundum
1589 935 1825 990 divinam
1859 942 2106 987 naturam
2134 948 2201 987 ex

627 1032 744 1096 ipso
781 1038 941 1083 natus
975 1038 1074 1083 est.
1110 1029 1370 1083 Eumdem
1409 1028 1765 1082 nihilominus
1800 1036 1856 1080 et
1894 1026 2056 1080 homo
2089 1024 2199 1091 jam

628 1119 800 1170 factus
831 1118 1102 1185 proprium
1135 1118 1308 1172 adhuc
1341 1117 1754 1185 naturalemque
1786 1116 2005 1171 retinet.

703 1227 720 1258 ι
760 1210 821 1261 Et
855 1207 1051 1262 factum
1085 1220 1202 1272 est,
1235 1208 1364 1261 dum
1400 1217 1543 1262 esset
1575 1208 1626 1260 in
1661 1221 1762 1260 una
1796 1206 2078 1259 civitatum
2102 1245 2116 1266 ,
2149 1214 2204 1258 et

626 1307 750 1346 ecce
775 1295 854 1346 vir
877 1294 1064 1363 plenus
1093 1296 1239 1360 lepra
1274 1313 1286 1348 :
1313 1305 1366 1349 et
1388 1296 1577 1349 videns
1603 1294 1809 1358 Jesum,
1839 1306 1891 1347 et
1915 1294 2203 1362 procidens

626 1387 676 1437 in
702 1383 918 1448 faciem,
948 1384 1154 1454 rogavit
1176 1402 1320 1452 eum,
1346 1387 1564 1442 dicens:
1590 1387 1832 1451 Domine,
1861 1387 1905 1440 si
1929 1388 2026 1452 vis,
2055 1396 2204 1455 potes

625 1490 709 1530 me
741 1475 1018 1530 mundare.
1051 1475 1116 1529 Et
1146 1481 1441 1533 extendens
1471 1495 1712 1545 mantnn,
1746 1478 1919 1549 tetigit
1946 1493 2093 1540 enin,
2123 1479 2204 1531 di-

623 1581 752 1618 cens
787 1582 800 1620 :
835 1563 988 1630 Volo,
1032 1569 1294 1622 mundare
1331 1552 1398 1620 ³³.
1434 1586 1453 1620 ι
1476 1567 1761 1622 Miraberis
1801 1566 1888 1622 hic
1925 1567 2202 1622 Christum

622 1657 800 1712 divina
837 1657 994 1711 simul
1028 1673 1092 1712 ac
1123 1672 1382 1728 corporea
1415 1659 1616 1712 virtute
1643 1672 1958 1727 operantem
1993 1677 2005 1712 :
2038 1660 2204 1728 siqui-

620 1749 739 1802 dem
770 1749 904 1803 velle
934 1759 1052 1804 erat
1081 1751 1343 1815 divinum,
1375 1752 1488 1820 ipsa
1518 1765 1646 1804 vero
1677 1767 1868 1804 manus
1900 1753 2200 1820 protensio,

2316 565 2455 618 Ἀλλ’
2485 567 2643 636 εἴπερ
2687 562 2756 637 ἦν
2809 565 3092 636 ἄνθρωπος
3141 565 3484 635 καταμόνας,
3517 565 3619 617 καὶ
3662 562 3807 616 αὐτὸ
3849 563 3901 631 δὴ

2300 658 2458 712 τοῦτο
2506 659 2794 729 νοούμενος
2846 656 2965 711 καθ’
2996 657 3166 727 ἡμᾶς,
3205 656 3323 719 πῶς
3381 657 3482 709 οὐκ
3534 655 3652 708 ἔδει
3712 654 3900 724 μᾶλλον

2307 751 2482 802 εἰπεῖν
2508 765 2520 778 ·
2551 750 2664 802 Οὐκ
2699 749 2900 819 ᾔδειτε,
2934 748 3016 802 ὅτι
3064 749 3124 800 ἐν
3149 749 3262 811 τοῖς
3293 746 3388 800 τοῦ
3428 746 3660 799 πάντων
3696 743 3900 816 Πατρὸς

2302 838 2444 896 εἷναί
2487 859 2553 910 με
2578 841 2694 905 δεῖ;
2737 841 2878 894 Ἀλλέ
2910 841 3040 894 ἴδιον
3083 839 3254 893 αὑτοῦ
3285 841 3523 891 ποιεῖται
3547 853 3562 865 ”
3608 839 3785 906 μόνος
3811 835 3903 905 γὰρ

2302 933 2362 998 ἐξ
2393 934 2558 987 αὑτοῦ
2583 933 2905 1004 γεγέννηται
2929 933 3071 987 κατὰ
3104 932 3268 1001 φύσιν
3299 929 3518 992 θεῖκῶς.
3540 931 3602 983 '0
3636 930 3702 982 δὲ
3730 929 3901 991 αὐτὸς,

2302 1026 2398 1078 καὶ
2432 1025 2714 1097 ἄνθρωπος
2744 1023 3004 1095 γεγονὼς,
3036 1025 3168 1079 ῐδιον
3210 1023 3322 1093 ἔχει
3355 1022 3450 1076 καὶ
3487 1021 3656 1091 φύσει
3692 1019 3905 1090 Πατέρα

2302 1117 2395 1170 τὸν
2421 1116 2556 1169 Θεόν
2568 1157 2582 1170 .

2384 1232 2401 1264 ι
2431 1212 2534 1265 Καὶ
2589 1211 2806 1279 ἐγένετο
2844 1213 2900 1264 ἐν
2953 1210 3029 1280 τῷ
3069 1205 3208 1262 εἶναι
3238 1208 3402 1262 αὐτὸν
3432 1208 3490 1260 ἐν
3525 1207 3633 1276 μιᾷ
3671 1203 3792 1257 τῶν
3823 1203 3905 1255 πό-

2302 1299 2460 1366 λεων,
2492 1299 2588 1353 καὶ
2649 1298 2757 1352 ἰδοὺ
2803 1299 2944 1371 ἀνὴρ
2995 1298 3210 1369 πλήρης
3236 1298 3444 1367 λέπρας
3466 1310 3482 1324 °
3529 1296 3632 1348 καὶ
3664 1293 3799 1346 ἰδὼν
3827 1292 3907 1344 τὸν

2316 1391 2544 1461 Ἰησοῦν,
2577 1389 2758 1462 πεσὼν
2793 1390 2886 1443 ἐπὶ
2916 1389 3229 1461 πρόσωπον,
3255 1387 3450 1459 ἐδεήθη
3476 1386 3678 1448 αὑτοῦ,
3701 1384 3904 1453 λέγων·

2305 1479 2496 1551 Κύριε,
2537 1478 2631 1532 ἐὰν
2665 1478 2844 1550 θέλῃς,
2874 1477 3098 1532 δύνασαί
3143 1494 3210 1547 με
3235 1477 3557 1546 καθαρίσαι.
3593 1475 3711 1528 Καὶ
3741 1472 3909 1524 ἐκτεεο

2303 1589 2398 1634 νας
2431 1571 2528 1636 τὴν
2556 1571 2711 1640 χεῖρα
2736 1608 2750 1632 ,
2779 1569 2958 1638 ἥψατο
2989 1568 3178 1631 αὐτοῦ,
3207 1567 3408 1634 λέγων·
3453 1566 3630 1631 Θέλω,
3668 1563 3907 1634 καθαρί-

2307 1662 2484 1732 σθητι.
2517 1681 2534 1713 ι
2574 1660 2895 1732 Θαυμάσεις
2943 1661 3002 1713 ἐν
3049 1659 3258 1721 τούτοις
3307 1657 3509 1720 θεῖκῶς
3543 1675 3608 1709 τε
3660 1655 3789 1725 ἅμα
3821 1655 3910 1708 καὶ

2306 1752 2634 1823 σωματικῶς
2685 1743 3015 1822 ἐνεργοῦντα
3049 1749 3315 1818 Χριστόνο
3362 1749 3543 1800 θεῖκὸν
3583 1749 3690 1817 μὲν
3727 1742 3824 1799 οὖν
3857 1744 3911 1796 τὸ

623 1843 941 1897 humanum.
974 1842 1125 1897 Unus
1156 1844 1339 1912 itaque
1365 1859 1434 1897 ex
1463 1853 1691 1913 utroque
1719 1842 1906 1898 Filius.
1936 1843 2066 1899 Nam
2098 1847 2197 1900 etsi

2309 1846 2502 1910 θέλειν,
2531 1843 2871 1916 ἀνθρώπινον
2895 1844 2952 1897 δὲ
2981 1843 3040 1896 τὸ
3070 1844 3304 1896 ἐκτεῖναι
3334 1840 3433 1910 τὴν
3467 1842 3652 1910 χεῖρα.
3687 1834 3790 1902 Εἷς
3822 1833 3910 1893 οὖν

626 1932 856 1986 Verbqu
887 1932 1051 1988 fuerit
1083 1936 1444 2000 ineat-natum,
1470 1935 1638 1988 nihilo
1668 1944 1843 1989 tamen
1872 1939 2044 1992 secius
2074 1953 2197 1992 eum

624 2025 838 2093 propria
868 2039 1051 2090 carne,
1083 2026 1332 2078 virtutem
1362 2036 1417 2081 et
1450 2027 1560 2096 ipsa
1592 2037 1810 2098 propter
1836 2028 1963 2084 illud
1997 2032 2200 2084 haben-

624 2121 696 2176 te,
728 2122 982 2182 tanquam
1016 2114 1156 2168 Deus
1198 2117 1547 2183 operabatur.

699 2222 716 2254 ι
751 2201 896 2258 Dixit
925 2214 1102 2258 autem
1128 2205 1192 2258 ad
1221 2204 1341 2260 illos
1368 2221 1382 2259 :
1408 2206 1688 2271 Quomodo
1714 2209 1898 2263 dicunt
1926 2210 2197 2264 Christum

622 2307 740 2349 esse
772 2295 935 2346 lilium
974 2294 1177 2348 David?
1205 2305 1258 2348 et
1287 2295 1404 2364 ipse
1433 2295 1601 2350 David
1632 2299 1764 2353 dicit
1795 2300 1846 2353 in
1881 2300 2018 2353 libro
2047 2299 2197 2354 PSal-

621 2404 829 2443 morum
867 2411 877 2443 :
913 2389 1056 2442 Dixit
1089 2390 1348 2445 Dominus
1386 2390 1614 2446 Domino
1649 2408 1766 2445 meo
1797 2411 1808 2445 :
1845 2393 1981 2446 Sede
2011 2412 2037 2445 a
2065 2397 2197 2446 ιιι-χ-

621 2478 723 2532 tris
753 2479 907 2541 meis,
936 2479 1108 2532 donec
1135 2495 1329 2548 ponam
1360 2481 1608 2534 inimicos
1637 2490 1757 2534 tuos
1785 2482 2075 2535 scabellutn
2107 2499 2200 2551 pe-

620 2570 748 2621 dum
782 2578 1019 2620 tuorum.
1053 2569 1217 2622 David
1249 2583 1375 2637 ergo
1409 2570 1693 2623 Dominum
1727 2570 1872 2623 illum
1908 2580 2064 2624 vocat
2097 2588 2110 2623 :
2145 2581 2200 2624 et

620 2657 890 2727 quomodo
926 2658 1067 2710 lilius
1100 2659 1219 2727 ejus
1251 2658 1431 2712 est"?
1469 2677 1488 2709 ι
1522 2659 1692 2715 Audis
1725 2676 1832 2729 quo
1867 2672 2023 2730 pacto
2059 2663 2200 2730 ipse-

624 2758 734 2802 met
770 2748 1021 2803 Christus
1061 2747 1300 2816 (tametsi
1339 2762 1403 2803 οι
1449 2749 1655 2802 semine
1696 2748 1866 2803 David
1906 2752 2197 2804 secundum

620 2855 838 2896 carnem
867 2841 1130 2910 originem
1164 2839 1363 2911 trahat)
1395 2841 1498 2895 hoc
1529 2841 1649 2895 loco
1680 2841 1870 2904 Deum,
1895 2852 1948 2895 et
1981 2841 2194 2909 Filium,

569 2977 572 2980 i
625 2929 782 3000 117
808 2939 860 2983 et
888 2931 1170 2984 Dominum
1196 2930 1492 2984 secundum
1520 2939 1768 2984 naturam
1795 2946 1854 2985 se
1877 2947 1998 2985 esse
2021 2941 2198 2986 osten-

621 3023 748 3074 dat?
784 3019 921 3074 Dicit
953 3023 1097 3074 enim
1134 3039 1146 3074 :
1189 3041 1206 3072 ι
1247 3021 1300 3075 Si
1339 3021 1557 3076 Davidis
1594 3024 1737 3077 illius
1771 3033 1873 3086 est,
1907 3039 2003 3076 cur
2035 3023 2196 3078 David

626 3111 905 3164 Dominum
937 3112 1084 3165 illum
1112 3113 1377 3181 appellat?
1408 3131 1428 3164 ι
1460 3113 1565 3166 Sed
1599 3128 1772 3183 neque
1799 3128 1976 3168 ortqu
2005 3130 2196 3169 secun-

2309 1938 2367 2002 ἐξ
2401 1940 2602 2009 ἀμφοῖν
2646 1938 2790 2002 Υἱός.
2821 1938 2883 1991 El
2923 1936 3032 2007 γὰρ
3081 1935 3177 1988 καὶ
3225 1935 3414 2002 γέγονε
3450 1931 3591 2004 σὰρξ
3638 1933 3668 1984 ὁ
3709 1931 3909 1999 Λόγος,

2306 2029 2420 2082 ἀλλ’
2448 2029 2521 2092 ὡς
2544 2029 2676 2092 Θεὸς
2701 2029 2914 2097 ἐνεργεῖ
2941 2026 3079 2097 μετὰ
3106 2029 3206 2097 τῆς
3231 2024 3368 2088 ἰδίας
3398 2023 3630 2094 σαρκὸς,
3667 2021 3910 2093 ἐχούσης

2305 2119 2474 2190 αὐτῆς
2500 2118 2566 2171 δι’
2593 2117 2756 2172 αὑτὸν
2786 2115 3038 2185 δύναμιν.

2384 2229 2402 2262 ι
2431 2206 2565 2264 Εἷπε
2597 2210 2653 2262 δέ
2687 2208 2822 2278 πρὸς
2859 2206 3057 2268 αὐτούς
3079 2221 3092 2234 ·
3125 2203 3250 2267 Πῶς
3281 2203 3501 2271 λέγουσι
3541 2200 3640 2254 τὸν
3667 2197 3911 2270 Χριστὸν

2307 2298 2446 2354 εἶναι
2491 2301 2604 2353 υἱὸν
2634 2298 2827 2362 Δανῖδ;
2860 2296 3020 2359 αὐτὸς
3052 2295 3160 2365 γὰρ
3188 2296 3216 2346 6
3248 2291 3412 2346 Δαυῖδ
3441 2291 3594 2358 λέγει
3630 2290 3692 2340 ἐν
3719 2287 3911 2357 βιϐλίῳ

2305 2393 2550 2460 Ψαλμῶν
2571 2409 2582 2422 ·
2617 2386 2784 2443 Εἶπεν
2812 2391 2839 2441 6
2867 2387 3072 2457 Κύριος
3102 2385 3182 2455 τῷ
3213 2384 3405 2455 Κυρίῳ
3442 2399 3543 2453 μου
3564 2395 3578 2408 °
3617 2379 3814 2433 Κάθου
3850 2381 3912 2430 ἐκ

2305 2483 2496 2546 δεξιῶν
2535 2499 2656 2551 μου,
2697 2481 2800 2543 ἓως
2836 2478 2901 2532 ἂν
2938 2477 3015 2530 θῶ
3051 2479 3177 2539 τοὺς
3207 2474 3434 2545 ἐχθρούς
3480 2491 3576 2525 σου
3612 2471 3912 2525 ὑποπόδιον

2306 2573 2416 2624 τῶν
2446 2570 2621 2623 ποδῶν
2661 2585 2778 2620 σου.
2816 2566 2981 2619 Δανῒδ
3014 2564 3178 2618 αὐτὸν
3207 2562 3413 2633 Κύριον
3439 2561 3621 2625 καλεῖ,
3657 2562 3758 2613 καὶ
3799 2561 3912 2621 71'»;

2308 2661 2434 2724 Υἱὸς
2464 2657 2627 2713 αὑτοῦ
2659 2659 2837 2724 ἐστινς
2874 2674 2890 2707 ι
2932 2653 3180 2715 Ἀκούεις
3204 2654 3352 2714 ὅπως
3381 2653 3440 2704 ἐν
3467 2649 3685 2712 τούτοις
3721 2652 3906 2718 πειρᾶ-

2305 2771 2392 2807 ται
2426 2751 2690 2805 δεικνύειν
2726 2748 2888 2811 αὐτὸς
2912 2749 2941 2801 6
2971 2745 3226 2817 Χριστὸς,
3250 2744 3332 2798 ὅτι
3363 2743 3469 2797 κᾶν
3495 2744 3544 2795 εἰ
3571 2742 3811 2812 γέγονεν
3850 2743 3912 2794 ἐκ

2308 2847 2624 2915 σπέρματος
2655 2840 2816 2894 Δαυῖδ
2854 2842 2883 2892 6
2913 2838 3082 2906 Λόγος
3118 2835 3260 2890 κατὰ
3288 2834 3387 2906 τὴν
3423 2834 3634 2903 σάρκα,
3664 2832 3790 2887 ἀλλ’
3821 2827 3911 2883 οὖν

2306 2939 2422 2990 ἐστι
2455 2935 2547 2988 καὶ
2575 2932 2716 2987 οὕτω
2749 2931 2891 2985 κατᾶ
2923 2928 3085 2998 φύσιν
3108 2927 3335 2998 Κύριος,
3360 2927 3435 2989 ὡς
3463 2925 3598 2988 Υἱὸς
3619 2925 3720 2978 καὶ
3743 2924 3906 2988 Θεός,

2314 3049 2331 3082 ι
2361 3028 2426 3080 Ei
2464 3027 2572 3096 γὰρ
2601 3026 2686 3096 δὴ,
2722 3026 2908 3092 φησιν,
2947 3020 3059 3084 υἱὸς
3100 3019 3197 3072 τοῦ
3245 3017 3430 3084 Δαυῖδ,
3486 3017 3612 3082 πῶς
3665 3019 3834 3071 αὑτὸν
3884 3019 3910 3068 6

2308 3119 2470 3173 Δαυῖδ
2502 3118 2704 3187 Κύριον
2733 3111 3025 3182 ὀνομάζει;
3059 3130 3076 3162 t
3099 3110 3238 3162 Ἀλλ’
3267 3108 3391 3162 οὕτε
3419 3110 3520 3179 τὴν
3550 3112 3622 3162 ἐκ
3656 3110 3909 3179 σπέρμα·

624 3204 748 3255 dnm
785 3218 1001 3255 carnem
1041 3204 1126 3256 hic
1159 3218 1223 3256 ex
1265 3203 1483 3258 Davidis
1517 3206 1724 3259 semine
1762 3206 1990 3272 refutat;
2028 3222 2197 3276 neque

2309 3229 2395 3274 τος
2424 3209 2585 3263 Δαυῒδ
2614 3206 2865 3275 γέννησιν
2903 3202 3042 3256 κατὰ
3079 3203 3260 3273 σάρκα
3285 3201 3343 3254 ἐν
3371 3200 3595 3262 τούτοις
3637 3202 3907 3271 ἀρνεῖται,

623 3292 859 3362 seipsum
897 3308 1111 3346 rursum
1149 3291 1442 3345 secundum
1479 3303 1726 3347 naturam
1764 3295 2047 3350 Dominum
2084 3312 2204 3357 esse

625 3394 801 3455 negat.
823 3384 1016 3439 Verum
1047 3384 1172 3438 licet
1203 3399 1367 3436 unum
1397 3399 1463 3437 ex
1495 3392 1726 3452 utroque
1752 3397 2004 3440 constare
2036 3386 2202 3455 signi-

625 3481 838 3530 tieatum
875 3477 1032 3541 velit,
1071 3487 1361 3544 utrumque
1400 3484 1577 3527 tamen
1616 3477 1803 3529 adesse
1837 3478 2197 3530 demonstrat.

626 3568 770 3624 Unus
803 3570 980 3637 itaque
1011 3577 1094 3622 est
1124 3569 1396 3631 Christus,
1430 3576 1483 3620 et
1511 3580 1669 3619 verus
1700 3565 1888 3620 Filius.

703 3705 856 3771 Quod
888 3707 1019 3773 ﬁdes
1055 3706 1110 3759 in
1145 3703 1411 3758 Christum
1449 3704 1516 3757 sit
1556 3714 1807 3776 tauquam
1842 3706 1894 3758 in
1930 3705 2117 3760 Deum.

1022 3817 1106 3872 Ea:
1136 3816 1377 3886 Epistola
1409 3822 1477 3870 ad
1510 3816 1799 3874 Romanus.

694 3949 713 3980 ι
747 3928 847 3983 Per
871 3945 1029 3998 quem
1059 3932 1369 3998 accepimus
1400 3929 1630 3998 gratiam
1659 3940 1714 3983 et
1741 3931 2100 4000 apostolatum
2130 3934 2196 3986 ad

616 4022 975 4075 obediendum
1014 4023 1133 4075 lidei
1180 4023 1229 4075 in
1277 4022 1530 4075 omnibus
1566 4023 1815 4091 gentibus
1841 4038 1948 4089 pro
1983 4025 2199 4078 nomine

619 4116 817 4181 ipsius;
850 4116 899 4166 in
929 4115 1123 4182 quibus
1147 4115 1279 4167 estis
1305 4125 1360 4168 et
1384 4128 1476 4168 vos
1501 4115 1678 4168 vocati
1701 4113 1828 4169 Jesu
1852 4115 2053 4169 Christi
2074 4115 2138 4170 ³⁸.
2175 4134 2192 4166 ι

618 4206 834 4260 Vncataa
867 4217 993 4260 sunt
1025 4218 1210 4274 gentes
1245 4222 1339 4272 per
1374 4206 1554 4260 tidem.
1590 4206 1690 4270 Qui
1729 4215 1909 4260 autem
1947 4222 2041 4276 per
2070 4223 2198 4260 san-

617 4304 734 4354 ctos
763 4298 1033 4364 apostolus
1065 4297 1169 4349 illis
1201 4297 1644 4361 annuntiabatur,
1675 4296 1926 4350 Chrisnts
1952 4306 2086 4349 erat.
2117 4297 2197 4349 Ab

618 4389 684 4440 iis
714 4402 838 4436 vero
865 4388 953 4451 qui
987 4387 1110 4437 lidei
1146 4387 1419 4454 mysteriis
1449 4387 1826 4449 initialiantur,
1859 4387 1988 4438 lides
2017 4386 2197 4453 exige-

2304 3302 2426 3356 οὔτε
2478 3301 2583 3370 μὴν
2640 3297 2960 3366 ἀποπέμπει
3007 3295 3099 3348 τοῦ
3151 3289 3292 3347 εἶναι
3320 3293 3462 3346 κατὰ
3500 3290 3676 3359 φύσιν
3708 3291 3908 3363 Κύριον

2304 3393 2491 3446 ἑαυτὸν
2511 3409 2524 3423 ·
2565 3393 2848 3460 προσεῖναι
2877 3387 2932 3441 δέ
2965 3404 3130 3458 φησιν
3159 3385 3493 3454 ἁμψότερον,
3523 3386 3574 3436 εἰ
3605 3386 3708 3438 καὶ
3731 3384 3789 3449 ἐξ
3809 3385 3907 3451 ἁμ-

2305 3486 2421 3552 φοῖν
2453 3480 2703 3551 βούλεται
2751 3479 2841 3530 τὸν
2875 3479 2970 3530 ἕνα
3000 3473 3314 3546 δηλοῦσθαι.
3344 3467 3442 3534 Εἷς
3473 3467 3574 3527 οὖν
3618 3474 3737 3543 ἄρα
3781 3473 3904 3542 Χρι-

2307 3574 2446 3637 στὸς,
2481 3573 2574 3625 καὶ
2615 3571 2742 3633 Υἱὸς
2775 3569 3014 3640 ἀληθῶς.

2429 3707 2556 3759 ’Ὁτι
2595 3709 2682 3770 εἰς
2718 3701 2978 3771 Χριστὸν
3017 3703 3054 3767 ἠ
3097 3699 3303 3763 πίστις
3339 3697 3422 3762 ὡς
3459 3699 3556 3762 εἰς
3601 3699 3781 3752 θεόν.

2690 3819 2790 3872 Ἐκ
2828 3815 2940 3884 τῆς
2979 3815 3127 3882 πρὸς
3169 3813 3520 3882 Ῥωμαίους.

2377 3956 2393 3987 ι
2425 3933 2499 3986 Δι’
2521 3925 2582 3985 οὗ
2611 3930 2875 4000 ἐλάϐομεν
2897 3929 3056 3999 χάριν
3084 3928 3176 3981 καὶ
3206 3926 3524 3998 ἀποστολὴν
3557 3929 3644 3991 εἰς
3667 3928 3900 3996 ὑπακοὴν

2300 4027 2534 4088 πίστεως
2565 4025 2622 4076 ὲν
2657 4024 2791 4076 πᾶσι
2824 4024 2936 4084 τοῖς
2971 4020 3179 4073 ἔθνεσιν
3208 4019 3348 4088 ὑπὲρ
3379 4019 3473 4071 τοῦ
3504 4020 3790 4089 ὀνόματος
3814 4021 3896 4074 αὖ·

2297 4118 2390 4171 τοῦ
2413 4135 2426 4147 ·
2462 4119 2518 4169 ἐν
2549 4111 2629 4178 οἷς
2656 4116 2776 4168 ἐστε
2822 4113 2916 4166 καὶ
2947 4113 3103 4180 ὑμεῖς
3142 4111 3331 4181 κλητοὶ
3369 4110 3553 4180 Ἰησοῦ
3589 4112 3854 4182 Χριστοῦ.
3881 4131 3894 4161 ι

2299 4211 2610 4278 Κέκληνται
2644 4206 2713 4258 τὰ
2739 4205 2865 4275 ἔθνη
2900 4204 2986 4257 διὰ
3020 4203 3118 4272 τῆς
3149 4202 3406 4264 πίστεως.
3439 4202 3559 4254 Καὶ
3601 4200 3676 4274 ἦν
3713 4207 3743 4256 6
3782 4204 3895 4273 Χρι-

2301 4301 2420 4363 στὸς
2445 4300 2532 4353 διὰ
2564 4300 2672 4352 τῶν
2706 4298 2875 4365 ἁγίων
2901 4296 3217 4349 ἀποστόλων
3250 4297 3278 4348 6
3312 4296 3443 4365 παρ’
3465 4297 3669 4360 αὐτοῖς
3708 4313 3895 4367 κηρυτ-

2297 4393 2551 4460 τόμενοςο
2589 4391 2888 4458 ἐπράττετο
2914 4387 2970 4438 δὲ
3013 4386 3165 4455 παρὰ
3191 4385 3301 4436 τῶν
3336 4387 3895 4457 μνσταγωγουμὲνιιέν

619 4481 778 4528 batur
812 4477 863 4529 in
900 4475 1206 4536 Christum,
1246 4493 1347 4525 non
1389 4486 1638 4542 tanquam
1679 4475 1730 4525 in
1769 4475 2068 4538 hominem,
2103 4477 2193 4527 sed

2309 4484 2332 4548 ἡ
2365 4482 2544 4541 πίστις
2570 4480 2667 4545 οὐχ
2695 4479 2768 4538 ῶς
2808 4480 2884 4537 εἰς
2914 4476 3221 4545 ἄνθρωπον,
3263 4474 3377 4526 ἀλλ’
3417 4477 3494 4535 ὡς
3526 4479 3606 4538 εἰς
3643 4479 3804 4532 Θεὸν.
3833 4476 3892 4528 (ιῦ

618 4580 869 4635 tanquam
906 4569 957 4621 in
992 4567 1175 4619 Deum.
1213 4565 1394 4632 Neque
1425 4565 1568 4615 enim
1602 4565 1784 4616 dietsre
1816 4565 1895 4615 las
1924 4572 2027 4624 est,
2062 4579 2192 4631 gen~

618 4673 694 4712 tes
728 4677 845 4727 qua:
875 4658 1032 4711 Iidem
1067 4658 1117 4708 in
1148 4657 1420 4708 Christum
1453 4652 1970 4718 complcetehantur,
1997 4667 2061 4705 ex
2092 4668 2197 4707 uno

617 4767 798 4805 errore
831 4750 882 4803 in
916 4749 1142 4802 alterum
1177 4746 1457 4800 transiissc
1487 4761 1500 4797 :
1533 4760 1718 4797 verum
1751 4762 1779 4796 a
1813 4742 1932 4797 falsi
1967 4743 2200 4796 nominis

619 4846 719 4896 diis
750 4844 1032 4904 abductas,
1065 4845 1130 4893 ad
1165 4841 1327 4894 Deum
1359 4839 1535 4892 vivum
1567 4851 1860 4889 conversas
1887 4851 2027 4890 esse.
2058 4834 2190 4889 Cum

619 4937 690 4992 illi
735 4949 863 5001 ergo
903 4935 966 4985 ad
1009 4935 1367 4987 obedientium
1417 4929 1537 4984 lidei
1587 4945 1684 4998 pro
1726 4927 1926 4984 Christi
1975 4928 2194 4981 nomine

619 5025 976 5090 apostolatnm
1036 5040 1093 5077 se
1151 5026 1425 5091 accepisse
1487 5024 1861 5092 proﬁteantur,
1923 5019 2193 5090 quomodo

617 5109 865 5175 Christus
899 5130 1002 5165 non
1032 5124 1114 5166 est
1148 5114 1316 5178 Dens,
1351 5131 1469 5168 cum
1504 5115 1633 5168 ﬁdes
1666 5115 1926 5168 habeatur
1957 5115 2008 5166 in
2043 5112 2190 5165 illunt

619 5220 871 5276 tanquam
907 5206 957 5258 in
992 5204 1190 5257 Deum?

694 5322 711 5353 ι
751 5299 929 5353 Testis
956 5308 1038 5352 est
1065 5297 1190 5349 mihi
1223 5296 1378 5358 Deus,
1413 5299 1493 5348 cui
1527 5299 1702 5350 servio
1737 5298 1786 5350 in
1828 5299 2018 5366 spiritu
2051 5311 2190 5361 meo,

620 5393 674 5446 in
719 5389 1012 5459 Evangelio
1061 5386 1178 5439 Filii
1232 5386 1369 5455 ejus,
1425 5386 1566 5452 quod
1620 5387 1736 5439 sine
1791 5386 2193 5441 intermissione

620 5485 934 5536 memoriam
1001 5480 1166 5533 vestri
1232 5479 1371 5530 I'acin
1440 5493 1652 5544 semper
1722 5480 1771 5530 in
1853 5477 2193 5533 orationibus

625 5575 756 5627 meis
786 5575 851 5629 δ’.
894 5593 910 5624 ι
948 5572 1046 5639 Qui
1087 5572 1194 5624 Deo
1233 5569 1496 5632 serviunt,
1543 5583 1645 5622 non
1687 5573 1936 5626 serviunt
1973 5571 2190 5628 Christo

691 5751 735 5780 "
765 5751 899 5806 Luc.
937 5765 985 5814 \',
1024 5751 1104 5812 1‘2,
1147 5749 1225 5800 I5.
1321 5744 1509 5796 "an.
1544 5758 1631 5806 xx,
1669 5743 1859 5798 41-14.

1939 5748 1980 5777 ³⁸
2009 5747 2160 5802 “0m.
2197 5766 2231 5810 1,
2265 5750 2317 5812 ὕ,
2356 5749 2406 5803 6.

2299 4571 2406 4639 γάρ
2441 4569 2542 4620 πού
2583 4584 2762 4636 φαμεν
2792 4567 2856 4617 ἐκ
2888 4565 3094 4633 πλάνης
3133 4565 3213 4626 εἰς
3245 4563 3454 4634 πλάνην
3493 4567 3808 4637 κεκλῆςθζι
3838 4569 3894 4617 τά

2299 4662 2447 4728 ἔθνη,
2475 4661 2572 4728 τὴν
2611 4659 2689 4719 εἰς
2727 4656 2960 4726 Χριστὸν
3000 4655 3182 4708 πίστιν
3227 4656 3706 4727 παραδεξάμεναο
3742 4675 3893 4712 κατα·

2300 4752 2582 4805 λελοιπὸτα
2625 4751 2679 4802 δὲ
2720 4749 2916 4820 μᾶλλον
2963 4749 3088 4811 τοὺς
3133 4749 3530 4819 ψευδωνύμως
3568 4751 3754 4813 θεοὺς,
3789 4752 3893 4800 ἐπι-

2302 4842 2529 4915 στρέψαι
2555 4840 2742 4894 λοιπὸν
2779 4842 2870 4894 ἐπὶ
2899 4841 3031 4894 Θεὸν
3062 4841 3400 4904 ζῶντα.Ὂτε
3445 4843 3637 4893 τοίνυν
3671 4843 3890 4893 6:03:0-

2300 4936 2394 5007 λὴν
2429 4935 2703 5005 εἰληφέναι
2742 4935 2906 5004 φασὶν
2938 4934 2988 4986 οἱ
3018 4933 3372 5002 μυσταγωγοὶ
3399 4934 3481 4992 εἰς
3523 4933 3782 5000 ὑπακοὴν
3814 4934 3890 4982 :5-

2303 5045 2471 5089 στεως
2504 5028 2644 5098 ὑπὲρ
2672 5026 2761 5079 τοῦ
2793 5027 3052 5095 ὀνόματος
3094 5024 3189 5076 τοῦ
3238 5021 3502 5089 Χριστοῦ,
3543 5024 3665 5088 πῶς
3700 5027 3799 5078 οὐκ
3835 5026 3888 5080 ἂν

2299 5121 2381 5191 εἴη
2413 5119 2562 5183 Θεὸς,
2587 5121 2743 5188 εἴπερ
2772 5121 2852 5180 εἰς
2889 5118 3047 5170 αὐτὸν
3079 5119 3111 5185 ὴ
3150 5115 3354 5176 πίστις,
3386 5114 3461 5177 ὡς
3497 5119 3580 5178 εἰς
3617 5117 3791 5182 Θεόν;

2377 5321 2394 5351 (
2423 5300 2650 5371 Μάρτυς
2679 5299 2788 5368 γάρ
2825 5315 2925 5368 μου
2953 5298 3100 5349 ἐστὶν
3125 5298 3154 5348 ὁ
3183 5296 3337 5360 Θεὸς,
3362 5290 3407 5364 ᾧ
3441 5299 3700 5371 λατρεύω
3731 5307 3786 5356 ἐν
3819 5304 3886 5370 τῷ

2306 5393 2576 5462 πνεύματί
2605 5410 2728 5461 μου,
2758 5392 2815 5442 ἐν
2851 5389 2928 5458 τῷ
2958 5389 3276 5459 Εὑαγγελίῳ
3308 5389 3402 5442 τοῦ
3436 5393 3568 5448 Υἱοῦ
3600 5397 3794 5459 αὑτοῦ,
3821 5400 3886 5459 ὡς

2296 5481 2651 5540 ἀδιαλείπτως
2693 5480 2881 5547 μνείαν
2915 5479 3068 5548 ὑμῶν
3095 5478 3356 5548 ποιοῦμαι
3392 5485 3628 5536 πάντοτε
3667 5487 3757 5538 ἐπὶ
3790 5487 3885 5538 τεῒν

2298 5570 2616 5644 προσευχῶν
2659 5587 2781 5640 μου.
2819 5590 2835 5622 ι
2882 5573 2944 5623 Οἱ
2972 5571 3090 5641 Θεῷ
3121 5572 3500 5642 λατρεύοντες,
3533 5577 3634 5646 οὐχ
3666 5578 3741 5640 ὡς
3776 5575 3885 5645 Θεξ›

2489 5748 2528 5780 ³⁵
2559 5747 2709 5801 Rom.
2742 5766 2775 5815 ι,
2817 5754 2866 5806 9.
