4040 6472
152 422 273 475 13ἓί

1228 431 1317 486 DE
1358 427 1589 487 RECTA
1628 424 1783 481 FIDE
1821 424 1912 478 AD
1947 423 2265 479 REGINAS.

3232 430 3369 488 I323

148 532 269 603 παρ’
303 530 459 585 αὐτὸν
486 533 657 606 ἑτέρῳ
690 536 1011 609 λατρεύουσα.
1048 541 1126 612 τῷ
1161 544 1401 615 Χριστῷ.
1431 543 1602 597 Αὑτοῦ
1642 542 1700 594 δέ

1811 548 2056 607 tanquam
2090 538 2244 591 alteri
2281 536 2409 591 Deo.
2440 536 2595 592 Unde
2621 544 2675 592 et
2703 536 2845 592 illius
2875 552 3087 608 quoque
3119 540 3367 611 Evange.

148 641 272 692 φησι
312 625 400 676 καὶ
441 624 502 677 τὸ
532 626 885 695 Εὐαγγέλιον.
921 634 1267 703 Κηρύττεται
1295 636 1403 705 γὰρ
1435 634 1594 697 αὐτὸς
1627 634 1703 696 ὡς

146 714 268 778 Θεὸς
292 714 360 784 τῷ
391 716 601 786 κόσμῳ,
626 719 801 775 καίτοι
844 721 980 776 Θεοῦ
1029 726 1172 779 κατά
1213 726 1373 794 φύσιν
1419 727 1569 787 ὄντος
1605 726 1699 778 τοῦ

146 806 364 875 Πατρὸς,
397 807 489 859 καὶ
538 810 902 881 κατάρχοντος
943 815 1050 868 τῶν
1096 816 1251 870 ὅλων.
1285 816 1415 881 Θεὸς
1462 813 1555 871 οὖν
1594 818 1699 888 ἄρα

146 896 381 963 Χριστὸς,
417 898 444 949 6
490 898 558 951 δι’
584 894 644 956 οὗ
678 902 772 954 καί
821 903 879 956 ὲν
916 897 959 969 ᾦ
992 903 1085 957 καὶ
1130 905 1295 967 αὐτὸς
1337 909 1365 959 ό
1400 906 1588 976 Πατὴρ
1624 907 1701 969 ὡς

144 986 268 1049 Θεὸς
298 988 741 1058 καταγγέλλεται,
777 991 873 1046 καὶ
908 994 974 1064 τῇ
1017 994 1167 1063 παρὰ.
1214 996 1430 1053 πάντων
1473 998 1697 1066 τιμᾶται

142 1076 235 1130 λατ
245 1078 371 1149 ρείᾳ.

219 1187 237 1219 ι
266 1170 646 1234 Δικαιωθέντες
687 1167 780 1225 οὖν
816 1173 880 1227 ἐκ
928 1174 1187 1240 πίστεως,
1232 1179 1455 1249 εἰρήνην
1505 1178 1700 1249 ἔχομεν

144 1258 272 1329 πρὸς
298 1260 424 1313 Θεὸν
454 1261 541 1313 διὰ
569 1261 664 1317 τοῦ
692 1264 896 1335 Κυρίου
929 1266 1086 1336 ἡμῶν
1122 1268 1296 1337 Ἰησοῦ
1328 1270 1585 1339 Χριστοῦ,
1623 1268 1702 1325 δι’

143 1342 202 1400 οὗ
241 1348 327 1399 νῦν
351 1349 443 1400 καί
467 1349 565 1418 τὴν
591 1354 955 1431 προσαγωγὴν
978 1355 1290 1426 ἐσχήκαμεν
1318 1361 1383 1429 τῇ
1414 1358 1595 1415 πίστει
1622 1360 1701 1421 εἰς

141 1438 237 1507 τὴν
272 1437 425 1507 χάριν
454 1439 681 1509 ταύτην,
717 1441 775 1495 ὲν
873 1444 1204 1515 ἑστήκαμεν,
1233 1449 1327 1501 καὶ
1372 1448 1701 1519 καυχώμεθα

142 1528 415 1582 ἐπ’ὲλπίδι
455 1532 555 1601 τῆς
590 1531 749 1603 δόξης
794 1534 889 1591 τοῦ
939 1534 1097 1591 Θεοῦ.
1129 1556 1147 1589 ι
1190 1538 1275 1601 Ὠς
1309 1541 1389 1603 εἰς
1432 1539 1563 1593 Θεὸν
1610 1558 1701 1592 πι-

142 1618 409 1683 στεύοντες
438 1621 813 1693 δικαιούμεθα.
842 1625 904 1680 Εἰ
935 1626 994 1679 δὲ
1033 1631 1113 1692 εἰς
1157 1631 1392 1705 Χριστὸν
1434 1632 1638 1702 Ἰησοῦν
1664 1634 1698 1703 ἡ

141 1711 336 1778 πίστις,
368 1713 462 1769 καὶ
500 1714 569 1771 δι’
626 1715 790 1769 αὑτοῦ
840 1718 939 1790 τὴν
983 1722 1351 1794 προσαγωγὴν
1386 1724 1703 1795 ἐσχήκαμεν

144 1802 511 1876 (συνήφθημεν
554 1807 663 1879 γὰρ
695 1808 772 1879 τῷ
799 1809 917 1881 Θεῷ
942 1813 1036 1868 καί
1062 1814 1256 1885 Πατρί,
1290 1815 1701 1888 συνεγείραντος

1805 630 1934 683 lium
1965 643 2088 685 esse
2119 629 2449 698 perhibetur.
2490 630 2856 683 Annuntiatur
2893 632 3035 683 enim
3075 633 3273 686 mundo
3312 642 3370 690 ut

1804 719 1965 786 Deus,
2006 735 2124 773 cum
2152 719 2312 773 Pater
2352 720 2422 773 sit
2462 720 2601 774 Deus
2633 730 2860 786 natura,
2895 723 3369 793 principatuinque

1802 811 1855 863 in
1894 824 2083 864 omnes
2120 810 2379 864 obtineat.
2426 811 2566 864 Deus
2605 812 2771 880 igitur
2811 822 2895 865 est
2932 811 3216 875 Christus,
3274 829 3371 882 per

1802 915 1963 969 quem
1994 909 2049 955 et
2082 901 2132 954 in
2166 915 2274 970 quo
2308 902 2421 970 ipse
2457 917 2671 971 quoque
2704 902 2866 959 Pater
2893 915 2951 959 ut
2978 905 3122 960 Deus
3154 922 3368 961 annun-

1804 994 1989 1059 tiatur,
2051 993 2308 1063 cultuque
2357 1003 2413 1048 et
2462 986 2808 1051 veneratione
2852 998 2920 1053 ab
2962 998 3216 1053 omnibus
3253 1000 3368 1054 alii-

1800 1084 1963 1138 citur.

1880 1192 1899 1225 ‹
1933 1174 2221 1231 Justiﬁcati
2277 1190 2406 1245 ergo
2457 1191 2524 1231 ει
2574 1178 2697 1241 ﬁde,
2748 1192 2934 1245 pacem
2993 1180 3251 1235 habemus
3302 1184 3369 1234 ad

1803 1263 1970 1321 Deum
2006 1281 2101 1334 per
2137 1264 2422 1320 Dominum
2465 1276 2705 1321 nostrum
2736 1268 2917 1321 Jesum
2949 1268 3245 1330 Christum,
3278 1285 3373 1338 per

1802 1370 1961 1424 quem
2001 1364 2052 1411 et
2099 1355 2362 1411 habemus
2390 1371 2666 1411 accessum
2706 1373 2804 1427 per
2838 1358 2996 1413 ﬁdem
3038 1359 3092 1413 in
3142 1361 3371 1427 gratiam

1804 1446 1991 1513 istam,
2034 1448 2087 1501 in
2123 1463 2231 1520 qua
2272 1458 2515 1514 stamus,
2549 1460 2603 1505 et
2647 1449 2942 1519 gloriamur
2987 1451 3038 1505 in
3078 1452 3239 1523 us
3280 1467 3374 1519 Spe

1804 1539 1987 1609 gloriae
2016 1540 2250 1593 ﬁliorum
2285 1540 2375 1595 Dei
2399 1540 2467 1596 ‘°.
2501 1559 2520 1594 ι
2554 1541 2609 1595 Si
2637 1543 2689 1595 in
2721 1539 2889 1595 Deum
2916 1545 3222 1607 credentes,
3249 1557 3375 1598 vere

1799 1630 2186 1701 justiﬁcamur,
2220 1630 2433 1700 ﬁdeque
2465 1633 2517 1685 in
2548 1634 2824 1688 Chiistum
2854 1633 3039 1689 Iesum
3081 1634 3373 1697 tendimus,

1805 1739 1869 1780 ac
1905 1740 1999 1796 per
2031 1726 2179 1780 illum
2212 1729 2277 1780 ad
2309 1725 2525 1781 Patrem
2566 1728 2785 1782 tandem
2814 1728 3163 1796 pervenimus
3193 1727 3374 1797 (Chri-

1809 1828 1893 1873 sto
1931 1832 2164 1886 namque
2194 1833 2292 1873 nos
2316 1818 2474 1872 simul
2497 1819 2788 1884 excitante,
2827 1818 2936 1872 Deo
2981 1827 3036 1872 et
3070 1817 3212 1873 Patri
3244 1833 3375 1873 cou-

138 1896 319 1965 ὥσπερ
349 1898 496 1967 ἡμᾶς
533 1899 627 1951 τοῦ
658 1900 942 1971 Χριστοῦ)’
978 1903 1095 1967 πῶς
1120 1905 1181 1957 οὐ
1199 1905 1329 1969 Θεός
1359 1908 1498 1975 ἐστι,
1527 1909 1621 1962 καὶ
1654 1910 1702 1961 εἰ

1811 1906 2119 1976 iungimur),
2149 1909 2419 1975 quomodo
2462 1907 2603 1961 Deus
2642 1921 2748 1960 non
2794 1915 2897 1973 est,
2938 1908 3100 1962 etiam
3136 1906 3180 1963 si
3220 1906 3375 1976 juxta

138 1988 355 2054 γέγονεν
401 1990 464 2041 ὲκ
513 1990 827 2063 σπέρματος
856 1993 1019 2047 Δαυῒδ
1063 1997 1122 2047 τὸ
1158 1996 1297 2050 κατά
1328 1999 1527 2069 σάρκα,
1562 2002 1705 2057 κατά

138 2080 235 2141 τὰς
269 2070 521 2150 Γραφάςξ

214 2190 230 2220 ι
261 2171 451 2236 Καθὼς
478 2172 808 2245 γέγραπται,
845 2177 1044 2248 φησίν”
1092 2180 1222 2235 Ἰδοὺ
1259 2182 1451 2253 τίθημι
1478 2187 1535 2237 ὲν
1566 2185 1706 2239 Σιὼν

136 2262 280 2316 λίθον
330 2265 778 2335 προσκόμματος,
828 2268 921 2320 καὶ
970 2268 1174 2340 πέτραν
1233 2272 1563 2326 σκανδάλουο
1613 2277 1708 2328 καὶ

138 2355 245 2417 πᾶς
294 2356 320 2407 6
353 2355 625 2430 πιστεύων
670 2358 755 2409 ἐπ’
790 2357 962 2428 αὐτῷ,
997 2360 1057 2411 ού
1089 2364 1637 2434 καταισχυνθήσεται.
1679 2385 1697 2417 ι

137 2445 356 2514 Συμεὼν
400 2448 427 2503 ό
449 2447 677 2515 δίκαιος,
709 2449 799 2503 ὅτε
833 2449 893 2502 τὸ
925 2450 1067 2504 θεῖον
1094 2454 1173 2515 εἰς
1198 2453 1446 2521 ἀγκάλας
1490 2454 1708 2519 ἐδέξατο

137 2537 352 2607 βρέφος,
384 2536 486 2607 ἔφη
541 2539 679 2609 πρὸς
731 2539 824 2593 τὸν
875 2541 1046 2597 Θεόν·
1102 2543 1263 2597 «Νῦν
1310 2543 1566 2609 ἀπολύεις
1616 2546 1708 2601 τὸν

133 2630 316 2681 δοῦλόν
354 2647 468 2694 σου,
500 2632 767 2695 Δέσποτα,
800 2634 941 2687 κατὰ
971 2634 1032 2689 τὸ
1054 2635 1210 2705 ῥῆμά
1238 2654 1355 2702 σου,
1390 2638 1448 2691 ἐν
1493 2639 1705 2711 εἰρήνῃ.

136 2720 259 2771 ’Ότι
288 2716 422 2771 εἶδον
449 2722 498 2772 οἱ
525 2721 792 2792 ὀφθαλμοί
810 2740 912 2792 μου
935 2726 993 2778 τὸ
1018 2727 1282 2796 σωτήριόν
1310 2745 1423 2793 σου,
1444 2728 1710 2800 ὃήτοίμα-

136 2825 233 2871 σας
284 2809 422 2862 κατὰ
477 2810 764 2885 πρόσωπον
813 2814 1031 2866 πάντων
1078 2813 1185 2866 τῶν
1233 2816 1396 2883 λαῶν,
1431 2836 1449 2868 ι
1507 2818 1600 2870 καὶ
1640 2819 1706 2871 τὰ

132 2901 281 2969 ἑξῆς.
310 2900 610 2972 Προσετίθη
641 2901 697 2954 δὲ
726 2901 937 2967 τούτοις
960 2920 974 2936 ’
1026 2923 1043 2954 ι
1068 2903 1197 2957 Ἰδοὺ
1230 2898 1384 2969 οὗτος
1410 2909 1585 2959 κεῖται
1628 2910 1708 2969 εἰς

133 2998 341 3051 πτῶσιν
385 2998 478 3051 καὶ
529 2998 825 3053 ἀνάστασιν
859 2998 1070 3052 πολλῶν
1109 3004 1167 3054 έν
1210 3000 1291 3071 τῷ
1334 3002 1567 3074 Ἰσραὴλ,
1613 3002 1706 3055 καὶ

129 3088 213 3149 εἰς
246 3089 465 3156 σημεῖον
492 3088 925 3159 ἀντιλεγόμενον.
952 3109 971 3142 ι
991 3090 1049 3143 Ὀ
1083 3090 1243 3153 αὐτὸς
1268 3090 1355 3161 ἄρ’
1379 3092 1527 3147 ἐστὶν
1557 3095 1584 3146 ό
1613 3092 1706 3146 τοῦ

130 3171 561 3248 προσκόμματος
607 3180 776 3249 λίθος⁸
831 3182 926 3235 καὶ
955 3184 988 3251 ὴ
1023 3182 1200 3252 πέτρα
1248 3182 1341 3235 τοῦ
1379 3183 1699 3237 σκανδάλου.

128 3269 243 3319 Καὶ
291 3269 710 3336 περιπταίοντες
768 3271 866 3340 μὲν
918 3271 1067 3339 αὐτῷ
1118 3271 1205 3324 διὰ
1255 3275 1356 3342 τῆς
1399 3273 1701 3340 ἀπειθείας,

129 3357 527 3427 συνετρίϐησάν
569 3376 715 3422 τινες
738 3377 751 3390 ·
784 3361 1042 3429 διέφυγον
1069 3362 1127 3414 δὲ
1155 3363 1215 3415 τὸ
1243 3364 1708 3434 καταισχυνθῆναι

120 3449 177 3499 οἰ
209 3448 309 3515 τὴν
338 3447 472 3517 πρὸς
500 3448 662 3501 αὑτὸν
698 3449 880 3502 πίστιν
908 3450 1475 3525 προσηκάμενοιῖΑρ⁹
1506 3451 1600 3507 οὖν
1632 3457 1709 3517 ὡς

123 3539 210 3599 εἰς
243 3536 527 3606 ἄνθρωπον
569 3539 1012 3610 πεπιστεύκαμεν
1042 3542 1075 3609 ἢ
1113 3542 1187 3602 ὡς
1213 3543 1292 3603 εἰς
1316 3542 1481 3604 Θεόν;
1515 3545 1604 3605 Ὠς
1629 3546 1709 3606 εἰς

123 3627 265 3679 Θεὸν
293 3626 557 3697 δηλονότι.
603 3628 735 3690 Θεὸς
763 3624 855 3681 οὖν
884 3629 991 3699 ἄρα
1014 3630 1249 3701 Χριστός
1271 3647 1283 3659 ·
1313 3630 1401 3681 ἐπ’
1422 3630 1572 3700 αὐτῷ
1600 3632 1706 3702 γὰρ

120 3717 158 3769 ὁ
195 3714 404 3779 δίκαιος
442 3716 667 3787 Συμεὼν
705 3716 805 3781 τάς
842 3718 1043 3791 ἀρτίως
1102 3719 1230 3789 ἡμῖν
1271 3720 1565 3792 εἰρημένας
1604 3719 1706 3792 ἔφη

123 3809 337 3877 φωνάς.

202 3985 280 4036 Πε
292 3985 343 4054 pi.
372 3984 483 4037 τῶν
520 3984 786 4037 Ἰουδαίων
821 3986 984 4056 φησίν
1003 4004 1016 4017 ·
1066 4006 1082 4038 ι
1108 3990 1454 4057 Ἀγνοοῦντες
1475 3989 1584 4063 γὰρ
1610 3992 1710 4062 τὴν

116 4074 225 4131 τοῦ
280 4075 417 4129 Θεοῦ
468 4075 697 4145 δύναμιν
741 4077 833 4129 καὶ
880 4077 1247 4149 δικαιοσύνην,
1286 4083 1379 4133 καὶ
1426 4082 1524 4151 τὴν
1575 4083 1712 4136 ἰδίαν

116 4166 425 4238 ζητοῦντες
458 4169 673 4238 στῆσαι,
706 4171 771 4241 τῇ
808 4168 1126 4242 δικαιοσύνῃ
1168 4170 1263 4223 τοῦ
1297 4171 1433 4224 Θεοῦ
1466 4172 1564 4245 οὐχ
1604 4173 1711 4224 ὑπ-

112 4262 427 4332 ετάγησαν.
459 4260 623 4324 Τέλος
651 4259 759 4329 γὰρ
789 4261 955 4330 νόμου
978 4262 1232 4332 Χριστὸς,
1257 4264 1336 4325 εἰς
1365 4262 1711 4335 δικαιοσύνην

113 4354 295 4407 τ’ταντῖ⁸
330 4354 408 4425 τῷ
438 4353 769 4407 πιστεύοντι.
800 4373 817 4404 ι
853 4353 915 4406 Εἰ
951 4354 1104 4417 τέλος
1135 4354 1299 4423 νόμου
1336 4356 1590 4427 Χριστὸς,
1618 4357 1711 4409 καὶ

112 4451 293 4515 αὑτός
318 4454 467 4504 ἐστιν
500 4452 531 4522 ἡ
560 4449 895 4520 δικαιοσύνη,
922 4450 1149 4503 δικαιῶν
1190 4449 1280 4504 διὰ
1329 4450 1563 4513 πίστεως
1612 4451 1710 4519 τῆς

1807 1996 2115 2065 Scripturas
2145 1996 2189 2028 “
2232 2010 2297 2051 ex
2344 1997 2548 2051 semine
2588 1995 2758 2051 David
2818 1997 3111 2051 secundum
3158 2010 3374 2050 carnem

1806 2086 1981 2141 factus
2009 2087 2129 2141 est?

1884 2195 1901 2229 ι
1940 2176 2088 2231 Sicut
2114 2177 2375 2245 scriptum
2404 2183 2487 2231 est
2516 2192 2529 2229 :
2560 2176 2697 2230 Ecce
2718 2216 2733 2241 ,
2764 2177 2958 2247 inquit,
2994 2192 3133 2246 pono
3161 2177 3215 2233 in
3246 2177 3374 2232 Sion

1809 2268 2036 2337 lapidem
2065 2267 2401 2332 offensionis,
2430 2279 2483 2322 et
2518 2278 2729 2337 petram
2780 2268 3059 2325 scandali:
3107 2278 3162 2323 et
3198 2271 3376 2323 omnis

1808 2359 1897 2425 qui
1928 2359 2098 2412 credit
2128 2359 2181 2412 in
2212 2372 2357 2421 eum,
2397 2374 2502 2411 non
2536 2358 2895 2413 confundetur
2916 2358 2982 2411 “.
3020 2377 3039 2409 ι
3073 2356 3259 2413 Justus
3289 2358 3377 2413 Si-

1809 2464 1964 2504 meou
1990 2463 2109 2503 cum
2143 2449 2381 2501 divinum
2417 2448 2563 2501 illum
2595 2463 2819 2516 puerum
2848 2450 2989 2503 inter
3015 2448 3170 2502 ulnas
3198 2462 3378 2503 susce-

1810 2542 1993 2607 pisset,
2019 2540 2089 2592 ita
2118 2538 2285 2594 Deum
2334 2537 2525 2592 aﬂ'atus
2568 2549 2688 2593 est:
2733 2556 2753 2591 ε
2800 2537 2952 2593 Νιιηε
2996 2540 3224 2595 dimittis
3259 2555 3377 2595 sero

1814 2645 1931 2680 vum
1972 2638 2139 2693 tuum,
2198 2630 2443 2691 Domine,
2485 2630 2780 2683 secundum
2832 2629 3053 2684 verbum
3111 2637 3261 2684 tuum
3325 2633 3377 2685 itt

1810 2736 1961 2787 pace,
2033 2724 2156 2789 quia
2210 2723 2462 2775 viderunt
2512 2720 2653 2776 oculi
2714 2722 2820 2774 mei
2885 2721 3125 2776 salutare
3181 2732 3377 2777 tuum:

1809 2813 1950 2877 quod
1981 2812 2182 2877 parasti
2220 2820 2345 2863 ante
2396 2810 2588 2865 faciem
2624 2811 2865 2867 omnium
2899 2811 3215 2881 populorum
3243 2813 3313 2877 “,
3356 2833 3375 2866 ι

1807 2910 1861 2952 ει
1910 2914 2027 2966 qua:
2078 2910 2397 2967 sequuntur.
2448 2900 2734 2971 Subjungit
2779 2901 3015 2958 deinde:
3062 2920 3081 2954 ι
3116 2904 3257 2958 Ecce
3292 2903 3383 2960 hic

1809 2991 2016 3056 positus
2043 3000 2127 3044 est
2159 2992 2211 3044 in
2246 2992 2457 3045 ruinam
2491 3002 2546 3046 et
2594 2993 3045 3049 resurrectionem
3092 2994 3380 3048 multorum

1811 3083 1862 3145 iu
1899 3081 2087 3147 Israel,
2111 3091 2165 3136 et
2194 3084 2244 3136 in
2276 3084 2489 3155 signum
2526 3085 2611 3139 cui
2646 3085 3136 3140 contradicetur“.
3179 3106 3197 3139 ι
3236 3088 3381 3141 idem

1813 3188 1939 3241 ergo
1967 3184 2051 3227 est
2075 3174 2212 3244 lapis
2249 3174 2587 3241 offensionis,
2620 3185 2673 3230 et
2702 3186 2849 3246 petra
2883 3177 3144 3236 scandali.
3175 3178 3238 3232 Et
3264 3181 3384 3248 qui.

1815 3269 1931 3319 dem
1968 3268 2207 3321 nonnulli
2238 3280 2459 3338 propter
2490 3270 2857 3325 infidelitatem
2898 3271 2951 3323 in
2998 3270 3171 3338 ipsum
3211 3272 3383 3341 impe-

1813 3369 2025 3426 gerunt,
2050 3368 2102 3411 ct
2131 3360 2347 3411 contriti
2384 3369 2544 3422 sunt;
2586 3360 2777 3427 reliqui
2823 3375 2968 3426 vero,
3002 3362 3088 3429 qui
3127 3362 3379 3419 nimirum

1813 3450 1969 3501 tidem
2008 3448 2059 3500 in
2093 3448 2241 3501 illum
2278 3449 2541 3517 complexi
2590 3459 2733 3513 sunt,
2780 3448 3154 3504 confusionem
3192 3468 3382 3507 evase.

1812 3554 1958 3594 runt.
1986 3541 2237 3609 Nunquid
2265 3556 2396 3611 ergo
2431 3541 2481 3593 in
2530 3540 2677 3593 illum
2717 3550 2971 3611 tanquam
3015 3543 3066 3597 in
3112 3545 3380 3600 hominem

1810 3633 2103 3695 credimus,
2136 3648 2200 3685 au
2238 3648 2363 3686 vero
2392 3643 2643 3703 tanquam
2672 3633 2725 3686 in
2771 3633 2980 3688 Deum?
3029 3634 3225 3705 Utique
3266 3645 3386 3694 tan-

1810 3740 1971 3794 quam
2003 3726 2056 3779 in
2096 3726 2285 3779 Deum.
2318 3724 2462 3782 Deus
2498 3728 2680 3795 itaque
2725 3736 2806 3781 est
2846 3728 3130 3783 Christus:
3170 3734 3233 3783 de
3269 3731 3384 3799 ipso

1812 3820 1955 3872 etiim
1984 3818 2161 3888 justus
2186 3818 2406 3873 Simeon
2442 3819 2703 3873 adductas
2733 3820 2892 3887 paulo
2936 3829 3062 3874 ante
3100 3834 3260 3876 voces
3289 3823 3383 3877 de-

1816 3912 2115 3980 promebat.
3247 3922 3255 3931 ‘

1889 4002 1963 4055 De
2022 4000 2219 4056 Iudaeis
2266 4001 2435 4055 dicit:
2492 4020 2509 4051 ι
2572 4001 2886 4069 lgnorantes
2931 4001 3074 4055 enim
3122 4002 3383 4071 justitiam

1815 4091 1934 4155 Dei,
1967 4102 2020 4145 et
2051 4106 2200 4145 suam
2232 4102 2471 4144 sratuere
2522 4101 2848 4159 quazrentes,
2888 4091 3114 4158 justitite
3144 4090 3237 4146 Dei
3280 4106 3385 4145 non

1813 4193 1939 4237 sunt
1964 4182 2214 4251 subjecti.
2246 4180 2398 4234 Finis
2429 4182 2571 4234 enim
2614 4182 2744 4250 legis
2788 4181 3070 4247 Christus,
3111 4183 3176 4234 ad
3225 4181 3388 4250 justi-

1817 4276 1943 4327 tiam
1976 4273 2123 4327 omui
2151 4272 2394 4326 credenti
2422 4270 2486 4322 “.
2529 4290 2546 4323 ι
2581 4271 2635 4323 Si
2664 4270 2912 4325 Christus
2951 4271 3072 4324 ﬁnis
3114 4273 3247 4341 legis
3280 4281 3386 4337 est,

1817 4368 2065 4435 idemque
2120 4375 2204 4420 est
2244 4364 2474 4435 iustitia,
2520 4364 2610 4432 qui
2658 4362 2923 4431 justiﬁcat
2975 4379 3069 4432 per
3125 4362 3281 4417 ﬁdem
3335 4365 3387 4418 in

1816 4460 2013 4528 ipsum,
2040 4458 2483 4527 justiticandique
2508 4456 2735 4509 facultas
2763 4457 2812 4509 in
2854 4454 3027 4509 solum
3066 4454 3229 4511 Deum
3257 4470 3389 4510 con-

110 4548 203 4606 εἰς
237 4545 405 4597 αὐτόν
426 4560 439 4573 ·
480 4544 625 4614 μόνῳ
651 4544 707 4596 δὲ
740 4543 814 4606 ὡς
849 4544 976 4597 ἴδιον
1000 4544 1347 4598 ἀνακείσεται
1380 4542 1441 4596 τὸ
1465 4543 1705 4597 δικαιοῦν

1818 4549 1999 4602 veniat
2057 4557 2307 4615 tanquam
2363 4545 2617 4614 quiddam
2664 4545 2765 4611 ipsi
2811 4544 3102 4613 pecoliare,
3152 4557 3386 4613 quonam

104 4635 388 4691 δύνασθαι
427 4636 502 4706 τῷ
540 4635 693 4704 Θεῷ·
736 4635 853 4699 πῶς
889 4637 950 4688 ού
989 4636 1121 4698 Θεὸς
1161 4638 1189 4687 6
1225 4635 1494 4707 Χριστός;

200 4749 220 4780 ι
247 4730 314 4782 Ἡ
368 4729 424 4783 δὲ
470 4719 534 4780 ἔκ
583 4727 820 4790 πίστεως
865 4728 1176 4795 δικαιοσύνη
1222 4727 1365 4781 οὕτω
1407 4727 1583 4794 λέγει·
1619 4725 1711 4797 Μὴ

101 4823 288 4892 εἴπῃς
323 4822 381 4874 ὲν
409 4822 475 4890 τῇ
508 4819 705 4890 καρδίᾳ
732 4837 826 4872 σου
847 4837 859 4849 ·
898 4820 993 4881 Τίς
1022 4819 1355 4888 ἀναϐήσεται
1397 4821 1476 4882 εἰς
1505 4819 1593 4872 τὸν
1624 4820 1715 4871 ού-

110 4915 331 4985 ρανόν;
362 4913 608 4966 τουτέστι
656 4911 892 4981 Χριστὸν
925 4914 1257 4981 καταγαγεῖν
1285 4928 1297 4941 '
1330 4912 1385 4981 ἢ,
1421 4912 1516 4974 Τίς
1543 4927 1711 4964 κατα-

100 5009 362 5076 ϐήσεται
414 5006 493 5069 εἰς
542 5005 639 5076 τὴν
686 5004 959 5067 ἄϐυσσον;
998 5004 1241 5056 τουτέστι
1270 5002 1505 5074 Χριστὸν
1532 5003 1597 5055 ἐκ
1624 5019 1710 5055 νε-

98 5100 277 5169 κρῶν
337 5101 656 5167 ἀναγαγεῖν.
691 5098 853 5153 Ἀλλὰ
910 5098 963 5151 τί
1018 5096 1198 5165 λέγεις
1256 5097 1455 5165 Ἐγγύς
1505 5115 1599 5151 σου
1650 5098 1710 5153 τὸ

100 5190 278 5261 ῥῆμά
310 5192 459 5241 ἐστιν
486 5190 544 5241 ὲν
571 5191 648 5260 τῷ
680 5190 908 5262 στόματί
938 5208 1029 5243 σου
1058 5192 1153 5243 καί
1178 5192 1233 5243 ὲν
1265 5192 1330 5259 τῇ
1359 5188 1556 5261 καρδίᾳ
1588 5206 1705 5244 σου.

97 5279 393 5333 Τουτέστι
422 5278 481 5330 τὸ
516 5280 665 5348 ῥῆμα
700 5282 799 5349 τῆς
836 5283 1091 5346 πίστεως,
1127 5282 1154 5335 ὃ
1196 5279 1564 5351 κηρύσσομεν.
1590 5281 1710 5336 Ὅτι

90 5374 212 5427 ἐὰν
245 5370 598 5443 ὁμολογήσῃς
629 5372 685 5421 ὲν
727 5370 804 5438 τῷ
845 5374 1077 5440 στόματί
1110 5391 1200 5426 σου
1236 5373 1442 5445 Κύριον
1480 5371 1707 5442 Ἰησοῦν,

92 5465 210 5517 ⁴καὶ
266 5460 572 5530 πιστεύσῃς
618 5461 675 5511 ἐν
702 5464 765 5529 τῇ
802 5461 998 5531 καρδίᾳ
1044 5480 1136 5514 σου
1171 5465 1253 5515 ὅτι
1306 5466 1333 5516 ό
1377 5463 1510 5527 Θεὸς
1550 5463 1712 5515 αὑτὸν

94 5558 354 5626 ⁴ἤγειρεν
402 5554 466 5604 ὲκ
512 5552 618 5603 τῶν
654 5551 881 5618 νεκρῶν,
918 5551 1157 5623 σωθήσῃ.
1196 5553 1405 5622 Καρδίᾳ
1456 5555 1554 5622 μὲν
1602 5553 1711 5620 γὰρ

96 5645 450 5699 πιστεύεται
488 5645 564 5706 εἰς
604 5640 966 5711 δικαιοσύνην,
1006 5644 1233 5711 στόματι
1277 5642 1333 5693 δὲ
1369 5645 1711 5711 ὁμολογεῖται

184 5822 235 5852 ⁸⁰
264 5822 434 5877 Rom.
463 5836 512 5886 v,
549 5821 598 5885 l,
629 5820 681 5873 Ξ.
761 5818 799 5848 ’⁸³
828 5817 980 5869 Rom.
1016 5834 1051 5879 I.
1089 5819 1141 5871 5.

417 5914 690 5974 PATROL.
736 5913 848 5971 Gn.
894 5911 1146 5975 LXXVI.

1220 5817 1260 5849 ‘°
1291 5817 1441 5872 Rom.
1477 5833 1550 5872 Ix.
1580 5818 1667 5874 55.
1746 5818 1791 5850 ⁸³
1815 5817 1945 5873 Luc.
1982 5834 2039 5883 ιι,
2070 5818 2262 5877 ειν-δε.
2343 5822 2385 5852 ⁵³
2414 5821 2541 5875 ibid.
2575 5819 2661 5872 51.

1819 4640 1983 4695 modo
2019 4639 2268 4694 Christus
2294 4653 2399 4691 non
2432 4647 2516 4691 est
2550 4636 2725 4689 Dens?

1897 4750 1913 4782 ι
1951 4731 2079 4796 Quae
2124 4738 2301 4782 autem
2354 4744 2417 4781 ex
2462 4729 2564 4780 lide
2609 4736 2691 4780 est
2728 4727 2959 4795 justitia,
2992 4728 3070 4779 sic
3102 4727 3273 4781 dicit:
3314 4728 3391 4784 Ne

1823 4826 2025 4880 dixeris
2051 4825 2100 4874 in
2131 4823 2295 4874 corde
2327 4830 2417 4873 tuo
2448 4838 2459 4874 :
2498 4819 2629 4886 Quis
2662 4820 2919 4872 ascendet
2970 4821 3019 4877 in
3063 4820 3303 4874 coelum?
3340 4823 3391 4875 id

1819 4924 1901 4970 est
1926 4914 2196 4969 Christum
2226 4914 2491 4967 deducere
2518 4931 2531 4966 :
2560 4910 3133 4977 aut,Quisdescendet
3153 4912 3201 4964 in
3232 4914 3393 4982 abys-

1818 5005 1980 5061 sum?
2028 5006 2126 5058 hoc
2169 5014 2253 5058 est
2291 5003 2567 5057 Christum
2606 5018 2633 5053 a
2684 5000 2910 5052 mortuis
2960 5014 3236 5054 revocare.
3286 5000 3391 5057 Sed

1819 5100 1945 5170 quid
1977 5100 2106 5152 dicit
2137 5095 2456 5165 Scriptura?
2487 5093 2657 5160 Prope
2690 5098 2771 5144 est
2807 5090 3028 5145 verbum
3060 5093 3112 5145 in
3148 5108 3239 5147 ore
3277 5106 3388 5158 tuo,

1821 5202 1876 5245 et
1912 5192 1963 5244 in
1995 5191 2159 5244 corde
2194 5198 2301 5241 tuo.
2342 5184 2452 5239 Hoc
2477 5192 2562 5236 est
2590 5182 2812 5236 verbum
2852 5182 2974 5237 fidei
3010 5186 3154 5256 quod
3199 5188 3391 5255 praedi.

1820 5298 2006 5336 camus
2033 5299 2045 5335 :
2081 5277 2213 5343 Quia
2245 5278 2285 5329 si
2320 5273 2632 5328 conﬁtearis
2658 5273 2708 5326 in
2746 5289 2842 5328 ore
2873 5282 2964 5330 tuo
2986 5274 3270 5332 Dominum
3297 5277 3388 5331 Je-

1822 5386 1961 5431 sum,
1991 5378 2047 5423 et
2078 5370 2129 5420 in
2161 5367 2322 5419 corde
2355 5373 2443 5417 tuo
2476 5364 2779 5420 credideris
2813 5369 2951 5435 quod
2983 5366 3123 5449 Deus
3158 5368 3389 5420 suscita-

1819 5463 1896 5514 vit
1936 5460 2082 5512 illum
2118 5455 2276 5526 119
2309 5471 2336 5508 a
2371 5457 2619 5521 mortuis,
2654 5458 2837 5511 salvus
2883 5458 3011 5511 eris.
3041 5457 3215 5511 Corde
3244 5459 3385 5512 enim

1820 5552 2056 5607 creditur
2096 5550 2159 5602 ad
2203 5547 2495 5616 justitiam,
2544 5566 2639 5605 ore
2673 5562 2849 5603 autem
2903 5549 2961 5602 ﬁt
3008 5547 3275 5605 confessio
3319 5553 3383 5606 ad

1820 5644 2069 5696 salutem.
2114 5640 2255 5695 Dicit
2290 5642 2434 5697 enim
2477 5644 2759 5712 Scriptura
2797 5660 2808 5694 :
2859 5639 3045 5693 Omnis
3086 5641 3175 5706 qui
3219 5642 3394 5697 credit

2742 5818 2781 5849 ³⁸
2814 5818 2969 5872 Rom.
3003 5834 3053 5880 Χ,

2957 5907 3027 5968 42
