4040 6438
672 367 808 428 1323

1656 371 1713 426 S.
1748 373 2023 429 CYRILLI
2065 372 2532 428 ALEXANURINI
2574 373 2892 430 ARCHIEP.
3787 381 3900 434 152$

669 488 722 541 in
756 485 926 546 illum,
958 497 1064 537 non
1102 482 1462 540 confundetur
1485 486 1550 540 “.
1594 506 1612 539 ι
1657 487 1715 544 Si
1752 490 1954 546 Christi
2001 507 2228 561 persona

2333 497 2411 556 εἰς
2447 495 2738 564 σωτηρίαν.
2763 496 2920 564 Λέγει
2956 496 3062 567 γὰρ
3089 499 3120 567 ἠ
3153 498 3341 568 Γραφή
3365 517 3377 530 ·
3416 518 3435 550 ι
3461 502 3627 564 Πᾶςό
3659 507 3901 555 πιστεύω

669 575 934 627 universae
955 573 1080 626 fidei
1115 584 1310 627 nostra
1339 577 1620 641 terminus,
1649 589 1701 631 et
1732 579 2094 636 confessionis
2124 584 2235 636 vir-

668 676 752 718 tus
782 665 1093 733 prarfigitur,
1147 676 1483 734 mortemque
1521 669 1660 723 illius
1692 680 1747 725 et
1781 674 2233 727 resurrectionem

667 754 1007 816 confitentes,
1039 754 1206 808 veluti
1238 754 1291 808 in
1322 755 1488 810 Deum
1512 759 1819 824 credentes,
1840 761 2230 830 justifieamur:

666 848 788 912 quis
815 846 996 900 dicere
1031 847 1252 911 audeat,
1277 845 1451 915 ipsum
1505 848 1726 905 deitatis
1763 862 2038 908 exsortem
2074 856 2235 910 esse?

665 937 933 1004 siquidem
985 945 1070 992 est
1119 950 1328 991 summa
1383 950 1437 994 et
1483 953 1644 1010 caput
1697 943 1894 998 salutis
1951 946 2232 1011 omnium,

663 1027 969 1097 ostiumque
999 1035 1054 1080 et
1096 1027 1205 1093 via,
1254 1028 1378 1085 fidei
1432 1031 1487 1086 in
1537 1032 1711 1102 ipsum
1779 1035 2072 1092 confessio.
2133 1035 2235 1094 Per

665 1120 837 1183 ipsum
865 1132 1095 1188 namque
1118 1127 1172 1175 et
1203 1119 1258 1175 in
1292 1121 1405 1190 ipso
1430 1122 1542 1193 ipse
1567 1138 1782 1195 quoque
1808 1123 1974 1181 Pater
2013 1141 2044 1182 a
2079 1128 2235 1184 nobis

662 1209 1027 1278 cognoscitur.

735 1421 755 1458 ι
793 1403 854 1460 Ei
885 1415 1064 1458 autem
1101 1405 1192 1474 qui
1223 1414 1414 1475 potens
1445 1416 1530 1461 est
1571 1407 1902 1464 confirmare
1942 1423 2040 1464 vos
2078 1409 2232 1480 juxta

662 1495 1010 1565 Evangelium
1041 1511 1239 1561 meum,
1262 1507 1318 1552 et
1355 1499 1792 1562 praedicationem
1839 1498 1961 1556 Jesu
2004 1501 2232 1566 Christi,

665 1587 955 1641 secundum
993 1586 1380 1641 revelationem
1422 1589 1666 1658 mysterii
1705 1592 2036 1658 temporibus
2071 1602 2233 1646 aeter-

659 1678 746 1733 nis
773 1679 918 1732 taciti
954 1678 1119 1747 (quod
1152 1692 1296 1732 nunc
1331 1678 1660 1747 patefactum
1689 1691 1770 1734 est
1798 1696 1894 1749 per
1933 1684 2233 1751 scripturas

658 1769 1068 1837 prophetarmn,
1101 1769 1400 1823 secundum
1433 1779 1760 1839 praeceptum
1799 1774 1986 1825 aeterni
2011 1772 2124 1836 Dei,
2162 1772 2228 1826 ad

660 1857 1024 1913 obeditionem
1055 1857 1224 1928 fidei),
1259 1860 1311 1913 in
1340 1861 1552 1914 cunctis
1588 1861 1841 1930 gentibus
1871 1864 2099 1933 cogniti,
2129 1863 2229 1917 soli

658 1948 887 2018 sapienti
923 1948 1064 2016 Deo,
1109 1964 1207 2019 per
1245 1949 1438 2007 Jesum
1469 1949 1788 2017 Christum;
1837 1954 1922 2008 cui
1967 1954 2140 2008 honor
2177 1962 2234 2008 et

658 2040 829 2110 gloria
868 2041 922 2094 in
951 2041 1146 2096 saecula
1178 2042 1518 2099 saeculorum.
1555 2045 1726 2100 Amen
1755 2045 1845 2102 “'.
1876 2063 1894 2097 ι
1927 2045 2006 2100 En
2036 2047 2124 2100 hic
2153 2045 2233 2099 di-

656 2141 802 2186 serte
833 2130 1065 2186 aliirmat
1087 2131 1462 2202 Evangelium,
1509 2135 1856 2205 ejusdemque
1891 2137 2233 2204 przedicatio-

659 2240 779 2277 nem
807 2226 873 2277 ad
915 2225 1087 2294 ipsum
1127 2224 1404 2280 Christum
1453 2228 1819 2295 pertinuisse:
1885 2239 1997 2282 tum
2050 2229 2235 2283 occul-

659 2324 770 2365 tttm
807 2313 932 2367 illud
963 2318 1030 2367 de
1073 2314 1192 2383 ipso
1240 2317 1430 2370 eodem
1466 2318 1783 2386 mysterium
1827 2319 2044 2373 aeternis
2098 2327 2233 2372 tem-

656 2400 878 2468 poribus
914 2402 1162 2464 tacitum,
1196 2418 1338 2456 nunc
1370 2404 1584 2457 demum
1615 2404 1680 2457 ad
1705 2405 1827 2458 fidei
1860 2407 2229 2461 obeditionem

658 2493 710 2543 in
760 2493 1013 2546 omnibus
1054 2493 1307 2561 gentibus
1380 2494 1705 2562 patefactum
1767 2497 2046 2566 pnedicat.
2097 2500 2229 2552 Nam

656 2593 841 2650 gentes
871 2581 1127 2637 falsorum
1176 2584 1399 2639 deorum
1433 2586 1582 2640 cultu
1634 2586 1894 2654 liberata,
1939 2604 2231 2659 veramque

658 2673 768 2729 veri
820 2673 1194 2743 naturalisque
1242 2675 1332 2729 Dei
1383 2676 1631 2729 notitiam
1662 2677 1904 2746 adeptae,
1957 2680 2022 2732 ad
2071 2679 2232 2733 Chri-

653 2766 794 2817 stum
821 2773 946 2818 sunt
970 2779 1269 2819 conversaz.
1299 2765 1451 2831 Quod
1487 2768 1532 2822 si
1583 2782 1678 2836 per
1724 2766 1908 2823 Jesum
1952 2771 2228 2825 Christum

656 2857 795 2910 Deus
833 2855 1008 2924 palam
1053 2865 1138 2910 est
1187 2858 1425 2926 agnitus,
1459 2860 1732 2927 quomodo
1777 2859 1980 2914 Christi
2032 2871 2229 2931 myste-

655 2948 793 2998 rium
830 2961 935 3000 non
964 2956 1047 3001 est
1077 2948 1376 3018 magnum?
1401 2947 1556 3014 Quod
1591 2951 1634 3003 si
1667 2951 1712 3004 is
1744 2951 1924 3005 animo
1952 2953 2228 3020 concipia-

654 3045 742 3088 tur
785 3047 839 3090 ut
878 3038 1041 3091 homo
1085 3039 1354 3107 quispiam
1391 3037 1532 3092 nulla
1564 3055 1628 3094 ex
1668 3051 1819 3108 parte
1862 3043 2030 3096 nostri
2067 3044 2228 3096 dissi-

652 3126 814 3190 milis,
853 3136 907 3179 et
941 3142 1044 3179 non
1080 3138 1141 3181 ut
1183 3127 1325 3180 Deus
1369 3128 1532 3180 homo
1579 3127 1795 3196 factus;
1835 3129 1980 3184 haud
2021 3146 2229 3200 magna:
2256 3159 2299 3214 ρ

654 3229 784 3270 sane
817 3215 1100 3284 sapientiae
1133 3225 1538 3269 sacramentum
1573 3216 1702 3271 illud
1731 3216 1914 3272 fuerit.

726 3344 747 3377 ‹
780 3325 909 3380 Dico
956 3326 1101 3381 enim
1152 3325 1429 3383 Cln'iSlum
1476 3326 1657 3383 Jcsum
1706 3331 2012 3387 ministrum
2061 3333 2230 3390 fuisse

567 3424 572 3429 '
651 3417 1082 3473 circumcisionis
1130 3426 1351 3487 propter
1391 3419 1676 3472 veritatem
1735 3421 1853 3486 Dei,
1911 3425 1978 3477 ad
2027 3425 2229 3478 contir-

651 3511 877 3563 mandas
903 3511 1290 3579 promissiones
1324 3521 1538 3580 patrmn
1569 3529 1582 3566 :
1621 3521 1810 3581 gentes
1853 3524 2031 3569 autem
2065 3531 2229 3585 super

654 3601 1027 3656 misericordia
1067 3601 1334 3656 honorare
1360 3601 1551 3656 Deum.
1592 3602 1864 3673 Scriptum
1909 3617 1992 3659 est
2037 3607 2225 3662 enim.

649 3691 891 3746 Credidit
916 3693 1187 3747 Abraham
1222 3692 1354 3758 Deo,
1386 3702 1440 3748 et
1475 3703 1780 3762 reputatum
1807 3705 1889 3749 est
1915 3696 1989 3749 illi
2038 3697 2104 3749 ad
2142 3696 2229 3764 ju-

653 3789 855 3845 Stitiam
883 3788 949 3843 ⁸⁷.
983 3807 1002 3840 ι
1033 3787 1243 3842 Dictum
1271 3798 1354 3843 est
1389 3803 1603 3841 rursum
1651 3790 1717 3841 ad
1753 3789 1942 3841 illum:
1994 3809 2011 3840 ι
2070 3789 2127 3842 In
2179 3800 2229 3845 te

654 3877 1044 3932 benedicentur
1069 3891 1258 3931 omnes
1288 3876 1459 3930 tribus
1493 3886 1650 3929 terra:
1671 3875 1715 3906 ⁸⁸
1742 3892 1755 3940 ;
1788 3894 1804 3925 ι
1841 3876 1891 3928 id
1917 3877 2055 3945 quod
2090 3879 2229 3932 Pau-

651 3971 732 4021 lus
780 3968 880 4022 hac
911 3970 1067 4022 nobis
1113 3970 1379 4022 sententia
1432 3969 1696 4035 exponit:
1739 3985 1757 4018 ι
1797 3966 1910 4021 Non
1956 3970 2099 4022 enim
2134 3985 2230 4038 per

649 4058 843 4126 legem,
878 4058 974 4120 ait,
1008 4058 1295 4126 promissio
1331 4057 1582 4119 Abrabze,
1626 4066 1683 4108 nt
1723 4056 1836 4126 ipse
1885 4056 2057 4112 haeres
2085 4068 2229 4111 esset

649 4147 856 4215 mundi,
903 4148 995 4200 sed
1049 4161 1145 4216 per
1189 4146 1451 4213 justitiam
1508 4147 1630 4202 fidei
1655 4148 1740 4213 “;
1787 4167 1805 4201 ι
1863 4158 1916 4203 et
1969 4166 2225 4205 rursum:

655 4256 672 4287 ι
710 4236 875 4307 Igitur
904 4238 994 4306 qui
1036 4253 1100 4291 ex
1147 4237 1248 4290 ﬁde
1281 4248 1425 4301 sunt,
1471 4237 1631 4307 120
1678 4239 2067 4293 benedicentur
2106 4255 2226 4294 cum

651 4331 794 4384 Iideli
822 4331 1096 4385 Abraham
1123 4332 1188 4384 ⁸ο.
1225 4349 1242 4380 ι
1289 4331 1345 4384 Si
1392 4332 1481 4384 Dei
1519 4345 1648 4399 ergo
1696 4331 2085 4399 promissiones
2134 4346 2231 4401 per

651 4423 807 4476 fidem
854 4423 1101 4490 patribus
1136 4425 1491 4484 obvenerunt,
1519 4421 1768 4476 Christus
1810 4436 1938 4475 vero
1986 4424 2230 4477 minister

2338 587 2417 646 εἰς
2457 585 2637 649 αὑτὸν,
2667 587 2726 639 οὗ
2756 589 3302 660 καταισχυνθήσεται.
3337 610 3355 642 ι
3392 593 3471 644 οΕἰ
3524 593 3756 661 σύμπας
3795 595 3903 662 ἡμῖν

2336 675 2364 725 6
2381 674 2478 743 τῆς
2508 675 2742 740 πίστεως
2764 677 3029 748 ὃροςηκαὶ
3057 678 3159 747 τῆς
3177 680 3474 750 ὁμολογίας
3500 683 3536 750 ἡ
3564 680 3816 750 δύναμις,
3841 684 3904 744 εἰς

2339 765 2400 818 τὸ
2439 766 2533 820 τοῦ
2582 767 2820 836 Χριστοῦ
2865 770 3216 839 περιίσταται
3244 771 3566 841 πρόσωπον,
3597 772 3698 824 καὶ
3734 771 3900 841 ὁμολο-

2335 853 2559 923 γοῦντες
2581 856 2746 911 αὑτοῦ
2773 858 2866 912 τὸν
2892 859 3121 914 θάνατον
3151 859 3247 914 καὶ
3267 860 3368 932 τὴν
3395 861 3731 926 ἀνάστασιν,
3755 861 3824 923 ὡς
3843 864 3906 921 εἰς

2335 947 2470 1001 Θεὸν
2513 950 2938 1015 πεπιστευκότες
2984 952 3364 1024 δικαιούμεθα·
3390 952 3477 1016 τίς
3519 954 3550 1005 ό
3587 952 3759 1022 φάναι
3796 952 3906 1004 Θεὸν

2334 1037 2435 1090 οὐκ
2484 1031 2623 1092 εἶναι
2664 1039 2879 1109 τολμῶν
2916 1040 3100 1108 αὐτὸν,
3143 1042 3301 1113 εἰπερ
3331 1043 3449 1095 ἐστὶ
3485 1042 3793 1111 κεφάλαιον
3823 1041 3908 1109 τῆς

2336 1129 2593 1182 ἁπάντων
2618 1132 2912 1202 σωτηρίας,
2937 1131 3076 1202 θύρα
3119 1149 3177 1186 τε
3215 1134 3310 1186 καὶ
3339 1134 3480 1200 ὁδὸς,
3509 1133 3618 1203 τῆς
3653 1133 3738 1196 εἰς
3769 1131 3908 1184 αὑτὸν

2333 1220 2573 1284 πίστεως
2598 1222 2631 1291 ή
2667 1221 2959 1292 όμολογία;
2986 1224 3065 1276 Δι’
3093 1225 3258 1278 αὑτοῦ
3287 1225 3398 1296 γὰρ
3429 1225 3528 1278 καὶ
3561 1226 3626 1279 ἐν
3656 1224 3809 1295 αὐτῷ
3833 1226 3909 1276 καὶ

2334 1310 2500 1374 αὐτὸς
2527 1313 2556 1365 6
2588 1311 2780 1383 Πατὴρ
2807 1313 3227 1382 ἐπιγινώσκεται
3263 1316 3402 1387 πρὸς
3428 1316 3620 1387 ήμῶν.

2408 1440 2428 1474 ι
2458 1422 2550 1494 Τῷ
2589 1423 2646 1476 δέ
2677 1423 2965 1496 δυναμένῳ
2995 1426 3142 1496 ὑμᾶς
3182 1427 3433 1499 στηρίξαι
3461 1427 3614 1482 κατὰ
3664 1428 3729 1480 τὸ
3755 1427 3909 1493 Εὐαγ-

2335 1513 2515 1582 γέλιόν
2558 1531 2660 1585 μου
2695 1517 2791 1570 καὶ
2837 1516 2895 1568 τὸ
2938 1518 3202 1588 κήρυγμα
3239 1519 3414 1590 Ἰησοῦ
3461 1518 3738 1590 Χριστοῦ,
3790 1519 3909 1570 κατά

2333 1606 2675 1676 ἀποκάλυψιν
2706 1607 3004 1677 μυστηρίου
3032 1608 3240 1678 χρόνοις
3267 1609 3508 1673 αἰωνίοις
3529 1608 3908 1678 σεσιγημένου.

2333 1696 2745 1767 Φανερωθέντος
2764 1697 2822 1750 δὲ
2841 1696 2936 1751 νῦν
2959 1698 3048 1752 διά
3076 1715 3134 1751 τε
3156 1699 3384 1770 γραφῶν
3402 1700 3779 1770 προφητικῶν
3800 1699 3912 1752 κατ’

2335 1787 2602 1858 ἐπιταγὴν
2629 1787 2722 1840 τοῦ
2757 1788 2979 1841 αἰωνίου
3019 1788 3174 1854 Θεοῦ,
3205 1792 3286 1854 εἰς
3317 1791 3628 1860 ὕπακοὴνω
3669 1791 3910 1852 πίστεως,

2333 1884 2414 1944 εἰς
2445 1882 2624 1935 πάντα
2668 1881 2738 1934 τὰ
2779 1882 2908 1954 ἔθνη
2951 1883 3366 1955 γνωρισθέντος.
3392 1885 3558 1955 Μόνῳ
3597 1886 3759 1956 σοφῷ
3789 1885 3909 1954 Θεῷ.

2332 1968 2420 2021 διὰ
2453 1969 2626 2040 Ἰησοῦ
2658 1970 2916 2040 Χριστοῦ,
2942 1963 2986 2039 ᾧ
3015 1974 3048 2044 ὴ
3079 1972 3204 2037 δόξα
3231 1973 3412 2027 καὶτὸ
3440 1975 3660 2045 κράτος
3688 1977 3772 2038 εἰς
3807 1975 3913 2036 τοὺς

2333 2060 2536 2124 αἰῶνας
2561 2060 2670 2114 τῶν
2691 2061 2920 2117 αἰώνων.
2939 2064 3133 2136 Ἀμήν.
3164 2083 3183 2115 ι
3205 2065 3335 2118 Ἰδοὺ
3359 2064 3422 2134 δὴ
3444 2065 3648 2134 σαφῶς
3673 2066 3738 2118 τὸ
3761 2067 3916 2131 E617-

2333 2151 2512 2218 γέλιον
2550 2153 2644 2205 καὶ
2674 2153 2734 2205 τὸ
2761 2155 3026 2226 κήρυγμα
3067 2154 3243 2226 Ἰησοῦ
3271 2154 3508 2226 Χριστοῦ
3540 2173 3726 2226 φησιν
3756 2153 3911 2210 εἶναι·

2333 2243 2428 2295 καὶ
2452 2244 2759 2313 κεκρύφθαι
2790 2245 2890 2316 μὲν
2919 2245 2978 2298 τὸ
3005 2245 3093 2298 ἐπ’
3121 2245 3273 2315 αότῷ
3299 2246 3638 2317 μυστήριον,
3667 2248 3766 2299 καί
3792 2264 3916 2300 csa:-

2332 2334 2532 2405 γῆσθαι
2565 2336 2787 2405 χρόνοις.
2815 2338 3075 2400 αἰωνίοις,
3115 2337 3576 2408 ἀποκαλυφθῆναι
3620 2338 3684 2390 δὲ
3715 2338 3810 2391 νῦν
3853 2340 3915 2399 εἰς

2333 2425 2579 2494 ὑπακοὴν
2608 2426 2846 2490 πίστεως
2871 2429 2952 2490 εἰς
2990 2427 3168 2480 πάντα
3213 2429 3280 2480 τὰ
3308 2426 3458 2497 ἔθνη.
3497 2426 3796 2498 Ἐστράφη
3828 2430 3917 2497 γὰρ

2333 2516 2410 2575 εἰς
2435 2514 2672 2584 Χριστὸν
2695 2514 2766 2567 τὰ
2789 2513 2914 2585 ἔθνη
2943 2515 3045 2585 τῆς
3067 2516 3420 2585 ψευδωνύμου
3447 2517 3724 2585 λατρείας
3741 2519 3918 2589 ἐξῃρη-

2335 2604 2495 2672 μένα,
2527 2603 2622 2656 καὶ
2655 2604 2731 2666 ὡς
2761 2602 2895 2656 Θεὸν
2922 2604 3084 2658 αὑτὸν
3115 2605 3470 2673 ἐπεγνωκότα
3500 2604 3600 2658 τὸν
3635 2607 3804 2676 φύσει
3842 2611 3919 2660 καὶ

2330 2693 2568 2763 ἀληθῶς.
2594 2693 2704 2748 Καὶ
2748 2695 2796 2747 εἰ
2839 2694 3027 2762 σαφῶς
3055 2695 3143 2747 διὰ
3181 2694 3355 2766 Ἰησοῦ
3385 2695 3637 2767 Χριστοῦ
3687 2698 3918 2767 ἐγνώσθη

2330 2784 2485 2848 Θεὸς,
2531 2784 2650 2849 πῶς
2695 2786 2755 2838 οὐ
2796 2786 2941 2856 μέγα
2974 2786 3035 2839 τὸ
3071 2785 3310 2855 Χριστοῦ
3363 2788 3723 2858 μυστήριον;
3777 2790 3836 2842 Εἰ
3875 2789 3920 2841 δὲ

2331 2877 2532 2926 νοεῖται
2590 2875 2714 2929 καθ’
2754 2878 2901 2946 ἡμᾶς
2953 2876 3246 2947 ἄνθρωπος
3303 2876 3514 2940 ἁπλῶς,
3565 2879 3677 2932 καὶ
3712 2879 3833 2948 οὐχὶ
3873 2879 3917 2930 δὲ

2333 2961 2534 3030 μᾶλλον
2565 2961 2699 3026 Θεὸς
2724 2963 3187 3035 ἐνηνθρωπηκὼς,
3218 2965 3403 3018 οὐκέτι
3434 2966 3609 3036 σοφὸν
3637 2968 3702 3020 τὸ
3727 2968 3918 3038 μυστὴ-

2336 3067 2470 3119 ριον.

2409 3360 2428 3393 ι
2458 3344 2615 3411 Λέγω
2650 3343 2757 3416 γὰρ
2787 3346 3022 3418 Χριστὸν
3047 3348 3295 3402 διάκονον
3340 3350 3688 3422 γεγενῆσθαι
3718 3371 3919 3424 περιτο·

2334 3435 2442 3505 μῆς
2473 3436 2614 3506 ὑπὲρ
2649 3437 2904 3507 ἀληθείας
2937 3439 3095 3504 Θεοῦ,
3129 3442 3210 3503 εἰς
3257 3441 3320 3494 τὸ
3369 3442 3686 3511 βεϐαιῶσαι
3716 3446 3815 3509 τὰς
3845 3448 3922 3497 ἐπ-

2330 3528 2591 3596 αγγελίας
2645 3529 2754 3581 τῶν
2805 3531 3087 3600 πατέρων·
3142 3532 3210 3584 τὰ
3261 3532 3317 3585 δέ
3361 3534 3494 3604 ἔθνη
3548 3537 3700 3608 ὑπὲρ
3757 3538 3920 3599 ἐλέους

2329 3619 2550 3682 δοξάσαι
2577 3621 2668 3672 τὸν
2696 3621 2850 3675 Θεόν.
2889 3620 3205 3691 Γέγραπται
3239 3624 3372 3693 γὰρ,
3403 3626 3489 3677 ὅτι
3538 3645 3557 3676 ι
3610 3629 3919 3681 Ἑπίστευσε

2329 3709 2384 3761 δὲ
2419 3709 2671 3779 Ἀϐραὰμ
2701 3709 2779 3779 τῷ
2809 3711 2951 3779 Θεῷ,
2979 3711 3073 3764 καὶ
3110 3713 3367 3785 ἐλογίσθη
3409 3717 3566 3785 αὐτῷ
3613 3721 3702 3781 εἰς
3728 3719 3919 3771 δικαιο-

2333 3799 2515 3870 σύνην.
2553 3819 2570 3851 ι
2609 3802 2838 3870 Εἴρηται
2882 3803 2938 3855 δέ
2989 3805 3128 3873 πρὸς
3159 3807 3339 3872 αὑτὸν,
3369 3809 3454 3860 ὅτι
3490 3828 3510 3860 ι
3538 3811 3920 3883 Ἐνευλογηθὴ-

2333 3909 2510 3944 σονται
2543 3894 2600 3946 ἐν
2633 3893 2716 3945 σοὶ
2752 3895 2924 3948 πᾶσαι
2959 3897 3015 3948 αἰ
3064 3897 3228 3967 φυλαὶ
3274 3901 3374 3970 τῆς
3421 3902 3552 3973 γῆς.
3592 3924 3610 3955 ι
3643 3907 3715 3959 Ὃ
3744 3907 3808 3978 δὴ
3843 3908 3915 3959 καῖ

2333 3983 2500 4049 σαφὲς
2541 3984 2672 4056 ἡμῖν
2721 3985 2896 4039 ἐποίει
2946 3987 3120 4058 λέγων
3167 3992 3195 4044 ὁ
3247 3992 3497 4055 Παῦλος·
3537 4012 3556 4044 ι
3593 3997 3675 4048 Οὐ
3713 3998 3822 4067 γὰρ
3850 3999 3920 4050 διὰ

2330 4075 2494 4144 νόμου
2522 4077 2554 4142 ἡ
2593 4076 2897 4146 ἐπαγγελία
2937 4077 3014 4149 τῷ
3050 4081 3321 4152 Ἀὕραὰμ,
3351 4084 3433 4145 εἰς
3479 4084 3548 4136 τὸ
3592 4086 3920 4158 κληρονόμον

2330 4167 2491 4220 αὑτὸν
2524 4163 2663 4223 εἶναι
2700 4171 2932 4240 κόσμου,
2962 4172 3098 4226 ἀλλὰ
3142 4173 3233 4227 διὰ
3281 4173 3648 4247 δικαιοσύνης
3709 4182 3805 4233 καὶ
3847 4183 3920 4230 πί-

2333 4269 2522 4316 στεως.
2553 4272 2571 4305 ι
2614 4255 2723 4308 Καὶ
2778 4258 2978 4311 πάλιν·
3031 4261 3227 4314 «Ὥστε
3272 4264 3319 4315 οἰ
3363 4263 3430 4316 ἐκ
3477 4265 3738 4332 πίστεως
3790 4269 3922 4321 εὐλο-

2329 4341 2551 4408 γοῦνται
2588 4345 2687 4398 σὺν
2714 4346 2793 4417 τῷ
2830 4348 3009 4420 πιστῷ
3045 4350 3315 4424 Ἀϐραάμ.
3349 4372 3366 4405 ι
3406 4355 3628 4410 Οὐκοῦν
3658 4360 3711 4411 εἰ
3756 4363 3819 4414 ὲκ
3847 4365 3920 4412 πί-

2334 4449 2502 4496 στεως
2549 4436 2603 4486 αἰ
2652 4437 2981 4506 ἐπαγγελίαι
3030 4439 3260 4496 δίδονται
3301 4447 3416 4507 τοῖς
3466 4451 3729 4519 πατράσι
3791 4455 3920 4522 πσρὰ

649 4518 825 4567 t'uctus
864 4524 966 4578 est,
1004 4514 1105 4566 hoc
1131 4523 1214 4567 est
1239 4513 1526 4577 mediator,
1567 4515 1632 4566 ad
1668 4514 1964 4568 ﬁrmandas
1990 4515 2223 4583 promis-

2332 4523 2489 4588 Θεοῦ,
2530 4524 2719 4593 γέγονε
2774 4503 2954 4582 τοίνυν
2996 4531 3240 4598 διάκονος
3283 4536 3312 4588 6
3363 4503 3636 4606 Χριστὸς,

648 4607 828 4660 siones
856 4605 1100 4673 patribus
1127 4621 1157 4658 a
1187 4606 1292 4659 Deo
1322 4606 1511 4670 factas,
1537 4622 1728 4675 nempe
1751 4606 2221 4675 justifieationem,

648 4712 766 4764 quae
793 4712 887 4766 per
919 4697 1077 4750 [idem
1111 4697 1386 4750 obtinetur
1418 4698 1618 4765 (factus
1655 4709 1739 4753 est
1773 4710 1949 4753 autem
1976 4699 2224 4755 Christus

651 4789 916 4852 minister,
947 4788 1048 4842 hoc
1082 4797 1166 4843 est
1189 4789 1477 4853 mediator,
1505 4805 1608 4842 non
1642 4800 1698 4842 ut
1725 4791 1880 4844 alteri
1915 4792 2070 4846 (idem
2097 4809 2224 4846 con-

652 4879 880 4944 ('iliaret,
919 4881 1010 4933 sed
1037 4889 1094 4933 ut
1125 4880 1227 4934 sibi
1266 4879 1365 4949 ipsi
1394 4890 1449 4932 et
1490 4879 1636 4933 Patri
1677 4895 1771 4948 per
1799 4882 2100 4950 seipsum):
2139 4885 2221 4936 cui

652 4971 870 5023 dubium
901 4988 1019 5026 esse
1046 4984 1241 5042 potest,
1271 4973 1400 5043 quin
1445 4986 1604 5025 verus
1649 4974 1944 5025 secundum
1976 4986 2222 5026 naturam

654 5059 796 5113 Deus
830 5064 1086 5116 exsistat?
1120 5065 1249 5118 Nam
1286 5075 1341 5120 ut
1370 5067 1558 5119 beatus
1582 5062 1854 5116 Abraham
1896 5062 2224 5132 justiﬁeatus

652 5163 738 5206 est
767 5152 818 5206 in
857 5152 1021 5206 Deum
1054 5160 1299 5224 credens,
1359 5158 1430 5212 ita
1477 5168 1666 5230 gentes
1711 5169 1927 5225 quoque
1961 5153 2226 5224 justiﬁca-

720 5357 766 5388 “
791 5356 947 5412 Rom.
979 5370 1033 5418 κ,
1064 5352 1216 5407 641.

654 5428 697 5458 ⁵³
723 5428 894 5482 Galat.
927 5442 1008 5492 ιιι,
1045 5425 1100 5479 9.

1307 5355 1370 5384 W
1399 5356 1556 5422 Rom,
1608 5373 1718 5424 xw,
1753 5356 1944 5410 (ἐῢ-Ἦ.

2059 5355 2100 5386 ’⁸⁷
2131 5356 2287 5410 Rom.
2321 5372 2405 5422 xv,
2440 5357 2494 5423 8,
2538 5360 2606 5424 9;
2651 5376 2722 5425 Iv,
2756 5361 2809 5415 5.

2334 4613 2582 4684 μεσίτης,
2617 4617 2697 4682 εἰς
2741 4617 2802 4670 τὸ
2844 4618 3139 4689 βεϐαιῶσαι
3181 4625 3279 4688 τὰς
3305 4626 3658 4698 ἐπαγγελίας
3699 4635 3798 4699 τὰς
3829 4639 3923 4693 τοῖς

2307 4707 2576 4776 ,πατράσι
2601 4708 2849 4775 δοθείσας
2881 4714 3032 4782 παρὰ
3060 4714 3218 4781 Θεοῦ,
3250 4719 3502 4774 τουτέστι
3542 4725 3668 4795 στὴν
3709 4726 3805 4778 διὰ
3851 4726 3924 4775 πί·

2336 4815 2507 4862 στεως
2545 4800 2846 4858 δικαίωσιν.
2886 4805 3082 4873 Γέγονε
3123 4807 3302 4864 τοίνυν
3330 4809 3592 4876 διάκονος
3621 4817 3651 4866 ό
3682 4816 3920 4883 Χριστᾲ.

2333 4890 2580 4942 τουτέστι
2613 4893 2864 4964 μεσίτης,
2901 4895 3000 4966 οὐχ
3023 4896 3100 4960 ὡς
3127 4898 3298 4970 ἐτέρῳ
3321 4900 3424 4970 τὴν
3454 4902 3654 4955 πίστιν
3687 4920 3923 4974 πραγμα-

2334 4980 2646 5046 τευόμενος,
2675 4982 2790 5034 ἀλλ’
2818 4984 2892 5048 ὠς
2928 4985 3106 5056 ἑαυτῷ
3136 4989 3339 5056 μᾶλλον
3375 4990 3473 5041 καὶ
3522 4991 3596 5043 δι’
3628 4994 3832 5048 ἑαυτοῦ
3861 4998 3920 5063 τῷ

2335 5068 2530 5137 Πατρί.
2577 5071 2709 5134 Θεὸς
2739 5074 2848 5144 ἄρα
2879 5076 3024 5128 κατὰ
3062 5076 3224 5144 φύσιν
3245 5078 3385 5136 ἐστί.
3427 5081 3803 5142 Δεδικαίωται
3834 5089 3922 5156 γὰρ

2334 5159 2359 5207 6
2401 5161 2669 5231 μακάριος
2707 5164 2959 5235 Ἀϐραὰμ
3009 5171 3395 5235 πεπιστευκὼς
3434 5174 3516 5236 εἰς
3572 5177 3750 5232 Θεόν·
3803 5183 3924 5233 οὕτω

2890 5363 2933 5395 ⁸⁸
2957 5365 3093 5424 Gen.
3143 5387 3238 5438 Xll,
3284 5373 3338 5427 3.
3439 5375 3484 5409 δ’
3511 5377 3682 5438 Rom,
3743 5401 3814 5447 μ’,
3853 5382 3920 5434 15.

1755 5586 1925 5639 Varirc
1955 5585 2216 5641 lectiones
2239 5589 2444 5641 codicis
2475 5588 2835 5658 Segnieriani.

733 5771 771 5793 ⁸·
807 5766 1100 5837 ὑποταγὴν.
