4040 6482
186 455 291 510 1323

176 566 321 619 δὲκαὶ
354 566 406 621 τὰ
429 566 549 637 ἔθνη
587 565 922 619 δικαιωθεῖεν
953 565 1018 618 ἂν
1050 566 1107 619 ὲν
1138 566 1305 635 αὐτῷ,
1333 570 1444 629 τοῖς
1479 568 1675 638 ἴχνεσιν
1708 578 1749 631 Α

84 704 87 707 ν
176 659 309 710 αὑτοῦ
346 658 888 725 κατακολουθήσαντα,
924 658 1017 710 καὶ
1072 659 1128 708 ὲν
1172 657 1289 726 Θεῷ
1335 659 1674 721 πιστεύοντα,

171 750 371 804 τουτέστι
402 748 632 820 Χριστῷ.

361 861 441 911 Ἐκ
477 858 586 924 τῆς
626 859 775 926 πρὸς
813 861 1161 930 Κορινθίους
1198 858 1459 927 πρώτης.

231 992 246 1022 ι
271 972 359 1022 Καὶ
402 968 566 1024 ταῦτά
619 988 761 1036 τινες
808 968 905 1043 ἦτε
930 989 945 1003 ο
1000 972 1116 1027 ἀλλ’
1144 970 1533 1035 ἀπελούσασθε,
1566 971 1677 1023 ἀλλ’

82 1068 83 1073 ¹
163 1062 434 1129 ἡγιάσθητε,
462 1061 576 1115 ἀλλ’
607 1064 963 1137 ἐδικαιώθητε
1006 1066 1063 1118 ἐν
1090 1063 1167 1135 τῷ
1195 1064 1416 1133 ὀνόματι
1449 1063 1540 1116 τοῦ
1574 1066 1679 1118 Ku-

82 1160 85 1165 ‘
162 1152 263 1219 ρίου
292 1150 440 1220 Ἰησοῦ
468 1153 725 1225 Χριστοῦ,
759 1156 851 1208 καὶ
896 1156 955 1207 ὲν
983 1153 1061 1223 τῷ
1092 1150 1366 1222 Πνεύματι
1410 1153 1503 1206 τοῦ
1545 1152 1678 1206 Θεοῦ

159 1241 310 1310 ἡμῶν.
339 1261 354 1292 ι
391 1243 447 1295 Ei
472 1245 528 1297 ὲν
555 1244 633 1316 τῷ
662 1245 885 1316 ὀνόματι
916 1243 1010 1295 τοῦ
1038 1242 1273 1311 Χριστοῦ
1302 1243 1678 1315 δικαιούμεθα,

155 1332 221 1395 ὡς
245 1332 354 1387 Θεὸν
378 1338 437 1406 τῇ
466 1338 642 1390 πίστει
676 1337 1026 1405 τιμήσαντες,
1056 1336 1149 1387 καὶ
1174 1334 1235 1387 τὸ
1267 1335 1429 1388 αὐτοῦ
1455 1335 1680 1404 Πνεῦμα

154 1424 412 1494 δεχόμενοι,
445 1429 559 1493 πῶς
589 1429 649 1480 ού
679 1428 812 1491 Θεὸς
839 1427 867 1479 6
894 1428 1161 1499 Χριστός;

440 1561 533 1613 Ἐκ
571 1559 682 1627 τῆς
718 1563 864 1629 πρὸς
901 1562 1246 1627 Κορινθίους
1280 1560 1361 1623 β’.

216 1712 233 1743 ‹
261 1691 315 1744 Ei
340 1698 427 1760 μεν
450 1691 557 1760 γὰρ
576 1693 603 1744 6
631 1693 923 1763 ἐρχόμενος
942 1691 1126 1760 ἕτερον
1158 1690 1363 1761 Ἰησοῦν
1392 1690 1677 1761 κηρύσσει,

146 1784 200 1834 ὃν
237 1783 325 1834 ούκ
370 1781 738 1853 ἐκηρύξαμεν,
790 1783 823 1852 ἢ
877 1783 1094 1853 πνεῦμα
1137 1783 1323 1852 ἕτερον
1356 1782 1678 1852 λαμσάνετε,

146 1871 265 1939 παρ’
289 1869 313 1920 ὃ
344 1869 550 1923 ἐλάϐετε
575 1886 589 1900 °
625 1872 657 1943 ἢ
688 1871 1024 1940 Εὑαγγέλιον
1052 1872 1260 1943 ἕτερον,
1291 1873 1418 1942 παρ’
1444 1872 1474 1925 ὃ
1498 1872 1681 1937 ἐδέξαο

146 1964 249 2014 σθε’
276 1961 437 2025 καλῶς
484 1963 783 2033 ἀνείχεσθε.
820 1982 838 2015 ι
890 1964 1002 2035 Πρὸ
1040 1964 1149 2017 τῶν
1188 1964 1289 2034 τῆς
1332 1963 1679 2036 ὲνανθρωπή-

145 2069 272 2114 σεως
293 2053 483 2124 καιρῶν
511 2054 685 2115 οὐδεὶς
713 2053 985 2122 ὀνομάσας
1012 2055 1325 2126 εὑρίσκεται
1344 2055 1435 2109 τὸν
1456 2057 1520 2109 ὲκ
1542 2055 1677 2109 Θεοῦ

141 2140 318 2207 Λόγον,
336 2141 527 2212 Ἰησοῦν
548 2142 582 2213 ἢ
602 2143 834 2213 Χριστόν
858 2160 872 2174 ο
896 2145 944 2198 εί
965 2145 1039 2215 μὴ
1068 2145 1174 2216 ἄρα
1204 2146 1344 2200 κατά
1373 2146 1679 2218 πρόγνωσιν

139 2231 614 2303 όνομασθησόμενον
642 2232 799 2287 τοῦτο
829 2236 971 2289 κατὰ
996 2240 1238 2307 καιροὺς,
1265 2238 1351 2291 ὅτε
1374 2238 1469 2292 καὶ
1487 2240 1678 2307 γέγονε

141 2317 489 2388 σάρξ.”ονομα
522 2321 700 2375 τοίνυν
738 2324 920 2375 καινὸν
953 2324 1100 2393 αὑτῷ
1130 2325 1207 2383 τὸ,
1226 2326 1452 2395 Ἰησοῦς,
1474 2327 1561 2380 ὅτε
1592 2328 1683 2395 γέ-

137 2426 284 2473 γονεν
330 2411 624 2479 ἄνθρωπος.
645 2413 782 2466 Ἀλλ’
815 2418 863 2468 εί
914 2414 1013 2484 μὲν
1044 2416 1118 2479 ὡς
1156 2417 1288 2481 Θεὸς
1324 2418 1678 2489 κηρύσσεται,

137 2500 225 2551 καὶ
252 2495 327 2563 είς
352 2500 421 2553 ὢν
452 2501 531 2571 (οὐ
567 2503 674 2573 γὰρ
704 2503 889 2574 ἕτερός
918 2524 1000 2570 τις
1027 2509 1156 2578 παρ’
1186 2508 1369 2581 αὑτὸν,
1400 2509 1458 2563 ὃν
1489 2509 1682 2565 δύναν-

133 2609 217 2644 ται
250 2593 471 2661 κηρύξαι
509 2596 695 2664 τινὲς).
718 2592 777 2649 εὖ
803 2597 868 2649 ἂν
902 2597 1033 2667 ἔχοι,
1062 2600 1156 2653 καὶ
1184 2600 1303 2671 Θεῷ
1328 2600 1679 2672 λατρεύομεν.

135 2683 192 2732 El
229 2681 283 2733 δὲ
313 2684 506 2751 μέτρον
534 2684 679 2753 αύτῷ
704 2687 764 2738 τὸ
786 2688 882 2756 τῆς
910 2688 1329 2760 ἀνθρωπότητός
1352 2691 1467 2743 ἐστι
1502 2692 1681 2760 μόνον,

131 2771 221 2822 καὶ
267 2770 389 2840 ψιλῇ
435 2774 740 2840 προσώπων
784 2777 975 2831 ὲνώσει
1027 2780 1346 2849 τετίμηται·
1390 2782 1686 2836 κεκένωται

128 2860 225 2927 τῆς
254 2860 477 2924 πίστεως
498 2863 653 2932 ἡμῶν
677 2866 703 2918 ό
730 2865 1180 2938 λόγος,ἀνθρώπῳ
1204 2869 1492 2939 προσάγων
1514 2871 1684 2939 ἡμᾶς,

128 2948 217 2999 καὶ
245 2947 302 2999 οὐ
332 2948 465 3019 Θεῳ.
485 2951 643 3006 Ἀλλά
664 2953 819 3008 τοῦτο
850 2956 1125 3021 δυσσεϐὲς.
1153 2958 1283 3022 Θεὸς
1304 2959 1411 3029 ἄρα
1432 2958 1688 3029 Χριστὸς,

128 3038 220 3089 καὶ
253 3038 397 3103 Υἱὸς,
428 3043 506 3107 ὡς
532 3045 625 3098 τοῦ
652 3044 786 3100 Θεοῦ
823 3048 998 3117 Λόγου
1033 3050 1234 3121 σαρκὸς
1264 3050 1569 3120 γεγονότος.

1714 1919 1755 1976 Β

1196 451 1280 504 DF.
1320 452 1542 507 RECTA
1583 452 1737 507 FIDE
1775 452 1865 507 AD
1904 451 2217 508 REGINAS.

3204 458 3224 511 i
3237 458 3339 511 5&6

1782 570 1979 623 buntur
2011 570 2064 623 in
2093 570 2231 639 ipso,
2262 569 2306 625 si
2336 569 2579 639 vestigiis
2613 568 2754 625 illius
2788 568 3006 635 innixa},
3043 569 3096 624 in
3132 570 3300 625 Deum

1782 660 1883 715 hoc
1915 669 1998 713 est
2030 660 2081 715 in
2110 660 2387 716 Christum
2410 660 2760 715 crediderim.

2189 856 2271 910 Ea:
2302 859 2468 926 priori
2507 858 2575 913 ad
2610 857 2933 913 Corinthios.

1856 977 1873 1009 ι
1904 957 1969 1011 Et
2020 958 2134 1014 haec
2178 962 2392 1028 quidam
2450 963 2672 1020 fuistis:
2706 964 2799 1019 sed
2846 963 3013 1019 abluti
3060 966 3215 1032 estis,
3248 971 3339 1025 secl

1779 1050 2100 1104 sanctiﬁcati
2122 1052 2657 1119 estis,sedjustiﬁcati
2674 1057 2807 1111 estis
2824 1057 2876 1111 in
2898 1055 3115 1111 nomine
3135 1058 3341 1114 Domini

1782 1140 1948 1195 nostri
1977 1139 2101 1196 Jesu
2130 1140 2353 1209 Christi,
2388 1152 2442 1197 et
2467 1144 2518 1198 in
2537 1144 2737 1215 Spiritu
2763 1147 2855 1201 Dei
2884 1151 3048 1202 nostri
3078 1147 3180 1201 ἰ.»
3208 1148 3341 1203 Cum

1782 1231 1834 1284 in
1860 1232 2076 1287 nomine
2094 1231 2297 1288 Christi
2318 1233 2693 1302 iustiﬁcemur,
2716 1249 2945 1305 eumque
2970 1235 3074 1291 ﬁde
3096 1247 3154 1291 ut
3177 1236 3340 1291 Deum

1781 1336 2120 1391 veneremur,
2151 1326 2501 1394 ejusdemque
2535 1325 2739 1395 Spiritu
2774 1326 3185 1396 locupletemur,
3216 1343 3345 1398 quo-

1782 1414 1938 1468 modo
1974 1430 2076 1470 non
2108 1416 2213 1470 erit
2250 1414 2392 1470 Deus
2414 1416 2659 1473 Christus
2685 1416 2708 1470 ἲ

2139 1547 2222 1601 Es:
2248 1551 2527 1613 posteriori
2554 1553 2623 1604 ad
2662 1549 2985 1608 Corinthios.

1857 1696 1875 1728 ι
1915 1677 2047 1732 Nam
2077 1678 2120 1732 si
2153 1677 2197 1733 is
2250 1678 2343 1749 qui
2390 1679 2556 1745 venit,
2606 1680 2771 1736 alium
2825 1682 3011 1739 Iesum
3062 1688 3339 1755 praedicat,

1780 1784 1937 1838 quem
1964 1784 2068 1825 non
2100 1769 2545 1840 praedicavimus,
2579 1781 2670 1827 aut
2712 1772 2878 1829 alium
2911 1776 3155 1844 spiritum
3194 1781 3341 1835 acci-

1781 1860 1927 1927 pitis,
1961 1874 2120 1929 quem
2154 1876 2259 1915 non
2289 1862 2614 1931 accepistis:
2649 1873 2744 1917 aut
2785 1864 2927 1919 aliud
2972 1865 3340 1939 Evangelium.

1782 1953 1922 2021 quod
1974 1968 2078 2007 non
2130 1952 2411 2022 recepistis
2444 1970 2459 2007 :
2488 1964 2631 2009 recte
2684 1958 3089 2025 pateremini".
3137 1980 3155 2013 ι
3205 1962 3346 2018 Ante

1787 2042 1875 2096 Dei
1909 2041 2141 2099 Verbum
2176 2044 2512 2100 incarnatum
2544 2046 2720 2101 nullus
2761 2060 3068 2116 compertus
3098 2062 3213 2115 est,
3253 2056 3346 2122 qui

1784 2144 1877 2188 aut
1930 2134 2135 2199 Jesum,
2185 2144 2278 2191 aut
2330 2134 2610 2192 Christum
2662 2136 2790 2191 illud
2848 2142 3189 2209 nominaret;
3242 2144 3345 2197 nisi

1785 2223 2051 2294 quispiam
2093 2225 2270 2280 forsan
2305 2226 2605 2282 futurorum
2629 2229 2882 2295 praescius
2923 2230 3071 2295 olim,
3101 2246 3223 2286 cum
3263 2236 3316 2288 ni

1790 2315 1982 2370 mirum
2012 2330 2141 2378 caro
2171 2317 2370 2371 factum
2407 2325 2571 2383 esset,
2612 2319 2713 2373 hoc
2760 2320 2975 2375 nomine
3022 2323 3341 2391 appellatum

1789 2406 1853 2461 iri
1890 2409 2213 2475 praedixerit.
2245 2407 2450 2464 Nomen
2497 2409 2598 2464 hoc
2636 2409 2820 2478 itaque
2847 2408 3041 2474 Iesus,
3072 2413 3232 2466 simul
3262 2420 3346 2470 at-

1789 2513 1893 2565 que
1920 2500 2114 2552 factum
2143 2508 2226 2554 est
2252 2500 2434 2565 homo,
2460 2514 2653 2554 novum
2686 2501 2994 2571 impositum
3023 2512 3106 2557 est
3140 2503 3234 2557 illi.
3280 2506 3351 2558 At

1792 2603 1919 2643 vero
1955 2590 1999 2644 si
2029 2598 2087 2644 ut
2117 2589 2257 2646 Deus
2287 2591 2402 2646 orbi
2427 2592 2791 2657 annuntiatur,
2822 2602 2877 2648 et
2906 2608 3045 2648 unus
3076 2594 3348 2649 nihilomi-

1792 2694 1891 2733 nus
1916 2690 2002 2733 est
2032 2680 2229 2750 (neque
2258 2681 2400 2734 enim
2435 2692 2519 2736 est
2541 2682 2675 2736 alius
2707 2690 2897 2751 praeter
2920 2683 3090 2750 illum,
3130 2687 3220 2754 qui
3256 2702 3351 2739 an-

1790 2770 2023 2824 nuntiari
2063 2770 2273 2840 possit),
2310 2771 2445 2825 bene
2469 2786 2556 2827 res
2593 2772 2772 2827 habet.
2824 2775 2934 2829 Deo
2958 2777 3100 2830 enim
3144 2780 3349 2833 servire

1790 2862 2112 2917 invenimur.
2138 2862 2290 2928 Quod
2328 2862 2371 2915 si
2402 2876 2529 2917 vero
2555 2863 2682 2917 solae
2709 2863 2959 2920 humanae
2988 2877 3195 2922 naturae
3223 2882 3355 2923 con-

1792 2954 2022 3008 ditiones
2062 2955 2111 3007 in
2143 2954 2290 3008 illum
2314 2953 2662 3019 conveniunt,
2696 2970 2792 3010 nec
2820 2956 2978 3011 aliam
3008 2957 3077 3011 ob
3106 2971 3351 3024 causam,

1791 3060 1952 3114 quam
1989 3055 2209 3115 propter
2245 3046 2441 3099 nudam
2468 3044 2613 3100 illam
2659 3045 3063 3117 simplicemque
3098 3062 3355 3119 persona-

127 3145 246 3182 rum
288 3135 595 3192 societatem
640 3140 835 3195 colitur
872 3157 887 3192 :
936 3142 1110 3199 inanis
1152 3146 1392 3213 proiectu
1429 3154 1514 3200 est
1567 3144 1687 3199 fidei
1730 3155 1929 3197 nostra:
1973 3141 2132 3206 ratio,
2197 3150 2252 3194 ut
2298 3155 2417 3209 qua:
2454 3155 2557 3194 non
2590 3140 2699 3195 Deo
2733 3156 2831 3196 nos
2903 3141 3224 3212 coniungat,
3262 3146 3353 3199 sed

127 3227 353 3284 homini.
391 3232 549 3301 Atqui
590 3234 701 3289 haec
726 3236 965 3291 doctrina
1006 3250 1089 3292 εει
1153 3238 1311 3307 plane
1358 3238 1539 3309 impia.
1584 3237 1724 3294 Deus

123 3323 350 3377 tactum.

531 3435 631 3490 Ἐκ
669 3436 777 3505 τῆς
814 3440 963 3507 πρὸς
999 3442 1293 3508 Γαλάτας.

197 3567 218 3601 ι
253 3547 552 3617 Θαυμάζω,
600 3550 681 3603 ὅτι
728 3550 870 3604 οὓτω
917 3554 1126 3622 ταχέως
1186 3554 1539 3625 μετατίθεσθε
1588 3555 1696 3608 ἀπὸ

120 3638 213 3693 τοῦ
259 3640 590 3702 καλέσαντος
618 3642 761 3713 ὑμᾶς
801 3646 858 3696 ὲν
900 3646 1080 3715 χάριτι
1114 3646 1370 3717 Χριστοῦ,
1402 3648 1482 3707 εἰς
1511 3648 1695 3717 ἕτερον

114 3730 493 3797 Εὐαγγέλιον·
536 3733 566 3785 ὂ
594 3733 693 3785 ούκ
726 3733 869 3789 ἐστιν
910 3736 1037 3790 ἄλλο
1060 3754 1074 3769 ·
1106 3739 1154 3791 εί
1201 3740 1275 3809 μή
1306 3739 1451 3802 τινές
1478 3740 1615 3792 εἰσιν
1646 3743 1693 3791 oi

108 3820 493 3890 ταράσσοντες
543 3821 727 3891 ὑμᾶς,
771 3826 865 3877 καὶ
915 3825 1158 3889 θέλοντες
1216 3830 1584 3897 μεταστρέψαι
1635 3832 1696 3881 τὸ

106 3910 465 3979 Εὑαγγέλιον
493 3911 587 3964 τοῦ
614 3914 871 3984 Χριστοῦ.
899 3913 1059 3968 Ἀλλά
1084 3916 1177 3969 καὶ
1206 3916 1301 3969 ἐὰν
1329 3918 1508 3986 ἡμεῖς,
1535 3919 1567 3988 ἢ
1595 3920 1694 3985 ἄγη

105 4000 278 4067 γελος
305 4001 370 4064 ἐξ
400 4000 632 4069 οὐρανοῦ
660 4003 1080 4075 εὐαγγελίσηται
1110 4006 1238 4075 ὑμῖν
1266 4009 1391 4076 παρ’
1415 4007 1442 4059 ὃ
1470 4007 1697 4075 εὐηγγε-

102 4092 398 4160 λισάμεθα
442 4094 589 4163 ὑμῖν,
622 4095 867 4165 ἀνάθεμα
899 4096 1058 4151 ἔστωι
1090 4117 1107 4149 ι
1150 4100 1212 4151 Εἰ
1241 4098 1299 4151 ἓν
1324 4100 1471 4151 ἐστιν
1517 4100 1695 4167 Εύαγ-

98 4182 299 4249 γέλιον
345 4184 411 4235 τὸ
453 4183 677 4253 λαληθὲν
723 4186 907 4259 ἁπάσῃ
949 4190 1014 4258 τῇ
1058 4188 1149 4241 ὑπ’
1188 4189 1415 4259 οὐρανὸν
1456 4190 1543 4243 διὰ
1589 4191 1697 4244 τῶν

97 4272 291 4339 ἁγίων
342 4275 747 4343 μυσταγωγῶν,
779 4277 938 4330 τοῦτο
988 4279 1044 4331 δέ
1089 4280 1236 4333 ἐστιν
1264 4282 1298 4350 ή
1333 4281 1516 4344 πίστις
1550 4282 1581 4351 ἡ
1618 4283 1697 4343 είς

93 4363 381 4432 Χριστόν·
416 4364 534 4427 πῶς
576 4368 637 4419 ού
684 4367 813 4430 Θεὸς
856 4370 939 4439 είη
990 4368 1056 4423 ἂν
1088 4370 1311 4443 ἀληθὴς,
1343 4372 1501 4443 εἴπερ
1548 4373 1696 4426 ἐστὶν

90 4452 422 4518 ἀναγκαῖον
451 4454 749 4522 ὁμολογεῖν,
779 4456 853 4520 ὡς
876 4460 938 4510 ἐκ
968 4459 1070 4527 τῆς
1098 4460 1330 4530 ἀρχαίας
1362 4462 1571 4533 πλάνης
1606 4480 1696 4516 κε·-

87 4540 373 4610 κλήμεθα
408 4544 546 4613 πρὸς
575 4546 866 4614 ἐπίγνωσιν
892 4548 986 4600 τοῦ
1014 4551 1154 4603 κατά
1177 4550 1338 4620 φύσιν
1359 4553 1509 4616 ὄντος
1528 4553 1693 4619 Θεοῦ;

82 4632 321 4701 Θαρσεῖ
350 4633 413 4685 δὲ
445 4634 697 4689 τοσοῦτον
728 4638 756 4688 6
792 4639 1058 4709 μακάριος
1092 4640 1323 4707 Παῦλος,
1358 4642 1432 4706 ὡς
1459 4644 1554 4697 καὶ
1598 4646 1698 4713 ἀγ-

82 4723 303 4789 γέλους
338 4723 786 4795 ἀναθεματίζειν,
812 4730 861 4781 εί
890 4728 954 4798 δὴ
986 4732 1415 4803 μεταστρέψειαν
1439 4735 1501 4788 τὸ
1518 4736 1696 4805 Εὐαγ-

82 4814 289 4881 γέλιον
331 4815 437 4867 τοῦ
475 4816 731 4886 Χριστοῦ.

166 4902 355 4954 «Ὅτε
396 4902 461 4954 δὲ
494 4903 792 4975 ηὐδόκησεν
820 4909 847 4959 6
880 4908 1009 4971 Θεὸς
1043 4911 1071 4962 6
1105 4912 1370 4982 ἀφορίσας
1400 4932 1468 4984 με
1495 4916 1558 4968 ἐκ
1589 4933 1695 4969 κοι-

82 4995 216 5054 λίας
257 4994 489 5063 μητρός
512 5012 634 5063 μου,
657 4998 1005 5069 ἀποκαλύψαι
1023 5003 1113 5055 τὸν
1136 5004 1262 5058 Υίὸν
1285 5006 1450 5060 αὑτοῦ
1475 5010 1533 5061 ὲν
1554 5009 1696 5079 ἐμοὶ,

82 5084 174 5136 ἵνα.
224 5084 696 5154 εὐαγγελίζωμαι
726 5090 886 5143 αὑτὸν
916 5093 972 5144 ὲν
1002 5096 1115 5157 τοῖς
1152 5094 1378 5160 ἔθνεσιν,
1406 5098 1607 5163 εὐθέως
1639 5100 1699 5152 οὐ

82 5173 555 5244 προσανεθέμην
591 5179 752 5247 σαρκὶ
799 5180 891 5232 καὶ
926 5183 1135 5251 αἵματι,
1169 5185 1289 5238 οὐδὲ
1342 5188 1571 5258 ἀνῆλθον
1619 5191 1699 5253 είς

82 5265 494 5334 Ἰεροσόλυμα
522 5269 656 5337 πρὸς
686 5269 810 5330 τοὺς
860 5272 964 5341 πρὸ
1011 5274 1143 5343 ἐμοῦ
1174 5278 1522 5343 ἀποστόλους.
1560 5299 1578 5331 ι
1611 5281 1701 5351 Τῷ

82 5359 205 5424 γὰρ
269 5355 445 5419 ἅπαξ
493 5356 590 5426 τὴν
640 5360 704 5409 ὲκ
756 5360 890 5413 Θεοῦ
940 5364 1150 5434 λαχόντι
1183 5370 1572 5437 μυσταγωγίαν
1606 5373 1701 5424 καὶ

82 5443 498 5511 ιποκάλυψιν,
520 5445 617 5497 ούκ
640 5446 749 5499 ἔδει
772 5449 871 5518 τῆς
890 5450 946 5513 ἐξ
971 5452 1273 5523 ἀνθρώπων
1302 5458 1695 5527 παιδαγωγίας.

84 5535 242 5602 ἶλὴν
300 5535 503 5585 ἐκεῖνό
545 5552 743 5603 φαμεν
774 5539 909 5594 Τίνα
938 5541 1285 5612 ἀπεκάλυψεν
1330 5548 1358 5597 6
1390 5547 1578 5619 Πατὴρ
1622 5549 1701 5619 τῷ

82 5624 380 5693 ιακαρίῳ
418 5624 697 5697 Παύλῳ,ῆ
729 5628 851 5683 τίνα.
874 5633 1240 5702 προστέταχεν
1273 5637 1329 5687 ὲν
1350 5641 1459 5700 τοῖς
1489 5639 1698 5692 ἔθνεσιν

140 5800 196 5830 ει
230 5798 255 5851 ι
293 5798 447 5853 Cor.
487 5816 560 5867 vr,
598 5802 683 5858 11.
756 5806 800 5836 θ’
826 5805 863 5859 ll
888 5805 1015 5860 Cor.
1048 5825 1121 5872 xv,
1157 5812 1205 5864 ι.
1284 5813 1521 5869 "Galat.
1559 5832 1597 5880 ι’,
1635 5816 1749 5869 6-8.

1722 3424 1764 3481 C

1797 3237 1979 3306 itaque
2018 3233 2287 3291 Christus.
2328 3243 2383 3289 et
2426 3232 2626 3299 Filius;
2670 3250 2790 3291 cum
2834 3234 3069 3291 Verbum
3113 3238 3184 3293 sit
3230 3254 3357 3293 caro

2126 3437 2277 3505 121
2316 3435 2399 3489 Ea:
2434 3436 2672 3504 Epistota
2704 3440 2773 3493 ad
2806 3437 3040 3495 Galatas.

1873 3569 1891 3601 ι
1924 3548 2106 3614 Miror,
2148 3551 2286 3617 quod
2318 3550 2395 3604 sic
2431 3560 2539 3603 tam
2591 3551 2697 3605 cito
2751 3552 3134 3608 transierimini
3190 3556 3258 3609 ab
3294 3571 3360 3612 eo

1796 3643 1885 3711 qui
1912 3656 2006 3695 vos
2035 3643 2241 3696 vocavit
2291 3641 2342 3695 in
2381 3643 2607 3710 gratiam
2645 3642 2867 3707 Christi,
2908 3642 2959 3697 in
3004 3644 3146 3698 aliud
3184 3644 3360 3700 Evan-

1797 3731 2032 3800 gelium:
2075 3732 2213 3799 quod
2261 3747 2365 3785 non
2412 3741 2494 3786 est
2543 3732 2709 3799 aliud,
2738 3733 2839 3788 nisi
2890 3743 3019 3789 sunt
3048 3734 3238 3805 aliqui,
3266 3740 3357 3807 qui

1799 3836 1891 3875 vos
1935 3820 2283 3888 perturbant,
2334 3832 2387 3876 et
2424 3833 2743 3878 convertere
2788 3824 2973 3877 volunt
3012 3824 3358 3895 Evangelium

1796 3910 2019 3964 Christi.
2048 3909 2151 3964 Sed
2182 3910 2309 3964 licet
2346 3925 2464 3975 nos,
2502 3921 2594 3965 aut
2627 3914 2853 3983 angelus
2877 3914 2945 3968 de
2967 3914 3105 3970 coelo
3132 3931 3363 3986 evange-

1799 3999 1924 4054 lizet
1946 4001 2097 4055 vobis
2125 4010 2479 4070 praeterquam
2507 4006 2648 4071 quod
2676 4006 3160 4074 evangelizavimus
3187 4011 3359 4073 vobis,

1799 4091 2082 4144 anathema
2114 4092 2268 4145 sit".
2310 4111 2327 4143 ι
2371 4092 2618 4148 Siunum
2643 4103 2847 4149 tantum
2880 4107 2962 4151 est
2993 4096 3361 4165 Evangeliutn,

1801 4182 1851 4235 in
1886 4182 2139 4237 universo
2172 4193 2435 4238 terrarum
2471 4185 2601 4239 orbe
2627 4200 2722 4255 per
2766 4201 2950 4242 sacros
2986 4190 3360 4257 mysteriorum

1800 4274 2045 4329 doctores
2092 4277 2551 4345 deprmdicatum,
2603 4280 2704 4332 hoc
2749 4290 2927 4333 autem
2982 4292 3063 4333 est
3125 4282 3253 4335 lides
3313 4284 3363 4336 in

1798 4362 2094 4432 Christum,
2142 4370 2411 4435 quomodo
2452 4369 2553 4423 hoc
2584 4385 2689 4423 non
2723 4380 2806 4423 est
2839 4384 2998 4423 verus
3046 4370 3231 4425 Deus?
3261 4372 3365 4426 Nc-

1798 4457 1910 4524 gari
1942 4456 2085 4511 enim
2114 4458 2263 4512 nullo
2296 4460 2452 4514 modo
2492 4470 2685 4529 potest,
2724 4462 2793 4515 ab
2829 4462 3049 4529 antiquo
3088 4478 3271 4517 errore
3300 4467 3366 4515 ait

1801 4546 1913 4599 veri
1964 4549 2335 4618 naturalisque
2390 4552 2482 4605 Dei
2535 4553 2862 4619 agnitionem
2916 4553 3207 4607 translatos
3271 4569 3367 4606 nos

1799 4650 1939 4691 esse.
1987 4637 2158 4692 Tanta
2194 4649 2373 4694 autem
2407 4651 2489 4695 est
2525 4641 2664 4695 beati
2694 4641 2840 4695 l'auli
2873 4642 3099 4707 fiducia,
3138 4655 3193 4696 ut
3223 4643 3367 4711 ipsos

1799 4730 1963 4783 etiam
1991 4731 2210 4801 angelos
2240 4734 2569 4787 anathemati
2598 4734 2865 4802 subjicere
2914 4749 3013 4787 non
3056 4735 3282 4799 dubitet,
3321 4738 3367 4789 si

1728 4801 1771 4855 Ῑ)
1800 4817 1939 4873 forte
1968 4819 2166 4877 Christi
2203 4822 2544 4890 Evangelium
2572 4801 2879 4890 pervertere
2915 4826 3259 4878 tentaverint.

1882 4928 1900 4961 σ
1938 4912 2073 4966 Cum
2108 4923 2285 4969 autem
2321 4916 2520 4984 placuit
2552 4916 2649 4977 illi,
2693 4916 2783 4985 qui
2830 4930 2913 4969 me
2955 4919 3253 4985 segregavit
3299 4936 3365 4971 cx

1805 5011 1957 5057 utero
1986 5006 2175 5060 matris
2199 5021 2352 5072 mean,
2386 5017 2439 5060 ut
2480 5007 2745 5061 revelaret
2766 5005 2959 5059 Filium
2984 5025 3135 5059 suum
3172 5009 3223 5061 in
3258 5027 3364 5071 tne,

1804 5100 1862 5145 ut
1892 5094 2317 5164 evangelizarem
2369 5096 2515 5149 illum
2562 5097 2611 5149 in
2654 5098 2919 5164 gentibus,
2954 5100 3209 5152 continuo
3262 5116 3365 5153 non

1803 5186 2046 5254 acquievi
2083 5188 2230 5241 carni
2263 5198 2316 5242 et
2358 5189 2643 5257 sanguini:
2694 5204 2864 5258 neque
2904 5191 3021 5243 veni
3059 5188 3364 5260 Hierosoly-

1806 5292 1946 5331 mam
1996 5279 2062 5330 ad
2115 5288 2483 5333 antecessores
2523 5295 2669 5333 meos
2711 5280 2987 5347 apostolos
3022 5282 3087 5334 “.
3147 5301 3164 5332 ι
3224 5281 3364 5336 Sane

1802 5367 1892 5434 qui
1934 5381 1963 5419 a
2020 5367 2128 5422 Deo
2179 5369 2476 5423 divinorum
2540 5371 2917 5439 mysteriorum
2968 5372 3263 5427 doctrinam
3311 5384 3366 5427 et

1808 5456 2185 5512 revelationem
2214 5460 2485 5523 hauserat,
2520 5460 2565 5515 is
2602 5461 2834 5514 humana
2877 5462 3212 5517 institutione
3239 5480 3367 5517 netu

1808 5556 2007 5623 tiqnam
2047 5558 2335 5625 indigebat.
2377 5556 2571 5612 Verum
2605 5561 2744 5612 istud
2778 5559 2987 5613 interim
3025 5562 3366 5615 adversarios

1807 5646 2283 5716 interrogaverim,
2334 5649 2671 5717 qualemnam
2711 5649 2945 5703 caelestis
2997 5650 3153 5703 Pater
3214 5652 3368 5703 beato

1828 5820 1868 5849 "
1900 5820 2025 5872 ibid.
2063 5822 2243 5873 15-17.
