4040 6440
670 393 696 446 1
709 391 812 447 327

1646 389 1706 444 S.
1741 385 2013 446 CYBILLI
2053 385 2513 442 ALEXANDRINI
2552 389 2866 446 ARCIIIEP.

3794 385 3919 437 1338

675 510 843 564 Paulo
855 504 1186 575 patefecerit,
1203 505 1542 576 quamlemve
1557 504 1799 570 gentibus
1813 503 2236 557 annuntiandum

2341 506 2794 574 εὐαγγελίσασθαι
2813 525 2828 572 ;
2850 501 2958 574 ἆρα
2984 503 3115 556 Θεὸν
3137 503 3332 570 Λόγον,
3376 499 3473 554 καὶ
3494 497 3634 552 Υίδν
3663 500 3919 567 μονογενῆ

674 595 1055 652 mandaverit?
1081 593 1330 664 Nunquid
1367 595 1458 649 Dei
1500 591 1732 645 Verbum
1782 592 1930 645 carui
1978 606 2084 646 non
2119 591 2235 644 uni-

677 700 788 742 tum
815 730 829 754 ,
857 695 950 742 aut
979 686 1334 757 unigenitum,
1367 683 1634 739 hominem
1666 682 1963 735 secundum
1997 683 2234 734 divinam

675 777 1130 846 dispensationem
1175 788 1280 832 non
1327 771 1570 826 factum?
1605 769 1760 824 Absit
1788 779 1848 828 ut
1892 770 2007 824 hate
2060 770 2131 822 ita
2179 782 2237 820 se

674 869 929 925 habeant.
977 863 1328 922 Annuntiavit
1379 860 1521 912 enim
1571 861 1816 915 eumdem
1868 858 2034 915 Deum
2078 855 2236 911 simul

674 968 731 1014 et
770 959 1073 1023 hominem,
1126 966 1322 1009 vocans
1368 950 1562 1008 Filium
1611 960 1665 1005 et
1712 950 1992 1008 Dominum
2052 947 2234 1007 Jesum

671 1048 976 1106 Christum.

750 1154 770 1188 ι
811 1134 1059 1194 Scientes
1090 1140 1268 1189 autem
1307 1132 1447 1201 quod
1480 1145 1588 1188 non
1623 1131 1952 1200 justiﬁcatnr
1978 1129 2136 1183 homo
2168 1140 2232 1183 ex

673 1227 926 1297 operibus
953 1225 1107 1294 legis,
1140 1223 1243 1278 nisi
1275 1237 1371 1293 per
1419 1223 1573 1276 tidem
1609 1221 1737 1278 Jesu
1769 1219 1966 1277 Christi
1999 1236 2011 1270 :
2053 1224 2107 1270 et
2136 1231 2237 1274 nos

675 1319 729 1372 in
759 1316 975 1372 Christo
1022 1315 1148 1370 Jesu
1194 1314 1486 1377 credimus,
1541 1323 1597 1366 ut
1643 1310 1999 1379 justilicemur
2030 1321 2095 1361 ex
2133 1307 2236 1362 ﬁde

673 1406 901 1471 Christi,
933 1415 988 1460 et
1017 1420 1120 1458 non
1161 1419 1222 1457 ex
1268 1402 1522 1472 Operibus
1562 1399 1695 1466 legis
1720 1399 1787 1452 ".
1824 1415 1843 1448 ι
1877 1398 1930 1451 Si
1973 1398 2024 1448 in
2069 1395 2236 1450 Deum

675 1499 917 1562 credere,
937 1494 1338 1563 jus‘titicationis
1371 1492 1617 1545 mercede
1650 1499 1904 1558 pensatur
1932 1489 2061 1556 (hac
2089 1487 2236 1540 enim

679 1586 763 1642 via
811 1586 1047 1658 majores
1090 1583 1258 1637 nostri
1298 1581 1581 1651 justiticati
1630 1589 1799 1634 sunt:
1839 1578 2101 1644 scriptum
2154 1588 2237 1632 est

678 1690 910 1744 namque
935 1693 950 1730 :
987 1673 1254 1730 tCredidit
1277 1670 1549 1724 Abraham
1577 1667 1705 1732 Deo,
1723 1679 1778 1725 et
1805 1675 2047 1736 reputata
2078 1676 2162 1722 est
2186 1668 2238 1722 ei

2337 595 2435 664 οὐχ
2470 597 2736 650 ἑνωθέντα
2769 594 2952 664 σαρκὶ,
2987 593 3079 643 καὶ
3117 591 3409 661 γενόμενον
3453 587 3762 657 ἄνθρωπον
3798 587 3922 638 οίκο-

2337 684 2612 752 νομικῶς;
2643 682 2772 738 Εἶτα
2799 683 2914 746 πῶς
2953 680 3112 734 τοῦτό
3140 682 3290 734 ὲστιν
3328 679 3574 750 ἁληθέςς
3629 675 3921 744 Διεκήρυξε

2338 774 2448 844 γὰρ
2481 775 2764 848 ἄνθρωπόν
2797 791 2854 827 τε
2883 771 3016 842 ὁμοῦ
3050 771 3145 825 καὶ
3172 771 3304 824 Θεὸν
3342 773 3438 825 τὸν
3479 769 3658 824 αὐτὸν
3692 765 3791 821 καὶ
3819 767 3919 830 ἕνα,

2338 863 2511 926 λέγων
2547 866 2670 922 Υίδν
2701 866 2794 921 καὶ
2821 863 3027 934 Κύριον
3063 861 3271 932 Ἰησοῦν
3299 863 3566 933 Χριστόν.

2414 1149 2434 1182 ι
2472 1131 2687 1194 Ειδότες
2713 1129 2768 1184 δὲ
2792 1130 2873 1182 ὅτι
2897 1127 2958 1180 οὐ
2989 1123 3291 1180 δικαιοῦται
3331 1121 3636 1193 ἄνθρωπος
3666 1123 3732 1189 ἐξ
3770 1123 3925 1192 ἔργων

2343 1222 2530 1292 νόμου,
2551 1222 2644 1275 ἐὰν
2671 1221 2745 1291 μὴ
2770 1220 2858 1274 διὰ
2881 1219 3115 1280 πίστεως
3142 1215 3320 1287 Ἰησοῦ
3343 1212 3595 1284 Χριστοῦ
3615 1230 3628 1242 ·
3654 1215 3761 1267 καὶ
3786 1216 3925 1279 ἡμεῖς

2339 1314 2419 1375 είς
2447 1311 2679 1382 Χριστὸν
2715 1307 2918 1378 Ἰησοῦν
2947 1305 3372 1376 ἐπιστεύσαμεν,
3405 1305 3497 1358 ἵνα
3539 1303 3926 1371 δικαιωθῶμεν

2339 1405 2402 1456 ὲκ
2431 1402 2663 1462 πίστεως
2689 1397 2947 1470 Χριστοῦ,
2982 1399 3077 1451 καὶ
3105 1398 3204 1450 οὑκ
3248 1397 3308 1461 ea
3350 1397 3536 1468 ἔργων
3585 1395 3793 1462 νόμου.
3829 1413 3845 1444 ›
3876 1394 3926 1444 Εἰ

2337 1493 2398 1545 τὸ
2428 1491 2714 1544 πιστεῦσαι
2759 1489 2878 1560 Θεῷ
2931 1489 3120 1558 μισθὸν
3147 1487 3261 1557 ἔχει
3295 1489 3392 1558 τὴν
3429 1487 3743 1540 δικαίωσιν
3787 1485 3925 1551 (δεδι-

2339 1585 2596 1640 καίωνται
2618 1582 2725 1652 γὰρ
2751 1581 2894 1635 οὓτω
2913 1583 3004 1636 καὶ
3026 1583 3074 1635 οἱ
3105 1581 3210 1650 πρὸ
3233 1583 3388 1650 ἡμῶν
3410 1599 3422 1610 ·
3451 1581 3790 1649 γέγραπται
3815 1579 3925 1646 γὰρ,

2337 1676 2416 1734 ὅτι
2461 1693 2478 1726 ι
2531 1674 2878 1726 Ἐπίστευσεν
2918 1672 3168 1743 Ἀϐραὰμ
3217 1672 3294 1740 τῷ
3329 1672 3469 1742 Θεῷ,
3513 1672 3618 1724 καὶ
3684 1669 3927 1737 ἐλογίσθη

679 1767 808 1820 ﬁdes
829 1767 892 1837 ad
907 1765 1170 1834 justitiam
1188 1762 1280 1832 “),
1295 1781 1312 1814 ι
1342 1762 1496 1834 122
1511 1761 1779 1832 quomodo
1801 1756 2114 1818 Emmanuel
2129 1772 2233 1814 non

2341 1763 2485 1832 αύτῷ
2517 1764 2595 1826 είς
2620 1762 2963 1832 δικαιοσύνην
2994 1765 3020 1833 ἡ
3052 1762 3232 1824 πίστις
3262 1763 3329 1830 ›)⁶
3364 1763 3483 1824 πῶς
3510 1765 3577 1815 οὺ
3609 1762 3753 1823 95b;
3775 1761 3928 1826 ὀῈμο

675 1867 756 1913 est
780 1831 942 1921 Deus,
974 1857 1019 1911 si
1043 1855 1256 1924 quidem
1299 1831 1485 1908 verum
1510 1831 1615 1918 est,
1648 1853 1790 1923 quod
1831 1853 1883 1908 in
1916 1852 2088 1921 ipsum
2120 1864 2237 1905 cre-

2345 1831 2605 1926 μανουὴλ,
2639 1855 2796 1924 εῐπερ
2828 1831 2974 1912 ἐστιν
3005 1831 3221 1923 ἀληθὲς,
3253 1852 3327 1915 ὼς
3355 1854 3434 1914 εἰς
3456 1855 3630 1905 αὑτὸν
3651 1851 3927 1904 πιστεύον

676 1951 861 2005 dentes
886 1947 1292 2020 iustiﬁcamur?

1059 2035 1144 2095 Ex
1175 2035 1416 2104 Epistula
1453 2035 1520 2091 ad
1558 2032 1834 2101 Ephesius.

751 2173 771 2205 ι
804 2154 860 2207 ln
890 2165 995 2220 quo
1020 2159 1073 2206 et
1100 2165 1216 2213 vos,
1255 2163 1376 2202 cum
1409 2148 1696 2202 audissetis
1736 2149 1954 2200 verbum
1999 2148 2241 2203 veritatis

677 2243 1032 2314 (evangelium
1062 2240 1251 2295 salutis
1286 2251 1477 2292 vestrae
1494 2246 1511 2306 )
1542 2240 1591 2291 in
1630 2253 1734 2304 quo
1763 2249 1816 2290 et
1848 2239 2134 2292 credentes
2166 2241 2240 2293 si-

675 2336 822 2404 gnati
873 2335 1002 2387 estis
1035 2331 1236 2399 Spiritu
1300 2330 1675 2396 promissionis
1739 2338 1958 2390 sancto,
2011 2332 2099 2397 qui
2160 2341 2243 2384 est

678 2432 871 2496 pignus
901 2422 1227 2476 haereditatis
1271 2430 1486 2485 nostrae,
1523 2421 1574 2472 iu
1608 2421 2026 2489 redemptionem
2059 2425 2242 2490 ncqui-

678 2516 909 2579 sitionis,
938 2514 989 2567 in
1021 2511 1234 2567 laudem
1280 2511 1465 2580 gloria:
1505 2511 1674 2578 ipsius
1701 2513 1767 2564 ⁸⁷.
1810 2531 1828 2563 ι
1879 2511 2035 2566 Plura
2082 2515 2240 2568 simul

674 2606 754 2686 sic
780 2611 1162 2675 proponuntur,
1196 2616 1260 2656 ex
1288 2600 1485 2671 quibus
1523 2602 1774 2671 colligere
1815 2604 1936 2657 licet
1966 2601 2237 2656 Christum

677 2713 864 2756 verum
910 2710 1030 2751 esse
1073 2697 1281 2762 Deum;
1335 2704 1495 2764 atque
1532 2699 1667 2751 adeo
1709 2701 1949 2751 onmium
1997 2697 2151 2751 tidem
2185 2697 2238 2750 iu

675 2792 849 2857 ipsum
882 2801 988 2841 nou
1018 2786 1148 2840 ferri
1185 2795 1439 2856 tanquam
1475 2787 1526 2838 iu
1556 2787 1828 2840 hominem
1880 2788 2044 2840 nostri
2088 2787 2239 2840 simi-

675 2880 805 2942 lem,
835 2875 930 2931 sed
970 2884 1222 2943 tanquam
1255 2873 1308 2927 in
1356 2889 1523 2928 unum
1562 2874 1887 2937 Dominum,
1924 2884 1978 2928 et
2021 2875 2238 2940 Filium,

674 2978 728 3020 et
757 2965 944 3021 Deum.
980 2964 1160 3017 Primo
1189 2977 1420 3031 namque
1456 2964 1567 3031 ipse
1597 2964 1787 3016 salutis
1831 2975 2029 3018 nostra:
2078 2977 2239 3018 evan-

675 3057 870 3126 gelium
892 3056 1127 3117 exsistit,
1161 3055 1212 3107 in
1255 3068 1418 3121 quem
1450 3055 1678 3122 proinde
1719 3054 1849 3107 ﬁdes
1896 3064 2076 3107 nostra
2127 3067 2241 3109 teu-

2341 1963 2429 2010 τες
2467 1945 2847 2014 δικαιούμεθα;

2727 2036 2820 2089 Ἐκ
2861 2034 2968 2103 τῆς
3007 2035 3155 2102 πρὸς
3195 2033 3530 2103 Ἐφεσίους.

2417 2174 2434 2205 ι
2458 2154 2545 2207 Ἐν
2568 2146 2612 2220 ᾧ
2639 2152 2969 2215 ἀκούσαντες
3011 2151 3107 2204 καὶ
3154 2152 3310 2220 ὑμεῖς
3336 2152 3427 2203 τὸν
3453 2149 3620 2216 λόγον
3651 2151 3761 2218 τῆς
3806 2151 3928 2219 ἀλη-

2342 2243 2508 2305 θείας,
2542 2241 2602 2295 τὸ
2635 2243 2948 2310 εὐαγγέλιον
2980 2243 3078 2310 τῆς
3109 2241 3381 2311 σωτηρίας
3414 2238 3600 2309 ὑμῶν,
3649 2239 3714 2292 ὲν
3759 2235 3803 2305 ᾦ
3845 2242 3930 2292 καὶ

2342 2331 2726 2394 πιστεύσαντες
2757 2331 3161 2401 ἐσφραγίσθητε
3191 2329 3270 2399 τῷ
3299 2330 3586 2400 Πνεύματι
3622 2329 3730 2398 τῆς
3772 2332 3930 2395 ἑπαγ-

2340 2423 2541 2490 γελίας,
2576 2422 2603 2473 ὅ
2634 2422 2740 2475 τῶν
2763 2421 2935 2487 ἁγίων
2959 2419 3105 2471 ἐστὶν
3131 2418 3391 2487 ἀρραϐὼν
3423 2423 3523 2488 τῆς
3554 2419 3928 2489 κληρονομίας

2342 2513 2608 2584 ηιμῦν,εις
2632 2511 3007 2576 ἀπολύτρωσιν
3029 2509 3128 2577 τῆς
3151 2510 3586 2577 περιποιήσεως,
3603 2511 3686 2572 είς
3715 2509 3928 2562 ἔπαινον

2341 2604 2500 2672 δόξης
2532 2602 2718 2656 αὐτοῦ.
2754 2621 2772 2652 ›
2811 2600 2988 2653 Πολλὰ
3035 2598 3176 2651 κατὰ
3217 2599 3383 2650 ταύτὸ
3414 2601 3475 2650 ὲν
3504 2602 3630 2660 ταῖς
3656 2600 3774 2652 τῶν
3802 2616 3928 2668 προ-

2341 2694 2610 2760 κειμένων
2637 2692 2867 2752 ὲννοίαις
2887 2689 3094 2759 κατίδοι
3115 2705 3200 2750 τις
3224 2688 3312 2752 ἂν,
3339 2687 3406 2740 δι’
3425 2682 3500 2742 ὥν
3527 2689 3717 2741 ἔνεστι
3749 2691 3928 2759 μαθεῖν

2339 2783 2420 2835 ὅτι
2441 2782 2574 2844 Θεὸς
2603 2780 2807 2850 ἀληθὴς
2831 2782 2859 2832 ὀ
2876 2779 3127 2849 Χριστὸς,
3151 2777 3246 2830 καὶ
3269 2777 3470 2847 ἠπαρὰ
3498 2778 3732 2830 πάντων
3759 2780 3926 2839 πίστις

2341 2875 2419 2936 εἰς
2449 2873 2610 2926 αὐτὸν
2641 2872 2740 2939 οὐχ
2760 2871 2834 2933 ὡς
2860 2871 2938 2932 είς
2967 2869 3063 2921 ἕνα
3097 2868 3207 2921 τῶν
3233 2869 3357 2921 καθ’
3384 2869 3534 2941 ἡμᾶς
3561 2869 3787 2933 ἁπλῶς,
3813 2871 3928 2922 ἀλλ’

2342 2967 2417 3026 ὼς
2451 2966 2530 3026 εἰς
2562 2964 2659 3015 ἕνα
2690 2961 2915 3032 Κύριον,
2947 2961 3039 3013 καὶ
3075 2960 3223 3023 Υίὸν,
3252 2960 3349 3014 καὶ
3381 2960 3534 3013 Θεόν.
3568 2961 3806 3040 Ιξρῶτον
3842 2964 3926 3031 μὲν

2343 3055 2451 3125 γὰρ
2467 3055 2629 3116 αὑτός
2644 3055 2757 3106 ἐστι
2785 3052 2847 3104 τὸ
2878 3049 3199 3118 εὐαγγέλιον
3221 3053 3320 3117 τῆς
3349 3049 3664 3120 σωτηρίας,
3687 3052 3750 3102 ὲν
3782 3045 3825 3118 ᾧ
3847 3054 3928 3103 καὶ

673 3151 765 3203 dat
798 3157 1048 3214 tanquam
1078 3145 1130 3198 in
1167 3146 1332 3200 Deum
1368 3161 1380 3197 :
1421 3143 1761 3213 subiungitur
1796 3160 1916 3197 mox
1955 3145 2075 3197 tidei
2108 3162 2237 3214 qun-

2345 3148 2378 3214 ή
2407 3146 2610 3208 πίστις,
2642 3144 2717 3207 ὡς
2750 3145 2830 3206 εις
2860 3142 2990 3195 Θεὸν
3017 3140 3282 3210 δηλονότι.
3302 3139 3625 3194 Ἀκολουθεῖ
3665 3142 3725 3193 δὲ
3756 3141 3818 3194 τὸ
3844 3143 3928 3209 τῆς

675 3253 779 3305 que
805 3239 1105 3306 praemium,
1139 3247 1264 3305 puta
1311 3237 1685 3305 promissionis
1722 3235 1975 3301 Spiritus,
2015 3237 2104 3303 qui
2146 3252 2239 3290 no-

676 3343 800 3382 Stre
837 3328 1163 3382 haereditatis
1209 3326 1443 3383 arrhabo
1490 3335 1603 3382 est:
1653 3326 1882 3393 denique
1923 3328 1987 3378 ad
2027 3327 2237 3380 laudem

675 3419 858 3486 gloria:
889 3416 1087 3470 Christi
1135 3415 1393 3484 redempti
1444 3415 1809 3483 perhibemur.
1852 3415 2099 3471 Redemit
2144 3433 2241 3469 au-

676 3519 783 3561 tem
820 3522 916 3562 nos
947 3521 1051 3561 non
1081 3516 1138 3560 ut
1171 3506 1405 3576 vulgaris
1427 3507 1611 3570 homo,
1641 3506 1733 3560 sed
1782 3518 1838 3558 ut
1888 3507 2025 3559 Deus
2071 3507 2238 3561 nostri

674 3613 837 3653 causa
871 3601 1204 3652 incarnatus.
1241 3597 1320 3650 Ad
1357 3599 1500 3651 hunc
1527 3597 1668 3650 enim
1701 3597 1913 3650 modqu
1948 3597 1999 3650 in
2030 3597 2236 3658 laudem

675 3690 856 3755 gloria:
889 3688 1031 3744 illius
1060 3689 1320 3744 cedimus.

751 3799 769 3831 ι
808 3778 976 3846 Hujus
1027 3777 1101 3832 rei
1156 3778 1330 3847 gratia
1383 3791 1481 3845 ego
1529 3776 1724 3830 Paulus
1773 3777 1987 3831 vinctus
2039 3777 2238 3832 Christi

673 3869 798 3925 .lesu
832 3884 928 3937 pro
953 3868 1106 3921 vobis
1131 3866 1402 3936 gentibus,
1440 3866 1482 3919 si
1536 3877 1710 3918 tamen
1756 3866 1982 3919 audistis
2021 3866 2238 3934 dispen-

675 3963 938 4014 sationem
970 3956 1152 4026 gratiae
1197 3954 1312 4020 Dei,
1341 3971 1460 4024 quas
1507 3955 1628 4009 data
1666 3964 1746 4009 cst
1781 3954 1910 4010 mihi
1961 3955 2012 4008 iu
2048 3956 2238 4009 vobis:

673 4049 926 4118 quoniam
968 4047 1261 4102 secundum
1303 4046 1684 4101 revelatiouem
1741 4055 1925 4099 notum
1981 4046 2110 4100 mihi
2157 4046 2236 4098 fa-

674 4152 820 4194 ctum
842 4149 924 4194 est
947 4147 1370 4201 sacramentum,
1394 4139 1536 4191 sicut
1563 4151 1724 4205 supra
1747 4135 1938 4203 scripsi
1971 4135 2024 4189 in
2051 4138 2233 4200 brevi,

675 4238 834 4296 prout
857 4229 1081 4298 potestis
1106 4226 1346 4297 legentes
1369 4226 1666 4296 intelligere
1693 4227 2032 4296 prudentiam
2063 4244 2236 4282 meam

674 4323 723 4371 tu
759 4319 1015 4389 mysterio
1055 4316 1252 4372 Christi
1273 4316 1338 4370 “.
1370 4337 1387 4368 ι
1426 4318 1538 4384 Qua
1582 4318 1863 4386 prudentia
1887 4359 1902 4383 ,
1938 4333 2112 4387 quave
2163 4319 2242 4372 di-

675 4412 798 4464 vina
828 4424 960 4478 opus
991 4418 1106 4464 erat
1125 4408 1486 4478 pate‘l‘actione
1514 4410 1576 4462 ad
1601 4410 1915 4478 mysterium
1948 4410 2050 4464 hoc
2079 4409 2238 4465 Chri-

2343 3236 2577 3296 πίστεως
2606 3235 2796 3305 γέρας,
2828 3233 3073 3286 τουτέστι
3103 3231 3162 3283 τὸ
3189 3230 3412 3299 Πνεῦμα
3439 3230 3540 3297 τῆς
3575 3232 3926 3298 ἐπαγγελίας,

2340 3325 2368 3374 ὁ
2397 3325 2493 3393 τῆς
2535 3325 2899 3394 κληρονομίας
2932 3323 3087 3396 ἡμῶν
3131 3320 3420 3392 ἀρραϐών·
3470 3320 3926 3392 ἑκλελυτρὼμεθα

2341 3416 2449 3484 γὰρ
2479 3417 2558 3478 είς
2589 3416 2810 3469 ἔπαινον
2856 3415 3014 3486 δόξης
3055 3412 3312 3483 Χριστοῦ.
3349 3412 3573 3467 Σέσωκε
3630 3414 3745 3482 γὰρ
3799 3416 3926 3483 ἡμεῖς

2341 3508 2438 3576 οὺχ
2467 3507 2542 3568 ὼς
2580 3508 2861 3577 ἄνθρωπος
2909 3505 3107 3569 κοινὸς,
3135 3505 3248 3558 ἀλλ’
3278 3504 3354 3566 ὼς
3387 3503 3525 3567 Θεὸς
3557 3507 3622 3556 ὲν
3660 3508 3827 3576 σαρκὶ
3858 3523 3927 3572 γε-

2341 3597 2513 3664 γονὼς
2545 3597 2609 3650 δι’
2636 3600 2801 3668 ἡμᾶς.
2828 3597 2984 3650 Οῦτω
3016 3595 3126 3667 γὰρ
3170 3597 3251 3660 είς
3287 3595 3514 3649 ἔπαινον
3551 3595 3806 3664 ἐσόμεθα
3844 3597 3926 3663 τῆς

2342 3689 2500 3758 δόξης
2527 3689 2716 3744 αὑτοῦ.

2421 3799 2438 3829 ι
2467 3779 2672 3832 Τούτου
2707 3779 2866 3850 χάριν
2898 3777 3008 3845 ἐγὼ
3031 3776 3245 3840 Παῦλος
3266 3778 3292 3830 δ
3320 3776 3546 3848 δέσμιος
3577 3778 3678 3830 τοῦ
3709 3776 3923 3848 Χριστῷ

2354 3868 2527 3940 Ἰησοῦ
2562 3869 2700 3936 ὑπὲρ
2735 3869 2886 3939 ὑμῶν
2921 3869 3028 3922 τῶν
3067 3867 3260 3930 ὲθνῶν,
3308 3866 3362 3918 εῐ
3409 3883 3475 3932 γε
3519 3869 3808 3934 ἠκούσατε
3844 3869 3924 3936 τὴν

2340 3961 2653 4030 οἰκονομίαν
2687 3961 2788 4029 τῆς
2821 3960 3038 4030 χάριτος
3069 3959 3166 4012 τοῦ
3207 3957 3342 4011 Θεοῦ
3387 3958 3494 4029 τῆς
3541 3959 3806 4029 δοθείσης
3849 3978 3921 4028 μοι

2341 4052 2420 4112 εἰς
2470 4051 2634 4119 ὑμᾶς,
2669 4051 2748 4102 ὃτι
2799 4050 2940 4103 κατὰ
2982 4047 3325 4116 ἀποκάλυψιν
3373 4048 3703 4120 ἐγνωρίσθη
3763 4069 3845 4119 μοι
3878 4050 3924 4099 τὸ

2347 4143 2663 4211 μυστήριον,
2695 4141 2875 4203 καθὼς
2908 4139 3232 4210 προέγραψα.
3260 4142 3316 4191 έν
3343 4139 3516 4208 ὀλίγῳ
3537 4155 3551 4169 ο
3587 4141 3737 4210 πρὸς
3785 4143 3809 4194 ὃ
3852 4141 3922 4192 δύο

2343 4232 2504 4286 νασθε
2529 4234 2996 4299 ἀναγινωσκοντες
3028 4227 3218 4300 νόἦσαι
3249 4231 3348 4301 τὴν
3382 4229 3614 4283 σύνεσίν
3648 4250 3757 4303 μου
3789 4234 3840 4284 ἐν
3864 4231 3923 4298 τῷ

2348 4326 2626 4395 μυστηρίῳ
2667 4323 2759 4376 τοῦ
2800 4320 3062 4390 Χριστοῦ,
3094 4341 3112 4372 ι
3150 4323 3285 4374 Ποία
3319 4323 3600 4386 συνέσεως
3642 4326 3826 4394 χρεία,
3851 4324 3923 4373 xxi

2345 4415 2733 4484 ἀποκαλύψεως
2755 4415 2853 4483 τῆς
2878 4414 3028 4485 παρὰ
3055 4414 3188 4466 Θεοῦ
3224 4414 3359 4483 πρὸς
3385 4415 3446 4466 τὸ
3478 4417 3861 4486 γνωρισθῆναι

672 4505 740 4556 sti
771 4502 1230 4572 perspiciendum,
1263 4500 1553 4569 siquidem
1595 4515 1690 4568 per
1735 4516 1793 4554 se
1834 4502 1993 4555 homo
2033 4510 2236 4554 tantmn

2348 4509 2641 4577 μυστήριον
2676 4503 2769 4557 τοῦ
2810 4503 3070 4574 Χριστοῦ,
3112 4505 3269 4575 εἴπερ
3314 4505 3466 4557 ἐστὶν
3517 4506 3821 4576 ἄνθρωπος
3851 4506 3926 4558 5'3:-

671 4602 774 4657 est,
804 4608 833 4645 a
865 4593 958 4646 Dei
997 4591 1170 4646 Verbo
1199 4592 1415 4645 omnino
1457 4589 1730 4656 seiunctus
1753 4630 1767 4653 ,
1801 4591 1942 4644 nuda
1983 4604 2239 4658 persona-

675 4699 791 4738 rum
845 4683 1043 4736 unione
1088 4683 1512 4736 cohonestatus?
1559 4681 1695 4747 Quid
1750 4683 1890 4736 enim
1933 4682 2236 4736 abstrusum

678 4775 858 4838 habet,
892 4781 982 4827 aut
1015 4788 1134 4841 quae
1162 4772 1442 4826 dillicultas
1479 4784 1560 4826 est
1599 4773 1664 4826 de
1704 4773 1909 4841 vulgari
1951 4773 2236 4840 quopiam,

678 4865 953 4933 nostrique
985 4863 1144 4918 simili
1178 4864 1396 4917 homine
1429 4864 1725 4933 intelligere
1757 4866 1895 4932 quod
1933 4865 2001 4917 sit
2039 4863 2235 4916 homo?

675 4962 744 5010 At
767 4970 891 5010 vere
923 4955 1266 5026 profundum,
1298 4956 1564 5023 planeque
1613 4971 1861 5024 magnum
1909 4963 1988 5009 est
2026 4956 2127 5008 hoc
2155 4971 2232 5009 sa-

677 5057 1033 5111 cramentum,
1072 5048 1116 5099 si
1154 5045 1291 5098 Deus
1331 5045 1562 5099 Verbum
1613 5047 1768 5099 nobis
1817 5045 1992 5102 simile
2040 5045 2235 5098 factum

677 5146 921 5205 ponatur.
979 5135 1111 5189 Cum
1164 5137 1326 5205 igitur
1380 5135 1578 5188 eximia
1638 5136 1834 5189 mentis
1888 5135 2240 5202 intelligentia

2343 4597 2472 4658 κῶς,
2515 4597 2608 4652 καὶ
2637 4595 2947 4665 ὁλοτρόπως
2976 4596 3383 4665 κεχωρισμένος
3424 4593 3523 4647 τοῦ
3560 4595 3710 4649 Θεοῦ
3753 4599 3926 4662 Λόγου.

2337 4686 2464 4755 ψιλῇ
2500 4685 2804 4757 προσώπων
2833 4684 3022 4737 ὲνώσει
3053 4677 3457 4754 τετιμημένοςξ
3488 4685 3560 4737 Τί
3593 4688 3714 4757 γὰρ
3749 4689 3856 4756 ἔχει
3884 4687 3929 4737 τὸ

2347 4776 2750 4845 κεκρυμμένον.
2782 4776 2815 4844 ἢ
2851 4779 3003 4828 ποῖον
3028 4774 3165 4837 ὅλως
3191 4776 3250 4827 τὸ
3299 4775 3596 4844 δυσχερὲς,
3637 4778 3706 4830 τὸ
3760 4782 3928 4847 νοῆται

2345 4867 2504 4935 τυχὸν
2538 4867 2666 4936 περὶ
2698 4865 2816 4929 ένὸς
2861 4866 2954 4920 τοῦ
3005 4865 3128 4920 καθ’
3163 4866 3310 4935 ἡμᾶς
3357 4865 3692 4936 ἀνθρώπου,
3730 4870 3811 4922 ὅτι
3860 4870 3928 4921 ἇν-

2347 4956 2560 5028 Ορωπός
2585 4959 2732 5023 seu;
2760 4956 2904 5010 Βαθὺ
2929 4956 2985 5009 δὲ
3007 4957 3102 5010 καὶ
3131 4957 3273 5025 μέγα
3294 4957 3353 5007 τὸ
3381 4959 3728 5028 μυστήριον,
3756 4962 3802 5011 εί
3827 4959 3925 5009 καθ’

2346 5049 2488 5117 ἡμᾶς
2519 5048 2767 5114 γενέσθαι
2813 5047 3025 5114 λέγοιτο
3067 5046 3198 5109 Θεὸς
3243 5048 3510 5117 ὑπάρχων
3544 5051 3574 5101 ὁ
3604 5051 3923 5118 Λόγος.”οτε

2347 5142 2522 5192 τοίνυν
2558 5142 2604 5191 οἱ
2637 5139 2818 5206 βαθεῖς
2846 5142 2923 5202 εἰς
2954 5140 3192 5203 σύνεσιν,
3223 5140 3314 5190 καὶ
3351 5140 3448 5207 τὴν
3471 5137 3630 5191 θείαν
3663 5140 3922 5193 ἀποκάλ-

675 5229 870 5293 ornati,
905 5227 1191 5293 divinaque
1243 5225 1565 5277 revelatinne
1605 5224 1853 5277 illustrati
1880 5263 1894 5288 ,
1928 5226 2237 5293 mysterium

2343 5232 2432 5299 tim
2471 5232 2781 5299 ἐσχηκότες,
2818 5231 2891 5292 ὡς
2925 5230 3067 5282 θεῖον
3096 5233 3227 5299 ἡμῖν
3262 5232 3570 5297 μυστήριον
3621 5230 3924 5300 παραδεδω-

674 5319 870 5371 Christi
939 5317 1101 5371 veluti
1152 5317 1388 5368 divinum
1443 5315 1708 5382 quoddam
1777 5324 2038 5367 secretmn
2091 5315 2237 5367 nobis

2347 5340 2471 5373 κασι
2506 5323 2564 5372 τὸ
2598 5321 2833 5391 Χριστοῦ
2864 5323 3184 5391 μυστήριον,
3228 5321 3320 5372 καὶ
3355 5323 3434 5382 είς
3469 5321 3642 5373 αὑτὸν
3674 5325 3707 5391 ἡ
3740 5324 3921 5380 πίπτῖς,

678 5411 1019 5470 tradiderint,
1079 5408 1316 5472 ﬁdesque
1376 5407 1426 5456 in
1478 5405 1622 5455 illum
1663 5413 1916 5469 tanquam
1968 5405 2018 5456 iu
2073 5404 2237 5456 Deum

2345 5415 2416 5475 ὡς
2449 5416 2524 5474 εἰς
2554 5413 2683 5466 Θεὸν
2704 5413 2964 5482 δηλονότι·
2998 5415 3112 5474 πῶς
3143 5414 3240 5463 οὐκ
3278 5413 3342 5463 ἃν
3367 5416 3453 5480 εἴη
3480 5413 3618 5475 Θεύς
3643 5434 3654 5474 ;

677 5502 874 5562 tendat,
913 5501 1180 5568 quomodo
1206 5499 1449 5551 Christus
1478 5513 1578 5548 non
1607 5507 1686 5549 est
1713 5496 1882 5550 Deus?

749 5593 900 5660 123
920 5594 1070 5643 Aliud
1105 5593 1226 5642 huic
1246 5590 1438 5651 simile,
1460 5600 1512 5640 et
1530 5590 1766 5642 eumdem
1792 5590 1994 5641 habens
2023 5599 2237 5642 sentem

2409 5591 2576 5640 ,Ἄλλο
2609 5590 2778 5656 τούτῳ
2812 5591 3146 5659 προσεοικὸς,
3183 5591 3276 5642 καὶ
3317 5591 3414 5658 τὴν
3465 5593 3639 5658 alti-pa
3670 5593 3785 5661 ἕλον
3817 5592 3914 5642 6:1-

745 5743 789 5772 ⁵³
816 5746 986 5799 Galat.
1019 5763 1075 5805 ll,
1108 5743 1186 5794 lii.
1267 5744 1311 5772 “
1338 5743 1492 5793 lium.
1531 5757 1600 5803 tv,
1628 5743 1675 5793 ὖ.
1752 5742 1792 5770 ⁵⁷
1816 5743 2012 5807 Ephes.
2054 5758 2087 5802 ι,
2129 5744 2209 5805 15,

2416 5745 2457 5769 Μ
2481 5744 2675 5808 lipltes.
2715 5758 2793 5807 ill,
2828 5745 2938 5797 1-4.
