4040 6470
183 395 299 448 1329

1234 395 1321 449 DE
1364 392 1585 450 RECTA
1629 390 1780 448 FIDE
1819 394 1908 448 AD
1949 395 2266 451 REGINAS.

3251 398 3389 455 1350

182 531 323 567 νοιαν·
362 532 379 564 ι
403 515 556 584 Ἐμοὶ
588 513 665 584 τῷ
708 515 1105 585 ἐλαχιστοτέρῳ
1155 514 1370 568 πάντων
1410 517 1518 569 τῶν
1547 515 1716 582 ἁγίων

1824 515 1891 569 tia
1901 533 2000 569 nm
2013 516 2137 570 Mihi
2155 516 2395 569 omnium
2412 522 2719 568 sanctorum
2740 514 2962 571 minimo
2977 516 3102 570 data
3116 525 3198 573 est
3215 520 3385 588 gratia

64 652 73 679 ι.
181 606 311 676 ἐδόθη
340 609 367 674 ή
394 608 553 676 χάρις
582 605 741 675 αὕτη,
779 608 837 657 ὲν
874 608 986 667 τοῖς
1028 604 1235 657 ἔθνεσιν
1263 604 1718 674 εὐαγγελίσασθαι

68 764 69 771 γ
178 698 257 749 τὸν
280 697 667 766 ἀνεξιχνίαστον
698 696 929 749 πλοῦτον
951 694 1044 747 τοῦ
1069 696 1327 764 Χριστοῦ,
1354 696 1448 750 καὶ
1483 694 1715 763 φωτίσαι

180 788 383 849 πάντας,
408 788 491 850 τίς
522 789 554 858 ὴ
587 788 868 856 οἰκονομία
913 786 1209 855 μυστηρίου
1242 786 1336 838 τοῦ
1367 788 1721 856 ἀποκεκρυμο

182 876 321 944 μένου
345 876 447 928 ἀπὸ
474 876 583 929 τῶν
604 875 816 929 αίώνων
845 876 903 927 ιν
926 874 1002 945 τῷ
1034 873 1172 944 Θεῷ,
1202 873 1280 945 τῷ
1306 874 1375 928 τὰ
1402 876 1578 928 πάντα
1604 875 1723 928 κτί-⁵

181 980 333 1017 σαντι.
358 982 376 1014 1

248 1074 265 1105 ι
291 1058 347 1107 Ol
369 1054 578 1123 ἄνδρες,
609 1052 792 1124 φησὶν,
817 1055 1068 1121 ἀγαπᾶτε
1098 1053 1197 1117 τὰς
1233 1058 1514 1122 γυναῖκας,
1539 1053 1720 1118 καθὼς

179 1145 307 1197 καὶὸ
337 1144 563 1213 Χριστὸς
592 1144 844 1212 ἠγάπησε
878 1144 974 1213 τὴν
1014 1143 1363 1213 Ἐκκλησίαν,
1398 1146 1491 1198 καὶ
1532 1144 1723 1198 ἑαυτὸν

177 1234 469 1304 παρέδωκεν
516 1233 656 1303 ὑπὲρ
689 1232 884 1301 αὐτῆς,
917 1233 1006 1286 ἵνα
1041 1233 1209 1301 αὐτὴν
1241 1235 1467 1305 ἁγιάσῃ,
1496 1234 1721 1305 καθαρί-

178 1339 268 1384 σας
305 1321 379 1390 τῷ
421 1321 632 1391 λουτρῷ
669 1321 764 1374 τοῦ
803 1321 992 1384 ὓδατος
1018 1324 1074 1374 ὲν
1107 1324 1330 1392 ῥήματι.
1364 1342 1381 1373 ι
1419 1326 1579 1377 Ποῖον
1616 1326 1724 1395 ἄρα

176 1413 281 1464 ἐστὶ
318 1412 375 1465 τὸ
410 1413 561 1482 ῥῆμα
591 1415 649 1463 ὲν
680 1405 723 1479 ᾧ
754 1412 1162 1483 ηκαθάρμεθα,
1199 1413 1629 1482 ἀπολουσάμενοι
1663 1415 1725 1468 τὸ

177 1502 322 1571 σῶμα
343 1501 490 1554 ὕδατι
521 1501 768 1571 καθαρῷ,
802 1504 834 1571 ἢ
858 1503 1075 1565 πάντως
1104 1503 1296 1568 ἐκεῖνο,
1320 1506 1447 1573 περὶ
1472 1500 1533 1558 οὗ
1561 1522 1723 1576 φησιν

173 1595 198 1645 6
227 1594 497 1656 θεσπέσιος
532 1592 765 1656 Παῦλος,
798 1594 880 1646 ὅτι
914 1612 932 1644 ι
962 1594 1133 1646 Τοῦτό
1175 1596 1291 1647 ἐστι
1334 1595 1397 1647 τὸ
1443 1598 1594 1666 ῥῆμα
1624 1599 1724 1669 τῆς

175 1681 392 1746 πίστεως
433 1679 462 1735 6
505 1683 879 1753 κηρύσσομεν,
917 1684 997 1736 ὅτι
1046 1684 1139 1737 ἐὰν
1185 1684 1526 1758 ὁμολογήσῃς
1561 1689 1617 1739 ὲν
1646 1687 1725 1758 τῷ

175 1773 388 1842 στόματί
420 1791 510 1825 σου
537 1774 739 1843 Κύριον
773 1774 977 1843 Ἰησοῦν
1013 1776 1267 1845 Χριστὸν,
1295 1777 1389 1831 καὶ
1427 1777 1724 1851 πιστεύσῃς

1821 607 1953 667 haec,
1984 608 2036 660 in
2060 607 2311 676 gentibus
2335 606 2711 676 evangelizare
2740 606 3138 678 investigabiles
3170 608 3388 666 divitias

1818 698 2041 761 Christi,
2088 706 2140 751 et
2183 697 2491 752 illuminare
2536 711 2726 753 omnes
2764 712 2886 767 quae
2936 700 3011 752 sit
3056 698 3391 768 dispensatio

1819 787 2147 841 sacramenti
2180 786 2481 843 absconditi
2508 802 2539 842 a
2574 787 2787 844 saecuiis
2814 788 2867 844 in
2900 787 3041 855 Deo,
3071 788 3166 860 qui
3205 791 3387 847 omnia

1820 879 2023 933 creavit
2045 878 2113 932 ⁵⁸.
2154 896 2173 929 ›

1896 1074 1916 1107 ι
1956 1054 2093 1119 Viri,
2136 1054 2344 1123 inquit,
2384 1052 2588 1122 diligite
2636 1065 2832 1108 uxores
2879 1061 3110 1120 vestras,
3153 1054 3294 1111 sicut
3333 1065 3390 1110 et

1820 1144 2073 1200 Christus
2096 1144 2286 1199 dilexit
2318 1142 2639 1208 Ecclesiam,
2674 1152 2733 1197 et
2779 1144 3129 1212 semetipsum
3169 1145 3391 1200 tradidit

1822 1254 1919 1307 pro
1945 1254 2035 1302 ea,
2066 1248 2127 1292 ut
2156 1237 2301 1291 illam
2345 1235 2711 1290 sanctiﬁcaret
2734 1275 2750 1300 ,
2786 1235 3051 1289 mundatis
3080 1245 3200 1290 eam
3239 1230 3391 1288 lava-

1822 1344 1916 1382 cro
1956 1342 2109 1397 aqua:
2147 1326 2200 1379 in
2244 1325 2406 1379 verbo
2451 1327 2571 1380 vita:
2600 1325 2670 1377 σθ.
2715 1344 2734 1376 ι
2775 1324 2979 1395 Ecquid
3019 1324 3198 1390 aliud,
3231 1325 3390 1380 obse-

1822 1434 1939 1484 cro,
1990 1416 2210 1472 verbum
2255 1426 2378 1481 est,
2415 1431 2512 1484 per
2555 1417 2700 1484 quod
2744 1430 2970 1485 corpore
3020 1431 3158 1485 aqua
3191 1416 3390 1473 munda

1823 1511 2003 1563 abluto
2037 1522 2354 1577 purgamur,
2387 1520 2547 1575 quam
2579 1507 2706 1560 illud
2743 1507 2937 1574 ipsum,
2969 1506 3037 1560 de
3068 1521 3178 1575 quo
3201 1508 3390 1562 beatus

1824 1596 2021 1651 Paulus
2040 1596 2146 1650 alio
2180 1596 2401 1651 locoita
2430 1594 2655 1650 scribit:
2689 1615 2706 1648 ι
2741 1595 2853 1651 Hoc
2884 1606 2967 1651 est
3000 1599 3221 1653 verbum
3265 1598 3387 1652 ﬁdei

1824 1688 1961 1756 quod
2003 1687 2358 1757 praedicamus
2386 1700 2401 1738 :
2430 1687 2575 1754 -quia
2616 1688 2660 1741 si
2710 1688 3018 1743 conﬁtearis
3060 1687 3114 1741 in
3155 1701 3252 1742 ore
3298 1694 3389 1740 tuo

1830 1779 2111 1833 Dominum
2133 1776 2342 1840 Jesum,
2372 1786 2426 1830 et
2459 1777 2511 1830 in
2565 1778 2727 1832 corde
2772 1786 2865 1831 tuo
2904 1776 3200 1833 credideris
3246 1776 3388 1845 quod

171 1867 225 1915 ὲν
246 1867 303 1934 τῇ
327 1866 517 1935 καρδίᾳ
540 1883 654 1930 σου,
684 1868 763 1918 ὅτι
786 1867 812 1918 6
829 1867 959 1929 Θεὸς
984 1844 1145 1919 αὑτὸν
1170 1867 1388 1938 ἤγειρεν
1406 1870 1468 1920 ὲκ
1492 1844 1723 1939 νεκρῶν,

1831 1873 1970 1926 Deus
2001 1870 2148 1925 illum
2174 1870 2455 1925 suscitavit
2487 1884 2517 1922 a
2546 1869 2806 1933 mortuis,
2844 1867 3024 1924 salvus
3051 1870 3179 1924 eris.
3215 1844 3392 1923 Corde

172 1954 399 2025 σωθήσῃ,
449 1956 662 2025 Καρδίᾳ
712 1956 819 2025 γὰρ
870 1958 1185 2011 πιστεύεται
1232 1961 1311 2023 είς
1354 1959 1723 2030 δικαιοσύνην,

171 2046 386 2115 στόματι
417 2046 473 2099 δὲ
517 2047 853 2116 ὁμολογεῖται
903 2050 983 2113 εἰς
1031 2050 1344 2120 σωτηρίαν;
1378 2069 1395 2102 ι
1432 2052 1638 2104 Οὐκοῦν
1676 2054 1723 2105 εί

168 2137 390 2206 Χριστὸν
432 2137 815 2206 ὁμολογοῦντες
864 2142 921 2193 ἐν
970 2145 1149 2194 πίστει
1182 2142 1484 2212 σωζόμεθα,
1517 2143 1635 2205 πῶς
1662 2144 1722 2195 οὐ

1827 1966 1968 2018 enim
2009 1962 2248 2017 creditur
2273 1961 2341 2015 ad
2362 1960 2651 2029 justitiam,
2680 1974 2774 2014 ore
2798 1968 2982 2014 autem
3026 1959 3086 2012 ﬁt
3124 1957 3389 2014 confessio

1825 2057 1892 2108 ad
1926 2053 2154 2108 salutem
2191 2052 2255 2105 “.
2295 2070 2313 2102 ι
2346 2050 2400 2105 Si
2434 2051 2615 2120 itaque
2639 2050 2913 2105 Christum
2946 2049 3262 2119 proﬁtentes
3294 2063 3390 2117 per

1826 2145 1982 2197 ﬁdem
2011 2144 2305 2208 salvamur,
2328 2143 2661 2212 verbumque
2689 2140 2811 2195 ﬁdei
2836 2142 2900 2195 de
2925 2138 3014 2195 illo
3044 2139 3387 2209 praedicatum

166 2226 290 2288 Θεὸς
321 2225 522 2295 ἀληθής
552 2228 717 2292 ἐστιν,
753 2230 831 2290 είς
864 2228 923 2281 ὃν
956 2231 1016 2283 τὸ
1046 2232 1144 2301 τῆς
1178 2232 1408 2296 πίστεως
1444 2235 1491 2285 εί
1518 2233 1725 2301 γένοιτο

168 2317 332 2387 ῥῆμα,
365 2317 754 2389 κεκαθάρμεθά
786 2334 844 2370 τε
880 2321 974 2373 καὶ
1008 2323 1351 2391 ὴγιάσμεθα;

1825 2233 2088 2302 complexi
2125 2246 2416 2301 purgamur
2454 2242 2508 2286 et
2549 2231 2985 2295 sanctiﬁcamur,
3039 2228 3309 2298 quomodo
3346 2230 3391 2284 is

1824 2336 1983 2379 verus
2010 2323 2149 2378 Deus
2177 2338 2280 2377 non
2314 2323 2435 2377 est?

486 2431 586 2485 Ἐκ
618 2428 725 2499 τῆς
758 2430 909 2498 πρὸς
939 2434 1409 2499 Φιλιππησίους.

2183 2434 2263 2491 Ea,
2291 2436 2526 2505 Epistola
2556 2437 2623 2488 ad
2658 2435 3039 2505 Philippenses.

1903 2568 1921 2600 ι
1958 2547 2097 2614 Quid
2129 2547 2309 2600 enim?
2341 2546 2557 2615 (inquit)
2590 2545 2723 2599 Dum
2757 2544 2903 2596 omni
2945 2540 3122 2607 modo,
3156 2540 3268 2594 sive
3298 2554 3391 2607 per

1827 2641 2187 2703 occasionem,
2216 2639 2329 2691 sive
2362 2652 2455 2704 per
2492 2635 2769 2689 veritatem
2816 2634 3065 2689 Christus
3110 2630 3391 2684 annuntie-

1830 2738 1917 2781 tur
1946 2728 2009 2779 “.
2052 2745 2070 2778 ι
2130 2726 2378 2794 Nunquid
2423 2736 2480 2779 ut
2515 2725 2674 2779 homo
2723 2726 2900 2780 divina
2950 2723 3122 2791 gratia
3172 2730 3393 2775 ornatus

1828 2817 2029 2869 mundo
2058 2815 2450 2869 annuutietur?
2497 2816 2656 2883 Atqui
2706 2815 2935 2867 mundus
2981 2812 3253 2867 Christum
3298 2824 3393 2879 per

153 2908 223 2975 τῇ
268 2906 449 2958 πίστει
479 2904 809 2976 τετιμηκώς.
868 2906 992 2969 Πῶς
1047 2902 1140 2960 οῦν
1179 2908 1239 2960 οὐ
1270 2908 1421 2973 Θεὸς,
1466 2910 1494 2961 ὁ
1520 2910 1576 2962 ὲν
1600 2908 1723 2981 δόξῃ

1828 2907 1985 2960 ﬁdem
2017 2905 2219 2971 colens,
2244 2906 2310 2957 ad
2342 2905 2433 2959 Dei
2467 2906 2791 2974 agnitionem
2820 2904 3081 2958 adductus
3104 2911 3205 2958 est.
3244 2901 3391 2968 Quo-

152 2998 409 3068 θεότητος
422 2997 496 3069 τῷ
525 3000 713 3069 κόσμῳ
734 2997 1263 3070 καταγγελλομενος;

1831 2997 1986 3050 modo
2015 2996 2059 3049 is
2091 3010 2220 3063 ergo
2256 2994 2396 3049 Deus
2429 3012 2530 3048 non
2558 3006 2662 3062 est,
2684 2997 2771 3063 qui
2822 2996 2874 3049 in
2918 2995 3112 3050 divinas
3144 2994 3391 3062 majesta-

1833 3088 1901 3141 tis
1932 3086 2105 3154 gloria
2134 3087 2330 3140 mundo
2356 3086 2673 3155 praedicatus
2701 3088 2825 3141 est?

230 3196 252 3229 ι
280 3178 711 3241 -Συναθλοῦντες,
748 3178 903 3249 φησι,
938 3181 1003 3249 τῇ
1033 3180 1213 3234 πίστει
1267 3181 1359 3235 τοῦ
1388 3181 1721 3250 Εὐαγγελίου

1902 3196 1921 3229 ι
1955 3178 2356 3232 Collaborantes
2403 3177 2521 3231 ﬁdei
2558 3176 2829 3248 Evangelii
2878 3177 2975 3248 (ει
3022 3178 3074 3233 in
3108 3178 3255 3233 nullo
3285 3186 3394 3234 ter-

151 3269 275 3337 (καὶ
298 3267 372 3338 μὴ
396 3268 722 3336 πτυρόμενοι
740 3270 795 3320 ὲν
819 3270 1008 3337 μηδενὶ
1024 3270 1126 3321 ὑπὸ
1152 3272 1257 3323 τῶν
1280 3274 1718 3343 ἀντικειμένων),

1830 3270 2053 3324 rcamini
2080 3270 2147 3321 ab
2173 3268 2541 3337 adversariis),
2577 3283 2695 3337 quae
2728 3268 2832 3322 illis
2867 3283 3025 3324 causa
3075 3270 3393 3338 perditionis

145 3360 276 3429 ἥτις
324 3358 508 3420 αὐτοῖς
564 3356 662 3425 μέν
712 3360 859 3409 ἐστιν
914 3357 1133 3422 ἔνδειξις
1163 3362 1462 3425 ἀπωλείας,
1511 3366 1638 3433 ὑμῖν
1670 3366 1723 3419 δὲ

1826 3367 1933 3421 est,
1965 3358 2116 3411 vobis
2150 3365 2326 3410 autem
2358 3357 2545 3410 salutis
2570 3399 2585 3421 ,
2627 3366 2679 3409 et
2712 3359 2812 3411 hoc
2839 3373 2867 3409 a
2902 3357 3012 3413 Deo
3039 3375 3054 3413 :
3085 3362 3206 3427 quia
3241 3358 3392 3413 vobis

148 3448 453 3519 σωτηρίας,
494 3447 589 3500 καὶ
620 3445 775 3498 τοῦτο
822 3447 929 3499 ἀπὸ
959 3448 1091 3501 Θεοῦ
1120 3468 1131 3479 ·
1167 3451 1247 3502 ὃτι
1287 3454 1413 3519 ὑμῖν
1464 3455 1723 3524 ἐχαρίσθη

1828 3450 2083 3502 donatum
2112 3455 2194 3501 est
2224 3460 2321 3514 pro
2345 3446 2587 3512 Christo,
2620 3461 2724 3500 non
2750 3447 2921 3501 solum
2954 3457 3009 3501 ut
3037 3449 3087 3500 iu
3116 3463 3238 3502 cum
3272 3464 3393 3503 cre-

142 3558 209 3591 το
245 3540 389 3609 ὑπὲρ
422 3534 679 3609 Χριστοῦ,
717 3538 776 3588 οὐ
816 3537 972 3606 μόνον
999 3539 1063 3590 τὸ
1108 3542 1186 3602 είς
1238 3542 1399 3593 αὑτὸν
1430 3544 1723 3608 πιστεύειν,

1828 3538 1987 3602 datis,
2020 3538 2113 3591 sed
2147 3544 2203 3590 ut
2236 3536 2397 3590 etiam
2439 3549 2535 3606 pro
2578 3537 2667 3591 illo
2718 3538 2994 3607 patiamini
3029 3540 3092 3593 ⁸³.
3135 3559 3154 3592 ι
3200 3539 3257 3594 Si
3294 3541 3394 3595 hoc

143 3630 289 3682 ἀλλὰ
319 3629 506 3683 καὶτὸ
542 3628 681 3700 ὑπὲρ
725 3627 888 3680 αὐτοῦ
935 3630 1182 3699 πάσχειν.
1224 3650 1240 3681 ι
1298 3632 1359 3684 Ei
1402 3635 1465 3685 ὲν
1507 3636 1723 3703 χάριτος

1828 3642 1856 3677 a
1897 3627 2006 3680 Deo
2038 3626 2089 3678 iu
2116 3626 2302 3695 gratiae
2352 3627 2472 3681 loco
2505 3627 2799 3695 accipimus
2821 3668 2834 3692 ,
2870 3628 3010 3695 quod
3042 3630 3091 3682 in
3121 3629 3390 3683 Christum

146 3722 316 3792 μέρει
342 3721 607 3791 δεχόμεθα
650 3720 799 3789 παρὰ
832 3718 967 3772 Θεοῦ
1002 3722 1062 3773 τὸ
1094 3722 1368 3774 πιστεύειν
1397 3726 1452 3776 ὲν
1483 3724 1723 3795 Χριστῷ,

1826 3713 2119 3775 credimus,
2174 3729 2346 3780 neque
2390 3729 2485 3782 per
2538 3714 2636 3767 hoc
2680 3716 2730 3767 in
2770 3723 3008 3771 errorem
3055 3717 3390 3781 abducimur,

139 3814 207 3864 οὐ
243 3811 642 3884 πεπλανήμεθα
673 3810 729 3863 δὲ
760 3810 847 3863 διὰ
880 3810 1038 3864 τοῦτο
1083 3812 1304 3881 μᾶλλον,
1335 3814 1450 3867 ἀλλ’
1480 3815 1723 3882 ἐγνώκα-

1826 3804 1920 3857 sed
1946 3804 1999 3857 in
2024 3803 2139 3872 ejus
2159 3804 2337 3872 potius
2358 3805 2719 3875 cognitionem
2755 3806 3091 3874 adducimur,
3117 3807 3207 3877 qui
3234 3821 3395 3862 verus

142 3918 255 3970 μεν
284 3902 377 3955 τὸν
407 3904 564 3970 φύσει
592 3920 653 3955 τε
680 3902 772 3954 καὶ
805 3901 1019 3970 ἀληθῶς
1051 3904 1183 3958 ὄντα
1213 3905 1369 3958 Θεόνο
1405 3907 1520 3970 πῶς
1547 3906 1612 3960 ἂν
1643 3909 1727 3960 ὲν-

135 3991 386 4044 δοιάσειέ
412 4011 516 4057 τις,
552 3996 633 4046 ὅτι
662 3991 791 4053 Θεὸς
824 3992 851 4043 6
879 3992 1146 4061 Χριστός;

238 2563 257 2595 ι
301 2544 364 2596 Τί
411 2544 561 2614 γάρς
618 2544 770 2615 φησί.
823 2544 968 2613 Πλὴν
1008 2546 1092 2598 ὅτι
1154 2550 1319 2600 παντὶ
1370 2549 1573 2619 τρόπῳ,
1619 2550 1728 2601 εἴτε

159 2633 446 2703 προφάσει,
467 2637 578 2688 εἴτε
594 2636 817 2706 ἀληθείᾳ
826 2638 901 2701 ,Χ
908 2636 1089 2706 ριστδς
1108 2639 1553 2706 καταγγέλλεται.
1571 2659 1587 2690 ι
1602 2636 1727 2709 Ἀρ⁹

157 2721 251 2777 οῦν
268 2724 341 2788 ὡς
362 2724 647 2794 ἄνθρωπος
677 2727 1040 2795 τετιμημένος
1073 2727 1279 2797 χάριτι,
1308 2729 1387 2797 τῷ
1411 2731 1601 2799 κόσμῳ
1632 2748 1727 2800 κη-

160 2814 456 2883 ρύσσεται
487 2815 679 2869 Καίτοι
730 2815 861 2869 Θεὸν
905 2816 934 2867 6
968 2816 1170 2885 κόσμος
1203 2818 1417 2885 ἐπέγνω
1466 2820 1723 2889 Χριστὸν,

1825 3895 2119 3948 secundum
2154 3907 2401 3949 naturam
2448 3896 2585 3950 Deus
2630 3906 2752 3951 est:
2804 3902 3071 3965 quomodo
3118 3900 3391 3953 Christum

1828 3986 1993 4041 Deum
2028 4000 2165 4051 esse,
2206 3988 2475 4057 ambigere
2499 3988 2627 4057 quis
2652 3990 2849 4057 queat?

2144 4118 2302 4190 124
2330 4117 2413 4173 Ea:
2442 4123 2605 4188 priori
2637 4122 2705 4175 ad
2739 4124 3079 4178 Timotheum.

218 4257 240 4287 ε
292 4236 492 4299 Πιστὸς
521 4240 549 4291 6
592 4235 767 4307 λόγος,
800 4234 893 4288 καὶ
922 4235 1100 4304 πάσης
1134 4237 1401 4306 αποὼχῆς
1438 4236 1607 4301 ἄξιος,
1642 4239 1723 4291 ὅτι

1905 4253 1921 4284 ι
1960 4230 2156 4287 Fidelis
2181 4248 2380 4299 sermo,
2404 4243 2457 4286 et
2481 4234 2628 4287 omni
2664 4236 2976 4303 acceptione
3005 4237 3221 4304 dignus,
3251 4240 3390 4305 quod

127 4327 387 4398 Χριστὸς
428 4329 635 4399 Ἰησοῦς
673 4324 835 4397 ἦλθεν
880 4328 958 4390 είς
1004 4327 1094 4379 τὸν
1126 4328 1326 4396 κόσμον
1371 4328 1723 4396 ἁμαρτωλοὺς

1825 4324 2075 4379 Christus
2107 4322 2269 4378 Jesus
2313 4325 2457 4378 venit
2492 4324 2544 4377 in
2600 4324 2743 4379 hunc
2785 4326 3037 4378 mundum
3083 4337 3393 4395 peccatores

128 4418 347 4478 σῶσαι,
385 4408 460 4469 ὧν
506 4417 723 4487 πρῶτός
764 4417 877 4485 εἰμι
909 4416 1049 4483 ἐγώ·
1096 4415 1230 4469 ἀλλὰ
1261 4415 1350 4468 διὰ
1381 4414 1537 4468 τοῦτο
1564 4417 1723 4486 ἠλεή-

1828 4416 2008 4468 salvos
2036 4413 2253 4479 facere;
2283 4429 2510 4482 quorum
2541 4417 2745 4481 primus
2784 4430 2882 4484 ego
2917 4431 3034 4469 sum
3067 4434 3080 4469 ς
3137 4416 3229 4470 sed
3276 4417 3393 4470 ideo

123 4509 268 4578 θην,
306 4506 398 4559 ἵνα
424 4509 480 4559 ὲν
512 4508 635 4576 ἐμοὶ
665 4504 865 4576 πρώτῳ
888 4503 1096 4576 ἐνδείξῃ
1122 4504 1350 4574 Χριστὸς
1394 4502 1597 4573 Ἰησοῦς
1627 4504 1723 4574 τὴν

1829 4506 2254 4560 misericordiam
2296 4514 2619 4561 consecutus
2682 4523 2825 4571 sum,
2885 4517 2942 4560 ut
2995 4507 3047 4560 in
3098 4523 3181 4561 me
3220 4508 3395 4575 primo

120 4600 372 4650 ἃπασαν
420 4595 820 4665 μακροθυμίαν,
873 4593 1007 4665 πρὸς
1061 4593 1406 4646 ὑποτύπωσιν
1441 4592 1547 4643 τῶν
1595 4594 1722 4662 μελ-

1826 4599 2135 4652 ostenderet
2186 4597 2431 4651 Christus
2474 4596 2627 4651 Jesus
2675 4612 2889 4651 omnem
2933 4599 3279 4666 patientiam,
3327 4600 3393 4652 ad

115 4689 351 4741 λόντων
384 4686 657 4737 πιστεύειν
699 4687 783 4738 ἐπ’
814 4685 961 4755 αὐτῷ
1010 4687 1089 4747 είς
1137 4684 1279 4755 ζωὴν
1321 4685 1556 4737 αἰώνιον.
1605 4703 1622 4734 ι
1662 4685 1722 4737 Εί

1827 4687 2260 4740 informationem
2294 4701 2478 4739 eorum
2523 4687 2612 4753 qui
2656 4688 2910 4741 credituri
2962 4696 3088 4741 sunt
3122 4687 3196 4740 illi
3238 4688 3291 4740 in
3322 4687 3397 4739 vi-

115 4772 512 4847 ἀμαρτωλοὺς
558 4773 717 4837 σώζει
763 4774 1016 4844 Χριστὸς,
1068 4777 1163 4826 καὶ
1219 4774 1563 4843 μακροθυμεῖ
1611 4776 1723 4836 τοῖς

1828 4787 1935 4829 tam
1965 4786 2221 4829 aeternam
2254 4775 2318 4827 δι.
2354 4794 2370 4826 ι
2406 4774 2462 4829 Si
2494 4774 2741 4829 Christus
2766 4772 2920 4829 Jesus
2948 4785 3259 4843 peccatores
3287 4774 3395 4827 sal-

114 4863 609 4937 πλημμελήμασι,
658 4861 941 4931 δεχόμενος
986 4861 1165 4914 αὐτῶν
1201 4863 1298 4931 τὴν
1347 4864 1719 4933 μετάγνωσινδ

1826 4880 1933 4934 vat,
1971 4868 2342 4937 patieutérque
2371 4867 2561 4921 delicta
2611 4867 2824 4930 tolerat,
2874 4866 3085 4919 illorum
3128 4864 3397 4931 pmniten.

106 4961 231 5011 καὶ
267 4959 429 5011 πᾶσα.
458 4952 611 5025 ἡμῶν
640 4955 677 5022 ἡ
702 4952 881 5012 πίστις
925 4953 1008 5003 ἐπ’
1050 4952 1219 5020 αὐτῷ,
1264 4955 1356 5006 καὶ
1401 4954 1485 5007 διὰ
1516 4955 1613 5023 τῆς
1645 4956 1722 5016 εἰς

1829 4961 1954 5013 tiam
1987 4972 2344 5027 exspectans;
2386 4960 2429 5013 si
2461 4970 2573 5037 tota
2610 4959 2739 5012 ﬁdes
2778 4965 2962 5011 nostra
3004 4958 3057 5008 in
3088 4957 3260 5023 ipsum
3287 4957 3395 5009 fer-

104 5053 309 5105 αὑτὸν
346 5052 580 5112 πίστεως
607 5047 704 5119 τὴν
734 5044 877 5112 ζωὴν
906 5045 1003 5113 τὴν
1033 5044 1246 5096 αἰώνιον
1279 5049 1687 5117 κεκερδήκαμεν
1706 5066 1717 5077 ·

1829 5063 1933 5116 tur,
1965 5060 2018 5104 et
2046 5066 2137 5119 per
2167 5050 2323 5103 ﬁdem
2352 5050 2603 5118 denique,
2635 5062 2752 5114 quae
2782 5055 2863 5099 est
2895 5047 2947 5098 in
2992 5045 3165 5113 ipsum
3186 5086 3199 5108 ,
3229 5046 3392 5099 vitam

105 5141 255 5200 πῶς
294 5142 366 5192 οὑ
395 5142 525 5203 Θεὸς
574 5141 658 5209 εῐη
706 5139 808 5203 av;
840 5136 920 5188 ὅτι
969 5134 1064 5187 καὶ
1112 5134 1257 5202 μόνῳ
1289 5135 1405 5204 Θεῷ
1438 5139 1634 5207 πρέποι
1658 5137 1723 5189 ἂν

92 5229 377 5289 εἰκότως
425 5231 485 5281 τὸ
536 5231 626 5281 καὶ
676 5227 868 5291 σώζειν
920 5224 1175 5278 δύνασθαι
1216 5222 1306 5275 τὸν
1341 5227 1565 5295 κόσμον,
1604 5229 1722 5297 ἦτοι

87 5319 264 5377 τοὺς
313 5318 377 5367 ὲν
420 5320 494 5387 τῷ
530 5322 741 5390 κόσμῳ,
774 5321 865 5373 καὶ
918 5317 1285 5389 μακροθυμεῖν
1322 5319 1433 5379 τοῖς
1475 5320 1724 5390 ἁμαρτά..

88 5423 331 5470 γουσι,
407 5408 499 5458 καὶ
564 5409 843 5470 ζωοποιεῖν
908 5408 994 5461 διὰ
1059 5410 1154 5476 τῆς
1205 5403 1437 5467 πίστεως
1492 5408 1591 5475 τῆς
1646 5410 1725 5472 είς

519 4128 620 4179 Ἐκ
648 4122 755 4191 τῆς
790 4122 940 4190 πρὸς
978 4124 1253 4190 Τιμόθεον·
1299 4130 1369 4178 a'.

1825 5150 2080 5193 aeternam
2141 5138 2534 5206 adipiscimur:
2586 5135 2855 5203 quomodo
2918 5150 3022 5189 non
3083 5144 3167 5189 est
3213 5132 3391 5188 Deus?

1827 5228 2259 5296 quandoquidem
2286 5225 2563 5287 mundum,
2594 5226 2694 5278 hoc
2721 5236 2823 5290 est,
2855 5240 2948 5281 eos
2982 5228 3071 5297 qui
3110 5228 3161 5281 in
3196 5227 3391 5280 mundo

1828 5318 1927 5371 hoc
1979 5318 2217 5382 degunt,
2271 5327 2429 5379 posse
2477 5314 2726 5383 Salvare,
2771 5317 3147 5385 longanimiter
3208 5315 3391 5367 adlizeo

1828 5416 2135 5476 peccatores
2172 5406 2331 5469 ferre,
2384 5405 2547 5459 vitam
2583 5418 2855 5476 postremo
2899 5421 2995 5475 per
3030 5403 3187 5459 ﬁdem
3234 5405 3285 5457 in
3331 5404 3409 5472 il-r

1829 5503 1936 5549 lum
1978 5495 2275 5563 impertiri;
2306 5496 2357 5550 id
2389 5499 2582 5553 merito
2614 5500 2667 5553 iu
2701 5503 2869 5553 solum
2906 5496 3068 5549 Deum
3103 5497 3394 5549 convenire

1825 5595 2052 5655 oportel.

85 5503 129 5552 ὲ
148 5498 361 5551 αυτόν.

81 5773 163 5803 ⁵⁹
197 5768 423 5839 Ephes.
453 5781 531 5826 ιιι.
570 5763 620 5829 8,
651 5766 702 5819 9.
754 5766 795 5794 ⁶⁰
824 5765 1015 5835 Ephcs.
1056 5782 1101 5830 ν,
1131 5763 1219 5825 25,
1252 5760 1340 5814 Ἦ).
1380 5760 1419 5791 ⁶¹
1453 5759 1605 5812 Pium.
1646 5775 1697 5821 Χ,

1833 5758 1883 5811 0.
1930 5760 1971 5789 ⁸³
2008 5761 2234 5831 Philipp.
2265 5781 2301 5827 ι,
2355 5765 2429 5816 l8.
2513 5765 2554 5792 ⁸³
2586 5765 2713 5815 ιιιίιί.
2752 5764 2840 5816 23.
2922 5762 2963 5791 ⁸³
2998 5762 3014 5814 l
3052 5760 3191 5814 Tim.
3230 5773 3266 5824 1,
3308 5760 3389 5812 15.
