4042 6440
660 346 778 404 1551
1642 341 1697 394 S.
1742 339 2016 394 CYRiLLI
2056 335 2522 392 ALEXANDIKINI
2561 338 2875 392 ARCIIIEP.
3774 328 3901 381 133?.

725 477 745 511 ι
788 459 852 512 Ει
896 458 1178 512 manifeste
1220 472 1469 528 magnum
1509 467 1590 510 est
1636 460 1851 526 pietatis
1910 469 2215 512 sacramen-
2244 457 2292 513 Α

2400 475 2416 504 ι
2464 457 2573 510 Καὶ
2605 455 3048 527 ὁμολογουμένως
3089 455 3229 524 μέγα
3255 453 3369 504 ἐστὶ
3398 449 3458 500 τὸ
3486 447 3587 513 τῆς
3620 443 3901 502 εὐσεϐείας

652 563 789 613 tum,
823 547 963 616 quod
1000 546 1398 602 manifestatum
1426 555 1509 600 est
1541 546 1591 598 in
1632 558 1831 609 carne,
1860 545 2211 613 justiﬁcatum

2320 547 2612 616 μυστήριον
2633 565 2646 577 ο
2693 545 2821 606 Θεὸς
2853 542 3166 612 ἐφανερώθη
3201 542 3261 593 ὲν
3291 537 3477 609 σαρκὶ,
3508 531 3822 597 ἐδικαιώθη
3857 533 3904 580 ἐν

649 646 733 688 est
773 637 824 688 in
871 635 1098 705 Spiritu,
1148 637 1397 705 apparuit
1443 634 1675 701 angelis,
1728 636 2074 703 praedicatum
2133 642 2216 689 est

2318 634 2784 703 Πνεύματι,ῶφθη
2817 632 3087 698 ἀγγέλοις.
3116 630 3394 700 ἐκηρύχθη
3422 631 3481 681 ὲν
3513 625 3765 685 ἔθνεσιν,
3799 624 3903 671 ἐπε.

651 727 920 794 gentibus,
968 727 1229 780 creditum
1264 738 1347 782 est
1394 728 1444 780 in
1498 727 1728 791 mtmdo,
1765 737 2096 795 assumptum
2135 733 2219 779 est

2319 724 2513 794 στεύΟη
2539 726 2597 776 ὲν
2624 723 2829 789 κόσμῳ,
2859 719 3133 786 ἀνελήφθη
3162 721 3217 768 ὲν
3241 717 3388 787 δόξῃ.
3425 736 3444 766 ι
3472 715 3574 775 Τίς
3602 713 3631 764 6
3665 711 3728 761 ἐν
3752 712 3902 775 σαρκὶ

655 816 706 868 in
747 816 918 885 gloria
951 816 1017 868 ⁸⁵.
1055 835 1075 867 ι
1106 816 1237 882 Quis
1269 819 1334 881 is,
1363 830 1567 884 quazso,
1591 826 1694 878 est,
1725 818 1815 886 qui
1842 818 1893 871 in
1923 832 2084 873 carne
2108 830 2216 870 ma-

2317 813 2686 882 φανερωθείς;
2715 811 2747 880 ἦ
2779 807 2936 878 δῆλον
2965 807 3046 859 ὃτι
3084 806 3260 873 πάντη
3293 822 3352 857 τε
3386 806 3482 857 καὶ
3518 803 3757 860 πάντως
3787 799 3816 848 ὁ
3850 799 3902 847 ἐκ

657 905 939 960 nilestatus
967 907 1089 960 est?
1127 908 1312 960 Annon
1363 907 1534 961 modis
1576 907 1828 961 omnibus
1877 907 2213 974 perspicuum

2315 901 2450 954 Θεοῦ
2486 900 2694 972 Πατρὸς
2726 899 2929 965 Λόγος;
2961 896 3116 949 Οὕτω
3165 894 3270 962 γὰρ
3313 894 3466 945 ἔσται
3519 892 3678 962 μέγα
3712 887 3777 938 τὸ
3819 887 3902 953 τῆς

654 1006 756 1056 est,
793 1010 900 1049 non
950 996 1113 1050 alium
1150 1011 1305 1060 esse,
1355 1011 1514 1065 quam
1571 988 1857 1066 ipsummei
1901 998 1994 1052 Dei
2044 996 2217 1051 Patris

2315 993 2596 1057 εὐσεϐείας
2646 989 2961 1062 μυστήριον.
3013 985 3146 1049 Θεὸς
3206 982 3532 1051 ἐφανερώθη
3597 983 3660 1033 ὲν
3727 979 3899 1047 σαρκί,

659 1078 926 1135 Verbum?
958 1081 1092 1137 Hinc
1123 1097 1353 1151 namque
1391 1099 1640 1154 maguum
1684 1084 1808 1138 illud
1855 1085 2071 1153 pietatis
2101 1098 2217 1152 my.

2316 1081 2473 1153 ὤφθη
2502 1084 2560 1136 δὲ
2592 1081 2844 1150 ἀγγέλοις
2875 1077 3182 1130 ἀναϐαίνων
3211 1075 3290 1137 εἰς
3332 1072 3606 1141 οὐρανούς
3628 1088 3642 1099 ο
3712 1068 3900 1136 ἐκηρύ-

658 1172 880 1224 sterium
938 1173 1283 1239 perspicitur.
1331 1172 1429 1228 Hic
1474 1185 1648 1227 autem
1705 1173 1772 1227 ab
1821 1175 2027 1243 angelis
2072 1173 2215 1227 visus

2315 1172 2420 1242 χθη
2467 1173 2524 1225 ὲν
2551 1173 2726 1225 ἔθνεσι
2756 1167 2846 1222 διὰ
2878 1165 2986 1219 τῶν
3019 1166 3188 1235 ἁγίων
3216 1161 3560 1219 ἀποστόλων,
3606 1157 3902 1222 ἐπιστεύθη

655 1271 758 1324 est,
793 1275 911 1314 cum
944 1262 997 1315 in
1031 1263 1226 1316 coelum
1258 1271 1542 1330 susceptus
1567 1272 1680 1326 est;
1711 1263 2027 1330 przedicatus
2057 1274 2216 1330 porro

2313 1265 2370 1318 δὲ
2414 1265 2473 1318 ὲν
2509 1265 2729 1333 κόσμῳο
2781 1260 2876 1311 καὶ
2909 1256 3025 1310 οὔτι
3076 1257 3178 1309 πού
3224 1271 3426 1325 φαμεν,
3478 1253 3566 1303 ὅτι
3603 1250 3741 1302 καθ’
3774 1250 3903 1316 ἡμᾶς

655 1351 902 1418 gentibus
935 1361 1017 1407 est
1041 1367 1135 1422 per
1166 1364 1384 1408 sanctos
1417 1354 1685 1421 apostolos
1720 1375 1730 1409 :
1773 1356 2009 1410 creditus
2037 1363 2212 1406 autem

2315 1354 2598 1426 ἄνθρωπος
2646 1350 2854 1413 ἁπλῶς,
2887 1347 3000 1402 ἀλλ’
3031 1347 3105 1411 ὼς
3148 1347 3281 1410 Θεὸς
3318 1346 3377 1396 ὲν
3422 1341 3602 1411 σαρκὶ
3653 1339 3760 1392 καὶ
3796 1341 3901 1391 καθ’

655 1448 736 1492 est
764 1440 815 1493 in
845 1442 1063 1496 mundo.
1102 1441 1206 1498 Sed
1248 1443 1487 1512 nunquid
1523 1443 1664 1497 istud
1696 1444 1841 1498 velut
1868 1445 2026 1498 homo
2057 1443 2214 1498 abso-

2315 1445 2463 1514 ἡμᾶς
2494 1442 2751 1513 γεγονώς.
2793 1438 3093 1509 ’Δνελήφθη
3142 1438 3199 1491 δὲ
3245 1438 3338 1490 καί
3388 1436 3447 1486 ὲν
3481 1434 3640 1503 δόξῃ,
3701 1429 3794 1481 ἵνα
3825 1429 3901 1478 λέ-

656 1531 762 1584 lute
797 1540 854 1584 ut
883 1533 1017 1585 nos?
1040 1532 1407 1602 Nequaquam,
1439 1547 1624 1588 verum
1655 1545 1712 1588 ut
1754 1534 1896 1590 Deus
1941 1536 1992 1587 iu
2032 1547 2213 1599 carne,

2316 1551 2502 1601 γοντος
2546 1530 2751 1600 ἀκούσῃ
2783 1528 2875 1582 τοῦ
2920 1528 3056 1580 Θεοῦ
3103 1527 3198 1581 καὶ
3235 1524 3478 1594 Πατρ6ς⁶
3526 1543 3546 1574 ‹
3609 1519 3807 1574 Κάθου
3851 1519 3903 1568 ἐκ

657 1619 916 1688 uobisque
944 1622 1134 1677 similis
1162 1622 1407 1676 effectus.
1438 1623 1762 1693 Assumptus
1795 1625 2005 1678 tandem
2049 1633 2128 1677 est
2162 1624 2214 1676 in

2315 1625 2504 1690 δεξιῶν
2551 1640 2674 1694 μου,
2704 1621 2808 1682 ἓως
2830 1617 2902 1673 ἂν
2941 1617 3019 1670 θῶ
3047 1619 3173 1682 τοὺς
3214 1615 3441 1687 ἐχθρούς
3478 1631 3577 1666 σου
3615 1608 3905 1664 ὑποπόδιον

655 1710 862 1778 gloria,
913 1728 1018 1782 quo
1067 1714 1234 1770 Deum
1279 1724 1333 1770 et
1389 1714 1604 1772 Patrem
1659 1719 1923 1772 dicentem
1983 1718 2211 1772 audiat:

1279 1724 1333 1770 et
1389 1714 1604 1772 Patrem
1659 1719 1923 1772 dicentem
1983 1718 2211 1772 audiat:
2317 1717 2423 1769 τῶν
2454 1714 2626 1768 ποδῶν
2658 1729 2770 1765 σου.
2821 1729 2838 1760 ι

661 1820 679 1850 ι
713 1801 850 1857 Sede
879 1818 909 1857 a
939 1804 1144 1860 dextris
1182 1807 1338 1872 meis,
1369 1809 1539 1862 donec
1579 1823 1772 1876 ponam
1822 1807 2066 1862 inimicos
2098 1819 2215 1864 tuos
2247 1783 2288 1836 Β

654 1891 944 1948 scabellum
970 1895 1167 1963 pedum
1202 1906 1415 1952 tuorum
1440 1900 1504 1952 “.
1543 1918 1561 1950 ι

1097 2030 1183 2084 Ex
1220 2030 1460 2100 Epistola
1489 2035 1558 2087 ad
1588 2034 1780 2088 Titum.

2769 2012 2869 2065 Ἕκ
2918 2010 3028 2078 τῆς
3062 2011 3212 2081 πρὸς
3251 2011 3435 2066 Τίτον.

727 2157 744 2188 ι
781 2137 983 2193 Fidelis
1005 2152 1182 2193 sermo
1204 2150 1288 2195 est.
1311 2154 1326 2194 :
1354 2148 1407 2194 et
1433 2141 1500 2196 de
1525 2142 1607 2195 his
1631 2142 1749 2195 volo
1777 2153 1826 2195 te
1848 2143 2170 2196 conﬁrmare
2194 2161 2208 2209 ;

2394 2150 2410 2180 ι
2457 2126 2653 2188 Πιστὸς
2695 2126 2723 2176 6
2768 2122 2958 2190 λόγος’
2989 2123 3086 2175 καὶ
3114 2122 3242 2190 περὶ
3286 2118 3489 2173 τούτων
3523 2115 3806 2186 βούλομαί
3853 2134 3906 2168 σε

652 2236 707 2279 ιιι
767 2237 958 2284 curent
1010 2229 1164 2284 bonis
1230 2231 1483 2299 operibus
1548 2247 1779 2300 praeesse
1842 2235 1932 2300 qui
1989 2235 2217 2288 credunt

2315 2215 2776 2277 διαϐεϐαιοῦσθαι,
2823 2214 2912 2266 ἵνα
2941 2213 3270 2283 φροντίζωσι
3315 2208 3499 2263 καλῶν
3540 2208 3736 2300 ἔργων
3776 2225 3907 2275 τερο-

655 2317 760 2372 Ι)ιό
787 2318 850 2371 ⁸⁷.
887 2336 904 2369 ι
939 2317 1188 2388 Nunquid
1229 2295 1318 2388 qui
1367 2321 1420 2374 in
1467 2295 1632 2375 Deum
1666 2295 1914 2385 credunt,
1952 2323 2003 2377 in
2057 2324 2213 2378 Chri-

2320 2309 2563 2364 ίστασθαι
2592 2307 2641 2359 οί
2662 2303 3087 2366 πεπιστευκότες
3109 2302 3187 2373 τῷ
3215 2301 3354 2372 Θεῷ.
3386 2319 3403 2351 ι
3430 2296 3558 2368 τΑρ’
3584 2295 3684 2351 οῦν
3712 2300 3764 2350 οί
3794 2299 3909 2366 Θεῴ

651 2412 789 2465 stum
834 2424 939 2463 non
990 2412 1255 2464 credunt?
1293 2412 1452 2479 Atqui
1483 2412 1671 2468 beatus
1715 2413 1946 2469 Joannes
1991 2417 2103 2471 haec
2150 2417 2216 2472 de

2316 2401 2682 2460 πιστεύοντες,
2706 2396 2806 2448 οὐκ
2831 2397 2910 2458 είς
2943 2394 3178 2465 Χριστὸν
3212 2390 3654 2454 πεπιστεύκασι;
3713 2389 3910 2442 Καίτοι

651 2500 740 2551 illo
792 2500 991 2554 diserte
1033 2503 1291 2569 exponit:
1325 2523 1344 2555 ι
1405 2503 1707 2572 Quotquot,
1750 2507 1953 2573 inquit,
1995 2523 2215 2576 recepe-

2316 2497 2487 2563 λέγων
2512 2493 2705 2564 ὁρᾶται
2741 2489 2976 2560 σαφῶςὸ
3011 2488 3280 2560 μακάριος
3322 2488 3586 2554 Ἰωάννης
3631 2485 3772 2554 περὶ
3802 2484 3912 2576 Δεύς

650 2599 768 2645 runt
802 2606 946 2658 eum,
979 2592 1126 2646 dedit
1154 2594 1233 2646 eis
1277 2605 1598 2662 potestatem
1653 2596 1794 2650 ﬁlios
1824 2572 1916 2651 Dei
1958 2599 2094 2661 ﬁeri,
2120 2572 2212 2652 his

2317 2587 2406 2639 τοῦ
2429 2604 2441 2616 ·
2479 2605 2496 2636 ι
2535 2586 2687 2638 Ὅσοι
2725 2585 2784 2637 δὲ
2828 2581 3022 2635 ἔλαϐον
3058 2579 3243 2643 αὐτὸν,
3289 2578 3493 2631 ἔδωκεν
3521 2576 3719 2635 αὐτοῖς
3767 2572 3913 2639 ἐξου.

649 2681 737 2746 qui
775 2681 931 2751 125
977 2685 1201 2738 credunt
1250 2685 1300 2738 in
1342 2686 1557 2740 nomine
1598 2686 1713 2755 ejus
1739 2687 1804 2741 “.
1845 2707 1863 2740 ι
1912 2688 2214 2746 Subscribil

2317 2675 2437 2728 σίαν
2480 2674 2645 2726 τέκνα
2689 2673 2824 2727 Θεοῦ
2875 2670 3150 2739 γενέσθαι,
3185 2669 3299 2731 τοῖς
3338 2665 3707 2719 πιστεύουσιν
3746 2665 3829 2724 είς
3856 2663 3913 2713 τὸ

652 2772 734 2822 his
762 2786 810 2825 et
841 2774 952 2841 ipse
975 2775 1163 2828 beatus
1181 2773 1379 2829 Paulus
1399 2792 1611 2845 quoque
1628 2753 1648 2830 ﬁ:
1673 2778 1749 2830 ait
1774 2779 1914 2830 enim
1941 2794 1956 2830 :
1986 2797 2004 2828 ι
2027 2777 2214 2833 Scien-

2317 2768 2484 2836 ὄνομα
2512 2764 2700 2818 αὑτοῦ.
2740 2782 2758 2814 ι
2797 2763 2909 2817 Καὶ
2933 2763 3041 2832 μὴν
3065 2760 3160 2813 καὶ
3194 2757 3355 2820 αὐτὸς
3386 2757 3414 2806 6
3448 2754 3736 2845 μακάριος
3768 2753 3913 2845 Παῦε

653 2861 732 2917 les
765 2862 907 2929 quod
939 2877 1044 2914 non
1072 2844 1598 2930 justiﬁeatnrhomo
1646 2879 1710 2917 ex
1751 2865 2003 2930 Operihus
2041 2864 2172 2933 legis
2197 2905 2213 2930 ,

2319 2858 2437 2920 λος⁶
2487 2875 2505 2908 ι
2543 2855 2756 2917 Είδότες
2800 2854 2858 2906 δὲ
2905 2853 2987 2904 ὃτι
3037 2851 3097 2904 οὐ
3148 2845 3457 2902 δικαιοῦται
3504 2844 3809 2914 ἄνθρωπος
3857 2844 3915 2908 ἐξ

652 2949 752 3001 nisi
779 2964 875 3017 per
903 2950 1057 3002 ﬁdem
1090 2949 1214 3003 Jesu
1243 2951 1480 3016 Christi;
1517 2961 1568 3005 et
1608 2965 1704 3005 nos
1747 2951 1800 3004 in
1836 2951 2052 3006 Christo
2088 2950 2214 3007 Jesu

2316 2949 2492 3022 ἔργων
2521 2948 2710 3017 νόμου,
2748 2944 2844 2998 ὲάν
2886 2942 2962 3013 μὴ
3003 2941 3094 2995 διὰ
3128 2939 3366 3001 πίστεως
3407 2935 3590 3008 Ἰησοῦ
3627 2937 3910 3007 Χριστοῦ·

652 3039 1001 3104 credidimus,
1032 3049 1088 3093 ut
1110 3041 1468 3109 justiﬁcemur
1500 3042 1552 3096 in
1584 3044 1698 3112 ipso
1728 3043 1791 3094 “.
1844 3062 1863 3094 ι
1894 3043 2026 3097 Cum
2055 3042 2216 3113 igitur

2317 3041 2411 3095 καὶ
2460 3041 2620 3111 ἡμεῖς
2669 3039 2749 3102 είς
2804 3034 3041 3108 Χριστὸν
3083 3031 3289 3104 Ἰησοῦν
3335 3029 3784 3100 ἐπιστεύσαμεν,
3830 3030 3912 3083 ἵνα

649 3131 739 3196 qui
779 3130 994 3185 Christo
1021 3132 1175 3186 ﬁdem
1211 3132 1462 3197 oll‘erunt,
1505 3135 1555 3187 in
1590 3136 1755 3188 Deum
1784 3135 2025 3199 credant,
2072 3150 2209 3205 quo-
2243 3123 2245 3148 ¹

2318 3131 2696 3201 δικαιωθῶμεν
2722 3131 2781 3182 ὲν
2802 3127 2968 3197 αὐτῷ.
2993 3145 3013 3177 ι
3040 3126 3170 3180 Ὅτε
3197 3124 3376 3178 τοίνυν
3399 3121 3520 3190 Θεῷ
3549 3120 3913 3173 πιστεύουσιν

653 3225 808 3278 modo
837 3224 1082 3280 Christus
1109 3241 1211 3280 non
1247 3235 1326 3280 est
1359 3240 1518 3280 verus
1551 3226 1730 3280 Deus?

2317 3223 2365 3276 οί
2394 3221 2613 3292 Χριστῷ
2642 3219 2739 3290 τὴν
2769 3219 2950 3271 πίστιν
2995 3216 3386 3286 προσάγοντες,
3421 3210 3544 3275 πῶς
3573 3213 3682 3265 οὐκ
3733 3214 3804 3265 ἂν
3832 3213 3913 3281 εἴη

2315 3310 2446 3373 Θεὸς
2475 3308 2711 3378 ἀληθής;

1021 3422 1173 3488 Quod
1209 3423 1337 3490 ﬁdes
1363 3424 1430 3477 sit
1465 3423 1519 3476 in
1549 3423 1839 3478 Christum.

2667 3423 2797 3473 Ὅτι
2825 3423 2911 3486 είς
2939 3418 3199 3488 Χριστὸν
3236 3418 3276 3486 ἠ
3312 3419 3543 3485 πίστις.

918 3533 1000 3585 Ex
1035 3533 1318 3603 Evangelia
1349 3537 1630 3589 secundum
1662 3534 1943 3589 Joannem.

2521 3533 2616 3585 Ἐκ
2654 3531 2760 3586 τοῦ
2796 3529 2946 3584 κατὰ
2995 3530 3272 3599 Ἰωάννην
3303 3530 3716 3600 Εὑαγτελίου.

727 3662 746 3694 ι
783 3643 1055 3712 Quotquot
1083 3655 1260 3700 autem
1293 3654 1612 3714 receperunt
1641 3661 1786 3709 eum,
1821 3645 1965 3699 dedit
2009 3645 2087 3700 eis
2116 3659 2215 3713 po-

2395 3664 2413 3696 ι
2447 3645 2600 3698 Ὅσοι
2652 3644 2708 3697 δὲ
2735 3642 2926 3697 ἔλαϐον
2955 3643 3139 3709 αὑτὸν,
3173 3642 3376 3696 ἔδωκεν
3422 3645 3618 3708 αὐτοῖς
3664 3645 3911 3710 ἐξουσίαν

651 3743 899 3788 testatem
935 3733 1072 3787 ﬁlios
1105 3733 1198 3788 Dei
1239 3735 1378 3799 ﬁeri,
1415 3735 1499 3790 his
1535 3736 1626 3804 qui
1657 3735 1888 3789 credunt
1919 3735 1968 3788 in
2003 3736 2218 3790 nomine

2318 3737 2485 3790 τέκνα
2510 3734 2643 3788 Θεοῦ
2674 3735 2947 3803 γενέσθαι,
2978 3736 3092 3797 τοῖς
3136 3735 3487 3788 πιστεύουσιν
3533 3737 3618 3800 είς
3655 3737 3718 3789 τὸ
3749 3739 3911 3804 δνομα

650 3824 784 3892 ejus.
825 3842 844 3874 ›
884 3822 998 3877 Duo
1021 3841 1139 3894 qua:
1169 3825 1222 3878 in
1258 3824 1426 3879 Deum
1459 3827 1748 3894 quadram,
1776 3825 2102 3893 conjunctim
2133 3827 2220 3881 hic

2319 3827 2503 3880 αὑτοῦ.
2546 3846 2564 3877 ι
2595 3826 2699 3879 Δύο
2730 3824 2872 3878 κατά
2918 3825 3114 3877 ταυτὸν
3143 3824 3323 3891 τίθησι
3369 3825 3703 3895 θεοπρεπῆο
3748 3843 3909 3894 παρα-

651 3913 842 3980 ponit:
880 3930 983 3968 non
1015 3917 1157 3969 enim
1195 3915 1297 3970 alia
1341 3916 1553 3969 ratione
1600 3916 1873 3972 Christum
1908 3917 2219 3986 complecti-

2319 3917 2651 3984 λαμϐάνεται
2701 3915 2806 3984 γὰρ
2838 3915 2935 3982 οὐχ
2978 3913 3182 3982 ἑτέρως
3226 3914 3358 3982 παρ’
3395 3912 3561 3981 ἡμῶν
3593 3916 3625 3967 6
3658 3915 3903 3984 Χριστός·

653 4022 791 4069 mur,
819 4022 980 4070 quam
1010 4008 1149 4076 quod
1178 4007 1280 4062 ﬁde
1327 4007 1380 4061 in
1416 4007 1566 4061 illum
1601 4010 1892 4072 tendimus,
1945 4010 2045 4062 hoc
2090 4022 2219 4063 vero

2320 4007 2458 4076 πλὴν
2483 4008 2565 4059 ὅτι
2590 4006 2646 4058 δὲ
2675 4007 2754 4067 είς
2783 4003 2944 4056 αὑτὸν
2974 4002 3174 4066 πίστις,
3225 4004 3482 4072 σαφηνιεί
3513 4003 3577 4056 τὸ
3610 4006 3908 4075 προκείμε-

651 4099 919 4163 declarat,
956 4098 1080 4151 dum
1118 4098 1238 4152 ait:
1297 4116 1317 4148 ι
1356 4097 1452 4152 His
1497 4099 1586 4167 qui
1635 4099 1861 4152 credunt
1907 4100 1955 4150 in
2001 4098 2218 4167 nomine

2317 4113 2438 4150 νον·
2488 4117 2505 4148 ι
2559 4097 2682 4159 Τοῖς
2719 4095 2827 4164 γὰρ
2872 4094 3207 4159 πιστεύουσι,
3257 4094 3444 4164 φησὶν,
3498 4097 3583 4158 είς
3641 4097 3709 4149 τὸ
3751 4099 3906 4166 ὄνομα

651 4189 763 4254 ejus
793 4204 804 4238 :
841 4207 858 4240 ›
902 4189 1171 4243 credimus
1195 4197 1373 4241 autem
1405 4187 1456 4240 in
1486 4188 1702 4242 nomine
1725 4189 1862 4256 ejus,
1897 4203 2001 4241 non
2029 4187 2216 4256 vulga-

2317 4187 2505 4242 αὑτοῦ.
2543 4206 2561 4239 ι
2599 4186 2941 4257 Πιστεύομεν
2969 4187 3025 4240 δὲ
3057 4187 3136 4249 είς
3161 4186 3221 4239 τὸ
3265 4186 3438 4254 ὄνομα
3469 4187 3675 4250 αὐτοῦ,
3706 4190 3809 4242 οὐκ
3831 4190 3907 4242 ἄν·

648 4294 782 4341 rem,
831 4278 1107 4343 nostrique
1148 4279 1379 4333 similem
1431 4278 1702 4332 hominem
1748 4280 1873 4341 rati,
1917 4279 2009 4333 sed
2047 4278 2214 4333 Deum

2320 4280 2536 4346 θρωπον
2565 4272 2704 4330 εἶναι
2724 4277 2907 4330 κοινὸν·
2927 4276 3023 4329 καὶ
3045 4277 3141 4329 ἕνα
3161 4276 3269 4329 τῶν
3295 4275 3417 4328 καθ’
3444 4277 3606 4346 ἡμᾶς
3636 4280 3905 4331 πιστεύον-

649 4370 1010 4422 incarnatum.
1039 4367 1272 4423 Rursum
1305 4371 1446 4438 quod
1472 4379 1791 4439 potestatem
1827 4372 1921 4424 dat
1956 4371 2092 4425 lilios
2118 4369 2213 4425 Dei

2319 4385 2428 4430 τες,
2454 4366 2590 4419 ἀλλά
2630 4366 2763 4421 Θεὸν
2789 4366 3270 4439 ὲνηνθρωπηκότα.
3303 4367 3420 4419 Οὐκ
3453 4367 3817 4437 ἀνθρώπινον
3861 4369 3907 4421 δὲ

648 4457 788 4518 ﬁeri,
821 4472 927 4509 non
962 4457 1324 4511 humanarum
1359 4459 1551 4512 virium
1581 4469 1682 4522 est,
1713 4462 1806 4514 sed
1836 4461 2028 4514 divinae
2060 4471 2216 4514 natu-

2319 4460 2379 4512 τὸ
2410 4460 2657 4524 ἐξουσίαν
2699 4459 2898 4512 διδόναι
2931 4459 3095 4513 τέκνα
3125 4458 3260 4512 Θεοῦ
3289 4458 3577 4525 γενέσθαι,
3613 4459 3906 4531 θεοπρεπὲς

647 4559 719 4595 ne
750 4559 909 4610 opus,
945 4543 1311 4613 quiddamque
1335 4546 1587 4599 universa
1618 4557 1866 4600 creatura
1903 4548 2209 4602 sublimius.

2312 4550 2366 4601 δὲ
2405 4550 2604 4620 μᾶλλον
2633 4550 2729 4603 καί⁸
2757 4549 3022 4620 ὑπὲρ-τὴν
3050 4549 3248 4601 κτίσιν.
3273 4547 3405 4602 Ὅτε
3432 4550 3632 4604 τοίνυν
3654 4553 3735 4614 εξς
3759 4550 3905 4604 αὐτὸν

645 4626 777 4682 Cum
812 4628 944 4683 ﬁdes
965 4644 1094 4695 ergo
1130 4630 1183 4683 in
1210 4631 1386 4699 ipsum
1422 4632 1697 4687 Christum
1736 4637 1936 4700 tendat,
1969 4637 2214 4704 idemque

2315 4643 2348 4710 ἡ
2379 4642 2580 4704 πίστις,
2616 4642 2710 4694 καὶ
2743 4640 2904 4705 αὐτὸς
2933 4640 3115 4693 δίδωσι
3143 4640 3242 4710 τῆς
3276 4639 3561 4706 υἱοθεσίας
3593 4644 3704 4712 τὴν
3735 4644 3900 4714 χάριν·

645 4720 735 4772 det
765 4719 995 4786 gratiam
1028 4728 1087 4773 ut
1118 4720 1209 4773 lilii
1239 4721 1331 4776 Dei
1365 4722 1681 4788 eﬂiciamur,
1717 4728 1983 4793 quomodo
2005 4740 2216 4783 nonest

1435 4722 1681 4788 iciamur,
1717 4728 1983 4793 quomodo
2005 4740 2216 4783 nonest
2315 4733 2430 4794 πῶς
2458 4734 2518 4785 οὐ
2548 4733 2679 4795 Θεὸς
2712 4735 2739 4785 ὁ
2766 4732 3031 4802 Χριστός;

645 4810 821 4863 Deus?

721 4919 738 4949 ι
773 4898 884 4954 Hoc
913 4899 1038 4955 fecit
1066 4901 1271 4955 initium
1298 4902 1570 4970 signorum
1599 4905 1756 4960 Jesus
1797 4908 1849 4960 in
1887 4909 2030 4963 Cana
2067 4910 2211 4965 Gali-

2396 4931 2411 4960 ι
2461 4908 2674 4978 Ταύτην
2711 4909 2966 4978 ἐποίησεν
2995 4909 3171 4980 ἀρχὴν
3196 4909 3303 4962 τῶν
3329 4910 3588 4979 σημείων
3635 4914 3668 4964 6
3714 4914 3901 4982 Ἰησοίς

645 4991 775 5052 Imre,
807 4999 860 5043 et
891 4988 1257 5044 manifestavit
1287 4991 1512 5059 gloriam
1550 5010 1700 5048 suam
1729 5012 1742 5047 :
1780 5007 1831 5050 et
1864 5000 2211 5054 crediderunt

2319 5005 2375 5054 ἐν
2408 5002 2560 5072 Κανᾷ
2597 5001 2693 5069 τῆς
2741 4999 3052 5063 Γαλιλαίας,
3104 5001 3199 5054 καὶ
3239 5000 3565 5071 ὲφανέρωσε
3605 5005 3716 5073 τὴν
3765 5006 3903 5068 δόξαν

643 5083 693 5132 in
717 5095 840 5133 eum
870 5080 1116 5149 discipuli
1145 5083 1261 5151 ejus
1287 5084 1352 5135 "°.
1389 5103 1406 5134 ι
1440 5083 1606 5155 Signo
1633 5101 1872 5155 peracto,
1901 5091 2211 5161 Christique

2319 5092 2480 5144 αὑτοῦ
2501 5110 2513 5123 ·
2546 5093 2636 5144 καί⁸
2658 5091 2984 5145 ἐπίστευσαν
3005 5093 3086 5154 εἰς
3117 5092 3278 5145 αὐτὸν
3298 5093 3346 5144 οἱ
3379 5092 3640 5163 μαθηταὶ
3668 5097 3854 5148 αὐτοῦ.
3889 5116 3901 5146 ι

640 5169 806 5238 gloria
850 5169 1219 5237 manifestata,
1255 5171 1306 5223 in
1340 5187 1519 5237 quem,
1550 5187 1752 5240 quaeso,
1785 5177 1922 5229 beati
1954 5177 2026 5230 illi
2059 5179 2210 5230 disci-

2317 5182 2604 5250 Γεγονότος
2653 5181 2760 5252 ἄρα
2791 5182 2883 5234 τοῦ
2916 5183 3167 5252 σημείου,
3215 5182 3312 5236 καὶ
3352 5199 3487 5250 φανε
3501 5186 3794 5254 ρ(ὒσαντος
3829 5187 3903 5238 τε]

641 5262 748 5325 puli
778 5261 1172 5315 crediderunt?
1202 5264 1443 5330 nunquid
1476 5264 1527 5316 iu
1574 5266 1846 5319 hominem
1892 5268 2208 5336 simpliciter

2316 5273 2548 5342 Χριστοῦ
2573 5274 2670 5342 τὴν
2697 5272 2853 5336 δόξαν
2887 5273 3074 5336 αὑτοῦ,
3101 5273 3176 5335 ὡς
3210 5276 3287 5336 είς
3316 5274 3436 5325 τίνα
3468 5279 3901 5330 πεπιστεύκασιν

639 5353 932 5405 sanctum?
969 5353 1129 5420 Atqui
1159 5364 1284 5408 ante
1322 5356 1530 5424 signum
1573 5357 1771 5409 editqu
1829 5358 1975 5420 illum
2016 5375 2206 5427 seque-

2314 5369 2360 5417 oi
2418 5366 2675 5434 μακάριοι
2735 5364 3008 5434 μαθηταί;
3071 5361 3182 5435 ἆρα
3238 5367 3318 5427 είς
3383 5366 3689 5433 ἄνθρωπον
3765 5372 3901 5435 ἅγια

639 5446 833 5497 buntur
869 5455 1122 5512 tanquam
1159 5447 1333 5500 virum
1366 5457 1610 5501 sanctum
1647 5450 1912 5503 admirati.
1950 5451 2023 5504 Ex
2059 5453 2208 5519 signo

2316 5456 2530 5520 ἀπλῶς;
2557 5456 2744 5507 Καίτοι
2780 5457 2883 5525 πρὸ
2908 5455 3000 5508 τοῦ
3032 5457 3264 5524 σημείου
3295 5456 3709 5526 ,ἠκολούθησαν
3743 5462 3897 5523 αὖτις.

641 5534 817 5602 itaque
877 5547 1195 5605 potestatem
1259 5538 1493 5593 humana
1555 5539 1808 5608 majorem
1876 5543 1949 5595 illi
2022 5545 2207 5597 adesse

2314 5546 2711 5614 τεθαυμακότες
2738 5547 2811 5610 ὡς
2865 5549 3040 5615 ἅγιον·
3070 5546 3206 5600 ἀλλά
3238 5548 3530 5600 τεθέανται
3565 5551 3656 5602 διὰ
3687 5553 3779 5603 τοῦ
3819 5569 3898 5614 ςπ-

675 5692 768 5745 εθι
810 5691 948 5747 Tim.
996 5708 1074 5760 tu,
1115 5694 1197 5748 iG.
1293 5695 1332 5725 "
1365 5695 1484 5750 Psal
1547 5710 1656 5760 cui,
1701 5698 1743 5748 l.
1826 5699 1861 5726 ‘7
1897 5698 1996 5749 Tit.
2036 5713 2112 5764 ιιι,
2149 5701 2197 5751 8.

2281 5699 2496 5753 'Joan.
2538 5715 2574 5764 ι,
2623 5700 2682 5754 li).
2807 5702 2848 5733 ⁸³
2882 5701 3056 5756 Galat.
3093 5720 3147 5769 ll,
3197 5703 3279 5758 16.
3363 5705 3405 5734 ⁷⁰
3439 5702 3605 5759 Joau.
3647 5724 3708 5772 ιι,
3755 5709 3831 5760 ll.
