4042 6462
169 372 295 426 1335

1237 379 1324 432 DE
1366 379 1587 435 RECTA
1632 379 1786 437 FIDE
1823 383 1914 435 AD
1954 381 2270 437 REGINAS.

3257 377 3392 430 1554

169 490 308 557 μείου
339 491 436 560 τὴν
466 491 604 562 ὑπὲρ
635 493 921 564 ἄνθρωπον
967 496 1193 568 δύναμίν
1230 516 1287 550 τε
1338 501 1432 552 καὶ
1473 501 1722 565 ἐξουσίαν

1832 503 2320 556 animadverterunt
2349 517 2361 553 :
2392 512 2556 568 quare
2581 497 2634 550 in
2667 493 2814 550 illum
2851 503 3101 563 tanquam
3141 492 3191 545 iu
3221 491 3388 546 Deum

165 581 360 651 ἔχοντα.
398 582 604 637 Οὐκοῦν
631 586 1059 641 πεπιστεύκασιν
1101 589 1176 652 ὡς
1216 591 1295 652 είς
1336 590 1487 644 Θεόν.
1527 592 1720 644 Ἰστέον

164 671 236 733 δὲ,
261 672 338 724 ὅτι
370 672 553 726 πολλοὶ
573 675 684 728 τῶν
713 676 885 744 ἁγίων
927 678 1096 731 πολλὰ
1135 682 1465 749 πεποιήκασι
1498 681 1590 732 καὶ
1618 698 1720 732 πα-

166 761 381 828 ράδοξα·
432 764 526 816 καὶ
571 764 992 836 ἐθαυμάσθησαν
1042 769 1160 839 μὲν,
1208 771 1495 823 ἐπίστευσε
1541 771 1596 824 δὲ
1641 773 1718 834 είς

165 854 350 918 αὐτοὺς
378 856 572 920 οὐδείς.
611 859 763 928 Ἔχοι
789 860 834 912 δ’
877 860 942 913 ἂν
968 860 1064 929 τὴν
1106 863 1226 929 ῑσην
1264 860 1532 916 διάνοιανο
1568 880 1586 911 ι
1635 862 1720 923 Ὠς

163 944 214 997 δὲ
241 942 302 1014 ἦν
326 948 383 1000 ἐν
401 951 514 1012 τοῖς
548 950 937 1020 Ἰεροσολύμοις
968 953 1025 1004 ἐν
1051 951 1127 1021 τῷ
1159 953 1348 1022 Πάσχα
1369 954 1427 1004 ἐν
1452 955 1514 1021 τῇ
1537 953 1718 1022 ἐορτῇ,

164 1034 336 1087 πολλοὶ¹
382 1037 707 1090 ἐπίστευσαν
737 1041 814 1102 είς
859 1040 920 1090 τὸ
957 1041 1126 1110 ὄνομα
1177 1041 1361 1105 αὐτοῦ,
1395 1041 1721 1111 Θεωροῦντες

163 1123 315 1176 αὐτοῦ
348 1125 413 1178 τὰ
445 1128 665 1197 σημεῖα,
695 1127 731 1180 δι
770 1128 962 1182 ἐποίει.
1012 1147 1031 1180 ι

239 1253 254 1284 ι
281 1235 351 1288 Ού
383 1237 489 1306 γὰρ
515 1237 830 1292 ἀπέστειλεν
855 1241 882 1292 6
906 1240 1036 1304 Θεὸς
1061 1243 1151 1294 τὸν
1178 1243 1306 1297 Υίὸν
1336 1245 1500 1298 αὑτοῦ
1531 1248 1608 1308 είς
1631 1244 1724 1298 τὸν

165 1324 378 1394 κόσμον,
431 1327 518 1378 ἵνα
570 1327 730 1398 κρίνῃ
785 1329 874 1384 τὸν
922 1331 1158 1401 κόσμον,
1209 1334 1448 1388 ἀλλ’ἵνα
1501 1336 1643 1406 σωθῇ
1696 1337 1723 1387 6

166 1415 355 1483 κόσμος
385 1415 451 1467 δι’
469 1417 656 1475 αὑτοῦ.
676 1419 732 1472 '0
761 1420 1031 1475 πιστεύων
1055 1423 1135 1486 είς
1159 1424 1342 1490 αὑτὸν,
1370 1427 1429 1478 ού
1458 1426 1718 1496 κρίνεται·

164 1505 190 1554 6
215 1504 266 1556 δὲ
300 1507 373 1574 μὴ
403 1506 697 1574 πιστεύων,
729 1510 826 1581 ήδη
860 1511 1129 1582 κέκριταν
1160 1514 1242 1567 ὅτι
1265 1515 1338 1586 μὴ
1367 1516 1723 1568 πεπίστευκεν

166 1597 240 1657 εἰς
282 1595 340 1646 τὸ
391 1596 562 1666 ὄνομα
600 1599 695 1652 τοῦ
749 1604 1064 1671 μονογενοῦς
1112 1605 1241 1658 Υίοῦ
1273 1605 1368 1658 τοῦ
1416 1607 1571 1660 Θεοῦ.
1611 1626 1627 1658 ι
1664 1607 1724 1657 ΕΞ

168 1685 431 1754 σωτηρίας
461 1687 577 1751 ὁδός
600 1690 796 1760 ἐστινὴ
825 1691 1004 1754 πίστις
1029 1694 1063 1763 ή
1087 1694 1167 1756 είς
1194 1695 1284 1747 τὸν
1309 1695 1457 1760 Υίὸν,
1487 1697 1602 1760 πῶς
1620 1697 1725 1767 ἄρα

167 1780 481 1850 πιστεύομεν
516 1783 595 1844 είς
638 1783 825 1846 αύτόνς
869 1785 902 1853 ἢ
947 1785 1060 1848 πῶς
1101 1786 1199 1856 τὴν
1230 1789 1293 1840 ἐκ
1328 1788 1419 1841 τοῦ
1447 1790 1723 1859 κρίνεσθαι

164 1872 553 1942 διαφευξόμεθα
584 1875 769 1942 δίκην;
808 1872 916 1948 ἆρα
941 1878 1048 1947 γὰρ
1073 1879 1147 1942 ὡς
1187 1880 1471 1950 ἄνθρωπον
1498 1881 1723 1934 καταδε-

167 1961 399 2029 ξάμενοι,
425 1965 517 2016 καὶ
546 1965 730 2035 ἕτερον
763 1968 911 2037 παρὰ
938 1967 1094 2021 τοῦτο
1110 1969 1294 2036 ούδέν;
1326 1967 1456 2023 Εἶτα
1481 1971 1596 2034 πῶς
1625 1973 1722 2024 οὐκ

164 2053 428 2125 ἀνθρώπῳ
453 2056 835 2128 λατρεύσομεν.
876 2059 1012 2112 Ἀλλ’
1032 2060 1108 2124 ὡς
1132 2063 1209 2124 είς
1235 2061 1385 2115 Θεὸν·
1422 2063 1578 2115 τοῦτο
1618 2064 1725 2133 γὰρ

163 2149 372 2217 ἀληθές.
403 2150 497 2212 Τίς
530 2148 621 2204 οὖν
654 2153 682 2204 6
706 2152 869 2220 φάναι
893 2140 1104 2223 τολμῶν
1130 2156 1230 2207 οὐκ
1256 2151 1392 2209 εῖναι
1424 2157 1563 2209 κατὰ
1597 2158 1726 2225 ἁλή-

162 2238 305 2290 Θειαν
331 2238 481 2303 Θεὸν,
509 2233 568 2292 οὗ
596 2240 942 2294 δεδικαίωκεν
969 2243 1001 2312 ὴ
1028 2241 1207 2305 πίστις
1233 2244 1331 2311 τὴν
1349 2243 1438 2294 ὑπ’
1459 2244 1687 2313 οὐρανόν
1711 2261 1724 2308 ;

1824 592 2189 644 crediderunt.
2228 590 2450 645 Constat
2483 605 2576 658 per
2609 586 2804 641 multos
2840 593 3055 639 sanctos
3085 583 3250 636 multa
3281 592 3391 636 stu-

1824 682 1992 749 penda
2023 681 2278 746 edidisse,
2307 689 2525 748 propter
2554 693 2672 748 quae
2702 677 2863 731 etiam
2899 677 2949 729 in
2981 690 3172 744 magna
3212 673 3387 727 admi-

1824 771 2030 826 ratione
2059 781 2215 826 erant
2245 789 2258 824 :
2288 780 2344 824 at
2393 769 2568 824 nullus
2617 768 2829 822 interim
2881 776 3126 833 repertus
3159 775 3244 819 est
3297 764 3387 832 qui

1824 862 1878 916 in
1915 863 2034 917 illos
2059 862 2325 917 crederet.
2352 861 2603 930 Ejusdem
2646 873 2782 929 pene
2820 860 3098 913 sententiae
3130 865 3213 910 est
3240 867 3294 909 et
3324 855 3390 907 il-

1824 954 1912 1006 lud
1942 967 2197 1022 quoque:
2235 971 2254 1004 ι
2294 951 2428 1006 Cum
2480 960 2658 1005 autem
2708 959 2853 1005 esset
2898 947 3285 1016 Hierosolymis
3335 946 3388 999 in

1823 1043 2030 1098 Pascha
2063 1044 2116 1097 in
2156 1043 2242 1098 die
2286 1042 2447 1107 festo,
2480 1041 2632 1096 inulti
2677 1040 3022 1095 crediderunt
3072 1039 3125 1092 in
3178 1037 3394 1090 nomine

1824 1133 1964 1203 ejus,
2003 1134 2246 1190 videntes
2274 1135 2426 1204 signa
2445 1133 2571 1202 ejus
2595 1150 2716 1204 quae
2737 1135 2967 1189 faciebat
2997 1133 3064 1187 “.
3107 1150 3126 1183 ι

1900 1266 1921 1299 ι
1954 1245 2072 1301 Non
2122 1246 2265 1302 enim
2313 1246 2461 1301 misit
2502 1246 2642 1301 Deus
2689 1246 2883 1300 Filium
2925 1259 3077 1299 suum
3133 1241 3292 1312 126
3343 1241 3394 1294 in

1827 1340 2086 1394 mundum
2117 1347 2176 1392 ut
2199 1337 2402 1408 judicet
2435 1339 2692 1392 mundum
2714 1378 2729 1402 ,
2760 1340 2852 1391 sed
2883 1346 2940 1390 ut
2969 1336 3205 1390 salvetur
3234 1348 3396 1385 mun-

1826 1433 1924 1486 dus
1950 1445 2047 1503 per
2068 1431 2262 1500 ipsum.
2291 1429 2392 1496 Qui
2433 1429 2606 1484 credit
2651 1431 2704 1483 in
2745 1443 2890 1492 eum,
2936 1441 3040 1479 non
3079 1424 3394 1493 judicatur:

1826 1522 1914 1591 qui
1949 1531 2128 1576 autem
2160 1537 2265 1576 non
2295 1521 2487 1586 credit,
2515 1520 2623 1591 jam
2659 1520 2929 1590 judicatus
2974 1526 3087 1580 est;
3124 1515 3249 1584 quia
3292 1528 3394 1566 non

1828 1610 2057 1664 credidit
2106 1609 2157 1662 in
2194 1608 2411 1662 nomine
2445 1609 2708 1676 unigeniti
2757 1606 2877 1660 Filii
2920 1603 3012 1661 Dei
3045 1606 3112 1658 ".
3158 1622 3176 1654 ι
3218 1603 3272 1658 Si
3312 1603 3395 1654 via

1828 1700 1894 1754 ad
1927 1698 2157 1754 salutem
2185 1706 2268 1753 est
2299 1698 2434 1752 ﬁdes
2471 1698 2522 1751 in
2571 1696 2789 1759 Filium,
2833 1697 3103 1766 quomodo
3135 1694 3187 1747 in
3220 1696 3396 1760 ipsum

1830 1792 2133 1846 credimus?
2174 1799 2269 1845 aut
2310 1792 2581 1860 quomodo
2629 1793 2681 1844 ln
2723 1791 2895 1859 ipsum
2947 1789 3226 1842 credentes
3265 1800 3398 1837 cou-

1831 1881 2193 1936 demnationis
2215 1880 2541 1939 sententiam
2589 1878 2916 1934 evademus?
2961 1876 3209 1946 Nunquid
3251 1874 3397 1928 illum

1833 1971 1935 2024 ﬁde
1969 1979 2028 2024 ut
2067 1969 2337 2025 hominem
2367 1970 2776 2039 complectimur
2797 2013 2811 2035 ,
2844 1983 2942 2023 nec
2974 1968 3262 2036 quidquam
3286 1979 3400 2016 om-

1832 2063 1957 2115 nino
1989 2062 2090 2116 nisi
2144 2063 2436 2116 humanum
2487 2063 2552 2117 de
2601 2061 2692 2115 illo
2747 2061 3120 2129 concipimus?
3177 2061 3246 2111 At
3293 2073 3399 2125 quo

1832 2162 1988 2221 pacto
2011 2152 2054 2206 si
2092 2153 2192 2207 hoc
2229 2152 2536 2217 fecerimus,
2563 2153 2800 2207 divinum
2833 2152 3035 2206 cultum
3070 2149 3269 2203 homini
3300 2149 3400 2200 im-

1833 2244 2086 2313 pendisse
2116 2259 2220 2298 non
2255 2245 2581 2313 arguemur?
2613 2244 2815 2298 Fidene
2847 2258 2974 2310 ergo
3007 2243 3058 2296 in
3090 2242 3236 2294 illum
3268 2237 3398 2291 {ei-i-

161 2347 278 2386 niur
312 2342 562 2402 tauquam
601 2336 651 2388 in
681 2335 1064 2390 DeumTSaue.
1108 2337 1237 2402 Quis
1311 2338 1458 2390 illum
1520 2353 1667 2404 ergo,
1698 2337 1849 2406 cujus
1885 2337 2018 2394 ﬁdes
2071 2348 2339 2394 terrarum
2388 2341 2576 2396 orbem
2654 2338 2944 2407 justiﬁeat,
2999 2349 3183 2389 verum
3235 2333 3400 2386 Deum

159 2439 278 2480 esse
307 2427 534 2481 iuﬁciari
560 2431 791 2484 audeat?

235 2537 254 2571 ι
302 2518 481 2586 Ἔγνω
513 2514 606 2572 οὖν
649 2522 676 2574 6
706 2519 887 2591 πατὴρ
914 2521 994 2575 ὅτι
1023 2522 1080 2573 ἐν
1123 2521 1304 2591 ἐκείνῃ
1336 2523 1400 2591 τῇ
1433 2521 1572 2592 ὥρᾳν
1605 2522 1662 2573 ἐν

156 2605 306 2662 εἶπεν
351 2609 535 2679 αὐτῷ’
581 2609 640 2662 '0
685 2610 798 2673 υίός
853 2629 944 2663 σου
994 2610 1096 2680 ζῇο
1143 2611 1239 2664 καὶ
1282 2611 1601 2664 ἐπίστευσεν
1651 2613 1729 2673 εἰς

158 2700 319 2752 αὑτὸν
349 2699 529 2763 αὐτὸς,
574 2699 668 2753 καὶ
712 2702 743 2769 ἠ
793 2701 936 2752 οἰκία
971 2701 1137 2754 αὑτοῦ
1171 2700 1288 2769 ὅλη.
1331 2719 1350 2751 ι
1400 2701 1724 2768 ’Λνέστησεν

156 2794 222 2842 ἐκ
247 2790 457 2860 νεκρῶν
488 2789 581 2842 τοῦ
606 2790 883 2860 βασιλικοῦ
911 2791 1000 2842 τὸν
1020 2791 1132 2842 υίὸν
1157 2793 1183 2843 6
1211 2791 1463 2859 Χριστὸς,
1491 2790 1727 2861 εἰρηκὼς

154 2879 336 2948 αὐτῷ·
375 2898 392 2929 ι
427 2878 687 2950 Πορεύου,
718 2881 747 2931 6
775 2879 887 2942 υίός
915 2896 1007 2931 σου
1047 2879 1135 2949 ζῇ.
1177 2897 1194 2930 ι
1234 2876 1366 2932 Εἶτα
1397 2879 1726 2932 πεπίστευκε

155 2968 393 3023 πανοικί.
429 2965 556 3038 ’Ἆρ’
589 2964 681 3022 οὖν
728 2970 816 3023 διὰ
861 2969 960 3038 τῆς
1002 2968 1143 3021 οὕτω
1188 2970 1427 3038 μεγάλης
1463 2969 1555 3022 καὶ
1609 2970 1725 3021 θεο-

1906 2542 1924 2575 ‹
1962 2522 2225 2592 Cognovit
2253 2538 2382 2592 ergo
2412 2534 2564 2594 pater
2587 2523 2709 2591 quia
2742 2521 2830 2575 illa
2863 2521 2995 2575 liora
3031 2526 3185 2581 erat,
3219 2517 3271 2571 in
3298 2532 3400 2584 qua

1831 2617 1964 2671 dixit
1997 2618 2070 2671 illi
2101 2617 2296 2673 Jesus:
2329 2619 2498 2672 Filius
2537 2628 2659 2672 tuus
2692 2619 2820 2671 vivit
2850 2636 2862 2671 :
2897 2626 2949 2670 et
2992 2615 3217 2671 credidit
3267 2615 3399 2683 ipse.

1830 2718 1885 2760 et
1926 2709 2116 2761 domus
2160 2707 2276 2773 ejus
2327 2717 2437 2762 tota
2466 2709 2532 2760 ⁷³.
2567 2727 2586 2760 ι
2648 2709 2887 2761 Revocat
2935 2705 3106 2776 reguli
3154 2704 3319 2758 filium
3375 2718 3400 2753 a

1832 2798 2020 2852 mortis
2045 2799 2309 2854 vestibulo
2324 2800 2591 2864 Christus,
2612 2798 2912 2865 aﬂatusque
2941 2806 3146 2866 patrem
3169 2814 3180 2849 :
3200 2793 3400 2854 «Vade,

1837 2893 2033 2960 inquit,
2071 2892 2211 2948 [ilius
2240 2903 2360 2946 tuus
2395 2893 2545 2946 vivit.
2580 2910 2598 2943 ι
2634 2891 2873 2945 Credidit
2914 2903 3037 2943 mox
3070 2888 3178 2953 ille,
3211 2897 3263 2941 et
3294 2897 3403 2942 tela

1839 2985 2038 3038 familia
2070 2999 2193 3036 cum
2242 2984 2352 3037 illo.
2395 2984 2500 3037 Sed
2542 2983 2778 3051 nunquid
2819 2984 2887 3036 ob
2933 2983 3195 3051 insignem
3242 2982 3402 3040 hanc,

155 3063 402 3131 πρεποῦς
451 3063 694 3126 ἐξουσίας
725 3063 800 3124 ὡς
832 3065 911 3124 είς
957 3060 1242 3131 ἄνθρωπον
1293 3061 1656 3114 πεπίστευκεν
1701 3063 1726 3112 6

1834 3076 2075 3144 adeoque
2108 3075 2342 3129 divinam
2375 3076 2667 3143 potentiam
2705 3075 2918 3141 regulus
2950 3075 3001 3126 in
3037 3074 3186 3125 illum
3223 3071 3401 3125 credi-

156 3151 467 3218 βασιλικός
503 3152 534 3220 ἢ
568 3152 700 3204 Θεὸν
730 3153 869 3220 ἔγνω
904 3152 1044 3206 κατὰ
1075 3151 1236 3221 φύσιν
1269 3151 1394 3204 ὄντα
1429 3153 1608 3214 αὑτὸν,
1639 3154 1732 3204 καὶ

155 3241 526 3303 ζωοποιοῦντα
563 3243 680 3310 μετ’
713 3244 957 3306 ἐξουσίας
995 3243 1087 3306 οὓς
1123 3244 1188 3296 ἂν
1223 3243 1394 3296 ἕλοιτο
1443 3244 1534 3295 καὶ
1588 3245 1732 3311 μόνῳ

158 3335 404 3404 ρήματι;
453 3332 590 3384 Ἀλλ’
625 3331 739 3385 ἔστι
775 3334 932 3404 δῆλον
961 3335 1043 3387 ὃτι
1088 3334 1451 3386 πεπίστευκεν
1486 3333 1560 3397 ὡς
1591 3334 1730 3403 Θεῷ.

239 3655 260 3690 ι
316 3637 510 3707 Ἀμὴν,
563 3635 709 3707 ἀμὴν
745 3635 888 3704 λέγω
940 3636 1087 3706 ὑμῖν,
1121 3635 1202 3687 ὅτι
1249 3637 1276 3687 6
1314 3638 1405 3690 τὸν
1446 3639 1602 3705 λόγον
1633 3657 1734 3708 μου

152 3729 394 3792 ἀκούων,
437 3729 526 3781 καὶ
559 3728 830 3780 πιστεύων
876 3728 954 3798 τῷ
987 3728 1262 3798 πέμψαντί
1300 3746 1387 3798 με,
1433 3730 1545 3798 ἔχει
1591 3731 1736 3800 ζωὴν

151 3821 396 3872 αἰώνιον.
437 3841 451 3867 ι
504 3822 797 3891 Πέπομφεν
848 3823 980 3891 ἡμῖν
1012 3822 1071 3885 ἐξ
1109 3823 1352 3892 οὐρανῶν
1400 3822 1428 3873 6
1480 3823 1611 3886 Θεὸς
1643 3825 1736 3875 κα)⁸

152 3912 353 3981 Πατὴρ
380 3912 468 3962 τὸν
501 3913 630 3964 ἴδιον
667 3913 842 3972 Υἱὸν,‹
874 3916 959 3966 ἵνα
990 3917 1097 3976 πᾶς
1127 3918 1154 3968 6
1183 3915 1453 3968 πιστεύων
1471 3915 1548 3977 είς
1576 3916 1736 3967 αὑτὸν

153 4006 234 4072 μὴ
270 4001 557 4070 ἀπόληται,
604 4001 718 4053 ἀλλ’
746 4001 840 4071 ἔχῃ
867 4002 1011 4072 ζωὴν
1041 4002 1281 4056 αίώνιον.
1339 4024 1354 4053 ι
1391 4003 1512 4064 Πῶς
1546 3999 1639 4055 οῦν
1681 4004 1737 4053 ἐν

147 4095 368 4155 τούτοις
401 4095 552 4162 φησὶ,
586 4092 728 4162 ζωὴν
758 4094 974 4146 αίώνιον
1008 4096 1152 4164 ἔχειν
1182 4095 1273 4148 τὸν
1306 4095 1626 4146 πιστεύοντα
1660 4093 1736 4162 τῷ

149 4184 437 4253 πέμψαντι
470 4181 662 4245 αύτὸν;
699 4183 790 4241 Ei;
822 4183 941 4235 τίνα
975 4184 1158 4236 λοιπὸν
1186 4186 1217 4253 ἠ
1250 4184 1462 4247 πίστις;
1495 4178 1604 4253 ἆρα
1662 4184 1737 4244 ὡς

147 4277 235 4336 εἷς
266 4272 361 4324 δύο
385 4272 562 4335 θεοὺς,
593 4272 684 4324 τὸν
713 4273 930 4342 Πατέρα
974 4275 1068 4326 καὶ
1090 4275 1178 4326 τὸν
1204 4272 1359 4339 Υίόν;
1386 4273 1477 4341 Μὴ
1504 4272 1732 4340 γένοιτο·

153 4366 279 4420 ἀλλ’
310 4364 383 4425 ὼς
434 4365 512 4423 είς
567 4362 661 4415 ἕνα
687 4363 820 4415 Θεὸν
871 4367 961 4416 καὶ
996 4362 1265 4434 ἀληθινόν.
1317 4363 1525 4414 Οὐκοῦν
1560 4367 1611 4416 εἴ
1652 4382 1734 4426 τις

1837 3169 2191 3237 dittanquam
2241 3168 2292 3220 in
2341 3166 2646 3220 hominem?
2681 3180 2748 3218 an
2790 3181 2921 3220 vero
2963 3180 3147 3219 verum
3185 3170 3403 3217 natura-

1834 3259 2044 3329 lemque
2070 3261 2234 3313 Deiim
2264 3275 2386 3312 esse
2437 3259 2672 3327 agnovit,
2697 3258 2788 3326 qui
2822 3258 2896 3310 uti
2948 3257 3201 3310 Dominus
3245 3270 3404 3322 quos-

1834 3362 2045 3415 cunque
2086 3347 2186 3401 sibi
2231 3348 2401 3399 visum
2427 3357 2588 3410 esset,
2614 3347 2692 3399 vel
2723 3346 2837 3398 solo
2869 3346 3033 3398 verbo
3086 3344 3208 3395 vitie
3253 3340 3406 3395 resti-

1837 3451 1987 3494 tuere
2018 3439 2242 3508 posset?
2273 3438 2376 3491 Sed
2407 3438 2694 3490 obscurum
2735 3452 2841 3490 non
2871 3445 2951 3489 est
2988 3437 3126 3489 haud
3159 3434 3318 3485 aliter
3351 3432 3401 3483 in

1836 3549 1955 3585 eum
1984 3531 2301 3593 credidisse,
2334 3544 2495 3597 quam
2531 3529 2581 3580 in
2609 3542 2796 3581 verum
2838 3528 3024 3581 Deum.

1915 3663 1930 3691 ο
1973 3644 2162 3704 Amen,
2191 3657 2344 3695 ameu
2375 3643 2493 3694 dico
2526 3641 2696 3705 vobis,
2717 3641 2840 3710 quia
2862 3640 2952 3706 qui
2979 3641 3196 3693 verbum
3227 3653 3403 3691 meum

1837 3736 2005 3796 audit,
2041 3746 2092 3787 et
2121 3735 2296 3787 credit
2330 3734 2376 3786 ei
2405 3733 2492 3800 qui
2530 3733 2675 3784 misit
2703 3746 2806 3794 me,
2836 3732 2995 3784 habet
3036 3731 3199 3783 vitam
3241 3740 3398 3782 teter-

1837 3841 1958 3879 uum
1986 3825 2130 3878 "-5".
2170 3843 2186 3874 ι
2220 3823 2358 3877 Deus
2381 3823 2537 3875 Pater
2574 3822 2762 3874 Filium
2799 3837 2954 3875 suum
2985 3823 3130 3874 misit
3159 3821 3312 3874 nobis
3341 3821 3404 3872 de

1836 3918 2009 3980 cmlis,
2048 3935 2065 3966 ι
2109 3927 2165 3968 ιιι
2194 3915 2370 3968 omnis
2400 3913 2488 3980 qui
2516 3913 2686 3964 credit
2725 3914 2774 3963 in
2824 3913 2994 3970 illiilli,
3047 3927 3150 3964 nou
3200 3923 3402 3976 pereat.

1837 4010 1931 4062 sed
1961 4009 2152 4061 habent
2184 4007 2346 4059 vitam
2376 4014 2631 4058 aeternam
2659 4004 2725 4056 ⁸⁸.
2763 4022 2779 4053 ι
2811 4003 2917 4056 Cur
2943 4004 3027 4056 hic
3057 4018 3184 4068 ergo
3206 4012 3404 4055 :eterna

1837 4102 1944 4154 vita
1975 4102 2041 4153 iis
2077 4098 2426 4166 promittitur,
2455 4096 2544 4164 qui
2580 4096 2805 4148 credunt
2844 4095 2890 4146 ei
2937 4094 3026 4162 qui
3073 4094 3297 4147 miserat
3340 4095 3404 4148 il-

1837 4191 1992 4244 lum?
2037 4189 2092 4242 In
2129 4202 2286 4256 quem
2329 4188 2542 4238 tandem
2594 4183 2764 4237 fertur
2816 4184 2985 4236 lides?
3038 4182 3288 4251 Nunquid
3350 4185 3402 4234 iu

1836 4281 2050 4333 Patrem
2082 4289 2134 4331 et
2165 4276 2438 4331 Christum
2474 4284 2729 4341 tanquam
2766 4273 2815 4324 in
2848 4273 2980 4325 duos
3026 4273 3197 4326 deos?
3228 4273 3401 4326 Absit.

1838 4371 2119 4425 Credimus
2155 4368 2298 4421 enim
2341 4377 2591 4434 tanquam
2651 4364 2700 4416 in
2751 4379 2914 4416 unum
2973 4377 3158 4414 verum
3212 4361 3400 4415 Deum.

140 4455 500 4510 πιστεύσειεν
530 4456 606 4515 εἰς
637 4454 891 4525 Χριστὸν,
925 4456 1289 4506 πεπίστευκεν
1323 4455 1400 4514 εἰς
1430 4453 1562 4504 Θεόν
1584 4469 1594 4480 ·
1631 4453 1726 4504 κᾶν

1840 4458 2196 4526 Quamobrem
2233 4457 2276 4509 si
2308 4456 2427 4524 quis
2458 4453 2630 4508 credit
2659 4453 2708 4504 in
2741 4452 3036 4511 Christum,
3071 4453 3241 4503 credit
3267 4451 3403 4502 idem

141 4552 196 4602 εί
236 4543 581 4598 πιστεύσειεν
608 4545 684 4604 εἰς
726 4543 856 4595 Θεὸν
887 4543 1128 4612 Πατέρα,
1182 4542 1555 4604 πεπιστευκὼς
1582 4543 1731 4595 ἕσται

141 4641 248 4694 καὶ
281 4640 365 4699 είς
397 4637 487 4687 τὸν
520 4637 614 4688 ἕνα
649 4637 851 4704 Κύριον
897 4635 1101 4705 Ἰησοῦν
1133 4635 1223 4686 τὸν
1256 4635 1510 4702 Χριστόν.

227 4865 248 4897 ι
311 4840 608 4911 Ἀπεκρίθη
655 4841 683 4892 6
725 4840 950 4909 Ἰησοῦς,
995 4840 1088 4892 καὶ
1128 4835 1280 4891 εἶπεν
1318 4839 1521 4900 αὐτοῖς·
1559 4837 1730 4889 Τοῦτό

1839 4555 1891 4607 in
1928 4551 2092 4604 Deum
2117 4550 2328 4602 Patrem
2363 4561 2573 4615 quoque
2609 4563 2620 4598 ε
2653 4554 2704 4596 et
2734 4555 2940 4607 contra,
2967 4544 3007 4595 si
3043 4543 3131 4609 qui
3163 4543 3212 4594 in
3240 4541 3401 4593 Deum

1837 4642 2048 4696 Patrem
2089 4641 2347 4701 credunt,
2389 4638 2547 4690 iidem
2590 4646 2641 4687 et
2692 4635 2742 4686 iu
2786 4649 2948 4686 unum
2991 4631 3273 4685 Dominum
3309 4646 3403 4683 uo-

1839 4747 2007 4787 struui
2041 4733 2218 4786 Jesum
2251 4731 2518 4784 Christum
2550 4741 2765 4794 quoque
2797 4725 3050 4778 credunt.

1913 4865 1930 4897 ι
1973 4843 2269 4911 Respondit
2306 4841 2484 4905 Jesus,
2532 4852 2585 4894 et
2619 4840 2750 4893 dixit
2797 4840 2946 4892 illis:
2994 4837 3105 4890 lloc
3152 4847 3233 4891 est
3269 4853 3402 4904 opus

131 4939 270 4990 ἐστι
305 4934 366 4987 τὸ
404 4933 564 5003 ἔργον
598 4927 691 4982 τοῦ
721 4928 877 4991 Θεοῦ,
905 4930 992 4980 ἵνα
1053 4929 1378 4997 πιστεύσητε
1416 4931 1494 4990 εἰς
1527 4928 1584 4979 ὃν
1629 4930 1726 4980 ἁπ-

1839 4940 1954 4996 Di-i,
1994 4949 2050 4988 ut
2077 4934 2310 4987 credatis
2347 4933 2398 4984 in
2425 4947 2545 4984 eum
2575 4945 2729 4998 quem
2761 4929 2905 4981 misit
2954 4928 3037 4980 ille
3066 4927 3132 4981 ⁵⁸.
3175 4945 3190 4975 ι
3225 4927 3280 4978 Si
3312 4927 3400 4978 Dei

136 5031 206 5083 ἐσ
219 5045 276 5079 τε
289 5027 400 5078 ιλεν
427 5025 656 5086 ἐκεῖνος.
691 5039 708 5071 ι
738 5020 800 5073 El
828 5019 888 5071 τὸ
915 5018 992 5086 τῷ
1017 5018 1135 5086 Θεῷ
1158 5019 1348 5070 δοκοῦν
1378 5020 1730 5088 ἐπιτελοῦμεν

134 5118 506 5179 πιστεύοντες
551 5116 630 5177 είς
681 5112 913 5185 Χριστὸν
963 5109 1147 5178 (αὑτὸν
1206 5111 1313 5176 γὰρ
1372 5111 1584 5180 ἀληθῶς
1628 5114 1729 5163 ἀπ-

130 5210 158 5258 έ
178 5209 442 5260 στειλενὸ
465 5209 653 5278 Πατὴρ
685 5209 762 5270 είς
785 5208 874 5259 τὸν
905 5206 1126 5273 κόσμον,
1155 5203 1239 5253 ὅτε
1270 5203 1490 5269 γέγονεν
1524 5205 1728 5272 ἄνθρω-

137 5316 251 5358 πος
287 5297 414 5348 καθ’
444 5301 636 5366 ἡμᾶς),
669 5299 784 5358 πῶς
819 5300 917 5350 οῦκ
964 5296 1028 5348 ἂν
1063 5294 1146 5362 εἴη
1184 5293 1315 5353 θεὸς
1341 5293 1618 5359 ἀληθινός;
1654 5293 1725 5343 Οὐ

135 5392 264 5458 γὰρ
305 5389 374 5440 ἂν
412 5385 479 5458 ἦν
522 5391 678 5458 ἔργον
704 5390 838 5442 Θεοῦ
869 5391 928 5442 τὸ
965 5386 1237 5440 πιστεύειν
1281 5386 1357 5444 είς
1388 5383 1567 5436 αὐτόν.

230 5523 250 5552 ι
317 5501 524 5570 Ἰησοῦς
554 5504 608 5552 δὲ
643 5503 860 5571 Ξκραξε,
902 5502 994 5556 καὶ
1024 5499 1205 5552 εἶπεν
1254 5497 1310 5547 ‘U
1344 5494 1608 5548 πιστεύων
1650 5497 1727 5556 εἰς

131 5596 277 5664 ἐμὲ,
310 5594 373 5644 οῦ
401 5590 640 5642 πιστεύει
670 5593 744 5652 εἰς
774 5594 894 5661 ἐμὲ,
931 5593 1065 5645 ἀλλὰ
1096 5593 1173 5653 είς
1200 5588 1287 5640 τὸν
1323 5588 1610 5662 πέμψαντά
1638 5607 1721 5657 με.

620 5772 646 5783 φ

223 5776 270 5804 ’¹
312 5772 468 5828 Jaun.
501 5789 555 5836 ιι,
582 5771 668 5822 ‘25.
715 5769 929 5824 ⁷¹.Ιυ.ιιι.
961 5787 1043 5835 ιιι,
1089 5771 1166 5836 17,
1209 5770 1288 5824 18.
1333 5770 1374 5799 ⁷³
1406 5767 1556 5821 .Ι(ι.ιιι.
1588 5781 1659 5831 iv,
1693 5765 1721 5817 5

1837 5762 1961 5803 ⁷³-“
1993 5764 2145 5816 ἆυλιι.
2175 5781 2223 5822 v,
2249 5763 2278 5813 ‘2
2298 5765 2333 5814 ἱ.

1835 5030 2165 5081 voluntatem
2193 5023 2500 5091 perlicimus
2547 5036 2665 5072 cum
2724 5019 2773 5070 in
2819 5017 3091 5070 Christum
3129 5017 3402 5068 credimus

1836 5120 1997 5187 (hunc
2035 5116 2176 5167 enim
2217 5114 2376 5166 Pater
2418 5125 2541 5163 vere
2592 5109 2737 5161 misit
2777 5107 2828 5159 in
2873 5106 3151 5172 mundum,
3191 5109 3402 5173 quando

1837 5206 2000 5260 nostri
2021 5204 2212 5256 similis
2235 5204 2407 5256 factus
2425 5211 2505 5254 est
2532 5200 2733 5266 humu),
2757 5197 3024 5265 quomodo
3049 5215 3153 5250 non
3176 5205 3255 5251 est
3276 5210 3401 5248 vere

1838 5295 2023 5350 Deus?
2057 5295 2235 5362 Neque
2266 5294 2407 5346 cnim
2440 5307 2572 5359 opus
2606 5291 2696 5344 Dei
2734 5300 2878 5346 esset
2907 5289 3126 5345 credere
3168 5290 3220 5341 in
3255 5303 3395 5340 cum.

1907 5495 2062 5563 127
2099 5512 2115 5543 ι
2138 5491 2292 5545 Jesus
2313 5502 2487 5544 autem
2517 5491 2787 5554 clamavit,
2822 5501 2872 5543 et
2901 5490 3034 5543 dixit
3065 5487 3196 5551 :Qui
3227 5489 3400 5539 credit

1834 5585 1884 5639 in
1914 5602 2017 5649 me,
2050 5602 2154 5638 non
2187 5584 2358 5638 credit
2387 5584 2439 5638 iii
2477 5601 2579 5648 me,
2614 5585 2702 5637 sed
2737 5586 2786 5634 iii
2827 5596 2944 5634 eum
2993 5582 3081 5646 qui
3116 5579 3257 5630 misit
3295 5594 3392 5630 me.

2400 5759 2617 5810 Η.1ιι.ιιι.
2661 5774 2736 5814 ιιι,
2779 5757 2854 5808 ίῦ.
2918 5756 2959 5783 ⁸⁸
2989 5755 3143 5808 Joan.
3191 5768 3261 5815 γι,
3303 5750 3392 5804 '29.
