4042 6510
572 364 706 424 1555
856 377 862 383 ’
1554 364 1610 422 S.
1654 362 1924 420 CYRILLI
1963 362 2434 420 ALEXANDRINI
2471 364 2784 419 ARCHIEP.
3693 362 3823 416 i336

562 473 633 532 Et
669 479 757 544 qui
806 477 949 531 videt
987 491 1092 539 me,
1138 477 1282 530 videt
1313 491 1432 530 eum
1463 477 1551 544 qui
1595 478 1740 532 misit
1779 493 1865 532 me
1894 479 1961 532 "’.
2003 497 2022 529 ι
2067 479 2132 532 Et

2237 481 2346 533 Καὶ
2391 481 2420 531 ὁ
2447 479 2668 549 Θεωρῶν
2699 478 2821 546 ὲμὲ,
2845 477 3042 548 θεωρεῖ
3064 478 3153 530 τὸν
3187 474 3488 546 πέμψαντά
3520 491 3615 544 με.
3639 493 3658 523 ι
3701 473 3827 525 Εἶτα

570 569 752 629 paucis
787 568 1083 636 interjeetis
1118 584 1130 618 :
1176 585 1193 616 ι
1233 567 1367 632 Quia
1393 582 1489 637 ego
1514 583 1578 621 ex
1616 568 1820 636 meipso
1865 583 1971 621 nou
2014 582 2133 622 sum

2241 571 2580 640 προσεπάγει
2598 571 2835 632 τούτοις⁹
2858 586 2877 618 ι
2911 568 3053 636 Ἐγὼ
3087 567 3144 633 ἐξ
3167 563 3408 637 ὲμαυτοῦ
3431 565 3535 618 οὐκ
3564 563 3827 631 ἐλάλησα,

568 661 807 721 loeutus;
842 658 936 711 sed
968 659 1058 726 qui
1095 658 1240 710 misit
1267 674 1351 712 me
1381 657 1559 724 Pater,
1601 660 1710 726 ipse
1748 659 1880 711 mihi
1914 661 2135 713 manda-

2238 661 2352 714 ἀλλ’
2377 664 2406 713 ὁ
2439 649 2757 730 πέμψαςημε
2787 659 2999 730 Πατὴρ,
3031 659 3191 721 αὐτός
3227 675 3316 727 μοι
3359 655 3592 724 ἐντολὴν
3636 654 3831 706 δέδωκε

569 748 678 800 tum
729 750 874 802 dedit
929 750 1057 817 quid
1104 750 1277 804 dicam
1319 759 1371 804 et
1419 751 1544 819 quid
1590 749 1778 818 loquar
1798 749 1866 802 ⁸⁸.
1934 768 1956 802 s
2005 748 2137 804 Cum

2238 755 2290 805 τί
2324 754 2484 816 εἴπω,
2517 753 2611 805 καὶ
2638 751 2689 804 τί
2725 750 2962 821 λαλήσω.
3014 769 3032 801 ι
3067 751 3198 803 Ὅτε
3227 748 3410 801 τοίνυν
3450 746 3584 799 κατ’
3617 743 3833 805 ἐντολὰς

569 854 697 904 ergo
739 840 992 893 mandato
1040 837 1238 903 Patris,
1287 839 1409 896 licet
1452 849 1513 894 ut
1560 840 1722 894 homo
1759 839 1935 902 dicat,
1979 841 2138 892 tidem

2239 844 2332 897 τοῦ
2372 843 2605 914 Πατρὸς,
2639 843 2740 896 κᾶν
2767 842 2842 904 ὡς
2869 841 3157 912 ἄνθρωπος
3194 839 3352 910 λέγῃ,
3385 838 3490 906 τὴν
3527 836 3728 888 πίστιν
3747 835 3835 902 τὴν

571 943 688 998 qua:
715 930 766 982 in
805 930 950 983 illiilli
988 942 1092 995 est,
1130 932 1326 985 referat
1358 932 1425 985 ad
1457 931 1672 986 Patrem
1711 931 2012 985 mittentem
2041 945 2056 993 ;
2089 940 2142 983 et

2242 939 2320 998 εις
2358 935 2540 1000 αὐτὸν,
2584 937 2664 998 είς
2691 934 2782 988 τὸν
2815 933 3112 1004 πέμψαντα
3161 931 3325 985 αὑτὸν
3359 928 3667 997 ἀναφέρει,
3699 927 3792 978 καὶ
3814 928 3838 976 ὁ

572 1023 662 1090 qui
694 1022 842 1074 illum
882 1023 1044 1086 videt,
1075 1037 1194 1077 eum
1238 1037 1450 1091 quoque
1497 1021 1708 1088 videat,
1750 1021 1843 1090 qui
1893 1019 2042 1074 misit
2075 1018 2143 1074 il-

2245 1025 2465 1096 Θεωρῶν
2513 1025 2696 1089 αὐτὸν,
2747 1024 2941 1093 θεωρεῖ
2972 1022 3064 1075 τὸν
3099 1020 3392 1091 πέμψαντα
3425 1019 3634 1071 αὐτόν’
3696 1016 3778 1077 τίς
3817 1016 3841 1066 ὁ

576 1112 715 1178 lum;
750 1113 872 1180 quis
897 1111 1045 1165 illum
1086 1127 1268 1166 verum
1303 1114 1468 1166 Deum
1517 1127 1640 1166 esse
1683 1125 1881 1179 negare
1914 1109 2145 1166 audeat?

2246 1116 2414 1185 φάναι
2464 1113 2678 1184 τολμῶν
2723 1114 2824 1167 οὐκ
2875 1111 3014 1166 εἶναι
3068 1111 3199 1164 Θεὸν
3243 1110 3430 1172 αὑτὸν,
3496 1109 3602 1160 καὶ
3659 1106 3842 1158 τοῦτον

577 1200 872 1269 Cogitatum
900 1204 1022 1256 huic
1055 1213 1138 1257 est
1171 1213 1224 1256 et
1275 1204 1404 1256 illud
1456 1218 1708 1271 quoque:
1757 1220 1776 1252 ι
1813 1201 2046 1255 Creditis
2089 1202 2143 1254 in

2247 1205 2526 1276 ἁληθινόν;
2567 1205 2793 1274 Ὅμοιον
2837 1202 2895 1255 δὲ
2936 1203 3148 1271 τούτῳ’
3198 1220 3217 1253 ι
3271 1198 3581 1254 Πιστεύετε
3636 1198 3722 1259 εἰς
3764 1196 3843 1249 τὸν

578 1290 768 1358 Deum,
805 1303 859 1347 et
886 1294 938 1347 in
966 1309 1051 1346 me
1080 1295 1287 1348 credite
1313 1295 1383 1345 '9.
1416 1312 1434 1345 ι

2244 1297 2397 1359 Θεὸν,
2432 1299 2526 1350 καὶ
2561 1297 2641 1358 είς
2673 1294 2773 1365 ἐμὲ
2808 1294 3114 1348 πιστεύετε.
3163 1311 3183 1346 s

879 1446 966 1500 Ea:
993 1447 1280 1516 Evangelia
1309 1447 1592 1500 secundum
1627 1445 1843 1501 Lucam.
2471 1451 2475 1461 ‘

2471 1450 2573 1505 Ἐκ
2618 1449 2724 1503 τοῦ
2762 1462 2912 1502 κατα
2945 1448 3188 1502 Λουκᾶν
3219 1444 3635 1515 Εὐαγγελίου.

655 1576 673 1607 σ
717 1557 1098 1613 Verumtamen
1132 1560 1302 1615 Filius
1330 1561 1564 1616 hominis
1597 1563 1842 1626 veniens,
1879 1573 2042 1633 putas
2068 1564 2151 1617 in—

2324 1584 2343 1617 ι
2390 1564 2536 1635 Πλὴν
2564 1565 2593 1616 ὁ
2633 1563 2760 1627 re;
2797 1562 2890 1616 τοῦ
2920 1559 3212 1631 ἀνθρώπου
3239 1555 3436 1620 ἐλθὼν,
3469 1550 3593 1626 ἆρα
3624 1549 3848 1620 εὑρήσει

581 1650 757 1704 veniet
789 1651 946 1705 iidem
980 1653 1033 1706 in
1065 1662 1206 1707 terra
1230 1653 1308 1706 °°?
1341 1672 1361 1705 ι
1399 1655 1626 1719 Quando
1667 1654 1912 1710 Christus
1944 1670 1975 1709 ο
2012 1656 2152 1710 coelo

2257 1655 2347 1725 τὴν
2376 1654 2553 1707 πίστιν
2585 1653 2678 1706 ἐπὶ
2708 1652 2975 1722 τῆς’γῆς;
3020 1669 3038 1701 ι
3077 1649 3248 1702 Ὅταν
3294 1647 3324 1699 ὁ
3358 1643 3614 1714 Χριστὸς
3671 1641 3736 1707 ἐξ
3775 1641 3853 1692 ob-

582 1743 707 1795 olim
738 1753 821 1797 est
853 1753 1130 1810 venturus,
1169 1746 1488 1812 eujusmodi,
1522 1761 1734 1816 quzeso,
1782 1747 1939 1801 fidem
1981 1762 2009 1800 a
2056 1762 2152 1801 no-

2257 1744 2417 1816 ρανοῦ
2452 1743 2851 1814 παραγένηται,
2897 1740 3060 1794 ποίαν
3105 1738 3215 1811 ἄρα
3258 1737 3490 1808 ζητήσει
3548 1734 3753 1786 πίστιν
3801 1732 3853 1781 ἐν

586 1833 663 1889 bis
708 1834 935 1902 exiget?
980 1834 1034 1888 Si
1078 1836 1220 1889 enim
1273 1837 1431 1890 homo
1483 1847 1690 1892 tantum
1747 1839 1916 1892 nostri
1960 1838 2151 1892 similis

2258 1838 2420 1906 ἧμῖνὶ
2450 1836 2513 1888 Εἰ
2546 1834 2645 1906 μὲν
2670 1833 2779 1903 γὰρ
2812 1833 2888 1896 ὡς
2923 1831 3210 1903 ἄνθρωπος
3245 1828 3369 1883 καθ’
3396 1827 3557 1897 ἡμᾶς
3595 1823 3854 1894 βούλεται

584 1923 726 1974 credi
754 1924 1045 1992 haberique
1079 1926 1210 1994 vult,
1243 1929 1362 1994 quis
1412 1928 1484 1981 illi
1525 1931 1745 1983 credere
1785 1928 2028 1982 abnuat?
2059 1928 2162 1983 ιιι-ν

2259 1926 2628 1991 πιστεύεσθαι,
2653 1925 2738 1989 τίς
2765 1927 2793 1978 ὁ
2822 1925 3132 1994 ἀπιστήσας
3163 1918 3343 1991 αὑτῷς
3382 1917 3727 1972 Ἐνεκάλουν
3751 1913 3855 1982 γὰρ

587 2013 682 2063 dmi
728 2013 800 2066 illi
836 2016 1154 2072 insultantes
1202 2019 1460 2073 aiebant:
1504 2039 1521 2071 ι
1582 2019 1691 2076 Cur
1741 2029 1792 2074 tu
1831 2020 1991 2074 homo
2031 2034 2152 2073 cum

2259 2021 2305 2070 οί
2380 2017 2618 2070 Ἰουδαῖοι
2670 2015 2920 2083 λέγοντες
2949 2028 2965 2044 ο
3003 2033 3022 2065 ι
3081 2013 3234 2066 Διατί
3286 2014 3351 2066 σὺ
3399 2008 3711 2079 ἅνθρωπος
3762 2003 3855 2068 ὢν,

591 2105 681 2167 sis,
719 2102 850 2160 facis
893 2109 1117 2176 teipsum
1152 2109 1317 2164 Deum
1349 2112 1434 2163 °’?
1465 2131 1481 2162 ι
1526 2112 1736 2166 Ethnici
1770 2125 1982 2179 quoque
2029 2125 2155 2164 cru—

2262 2110 2432 2171 ποιεῖς
2461 2107 2684 2161 σεαυτὸν
2707 2107 2838 2160 Θεόν
2863 2124 2878 2171 ;
2913 2126 2933 2160 ι
2979 2105 3238 2174 ’Έλληνες
3265 2104 3323 2158 δὲ
3352 2101 3596 2173 σταυρὸν
3625 2097 3858 2153 ἀκούον-

585 2210 700 2245 cem
737 2203 1071 2263 mortemque
1123 2199 1360 2268 ejusdem
1405 2202 1708 2261 audientes,
1747 2199 1796 2250 id
1843 2197 1981 2262 quod
2032 2197 2157 2250 dici-

2266 2218 2352 2264 τες
2383 2202 2478 2254 καὶ
2507 2201 2757 2264 θάνατον,
2794 2200 2870 2264 ὡς
2903 2200 3033 2271 περὶ
3071 2197 3362 2269 ἀνθρώπου
3393 2194 3586 2249 κοινοῦ
3618 2193 3862 2245 διάκειν-

588 2289 693 2345 tur,
729 2292 980 2351 tanquam
1019 2286 1083 2339 de
1123 2288 1396 2340 communi
1447 2287 1697 2354 quapiam
1740 2295 1936 2338 nostra:
1978 2283 2156 2338 condi-

2266 2309 2370 2360 ται,
2405 2293 2500 2346 καὶ
2528 2293 2636 2347 τῶν
2677 2292 2796 2346 καθ’
2846 2294 2992 2362 ἡμᾶς
3025 2290 3163 2354 ἑνός.
3197 2290 3364 2344 Ποίαν
3393 2283 3488 2341 οὖν
3523 2286 3642 2355 ἄρα
3675 2285 3862 2336 πίστιν

589 2372 750 2427 tionis
806 2375 1022 2428 homine
1080 2375 1284 2428 dictum
1331 2376 1626 2441 accipiunt.
1689 2374 1975 2444 Ecqualem
2026 2389 2154 2444 ergo

2267 2384 2449 2454 ζητεῖ,
2503 2385 2537 2455 ἢ
2587 2384 2822 2437 δολονὸτι
2880 2385 2981 2454 τὴν
3061 2379 3566 2451 ὲκκεκηρυγμένην
3609 2373 3708 2426 διὰ
3753 2372 3863 2424 τῶν

588 2456 744 2515 ﬁdem
775 2463 1054 2532 deposcit?
1083 2463 1230 2517 illam
1261 2467 1431 2533 ipsam
1463 2466 1718 2518 nimirum
1746 2505 1760 2526 ,
1801 2480 1959 2534 quam
1991 2465 2154 2519 divini

2266 2475 2564 2547 θεηγόρων,
2614 2476 2664 2528 οἳ
2698 2476 2792 2528 καὶ
2829 2473 3093 2528 αὐτόπται
3140 2472 3236 2524 καὶ
3269 2469 3543 2539 ὑπηρέται
3596 2465 3862 2532 γεγόνασι

591 2553 659 2605 illi
696 2569 989 2622 prmeones,
1025 2558 1116 2626 qui
1154 2568 1208 2610 et
1247 2559 1475 2611 ministri
1524 2569 1576 2612 et
1617 2568 1946 2626 spectatores
1994 2559 2156 2612 Verbi

2273 2567 2353 2620 τοῦ
2383 2567 2558 2634 Λόγου
2576 2567 2741 2636 ;Ἔφη
2773 2565 2950 2617 τοίνυν
2981 2563 3255 2630 Ἰωάννης,
3275 2562 3357 2612 ὅτι
3385 2578 3404 2610 ι
3426 2559 3486 2610 '0
3513 2557 3699 2623 Λόγος
3729 2552 3869 2621 σὰρξ

589 2647 911 2702 exstiterunt
962 2649 1029 2713 “,
1082 2651 1198 2704 orbi
1247 2652 1661 2706 annuutiarunt.
1711 2647 1947 2706 Joannes
1999 2652 2158 2720 igitur

2273 2656 2497 2725 ἐγένετο.
2524 2676 2541 2708 ι
2565 2657 2760 2724 Γέγονε
2784 2654 2840 2708 δὲ
2873 2651 3017 2722 σὰρξ
3033 2651 3173 2722 μετὰ
3200 2650 3294 2703 τοῦ
3316 2651 3500 2720 μεῖναι
3523 2647 3690 2709 Θεός.
3714 2644 3869 2713 Αὕτη

589 2737 664 2793 ait
694 2757 706 2792 :
750 2754 768 2791 ι
809 2739 1122 2795 EtVerbuni
1157 2758 1286 2796 caro
1318 2725 1520 2797 factum
1553 2753 1636 2798 est
1663 2744 1730 2798 ⁸³.
1775 2762 1793 2794 ›
1828 2743 2048 2797 Factum
2073 2751 2156 2796 est

2274 2747 2438 2799 τοίνυν
2470 2749 2502 2817 ἡ
2530 2748 2710 2810 πίστις
2741 2747 2799 2799 ὲν
2821 2747 2950 2816 ἡμῖν
2977 2744 3105 2813 παρ’
3129 2741 3292 2796 αὑτοῦ
3321 2739 3708 2812 ζητηθήσεται
3725 2739 3870 2793 κατὰ

592 2840 720 2881 sane
758 2843 904 2894 caro,
942 2832 1034 2884 sed
1087 2832 1185 2886 hoc
1220 2833 1313 2898 ita,
1349 2844 1405 2887 ut
1456 2835 1595 2888 Deus
1636 2844 1820 2888 tamen
1873 2850 1994 2887 esse
2045 2848 2150 2886 non
2263 2838 2507 2908 καιρούς.

591 2917 876 2974 destiterit.
901 2917 1202 2978 Istiusmodi
1235 2925 1419 2994 itaque
1453 2935 1535 2981 est
1565 2927 1716 2991 lii-les,
1746 2941 1904 2994 quam
1940 2925 2025 2978 ille
2056 2939 2152 2977 suo

593 3016 835 3077 tempore
865 3025 892 3064 a
929 3013 1084 3068 nobis
1110 3015 1368 3083 requiret.

599 3155 754 3218 Finis
789 3167 1040 3220 orationis
1085 3168 1269 3234 prima
1307 3165 1498 3236 Cyrilli
1542 3169 1766 3235 episcopi
1807 3169 2168 3232 Alexandrite,

2281 3165 2456 3227 Τέλος
2485 3163 2604 3236 τοῦ
2633 3161 2865 3236 πρώτου
2891 3162 3124 3236 ξελόγου
3145 3155 3694 3236 Ϋπροσφωγητικοῆ
3717 3155 3874 3236 παρὰ

967 3239 1034 3288 ad
1063 3227 1329 3302 piissimus
1355 3227 1581 3306 "reginas,
1599 3227 1792 3292 missae.
2157 3227 2166 3232 ’
2346 3233 2563 3306 Χυρίῌ

2346 3233 2652 3306 Κιλρίᾷλου
2672 3227 3042 3306 ςὲπισοεόπουί
3059 3227 3542 3298 Ἀλεξανδρείας,
3583 3227 3746 3294 πρὸς
3777 3227 3879 3289 τὰς

2083 3310 2086 3312 ’
2354 3299 2795 3365 εὐσεϐεστάτας
2827 3299 3179 3366 δεσποίνας.

1705 3459 1875 3516 Varia:
1916 3461 2172 3518 lectiones
2203 3459 2406 3515 codicis
2432 3455 2789 3526 Seguieriani.

673 3594 702 3626 ιλ
735 3589 892 3647 Deest
923 3591 974 3645 iu
1003 3606 1104 3648 ms.
1135 3591 1492 3662 Seguieriano
1515 3606 1708 3647 nomen
1743 3586 1873 3648 illud
1903 3594 2204 3649 numerale.

968 3927 1540 4033 ΚΥΡΙΛΛΟΥ
1612 3923 2544 4012 ΑΡΧΙΕΠΙΣΚΟΠΟΥ
2616 3913 3454 4009 ΑΛΕΞΑΝΔΡΕΙΑΣ

1627 4109 1842 4163 ΛΟΓΟΣ
1879 4108 2233 4161 ΔΕΥΤΕΡΟΣ
2270 4105 2849 4161 ΠΡΟΣΦΩΝΗΤΙΚΟΣ

1281 4262 1408 4328 ταῖς
1439 4261 1898 4327 εὐσεϐεστιὶταις
1928 4262 2353 4327 βασιλίσσαις,
2387 4261 2518 4328 περὶ
2559 4257 2669 4328 τῆς
2706 4255 2888 4326 ὀρθῆς
2919 4257 3198 4320 πίστεως.

1048 4556 1528 4647 CYRILLI
1608 4553 2525 4646 ARCHIEPISCOPI
2605 4543 3427 4640 ALEXANDRIIE

1911 4749 2208 4808 ORATIO
2254 4751 2303 4809 Α
2316 4747 2576 4808 LTERA

1535 4911 1626 4970 Ad
1664 4909 2180 4986 religiosissimus
2223 4909 2474 4988 reginas
2519 4908 2597 4968 de
2637 4910 2804 4967 recta
2838 4904 2984 4967 fide.

699 5241 861 5318 128
896 5245 931 5298 Ι.
968 5242 1056 5297 Eis
1104 5243 1192 5310 qui
1243 5242 1477 5300 divinum
1526 5243 1652 5300 illud
1696 5242 2022 5312 emlesteque
2059 5258 2194 5311 pra:-

2375 5241 2452 5294 A'.
2497 5239 2620 5300 Τοῖς
2662 5233 2723 5290 τὸ
2763 5233 2904 5288 Θεῖον
2953 5232 3045 5286 καὶ
3092 5233 3346 5304 οὐράνιον
3395 5232 3765 5307 ἱερουργοῦσι
3815 5239 3896 5304 κή-

629 5343 840 5396 dicandi
874 5351 1069 5392 munus
1094 5336 1490 5398 administrant,
1527 5339 1896 5392 universorum
1927 5338 2066 5390 Deus
2101 5350 2196 5404 per

2309 5347 2512 5401 ρυγμα,
2558 5329 2648 5382 διὰ
2683 5326 2864 5397 φωνῆς
2907 5323 3129 5379 Ἡσαΐου
3167 5323 3618 5393 παρακελεύεται
3655 5328 3833 5396 λέγων
3878 5328 3897 5376 ἑ

629 5424 777 5490 [sane
812 5432 1084 5500 prophetm
1118 5441 1301 5487 vocem
1331 5426 1588 5491 ejusmodi
1621 5431 1862 5482 oratione
1911 5429 2021 5482 hme
2063 5440 2198 5493 prce-

2306 5423 2411 5477 τῶν
2442 5423 2575 5476 ὅλων
2605 5419 2734 5483 Θεός
2755 5435 2768 5449 ⁸
2812 5437 2829 5470 ι
2873 5415 2988 5468 Ἐπ’
3014 5416 3136 5486 ὄρος
3168 5414 3372 5485 ὑψηλὸν
3400 5417 3669 5488 ἀνάϐηθι,
3702 5421 3895 5479 ὸεύατ-

633 5524 795 5592 cipit:
843 5544 858 5575 ι
910 5522 1084 5590 Super
1126 5524 1362 5572 montem
1395 5513 1666 5570 excelsum
1705 5519 1954 5582 ascende,
2011 5527 2064 5570 tu
2105 5517 2196 5585 qui

2308 5513 2650 5583 γελιζόμενος
2698 5509 2860 5564 Σιών·
2899 5507 3113 5578 ὕψωσον
3158 5509 3222 5578 τῇ
3256 5506 3402 5577 ίσχύῖ
3432 5507 3532 5580 τὴν
3568 5512 3760 5577 φωνήν
3788 5523 3889 5562 σου,

708 5681 748 5713 ³⁷
786 5681 940 5734 Junii.
984 5696 1078 5745 XII,
1112 5677 1197 5734 Η.
1278 5674 1322 5709 ⁵⁸
1358 5670 1484 5730 ibid.
1525 5669 1614 5725 49.
1723 5670 1763 5702 ’Ἰ
1801 5668 1924 5724 dua”
1996 5685 2099 5735 ειν,
2150 5668 2193 5721 Ι.
2272 5668 2304 5700 εί

2297 5671 2312 5701 ο
2349 5667 2477 5724 Luc.
2517 5681 2670 5733 tvm,
2710 5669 2759 5721 8.
2871 5665 2911 5695 ⁶¹
2947 5662 3103 5722 ίοτιιι.
3151 5681 3202 5732 x,
3250 5668 3338 5723 55.
3449 5672 3495 5700 ⁸³
3545 5671 3684 5727 Luc.
3744 5688 3782 5733 ι.
3843 5670 3885 5720 '1-

636 5748 682 5782 ⁶⁴³
712 5748 862 5806 Joau.
894 5768 927 5804 l.
976 5750 1051 5804 H-
