4042 6476
166 388 285 443 1537
934 390 1024 443 AD
1061 389 1358 444 REGINAS
1399 390 1484 444 DE
1528 390 1750 445 RECTA
1794 389 1949 446 FIDE
1989 391 2246 446 ORATIO
2286 391 2583 446 ALTERA.
3244 391 3382 445 1358

159 511 183 560 ὁ
217 505 684 573 εὐαγγελιζόμενος
729 505 1115 576 Ἰερουσαλήμ·
1161 506 1436 574 ὐψὼσατε,
1484 508 1556 576 μὴ
1607 525 1686 574 φο¹

1803 507 2142 577 evangelizas
2168 507 2295 562 Sion
2326 527 2339 573 ;
2374 508 2548 562 exalta
2578 509 2628 560 in
2663 508 2978 561 fortitudine
3010 522 3193 561 vocem
3229 519 3376 561 tuam

161 597 340 651 δεῖσθε.
387 615 406 647 ι
441 598 652 666 Χρῆναι
680 597 789 668 γὰρ
812 596 986 664 ἔγωγέ
1020 615 1162 666 φημι
1190 598 1314 660 τοὺς
1342 599 1686 666 τεταγμένου.

1809 598 1901 666 qui
1956 598 2294 667 evangelizas
2346 598 2690 652 Jerusnlem:
2750 598 3025 662 exaltate,
3087 598 3250 652 nolite
3309 600 3380 652 ti-

161 689 230 749 είς
277 687 604 757 ἱερουργίαν,
635 687 729 739 καὶ
769 687 829 738 τὸ
877 687 968 738 τοῦ
1003 687 1216 739 πάντων
1265 686 1422 756 ἡμῶν
1457 687 1686 756 Σωτῆρος

1808 702 1954 743 mere
1995 688 2063 742 “.
2122 706 2142 739 ι
2198 689 2410 742 Etenim
2470 690 2561 758 qui
2619 689 2669 741 in
2736 691 3076 743 sacerdotum
3132 689 3378 743 ordinem

159 777 374 845 Χριστοῦ
441 776 733 839 λαλοῦντας
781 777 1110 845 μυστήριον,
1154 778 1216 830 οὐ
1273 777 1686 848 κιιιτεῤῥιμμένοι

1807 780 1986 844 asciti,
2009 795 2127 834 eam
2162 780 2337 836 sortiti
2372 789 2498 835 sunt
2545 781 2898 851 provinciam,
2927 791 2985 834 ut
3026 780 3223 834 Christi
3259 796 3379 835 om-

157 871 284 939 ἓχειν
315 871 404 922 καὶ
437 868 804 940 χαμαιρῥιφὲς
837 868 896 919 τὸ
930 868 1204 937 φρόνημα,
1237 869 1332 920 καὶ
1369 869 1512 939 ὄκνῳ
1542 868 1686 922 νικώ·

1805 872 1955 926 nium
1986 881 2230 926 nostrum
2264 871 2562 926 Salvatoris
2621 873 2876 942 mysteria
2929 872 3230 925 edisserant
3281 887 3377 939 po-

160 979 321 1029 μενον,
369 964 461 1013 καὶ
511 959 735 1020 δειλίαις
788 959 1251 1027 συνεσταλμένον·
1281 960 1396 1012 ἀλλ’
1421 959 1556 1028 ὑψοῦ
1607 960 1686 1028 μὲι

1802 963 2037 1032 poloque
2079 972 2403 1032 proponant,
2443 963 2516 1017 illi
2567 978 2784 1017 sensum
2845 978 3182 1031 nequaquam
3227 953 3375 1029 abje-

156 1051 323 1120 ὥσπερ
349 1047 406 1102 εὖ
437 1048 702 1118 βεϐηκότα
731 1048 822 1100 τὸν
863 1047 1006 1112 νοῦν,
1044 1049 1136 1101 καὶ
1157 1049 1318 1101 οἱονεί
1358 1066 1475 1111 πως
1498 1050 1556 1101 ὲν
1588 1049 1678 1116 ὅρε

1804 1061 1971 1116 ctum,
2010 1051 2228 1107 humive
2266 1061 2569 1121 repentem,
2616 1060 2710 1104 aut
2758 1052 2970 1121 ignavia
3003 1053 3234 1116 victum,
3286 1060 3379 1103 aut

155 1143 405 1212 κείμενον,
448 1140 590 1193 οὕτω
626 1157 686 1192 τε
736 1139 843 1193 τῶν
891 1142 987 1209 τῆς
1032 1140 1290 1210 ἀληθείας
1330 1142 1616 1210 δογμάτων
1644 1140 1686 1192 τὲ

1802 1149 1946 1206 metu
1983 1142 2213 1196 fractum
2249 1141 2495 1196 obtinere
2525 1142 2719 1196 debent
2753 1159 2766 1194 :
2816 1143 2908 1195 sed
2959 1140 3193 1196 sublime
3236 1141 3380 1193 velut

153 1234 406 1304 ἐξαίρετον
439 1231 632 1294 κάλλος
668 1231 982 1301 περιαθρεῖν
1018 1231 1408 1295 σπουδάζοντα·
1433 1231 1679 1286 ποιεῖσθα

1804 1234 2163 1298 incedentem,
2194 1242 2250 1289 et
2276 1234 2430 1302 quasi
2461 1234 2514 1287 in
2547 1242 2730 1286 monte
2758 1233 3078 1287 collocatum
3106 1249 3120 1296 ;
3165 1247 3270 1299 quo
3302 1233 3380 1286 ni-

151 1325 202 1376 δὲ
240 1325 326 1377 καὶ
352 1324 475 1385 τοὺς
517 1323 709 1390 λόγους
756 1324 812 1374 ὲν
840 1322 1138 1394 παρρησίᾳ,
1171 1322 1274 1374 κᾶν
1322 1322 1374 1375 ετ
1417 1339 1561 1383 τινες
1595 1316 1686 1374 eiei

1801 1326 1997 1378 mirum
2024 1325 2090 1378 ad
2141 1339 2263 1378 eum
2303 1325 2518 1380 modum
2563 1325 2889 1392 comparati,
2934 1324 3185 1379 eximiam
3231 1326 3375 1376 illam

149 1418 193 1466 οξ
243 1415 750 1484 μυσταγωγούμενοι
801 1415 1026 1484 σκληροὶ
1071 1415 1164 1466 καὶ
1214 1414 1557 1482 δυσάγωγοι,
1606 1416 1686 1467 κα¹

1801 1429 2050 1468 verorum
2085 1415 2393 1484 dogmatum
2425 1423 2768 1469 venustatem
2806 1416 2992 1468 rimari
3030 1430 3092 1469 ac
3122 1413 3378 1481 introspi-

147 1498 248 1555 οἷον
279 1502 428 1554 ἵπποι
454 1503 602 1566 τινὲς
633 1502 903 1572 ἀγέρωχοι
949 1503 1042 1555 καὶ
1071 1502 1293 1571 ὲξήνιοι,
1332 1505 1460 1573 περὶ
1485 1498 1559 1556 ὧν
1597 1522 1700 1557 που

147 1593 235 1645 καὶ
276 1593 428 1655 αὐτός
465 1609 629 1662 φησιν
677 1593 706 1644 ὁ
754 1593 1024 1663 μακάριος
1075 1592 1237 1645 Δαυῒδ
1286 1595 1420 1664 πρὸς
1468 1595 1558 1648 τὸν
1593 1597 1700 1649 τῶν

144 1683 269 1735 ὅλων
298 1682 426 1735 Θεόν
447 1699 460 1712 ·
501 1703 518 1734 ι
573 1684 660 1736 Ἐν
690 1683 889 1754 χαλινῷ
919 1683 1013 1736 καὶ
1037 1684 1094 1736 ἐν
1125 1685 1287 1754 κημῷ
1320 1686 1419 1748 τάς
1445 1687 1701 1754 σιαγόνας

142 1774 309 1826 αὐτῶν
333 1774 548 1841 άγξαις,
582 1773 690 1826 τῶν
732 1775 804 1844 μὴ
843 1775 1168 1842 ἐγγιζόντων
1210 1775 1346 1844 πρὸς
1375 1777 1454 1826 σέ.
1497 1795 1516 1826 ι
1552 1777 1614 1828 Ei
1641 1776 1698 1828 δὲ

1801 1522 1948 1572 cere,
1979 1508 2253 1576 verbaque
2287 1508 2551 1576 intrepide
2583 1506 2763 1562 facere
2802 1506 3049 1572 valeant;
3083 1516 3376 1574 quantum-

1800 1599 1882 1654 vis
1908 1613 1973 1653 ex
2007 1599 2073 1654 iis
2115 1599 2204 1666 qui
2251 1599 2424 1653 sacris
2467 1598 2861 1663 informantur,
2913 1597 3155 1651 nonnulli
3204 1597 3378 1650 instar

1799 1703 2061 1757 equorum
2098 1688 2479 1752 insolentium,
2527 1687 2618 1750 qui
2655 1687 2916 1742 infrenari
2961 1701 3065 1740 non
3115 1693 3373 1752 possunt,

1801 1781 1964 1834 duros
1991 1789 2046 1834 et
2077 1779 2441 1834 intractabilcs
2471 1792 2530 1834 se
2565 1780 2878 1848 praebeant:
2913 1777 2978 1831 de
3011 1777 3204 1845 quibus
3247 1775 3376 1827 bea-

144 1867 230 1919 καὶ
287 1869 393 1928 τοῖς
447 1865 619 1929 οῦτως
672 1865 857 1936 ἔχουσι
910 1866 1104 1938 φρενὸς
1161 1867 1518 1936 προσϐάλλειν
1567 1869 1686 1921 ἀνα-

1803 1881 1885 1926 tus
1911 1871 2074 1926 David
2105 1886 2371 1926 summum
2410 1870 2557 1923 illum
2603 1884 2779 1924 rerum
2827 1869 3067 1923 omnium
3113 1867 3372 1934 Opiﬁcem

141 1959 340 2022 γκαῖον,
372 1955 487 2016 πῶς
507 1956 607 2009 οὐκ
639 1957 936 2024 ἃνῖγένοιτο
957 1957 1064 2010 τῶν
1093 1957 1232 2026 ἄγαν
1264 1958 1694 2029 σφαλερωτάτων

137 2050 194 2100 τὸ
221 2047 426 2100 ἑλέσθαι
453 2047 629 2116 σιγὴν,
659 2030 753 2101 καὶ
784 2049 858 2118 μὴ
879 2052 1001 2113 ταῖς
1028 2050 1308 2103 εὐσεϐέσιν
1329 2051 1357 2102 ὐ
1368 2050 1482 2119 μῶν
1505 2052 1696 2114 ἀκοαῖς

137 2139 326 2190 ἐνιέναι
355 2137 696 2201 πλειστάκις,
727 2140 978 2212 καθάπερ
1001 2159 1052 2194 τι
1075 2144 1224 2211 νᾶμα
1247 2143 1417 2210 γλυκύ
1439 2143 1532 2195 καὶ
1561 2143 1696 2208 ζωο-

138 2228 301 2291 ποιδν,
325 2227 429 2279 τῶν
456 2228 614 2296 ίερῶν
645 2228 992 2298 Γραμμάτων
1017 2231 1116 2300 τὴν
1148 2231 1369 2298 γνῶσιν,
1399 2234 1536 2304 ὅπερ
1562 2235 1695 2303 ἡμῖν

133 2321 222 2372 καὶ
287 2320 452 2373 πάλαι
522 2319 654 2384 Θεὸς
729 2321 1070 2389 ὑπισχνεῖτο,
1127 2321 1297 2387 λέγων
1359 2322 1445 2374 διά
1514 2324 1695 2392 φωνῆς

144 2413 353 2466 Ἠσαίου
378 2430 390 2442 ·
429 2430 447 2462 ι
487 2413 594 2465 Καὶ
617 2412 914 2484 ἀντλήσαεε
949 2411 1091 2481 ὕδωρ
1121 2411 1237 2481 μετ’
1265 2414 1602 2485 εὐφροσύνης
1630 2417 1695 2468 ὲκ

128 2504 233 2557 τῶν
283 2504 471 2574 πηγῶν
500 2504 594 2556 τοῦ
657 2504 958 2573 Σωτηρίου.
1001 2522 1018 2552 ι
1075 2505 1374 2571 Σωτηρίω
1409 2505 1465 2556 δὲ
1497 2506 1694 2574 πηγὰς

127 2591 263 2648 εἷναί
294 2614 472 2664 φαμεν
502 2597 626 2659 τοὺς
658 2597 846 2664 ἁγίους
890 2597 1193 2665 προφήτας,
1223 2596 1610 2664 εὐαγγελιστάς
1633 2615 1693 2650 τε

126 2690 217 2741 καὶ
258 2688 604 2752 ἀποστόλους,
641 2688 688 2738 οἳ
718 2688 804 2738 τὸν
836 2686 1044 2739 ἄνωθεν
1077 2688 1169 2738 καὶ
1219 2687 1274 2751 ἐξ
1317 2685 1547 2755 οὐρανοῦ
1598 2687 1692 2739 καὶ

124 2781 388 2848 σωτήριον
421 2779 498 2847 τῷ
532 2775 720 2848 κόσμῳ
750 2777 974 2846 βρύουσι
1005 2777 1180 2844 λόγον,
1215 2777 1574 2847 χορηγοῦντος
1595 2778 1690 2829 αὐ-

118 2872 232 2932 τοῖς
264 2869 356 2921 τοῦ
401 2869 558 2936 ἁγίου
607 2867 941 2936 Πνεύματος,
979 2867 1196 2921 ἅπασάν
1229 2884 1287 2920 τε
1316 2867 1457 2919 οὕτω
1489 2885 1689 2920 κατευ-

118 2941 402 3029 φραίνουσι
433 2960 534 3029 τὴν
556 2957 645 3011 ὐπ’
674 2958 921 3027 οὐρανόν.
957 2958 1091 3028 Φέρε
1127 2959 1325 3023 τοίνυν,
1359 2962 1438 3022 είς
1461 2959 1528 3012 τά
1551 2959 1688 3028 βάθη

116 3051 226 3103 τῶν
277 3053 406 3123 παρ’
446 3049 610 3104 αὐτοῦ
660 3048 879 3101 ἐννοιῶν
931 3049 1209 3112 καθιέντες
1256 3049 1348 3102 τὸν
1396 3049 1541 3112 νοῦν,
1590 3051 1689 3120 τῆς

112 3141 369 3210 ἀληθείας
404 3141 501 3209 τὴν
535 3138 751 3209 εῦρεσιν
794 3139 1000 3192 ἐκεῖθεν
1035 3139 1409 3209 ἀντλήσωμεν.
1456 3140 1687 3210 Γηπόνοι
1710 3177 1758 3236 c

111 3230 215 3300 μὲν
246 3227 338 3283 οὖν
377 3229 436 3293 ἐξ
467 3227 651 3298 ἀγρῶν
693 3226 760 3280 τά
794 3228 1133 3296 εὐοσμότατα
1167 3229 1274 3282 τῶν
1306 3230 1511 3284 ἀνθέων
1546 3231 1688 3283 κατά

107 3323 337 3391 καιροὺς
368 3320 780 3388 ἀποκείραντες,
815 3313 935 3371 εἶτα
957 3318 1132 3372 ταῦτα
1153 3321 1410 3390 ταλάροις
1443 3322 1686 3386 ἐνθέντες

103 3412 446 3482 ἀποφέρουσι
473 3413 583 3472 τοῖς
623 3408 908 3472 δεσπόταις
931 3427 944 3440 ο
974 3412 1022 3463 ot
1062 3412 1116 3464 δὲ
1150 3414 1244 3466 καὶ
1275 3415 1392 3466 λίαν
1436 3415 1686 3486 ἀσμένως

103 3501 422 3573 προσίενταί
451 3517 530 3564 τε,
557 3499 778 3562 καὶτοῖς
804 3499 862 3565 ἐξ
884 3499 1042 3569 ὡρῶν
1068 3502 1473 3570 ὲπιγάννυνται.
1491 3506 1680 3574 Ἡμεῖς

98 3594 179 3656 δὲ,
206 3595 322 3647 ὅσοι
343 3594 402 3646 τὸ
430 3591 801 3646 διδασκαλικὸν
823 3593 1015 3662 ἔχομεν
1041 3594 1400 3664 ἐπιτήδευμα,
1426 3597 1679 3669 καθάπερ

95 3687 161 3750 ἐξ
193 3683 368 3757 ἀγροῦ
397 3685 494 3753 τῆς
538 3683 897 3737 θεοπνεύστου
927 3684 1169 3755 Γραφῆς,
1213 3687 1312 3738 οὐκ
1343 3687 1681 3756 εὐμάραντον

95 3782 231 3833 θέαν
261 3777 707 3850 προσκομίζομεν
740 3778 966 3841 ἀνθέων,
1017 3778 1208 3844 λόγους
1258 3779 1314 3831 δὲ
1364 3780 1563 3848 μᾶλλον
1589 3782 1682 3834 καὶ

96 3869 503 3941 μυσταγωγίαν
548 3871 646 3939 τὴν
697 3869 786 3921 διά
832 3871 927 3922 τοῦ
980 3870 1310 3940 Πνεῦματος,
1373 3872 1682 3942 ἀμάραντον

91 3966 337 4034 ἔχουσαν
369 3964 466 4033 τῆς
504 3964 581 4024 είς
625 3961 860 4032 Χριστὸν
919 3963 1200 4028 εὐσεὸείας
1233 3965 1294 4018 τὸ
1340 3965 1554 4027 κάλλος,
1587 3967 1677 4018 εὐ-

86 4056 441 4126 ωδιάζουσάν
471 4073 532 4108 τε
569 4056 662 4109 καὶ
693 4053 838 4123 μάλα
865 4055 1130 4117 πλουσίως
1175 4055 1234 4107 τὸ
1263 4055 1427 4107 αὐτοῦ
1471 4056 1678 4123 μυστή-

88 4170 238 4220 ριον.
273 4152 589 4218 Γέγραπται
638 4145 766 4214 γάρ,
789 4147 868 4199 ὃτι
891 4165 909 4197 ι
931 4145 1165 4217 Χριστοῦ
1193 4145 1387 4197 εὐωδία
1414 4145 1579 4213 ἐσμὲν
1601 4143 1680 4214 τῷ

81 4243 240 4299 Θεῶ.
269 4262 287 4292 ι

1800 1962 2168 2031 interpellans,
2201 1963 2276 2015 ita
2307 1961 2496 2015 scribit
2526 1976 2540 2012 :
2578 1978 2597 2012 ι
2633 1961 2688 2014 1η
2722 1975 2877 2015 camo
2904 1967 2958 2012 et
2991 1958 3144 2012 freno
3179 1957 3371 2011 maxil-

1795 2051 1876 2106 las
1928 2068 2116 2108 eornm
2168 2050 2513 2120 constringe,
2560 2051 2650 2119 qui
2709 2065 2815 2103 non
2873 2050 3252 2118 approximant
3308 2050 3371 2101 ad

1797 2151 1850 2195 te
1877 2141 1941 2196 “.
1980 2161 1998 2192 ι
2035 2141 2188 2206 Quod
2221 2142 2264 2194 si
2295 2140 2382 2194 tali
2407 2140 2586 2194 animo
2618 2140 2854 2208 praeditis
2884 2139 3233 2192 nihilominus
3264 2138 3369 2189 vim

1797 2232 2000 2287 inferre
2055 2241 2306 2300 oportet,
2367 2233 2636 2300 quomodo
2689 2231 2983 2285 absurdum
3045 2245 3148 2282 non
3186 2226 3371 2280 luerit

1796 2325 1936 2395 apud
1969 2339 2064 2379 vos
2097 2324 2291 2386 silere,
2340 2325 2552 2392 piisque
2592 2324 2788 2378 vestris
2832 2322 3056 2376 auribus
3092 2335 3370 2375 sacrarum

1796 2415 2126 2470 Litterarum
2161 2415 2428 2477 notitiam,
2465 2414 2629 2468 veluti
2663 2414 2874 2469 dulcem
2912 2413 3197 2482 quemdam
3237 2413 3370 2464 vivi-

1796 2509 2066 2575 licumqne
2109 2506 2343 2568 laticem,
2376 2505 2516 2558 nolle
2570 2505 2806 2558 subinde
2862 2503 3165 2557 instillare?
3216 2502 3369 2566 Quod

1794 2598 2008 2665 quidem
2044 2597 2184 2650 Deus
2211 2611 2306 2662 per
2350 2594 2503 2648 Isaia:
2545 2595 2821 2664 propheta:
2860 2608 3044 2646 vocem
3097 2591 3367 2659 quontlant

1795 2689 2026 2749 locutus,
2061 2687 2320 2754 ejusmodi
2351 2686 2528 2739 verbis
2559 2685 2716 2738 nobis
2748 2684 3014 2752 promittit
3045 2700 3056 2734 :
3095 2703 3111 2733 ι
3152 2681 3370 2734 llaurie-

1795 2779 1883 2842 tis,
1921 2780 2117 2844 inquit,
2155 2794 2276 2832 eum
2322 2777 2522 2847 gaudio
2567 2790 2736 2845 aquas
2779 2775 2844 2828 de
2895 2774 3131 2826 fontibus
3165 2772 3370 2825 Saluta-

1794 2871 1868 2922 ris
1900 2870 1964 2919 ⁸⁸.
2003 2887 2019 2919 ι
2049 2865 2315 2922 Salttturis
2347 2878 2525 2921 autem
2561 2866 2732 2932 fomes
2777 2864 3108 2933 appellamus
3153 2874 3368 2916 sanctos

1792 2962 2103 3031 prophetas,
2155 2960 2516 3027 evangelistas
2552 2968 2605 3011 et
2635 2957 2909 3025 apOStolos
2943 2975 2954 3009 :
2999 2958 3053 3009 hi
3095 2957 3236 3009 enim
3277 2969 3369 3008 sa-

1792 3054 1952 3108 lutari
1998 3052 2318 3118 cmlitusque
2371 3052 2564 3104 hausta
2626 3049 2870 3103 doctrina
2917 3047 3173 3101 mundum
3226 3046 3367 3098 hune

1794 3146 2044 3216 irrigant,
2101 3144 2307 3212 Spiritu
2365 3155 2552 3198 sancto
2608 3142 2822 3206 imbuti,
2885 3151 3167 3209 totumque
3226 3139 3365 3191 hunc

1794 3237 1978 3288 orhetn
2010 3234 2302 3288 lietificant.
2353 3234 2410 3286 lu
2460 3234 2575 3297 ejus
2620 3233 2846 3302 proinde
2895 3231 3157 3300 profunda
3208 3243 3364 3282 sensa

1798 3328 1993 3381 mentis
2031 3326 2216 3380 oculos
2268 3326 2657 3394 conjicieutes,
2714 3326 2957 3377 veritatis
3003 3323 3364 3376 inventionem

1794 3419 1916 3472 inde
1951 3419 2283 3472 hauriantus.
2318 3416 2778 3483 Quemadmodum
2814 3431 2942 3483 ergo
2975 3413 3227 3488 agricola:
3259 3413 3366 3467 l'ra-

1791 3508 2164 3578 grantissimos
2198 3522 2443 3576 quosque
2474 3505 2632 3559 ﬂores
2667 3517 2967 3574 opportuno
3013 3516 3253 3573 tempore
3298 3520 3362 3554 cx

1791 3601 1934 3669 agris
1979 3600 2310 3666 decerpunt,
2365 3599 2526 3668 129
2576 3600 2968 3667 decerptosquc
3024 3611 3088 3650 ac
3135 3595 3268 3650 scite
3313 3595 3363 3646 in

1790 3692 2017 3745 calathis
2044 3693 2372 3758 compositos
2400 3691 2631 3744 dominis
2665 3691 2776 3743 suis
2817 3689 3082 3751 olferuut;
3118 3703 3250 3754 quos
3291 3687 3363 3739 illi

1792 3797 1915 3834 mox
1991 3780 2249 3835 benevole
2324 3789 2586 3851 gratoque
2659 3779 2841 3832 animo
2898 3778 3362 3847 complectuntur,

1791 3875 2214 3941 eorumdemque
2242 3873 2437 3926 decore
2472 3887 2534 3925 ac
2567 3882 2845 3925 venustate
2871 3871 3094 3924 util-ilice
3118 3871 3364 3923 alliciun-

1793 3977 1925 4024 tur;
1963 3963 2032 4015 ita
2067 3979 2184 4025 nos,
2241 3964 2328 4031 qui
2375 3963 2601 4016 docendi
2649 3977 2846 4015 munus
2892 3962 3262 4030 suscepimus,
3298 3977 3362 4012 ex

1790 4055 1964 4109 divina
2001 4055 2276 4122 Scriptura
2320 4054 2482 4108 veluti
2533 4070 2599 4109 ex
2650 4070 2778 4124 agro
2821 4053 3074 4124 quotiiam
3121 4067 3225 4104 non
3272 4051 3366 4104 ilo-

1789 4161 1909 4199 rum
1965 4146 2072 4198 cito
2118 4146 2570 4199 marcesceutium
2622 4147 2871 4199 decorem
2925 4143 3224 4206 oll‘erimus,
3271 4142 3363 4194 sed

1787 4249 2092 4290 sermonum
2127 4234 2510 4301 doctrinaeque,
2547 4249 2666 4300 qua:
2697 4248 2791 4302 per
2827 4232 3082 4298 Spiritum
3117 4242 3363 4285 sanetum

81 4335 321 4403 pietatis
369 4332 421 4386 in
472 4330 748 4386 Christum
799 4328 1301 4384 immarcescibilem
1366 4337 1701 4388 venustatem
1769 4327 2035 4390 continet,
2101 4341 2400 4396 magnaque
2467 4327 2734 4379 suavitate
2799 4335 2853 4378 et
2912 4326 3156 4379 ubertate
3223 4325 3362 4378 illius

79 4426 423 4494 mysterium
457 4421 661 4477 redolet
693 4418 1072 4487 fragrantiam.
1099 4418 1372 4487 Scriptum
1405 4426 1484 4470 est
1515 4417 1659 4470 enim
1692 4417 1832 4485 quod
1865 4435 1884 4467 ι
1920 4414 2124 4469 Christi
2158 4420 2330 4469 bonus
2362 4416 2494 4469 odor
2525 4429 2712 4468 sumus
2743 4414 2848 4466 Deo
2874 4414 2939 4467 ⁸⁷.
2968 4433 2984 4463 ι

156 4521 240 4573 B’.
285 4519 558 4588 Πρόσειμι
589 4518 652 4588 δὴ
683 4509 774 4568 οῦν
801 4515 1072 4578 ἀνατιθεὶς
1101 4515 1190 4567 τὸν
1219 4513 1372 4580 λόγον
1408 4512 1537 4580 ὑμῖν
1563 4515 1681 4575 ταῖς
1715 4516 1755 4570 D

73 4607 519 4666 εὐσεϐεστάταις
555 4606 926 4673 βασιλίσσαιςο
962 4605 1255 4672 πεποίηται
1309 4601 1365 4653 δέ
1416 4620 1503 4670 μοι
1547 4604 1675 4672 περὶ

67 4698 181 4764 τῆς
222 4696 398 4765 ὀρθῆς
438 4696 532 4748 καὶ
563 4696 866 4766 ἀμωμήτου
895 4695 1152 4758 πίστεως,
1185 4696 1326 4764 ἥπερ
1355 4693 1420 4746 ἂν
1465 4692 1673 4758 γένοιτο

68 4791 219 4859 ’παρ’
270 4788 433 4857 ὑμῶν
473 4789 551 4848 εἰς
579 4787 668 4838 τὸν
713 4788 915 4856 Κύριον
967 4787 1121 4856 ἡμῶν
1165 4783 1370 4855 Ἰησοῦν
1413 4783 1668 4851 Χριστόν.

68 4882 302 4952 Πρέπει
340 4879 451 4950 γὰρ
491 4879 618 4948 ὑμῖν
664 4876 727 4945 δὴ
759 4877 992 4945 μάλιστα
1021 4878 1140 4937 ταῖς
1169 4875 1343 4936 οὕτως
1383 4875 1554 4935 ὁσίαις
1581 4875 1672 4925 καὶ

68 4969 564 5035 θεοφιλεστάταις,
601 4963 734 5034 ὁμοῦ
769 4966 880 5026 τοῖς
905 4964 1003 5032 τῆς
1038 4961 1314 5029 βασιλείας
1347 4964 1672 5034 ὐπερτάτοις

68 5059 218 5126 πιύχή
232 5075 397 5124 μασι,
433 5057 526 5110 καὶ
555 5057 654 5126 τῆς
682 5055 762 5118 είς
787 5051 1019 5126 Χριστὸν
1048 5051 1267 5119 ἀγάπης
1291 5053 1381 5104 τὸν
1409 5053 1671 5119 στέφανον

70 5147 450 5214 Ξιναδήσαθαι.
479 5149 618 5217 Ἤδη
649 5147 746 5218 μὲν
776 5142 867 5200 οὖν
888 5147 1007 5208 ταῖς
1037 5141 1299 5211 ἁοιδίμοις
1323 5143 1474 5212 ὐμῶν
1500 5144 1669 5209 ὲφήρυ

70 5251 284 5287 λοσται
319 5239 608 5304 κορυφαῖς,
640 5238 734 5290 καὶ
765 5236 1139 5306 ἀτελευτήτοις
1173 5233 1314 5300 ὑμᾶς
1343 5231 1610 5294 εὐκλείαις
1640 5233 1668 5282 ὁ

70 5326 178 5378 τῶν
215 5325 370 5377 ὅλων
405 5328 829 5396 καταφαιδρύνει
862 5329 1011 5389 Θεός.
1070 5323 1240 5394 ’Υπὲρ
1272 5321 1401 5389 γοῦν
1434 5321 1526 5374 τοῦ
1573 5323 1668 5374 καὶ

72 5421 140 5470 ζτι
177 5415 466 5485 μειζόνως
514 5416 1092 5488 καταλαμπρύνεσθαι,
1131 5415 1223 5469 τοῦ
1265 5413 1406 5467 κατὰ
1435 5414 1667 5482 Χριστὸν

72 5505 397 5575 ιυστηρίου
430 5508 527 5576 τὴν
566 5507 770 5577 ἀκριϐῆ
815 5525 872 5559 τε
919 5510 1011 5561 καὶ
1039 5507 1416 5575 ἁκιϐδήλευτον
1466 5505 1666 5572 γνῶσιν

81 5597 319 5668 χούσας
352 5597 434 5660 είς
474 5595 616 5659 νοῦν,
650 5582 965 5650 συντέθεικα
993 5600 1051 5649 τὸ
1083 5597 1328 5665 λογίδιον,
1360 5597 1446 5648 δια
1485 5595 1665 5668 πάσης

631 5774 673 5803 ⁶⁵
706 5769 841 5826 Psal.
878 5787 1020 5834 xui,
1057 5772 1107 5825 9.

129 5775 180 5805 5"
218 5772 339 5828 lsa.
379 5788 465 5836 XL,
499 5773 546 5827 9.
631 5774 673 5803 ⁶⁵
706 5772 841 5826 Psal.
878 5787 1020 5834 xui,
1057 5772 1107 5825 9.
1187 5773 1230 5804 “
1264 5772 1358 5827 lsa.
1394 5788 1485 5834 xu,
1520 5773 1571 5825 5.

1877 4509 1939 4563 Il.
2019 4511 2096 4564 Eu
2142 4526 2307 4579 ergo,
2361 4510 2558 4578 regina:
2642 4509 2859 4574 pictatis
2939 4509 3359 4572 atuautissimm,

1784 4604 1982 4657 librum
2016 4619 2173 4670 quem
2217 4605 2282 4656 de
2317 4612 2458 4655 recta
2509 4613 2562 4655 et
2612 4601 2919 4669 iurulpaltili
2969 4603 3018 4653 iu
3077 4601 3359 4653 Dominum

1783 4706 2024 4748 nostrum
2069 4693 2250 4746 Jesum
2295 4692 2571 4742 Christum
2622 4691 2752 4750 lide,
2798 4690 2972 4757 qualis
3017 4701 3193 4742 vestra
3238 4703 3361 4742 esse

1779 4789 1956 4847 debet,
1990 4783 2308 4848 conscripsi,
2339 4782 2488 4834 vobis
2518 4781 2706 4834 oll'ero.
2741 4782 2901 4834 Decet
2936 4782 3078 4832 enim
3104 4797 3206 4832 vos
3239 4796 3361 4833 san-

1780 4875 2049 4931 ctimonia:
2106 4887 2160 4925 et
2217 4873 2400 4940 pietati
2460 4874 2705 4942 apprime
2764 4873 3024 4932 addictus,
3071 4885 3172 4922 una
3233 4886 3353 4924 cum

1779 4981 1991 5019 summo
2025 4965 2168 5033 regni
2207 4966 2442 5035 fastigio,
2477 4964 2756 5018 cltarilatis
2786 4979 2998 5030 quoque
3030 4978 3149 5030 qua:
3179 4973 3264 5016 est
3301 4965 3353 5017 iu

1777 5059 2072 5120 Christum,
2127 5073 2325 5111 corona
2369 5058 2624 5111 redimiri.
2671 5054 2794 5107 ll:ec
2838 5054 2982 5107 enim
3030 5057 3356 5109 venerandis

1778 5149 1972 5204 vestris
2014 5152 2307 5204 verticibus
2333 5151 2441 5216 jatn
2493 5155 2669 5213 aptata
2724 5155 2828 5210 est,
2877 5155 2929 5199 et
2976 5148 3353 5200 universorum

1774 5240 2034 5296 Dominus
2064 5242 2230 5311 gloria
2265 5252 2540 5305 nunquam
2576 5238 2816 5305 peritura
2870 5253 2965 5292 vos
2997 5240 3349 5293 condecorat.

1770 5331 2022 5386 Altamen
2055 5347 2160 5400 quo
2202 5331 2372 5398 magis
2414 5329 2576 5382 etiam
2628 5330 3063 5385 condecoretnini
3094 5369 3106 5390 ,
3149 5329 3351 5382 Christi

1773 5423 2087 5492 mysterium
2119 5430 2306 5472 exacta
2339 5429 2393 5472 et
2427 5436 2763 5489 nequaquam
2808 5420 3108 5473 adulti-rata
3157 5419 3348 5473 notitia

1771 5511 2147 5580 percipientes,
2179 5510 2576 5564 oratiunculam
2625 5508 2937 5576 composui,
2979 5509 3028 5559 in
3072 5525 3175 5576 qua
3223 5509 3349 5564 illud

1773 5617 2159 5672 usquequaque
2194 5600 2412 5669 planum
2462 5603 2628 5678 iacio,
2668 5603 2806 5672 quod
2847 5600 2988 5654 sicut
3041 5618 3058 5651 ι
3099 5617 3233 5655 unus
3267 5605 3352 5657 est

1656 5776 1694 5804 τί
1733 5776 1748 5829 l
1787 5777 1912 5830 Cor.
1955 5792 2012 5841 ll,
2053 5777 2134 5831 15.
