4042 6448
665 357 793 412 1559

1638 355 1694 412 S.
1738 356 2010 412 CYlilLLl
2053 354 2517 410 ALEXANDRINI
2556 352 2879 410 ARCllIEP.

3790 356 3917 409 1560

662 478 836 542 Pater,
871 494 943 529 ex.
968 493 1071 544 quo
1099 477 1276 529 omnia
1310 500 1321 530 ;
1357 476 1426 529 ita
1461 492 1623 529 unum
1654 493 1865 545 quoque
1896 493 2013 531 esse
2047 478 2222 530 Domi-

2331 476 2536 538 ἐννοίας
2585 474 2960 537 καταδεικνὺς,
2994 473 3097 536 ὅτι,
3140 490 3157 523 ι
3192 472 3383 543 ὥσπερ
3410 472 3562 525 ἐστὶν
3586 464 3674 535 εἷς
3720 472 3851 535 Θεὸς
3892 478 3917 525 ὁ

662 587 787 621 num
822 580 1060 622 nostrum
1092 569 1272 624 Jesum
1318 566 1624 631 Christum,
1669 584 1762 636 per
1805 583 1961 635 quem
2001 568 2223 622 omnia:

661 677 797 713 unus
854 661 1073 713 omnino
1122 668 1205 714 est
1258 658 1489 727 Spiritus
1544 669 1781 722 sanctus,
1838 661 1887 711 in
1952 675 2057 725 quo
2107 674 2222 711 om-

661 752 745 802 uia
771 752 835 803 ⁶⁸.
878 770 895 801 ι
932 750 1031 816 Qui
1063 760 1243 803 autem
1276 765 1438 802 unum
1468 748 1742 801 Christum
1775 757 1827 802 ct
1861 750 2142 802 Dmuinum
2173 760 2227 801 et

662 840 850 892 Filium
899 841 949 891 in
1002 842 1134 893 duos
1185 839 1324 893 ﬁlios
1364 838 1653 902 divellunt,
1700 854 1796 892 nos
1842 842 1987 892 recte
2039 854 2226 907 sapere

659 929 857 994 edocti,
914 930 1032 983 illos
1086 930 1393 998 neutiquam
1450 930 1853 982 sustinebimus.
1913 928 2027 982 Non
2084 929 2223 981 enim

661 1023 823 1074 alium
850 1038 969 1075 esse
1000 1020 1233 1074 dicimus
1263 1020 1457 1074 Filium
1493 1034 1617 1073 eum
1649 1020 1738 1086 qui
1774 1032 1896 1073 ante
1924 1022 2101 1073 onmia
2135 1036 2228 1073 sae-

661 1114 780 1166 cula
812 1130 875 1165 cx
914 1112 1003 1166 Dei
1030 1112 1204 1165 Patris
1235 1111 1541 1166 substantia
1584 1112 1795 1180 genitus
1825 1120 1927 1173 est,
1967 1122 2022 1165 et
2060 1113 2223 1165 alimn

664 1219 898 1267 rursum,
931 1204 1019 1271 qui
1054 1203 1362 1257 novissimis
1413 1202 1743 1270 temporibus
1772 1217 1836 1255 ex
1876 1203 2099 1256 muliere
2134 1220 2227 1255 na-

663 1303 769 1356 tus,
799 1304 851 1347 et
900 1293 999 1361 legi
1044 1293 1311 1347 obnoxius
1352 1291 1524 1345 factus
1564 1300 1684 1354 est;
1732 1292 1824 1345 sed
1874 1308 2035 1344 unum
2075 1307 2227 1344 enm-

662 1385 888 1450 demque
922 1394 1026 1435 tam
1059 1392 1186 1435 ante
1218 1396 1400 1436 veram
1449 1380 1589 1433 illam
1623 1379 1782 1435 Verbi
1828 1396 1948 1435 cum
1993 1383 2227 1434 lmmana

662 1491 823 1528 carne
867 1474 1321 1541 coniunctionem,
1369 1488 1530 1541 quam
1573 1481 1690 1538 post
1729 1475 1973 1526 eamdem
2009 1490 2022 1525 :
2056 1487 2230 1541 quau-

662 1567 946 1635 doquidem
982 1566 1167 1629 Filius,
1200 1565 1293 1632 qtti
1330 1564 1649 1618 naturaliter
1676 1579 1741 1619 ex
1776 1565 1883 1617 Deo
1915 1563 2073 1616 Patre
2099 1579 2227 1632 pro-

663 1657 824 1718 cedit,
858 1671 1085 1724 corpore
1116 1656 1372 1719 animato,
1404 1666 1459 1709 et
1489 1666 1669 1710 mente
1701 1655 1975 1724 perfecto,
2008 1669 2072 1708 ex
2107 1654 2229 1707 Dei-

662 1763 789 1814 para
824 1746 1038 1816 Virgine
1068 1746 1233 1799 Maria
1264 1755 1563 1816 assumpto,
1597 1756 1754 1800 natus
1801 1754 1885 1799 est
1932 1746 2225 1800 secundum

661 1854 901 1902 carnem,
937 1838 1079 1891 nullo
1109 1850 1287 1891 autem
1330 1839 1489 1892 modo
1531 1851 1719 1891 versus
1761 1846 1842 1891 est
1878 1837 1927 1889 in
1961 1851 2176 1891 carnem
2209 1854 2222 1891 :
2258 1812 2299 1866 Β

662 1929 820 1983 absit.
857 1928 1131 1996 Siquidem
1166 1928 1305 1980 illam
1339 1928 1411 1981 ita
1444 1928 1771 1995 assumpsit,
1805 1938 1862 1980 ut
1891 1928 2223 1982 divinitatem

659 2037 811 2075 suam
845 2022 985 2075 nulla
1016 2037 1079 2076 ex
1116 2030 1267 2089 parte
1298 2020 1535 2083 laeserit;
1570 2021 1771 2075 mansit
1792 2036 2023 2093 namque
2051 2025 2227 2081 ethoc

658 2126 875 2179 quoque
908 2112 1068 2165 modo
1102 2111 1478 2163 universorum
1514 2112 1788 2167 Dominus.

734 2201 891 2270 130
915 2201 998 2255 ιιι.
1040 2202 1106 2255 Et
1140 2203 1251 2257 haec
1294 2202 1508 2269 quidem
1555 2205 1755 2258 sentire
1798 2206 1972 2261 edocti
2011 2223 2223 2262 sumus.

658 2296 922 2359 Quoniam
959 2305 1267 2349 sanctorum
1294 2293 1515 2348 Patrum
1549 2309 1846 2361 sermones,
1881 2300 2224 2353 eormmlem-

657 2402 761 2455 que
792 2388 1101 2443 sanctiones
1127 2389 1402 2458 sapienter
1424 2388 1733 2453 admonent,
1754 2400 1808 2442 ut
1835 2406 2028 2459 magno
2050 2392 2227 2444 stmlio

658 2481 1052 2547 diligenterque
1086 2480 1461 2542 observemus,
1512 2479 1641 2548 quid
1693 2480 1891 2535 divina:
1935 2480 2227 2549 Scriptura:

657 2586 819 2637 quam
867 2570 1101 2624 maxime
1134 2580 1555 2624 consentaneum
1592 2572 1683 2635 sit,
1727 2571 2017 2638 subtilique
2059 2586 2224 2625 sensu

660 2663 724 2712 ad
758 2675 819 2713 ea
851 2675 975 2727 qua:
1006 2659 1072 2712 de
1103 2659 1320 2712 Christo
1355 2660 1599 2728 exposita
1626 2668 1749 2713 sunt
1780 2660 2043 2724 adhibito,
2081 2662 2225 2715 veri-

661 2764 823 2805 tatem
854 2751 1156 2804 divinorum
1190 2750 1499 2819 dogmatum
1539 2750 1965 2819 contemplemur
1993 2769 2007 2803 :
2089 2752 2224 2806 Con-

658 2845 775 2897 silia
806 2851 1133 2903 evertentes,
1170 2850 1224 2895 et
1255 2856 1472 2895 onmem
1505 2828 1843 2897 altitudinem
1878 2844 2224 2900 extollentem

659 2952 718 2993 se
750 2938 1011 2989 adversus
1062 2933 1425 3003 cognitionem
1462 2934 1588 3001 Dei;
1639 2944 1692 2988 et
1741 2936 2074 3004 captivantes
2111 2953 2228 2991 om-

660 3045 779 3082 nem
806 3026 1134 3081 intellectum
1162 3026 1211 3079 in
1238 3024 1602 3081 obedientiam
1631 3026 1749 3096 ejus
1774 3026 1839 3080 °’.
1871 3046 1889 3079 ›
1918 3028 2053 3081 Cum
2081 3030 2225 3082 enim

660 3129 1027 3187 congruenter
1059 3133 1167 3172 uno
1204 3133 1469 3173 consensu
1508 3120 1782 3174 fateantur
1823 3135 2032 3183 omnes,
2066 3134 2226 3175 natu-

659 3211 773 3264 rale
803 3210 894 3263 Dei
926 3209 1104 3262 Patris
1132 3208 1391 3272 Verbum,
1420 3211 1562 3278 quod
1594 3211 1645 3263 i-n
1672 3210 1909 3278 ejusdem
1939 3211 2031 3264 Dei
2054 3212 2223 3265 forma

657 3314 706 3354 et
726 3300 1033 3369 aequalitate
1054 3300 1291 3367 exsistit,
1310 3317 1449 3354 «non
1483 3302 1726 3368 rapinam
1756 3302 2081 3355 arbitratum
2109 3316 2228 3356 esse

658 3408 714 3446 se
754 3390 1011 3459 a'qualem
1048 3390 1193 3455 Deo;
1230 3392 1324 3446 sed
1353 3391 1522 3445 forma
1562 3392 1701 3445 servi
1751 3404 1969 3459 accepta
2019 3404 2229 3446 semet-

658 3484 835 3551 ipsum
867 3482 1257 3546 exinanivisse,
1291 3495 1354 3533 ae.
1392 3482 1445 3535 in
1487 3481 1899 3534 similitudinem
1949 3482 2227 3535 hominum

660 3576 886 3637 factum,
916 3573 969 3626 in
1021 3573 1367 3640 humanoque
1414 3573 1598 3626 habitu
1648 3572 1924 3627 inventum
1961 3589 2018 3628 se
2050 3575 2226 3628 humi-

658 3666 838 3728 liasse,
884 3677 949 3717 ac
986 3663 1051 3717 ad
1091 3672 1323 3718 mortem
1369 3663 1585 3717 tandem
1632 3680 1802 3733 usque
1845 3666 2103 3721 obediens
2148 3668 2227 3719 fa-

662 3769 807 3810 ctum
830 3756 1010 3811 crucis
1033 3766 1259 3809 mortem
1282 3756 1517 3810 subiisse
1541 3756 1586 3786 ⁷⁰
1619 3760 2043 3819 ;›ηοορεε;ιι·ῑυιιι
2074 3758 2229 3827 plane

654 3860 739 3903 est
786 3865 908 3903 eum
944 3849 1033 3918 qui
1080 3863 1267 3903 eorum
1313 3848 1443 3913 vim,
1482 3862 1601 3925 qua:
1648 3849 1712 3902 de
1762 3847 1980 3902 Christo
2028 3852 2225 3916 scripta

655 3950 889 4004 exstant,
935 3950 1079 3993 recte
1113 3940 1412 4007 diiudicare
1444 3940 1579 4003 vult,
1617 3950 1805 4009 pectus
1838 3942 2059 4009 optimis
2101 3959 2227 3996 sen-

659 4032 844 4086 tentiis
903 4031 1232 4084 instruetmn
1290 4031 1528 4094 habere;
1583 4043 1639 4084 ut
1693 4033 1971 4102 percipere
2026 4034 2226 4097 valeat,

656 4122 927 4190 quomodo
966 4122 1106 4175 Deus
1141 4120 1300 4175 simul
1347 4130 1401 4174 et
1446 4121 1607 4175 homo
1655 4123 1791 4175 idem
1827 4125 1940 4191 ipse
1982 4123 2229 4177 Christus

654 4215 901 4274 exsistat,
940 4221 996 4265 et
1022 4212 1161 4265 Deus
1190 4225 1311 4265 esse
1345 4210 1464 4265 sine
1497 4210 1603 4263 ulla
1635 4212 1952 4266 alteratioue
1982 4225 2076 4266 aut
2108 4230 2227 4266 mu-

658 4305 856 4356 tatione
914 4311 1225 4372 perseveret
1284 4302 1665 4371 (immutabilis
1732 4303 1873 4356 enim
1929 4314 2014 4358 est
2066 4305 2225 4359 Verbi

658 4395 891 4459 natura),
924 4403 979 4446 et
1024 4392 1417 4445 exinanitionis
1449 4392 1804 4445 humilitatem
1830 4409 1931 4445 non
1968 4406 2226 4463 respuat:

2329 567 2539 636 Πατὴρ,
2572 566 2629 631 ἐξ
2655 561 2716 617 οῦ
2748 565 2817 617 τὰ
2863 565 3076 617 πάντα*
3128 563 3271 617 οὕτω
3320 565 3414 616 καὶ
3448 561 3533 626 εἷς
3573 563 3792 634 Κύριος
3832 564 3917 633 ’1η-

2329 657 2455 721 σοῦς
2488 657 2743 727 Χριστὸς,
2769 657 2837 709 δι’
2866 650 2926 710 οὗ
2955 657 3024 709 τὰ
3056 655 3264 710 πάνταο
3300 656 3361 709 ἓν
3387 655 3444 708 δὲ
3487 656 3676 725 δήπου
3711 656 3917 718 παντως

2328 747 2420 799 καὶ
2440 745 2500 798 τὸ
2526 745 2752 813 Πνεῦμα
2774 745 2833 796 τὸ
2860 746 3187 813 ἂγιον.›1(αὶ
3210 745 3319 797 τῶν
3346 747 3426 808 είς
3454 746 3554 799 δύο
3582 745 3919 815 μεριζόντων

2328 836 2477 898 υἱοὺς
2510 835 2600 888 τὸν
2649 836 2743 887 ἕνα
2792 834 3023 906 Χριστὸν
3074 836 3167 887 καὶ
3199 834 3325 888 Υίὸν
3372 835 3469 888 καὶ
3509 834 3762 902 Κύριον,
3800 836 3923 904 (Spei

2328 927 2542 995 φρονεῖν
2573 924 2869 991 ἐγνωκότες
2907 926 3007 977 οὐκ
3058 925 3380 995 ἀνεξόμεθα.
3442 924 3519 977 Οὐ
3575 925 3697 995 γὰρ
3746 925 3923 996 ἕτερον

2327 1013 2465 1069 εἷναί
2501 1032 2680 1084 φαμεν
2714 1015 2840 1067 Υίὸν
2873 1015 2966 1067 τὸν
3016 1015 3121 1085 πρὸ
3154 1015 3358 1077 παντὸς
3406 1015 3615 1077 αἰῶνος
3672 1032 3924 1084 γεγεννηο

2331 1108 2489 1175 μενον
2517 1106 2588 1178 tu.
2606 1106 2704 1173 τῆς
2732 1106 2916 1169 οὐσίας
2952 1107 3046 1158 τοῦ
3074 1106 3207 1158 Θεοῦ
3239 1108 3335 1159 καὶ⁸
3368 1097 3619 1177 Πατρὸς,
3656 1107 3854 1176 ἕτερον
3876 1107 3922 1158 δὲ

2326 1195 2419 1246 τὸν
2447 1196 2506 1247 ὲν
2534 1194 2780 1263 ἐσχάτοις
2814 1198 3025 1265 καιροῖς
3068 1197 3361 1264 γενόμενον
3392 1200 3458 1249 ὲκ
3490 1198 3803 1265 γυναικὸς,
3844 1214 3922 1262 γε·

2328 1285 2552 1353 νόμενον
2596 1285 2700 1337 ὑπὸ
2730 1286 2893 1354 νόμον
2913 1304 2926 1316 ·
2954 1286 3070 1339 ἀλλ’
3095 1288 3189 1340 ἕνα
3222 1289 3318 1340 κα)⁵
3356 1287 3449 1340 τὸν
3491 1287 3674 1341 αὑτὸν
3707 1288 3810 1340 καὶ
3834 1289 3926 1357 πρὸ

2328 1375 2429 1442 τῆς
2474 1374 2608 1445 πρὸς
2647 1376 2825 1445 σάρκα
2856 1377 3072 1429 συνόδου
3104 1378 3197 1430 καὶ
3236 1377 3485 1439 ὲνώσεως
3528 1377 3814 1446 ἀληθοῦς,
3845 1380 3925 1431 καὶ

2334 1464 2470 1534 μετὰ
2501 1465 2656 1517 τοῦτο
2680 1464 2782 1519 ἔτι.
2822 1465 2881 1519 '0
2911 1465 3021 1537 γὰρ
3055 1468 3119 1519 ὲκ
3143 1467 3279 1519 Θεοῦ
3327 1467 3551 1538 Πατρὸς
3585 1467 3746 1521 κατὰ
3781 1467 3925 1536 φύσιν

2332 1553 2475 1618 Υἱὸς,
2506 1553 2750 1624 ἔμψυχόν
2775 1572 2834 1607 τε
2866 1540 2960 1607 καλ.
2985 1555 3169 1608 ἔννουν
3195 1556 3374 1625 ἑαυτῷ
3401 1556 3569 1625 σῶμα
3602 1554 3826 1620 λαὸὼν,
3846 1573 3925 1623 γε·

2330 1645 2581 1716 γέννηται
2643 1647 2921 1717 σαρκικῶς
2974 1647 3065 1700 διὰ
3117 1647 3217 1716 τῆς
3272 1648 3438 1715 ἁγίας
3494 1648 3803 1717 Παρθένου
3848 1650 3926 1699 καὶ

2328 1737 2590 1790 Θεοτόκου
2630 1739 2869 1809 Μαρίας,
2907 1740 3001 1792 καὶ
3030 1740 3131 1792 οὐκ
3173 1742 3255 1803 είς
3299 1740 3483 1810 σάρκα
3534 1741 3795 1810 τραπεὶς
3838 1736 3926 1805 (μὴ

2328 1822 2533 1891 γένοιτο
2557 1826 2618 1891 l),
2659 1825 2981 1894 προσλαδὼν
3016 1827 3073 1879 δὲ
3112 1828 3310 1897 μᾶλλον
3359 1828 3563 1898 αὐτὴν,
3598 1828 3705 1881 καὶ
3744 1828 3840 1878 τοῦ
3861 1823 3925 1878 εί-

2327 1926 2413 1960 ναι
2438 1910 2568 1973 Θεὸς
2601 1911 2700 1962 οὐκ
2729 1911 3044 1982 ἠμεληκὼς·
3076 1915 3357 1985 μεμένηκε
3386 1915 3496 1986 γὰρ
3527 1917 3631 1969 καὶ
3646 1915 3807 1970 οὕτω
3828 1916 3927 1969 τῶν

2325 1998 2461 2051 ὅλων
2488 2000 2784 2069 Δεσπότης.

2399 2200 2471 2256 Γ’.
2516 2202 2700 2256 Ταῦτα
2726 2207 2941 2276 φρονεῖν
2972 2207 3353 2278 δεδιδάγμεθα.
3398 2208 3600 2278 Σοφοῖς
3634 2210 3756 2281 γὰρ
3784 2214 3926 2280 ἡμᾶς

2330 2292 2783 2363 παραγγέλμασιν
2835 2300 2882 2351 ot
2938 2298 3047 2372 τῷν
3101 2300 3275 2367 ἁγίων
3312 2300 3734 2369 ἁποκομίζουσι
3786 2302 3929 2369 λόγοι

2329 2382 2461 2451 πρός
2491 2400 2553 2451 γε
2583 2385 2643 2438 τὸ
2674 2387 2873 2457 χρῆναι
2907 2390 3218 2460 φιλοτηρεῖν
3247 2391 3308 2443 τὸ
3356 2394 3467 2455 τοῖς
3500 2393 3678 2461 ἱεροῖς
3744 2394 3929 2463 Γραμ-

2331 2488 2493 2540 μασιν
2529 2474 2603 2528 ὅτι
2659 2478 2895 2543 μάλιστα
2944 2479 3155 2545 δοκοῦν,
3194 2482 3289 2533 καὶ
3336 2481 3435 2551 τὴν
3486 2483 3547 2533 ἐν
3588 2484 3711 2544 τοῖς
3767 2483 3928 2543 θείοις

2326 2562 2589 2633 δόγμασιν
2618 2567 2881 2637 ἀλήθειαν
2914 2572 3410 2637 κατασκέπτεσοαι,
3442 2574 3648 2627 λεπτὸν
3684 2575 3929 2636 ἐνιέντας

2327 2654 2437 2714 τοῖς
2491 2654 2618 2723 περὶ
2659 2655 2896 2723 Χριστοῦ
2954 2657 3304 2729 λαλουμένοις
3346 2660 3437 2713 τὸν
3491 2660 3658 2714 νοῦν·
3710 2682 3730 2713 ι
3783 2664 3931 2717 Καθ-

2327 2743 2607 2814 αιροῦντες
2644 2746 2742 2815 μὲν
2767 2747 3080 2818 λογισμοὺς,
3120 2752 3215 2804 καὶ
3241 2753 3351 2805 πᾶν
3386 2751 3593 2821 ὕψωμα
3619 2754 3929 2824 ἐπαιρόμε-

2327 2851 2417 2886 νον
2448 2835 2591 2887 κατὰ
2614 2836 2711 2904 τῆς
2744 2838 2998 2903 γνώσεως
3027 2839 3121 2892 τοῦ
3148 2839 3305 2904 Θεοῦ,
3341 2832 3435 2895 καὶ
3474 2843 3929 2911 αἰχμαλωτίζονο

2328 2943 2418 2988 τες
2452 2929 2561 2977 πᾶν
2592 2926 2768 2996 νόημα
2816 2930 2896 2991 είς
2932 2929 3031 2999 τὴν
3064 2931 3314 3002 ὑπακοὴν
3363 2932 3554 2985 αὐτοῦ.
3604 2952 3623 2984 ι
3667 2933 3931 3003 Ἐχοντος

2329 3017 2437 3086 γὰρ
2467 3018 2772 3088 ἀραρότως,
2814 3020 2907 3073 καὶ
2950 3022 3389 3093 ὁμολογουμένου
3432 3026 3591 3095 παρὰ
3627 3028 3829 3091 πᾶσιν,
3854 3029 3932 3081 ὅτι

2332 3112 2425 3162 καὶ
2473 3112 2529 3162 ὲν
2584 3116 2766 3182 μορφῇ
2822 3115 2918 3166 καὶ
2960 3116 3166 3185 ἰσότητι
3215 3116 3309 3169 τοῦ
3364 3117 3502 3170 Θεοῦ
3563 3119 3667 3171 καὶ
3720 3097 3933 3191 hin-p45,-

2331 3202 2590 3270 ὑπάρχων
2622 3204 2650 3254 ό
2682 3203 2740 3266 ἐξ
2768 3203 2932 3257 αὑτοῦ
2967 3206 3108 3259 κατὰ
3131 3207 3294 3276 φύσιν
3330 3209 3525 3277 Λόγος,
3568 3229 3588 3260 ι
3622 3211 3732 3279 οὐχ
3755 3213 3931 3284 ἁρπα-

2328 3292 2469 3359 γμὸν
2539 3294 2787 3361 ἡγήσατο
2836 3295 2897 3347 τὸ
2952 3293 3091 3351 εἶναι
3162 3300 3252 3353 ίσα
3327 3300 3447 3371 Θεῷ
3486 3318 3502 3332 °
3556 3302 3682 3355 ἀλλ’
3744 3305 3933 3356 ἑαυτὸν

2329 3383 2583 3445 ὲκένωσε,
2608 3384 2822 3455 μορφὴν
2841 3386 3028 3439 δούλου
3050 3390 3251 3443 λαϐὼν
3279 3394 3337 3445 ὲν
3359 3394 3685 3464 ὁμοιώματι
3720 3397 3931 3465 ἀνθρώ-

2328 3490 2447 3526 πων
2474 3474 2783 3545 γενόμενος,
2814 3480 2907 3530 καὶ
2946 3481 3186 3550 σχήματι
3220 3483 3465 3553 εὑρεθεὶς
3494 3486 3576 3547 ὡς
3618 3487 3929 3557 ἄνθρωπος,

2328 3568 2691 3621 ἐταπείνωσεν
2725 3570 2935 3635 ἑαυτὸν,
2973 3572 3266 3642 γενόμενος
3317 3577 3567 3645 ὑπήκοος
3619 3580 3791 3649 μέχρι
3840 3581 3929 3633 θα-

2328 3659 2510 3722 νάτου,
2543 3658 2770 3713 θανάτου
2801 3661 2858 3713 δὲ
2892 3664 3185 3731 σταυροῦπ
3226 3666 3378 3718 πᾶσά
3403 3683 3524 3728 πως
3560 3668 3795 3739 ἀνάγκη
3826 3670 3934 3723 Θεο-

2330 3749 2517 3816 φιλοῦς
2566 3751 2812 3815 ἐπινοίας
2867 3760 2892 3786 ο
2943 3753 3239 3823 ἐπίμεστον
3294 3757 3441 3825 ἔχειν
3491 3758 3593 3807 τὸν
3651 3760 3809 3824 νοῦν,
3850 3763 3931 3811 tis

2328 3834 2481 3911 ᾧπερ
2524 3841 2588 3892 ἂν
2640 3842 2850 3908 γένειτο
2902 3846 3102 3908 σκοπὸς
3143 3847 3446 3918 διακρίνειν
3507 3844 3571 3900 εὗ
3633 3853 3787 3918 μάλα
3833 3855 3931 3903 et?»

2329 3934 2458 4003 περὶ
2483 3933 2650 3984 αὑτοῦ
2700 3935 3102 4005 γεγραμμένων
3126 3938 3224 4009 τὴν
3252 3938 3508 4008 δύναμιν·
3546 3940 3645 3993 ἴνα
3676 3944 3737 3995 ἐν
3758 3946 3931 4011 ταυτσῖι

2328 4024 2460 4087 Θεός
2490 4040 2549 4075 τε
2572 4023 2711 4094 ὁμοῦ
2747 4026 2838 4076 καὶ
2870 4026 3155 4097 ἄνθρωπος
3195 4031 3223 4081 ὁ
3247 4029 3411 4091 αὐτὸς
3448 4030 3735 4103 ὑπάρχων
3764 4039 3932 4103 ἐπιγι-

2328 4114 2627 4184 νώσκηται,
2687 4115 2782 4167 καὶ
2825 4115 2885 4168 τὸ
2924 4112 3063 4170 εἶναι
3109 4118 3242 4182 Θεὸς
3298 4119 3760 4193 ἁπαραποιήτως
3806 4126 3932 4196 ἔχων

2332 4208 2628 4275 (ἄτρεπτος
2657 4206 2765 4277 γὰρ
2793 4209 2823 4274 ἡ
2850 4206 2944 4259 τοῦ
2978 4209 3152 4275 Λόγου
3182 4208 3391 4279 φύσις),
3412 4211 3514 4263 καὶ
3545 4214 3613 4266 τὸ
3640 4217 3750 4285 τῆς
3778 4218 3931 4270 κενώ-

2332 4315 2469 4361 σεως
2524 4300 2721 4369 μέτρον
2768 4299 2829 4351 οὐ
2882 4302 3337 4372 παραιτούμενος.
3411 4301 3772 4379 Ἐπερυθριᾷ
3833 4311 3929 4375 γὰρ

2330 4389 2581 4458 οὐδαμῶς
2631 4395 2745 4453 τοῖς
2798 4391 2947 4454 ἰδίοις
2984 4393 3323 4463 σκέμμασιν,
3349 4396 3378 4446 ό
3413 4393 3665 4448 κένωσιν
3697 4400 3799 4469 τὴν
3826 4401 3930 4452 ἐθε-

656 4500 829 4553 neque
862 4484 1007 4537 enim
1046 4484 1136 4553 qui
1172 4484 1567 4552 dispensatoria
1619 4484 1827 4538 ratione
1871 4486 2226 4539 voluntariam

2333 4482 2544 4533 λούσιον
2577 4484 2935 4549 οἰκονομικῶς
2971 4483 3038 4535 δι’
3068 4487 3215 4555 ἡμᾶς
3248 4485 3582 4556 ὑπομείνας.
3639 4492 3738 4542 Δεῖ
3768 4493 3927 4544 τοίνυν

657 4576 825 4627 nostri
859 4590 1023 4627 causa
1073 4574 1505 4627 lmmiliationem
1540 4567 1816 4636 sustinuit,
1846 4575 1911 4628 de
1955 4576 2067 4628 suis
2096 4591 2229 4627 eon-

656 4668 791 4719 siliis
820 4664 1111 4719 erubescit.
1160 4665 1387 4734 Oportet
1431 4667 1612 4734 itaque
1652 4667 1799 4718 illum
1840 4676 1893 4719 et
1928 4666 2227 4721 divinitatis

657 4756 937 4821 majestate
979 4755 1331 4824 conspicuum
1362 4755 1554 4818 videri,
1600 4764 1654 4807 et
1701 4770 1728 4807 a
1778 4764 1978 4809 nostra:
2011 4771 2225 4808 rursum

660 4846 978 4898 Immilitatis
1014 4847 1348 4907 conditione,
1393 4855 1615 4911 propter
1661 4855 1993 4911 assumptum
2033 4846 2225 4897 huma-

660 4937 905 4997 nitatem,
947 4952 1051 4989 non
1096 4951 1319 5005 prorsus
1349 4936 1585 4988 alienum
1621 4948 1740 4987 esse
1799 4936 2051 4988 arbitrari
2082 4955 2093 4986 :
2124 4937 2223 4988 hoc

657 5027 802 5079 enim
844 5026 1259 5091 dispensationis
1311 5029 1449 5083 ratio
1493 5026 1744 5097 postulat.
1785 5026 1842 5079 Si
1893 5029 2036 5079 enim
2087 5028 2225 5079 Deus

662 5116 893 5168 Verbum
953 5114 1150 5168 factum
1201 5129 1283 5172 cst
1325 5136 1485 5182 caro,
1542 5121 1644 5173 hoc
1702 5128 1784 5172 est
1831 5118 2023 5177 homo,
2073 5117 2227 5181 juxta

661 5210 786 5261 illml
812 5225 825 5261 :
861 5226 877 5257 ι
913 5205 1189 5257 Emmdam
1212 5209 1277 5261 de
1308 5210 1511 5277 Spiritu
1549 5225 1668 5264 meo
1686 5225 1847 5278 super
1869 5223 2083 5263 onmem
2106 5223 2228 5261 car-

658 5314 779 5353 nem
805 5299 881 5362 “;
914 5316 931 5348 ι
968 5295 1239 5348 nemiuem
1262 5296 1379 5362 jure
1412 5302 1631 5355 turbare
1654 5303 1830 5365 debet,
1866 5301 1909 5355 si
1939 5316 2044 5369 qua
2087 5315 2224 5351 mm-

730 5457 771 5483 ‘-“
807 5456 819 5506 I
854 5457 977 5508 (lor.
1011 5471 1083 5517 vt,
1122 5454 1173 5507 8.
1254 5453 1296 5483 ⁶⁹
1334 5452 1372 5505 ll
1401 5454 1523 5507 (lor.
1555 5472 1606 5521 κ,
1644 5459 1695 5510 ὅ.

1776 5461 1818 5490 ⁷⁰
1856 5460 2085 5525 l'ltilipp.
2131 5474 2191 5519 It,
2229 5458 2345 5511 6-8.

2336 4574 2499 4626 αὑτὸν
2547 4575 2639 4625 καὶ
2699 4578 2810 4637 τοῖς
2860 4575 2957 4643 τῆς
3012 4574 3265 4645 θεότητος
3324 4576 3655 4646 ἀξιώμασιν
3714 4584 3929 4652 ὁρᾶσθαι

2335 4668 2631 4736 διαπρεπῆ,
2683 4668 2775 4719 καὶ
2805 4669 2904 4737 τῆς
2945 4667 3066 4719 καθ’
3118 4671 3269 4738 ἡμᾶς
3312 4678 3820 4743 σμικροπρεπεξσς
3847 4676 3929 4727 οὐκ

2335 4760 2413 4820 εἰς
2463 4758 2609 4810 ἆπαν
2658 4758 3080 4827 ἀπηλλαγμένον
3127 4759 3215 4811 διὰ
3253 4760 3314 4812 τὸ
3352 4762 3748 4830 ἀνθρώπινον,
3784 4770 3929 4818 ἀπαι-

2334 4849 2532 4917 τούσης
2581 4850 2738 4900 τοῦτο
2782 4851 2878 4917 τῆς
2921 4850 3253 4919 οἰκονομίας.
3307 4853 3369 4903 Εἰ
3431 4856 3553 4923 γὰρ
3600 4857 3747 4919 Θεὸς
3804 4858 3931 4907 ᾇ)νέ

2332 4940 2503 5001 Λόγος
2534 4939 2719 5003 γέγονε
2752 4940 2907 5008 σὰρξ,
2936 4941 3213 4992 τουτέστιν
3237 4942 3553 5008 ἄνθρωπος,
3580 4948 3738 4997 κατὰ
3763 4965 3821 5012 γε
3847 4949 3921 5005 τὸ,

2340 5046 2358 5078 ι
2398 5028 2605 5094 Ἐκχεῶ
2628 5028 2733 5079 ἀπὸ
2758 5031 2852 5080 τοῦ
2881 5031 3193 5098 [ἰνεύματός
3219 5047 3319 5097 μου
3344 5032 3439 5081 ἐπὶ
3472 5035 3671 5086 πᾶσαν
3704 5038 3925 5105 σάρκα-ι

2336 5117 2634 5187 οορυόεῖτω
2686 5120 2908 5187 μηδένα,
2962 5121 3065 5171 κᾶν
3116 5121 3164 5170 εἰ
3215 5120 3431 5185 λέγοιτό
3477 5139 3538 5174 τι
3596 5130 3735 5196 περὶ
3782 5127 3927 5181 33:75

2334 5210 2484 5280 παρὰ
2516 5210 2618 5277 τῆς
2668 5209 3021 5261 Θεοπνεύστου
3062 5210 3305 5279 Γραφῆς,
3337 5211 3448 5265 τῶν
3501 5217 3611 5269 ὅσα
3666 5222 3815 5273 ἐστὶν
3850 5224 3929 5272 ἀν.

2333 5300 2728 5371 Ορωποπρεπῆ.
2754 5299 3121 5371 Περιαθρείτω
3143 5301 3195 5353 δὲ
3222 5302 3426 5373 μᾶλλον
3450 5308 3630 5362 αὐτοῦ
3658 5314 3760 5383 τὴν
3785 5316 3931 5379 {me

2425 5460 2468 5488 ⁷⁸
2505 5456 2619 5511 .loel
2660 5475 2718 5520 Il,
2750 5458 2842 5513 ‘28.

1786 5613 1953 5666 V.ui.e
1991 5615 2244 5669 it't‘llOllt‘.\
2272 5614 2473 5669 rodiris
2508 5613 2864 5681 Svgtueriani.

741 5752 759 5773 τ
796 5747 1089 5813 maxum;
