  <div class='ocr_page' id='page_1' title='image "/cluster/home/n/w/nwhite01/storage/ocr_20150623/76/ien.35556001661040/682.png"; bbox 0 0 4042 6464; ppageno 0'>
   <div class='ocr_carea' id='block_1_1' title="bbox 176 368 285 421">
    <p class='ocr_par' dir='ltr' id='par_1_1' title="bbox 176 368 285 421">
     <span class='ocr_line' id='line_1_1' title="bbox 176 368 285 421; baseline 0.018 -2"><span class='ocrx_word' id='word_1_1' title='bbox 176 368 285 421; x_wconf 70' lang='grc'><strong>1541</strong></span> 
     </span>
    </p>
   </div>
   <div class='ocr_carea' id='block_1_2' title="bbox 959 373 2614 443">
    <p class='ocr_par' dir='ltr' id='par_1_2' title="bbox 959 373 2614 443">
     <span class='ocr_line' id='line_1_2' title="bbox 959 373 2614 443; baseline 0.01 -19"><span class='ocrx_word' id='word_1_2' title='bbox 959 373 1049 426; x_wconf 80' lang='lat' dir='ltr'><strong>AD</strong></span> <span class='ocrx_word' id='word_1_3' title='bbox 1089 373 1382 428; x_wconf 75' lang='lat' dir='ltr'><strong>REGINAS</strong></span> <span class='ocrx_word' id='word_1_4' title='bbox 1423 377 1508 429; x_wconf 62' lang='lat' dir='ltr'><strong>DIC</strong></span> <span class='ocrx_word' id='word_1_5' title='bbox 1552 379 1771 434; x_wconf 72' lang='lat' dir='ltr'><strong>IiEC&#39;I&#39;A</strong></span> <span class='ocrx_word' id='word_1_6' title='bbox 1818 382 1970 438; x_wconf 82' lang='lat' dir='ltr'><strong>FIDE</strong></span> <span class='ocrx_word' id='word_1_7' title='bbox 2013 384 2274 441; x_wconf 74' lang='lat' dir='ltr'><strong>ORATIO</strong></span> <span class='ocrx_word' id='word_1_8' title='bbox 2316 388 2614 443; x_wconf 71' lang='lat' dir='ltr'><strong>ALTERA.</strong></span> 
     </span>
    </p>
   </div>
   <div class='ocr_carea' id='block_1_3' title="bbox 3264 412 3398 466">
    <p class='ocr_par' dir='ltr' id='par_1_3' title="bbox 3264 412 3398 466">
     <span class='ocr_line' id='line_1_3' title="bbox 3264 412 3398 466; baseline 0.037 -5"><span class='ocrx_word' id='word_1_9' title='bbox 3264 412 3398 466; x_wconf 63' lang='lat' dir='ltr'><strong>i342</strong></span> 
     </span>
    </p>
   </div>
   <div class='ocr_carea' id='block_1_4' title="bbox 167 488 1734 583">
    <p class='ocr_par' dir='ltr' id='par_1_4' title="bbox 167 488 1724 566">
     <span class='ocr_line' id='line_1_4' title="bbox 167 488 1724 566; baseline 0.007 -24"><span class='ocrx_word' id='word_1_10' title='bbox 167 489 372 558; x_wconf 78' lang='grc' dir='ltr'>κόσμιον</span> <span class='ocrx_word' id='word_1_11' title='bbox 418 488 574 553; x_wconf 79' lang='grc' dir='ltr'>δόξαν</span> <span class='ocrx_word' id='word_1_12' title='bbox 605 492 668 542; x_wconf 87' lang='grc' dir='ltr'>ὲκ</span> <span class='ocrx_word' id='word_1_13' title='bbox 701 491 979 557; x_wconf 79' lang='grc' dir='ltr'>δυνάμεως</span> <span class='ocrx_word' id='word_1_14' title='bbox 1029 497 1118 546; x_wconf 72' lang='grc' dir='ltr'><strong>καὶ</strong></span> <span class='ocrx_word' id='word_1_15' title='bbox 1151 497 1422 566; x_wconf 76' lang='grc' dir='ltr'><strong>ὑπεροχῆς</strong></span> <span class='ocrx_word' id='word_1_16' title='bbox 1463 498 1561 566; x_wconf 81' lang='grc' dir='ltr'><strong>τῆς</strong></span> <span class='ocrx_word' id='word_1_17' title='bbox 1608 500 1724 553; x_wconf 86' lang='grc' dir='ltr'>θεο-</span> 
     </span>
    </p>
   </div>
   <div class='ocr_carea' id='block_1_5' title="bbox 1816 488 3398 583">
    <p class='ocr_par' dir='ltr' id='par_1_5' title="bbox 1833 507 3398 583">
     <span class='ocr_line' id='line_1_5' title="bbox 1833 507 3398 583; baseline 0.013 -26"><span class='ocrx_word' id='word_1_18' title='bbox 1833 523 2104 573; x_wconf 74' lang='lat' dir='ltr'><strong>nnmlnam</strong></span> <span class='ocrx_word' id='word_1_19' title='bbox 2158 507 2404 569; x_wconf 77' lang='lat' dir='ltr'><strong>humilia,</strong></span> <span class='ocrx_word' id='word_1_20' title='bbox 2447 509 2623 574; x_wconf 81' lang='lat' dir='ltr'><strong>qnalia</strong></span> <span class='ocrx_word' id='word_1_21' title='bbox 2661 510 2907 567; x_wconf 86' lang='lat' dir='ltr'><strong>homines</strong></span> <span class='ocrx_word' id='word_1_22' title='bbox 2948 518 3162 583; x_wconf 82' lang='lat' dir='ltr'><strong>decent,</strong></span> <span class='ocrx_word' id='word_1_23' title='bbox 3206 526 3398 582; x_wconf 69' lang='lat' dir='ltr'><strong>divina:</strong></span> 
     </span>
    </p>
   </div>
   <div class='ocr_carea' id='block_1_6' title="bbox 171 577 944 646">
    <p class='ocr_par' dir='ltr' id='par_1_6' title="bbox 171 577 944 646">
     <span class='ocr_line' id='line_1_6' title="bbox 171 577 944 646; baseline 0.005 -17"><span class='ocrx_word' id='word_1_24' title='bbox 171 577 394 646; x_wconf 86' lang='grc' dir='ltr'>πρεποῦς</span> <span class='ocrx_word' id='word_1_25' title='bbox 441 595 498 629; x_wconf 91' lang='grc' dir='ltr'><strong>τε</strong></span> <span class='ocrx_word' id='word_1_26' title='bbox 534 580 625 632; x_wconf 78' lang='grc' dir='ltr'><strong>καὶ</strong></span> <span class='ocrx_word' id='word_1_27' title='bbox 664 581 944 633; x_wconf 84' lang='grc' dir='ltr'><strong>ἀνωτάτω.</strong></span> 
     </span>
    </p>
   </div>
   <div class='ocr_carea' id='block_1_7' title="bbox 231 869 1721 944">
    <p class='ocr_par' dir='ltr' id='par_1_7' title="bbox 231 869 1721 944">
     <span class='ocr_line' id='line_1_7' title="bbox 231 869 1721 944; baseline 0.003 -19"><span class='ocrx_word' id='word_1_28' title='bbox 231 879 292 926; x_wconf 84' lang='grc' dir='ltr'><strong>Δ¹.</strong></span> <span class='ocrx_word' id='word_1_29' title='bbox 307 877 371 927; x_wconf 80' lang='lat' dir='ltr'><strong>&quot;A</strong></span> <span class='ocrx_word' id='word_1_30' title='bbox 386 876 441 927; x_wconf 84' lang='grc' dir='ltr'>δὲ</span> <span class='ocrx_word' id='word_1_31' title='bbox 461 869 529 943; x_wconf 76' lang='grc' dir='ltr'><strong>ἦν</strong></span> <span class='ocrx_word' id='word_1_32' title='bbox 554 874 784 942; x_wconf 85' lang='grc' dir='ltr'>μάλιστα</span> <span class='ocrx_word' id='word_1_33' title='bbox 799 875 1095 944; x_wconf 81' lang='grc' dir='ltr'><strong>παραλύειν</strong></span> <span class='ocrx_word' id='word_1_34' title='bbox 1128 875 1267 936; x_wconf 72' lang='grc' dir='ltr'>εἰκὸς</span> <span class='ocrx_word' id='word_1_35' title='bbox 1285 876 1375 927; x_wconf 87' lang='grc' dir='ltr'><strong>τὸν</strong></span> <span class='ocrx_word' id='word_1_36' title='bbox 1397 874 1502 928; x_wconf 86' lang='grc' dir='ltr'>τῶν</span> <span class='ocrx_word' id='word_1_37' title='bbox 1525 877 1721 929; x_wconf 82' lang='grc' dir='ltr'>ἁπλου-</span> 
     </span>
    </p>
   </div>
   <div class='ocr_carea' id='block_1_8' title="bbox 166 963 1722 1037">
    <p class='ocr_par' dir='ltr' id='par_1_8' title="bbox 166 963 1722 1037">
     <span class='ocr_line' id='line_1_8' title="bbox 166 963 1722 1037; baseline -0.001 -21"><span class='ocrx_word' id='word_1_38' title='bbox 166 966 354 1035; x_wconf 89' lang='grc' dir='ltr'>στέρων</span> <span class='ocrx_word' id='word_1_39' title='bbox 386 965 641 1017; x_wconf 87' lang='grc' dir='ltr'>δύνασθαι</span> <span class='ocrx_word' id='word_1_40' title='bbox 669 967 813 1031; x_wconf 83' lang='grc' dir='ltr'><strong>νοῦν,</strong></span> <span class='ocrx_word' id='word_1_41' title='bbox 849 963 1020 1016; x_wconf 88' lang='grc' dir='ltr'>ταῦτα</span> <span class='ocrx_word' id='word_1_42' title='bbox 1059 963 1142 1034; x_wconf 85' lang='grc' dir='ltr'>δὴ,</span> <span class='ocrx_word' id='word_1_43' title='bbox 1172 967 1314 1018; x_wconf 82' lang='grc' dir='ltr'>κατά</span> <span class='ocrx_word' id='word_1_44' title='bbox 1344 982 1408 1033; x_wconf 90' lang='grc' dir='ltr'><strong>γε</strong></span> <span class='ocrx_word' id='word_1_45' title='bbox 1460 965 1520 1017; x_wconf 89' lang='grc' dir='ltr'><strong>τὸ</strong></span> <span class='ocrx_word' id='word_1_46' title='bbox 1551 968 1722 1037; x_wconf 83' lang='grc' dir='ltr'>ἐγχω-</span> 
     </span>
    </p>
   </div>
   <div class='ocr_carea' id='block_1_9' title="bbox 165 1054 1718 1128">
    <p class='ocr_par' dir='ltr' id='par_1_9' title="bbox 165 1054 1718 1128">
     <span class='ocr_line' id='line_1_9' title="bbox 165 1054 1718 1128; baseline 0.001 -19"><span class='ocrx_word' id='word_1_47' title='bbox 165 1057 297 1127; x_wconf 89' lang='grc' dir='ltr'>ροῦν,</span> <span class='ocrx_word' id='word_1_48' title='bbox 344 1056 436 1107; x_wconf 79' lang='grc' dir='ltr'>καὶ</span> <span class='ocrx_word' id='word_1_49' title='bbox 487 1055 562 1120; x_wconf 88' lang='grc' dir='ltr'>ὼς</span> <span class='ocrx_word' id='word_1_50' title='bbox 615 1056 696 1109; x_wconf 79' lang='grc' dir='ltr'>ἔνι</span> <span class='ocrx_word' id='word_1_51' title='bbox 750 1054 949 1118; x_wconf 83' lang='grc' dir='ltr'>καλῶς,</span> <span class='ocrx_word' id='word_1_52' title='bbox 1001 1054 1316 1124; x_wconf 83' lang='grc' dir='ltr'>διατρανοῦν</span> <span class='ocrx_word' id='word_1_53' title='bbox 1365 1058 1718 1128; x_wconf 83' lang='grc' dir='ltr'>πειράσομαι,</span> 
     </span>
    </p>
   </div>
   <div class='ocr_carea' id='block_1_10' title="bbox 164 1145 1720 1218">
    <p class='ocr_par' dir='ltr' id='par_1_10' title="bbox 164 1145 1720 1218">
     <span class='ocr_line' id='line_1_10' title="bbox 164 1145 1720 1218; baseline 0.003 -20"><span class='ocrx_word' id='word_1_54' title='bbox 164 1145 464 1216; x_wconf 73' lang='grc' dir='ltr'>παρατιθεὶς</span> <span class='ocrx_word' id='word_1_55' title='bbox 510 1148 726 1215; x_wconf 80' lang='grc' dir='ltr'><strong>ἑκάστῳ</strong></span> <span class='ocrx_word' id='word_1_56' title='bbox 773 1145 922 1216; x_wconf 79' lang='grc' dir='ltr'>ρητῷ</span> <span class='ocrx_word' id='word_1_57' title='bbox 951 1147 1050 1216; x_wconf 84' lang='grc' dir='ltr'><strong>τὴν</strong></span> <span class='ocrx_word' id='word_1_58' title='bbox 1081 1149 1408 1218; x_wconf 81' lang='grc' dir='ltr'>ἀποχρῶσαν</span> <span class='ocrx_word' id='word_1_59' title='bbox 1455 1148 1607 1202; x_wconf 85' lang='grc' dir='ltr'><strong>λύσιν</strong></span> <span class='ocrx_word' id='word_1_60' title='bbox 1641 1151 1720 1215; x_wconf 80' lang='grc' dir='ltr'><strong>εἰς</strong></span> 
     </span>
    </p>
   </div>
   <div class='ocr_carea' id='block_1_11' title="bbox 160 1236 1721 1312">
    <p class='ocr_par' dir='ltr' id='par_1_11' title="bbox 160 1236 1721 1312">
     <span class='ocr_line' id='line_1_11' title="bbox 160 1236 1721 1312; baseline 0.004 -24"><span class='ocrx_word' id='word_1_61' title='bbox 160 1237 486 1306; x_wconf 80' lang='grc' dir='ltr'>διασὰφησιν,</span> <span class='ocrx_word' id='word_1_62' title='bbox 517 1236 651 1289; x_wconf 86' lang='grc' dir='ltr'>Θεοῦ</span> <span class='ocrx_word' id='word_1_63' title='bbox 693 1236 852 1289; x_wconf 84' lang='grc' dir='ltr'>πάλιν</span> <span class='ocrx_word' id='word_1_64' title='bbox 895 1237 1026 1305; x_wconf 78' lang='grc' dir='ltr'>ἡμῖν</span> <span class='ocrx_word' id='word_1_65' title='bbox 1056 1237 1473 1302; x_wconf 84' lang='grc' dir='ltr'><strong>κατευθύνοντος</strong></span> <span class='ocrx_word' id='word_1_66' title='bbox 1502 1239 1597 1292; x_wconf 78' lang='grc' dir='ltr'>καὶ</span> <span class='ocrx_word' id='word_1_67' title='bbox 1624 1241 1721 1312; x_wconf 83' lang='grc' dir='ltr'>τὴν</span> 
     </span>
    </p>
   </div>
   <div class='ocr_carea' id='block_1_12' title="bbox 160 1325 1722 1398">
    <p class='ocr_par' dir='ltr' id='par_1_12' title="bbox 160 1325 1722 1398">
     <span class='ocr_line' id='line_1_12' title="bbox 160 1325 1722 1398; baseline 0.004 -22"><span class='ocrx_word' id='word_1_68' title='bbox 160 1328 235 1388; x_wconf 86' lang='grc' dir='ltr'>εἰς</span> <span class='ocrx_word' id='word_1_69' title='bbox 264 1325 413 1379; x_wconf 89' lang='grc' dir='ltr'>τοῦτο</span> <span class='ocrx_word' id='word_1_70' title='bbox 453 1326 656 1396; x_wconf 75' lang='grc' dir='ltr'>τρίϐον.</span> <span class='ocrx_word' id='word_1_71' title='bbox 697 1343 716 1375; x_wconf 87' lang='grc'><strong><em>‹</em></strong></span> <span class='ocrx_word' id='word_1_72' title='bbox 751 1326 945 1378; x_wconf 86' lang='grc' dir='ltr'>Δίδωσι</span> <span class='ocrx_word' id='word_1_73' title='bbox 972 1326 1081 1397; x_wconf 87' lang='grc' dir='ltr'>γὰρ</span> <span class='ocrx_word' id='word_1_74' title='bbox 1116 1329 1267 1398; x_wconf 78' lang='grc' dir='ltr'>ῥῆμα</span> <span class='ocrx_word' id='word_1_75' title='bbox 1300 1331 1410 1392; x_wconf 85' lang='grc' dir='ltr'>τοῖς</span> <span class='ocrx_word' id='word_1_76' title='bbox 1441 1331 1722 1398; x_wconf 83' lang='grc' dir='ltr'>εὐαγγελι-</span> 
     </span>
    </p>
   </div>
   <div class='ocr_carea' id='block_1_13' title="bbox 160 1417 1720 1490">
    <p class='ocr_par' dir='ltr' id='par_1_13' title="bbox 160 1417 1720 1490">
     <span class='ocr_line' id='line_1_13' title="bbox 160 1417 1720 1490; baseline 0.004 -23"><span class='ocrx_word' id='word_1_77' title='bbox 160 1417 390 1486; x_wconf 78' lang='grc' dir='ltr'>ζομένοις</span> <span class='ocrx_word' id='word_1_78' title='bbox 423 1417 646 1486; x_wconf 76' lang='grc' dir='ltr'><strong>δυνάμει</strong></span> <span class='ocrx_word' id='word_1_79' title='bbox 685 1417 874 1488; x_wconf 83' lang='grc' dir='ltr'>πολλῇ,</span> <span class='ocrx_word' id='word_1_80' title='bbox 911 1435 929 1467; x_wconf 72' lang='grc' dir='ltr'><strong>ι</strong></span> <span class='ocrx_word' id='word_1_81' title='bbox 965 1418 1108 1471; x_wconf 88' lang='grc' dir='ltr'>καθά</span> <span class='ocrx_word' id='word_1_82' title='bbox 1145 1436 1310 1490; x_wconf 90' lang='grc' dir='ltr'>φησιν</span> <span class='ocrx_word' id='word_1_83' title='bbox 1361 1422 1388 1473; x_wconf 99' lang='lat'><strong>6</strong></span> <span class='ocrx_word' id='word_1_84' title='bbox 1434 1421 1720 1484; x_wconf 81' lang='grc' dir='ltr'><strong>Θεσπέσιος</strong></span> 
     </span>
    </p>
   </div>
   <div class='ocr_carea' id='block_1_14' title="bbox 160 1504 1720 1583">
    <p class='ocr_par' dir='ltr' id='par_1_14' title="bbox 160 1504 1720 1583">
     <span class='ocr_line' id='line_1_14' title="bbox 160 1504 1720 1583; baseline 0.004 -23"><span class='ocrx_word' id='word_1_85' title='bbox 160 1509 417 1578; x_wconf 80' lang='grc' dir='ltr'>Μελῳδός.</span> <span class='ocrx_word' id='word_1_86' title='bbox 465 1509 552 1560; x_wconf 86' lang='grc' dir='ltr'><strong>Ἐν</strong></span> <span class='ocrx_word' id='word_1_87' title='bbox 581 1508 680 1579; x_wconf 86' lang='grc' dir='ltr'>μὲν</span> <span class='ocrx_word' id='word_1_88' title='bbox 719 1504 811 1562; x_wconf 82' lang='grc' dir='ltr'><strong>οῦν</strong></span> <span class='ocrx_word' id='word_1_89' title='bbox 844 1508 922 1579; x_wconf 80' lang='grc' dir='ltr'><strong>τῷ</strong></span> <span class='ocrx_word' id='word_1_90' title='bbox 966 1509 1112 1579; x_wconf 92' lang='grc' dir='ltr'>λόγῳ</span> <span class='ocrx_word' id='word_1_91' title='bbox 1142 1510 1221 1580; x_wconf 85' lang='grc' dir='ltr'>τῷ</span> <span class='ocrx_word' id='word_1_92' title='bbox 1265 1511 1400 1583; x_wconf 87' lang='grc' dir='ltr'>πρὸς</span> <span class='ocrx_word' id='word_1_93' title='bbox 1443 1512 1599 1582; x_wconf 81' lang='grc' dir='ltr'>ἡμῶν</span> <span class='ocrx_word' id='word_1_94' title='bbox 1629 1530 1720 1580; x_wconf 87' lang='grc' dir='ltr'>γε·</span> 
     </span>
    </p>
   </div>
   <div class='ocr_carea' id='block_1_15' title="bbox 158 1598 1720 1673">
    <p class='ocr_par' dir='ltr' id='par_1_15' title="bbox 158 1598 1720 1673">
     <span class='ocr_line' id='line_1_15' title="bbox 158 1598 1720 1673; baseline 0.004 -22"><span class='ocrx_word' id='word_1_95' title='bbox 158 1601 323 1667; x_wconf 90' lang='grc' dir='ltr'>γονότι</span> <span class='ocrx_word' id='word_1_96' title='bbox 354 1601 488 1669; x_wconf 87' lang='grc' dir='ltr'>πρὸς</span> <span class='ocrx_word' id='word_1_97' title='bbox 518 1599 616 1662; x_wconf 84' lang='grc' dir='ltr'>τὰς</span> <span class='ocrx_word' id='word_1_98' title='bbox 646 1600 806 1667; x_wconf 85' lang='grc' dir='ltr'>ἁγίας</span> <span class='ocrx_word' id='word_1_99' title='bbox 842 1598 1168 1670; x_wconf 80' lang='grc' dir='ltr'>παρθένους,</span> <span class='ocrx_word' id='word_1_100' title='bbox 1199 1601 1307 1655; x_wconf 84' lang='grc' dir='ltr'>τῶν</span> <span class='ocrx_word' id='word_1_101' title='bbox 1361 1605 1720 1673; x_wconf 79' lang='grc' dir='ltr'>ἑτοιμοτέρων</span> 
     </span>
    </p>
   </div>
   <div class='ocr_carea' id='block_1_16' title="bbox 158 1691 1716 1765">
    <p class='ocr_par' dir='ltr' id='par_1_16' title="bbox 158 1691 1716 1765">
     <span class='ocr_line' id='line_1_16' title="bbox 158 1691 1716 1765; baseline 0.002 -22"><span class='ocrx_word' id='word_1_102' title='bbox 158 1691 346 1760; x_wconf 72' lang='grc' dir='ltr'>ῥητῶν,</span> <span class='ocrx_word' id='word_1_103' title='bbox 372 1691 466 1743; x_wconf 76' lang='grc' dir='ltr'><strong>καὶ</strong></span> <span class='ocrx_word' id='word_1_104' title='bbox 492 1691 643 1745; x_wconf 81' lang='grc' dir='ltr'>οὐδὲν</span> <span class='ocrx_word' id='word_1_105' title='bbox 666 1691 900 1762; x_wconf 82' lang='grc' dir='ltr'>ἐχόντων</span> <span class='ocrx_word' id='word_1_106' title='bbox 920 1693 981 1744; x_wconf 89' lang='grc' dir='ltr'><strong>τὸ</strong></span> <span class='ocrx_word' id='word_1_107' title='bbox 1001 1692 1260 1765; x_wconf 81' lang='grc' dir='ltr'>δυσχερὲς</span> <span class='ocrx_word' id='word_1_108' title='bbox 1286 1693 1365 1756; x_wconf 81' lang='grc' dir='ltr'><strong>είς</strong></span> <span class='ocrx_word' id='word_1_109' title='bbox 1390 1694 1716 1762; x_wconf 70' lang='grc' dir='ltr'>κατάληψιν,</span> 
     </span>
    </p>
   </div>
   <div class='ocr_carea' id='block_1_17' title="bbox 157 1784 1717 1855">
    <p class='ocr_par' dir='ltr' id='par_1_17' title="bbox 157 1784 1717 1855">
     <span class='ocr_line' id='line_1_17' title="bbox 157 1784 1717 1855; baseline 0.002 -20"><span class='ocrx_word' id='word_1_110' title='bbox 157 1784 403 1855; x_wconf 83' lang='grc' dir='ltr'>πλείστην</span> <span class='ocrx_word' id='word_1_111' title='bbox 445 1785 578 1854; x_wconf 81' lang='grc' dir='ltr'>ὅσην</span> <span class='ocrx_word' id='word_1_112' title='bbox 613 1784 959 1855; x_wconf 79' lang='grc' dir='ltr'>πεποιήμεθα</span> <span class='ocrx_word' id='word_1_113' title='bbox 988 1786 1085 1855; x_wconf 79' lang='grc' dir='ltr'>τὴν</span> <span class='ocrx_word' id='word_1_114' title='bbox 1119 1785 1418 1854; x_wconf 85' lang='grc' dir='ltr'>παράθεσιν</span> <span class='ocrx_word' id='word_1_115' title='bbox 1437 1802 1452 1815; x_wconf 83' lang='lat'><strong><em>°</em></strong></span> <span class='ocrx_word' id='word_1_116' title='bbox 1486 1786 1544 1838; x_wconf 82' lang='grc' dir='ltr'><strong>έν</strong></span> <span class='ocrx_word' id='word_1_117' title='bbox 1571 1786 1629 1838; x_wconf 89' lang='grc' dir='ltr'><strong>δέ</strong></span> <span class='ocrx_word' id='word_1_118' title='bbox 1653 1803 1717 1854; x_wconf 89' lang='grc' dir='ltr'><strong>γε</strong></span> 
     </span>
    </p>
   </div>
   <div class='ocr_carea' id='block_1_18' title="bbox 1829 591 3392 669">
    <p class='ocr_par' dir='ltr' id='par_1_18' title="bbox 1829 591 3392 669">
     <span class='ocr_line' id='line_1_18' title="bbox 1829 591 3392 669; baseline 0.004 -22"><span class='ocrx_word' id='word_1_119' title='bbox 1829 591 2045 647; x_wconf 70' lang='lat' dir='ltr'><strong>Littera:</strong></span> <span class='ocrx_word' id='word_1_120' title='bbox 2069 596 2134 646; x_wconf 88' lang='lat' dir='ltr'><strong>de</strong></span> <span class='ocrx_word' id='word_1_121' title='bbox 2171 595 2262 647; x_wconf 92' lang='lat' dir='ltr'><strong>illo</strong></span> <span class='ocrx_word' id='word_1_122' title='bbox 2286 596 2537 662; x_wconf 90' lang='lat' dir='ltr'><strong>prodant.</strong></span> <span class='ocrx_word' id='word_1_123' title='bbox 2567 597 2783 664; x_wconf 81' lang='lat' dir='ltr'><strong>Spectet</strong></span> <span class='ocrx_word' id='word_1_124' title='bbox 2816 612 2992 654; x_wconf 90' lang='lat' dir='ltr'><strong>autem</strong></span> <span class='ocrx_word' id='word_1_125' title='bbox 3025 609 3199 669; x_wconf 84' lang='lat' dir='ltr'><strong>potius</strong></span> <span class='ocrx_word' id='word_1_126' title='bbox 3229 614 3392 667; x_wconf 83' lang='lat' dir='ltr'><strong>euele-</strong></span> 
     </span>
    </p>
   </div>
   <div class='ocr_carea' id='block_1_19' title="bbox 1828 685 3384 769">
    <p class='ocr_par' dir='ltr' id='par_1_19' title="bbox 1828 685 3384 769">
     <span class='ocr_line' id='line_1_19' title="bbox 1828 685 3384 769; baseline 0.004 -33"><span class='ocrx_word' id='word_1_127' title='bbox 1828 695 1961 737; x_wconf 90' lang='lat' dir='ltr'><strong>stem</strong></span> <span class='ocrx_word' id='word_1_128' title='bbox 2001 685 2140 738; x_wconf 90' lang='lat' dir='ltr'><strong>illius</strong></span> <span class='ocrx_word' id='word_1_129' title='bbox 2172 685 2394 752; x_wconf 88' lang='lat' dir='ltr'><strong>gloriam</strong></span> <span class='ocrx_word' id='word_1_130' title='bbox 2423 695 2475 738; x_wconf 91' lang='lat' dir='ltr'><strong>et</strong></span> <span class='ocrx_word' id='word_1_131' title='bbox 2517 687 2852 753; x_wconf 74' lang='lat' dir='ltr'><strong>maiestatem</strong></span> <span class='ocrx_word' id='word_1_132' title='bbox 2894 706 2958 744; x_wconf 80' lang='lat' dir='ltr'><strong>ex</strong></span> <span class='ocrx_word' id='word_1_133' title='bbox 2990 694 3167 748; x_wconf 83' lang='lat' dir='ltr'><strong>divina</strong></span> <span class='ocrx_word' id='word_1_134' title='bbox 3198 715 3384 769; x_wconf 62' lang='lat' dir='ltr'><strong>supra-</strong></span> 
     </span>
    </p>
   </div>
   <div class='ocr_carea' id='block_1_20' title="bbox 1827 777 2968 842">
    <p class='ocr_par' dir='ltr' id='par_1_20' title="bbox 1827 777 2968 842">
     <span class='ocr_line' id='line_1_20' title="bbox 1827 777 2968 842; baseline 0.005 -14"><span class='ocrx_word' id='word_1_135' title='bbox 1827 790 2022 840; x_wconf 88' lang='lat' dir='ltr'><strong>maqne</strong></span> <span class='ocrx_word' id='word_1_136' title='bbox 2047 777 2282 842; x_wconf 87' lang='lat' dir='ltr'><strong>ejusdem</strong></span> <span class='ocrx_word' id='word_1_137' title='bbox 2316 778 2514 830; x_wconf 87' lang='lat' dir='ltr'><strong>virtute</strong></span> <span class='ocrx_word' id='word_1_138' title='bbox 2548 788 2602 831; x_wconf 89' lang='lat' dir='ltr'><strong>et</strong></span> <span class='ocrx_word' id='word_1_139' title='bbox 2630 778 2968 834; x_wconf 74' lang='lat' dir='ltr'><strong>excellentia.</strong></span> 
     </span>
    </p>
   </div>
   <div class='ocr_carea' id='block_1_21' title="bbox 1899 865 3393 942">
    <p class='ocr_par' dir='ltr' id='par_1_21' title="bbox 1899 865 3393 942">
     <span class='ocr_line' id='line_1_21' title="bbox 1899 865 3393 942; baseline 0.007 -25"><span class='ocrx_word' id='word_1_140' title='bbox 1899 865 1986 919; x_wconf 88' lang='lat' dir='ltr'><strong>IV.</strong></span> <span class='ocrx_word' id='word_1_141' title='bbox 2028 866 2193 936; x_wconf 81' lang='lat' dir='ltr'><strong>igitur</strong></span> <span class='ocrx_word' id='word_1_142' title='bbox 2226 883 2344 935; x_wconf 60' lang='lat' dir='ltr'><strong>qum</strong></span> <span class='ocrx_word' id='word_1_143' title='bbox 2382 867 2777 934; x_wconf 88' lang='lat' dir='ltr'><strong>simpliciorum</strong></span> <span class='ocrx_word' id='word_1_144' title='bbox 2813 870 3021 927; x_wconf 88' lang='lat' dir='ltr'><strong>animos</strong></span> <span class='ocrx_word' id='word_1_145' title='bbox 3051 890 3160 942; x_wconf 74' lang='lat' dir='ltr'><strong>pra:</strong></span> <span class='ocrx_word' id='word_1_146' title='bbox 3186 885 3393 938; x_wconf 66' lang='lat' dir='ltr'><strong>emeris</strong></span> 
     </span>
    </p>
   </div>
   <div class='ocr_carea' id='block_1_22' title="bbox 1827 957 3394 1032">
    <p class='ocr_par' dir='ltr' id='par_1_22' title="bbox 1827 957 3394 1032">
     <span class='ocr_line' id='line_1_22' title="bbox 1827 957 3394 1032; baseline 0.01 -24"><span class='ocrx_word' id='word_1_147' title='bbox 1827 957 2046 1010; x_wconf 84' lang='lat' dir='ltr'><strong>turbare</strong></span> <span class='ocrx_word' id='word_1_148' title='bbox 2090 972 2246 1024; x_wconf 87' lang='lat' dir='ltr'><strong>posse</strong></span> <span class='ocrx_word' id='word_1_149' title='bbox 2288 958 2562 1023; x_wconf 87' lang='lat' dir='ltr'><strong>videntur,</strong></span> <span class='ocrx_word' id='word_1_150' title='bbox 2607 961 2991 1027; x_wconf 93' lang='lat' dir='ltr'><strong>perspicuitate</strong></span> <span class='ocrx_word' id='word_1_151' title='bbox 3037 979 3233 1032; x_wconf 84' lang='lat' dir='ltr'><strong>quanta</strong></span> <span class='ocrx_word' id='word_1_152' title='bbox 3285 973 3394 1026; x_wconf 86' lang='lat' dir='ltr'><strong>lieri</strong></span> 
     </span>
    </p>
   </div>
   <div class='ocr_carea' id='block_1_23' title="bbox 1826 1049 3393 1122">
    <p class='ocr_par' dir='ltr' id='par_1_23' title="bbox 1826 1049 3393 1122">
     <span class='ocr_line' id='line_1_23' title="bbox 1826 1049 3393 1122; baseline 0.01 -21"><span class='ocrx_word' id='word_1_153' title='bbox 1826 1049 2023 1117; x_wconf 90' lang='lat' dir='ltr'><strong>poterit</strong></span> <span class='ocrx_word' id='word_1_154' title='bbox 2051 1049 2282 1102; x_wconf 75' lang='lat' dir='ltr'><strong>maxima</strong></span> <span class='ocrx_word' id='word_1_155' title='bbox 2317 1065 2465 1115; x_wconf 88' lang='lat' dir='ltr'><strong>usus,</strong></span> <span class='ocrx_word' id='word_1_156' title='bbox 2499 1065 2563 1103; x_wconf 85' lang='lat' dir='ltr'><strong>ea</strong></span> <span class='ocrx_word' id='word_1_157' title='bbox 2594 1065 2692 1117; x_wconf 90' lang='lat' dir='ltr'><strong>pro</strong></span> <span class='ocrx_word' id='word_1_158' title='bbox 2724 1052 2926 1105; x_wconf 86' lang='lat' dir='ltr'><strong>viribus</strong></span> <span class='ocrx_word' id='word_1_159' title='bbox 2967 1057 3261 1122; x_wconf 82' lang='lat' dir='ltr'><strong>explanare</strong></span> <span class='ocrx_word' id='word_1_160' title='bbox 3305 1082 3393 1117; x_wconf 84' lang='lat' dir='ltr'><strong>co-</strong></span> 
     </span>
    </p>
   </div>
   <div class='ocr_carea' id='block_1_24' title="bbox 1827 1137 3386 1206">
    <p class='ocr_par' dir='ltr' id='par_1_24' title="bbox 1827 1137 3386 1206">
     <span class='ocr_line' id='line_1_24' title="bbox 1827 1137 3386 1206; baseline 0.01 -16"><span class='ocrx_word' id='word_1_161' title='bbox 1827 1139 2019 1202; x_wconf 86' lang='lat' dir='ltr'><strong>nabor,</strong></span> <span class='ocrx_word' id='word_1_162' title='bbox 2053 1137 2275 1206; x_wconf 87' lang='lat' dir='ltr'><strong>majoris</strong></span> <span class='ocrx_word' id='word_1_163' title='bbox 2300 1138 2435 1192; x_wconf 87' lang='lat' dir='ltr'><strong>lucis</strong></span> <span class='ocrx_word' id='word_1_164' title='bbox 2472 1154 2633 1192; x_wconf 87' lang='lat' dir='ltr'><strong>causa</strong></span> <span class='ocrx_word' id='word_1_165' title='bbox 2666 1139 2856 1193; x_wconf 88' lang='lat' dir='ltr'><strong>idonea</strong></span> <span class='ocrx_word' id='word_1_166' title='bbox 2884 1141 3153 1200; x_wconf 75' lang='lat' dir='ltr'><strong>solutione</strong></span> <span class='ocrx_word' id='word_1_167' title='bbox 3188 1153 3386 1205; x_wconf 83' lang='lat' dir='ltr'><strong>unicui-</strong></span> 
     </span>
    </p>
   </div>
   <div class='ocr_carea' id='block_1_25' title="bbox 1825 1229 3396 1299">
    <p class='ocr_par' dir='ltr' id='par_1_25' title="bbox 1825 1229 3396 1299">
     <span class='ocr_line' id='line_1_25' title="bbox 1825 1229 3396 1299; baseline 0.01 -20"><span class='ocrx_word' id='word_1_168' title='bbox 1825 1243 1928 1295; x_wconf 85' lang='lat' dir='ltr'><strong>que</strong></span> <span class='ocrx_word' id='word_1_169' title='bbox 1972 1229 2253 1283; x_wconf 82' lang='lat' dir='ltr'><strong>sententiae</strong></span> <span class='ocrx_word' id='word_1_170' title='bbox 2282 1230 2558 1299; x_wconf 84' lang='lat' dir='ltr'><strong>apposita;</strong></span> <span class='ocrx_word' id='word_1_171' title='bbox 2596 1230 2704 1283; x_wconf 91' lang='lat' dir='ltr'><strong>Deo</strong></span> <span class='ocrx_word' id='word_1_172' title='bbox 2754 1247 2940 1285; x_wconf 81' lang='lat' dir='ltr'><strong>rursus</strong></span> <span class='ocrx_word' id='word_1_173' title='bbox 2970 1234 3106 1286; x_wconf 86' lang='lat' dir='ltr'><strong>viam</strong></span> <span class='ocrx_word' id='word_1_174' title='bbox 3163 1252 3396 1295; x_wconf 85' lang='lat' dir='ltr'><strong>nostram</strong></span> 
     </span>
    </p>
   </div>
   <div class='ocr_carea' id='block_1_26' title="bbox 1828 1321 3399 1387">
    <p class='ocr_par' dir='ltr' id='par_1_26' title="bbox 1828 1321 3399 1387">
     <span class='ocr_line' id='line_1_26' title="bbox 1828 1321 3399 1387; baseline 0.008 -14"><span class='ocrx_word' id='word_1_175' title='bbox 1828 1322 1879 1374; x_wconf 94' lang='lat' dir='ltr'><strong>in</strong></span> <span class='ocrx_word' id='word_1_176' title='bbox 1912 1323 2015 1375; x_wconf 88' lang='lat' dir='ltr'><strong>hoc</strong></span> <span class='ocrx_word' id='word_1_177' title='bbox 2046 1321 2209 1375; x_wconf 86' lang='lat' dir='ltr'><strong>etiam</strong></span> <span class='ocrx_word' id='word_1_178' title='bbox 2241 1322 2518 1375; x_wconf 92' lang='lat' dir='ltr'><strong>curriculo</strong></span> <span class='ocrx_word' id='word_1_179' title='bbox 2560 1322 2897 1376; x_wconf 81' lang='lat' dir='ltr'><strong>moderante.</strong></span> <span class='ocrx_word' id='word_1_180' title='bbox 2941 1341 2959 1374; x_wconf 74' lang='grc' dir='ltr'><strong>ι</strong></span> <span class='ocrx_word' id='word_1_181' title='bbox 2993 1324 3091 1379; x_wconf 86' lang='lat' dir='ltr'><strong>Dat</strong></span> <span class='ocrx_word' id='word_1_182' title='bbox 3129 1331 3268 1382; x_wconf 91' lang='lat' dir='ltr'><strong>enim</strong></span> <span class='ocrx_word' id='word_1_183' title='bbox 3314 1335 3399 1387; x_wconf 89' lang='lat' dir='ltr'><strong>ille</strong></span> 
     </span>
    </p>
   </div>
   <div class='ocr_carea' id='block_1_27' title="bbox 1825 1411 3390 1485">
    <p class='ocr_par' dir='ltr' id='par_1_27' title="bbox 1825 1411 3390 1485">
     <span class='ocr_line' id='line_1_27' title="bbox 1825 1411 3390 1485; baseline 0.007 -22"><span class='ocrx_word' id='word_1_184' title='bbox 1825 1415 2044 1465; x_wconf 81' lang='lat' dir='ltr'><strong>verbum</strong></span> <span class='ocrx_word' id='word_1_185' title='bbox 2095 1411 2596 1482; x_wconf 84' lang='lat' dir='ltr'><strong>evangelizantibus</strong></span> <span class='ocrx_word' id='word_1_186' title='bbox 2653 1412 2807 1482; x_wconf 80' lang='lat'><strong>131</strong></span> <span class='ocrx_word' id='word_1_187' title='bbox 2867 1414 3065 1470; x_wconf 85' lang='lat' dir='ltr'><strong>virtute</strong></span> <span class='ocrx_word' id='word_1_188' title='bbox 3113 1420 3317 1485; x_wconf 81' lang='lat' dir='ltr'><strong>multa,</strong></span> <span class='ocrx_word' id='word_1_189' title='bbox 3374 1443 3390 1474; x_wconf 69' lang='grc' dir='ltr'><strong>ι</strong></span> 
     </span>
    </p>
   </div>
   <div class='ocr_carea' id='block_1_28' title="bbox 1822 1501 3398 1571">
    <p class='ocr_par' dir='ltr' id='par_1_28' title="bbox 1822 1501 3398 1571">
     <span class='ocr_line' id='line_1_28' title="bbox 1822 1501 3398 1571; baseline 0.008 -19"><span class='ocrx_word' id='word_1_190' title='bbox 1822 1503 2276 1571; x_wconf 85' lang='lat' dir='ltr'><strong>quemadmodum</strong></span> <span class='ocrx_word' id='word_1_191' title='bbox 2325 1501 2547 1556; x_wconf 83' lang='lat' dir='ltr'><strong>divinus</strong></span> <span class='ocrx_word' id='word_1_192' title='bbox 2577 1501 2790 1558; x_wconf 86' lang='lat' dir='ltr'><strong>Psaltes</strong></span> <span class='ocrx_word' id='word_1_193' title='bbox 2837 1507 2984 1558; x_wconf 88' lang='lat' dir='ltr'><strong>canit</strong></span> <span class='ocrx_word' id='word_1_194' title='bbox 3009 1507 3074 1558; x_wconf 76' lang='grc' dir='ltr'><strong>τ’.</strong></span> <span class='ocrx_word' id='word_1_195' title='bbox 3109 1506 3276 1563; x_wconf 85' lang='lat' dir='ltr'><strong>Porro</strong></span> <span class='ocrx_word' id='word_1_196' title='bbox 3306 1529 3398 1565; x_wconf 88' lang='lat' dir='ltr'><strong>an-</strong></span> 
     </span>
    </p>
   </div>
   <div class='ocr_carea' id='block_1_29' title="bbox 1827 1593 3398 1672">
    <p class='ocr_par' dir='ltr' id='par_1_29' title="bbox 1827 1593 3398 1672">
     <span class='ocr_line' id='line_1_29' title="bbox 1827 1593 3398 1672; baseline 0.008 -25"><span class='ocrx_word' id='word_1_197' title='bbox 1827 1603 1931 1648; x_wconf 87' lang='lat' dir='ltr'><strong>tem</strong></span> <span class='ocrx_word' id='word_1_198' title='bbox 1975 1593 2029 1648; x_wconf 91' lang='lat' dir='ltr'><strong>in</strong></span> <span class='ocrx_word' id='word_1_199' title='bbox 2071 1607 2136 1648; x_wconf 91' lang='lat' dir='ltr'><strong>eo</strong></span> <span class='ocrx_word' id='word_1_200' title='bbox 2165 1595 2578 1660; x_wconf 91' lang='lat' dir='ltr'><strong>commentario,</strong></span> <span class='ocrx_word' id='word_1_201' title='bbox 2618 1610 2778 1664; x_wconf 88' lang='lat' dir='ltr'><strong>quem</strong></span> <span class='ocrx_word' id='word_1_202' title='bbox 2825 1596 2891 1649; x_wconf 88' lang='lat' dir='ltr'><strong>ad</strong></span> <span class='ocrx_word' id='word_1_203' title='bbox 2939 1611 3124 1653; x_wconf 88' lang='lat' dir='ltr'><strong>sacras</strong></span> <span class='ocrx_word' id='word_1_204' title='bbox 3165 1603 3398 1672; x_wconf 76' lang='lat' dir='ltr'><strong>virgines</strong></span> 
     </span>
    </p>
   </div>
   <div class='ocr_carea' id='block_1_30' title="bbox 1826 1684 3397 1764">
    <p class='ocr_par' dir='ltr' id='par_1_30' title="bbox 1826 1684 3397 1764">
     <span class='ocr_line' id='line_1_30' title="bbox 1826 1684 3397 1764; baseline 0.008 -28"><span class='ocrx_word' id='word_1_205' title='bbox 1826 1684 2193 1749; x_wconf 83' lang='lat' dir='ltr'><strong>exaravimus,</strong></span> <span class='ocrx_word' id='word_1_206' title='bbox 2237 1684 2326 1739; x_wconf 87' lang='lat' dir='ltr'><strong>illa</strong></span> <span class='ocrx_word' id='word_1_207' title='bbox 2366 1685 2582 1741; x_wconf 85' lang='lat' dir='ltr'><strong>abunde</strong></span> <span class='ocrx_word' id='word_1_208' title='bbox 2609 1687 3027 1753; x_wconf 89' lang='lat' dir='ltr'><strong>edisseruimus,</strong></span> <span class='ocrx_word' id='word_1_209' title='bbox 3071 1706 3192 1758; x_wconf 78' lang='lat' dir='ltr'><strong>quae</strong></span> <span class='ocrx_word' id='word_1_210' title='bbox 3228 1698 3397 1764; x_wconf 87' lang='lat' dir='ltr'><strong>magis</strong></span> 
     </span>
    </p>
   </div>
   <div class='ocr_carea' id='block_1_31' title="bbox 1821 1773 3392 1844">
    <p class='ocr_par' dir='ltr' id='par_1_31' title="bbox 1821 1773 3392 1844">
     <span class='ocr_line' id='line_1_31' title="bbox 1821 1773 3392 1844; baseline 0.006 -16"><span class='ocrx_word' id='word_1_211' title='bbox 1821 1774 1998 1840; x_wconf 89' lang='lat' dir='ltr'><strong>obvia,</strong></span> <span class='ocrx_word' id='word_1_212' title='bbox 2050 1773 2436 1844; x_wconf 90' lang='lat' dir='ltr'><strong>intellectuque</strong></span> <span class='ocrx_word' id='word_1_213' title='bbox 2481 1775 2732 1830; x_wconf 81' lang='lat' dir='ltr'><strong>faciliora</strong></span> <span class='ocrx_word' id='word_1_214' title='bbox 2782 1778 3148 1833; x_wconf 87' lang='lat' dir='ltr'><strong>videbantur:</strong></span> <span class='ocrx_word' id='word_1_215' title='bbox 3186 1782 3236 1834; x_wconf 93' lang='lat' dir='ltr'><strong>in</strong></span> <span class='ocrx_word' id='word_1_216' title='bbox 3291 1785 3392 1838; x_wconf 84' lang='lat' dir='ltr'><strong>hoc</strong></span> 
     </span>
    </p>
   </div>
   <div class='ocr_carea' id='block_1_32' title="bbox 154 1865 1734 1948">
    <p class='ocr_par' dir='ltr' id='par_1_32' title="bbox 154 1875 1719 1948">
     <span class='ocr_line' id='line_1_32' title="bbox 154 1875 1719 1948; baseline 0.001 -21"><span class='ocrx_word' id='word_1_217' title='bbox 154 1877 229 1945; x_wconf 82' lang='grc' dir='ltr'><strong>τῷ</strong></span> <span class='ocrx_word' id='word_1_218' title='bbox 255 1876 618 1946; x_wconf 84' lang='grc' dir='ltr'>προκειμένῳ,</span> <span class='ocrx_word' id='word_1_219' title='bbox 646 1875 754 1928; x_wconf 83' lang='grc' dir='ltr'>τῶν</span> <span class='ocrx_word' id='word_1_220' title='bbox 786 1876 1174 1946; x_wconf 86' lang='grc' dir='ltr'>ἀσαφεστέρων</span> <span class='ocrx_word' id='word_1_221' title='bbox 1211 1876 1556 1947; x_wconf 83' lang='grc' dir='ltr'>πεποιήμεθα</span> <span class='ocrx_word' id='word_1_222' title='bbox 1584 1879 1719 1948; x_wconf 83' lang='grc' dir='ltr'>μνή-</span> 
     </span>
    </p>
   </div>
   <div class='ocr_carea' id='block_1_33' title="bbox 1816 1865 3395 1948">
    <p class='ocr_par' dir='ltr' id='par_1_33' title="bbox 1822 1865 3395 1938">
     <span class='ocr_line' id='line_1_33' title="bbox 1822 1865 3395 1938; baseline 0.007 -21"><span class='ocrx_word' id='word_1_223' title='bbox 1822 1866 2075 1935; x_wconf 58' lang='grc' dir='ltr'><strong>υτωεθηιί</strong></span> <span class='ocrx_word' id='word_1_224' title='bbox 2105 1879 2235 1921; x_wconf 82' lang='lat' dir='ltr'><strong>vero</strong></span> <span class='ocrx_word' id='word_1_225' title='bbox 2269 1866 2323 1920; x_wconf 91' lang='lat' dir='ltr'><strong>in</strong></span> <span class='ocrx_word' id='word_1_226' title='bbox 2364 1865 2741 1922; x_wconf 84' lang='lat' dir='ltr'><strong>obscuriorum</strong></span> <span class='ocrx_word' id='word_1_227' title='bbox 2766 1867 3124 1938; x_wconf 70' lang='lat' dir='ltr'><strong>explicatione</strong></span> <span class='ocrx_word' id='word_1_228' title='bbox 3155 1877 3395 1928; x_wconf 82' lang='lat' dir='ltr'><strong>versabi-</strong></span> 
     </span>
    </p>
   </div>
   <div class='ocr_carea' id='block_1_34' title="bbox 155 1967 1718 2040">
    <p class='ocr_par' dir='ltr' id='par_1_34' title="bbox 155 1967 1718 2040">
     <span class='ocr_line' id='line_1_34' title="bbox 155 1967 1718 2040; baseline 0.003 -21"><span class='ocrx_word' id='word_1_229' title='bbox 155 1982 292 2036; x_wconf 75' lang='grc' dir='ltr'>μηνο</span> <span class='ocrx_word' id='word_1_230' title='bbox 334 1968 437 2020; x_wconf 79' lang='grc' dir='ltr'>ἔδει</span> <span class='ocrx_word' id='word_1_231' title='bbox 467 1967 594 2038; x_wconf 81' lang='grc' dir='ltr'>γὰρ,</span> <span class='ocrx_word' id='word_1_232' title='bbox 652 1968 758 2021; x_wconf 76' lang='grc' dir='ltr'>ἔδει</span> <span class='ocrx_word' id='word_1_233' title='bbox 802 1968 862 2021; x_wconf 90' lang='grc' dir='ltr'><strong>τὸ</strong></span> <span class='ocrx_word' id='word_1_234' title='bbox 909 1968 1153 2038; x_wconf 85' lang='grc' dir='ltr'>θεοφιλὲς</span> <span class='ocrx_word' id='word_1_235' title='bbox 1201 1971 1354 2040; x_wconf 86' lang='grc' dir='ltr'>ὑμῶν</span> <span class='ocrx_word' id='word_1_236' title='bbox 1391 1970 1590 2039; x_wconf 79' lang='grc' dir='ltr'>κράτος</span> <span class='ocrx_word' id='word_1_237' title='bbox 1625 1973 1718 2024; x_wconf 69' lang='grc' dir='ltr'><strong>καὶ</strong></span> 
     </span>
    </p>
   </div>
   <div class='ocr_carea' id='block_1_35' title="bbox 150 2057 1717 2133">
    <p class='ocr_par' dir='ltr' id='par_1_35' title="bbox 150 2057 1717 2133">
     <span class='ocr_line' id='line_1_35' title="bbox 150 2057 1717 2133; baseline 0.003 -24"><span class='ocrx_word' id='word_1_238' title='bbox 150 2057 315 2111; x_wconf 80' lang='grc' dir='ltr'>ταῦτα</span> <span class='ocrx_word' id='word_1_239' title='bbox 345 2059 561 2125; x_wconf 80' lang='grc' dir='ltr'>εἰδέναι,</span> <span class='ocrx_word' id='word_1_240' title='bbox 595 2061 825 2114; x_wconf 84' lang='grc' dir='ltr'>κάκεῖνα</span> <span class='ocrx_word' id='word_1_241' title='bbox 855 2061 929 2133; x_wconf 84' lang='grc' dir='ltr'>μὴ</span> <span class='ocrx_word' id='word_1_242' title='bbox 959 2061 1196 2129; x_wconf 81' lang='grc' dir='ltr'><strong>ἀγνοεῖν,</strong></span> <span class='ocrx_word' id='word_1_243' title='bbox 1226 2061 1300 2124; x_wconf 82' lang='grc' dir='ltr'>ὡς</span> <span class='ocrx_word' id='word_1_244' title='bbox 1330 2061 1394 2114; x_wconf 84' lang='grc' dir='ltr'><strong>ἂν</strong></span> <span class='ocrx_word' id='word_1_245' title='bbox 1421 2061 1488 2113; x_wconf 88' lang='grc' dir='ltr'>δι’</span> <span class='ocrx_word' id='word_1_246' title='bbox 1515 2063 1717 2131; x_wconf 82' lang='grc' dir='ltr'>ἀμφοῖν</span> 
     </span>
    </p>
   </div>
   <div class='ocr_carea' id='block_1_36' title="bbox 148 2149 1718 2222">
    <p class='ocr_par' dir='ltr' id='par_1_36' title="bbox 148 2149 1718 2222">
     <span class='ocr_line' id='line_1_36' title="bbox 148 2149 1718 2222; baseline 0.003 -22"><span class='ocrx_word' id='word_1_247' title='bbox 148 2150 207 2199; x_wconf 81' lang='grc' dir='ltr'><strong>τὸ</strong></span> <span class='ocrx_word' id='word_1_248' title='bbox 235 2150 432 2219; x_wconf 84' lang='grc' dir='ltr'>ἀρτίως</span> <span class='ocrx_word' id='word_1_249' title='bbox 475 2149 598 2221; x_wconf 77' lang='grc' dir='ltr'>ἔχον</span> <span class='ocrx_word' id='word_1_250' title='bbox 647 2151 728 2214; x_wconf 82' lang='grc' dir='ltr'><strong>είς</strong></span> <span class='ocrx_word' id='word_1_251' title='bbox 775 2151 997 2219; x_wconf 80' lang='grc' dir='ltr'>γνῶσιν,</span> <span class='ocrx_word' id='word_1_252' title='bbox 1051 2151 1302 2222; x_wconf 86' lang='grc' dir='ltr'>καθάπερ</span> <span class='ocrx_word' id='word_1_253' title='bbox 1334 2170 1387 2204; x_wconf 90' lang='grc' dir='ltr'><strong>τι</strong></span> <span class='ocrx_word' id='word_1_254' title='bbox 1416 2153 1550 2221; x_wconf 86' lang='grc' dir='ltr'>φῶς,</span> <span class='ocrx_word' id='word_1_255' title='bbox 1598 2155 1718 2215; x_wconf 89' lang='grc' dir='ltr'>ταῖς</span> 
     </span>
    </p>
   </div>
   <div class='ocr_carea' id='block_1_37' title="bbox 147 2242 1716 2314">
    <p class='ocr_par' dir='ltr' id='par_1_37' title="bbox 147 2242 1716 2314">
     <span class='ocr_line' id='line_1_37' title="bbox 147 2242 1716 2314; baseline 0.004 -21"><span class='ocrx_word' id='word_1_256' title='bbox 147 2242 535 2310; x_wconf 82' lang='grc' dir='ltr'>εὐαγεστάταις</span> <span class='ocrx_word' id='word_1_257' title='bbox 564 2244 719 2314; x_wconf 83' lang='grc' dir='ltr'>ὑμῶν</span> <span class='ocrx_word' id='word_1_258' title='bbox 754 2244 1095 2308; x_wconf 78' lang='grc' dir='ltr'>είσοικίζοιτο</span> <span class='ocrx_word' id='word_1_259' title='bbox 1123 2245 1401 2308; x_wconf 84' lang='grc' dir='ltr'>διανοίαις.</span> <span class='ocrx_word' id='word_1_260' title='bbox 1429 2246 1635 2310; x_wconf 78' lang='grc' dir='ltr'>Σκοπὸς</span> <span class='ocrx_word' id='word_1_261' title='bbox 1659 2247 1716 2299; x_wconf 82' lang='grc' dir='ltr'><strong>δέ</strong></span> 
     </span>
    </p>
   </div>
   <div class='ocr_carea' id='block_1_38' title="bbox 151 2332 1714 2406">
    <p class='ocr_par' dir='ltr' id='par_1_38' title="bbox 151 2332 1714 2406">
     <span class='ocr_line' id='line_1_38' title="bbox 151 2332 1714 2406; baseline 0.003 -24"><span class='ocrx_word' id='word_1_262' title='bbox 151 2350 239 2400; x_wconf 88' lang='grc' dir='ltr'><strong>μοι</strong></span> <span class='ocrx_word' id='word_1_263' title='bbox 283 2332 350 2384; x_wconf 80' lang='grc' dir='ltr'>τὰ</span> <span class='ocrx_word' id='word_1_264' title='bbox 401 2333 487 2400; x_wconf 74' lang='grc' dir='ltr'><strong>ἐφ’</strong></span> <span class='ocrx_word' id='word_1_265' title='bbox 519 2333 735 2403; x_wconf 78' lang='grc' dir='ltr'>ἑκάστῳ</span> <span class='ocrx_word' id='word_1_266' title='bbox 777 2333 1184 2404; x_wconf 80' lang='grc' dir='ltr'>διερμηνεύοντι</span> <span class='ocrx_word' id='word_1_267' title='bbox 1239 2335 1594 2406; x_wconf 84' lang='grc' dir='ltr'>βραχυλογεῖν</span> <span class='ocrx_word' id='word_1_268' title='bbox 1640 2335 1714 2398; x_wconf 84' lang='grc' dir='ltr'>ὠς</span> 
     </span>
    </p>
   </div>
   <div class='ocr_carea' id='block_1_39' title="bbox 145 2419 1715 2495">
    <p class='ocr_par' dir='ltr' id='par_1_39' title="bbox 145 2419 1715 2495">
     <span class='ocr_line' id='line_1_39' title="bbox 145 2419 1715 2495; baseline 0.003 -21"><span class='ocrx_word' id='word_1_269' title='bbox 145 2419 254 2475; x_wconf 75' lang='grc' dir='ltr'>οἷόν</span> <span class='ocrx_word' id='word_1_270' title='bbox 298 2441 391 2477; x_wconf 89' lang='grc' dir='ltr'>τε·</span> <span class='ocrx_word' id='word_1_271' title='bbox 435 2425 820 2494; x_wconf 81' lang='grc' dir='ltr'>προτετάξεται</span> <span class='ocrx_word' id='word_1_272' title='bbox 871 2425 928 2478; x_wconf 83' lang='grc' dir='ltr'>δὲ</span> <span class='ocrx_word' id='word_1_273' title='bbox 975 2426 1083 2478; x_wconf 84' lang='grc' dir='ltr'>τῶν</span> <span class='ocrx_word' id='word_1_274' title='bbox 1136 2425 1309 2479; x_wconf 79' lang='grc' dir='ltr'>ἄλλων</span> <span class='ocrx_word' id='word_1_275' title='bbox 1357 2425 1384 2476; x_wconf 93' lang='lat'><strong>6</strong></span> <span class='ocrx_word' id='word_1_276' title='bbox 1435 2427 1563 2492; x_wconf 78' lang='grc' dir='ltr'>περὶ</span> <span class='ocrx_word' id='word_1_277' title='bbox 1617 2427 1715 2495; x_wconf 82' lang='grc' dir='ltr'><strong>τῆς</strong></span> 
     </span>
    </p>
   </div>
   <div class='ocr_carea' id='block_1_40' title="bbox 146 2512 1715 2585">
    <p class='ocr_par' dir='ltr' id='par_1_40' title="bbox 146 2512 1715 2585">
     <span class='ocr_line' id='line_1_40' title="bbox 146 2512 1715 2585; baseline 0.001 -19"><span class='ocrx_word' id='word_1_278' title='bbox 146 2515 424 2578; x_wconf 82' lang='grc' dir='ltr'>κενώσεως</span> <span class='ocrx_word' id='word_1_279' title='bbox 451 2516 641 2582; x_wconf 87' lang='grc' dir='ltr'>Λόγος,</span> <span class='ocrx_word' id='word_1_280' title='bbox 683 2516 882 2568; x_wconf 81' lang='grc' dir='ltr'>’ἰστέον</span> <span class='ocrx_word' id='word_1_281' title='bbox 925 2516 968 2567; x_wconf 84' lang='grc' dir='ltr'>δ’</span> <span class='ocrx_word' id='word_1_282' title='bbox 1007 2512 1097 2568; x_wconf 79' lang='grc' dir='ltr'>οὖν</span> <span class='ocrx_word' id='word_1_283' title='bbox 1144 2517 1293 2585; x_wconf 80' lang='grc' dir='ltr'>ὅμως</span> <span class='ocrx_word' id='word_1_284' title='bbox 1335 2518 1511 2568; x_wconf 76' lang='grc' dir='ltr'>ἐκεῖνο</span> <span class='ocrx_word' id='word_1_285' title='bbox 1536 2534 1549 2547; x_wconf 94' lang='grc'><strong>·</strong></span> <span class='ocrx_word' id='word_1_286' title='bbox 1587 2518 1715 2570; x_wconf 82' lang='grc' dir='ltr'>ὅταν</span> 
     </span>
    </p>
   </div>
   <div class='ocr_carea' id='block_1_41' title="bbox 141 2605 1713 2677">
    <p class='ocr_par' dir='ltr' id='par_1_41' title="bbox 141 2605 1713 2677">
     <span class='ocr_line' id='line_1_41' title="bbox 141 2605 1713 2677; baseline 0.001 -21"><span class='ocrx_word' id='word_1_287' title='bbox 141 2609 248 2675; x_wconf 62' lang='grc' dir='ltr'><strong>γὰρ</strong></span> <span class='ocrx_word' id='word_1_288' title='bbox 276 2608 406 2676; x_wconf 82' lang='grc' dir='ltr'>ἡμῖν</span> <span class='ocrx_word' id='word_1_289' title='bbox 438 2605 771 2676; x_wconf 78' lang='grc' dir='ltr'>ὀνομάζηται</span> <span class='ocrx_word' id='word_1_290' title='bbox 805 2606 1040 2675; x_wconf 84' lang='grc' dir='ltr'>Χριστὸς</span> <span class='ocrx_word' id='word_1_291' title='bbox 1086 2607 1311 2677; x_wconf 83' lang='grc' dir='ltr'>Ἰησοῦς,</span> <span class='ocrx_word' id='word_1_292' title='bbox 1363 2606 1713 2675; x_wconf 82' lang='grc' dir='ltr'>ὲνανθρωπή-</span> 
     </span>
    </p>
   </div>
   <div class='ocr_carea' id='block_1_42' title="bbox 141 2695 1713 2768">
    <p class='ocr_par' dir='ltr' id='par_1_42' title="bbox 141 2695 1713 2768">
     <span class='ocr_line' id='line_1_42' title="bbox 141 2695 1713 2768; baseline 0.001 -21"><span class='ocrx_word' id='word_1_293' title='bbox 141 2714 309 2748; x_wconf 87' lang='grc' dir='ltr'>σαντα</span> <span class='ocrx_word' id='word_1_294' title='bbox 349 2697 441 2749; x_wconf 77' lang='grc' dir='ltr'><strong>καὶ</strong></span> <span class='ocrx_word' id='word_1_295' title='bbox 469 2696 882 2768; x_wconf 89' lang='grc' dir='ltr'>σεσαρκωμένον</span> <span class='ocrx_word' id='word_1_296' title='bbox 914 2698 1180 2768; x_wconf 81' lang='grc' dir='ltr'>προσήκει</span> <span class='ocrx_word' id='word_1_297' title='bbox 1207 2699 1346 2750; x_wconf 88' lang='grc' dir='ltr'>νοεῖν</span> <span class='ocrx_word' id='word_1_298' title='bbox 1371 2697 1459 2750; x_wconf 88' lang='grc' dir='ltr'><strong>τὸν</strong></span> <span class='ocrx_word' id='word_1_299' title='bbox 1489 2698 1554 2750; x_wconf 85' lang='grc' dir='ltr'>ὲκ</span> <span class='ocrx_word' id='word_1_300' title='bbox 1578 2695 1713 2749; x_wconf 82' lang='grc' dir='ltr'>Θεοῦ</span> 
     </span>
    </p>
   </div>
   <div class='ocr_carea' id='block_1_43' title="bbox 137 2787 569 2856">
    <p class='ocr_par' dir='ltr' id='par_1_43' title="bbox 137 2787 569 2856">
     <span class='ocr_line' id='line_1_43' title="bbox 137 2787 569 2856; baseline 0.007 -17"><span class='ocrx_word' id='word_1_301' title='bbox 137 2790 180 2840; x_wconf 85' lang='lat' dir='ltr'><strong>Il</strong></span> <span class='ocrx_word' id='word_1_302' title='bbox 191 2787 351 2854; x_wconf 81' lang='grc' dir='ltr'>ατρὸς</span> <span class='ocrx_word' id='word_1_303' title='bbox 377 2789 569 2856; x_wconf 88' lang='grc' dir='ltr'><strong>Λόγον.</strong></span> 
     </span>
    </p>
   </div>
   <div class='ocr_carea' id='block_1_44' title="bbox 209 2987 1712 3062">
    <p class='ocr_par' dir='ltr' id='par_1_44' title="bbox 209 2987 1712 3062">
     <span class='ocr_line' id='line_1_44' title="bbox 209 2987 1712 3062; baseline -0.003 -17"><span class='ocrx_word' id='word_1_304' title='bbox 209 2993 284 3046; x_wconf 82' lang='grc' dir='ltr'><strong>Ε’.</strong></span> <span class='ocrx_word' id='word_1_305' title='bbox 332 3008 351 3043; x_wconf 80' lang='grc' dir='ltr'><strong>ι</strong></span> <span class='ocrx_word' id='word_1_306' title='bbox 391 2990 538 3045; x_wconf 85' lang='grc' dir='ltr'>Θέλω</span> <span class='ocrx_word' id='word_1_307' title='bbox 566 2990 674 3060; x_wconf 80' lang='grc' dir='ltr'>γὰρ</span> <span class='ocrx_word' id='word_1_308' title='bbox 713 2992 856 3062; x_wconf 76' lang='grc' dir='ltr'>ὑμᾶς</span> <span class='ocrx_word' id='word_1_309' title='bbox 899 2992 1121 3051; x_wconf 76' lang='grc' dir='ltr'>εἰδέναι,</span> <span class='ocrx_word' id='word_1_310' title='bbox 1153 2991 1236 3043; x_wconf 75' lang='grc' dir='ltr'>ὅτι</span> <span class='ocrx_word' id='word_1_311' title='bbox 1283 2987 1484 3052; x_wconf 86' lang='grc' dir='ltr'>παντὸς</span> <span class='ocrx_word' id='word_1_312' title='bbox 1522 2987 1712 3058; x_wconf 84' lang='grc' dir='ltr'>ἀνδρὸς</span> 
     </span>
    </p>
   </div>
   <div class='ocr_carea' id='block_1_45' title="bbox 132 3077 1710 3154">
    <p class='ocr_par' dir='ltr' id='par_1_45' title="bbox 132 3077 1710 3154">
     <span class='ocr_line' id='line_1_45' title="bbox 132 3077 1710 3154; baseline -0.005 -18"><span class='ocrx_word' id='word_1_313' title='bbox 132 3082 345 3154; x_wconf 82' lang='grc' dir='ltr'>κεφαλὴ</span> <span class='ocrx_word' id='word_1_314' title='bbox 374 3084 403 3134; x_wconf 90' lang='lat'><strong>6</strong></span> <span class='ocrx_word' id='word_1_315' title='bbox 426 3082 659 3152; x_wconf 82' lang='grc' dir='ltr'>Χριστός</span> <span class='ocrx_word' id='word_1_316' title='bbox 683 3082 828 3134; x_wconf 78' lang='grc' dir='ltr'>ἐστι’</span> <span class='ocrx_word' id='word_1_317' title='bbox 859 3081 1069 3149; x_wconf 85' lang='grc' dir='ltr'>κεφαλὴ</span> <span class='ocrx_word' id='word_1_318' title='bbox 1088 3080 1144 3132; x_wconf 82' lang='grc' dir='ltr'>δὲ</span> <span class='ocrx_word' id='word_1_319' title='bbox 1174 3077 1452 3148; x_wconf 87' lang='grc' dir='ltr'>γυναικὸς,</span> <span class='ocrx_word' id='word_1_320' title='bbox 1487 3079 1516 3130; x_wconf 92' lang='lat'><strong>6</strong></span> <span class='ocrx_word' id='word_1_321' title='bbox 1540 3078 1710 3148; x_wconf 81' lang='grc' dir='ltr'>ἀνήρ·</span> 
     </span>
    </p>
   </div>
   <div class='ocr_carea' id='block_1_46' title="bbox 130 3167 1786 3270">
    <p class='ocr_par' dir='ltr' id='par_1_46' title="bbox 130 3167 1786 3270">
     <span class='ocr_line' id='line_1_46' title="bbox 130 3167 1786 3270; baseline -0.009 -42"><span class='ocrx_word' id='word_1_322' title='bbox 130 3195 191 3228; x_wconf 80' lang='grc' dir='ltr'><strong>κε</strong></span> <span class='ocrx_word' id='word_1_323' title='bbox 206 3175 347 3244; x_wconf 72' lang='grc' dir='ltr'>φαλὴ</span> <span class='ocrx_word' id='word_1_324' title='bbox 378 3173 435 3225; x_wconf 81' lang='grc' dir='ltr'>δὲ</span> <span class='ocrx_word' id='word_1_325' title='bbox 476 3170 570 3226; x_wconf 85' lang='grc' dir='ltr'><strong>τοῦ</strong></span> <span class='ocrx_word' id='word_1_326' title='bbox 604 3169 864 3242; x_wconf 82' lang='grc' dir='ltr'>Χριστοῦ,</span> <span class='ocrx_word' id='word_1_327' title='bbox 900 3173 928 3224; x_wconf 91' lang='lat'><strong>6</strong></span> <span class='ocrx_word' id='word_1_328' title='bbox 960 3169 1112 3232; x_wconf 90' lang='grc' dir='ltr'>Θεός.</span> <span class='ocrx_word' id='word_1_329' title='bbox 1143 3169 1203 3221; x_wconf 83' lang='lat'>&#39;0</span> <span class='ocrx_word' id='word_1_330' title='bbox 1229 3167 1463 3270; x_wconf 45' lang='lat' dir='ltr'><strong>‘nptb&#39;coc&#39;</strong></span> <span class='ocrx_word' id='word_1_331' title='bbox 1499 3167 1712 3270; x_wconf 65' lang='grc' dir='ltr'><strong>ἄνθρωΣ</strong></span> <span class='ocrx_word' id='word_1_332' title='bbox 1741 3209 1786 3270; x_wconf 76' lang='lat' dir='ltr'>c</span> 
     </span>
    </p>
   </div>
   <div class='ocr_carea' id='block_1_47' title="bbox 130 3254 1712 3332">
    <p class='ocr_par' dir='ltr' id='par_1_47' title="bbox 130 3254 1712 3332">
     <span class='ocr_line' id='line_1_47' title="bbox 130 3254 1712 3332; baseline -0.006 -17"><span class='ocrx_word' id='word_1_333' title='bbox 130 3281 236 3325; x_wconf 75' lang='grc' dir='ltr'><strong>πος</strong></span> <span class='ocrx_word' id='word_1_334' title='bbox 268 3265 334 3316; x_wconf 84' lang='grc' dir='ltr'>ὲκ</span> <span class='ocrx_word' id='word_1_335' title='bbox 360 3262 462 3332; x_wconf 86' lang='grc' dir='ltr'>γῆς</span> <span class='ocrx_word' id='word_1_336' title='bbox 512 3259 692 3330; x_wconf 83' lang='grc' dir='ltr'>χοῖκὸς</span> <span class='ocrx_word' id='word_1_337' title='bbox 718 3259 1014 3330; x_wconf 85' lang='grc' dir='ltr'>(τουτέστιν</span> <span class='ocrx_word' id='word_1_338' title='bbox 1059 3254 1248 3327; x_wconf 87' lang='grc' dir='ltr'>Ἀδάμ)</span> <span class='ocrx_word' id='word_1_339' title='bbox 1272 3272 1285 3284; x_wconf 76' lang='grc'><strong><em>⁸</em></strong></span> <span class='ocrx_word' id='word_1_340' title='bbox 1317 3257 1345 3308; x_wconf 94' lang='lat'><strong>6</strong></span> <span class='ocrx_word' id='word_1_341' title='bbox 1378 3255 1626 3326; x_wconf 86' lang='grc' dir='ltr'>δεύτερος</span> <span class='ocrx_word' id='word_1_342' title='bbox 1652 3255 1712 3320; x_wconf 78' lang='grc' dir='ltr'><strong>ἐξ</strong></span> 
     </span>
    </p>
   </div>
   <div class='ocr_carea' id='block_1_48' title="bbox 124 3346 1706 3424">
    <p class='ocr_par' dir='ltr' id='par_1_48' title="bbox 124 3346 1706 3424">
     <span class='ocr_line' id='line_1_48' title="bbox 124 3346 1706 3424; baseline -0.007 -16"><span class='ocrx_word' id='word_1_343' title='bbox 124 3356 363 3424; x_wconf 80' lang='grc' dir='ltr'>οὐρανοῦ</span> <span class='ocrx_word' id='word_1_344' title='bbox 396 3353 572 3424; x_wconf 82' lang='grc' dir='ltr'>(δῆλον</span> <span class='ocrx_word' id='word_1_345' title='bbox 603 3353 660 3406; x_wconf 79' lang='grc' dir='ltr'>δὲ</span> <span class='ocrx_word' id='word_1_346' title='bbox 704 3353 785 3405; x_wconf 85' lang='grc' dir='ltr'>ὅτι</span> <span class='ocrx_word' id='word_1_347' title='bbox 814 3352 842 3404; x_wconf 92' lang='lat'><strong>6</strong></span> <span class='ocrx_word' id='word_1_348' title='bbox 875 3348 1134 3421; x_wconf 86' lang='grc' dir='ltr'>Χριστός)</span> <span class='ocrx_word' id='word_1_349' title='bbox 1160 3363 1173 3379; x_wconf 86' lang='grc'><strong>·</strong></span> <span class='ocrx_word' id='word_1_350' title='bbox 1223 3347 1338 3402; x_wconf 86' lang='grc' dir='ltr'>ἀλλ’</span> <span class='ocrx_word' id='word_1_351' title='bbox 1367 3346 1556 3415; x_wconf 82' lang='grc' dir='ltr'>ὥσπερ</span> <span class='ocrx_word' id='word_1_352' title='bbox 1586 3347 1706 3414; x_wconf 79' lang='grc' dir='ltr'>ἐφο-</span> 
     </span>
    </p>
   </div>
   <div class='ocr_carea' id='block_1_49' title="bbox 129 3436 1710 3519">
    <p class='ocr_par' dir='ltr' id='par_1_49' title="bbox 129 3436 1710 3519">
     <span class='ocr_line' id='line_1_49' title="bbox 129 3436 1710 3519; baseline -0.006 -21"><span class='ocrx_word' id='word_1_353' title='bbox 129 3449 375 3519; x_wconf 82' lang='grc' dir='ltr'>ρέσαμεν</span> <span class='ocrx_word' id='word_1_354' title='bbox 407 3446 504 3515; x_wconf 80' lang='grc' dir='ltr'>τὴν</span> <span class='ocrx_word' id='word_1_355' title='bbox 542 3443 726 3496; x_wconf 81' lang='grc' dir='ltr'>εἰκόνα</span> <span class='ocrx_word' id='word_1_356' title='bbox 764 3440 858 3496; x_wconf 91' lang='grc' dir='ltr'><strong>τοῦ</strong></span> <span class='ocrx_word' id='word_1_357' title='bbox 891 3440 1099 3513; x_wconf 83' lang='grc' dir='ltr'>χοϊκοῦ,</span> <span class='ocrx_word' id='word_1_358' title='bbox 1131 3438 1454 3510; x_wconf 86' lang='grc' dir='ltr'>φορέσωμεν</span> <span class='ocrx_word' id='word_1_359' title='bbox 1486 3436 1580 3491; x_wconf 83' lang='grc' dir='ltr'><strong>καὶ</strong></span> <span class='ocrx_word' id='word_1_360' title='bbox 1611 3436 1710 3507; x_wconf 80' lang='grc' dir='ltr'>τὴν</span> 
     </span>
    </p>
   </div>
   <div class='ocr_carea' id='block_1_50' title="bbox 123 3529 1710 3606">
    <p class='ocr_par' dir='ltr' id='par_1_50' title="bbox 123 3529 1710 3606">
     <span class='ocr_line' id='line_1_50' title="bbox 123 3529 1710 3606; baseline -0.006 -16"><span class='ocrx_word' id='word_1_361' title='bbox 123 3537 322 3590; x_wconf 73' lang='grc' dir='ltr'>εἰκόνα</span> <span class='ocrx_word' id='word_1_362' title='bbox 342 3535 434 3588; x_wconf 89' lang='grc' dir='ltr'><strong>τοῦ</strong></span> <span class='ocrx_word' id='word_1_363' title='bbox 465 3535 809 3606; x_wconf 78' lang='grc' dir='ltr'>ἐπουρανίου,</span> <span class='ocrx_word' id='word_1_364' title='bbox 832 3533 972 3587; x_wconf 82' lang='grc' dir='ltr'>κατὰ</span> <span class='ocrx_word' id='word_1_365' title='bbox 995 3533 1056 3586; x_wconf 87' lang='grc' dir='ltr'><strong>τὸ</strong></span> <span class='ocrx_word' id='word_1_366' title='bbox 1086 3530 1489 3602; x_wconf 85' lang='grc' dir='ltr'>γεγραμμένον.</span> <span class='ocrx_word' id='word_1_367' title='bbox 1524 3547 1542 3581; x_wconf 82' lang='grc'>›</span> <span class='ocrx_word' id='word_1_368' title='bbox 1568 3529 1710 3582; x_wconf 80' lang='grc' dir='ltr'>Οὐκ·</span> 
     </span>
    </p>
   </div>
   <div class='ocr_carea' id='block_1_51' title="bbox 121 3619 1708 3693">
    <p class='ocr_par' dir='ltr' id='par_1_51' title="bbox 121 3619 1708 3693">
     <span class='ocr_line' id='line_1_51' title="bbox 121 3619 1708 3693; baseline 0.001 -23"><span class='ocrx_word' id='word_1_369' title='bbox 121 3625 225 3675; x_wconf 70' lang='grc' dir='ltr'>οὖν</span> <span class='ocrx_word' id='word_1_370' title='bbox 266 3620 458 3693; x_wconf 88' lang='grc' dir='ltr'>πρώτη</span> <span class='ocrx_word' id='word_1_371' title='bbox 507 3623 727 3690; x_wconf 90' lang='grc' dir='ltr'>γέγονεν</span> <span class='ocrx_word' id='word_1_372' title='bbox 757 3623 887 3690; x_wconf 84' lang='grc' dir='ltr'>ἡμῖν</span> <span class='ocrx_word' id='word_1_373' title='bbox 919 3619 1128 3690; x_wconf 84' lang='grc' dir='ltr'>κεφαλὴ</span> <span class='ocrx_word' id='word_1_374' title='bbox 1157 3619 1249 3671; x_wconf 88' lang='grc' dir='ltr'><strong>τοῦ</strong></span> <span class='ocrx_word' id='word_1_375' title='bbox 1295 3621 1504 3687; x_wconf 86' lang='grc' dir='ltr'>γένους,</span> <span class='ocrx_word' id='word_1_376' title='bbox 1553 3635 1708 3671; x_wconf 90' lang='grc' dir='ltr'>τουτ-</span> 
     </span>
    </p>
   </div>
   <div class='ocr_carea' id='block_1_52' title="bbox 119 3710 1708 3783">
    <p class='ocr_par' dir='ltr' id='par_1_52' title="bbox 119 3710 1708 3783">
     <span class='ocr_line' id='line_1_52' title="bbox 119 3710 1708 3783; baseline -0.004 -15"><span class='ocrx_word' id='word_1_377' title='bbox 119 3717 280 3768; x_wconf 85' lang='grc' dir='ltr'>έστιν</span> <span class='ocrx_word' id='word_1_378' title='bbox 321 3713 484 3783; x_wconf 82' lang='grc' dir='ltr'>ἀρχὴ,</span> <span class='ocrx_word' id='word_1_379' title='bbox 510 3713 539 3764; x_wconf 92' lang='lat'><strong>6</strong></span> <span class='ocrx_word' id='word_1_380' title='bbox 572 3712 636 3764; x_wconf 84' lang='grc' dir='ltr'>ὲκ</span> <span class='ocrx_word' id='word_1_381' title='bbox 662 3711 766 3780; x_wconf 79' lang='grc' dir='ltr'><strong>γῆς</strong></span> <span class='ocrx_word' id='word_1_382' title='bbox 797 3728 857 3762; x_wconf 87' lang='grc' dir='ltr'><strong>τε</strong></span> <span class='ocrx_word' id='word_1_383' title='bbox 886 3711 980 3765; x_wconf 74' lang='grc' dir='ltr'><strong>καὶ</strong></span> <span class='ocrx_word' id='word_1_384' title='bbox 1012 3710 1211 3779; x_wconf 83' lang='grc' dir='ltr'>χοϊκός.</span> <span class='ocrx_word' id='word_1_385' title='bbox 1263 3710 1478 3780; x_wconf 82' lang='grc' dir='ltr'>Ἐπειδὴ</span> <span class='ocrx_word' id='word_1_386' title='bbox 1504 3711 1560 3763; x_wconf 83' lang='grc' dir='ltr'><strong>δὲ</strong></span> <span class='ocrx_word' id='word_1_387' title='bbox 1589 3711 1708 3762; x_wconf 87' lang='grc' dir='ltr'>δεύ-</span> 
     </span>
    </p>
   </div>
   <div class='ocr_carea' id='block_1_53' title="bbox 115 3785 1708 3877">
    <p class='ocr_par' dir='ltr' id='par_1_53' title="bbox 115 3785 1708 3877">
     <span class='ocr_line' id='line_1_53' title="bbox 115 3785 1708 3877; baseline -0.003 -18"><span class='ocrx_word' id='word_1_388' title='bbox 115 3823 289 3877; x_wconf 81' lang='grc' dir='ltr'>τερος</span> <span class='ocrx_word' id='word_1_389' title='bbox 332 3804 501 3874; x_wconf 83' lang='grc' dir='ltr'>Ἀδὰμ</span> <span class='ocrx_word' id='word_1_390' title='bbox 540 3785 957 3873; x_wconf 86' lang='grc' dir='ltr'>κατωνόμασται</span> <span class='ocrx_word' id='word_1_391' title='bbox 988 3799 1243 3872; x_wconf 87' lang='grc' dir='ltr'>Χριστὸς,</span> <span class='ocrx_word' id='word_1_392' title='bbox 1291 3801 1500 3872; x_wconf 81' lang='grc' dir='ltr'>κεφαλὴ</span> <span class='ocrx_word' id='word_1_393' title='bbox 1535 3801 1708 3854; x_wconf 87' lang='grc' dir='ltr'>τέθει-</span> 
     </span>
    </p>
   </div>
   <div class='ocr_carea' id='block_1_54' title="bbox 96 3894 1707 3967">
    <p class='ocr_par' dir='ltr' id='par_1_54' title="bbox 96 3894 1707 3967">
     <span class='ocr_line' id='line_1_54' title="bbox 96 3894 1707 3967; baseline -0.007 -11"><span class='ocrx_word' id='word_1_394' title='bbox 96 3899 250 3965; x_wconf 62' lang='grc' dir='ltr'>ται,</span> <span class='ocrx_word' id='word_1_395' title='bbox 309 3898 586 3953; x_wconf 85' lang='grc' dir='ltr'>τουτέστιν</span> <span class='ocrx_word' id='word_1_396' title='bbox 644 3896 788 3967; x_wconf 73' lang='grc' dir='ltr'>ἀρχὴ</span> <span class='ocrx_word' id='word_1_397' title='bbox 847 3896 956 3949; x_wconf 84' lang='grc' dir='ltr'>τῶν</span> <span class='ocrx_word' id='word_1_398' title='bbox 1012 3895 1080 3948; x_wconf 85' lang='grc' dir='ltr'>δι’</span> <span class='ocrx_word' id='word_1_399' title='bbox 1136 3894 1297 3948; x_wconf 86' lang='grc' dir='ltr'>αὐτοῦ</span> <span class='ocrx_word' id='word_1_400' title='bbox 1353 3895 1487 3966; x_wconf 86' lang='grc' dir='ltr'>πρὸς</span> <span class='ocrx_word' id='word_1_401' title='bbox 1546 3894 1707 3948; x_wconf 80' lang='grc' dir='ltr'>αὐτὸν</span> 
     </span>
    </p>
   </div>
   <div class='ocr_carea' id='block_1_55' title="bbox 111 3983 1709 4060">
    <p class='ocr_par' dir='ltr' id='par_1_55' title="bbox 111 3983 1709 4060">
     <span class='ocr_line' id='line_1_55' title="bbox 111 3983 1709 4060; baseline -0.006 -15"><span class='ocrx_word' id='word_1_402' title='bbox 111 3988 633 4060; x_wconf 84' lang='grc' dir='ltr'>ἁναμορφουμένων</span> <span class='ocrx_word' id='word_1_403' title='bbox 696 3989 777 4050; x_wconf 87' lang='grc' dir='ltr'><strong>είς</strong></span> <span class='ocrx_word' id='word_1_404' title='bbox 826 3985 1138 4058; x_wconf 83' lang='grc' dir='ltr'>ἀφθαρσίαν</span> <span class='ocrx_word' id='word_1_405' title='bbox 1200 3986 1269 4038; x_wconf 77' lang='grc' dir='ltr'>δι’</span> <span class='ocrx_word' id='word_1_406' title='bbox 1332 3983 1600 4054; x_wconf 87' lang='grc' dir='ltr'>ἀγιασμοῦ</span> <span class='ocrx_word' id='word_1_407' title='bbox 1651 3986 1709 4036; x_wconf 84' lang='grc' dir='ltr'><strong>ὲν</strong></span> 
     </span>
    </p>
   </div>
   <div class='ocr_carea' id='block_1_56' title="bbox 113 4075 1710 4150">
    <p class='ocr_par' dir='ltr' id='par_1_56' title="bbox 113 4075 1710 4150">
     <span class='ocr_line' id='line_1_56' title="bbox 113 4075 1710 4150; baseline -0.006 -14"><span class='ocrx_word' id='word_1_408' title='bbox 113 4079 436 4150; x_wconf 80' lang='grc' dir='ltr'>Ιινεύματι·</span> <span class='ocrx_word' id='word_1_409' title='bbox 477 4079 673 4132; x_wconf 81' lang='grc' dir='ltr'>οὐκοῦν</span> <span class='ocrx_word' id='word_1_410' title='bbox 720 4077 880 4141; x_wconf 81' lang='grc' dir='ltr'>αὐτὸς</span> <span class='ocrx_word' id='word_1_411' title='bbox 931 4078 1028 4148; x_wconf 83' lang='grc' dir='ltr'>μὲν</span> <span class='ocrx_word' id='word_1_412' title='bbox 1060 4076 1218 4147; x_wconf 78' lang='grc' dir='ltr'>ἡμῶν</span> <span class='ocrx_word' id='word_1_413' title='bbox 1248 4075 1411 4147; x_wconf 82' lang='grc' dir='ltr'>ἀρχὴ,</span> <span class='ocrx_word' id='word_1_414' title='bbox 1464 4077 1710 4140; x_wconf 68' lang='grc' dir='ltr'>τουτέστι</span> 
     </span>
    </p>
   </div>
   <div class='ocr_carea' id='block_1_57' title="bbox 110 4167 1708 4242">
    <p class='ocr_par' dir='ltr' id='par_1_57' title="bbox 110 4167 1708 4242">
     <span class='ocr_line' id='line_1_57' title="bbox 110 4167 1708 4242; baseline -0.008 -14"><span class='ocrx_word' id='word_1_415' title='bbox 110 4191 177 4228; x_wconf 79' lang='grc' dir='ltr'><strong>κε</strong></span> <span class='ocrx_word' id='word_1_416' title='bbox 192 4172 362 4242; x_wconf 67' lang='grc' dir='ltr'>φαλὴ,</span> <span class='ocrx_word' id='word_1_417' title='bbox 394 4170 528 4224; x_wconf 84' lang='grc' dir='ltr'>καθὸ</span> <span class='ocrx_word' id='word_1_418' title='bbox 565 4169 806 4240; x_wconf 84' lang='grc' dir='ltr'>πέφηνεν</span> <span class='ocrx_word' id='word_1_419' title='bbox 844 4168 1147 4239; x_wconf 80' lang='grc' dir='ltr'>ἄνθρωπος.</span> <span class='ocrx_word' id='word_1_420' title='bbox 1183 4169 1335 4237; x_wconf 87' lang='grc' dir='ltr'>Ἔχει</span> <span class='ocrx_word' id='word_1_421' title='bbox 1385 4184 1448 4234; x_wconf 84' lang='grc' dir='ltr'><strong>γε</strong></span> <span class='ocrx_word' id='word_1_422' title='bbox 1481 4167 1599 4236; x_wconf 80' lang='grc' dir='ltr'>μὴν,</span> <span class='ocrx_word' id='word_1_423' title='bbox 1618 4182 1708 4217; x_wconf 85' lang='grc' dir='ltr'>κε-</span> 
     </span>
    </p>
   </div>
   <div class='ocr_carea' id='block_1_58' title="bbox 109 4256 1709 4331">
    <p class='ocr_par' dir='ltr' id='par_1_58' title="bbox 109 4256 1709 4331">
     <span class='ocr_line' id='line_1_58' title="bbox 109 4256 1709 4331; baseline -0.005 -18"><span class='ocrx_word' id='word_1_424' title='bbox 109 4261 303 4331; x_wconf 74' lang='grc' dir='ltr'>φαλὴν</span> <span class='ocrx_word' id='word_1_425' title='bbox 331 4259 513 4324; x_wconf 82' lang='grc' dir='ltr'>αὐτὸς,</span> <span class='ocrx_word' id='word_1_426' title='bbox 559 4259 634 4323; x_wconf 85' lang='grc' dir='ltr'>ὡς</span> <span class='ocrx_word' id='word_1_427' title='bbox 668 4259 825 4328; x_wconf 86' lang='grc' dir='ltr'>φύσει</span> <span class='ocrx_word' id='word_1_428' title='bbox 872 4257 1024 4322; x_wconf 85' lang='grc' dir='ltr'>Θεὸς,</span> <span class='ocrx_word' id='word_1_429' title='bbox 1071 4259 1161 4309; x_wconf 86' lang='grc' dir='ltr'><strong>τὸν</strong></span> <span class='ocrx_word' id='word_1_430' title='bbox 1211 4259 1270 4308; x_wconf 82' lang='grc' dir='ltr'><strong>ὲν</strong></span> <span class='ocrx_word' id='word_1_431' title='bbox 1310 4260 1423 4317; x_wconf 86' lang='grc' dir='ltr'>τοῖς</span> <span class='ocrx_word' id='word_1_432' title='bbox 1461 4256 1709 4325; x_wconf 80' lang='grc' dir='ltr'>οὐρανοῖς</span> 
     </span>
    </p>
   </div>
   <div class='ocr_carea' id='block_1_59' title="bbox 109 4344 1708 4422">
    <p class='ocr_par' dir='ltr' id='par_1_59' title="bbox 109 4344 1708 4422">
     <span class='ocr_line' id='line_1_59' title="bbox 109 4344 1708 4422; baseline -0.006 -16"><span class='ocrx_word' id='word_1_433' title='bbox 109 4353 351 4422; x_wconf 76' lang='grc' dir='ltr'>Πατέρα</span> <span class='ocrx_word' id='word_1_434' title='bbox 379 4367 391 4379; x_wconf 86' lang='lat'><strong>&#39;</strong></span> <span class='ocrx_word' id='word_1_435' title='bbox 425 4352 745 4421; x_wconf 84' lang='grc' dir='ltr'>γεγέννηται</span> <span class='ocrx_word' id='word_1_436' title='bbox 782 4348 891 4419; x_wconf 77' lang='grc' dir='ltr'><strong>γάρ</strong></span> <span class='ocrx_word' id='word_1_437' title='bbox 921 4347 980 4410; x_wconf 82' lang='grc' dir='ltr'>ἐξ</span> <span class='ocrx_word' id='word_1_438' title='bbox 1013 4345 1176 4400; x_wconf 81' lang='grc' dir='ltr'>αὐτοῦ</span> <span class='ocrx_word' id='word_1_439' title='bbox 1215 4345 1354 4398; x_wconf 79' lang='grc' dir='ltr'>κατὰ</span> <span class='ocrx_word' id='word_1_440' title='bbox 1383 4344 1543 4412; x_wconf 83' lang='grc' dir='ltr'>φύσιν</span> <span class='ocrx_word' id='word_1_441' title='bbox 1578 4345 1708 4407; x_wconf 78' lang='grc' dir='ltr'>Θεὸς</span> 
     </span>
    </p>
   </div>
   <div class='ocr_carea' id='block_1_60' title="bbox 105 4433 1704 4505">
    <p class='ocr_par' dir='ltr' id='par_1_60' title="bbox 105 4433 1704 4505">
     <span class='ocr_line' id='line_1_60' title="bbox 105 4433 1704 4505; baseline -0.006 -13"><span class='ocrx_word' id='word_1_442' title='bbox 105 4441 191 4492; x_wconf 77' lang='grc' dir='ltr'>ὢν</span> <span class='ocrx_word' id='word_1_443' title='bbox 228 4441 259 4491; x_wconf 93' lang='lat'><strong>6</strong></span> <span class='ocrx_word' id='word_1_444' title='bbox 290 4437 486 4505; x_wconf 88' lang='grc' dir='ltr'>Λόγος.</span> <span class='ocrx_word' id='word_1_445' title='bbox 511 4437 634 4490; x_wconf 88' lang='grc' dir='ltr'>Ὅτι</span> <span class='ocrx_word' id='word_1_446' title='bbox 663 4436 721 4488; x_wconf 81' lang='grc' dir='ltr'>δὲ</span> <span class='ocrx_word' id='word_1_447' title='bbox 752 4437 785 4504; x_wconf 83' lang='grc' dir='ltr'>ὴ</span> <span class='ocrx_word' id='word_1_448' title='bbox 820 4433 1031 4501; x_wconf 85' lang='grc' dir='ltr'>κεφαλὴ</span> <span class='ocrx_word' id='word_1_449' title='bbox 1064 4433 1317 4503; x_wconf 88' lang='grc' dir='ltr'>σημαίνει</span> <span class='ocrx_word' id='word_1_450' title='bbox 1380 4433 1476 4502; x_wconf 80' lang='grc' dir='ltr'><strong>τὴν</strong></span> <span class='ocrx_word' id='word_1_451' title='bbox 1507 4433 1704 4503; x_wconf 84' lang='grc' dir='ltr'>ἀρχὴν,</span> 
     </span>
    </p>
   </div>
   <div class='ocr_carea' id='block_1_61' title="bbox 1822 1955 3397 2028">
    <p class='ocr_par' dir='ltr' id='par_1_61' title="bbox 1822 1955 3397 2028">
     <span class='ocr_line' id='line_1_61' title="bbox 1822 1955 3397 2028; baseline 0.006 -19"><span class='ocrx_word' id='word_1_452' title='bbox 1822 1973 1961 2011; x_wconf 91' lang='lat' dir='ltr'><strong>mur.</strong></span> <span class='ocrx_word' id='word_1_453' title='bbox 1989 1955 2096 2011; x_wconf 87' lang='lat' dir='ltr'><strong>Par</strong></span> <span class='ocrx_word' id='word_1_454' title='bbox 2124 1965 2208 2012; x_wconf 89' lang='lat' dir='ltr'><strong>est</strong></span> <span class='ocrx_word' id='word_1_455' title='bbox 2237 1958 2405 2024; x_wconf 89' lang='lat' dir='ltr'><strong>enim,</strong></span> <span class='ocrx_word' id='word_1_456' title='bbox 2445 1967 2505 2012; x_wconf 91' lang='lat' dir='ltr'><strong>ut</strong></span> <span class='ocrx_word' id='word_1_457' title='bbox 2533 1958 2788 2028; x_wconf 88' lang='lat' dir='ltr'><strong>religiosa</strong></span> <span class='ocrx_word' id='word_1_458' title='bbox 2837 1970 3013 2015; x_wconf 83' lang='lat' dir='ltr'><strong>vestra</strong></span> <span class='ocrx_word' id='word_1_459' title='bbox 3046 1961 3298 2028; x_wconf 78' lang='lat' dir='ltr'><strong>maiestas</strong></span> <span class='ocrx_word' id='word_1_460' title='bbox 3345 1975 3397 2018; x_wconf 89' lang='lat' dir='ltr'><strong>ct</strong></span> 
     </span>
    </p>
   </div>
   <div class='ocr_carea' id='block_1_62' title="bbox 1819 2047 3396 2120">
    <p class='ocr_par' dir='ltr' id='par_1_62' title="bbox 1819 2047 3396 2120">
     <span class='ocr_line' id='line_1_62' title="bbox 1819 2047 3396 2120; baseline 0.004 -19"><span class='ocrx_word' id='word_1_461' title='bbox 1819 2047 1934 2102; x_wconf 60' lang='lat' dir='ltr'><strong>hac</strong></span> <span class='ocrx_word' id='word_1_462' title='bbox 1979 2048 2137 2114; x_wconf 84' lang='lat' dir='ltr'><strong>sciat,</strong></span> <span class='ocrx_word' id='word_1_463' title='bbox 2183 2057 2239 2103; x_wconf 89' lang='lat' dir='ltr'><strong>et</strong></span> <span class='ocrx_word' id='word_1_464' title='bbox 2290 2047 2380 2103; x_wconf 90' lang='lat' dir='ltr'><strong>illa</strong></span> <span class='ocrx_word' id='word_1_465' title='bbox 2423 2062 2645 2118; x_wconf 85' lang='lat' dir='ltr'><strong>quoque</strong></span> <span class='ocrx_word' id='word_1_466' title='bbox 2683 2063 2789 2102; x_wconf 92' lang='lat' dir='ltr'><strong>non</strong></span> <span class='ocrx_word' id='word_1_467' title='bbox 2849 2048 3092 2118; x_wconf 77' lang='lat' dir='ltr'><strong>ignoret;</strong></span> <span class='ocrx_word' id='word_1_468' title='bbox 3149 2065 3254 2118; x_wconf 92' lang='lat' dir='ltr'><strong>quo</strong></span> <span class='ocrx_word' id='word_1_469' title='bbox 3304 2068 3396 2120; x_wconf 89' lang='lat' dir='ltr'><strong>per</strong></span> 
     </span>
    </p>
   </div>
   <div class='ocr_carea' id='block_1_63' title="bbox 1819 2137 3394 2210">
    <p class='ocr_par' dir='ltr' id='par_1_63' title="bbox 1819 2137 3394 2210">
     <span class='ocr_line' id='line_1_63' title="bbox 1819 2137 3394 2210; baseline 0.004 -19"><span class='ocrx_word' id='word_1_470' title='bbox 1819 2148 2050 2207; x_wconf 90' lang='lat' dir='ltr'><strong>utraque</strong></span> <span class='ocrx_word' id='word_1_471' title='bbox 2096 2137 2340 2208; x_wconf 83' lang='lat' dir='ltr'><strong>perfecta</strong></span> <span class='ocrx_word' id='word_1_472' title='bbox 2398 2139 2635 2210; x_wconf 81' lang='lat' dir='ltr'><strong>cognitio</strong></span> <span class='ocrx_word' id='word_1_473' title='bbox 2681 2139 2845 2193; x_wconf 82' lang='lat' dir='ltr'><strong>veluti</strong></span> <span class='ocrx_word' id='word_1_474' title='bbox 2903 2139 3079 2194; x_wconf 91' lang='lat' dir='ltr'><strong>lumen</strong></span> <span class='ocrx_word' id='word_1_475' title='bbox 3130 2143 3394 2208; x_wconf 82' lang='lat' dir='ltr'><strong>quoddam</strong></span> 
     </span>
    </p>
   </div>
   <div class='ocr_carea' id='block_1_64' title="bbox 1818 2230 3395 2302">
    <p class='ocr_par' dir='ltr' id='par_1_64' title="bbox 1818 2230 3395 2302">
     <span class='ocr_line' id='line_1_64' title="bbox 1818 2230 3395 2302; baseline 0.002 -16"><span class='ocrx_word' id='word_1_476' title='bbox 1818 2232 2180 2286; x_wconf 87' lang='lat' dir='ltr'><strong>sanctissimis</strong></span> <span class='ocrx_word' id='word_1_477' title='bbox 2227 2231 2430 2286; x_wconf 87' lang='lat' dir='ltr'><strong>vestris</strong></span> <span class='ocrx_word' id='word_1_478' title='bbox 2487 2231 2760 2286; x_wconf 88' lang='lat' dir='ltr'><strong>mentibus</strong></span> <span class='ocrx_word' id='word_1_479' title='bbox 2805 2231 3092 2285; x_wconf 88' lang='lat' dir='ltr'><strong>inhabitet.</strong></span> <span class='ocrx_word' id='word_1_480' title='bbox 3142 2230 3395 2302; x_wconf 84' lang='lat' dir='ltr'><strong>Proposi-</strong></span> 
     </span>
    </p>
   </div>
   <div class='ocr_carea' id='block_1_65' title="bbox 1820 2323 3393 2394">
    <p class='ocr_par' dir='ltr' id='par_1_65' title="bbox 1820 2323 3393 2394">
     <span class='ocr_line' id='line_1_65' title="bbox 1820 2323 3393 2394; baseline 0.003 -18"><span class='ocrx_word' id='word_1_481' title='bbox 1820 2333 1930 2378; x_wconf 92' lang='lat' dir='ltr'><strong>tum</strong></span> <span class='ocrx_word' id='word_1_482' title='bbox 1959 2334 2041 2379; x_wconf 89' lang='lat' dir='ltr'><strong>est</strong></span> <span class='ocrx_word' id='word_1_483' title='bbox 2070 2332 2248 2380; x_wconf 88' lang='lat' dir='ltr'><strong>autem</strong></span> <span class='ocrx_word' id='word_1_484' title='bbox 2286 2325 2356 2378; x_wconf 86' lang='lat' dir='ltr'><strong>ita</strong></span> <span class='ocrx_word' id='word_1_485' title='bbox 2390 2324 2603 2394; x_wconf 90' lang='lat' dir='ltr'><strong>singula</strong></span> <span class='ocrx_word' id='word_1_486' title='bbox 2629 2323 3000 2393; x_wconf 82' lang='lat' dir='ltr'><strong>interpretari,</strong></span> <span class='ocrx_word' id='word_1_487' title='bbox 3031 2333 3090 2377; x_wconf 87' lang='lat' dir='ltr'><strong>ut</strong></span> <span class='ocrx_word' id='word_1_488' title='bbox 3129 2339 3393 2380; x_wconf 86' lang='lat' dir='ltr'><strong>summam</strong></span> 
     </span>
    </p>
   </div>
   <div class='ocr_carea' id='block_1_66' title="bbox 1819 2411 3392 2484">
    <p class='ocr_par' dir='ltr' id='par_1_66' title="bbox 1819 2411 3392 2484">
     <span class='ocr_line' id='line_1_66' title="bbox 1819 2411 3392 2484; baseline 0.001 -17"><span class='ocrx_word' id='word_1_489' title='bbox 1819 2414 2017 2483; x_wconf 87' lang='lat' dir='ltr'><strong>ubique</strong></span> <span class='ocrx_word' id='word_1_490' title='bbox 2052 2413 2372 2469; x_wconf 82' lang='lat' dir='ltr'><strong>brevitatem</strong></span> <span class='ocrx_word' id='word_1_491' title='bbox 2411 2422 2810 2468; x_wconf 89' lang='lat' dir='ltr'><strong>consectemur.</strong></span> <span class='ocrx_word' id='word_1_492' title='bbox 2846 2411 3113 2468; x_wconf 69' lang='lat' dir='ltr'><strong>Caeterum</strong></span> <span class='ocrx_word' id='word_1_493' title='bbox 3153 2414 3392 2484; x_wconf 80' lang='lat' dir='ltr'><strong>diSputa-</strong></span> 
     </span>
    </p>
   </div>
   <div class='ocr_carea' id='block_1_67' title="bbox 1821 2503 3393 2574">
    <p class='ocr_par' dir='ltr' id='par_1_67' title="bbox 1821 2503 3393 2574">
     <span class='ocr_line' id='line_1_67' title="bbox 1821 2503 3393 2574; baseline 0.002 -18"><span class='ocrx_word' id='word_1_494' title='bbox 1821 2506 1982 2560; x_wconf 91' lang='lat' dir='ltr'><strong>tionis</strong></span> <span class='ocrx_word' id='word_1_495' title='bbox 2030 2505 2188 2573; x_wconf 82' lang='lat' dir='ltr'><strong>hujus</strong></span> <span class='ocrx_word' id='word_1_496' title='bbox 2239 2503 2520 2559; x_wconf 82' lang='lat' dir='ltr'><strong>exordium</strong></span> <span class='ocrx_word' id='word_1_497' title='bbox 2574 2505 2643 2558; x_wconf 88' lang='lat' dir='ltr'><strong>ab</strong></span> <span class='ocrx_word' id='word_1_498' title='bbox 2688 2504 2756 2558; x_wconf 91' lang='lat' dir='ltr'><strong>iis</strong></span> <span class='ocrx_word' id='word_1_499' title='bbox 2797 2506 3104 2572; x_wconf 69' lang='lat' dir='ltr'><strong>praecipue,</strong></span> <span class='ocrx_word' id='word_1_500' title='bbox 3157 2521 3278 2574; x_wconf 77' lang='lat' dir='ltr'><strong>qua:</strong></span> <span class='ocrx_word' id='word_1_501' title='bbox 3327 2509 3393 2559; x_wconf 86' lang='lat' dir='ltr'><strong>ad</strong></span> 
     </span>
    </p>
   </div>
   <div class='ocr_carea' id='block_1_68' title="bbox 1819 2591 3396 2660">
    <p class='ocr_par' dir='ltr' id='par_1_68' title="bbox 1819 2591 3396 2660">
     <span class='ocr_line' id='line_1_68' title="bbox 1819 2591 3396 2660; baseline -0.001 -10"><span class='ocrx_word' id='word_1_502' title='bbox 1819 2595 1980 2650; x_wconf 89' lang='lat' dir='ltr'><strong>Verbi</strong></span> <span class='ocrx_word' id='word_1_503' title='bbox 2028 2593 2458 2648; x_wconf 82' lang='lat' dir='ltr'><strong>exinanitionem</strong></span> <span class='ocrx_word' id='word_1_504' title='bbox 2504 2592 2799 2660; x_wconf 84' lang='lat' dir='ltr'><strong>pertinent,</strong></span> <span class='ocrx_word' id='word_1_505' title='bbox 2848 2591 3027 2646; x_wconf 75' lang='lat' dir='ltr'><strong>facere</strong></span> <span class='ocrx_word' id='word_1_506' title='bbox 3075 2592 3236 2659; x_wconf 82' lang='lat' dir='ltr'><strong>libet;</strong></span> <span class='ocrx_word' id='word_1_507' title='bbox 3290 2611 3396 2648; x_wconf 89' lang='lat' dir='ltr'><strong>uno</strong></span> 
     </span>
    </p>
   </div>
   <div class='ocr_carea' id='block_1_69' title="bbox 1818 2681 3394 2749">
    <p class='ocr_par' dir='ltr' id='par_1_69' title="bbox 1818 2681 3394 2749">
     <span class='ocr_line' id='line_1_69' title="bbox 1818 2681 3394 2749; baseline -0.001 -9"><span class='ocrx_word' id='word_1_508' title='bbox 1818 2687 1922 2740; x_wconf 90' lang='lat' dir='ltr'><strong>hoc</strong></span> <span class='ocrx_word' id='word_1_509' title='bbox 1967 2684 2179 2737; x_wconf 87' lang='lat' dir='ltr'><strong>interim</strong></span> <span class='ocrx_word' id='word_1_510' title='bbox 2215 2683 2517 2749; x_wconf 65' lang='lat' dir='ltr'><strong>praemisso.</strong></span> <span class='ocrx_word' id='word_1_511' title='bbox 2571 2697 2692 2736; x_wconf 92' lang='lat' dir='ltr'><strong>cum</strong></span> <span class='ocrx_word' id='word_1_512' title='bbox 2737 2681 2893 2738; x_wconf 83' lang='lat' dir='ltr'><strong>.lesus</strong></span> <span class='ocrx_word' id='word_1_513' title='bbox 2940 2684 3188 2738; x_wconf 84' lang='lat' dir='ltr'><strong>Cbrisms</strong></span> <span class='ocrx_word' id='word_1_514' title='bbox 3224 2688 3394 2738; x_wconf 87' lang='lat' dir='ltr'><strong>nomi-</strong></span> 
     </span>
    </p>
   </div>
   <div class='ocr_carea' id='block_1_70' title="bbox 1816 2772 3392 2842">
    <p class='ocr_par' dir='ltr' id='par_1_70' title="bbox 1816 2772 3392 2842">
     <span class='ocr_line' id='line_1_70' title="bbox 1816 2772 3392 2842; baseline 0 -12"><span class='ocrx_word' id='word_1_515' title='bbox 1816 2788 1996 2838; x_wconf 83' lang='lat' dir='ltr'><strong>natur,</strong></span> <span class='ocrx_word' id='word_1_516' title='bbox 2035 2792 2139 2830; x_wconf 92' lang='lat' dir='ltr'><strong>non</strong></span> <span class='ocrx_word' id='word_1_517' title='bbox 2181 2776 2348 2828; x_wconf 91' lang='lat' dir='ltr'><strong>alium</strong></span> <span class='ocrx_word' id='word_1_518' title='bbox 2391 2788 2552 2842; x_wconf 86' lang='lat' dir='ltr'><strong>quam</strong></span> <span class='ocrx_word' id='word_1_519' title='bbox 2588 2772 2681 2828; x_wconf 88' lang='lat' dir='ltr'><strong>Dei</strong></span> <span class='ocrx_word' id='word_1_520' title='bbox 2730 2773 2913 2828; x_wconf 85' lang='lat' dir='ltr'><strong>Patris</strong></span> <span class='ocrx_word' id='word_1_521' title='bbox 2945 2773 3181 2829; x_wconf 89' lang='lat' dir='ltr'><strong>Verbum</strong></span> <span class='ocrx_word' id='word_1_522' title='bbox 3216 2775 3392 2830; x_wconf 87' lang='lat' dir='ltr'><strong>incar-</strong></span> 
     </span>
    </p>
   </div>
   <div class='ocr_carea' id='block_1_71' title="bbox 1817 2866 3389 2937">
    <p class='ocr_par' dir='ltr' id='par_1_71' title="bbox 1817 2866 3389 2937">
     <span class='ocr_line' id='line_1_71' title="bbox 1817 2866 3389 2937; baseline -0.001 -14"><span class='ocrx_word' id='word_1_523' title='bbox 1817 2880 2023 2935; x_wconf 87' lang='lat' dir='ltr'><strong>natum,</strong></span> <span class='ocrx_word' id='word_1_524' title='bbox 2074 2868 2416 2923; x_wconf 86' lang='lat' dir='ltr'><strong>hominemve</strong></span> <span class='ocrx_word' id='word_1_525' title='bbox 2453 2866 2677 2932; x_wconf 82' lang='lat' dir='ltr'><strong>factum,</strong></span> <span class='ocrx_word' id='word_1_526' title='bbox 2729 2881 2794 2920; x_wconf 91' lang='lat' dir='ltr'><strong>eo</strong></span> <span class='ocrx_word' id='word_1_527' title='bbox 2837 2868 3054 2921; x_wconf 89' lang='lat' dir='ltr'><strong>nomine</strong></span> <span class='ocrx_word' id='word_1_528' title='bbox 3095 2867 3389 2937; x_wconf 85' lang='lat' dir='ltr'><strong>designari.</strong></span> 
     </span>
    </p>
   </div>
   <div class='ocr_carea' id='block_1_72' title="bbox 1887 2979 3392 3049">
    <p class='ocr_par' dir='ltr' id='par_1_72' title="bbox 1887 2979 3392 3049">
     <span class='ocr_line' id='line_1_72' title="bbox 1887 2979 3392 3049; baseline -0.001 -13"><span class='ocrx_word' id='word_1_529' title='bbox 1887 2982 1950 3037; x_wconf 92' lang='lat' dir='ltr'><strong>V.</strong></span> <span class='ocrx_word' id='word_1_530' title='bbox 2002 3001 2019 3034; x_wconf 77' lang='grc' dir='ltr'><strong>ι</strong></span> <span class='ocrx_word' id='word_1_531' title='bbox 2053 2981 2188 3038; x_wconf 88' lang='lat' dir='ltr'><strong>Volo</strong></span> <span class='ocrx_word' id='word_1_532' title='bbox 2237 2993 2416 3037; x_wconf 85' lang='lat' dir='ltr'><strong>autem</strong></span> <span class='ocrx_word' id='word_1_533' title='bbox 2476 2996 2573 3036; x_wconf 86' lang='lat' dir='ltr'><strong>vos</strong></span> <span class='ocrx_word' id='word_1_534' title='bbox 2633 2980 2808 3045; x_wconf 92' lang='lat' dir='ltr'><strong>scire,</strong></span> <span class='ocrx_word' id='word_1_535' title='bbox 2870 2979 3014 3049; x_wconf 89' lang='lat' dir='ltr'><strong>quod</strong></span> <span class='ocrx_word' id='word_1_536' title='bbox 3067 2981 3244 3034; x_wconf 90' lang='lat' dir='ltr'><strong>omnis</strong></span> <span class='ocrx_word' id='word_1_537' title='bbox 3291 2982 3392 3035; x_wconf 83' lang='lat' dir='ltr'><strong>viri</strong></span> 
     </span>
    </p>
   </div>
   <div class='ocr_carea' id='block_1_73' title="bbox 1813 3070 3390 3143">
    <p class='ocr_par' dir='ltr' id='par_1_73' title="bbox 1813 3070 3390 3143">
     <span class='ocr_line' id='line_1_73' title="bbox 1813 3070 3390 3143; baseline -0.005 -13"><span class='ocrx_word' id='word_1_538' title='bbox 1813 3084 1998 3143; x_wconf 88' lang='lat' dir='ltr'><strong>caput,</strong></span> <span class='ocrx_word' id='word_1_539' title='bbox 2048 3074 2296 3128; x_wconf 88' lang='lat' dir='ltr'><strong>Christus</strong></span> <span class='ocrx_word' id='word_1_540' title='bbox 2349 3081 2467 3139; x_wconf 86' lang='lat' dir='ltr'><strong>cst;</strong></span> <span class='ocrx_word' id='word_1_541' title='bbox 2519 3081 2681 3140; x_wconf 87' lang='lat' dir='ltr'><strong>caput</strong></span> <span class='ocrx_word' id='word_1_542' title='bbox 2728 3082 2908 3124; x_wconf 89' lang='lat' dir='ltr'><strong>autem</strong></span> <span class='ocrx_word' id='word_1_543' title='bbox 2962 3070 3228 3134; x_wconf 89' lang='lat' dir='ltr'><strong>mulieris,</strong></span> <span class='ocrx_word' id='word_1_544' title='bbox 3271 3073 3390 3138; x_wconf 82' lang='lat' dir='ltr'><strong>vir;</strong></span> 
     </span>
    </p>
   </div>
   <div class='ocr_carea' id='block_1_74' title="bbox 1816 3161 3392 3233">
    <p class='ocr_par' dir='ltr' id='par_1_74' title="bbox 1816 3161 3392 3233">
     <span class='ocr_line' id='line_1_74' title="bbox 1816 3161 3392 3233; baseline -0.001 -13"><span class='ocrx_word' id='word_1_545' title='bbox 1816 3176 1977 3233; x_wconf 90' lang='lat' dir='ltr'><strong>caput</strong></span> <span class='ocrx_word' id='word_1_546' title='bbox 2020 3180 2149 3219; x_wconf 89' lang='lat' dir='ltr'><strong>vero</strong></span> <span class='ocrx_word' id='word_1_547' title='bbox 2186 3163 2409 3228; x_wconf 86' lang='lat' dir='ltr'><strong>Christi,</strong></span> <span class='ocrx_word' id='word_1_548' title='bbox 2453 3162 2689 3218; x_wconf 77' lang='lat' dir='ltr'><strong>Deus&quot;.</strong></span> <span class='ocrx_word' id='word_1_549' title='bbox 2717 3192 2787 3202; x_wconf 93' lang='lat'><strong><em>—</em></strong></span> <span class='ocrx_word' id='word_1_550' title='bbox 2811 3161 3026 3216; x_wconf 85' lang='lat' dir='ltr'><strong>Primus</strong></span> <span class='ocrx_word' id='word_1_551' title='bbox 3066 3164 3227 3216; x_wconf 90' lang='lat' dir='ltr'><strong>homo</strong></span> <span class='ocrx_word' id='word_1_552' title='bbox 3269 3164 3392 3231; x_wconf 85' lang='lat' dir='ltr'><strong>(hoc</strong></span> 
     </span>
    </p>
   </div>
   <div class='ocr_carea' id='block_1_75' title="bbox 1814 3253 3391 3326">
    <p class='ocr_par' dir='ltr' id='par_1_75' title="bbox 1814 3253 3391 3326">
     <span class='ocr_line' id='line_1_75' title="bbox 1814 3253 3391 3326; baseline -0.003 -15"><span class='ocrx_word' id='word_1_553' title='bbox 1814 3267 1899 3311; x_wconf 89' lang='lat' dir='ltr'><strong>est</strong></span> <span class='ocrx_word' id='word_1_554' title='bbox 1931 3255 2147 3326; x_wconf 86' lang='lat' dir='ltr'><strong>Adam),</strong></span> <span class='ocrx_word' id='word_1_555' title='bbox 2194 3256 2261 3310; x_wconf 89' lang='lat' dir='ltr'><strong>de</strong></span> <span class='ocrx_word' id='word_1_556' title='bbox 2308 3265 2454 3311; x_wconf 88' lang='lat' dir='ltr'><strong>terra</strong></span> <span class='ocrx_word' id='word_1_557' title='bbox 2502 3264 2748 3308; x_wconf 88' lang='lat' dir='ltr'><strong>terrenus</strong></span> <span class='ocrx_word' id='word_1_558' title='bbox 2783 3271 2796 3308; x_wconf 91' lang='lat'><strong>:</strong></span> <span class='ocrx_word' id='word_1_559' title='bbox 2826 3253 3100 3308; x_wconf 87' lang='lat' dir='ltr'><strong>secundus</strong></span> <span class='ocrx_word' id='word_1_560' title='bbox 3139 3253 3267 3324; x_wconf 91' lang='lat' dir='ltr'><strong>(hoc</strong></span> <span class='ocrx_word' id='word_1_561' title='bbox 3307 3266 3391 3308; x_wconf 87' lang='lat' dir='ltr'><strong>est</strong></span> 
     </span>
    </p>
   </div>
   <div class='ocr_carea' id='block_1_76' title="bbox 1813 3345 3392 3418">
    <p class='ocr_par' dir='ltr' id='par_1_76' title="bbox 1813 3345 3392 3418">
     <span class='ocr_line' id='line_1_76' title="bbox 1813 3345 3392 3418; baseline -0.003 -14"><span class='ocrx_word' id='word_1_562' title='bbox 1813 3347 2107 3418; x_wconf 87' lang='lat' dir='ltr'><strong>Christus),</strong></span> <span class='ocrx_word' id='word_1_563' title='bbox 2137 3347 2202 3403; x_wconf 90' lang='lat' dir='ltr'><strong>de</strong></span> <span class='ocrx_word' id='word_1_564' title='bbox 2219 3347 2368 3404; x_wconf 66' lang='lat' dir='ltr'><strong>coelo</strong></span> <span class='ocrx_word' id='word_1_565' title='bbox 2395 3347 2656 3402; x_wconf 75' lang='lat' dir='ltr'><strong>etelestis.</strong></span> <span class='ocrx_word' id='word_1_566' title='bbox 2691 3345 2860 3416; x_wconf 81' lang='lat' dir='ltr'><strong>Igitur</strong></span> <span class='ocrx_word' id='word_1_567' title='bbox 2884 3346 3026 3400; x_wconf 89' lang='lat' dir='ltr'><strong>sicut</strong></span> <span class='ocrx_word' id='word_1_568' title='bbox 3052 3347 3392 3413; x_wconf 83' lang='lat' dir='ltr'><strong>portavimus</strong></span> 
     </span>
    </p>
   </div>
   <div class='ocr_carea' id='block_1_77' title="bbox 1813 3437 3387 3510">
    <p class='ocr_par' dir='ltr' id='par_1_77' title="bbox 1813 3437 3387 3510">
     <span class='ocr_line' id='line_1_77' title="bbox 1813 3437 3387 3510; baseline -0.004 -15"><span class='ocrx_word' id='word_1_569' title='bbox 1813 3440 2102 3510; x_wconf 77' lang='lat' dir='ltr'><strong>imaginem</strong></span> <span class='ocrx_word' id='word_1_570' title='bbox 2134 3439 2360 3506; x_wconf 85' lang='lat' dir='ltr'><strong>terreni,</strong></span> <span class='ocrx_word' id='word_1_571' title='bbox 2392 3447 2673 3507; x_wconf 88' lang='lat' dir='ltr'><strong>portemus</strong></span> <span class='ocrx_word' id='word_1_572' title='bbox 2711 3446 2766 3492; x_wconf 90' lang='lat' dir='ltr'><strong>et</strong></span> <span class='ocrx_word' id='word_1_573' title='bbox 2809 3437 3099 3506; x_wconf 89' lang='lat' dir='ltr'><strong>imaginem</strong></span> <span class='ocrx_word' id='word_1_574' title='bbox 3131 3437 3387 3502; x_wconf 72' lang='lat' dir='ltr'><strong>cmlestis,</strong></span> 
     </span>
    </p>
   </div>
   <div class='ocr_carea' id='block_1_78' title="bbox 1809 3525 3392 3598">
    <p class='ocr_par' dir='ltr' id='par_1_78' title="bbox 1809 3525 3392 3598">
     <span class='ocr_line' id='line_1_78' title="bbox 1809 3525 3392 3598; baseline -0.003 -14"><span class='ocrx_word' id='word_1_575' title='bbox 1809 3529 1953 3584; x_wconf 82' lang='lat' dir='ltr'><strong>sicut</strong></span> <span class='ocrx_word' id='word_1_576' title='bbox 1997 3527 2256 3598; x_wconf 87' lang='lat' dir='ltr'><strong>scriptum</strong></span> <span class='ocrx_word' id='word_1_577' title='bbox 2296 3528 2470 3582; x_wconf 74' lang='lat' dir='ltr'><strong>est“.</strong></span> <span class='ocrx_word' id='word_1_578' title='bbox 2503 3545 2520 3578; x_wconf 71' lang='grc' dir='ltr'><strong>ι</strong></span> <span class='ocrx_word' id='word_1_579' title='bbox 2550 3527 2791 3580; x_wconf 89' lang='lat' dir='ltr'><strong>Primum</strong></span> <span class='ocrx_word' id='word_1_580' title='bbox 2828 3525 2995 3593; x_wconf 86' lang='lat' dir='ltr'><strong>igitur</strong></span> <span class='ocrx_word' id='word_1_581' title='bbox 3038 3525 3253 3594; x_wconf 86' lang='lat' dir='ltr'><strong>generis</strong></span> <span class='ocrx_word' id='word_1_582' title='bbox 3305 3543 3392 3579; x_wconf 91' lang='lat' dir='ltr'><strong>no-</strong></span> 
     </span>
    </p>
   </div>
   <div class='ocr_carea' id='block_1_79' title="bbox 1809 3615 3388 3690">
    <p class='ocr_par' dir='ltr' id='par_1_79' title="bbox 1809 3615 3388 3690">
     <span class='ocr_line' id='line_1_79' title="bbox 1809 3615 3388 3690; baseline -0.003 -16"><span class='ocrx_word' id='word_1_583' title='bbox 1809 3621 1909 3675; x_wconf 88' lang='lat' dir='ltr'><strong>stri</strong></span> <span class='ocrx_word' id='word_1_584' title='bbox 1953 3629 2135 3690; x_wconf 84' lang='lat' dir='ltr'><strong>caput.</strong></span> <span class='ocrx_word' id='word_1_585' title='bbox 2176 3619 2281 3674; x_wconf 91' lang='lat' dir='ltr'><strong>hoc</strong></span> <span class='ocrx_word' id='word_1_586' title='bbox 2330 3629 2416 3672; x_wconf 87' lang='lat' dir='ltr'><strong>est</strong></span> <span class='ocrx_word' id='word_1_587' title='bbox 2460 3616 2839 3687; x_wconf 89' lang='lat' dir='ltr'><strong>primordium,</strong></span> <span class='ocrx_word' id='word_1_588' title='bbox 2892 3615 3086 3683; x_wconf 86' lang='lat' dir='ltr'><strong>Adam,</strong></span> <span class='ocrx_word' id='word_1_589' title='bbox 3128 3617 3194 3672; x_wconf 90' lang='lat' dir='ltr'><strong>de</strong></span> <span class='ocrx_word' id='word_1_590' title='bbox 3248 3627 3388 3671; x_wconf 87' lang='lat' dir='ltr'><strong>terra</strong></span> 
     </span>
    </p>
   </div>
   <div class='ocr_carea' id='block_1_80' title="bbox 1812 3708 3387 3777">
    <p class='ocr_par' dir='ltr' id='par_1_80' title="bbox 1812 3708 3387 3777">
     <span class='ocr_line' id='line_1_80' title="bbox 1812 3708 3387 3777; baseline -0.003 -13"><span class='ocrx_word' id='word_1_591' title='bbox 1812 3722 2060 3766; x_wconf 87' lang='lat' dir='ltr'><strong>terrenus</strong></span> <span class='ocrx_word' id='word_1_592' title='bbox 2114 3720 2236 3765; x_wconf 89' lang='lat' dir='ltr'><strong>erat</strong></span> <span class='ocrx_word' id='word_1_593' title='bbox 2286 3723 2302 3763; x_wconf 88' lang='lat'><strong>:</strong></span> <span class='ocrx_word' id='word_1_594' title='bbox 2349 3709 2604 3777; x_wconf 87' lang='lat' dir='ltr'><strong>quoniam</strong></span> <span class='ocrx_word' id='word_1_595' title='bbox 2652 3722 2783 3762; x_wconf 87' lang='lat' dir='ltr'><strong>vero</strong></span> <span class='ocrx_word' id='word_1_596' title='bbox 2848 3708 3099 3763; x_wconf 74' lang='lat' dir='ltr'><strong>Christus</strong></span> <span class='ocrx_word' id='word_1_597' title='bbox 3165 3709 3387 3762; x_wconf 86' lang='lat' dir='ltr'><strong>secundi</strong></span> 
     </span>
    </p>
   </div>
   <div class='ocr_carea' id='block_1_81' title="bbox 1808 3798 3389 3868">
    <p class='ocr_par' dir='ltr' id='par_1_81' title="bbox 1808 3798 3389 3868">
     <span class='ocr_line' id='line_1_81' title="bbox 1808 3798 3389 3868; baseline -0.003 -14"><span class='ocrx_word' id='word_1_598' title='bbox 1808 3801 2001 3855; x_wconf 86' lang='lat' dir='ltr'><strong>Adami</strong></span> <span class='ocrx_word' id='word_1_599' title='bbox 2029 3808 2448 3868; x_wconf 88' lang='lat' dir='ltr'><strong>cognomentum</strong></span> <span class='ocrx_word' id='word_1_600' title='bbox 2470 3798 2698 3854; x_wconf 89' lang='lat' dir='ltr'><strong>sortitus</strong></span> <span class='ocrx_word' id='word_1_601' title='bbox 2719 3809 2824 3861; x_wconf 87' lang='lat' dir='ltr'><strong>est,</strong></span> <span class='ocrx_word' id='word_1_602' title='bbox 2856 3813 3046 3851; x_wconf 84' lang='lat' dir='ltr'><strong>eorum</strong></span> <span class='ocrx_word' id='word_1_603' title='bbox 3080 3807 3261 3864; x_wconf 88' lang='lat' dir='ltr'><strong>caput,</strong></span> <span class='ocrx_word' id='word_1_604' title='bbox 3289 3798 3389 3850; x_wconf 91' lang='lat' dir='ltr'><strong>hoc</strong></span> 
     </span>
    </p>
   </div>
   <div class='ocr_carea' id='block_1_82' title="bbox 1809 3888 3388 3960">
    <p class='ocr_par' dir='ltr' id='par_1_82' title="bbox 1809 3888 3388 3960">
     <span class='ocr_line' id='line_1_82' title="bbox 1809 3888 3388 3960; baseline -0.004 -15"><span class='ocrx_word' id='word_1_605' title='bbox 1809 3901 1892 3946; x_wconf 87' lang='lat' dir='ltr'><strong>est</strong></span> <span class='ocrx_word' id='word_1_606' title='bbox 1919 3890 2266 3960; x_wconf 86' lang='lat' dir='ltr'><strong>principium,</strong></span> <span class='ocrx_word' id='word_1_607' title='bbox 2312 3890 2402 3958; x_wconf 91' lang='lat' dir='ltr'><strong>qui</strong></span> <span class='ocrx_word' id='word_1_608' title='bbox 2430 3889 2888 3945; x_wconf 87' lang='lat' dir='ltr'><strong>sanctiﬁcationis</strong></span> <span class='ocrx_word' id='word_1_609' title='bbox 2934 3888 3140 3956; x_wconf 82' lang='lat' dir='ltr'><strong>Spiritu</strong></span> <span class='ocrx_word' id='word_1_610' title='bbox 3194 3890 3258 3940; x_wconf 86' lang='lat' dir='ltr'><strong>ad</strong></span> <span class='ocrx_word' id='word_1_611' title='bbox 3307 3888 3388 3939; x_wconf 89' lang='lat' dir='ltr'><strong>in-</strong></span> 
     </span>
    </p>
   </div>
   <div class='ocr_carea' id='block_1_83' title="bbox 1808 3979 3386 4049">
    <p class='ocr_par' dir='ltr' id='par_1_83' title="bbox 1808 3979 3386 4049">
     <span class='ocr_line' id='line_1_83' title="bbox 1808 3979 3386 4049; baseline -0.004 -13"><span class='ocrx_word' id='word_1_612' title='bbox 1808 3980 2212 4049; x_wconf 87' lang='lat' dir='ltr'><strong>corruptionem</strong></span> <span class='ocrx_word' id='word_1_613' title='bbox 2251 3982 2546 4035; x_wconf 89' lang='lat' dir='ltr'><strong>secundum</strong></span> <span class='ocrx_word' id='word_1_614' title='bbox 2591 3980 3049 4048; x_wconf 88' lang='lat' dir='ltr'><strong>illiusimaginem</strong></span> <span class='ocrx_word' id='word_1_615' title='bbox 3087 3993 3182 4046; x_wconf 87' lang='lat' dir='ltr'><strong>per</strong></span> <span class='ocrx_word' id='word_1_616' title='bbox 3211 3979 3386 4045; x_wconf 85' lang='lat' dir='ltr'><strong>ipsum</strong></span> 
     </span>
    </p>
   </div>
   <div class='ocr_carea' id='block_1_84' title="bbox 1813 4070 3385 4136">
    <p class='ocr_par' dir='ltr' id='par_1_84' title="bbox 1813 4070 3385 4136">
     <span class='ocr_line' id='line_1_84' title="bbox 1813 4070 3385 4136; baseline -0.001 -11"><span class='ocrx_word' id='word_1_617' title='bbox 1813 4071 2198 4136; x_wconf 83' lang='lat' dir='ltr'><strong>reformantur,</strong></span> <span class='ocrx_word' id='word_1_618' title='bbox 2242 4073 2571 4127; x_wconf 90' lang='lat' dir='ltr'><strong>constitutus</strong></span> <span class='ocrx_word' id='word_1_619' title='bbox 2622 4080 2727 4125; x_wconf 90' lang='lat' dir='ltr'><strong>est.</strong></span> <span class='ocrx_word' id='word_1_620' title='bbox 2772 4070 2865 4123; x_wconf 84' lang='lat' dir='ltr'><strong>Est</strong></span> <span class='ocrx_word' id='word_1_621' title='bbox 2908 4071 3091 4136; x_wconf 81' lang='lat' dir='ltr'><strong>itaque</strong></span> <span class='ocrx_word' id='word_1_622' title='bbox 3141 4080 3385 4123; x_wconf 84' lang='lat' dir='ltr'><strong>nostrum</strong></span> 
     </span>
    </p>
   </div>
   <div class='ocr_carea' id='block_1_85' title="bbox 1810 4161 3390 4234">
    <p class='ocr_par' dir='ltr' id='par_1_85' title="bbox 1810 4161 3390 4234">
     <span class='ocr_line' id='line_1_85' title="bbox 1810 4161 3390 4234; baseline -0.006 -16"><span class='ocrx_word' id='word_1_623' title='bbox 1810 4164 1898 4219; x_wconf 90' lang='lat' dir='ltr'><strong>ille</strong></span> <span class='ocrx_word' id='word_1_624' title='bbox 1935 4164 2284 4234; x_wconf 89' lang='lat' dir='ltr'><strong>principium,</strong></span> <span class='ocrx_word' id='word_1_625' title='bbox 2331 4164 2434 4216; x_wconf 92' lang='lat' dir='ltr'><strong>hoc</strong></span> <span class='ocrx_word' id='word_1_626' title='bbox 2465 4172 2546 4217; x_wconf 88' lang='lat' dir='ltr'><strong>est</strong></span> <span class='ocrx_word' id='word_1_627' title='bbox 2579 4171 2762 4231; x_wconf 89' lang='lat' dir='ltr'><strong>caput,</strong></span> <span class='ocrx_word' id='word_1_628' title='bbox 2808 4169 3079 4229; x_wconf 88' lang='lat' dir='ltr'><strong>quatenus</strong></span> <span class='ocrx_word' id='word_1_629' title='bbox 3116 4161 3274 4212; x_wconf 88' lang='lat' dir='ltr'><strong>homo</strong></span> <span class='ocrx_word' id='word_1_630' title='bbox 3303 4174 3390 4227; x_wconf 82' lang='lat' dir='ltr'><strong>ap-</strong></span> 
     </span>
    </p>
   </div>
   <div class='ocr_carea' id='block_1_86' title="bbox 1811 4251 3388 4325">
    <p class='ocr_par' dir='ltr' id='par_1_86' title="bbox 1811 4251 3388 4325">
     <span class='ocr_line' id='line_1_86' title="bbox 1811 4251 3388 4325; baseline -0.004 -18"><span class='ocrx_word' id='word_1_631' title='bbox 1811 4256 1989 4325; x_wconf 87' lang='lat' dir='ltr'><strong>paruit</strong></span> <span class='ocrx_word' id='word_1_632' title='bbox 2022 4272 2034 4308; x_wconf 94' lang='lat'>:</span> <span class='ocrx_word' id='word_1_633' title='bbox 2069 4256 2236 4308; x_wconf 84' lang='lat' dir='ltr'><strong>habet</strong></span> <span class='ocrx_word' id='word_1_634' title='bbox 2264 4251 2616 4306; x_wconf 91' lang='lat' dir='ltr'><strong>nihilominus</strong></span> <span class='ocrx_word' id='word_1_635' title='bbox 2643 4261 2697 4305; x_wconf 88' lang='lat' dir='ltr'><strong>et</strong></span> <span class='ocrx_word' id='word_1_636' title='bbox 2721 4251 2835 4320; x_wconf 88' lang='lat' dir='ltr'><strong>ipse</strong></span> <span class='ocrx_word' id='word_1_637' title='bbox 2858 4264 3073 4317; x_wconf 83' lang='lat' dir='ltr'><strong>quoque</strong></span> <span class='ocrx_word' id='word_1_638' title='bbox 3102 4259 3287 4317; x_wconf 85' lang='lat' dir='ltr'><strong>caput,</strong></span> <span class='ocrx_word' id='word_1_639' title='bbox 3331 4259 3388 4300; x_wconf 91' lang='lat' dir='ltr'><strong>ut</strong></span> 
     </span>
    </p>
   </div>
   <div class='ocr_carea' id='block_1_87' title="bbox 1812 4339 3387 4412">
    <p class='ocr_par' dir='ltr' id='par_1_87' title="bbox 1812 4339 3387 4412">
     <span class='ocr_line' id='line_1_87' title="bbox 1812 4339 3387 4412; baseline -0.004 -14"><span class='ocrx_word' id='word_1_640' title='bbox 1812 4356 2007 4401; x_wconf 90' lang='lat' dir='ltr'><strong>natura</strong></span> <span class='ocrx_word' id='word_1_641' title='bbox 2044 4345 2184 4398; x_wconf 92' lang='lat' dir='ltr'><strong>Deus</strong></span> <span class='ocrx_word' id='word_1_642' title='bbox 2229 4353 2334 4406; x_wconf 89' lang='lat' dir='ltr'><strong>est,</strong></span> <span class='ocrx_word' id='word_1_643' title='bbox 2382 4358 2577 4412; x_wconf 89' lang='lat' dir='ltr'><strong>nempe</strong></span> <span class='ocrx_word' id='word_1_644' title='bbox 2612 4342 2885 4396; x_wconf 80' lang='lat' dir='ltr'><strong>caelestem</strong></span> <span class='ocrx_word' id='word_1_645' title='bbox 2918 4339 3135 4394; x_wconf 86' lang='lat' dir='ltr'><strong>Patrem</strong></span> <span class='ocrx_word' id='word_1_646' title='bbox 3174 4357 3187 4392; x_wconf 90' lang='lat'><strong>:</strong></span> <span class='ocrx_word' id='word_1_647' title='bbox 3217 4355 3278 4392; x_wconf 80' lang='lat' dir='ltr'><strong>ex</strong></span> <span class='ocrx_word' id='word_1_648' title='bbox 3322 4353 3387 4391; x_wconf 90' lang='lat' dir='ltr'><strong>eo</strong></span> 
     </span>
    </p>
   </div>
   <div class='ocr_carea' id='block_1_88' title="bbox 1811 4433 3387 4504">
    <p class='ocr_par' dir='ltr' id='par_1_88' title="bbox 1811 4433 3387 4504">
     <span class='ocr_line' id='line_1_88' title="bbox 1811 4433 3387 4504; baseline -0.004 -14"><span class='ocrx_word' id='word_1_649' title='bbox 1811 4451 2047 4504; x_wconf 87' lang='lat' dir='ltr'><strong>namque</strong></span> <span class='ocrx_word' id='word_1_650' title='bbox 2087 4435 2324 4490; x_wconf 88' lang='lat' dir='ltr'><strong>Verbum</strong></span> <span class='ocrx_word' id='word_1_651' title='bbox 2366 4435 2503 4489; x_wconf 84' lang='lat' dir='ltr'><strong>Dens</strong></span> <span class='ocrx_word' id='word_1_652' title='bbox 2528 4436 2823 4499; x_wconf 84' lang='lat' dir='ltr'><strong>exsistens,</strong></span> <span class='ocrx_word' id='word_1_653' title='bbox 2872 4433 3198 4487; x_wconf 85' lang='lat' dir='ltr'><strong>naturaliter</strong></span> <span class='ocrx_word' id='word_1_654' title='bbox 3243 4433 3387 4501; x_wconf 81' lang='lat' dir='ltr'><strong>geni-</strong></span> 
     </span>
    </p>
   </div>
   <div class='ocr_carea' id='block_1_89' title="bbox 103 4523 1734 4600">
    <p class='ocr_par' dir='ltr' id='par_1_89' title="bbox 103 4523 1702 4598">
     <span class='ocr_line' id='line_1_89' title="bbox 103 4523 1702 4598; baseline -0.004 -17"><span class='ocrx_word' id='word_1_655' title='bbox 103 4529 356 4598; x_wconf 80' lang='grc' dir='ltr'>ἐμπεδοῖ</span> <span class='ocrx_word' id='word_1_656' title='bbox 389 4528 488 4598; x_wconf 80' lang='grc' dir='ltr'>τὴν</span> <span class='ocrx_word' id='word_1_657' title='bbox 530 4526 786 4596; x_wconf 85' lang='grc' dir='ltr'>ἀλήθειαν</span> <span class='ocrx_word' id='word_1_658' title='bbox 823 4525 931 4576; x_wconf 85' lang='grc' dir='ltr'>τῶν</span> <span class='ocrx_word' id='word_1_659' title='bbox 958 4524 1335 4586; x_wconf 78' lang='grc' dir='ltr'>ὲνδοιαζόντων</span> <span class='ocrx_word' id='word_1_660' title='bbox 1358 4523 1446 4575; x_wconf 84' lang='grc' dir='ltr'><strong>τὸν</strong></span> <span class='ocrx_word' id='word_1_661' title='bbox 1474 4523 1598 4576; x_wconf 88' lang='grc' dir='ltr'>νοῦν</span> <span class='ocrx_word' id='word_1_662' title='bbox 1623 4525 1702 4585; x_wconf 84' lang='grc' dir='ltr'><strong>τὸ,</strong></span> 
     </span>
    </p>
   </div>
   <div class='ocr_carea' id='block_1_90' title="bbox 1816 4523 3383 4600">
    <p class='ocr_par' dir='ltr' id='par_1_90' title="bbox 1816 4525 3383 4595">
     <span class='ocr_line' id='line_1_90' title="bbox 1816 4525 3383 4595; baseline -0.004 -13"><span class='ocrx_word' id='word_1_663' title='bbox 1816 4540 1923 4582; x_wconf 91' lang='lat' dir='ltr'><strong>tum</strong></span> <span class='ocrx_word' id='word_1_664' title='bbox 1950 4537 2053 4582; x_wconf 86' lang='lat' dir='ltr'><strong>est.</strong></span> <span class='ocrx_word' id='word_1_665' title='bbox 2087 4528 2239 4593; x_wconf 87' lang='lat' dir='ltr'><strong>Quod</strong></span> <span class='ocrx_word' id='word_1_666' title='bbox 2278 4537 2455 4580; x_wconf 90' lang='lat' dir='ltr'><strong>autem</strong></span> <span class='ocrx_word' id='word_1_667' title='bbox 2487 4527 2625 4580; x_wconf 90' lang='lat' dir='ltr'><strong>idem</strong></span> <span class='ocrx_word' id='word_1_668' title='bbox 2656 4527 2726 4583; x_wconf 89' lang='lat' dir='ltr'><strong>sit</strong></span> <span class='ocrx_word' id='word_1_669' title='bbox 2759 4535 2942 4595; x_wconf 88' lang='lat' dir='ltr'><strong>caput,</strong></span> <span class='ocrx_word' id='word_1_670' title='bbox 2972 4526 3112 4592; x_wconf 85' lang='lat' dir='ltr'><strong>quod</strong></span> <span class='ocrx_word' id='word_1_671' title='bbox 3151 4525 3383 4586; x_wconf 79' lang='lat' dir='ltr'><strong>initium,</strong></span> 
     </span>
    </p>
   </div>
   <div class='ocr_carea' id='block_1_91' title="bbox 103 4613 1705 4686">
    <p class='ocr_par' dir='ltr' id='par_1_91' title="bbox 103 4613 1705 4686">
     <span class='ocr_line' id='line_1_91' title="bbox 103 4613 1705 4686; baseline -0.004 -15"><span class='ocrx_word' id='word_1_672' title='bbox 103 4617 374 4686; x_wconf 79' lang='grc' dir='ltr'>κεφαλὴν</span> <span class='ocrx_word' id='word_1_673' title='bbox 405 4615 659 4684; x_wconf 90' lang='grc' dir='ltr'>λέγεσθαι</span> <span class='ocrx_word' id='word_1_674' title='bbox 688 4615 779 4666; x_wconf 88' lang='grc' dir='ltr'><strong>τὸν</strong></span> <span class='ocrx_word' id='word_1_675' title='bbox 815 4613 982 4683; x_wconf 81' lang='grc' dir='ltr'>ἄνδρα</span> <span class='ocrx_word' id='word_1_676' title='bbox 1028 4613 1124 4682; x_wconf 81' lang='grc' dir='ltr'><strong>τῆς</strong></span> <span class='ocrx_word' id='word_1_677' title='bbox 1170 4613 1453 4680; x_wconf 87' lang='grc' dir='ltr'>γυναικός·</span> <span class='ocrx_word' id='word_1_678' title='bbox 1498 4615 1705 4683; x_wconf 72' lang='grc' dir='ltr'>ἐλήφθη</span> 
     </span>
    </p>
   </div>
   <div class='ocr_carea' id='block_1_92' title="bbox 101 4702 1704 4777">
    <p class='ocr_par' dir='ltr' id='par_1_92' title="bbox 101 4702 1704 4777">
     <span class='ocr_line' id='line_1_92' title="bbox 101 4702 1704 4777; baseline -0.005 -15"><span class='ocrx_word' id='word_1_679' title='bbox 101 4713 229 4777; x_wconf 70' lang='grc' dir='ltr'>γὰρ</span> <span class='ocrx_word' id='word_1_680' title='bbox 261 4708 327 4771; x_wconf 77' lang='grc' dir='ltr'>ἐξ</span> <span class='ocrx_word' id='word_1_681' title='bbox 349 4707 532 4762; x_wconf 75' lang='grc' dir='ltr'>αὐτοῦ.</span> <span class='ocrx_word' id='word_1_682' title='bbox 561 4702 656 4769; x_wconf 76' lang='grc' dir='ltr'><strong>Εἷς</strong></span> <span class='ocrx_word' id='word_1_683' title='bbox 685 4706 794 4774; x_wconf 81' lang='grc' dir='ltr'>ἄρα</span> <span class='ocrx_word' id='word_1_684' title='bbox 825 4704 1058 4775; x_wconf 83' lang='grc' dir='ltr'>Χριστὸς</span> <span class='ocrx_word' id='word_1_685' title='bbox 1092 4706 1184 4757; x_wconf 80' lang='grc' dir='ltr'>καὶ</span> <span class='ocrx_word' id='word_1_686' title='bbox 1206 4704 1330 4766; x_wconf 86' lang='grc' dir='ltr'>Υἱὸς</span> <span class='ocrx_word' id='word_1_687' title='bbox 1358 4705 1451 4756; x_wconf 73' lang='grc' dir='ltr'><strong>καὶ</strong></span> <span class='ocrx_word' id='word_1_688' title='bbox 1480 4705 1704 4772; x_wconf 78' lang='grc' dir='ltr'>Κύριος,</span> 
     </span>
    </p>
   </div>
   <div class='ocr_carea' id='block_1_93' title="bbox 1809 4616 3381 4682">
    <p class='ocr_par' dir='ltr' id='par_1_93' title="bbox 1809 4616 3381 4682">
     <span class='ocr_line' id='line_1_93' title="bbox 1809 4616 3381 4682; baseline -0.003 -11"><span class='ocrx_word' id='word_1_689' title='bbox 1809 4618 1892 4673; x_wconf 83' lang='lat' dir='ltr'><strong>vel</strong></span> <span class='ocrx_word' id='word_1_690' title='bbox 1918 4635 2080 4672; x_wconf 88' lang='lat' dir='ltr'><strong>nntnn</strong></span> <span class='ocrx_word' id='word_1_691' title='bbox 2113 4619 2213 4672; x_wconf 89' lang='lat' dir='ltr'><strong>hoc</strong></span> <span class='ocrx_word' id='word_1_692' title='bbox 2237 4617 2614 4670; x_wconf 73' lang='lat' dir='ltr'><strong>fluctuantium</strong></span> <span class='ocrx_word' id='word_1_693' title='bbox 2645 4618 2856 4670; x_wconf 85' lang='lat' dir='ltr'><strong>animos</strong></span> <span class='ocrx_word' id='word_1_694' title='bbox 2881 4617 2968 4669; x_wconf 90' lang='lat' dir='ltr'><strong>hic</strong></span> <span class='ocrx_word' id='word_1_695' title='bbox 2989 4616 3180 4669; x_wconf 88' lang='lat' dir='ltr'><strong>sedare</strong></span> <span class='ocrx_word' id='word_1_696' title='bbox 3202 4626 3381 4682; x_wconf 83' lang='lat' dir='ltr'><strong>queat,</strong></span> 
     </span>
    </p>
   </div>
   <div class='ocr_carea' id='block_1_94' title="bbox 1806 4707 3384 4779">
    <p class='ocr_par' dir='ltr' id='par_1_94' title="bbox 1806 4707 3384 4779">
     <span class='ocr_line' id='line_1_94' title="bbox 1806 4707 3384 4779; baseline -0.002 -17"><span class='ocrx_word' id='word_1_697' title='bbox 1806 4711 1950 4779; x_wconf 89' lang='lat' dir='ltr'><strong>quod</strong></span> <span class='ocrx_word' id='word_1_698' title='bbox 1983 4711 2065 4762; x_wconf 81' lang='lat' dir='ltr'><strong>vir</strong></span> <span class='ocrx_word' id='word_1_699' title='bbox 2113 4709 2358 4762; x_wconf 89' lang='lat' dir='ltr'><strong>mulieris</strong></span> <span class='ocrx_word' id='word_1_700' title='bbox 2407 4718 2568 4776; x_wconf 89' lang='lat' dir='ltr'><strong>caput</strong></span> <span class='ocrx_word' id='word_1_701' title='bbox 2603 4723 2722 4761; x_wconf 90' lang='lat' dir='ltr'><strong>esse</strong></span> <span class='ocrx_word' id='word_1_702' title='bbox 2775 4707 3129 4776; x_wconf 82' lang='lat' dir='ltr'><strong>perhibeatur</strong></span> <span class='ocrx_word' id='word_1_703' title='bbox 3161 4725 3173 4760; x_wconf 92' lang='lat'><strong>:</strong></span> <span class='ocrx_word' id='word_1_704' title='bbox 3209 4723 3275 4759; x_wconf 83' lang='lat' dir='ltr'><strong>ex</strong></span> <span class='ocrx_word' id='word_1_705' title='bbox 3319 4721 3384 4759; x_wconf 90' lang='lat' dir='ltr'><strong>eo</strong></span> 
     </span>
    </p>
   </div>
   <div class='ocr_carea' id='block_1_95' title="bbox 97 4794 1734 4868">
    <p class='ocr_par' dir='ltr' id='par_1_95' title="bbox 97 4794 1708 4868">
     <span class='ocr_line' id='line_1_95' title="bbox 97 4794 1708 4868; baseline -0.004 -17"><span class='ocrx_word' id='word_1_706' title='bbox 97 4805 132 4852; x_wconf 71' lang='grc' dir='ltr'><strong>ὸ</strong></span> <span class='ocrx_word' id='word_1_707' title='bbox 174 4799 432 4868; x_wconf 78' lang='grc' dir='ltr'>κεφαλὴν</span> <span class='ocrx_word' id='word_1_708' title='bbox 472 4796 751 4866; x_wconf 49' lang='grc' dir='ltr'>ἕχων,ώς,</span> <span class='ocrx_word' id='word_1_709' title='bbox 780 4796 910 4858; x_wconf 88' lang='grc' dir='ltr'>Θεὸς</span> <span class='ocrx_word' id='word_1_710' title='bbox 958 4794 1096 4848; x_wconf 76' lang='grc' dir='ltr'>κατὰ</span> <span class='ocrx_word' id='word_1_711' title='bbox 1142 4794 1321 4863; x_wconf 76' lang='grc' dir='ltr'>φύσιν,</span> <span class='ocrx_word' id='word_1_712' title='bbox 1366 4794 1457 4846; x_wconf 81' lang='grc' dir='ltr'><strong>τὸν</strong></span> <span class='ocrx_word' id='word_1_713' title='bbox 1495 4796 1552 4846; x_wconf 85' lang='grc' dir='ltr'>ἐν</span> <span class='ocrx_word' id='word_1_714' title='bbox 1596 4796 1708 4856; x_wconf 86' lang='grc' dir='ltr'>τοῖς</span> 
     </span>
    </p>
   </div>
   <div class='ocr_carea' id='block_1_96' title="bbox 1816 4794 3384 4868">
    <p class='ocr_par' dir='ltr' id='par_1_96' title="bbox 1816 4797 3384 4868">
     <span class='ocr_line' id='line_1_96' title="bbox 1816 4797 3384 4868; baseline -0.004 -11"><span class='ocrx_word' id='word_1_715' title='bbox 1816 4803 1947 4857; x_wconf 68' lang='lat' dir='ltr'><strong>enim</strong></span> <span class='ocrx_word' id='word_1_716' title='bbox 1992 4813 2203 4868; x_wconf 89' lang='lat' dir='ltr'><strong>sumpta</strong></span> <span class='ocrx_word' id='word_1_717' title='bbox 2241 4808 2324 4853; x_wconf 72' lang='lat' dir='ltr'><strong>est</strong></span> <span class='ocrx_word' id='word_1_718' title='bbox 2363 4799 2474 4851; x_wconf 90' lang='lat' dir='ltr'><strong>illa.</strong></span> <span class='ocrx_word' id='word_1_719' title='bbox 2515 4799 2669 4853; x_wconf 87' lang='lat' dir='ltr'><strong>Unus</strong></span> <span class='ocrx_word' id='word_1_720' title='bbox 2717 4800 2897 4867; x_wconf 87' lang='lat' dir='ltr'><strong>itaque</strong></span> <span class='ocrx_word' id='word_1_721' title='bbox 2935 4809 3020 4852; x_wconf 89' lang='lat' dir='ltr'><strong>est</strong></span> <span class='ocrx_word' id='word_1_722' title='bbox 3051 4797 3299 4851; x_wconf 90' lang='lat' dir='ltr'><strong>Christus</strong></span> <span class='ocrx_word' id='word_1_723' title='bbox 3331 4807 3384 4850; x_wconf 84' lang='lat' dir='ltr'><strong>et</strong></span> 
     </span>
    </p>
   </div>
   <div class='ocr_carea' id='block_1_97' title="bbox 95 4882 1734 4960">
    <p class='ocr_par' dir='ltr' id='par_1_97' title="bbox 95 4882 1708 4958">
     <span class='ocr_line' id='line_1_97' title="bbox 95 4882 1708 4958; baseline -0.005 -16"><span class='ocrx_word' id='word_1_724' title='bbox 95 4890 379 4958; x_wconf 70' lang='lat' dir='ltr'><strong>o-Zpavoic;</strong></span> <span class='ocrx_word' id='word_1_725' title='bbox 411 4886 651 4957; x_wconf 86' lang='grc' dir='ltr'>Πατέρα,</span> <span class='ocrx_word' id='word_1_726' title='bbox 678 4884 917 4953; x_wconf 88' lang='grc' dir='ltr'>γεγονὼς</span> <span class='ocrx_word' id='word_1_727' title='bbox 947 4885 1005 4937; x_wconf 84' lang='grc' dir='ltr'>δὲ</span> <span class='ocrx_word' id='word_1_728' title='bbox 1035 4886 1166 4954; x_wconf 84' lang='grc' dir='ltr'>ἡμῖν</span> <span class='ocrx_word' id='word_1_729' title='bbox 1196 4885 1399 4954; x_wconf 82' lang='grc' dir='ltr'>κεφαλὴ</span> <span class='ocrx_word' id='word_1_730' title='bbox 1429 4884 1515 4937; x_wconf 80' lang='grc' dir='ltr'><strong>διά</strong></span> <span class='ocrx_word' id='word_1_731' title='bbox 1539 4901 1617 4937; x_wconf 84' lang='grc' dir='ltr'><strong>τοι</strong></span> <span class='ocrx_word' id='word_1_732' title='bbox 1646 4882 1708 4934; x_wconf 88' lang='grc' dir='ltr'><strong>τὸ</strong></span> 
     </span>
    </p>
   </div>
   <div class='ocr_carea' id='block_1_98' title="bbox 1816 4882 3378 4960">
    <p class='ocr_par' dir='ltr' id='par_1_98' title="bbox 1816 4890 3378 4960">
     <span class='ocr_line' id='line_1_98' title="bbox 1816 4890 3378 4960; baseline -0.006 -12"><span class='ocrx_word' id='word_1_733' title='bbox 1816 4894 1974 4948; x_wconf 74' lang='lat' dir='ltr'><strong>Filius</strong></span> <span class='ocrx_word' id='word_1_734' title='bbox 2020 4904 2075 4947; x_wconf 89' lang='lat' dir='ltr'><strong>et</strong></span> <span class='ocrx_word' id='word_1_735' title='bbox 2121 4891 2424 4946; x_wconf 89' lang='lat' dir='ltr'><strong>Dominus:</strong></span> <span class='ocrx_word' id='word_1_736' title='bbox 2454 4891 2543 4960; x_wconf 91' lang='lat' dir='ltr'><strong>qui</strong></span> <span class='ocrx_word' id='word_1_737' title='bbox 2588 4891 2806 4959; x_wconf 87' lang='lat' dir='ltr'><strong>quidem</strong></span> <span class='ocrx_word' id='word_1_738' title='bbox 2862 4900 2916 4943; x_wconf 94' lang='lat' dir='ltr'><strong>ut</strong></span> <span class='ocrx_word' id='word_1_739' title='bbox 2965 4901 3158 4943; x_wconf 86' lang='lat' dir='ltr'><strong>natura</strong></span> <span class='ocrx_word' id='word_1_740' title='bbox 3218 4890 3378 4951; x_wconf 85' lang='lat' dir='ltr'><strong>Deus,</strong></span> 
     </span>
    </p>
   </div>
   <div class='ocr_carea' id='block_1_99' title="bbox 94 4975 789 5049">
    <p class='ocr_par' dir='ltr' id='par_1_99' title="bbox 94 4975 789 5049">
     <span class='ocr_line' id='line_1_99' title="bbox 94 4975 789 5049; baseline -0.007 -15"><span class='ocrx_word' id='word_1_741' title='bbox 94 4980 264 5034; x_wconf 68' lang='grc' dir='ltr'>κατὰ</span> <span class='ocrx_word' id='word_1_742' title='bbox 298 4980 479 5049; x_wconf 79' lang='grc' dir='ltr'>σάρκα</span> <span class='ocrx_word' id='word_1_743' title='bbox 511 4975 789 5046; x_wconf 89' lang='grc' dir='ltr'>συγγενές.</span> 
     </span>
    </p>
   </div>
   <div class='ocr_carea' id='block_1_100' title="bbox 186 5256 1700 5328">
    <p class='ocr_par' dir='ltr' id='par_1_100' title="bbox 186 5256 1700 5328">
     <span class='ocr_line' id='line_1_100' title="bbox 186 5256 1700 5328; baseline -0.002 -15"><span class='ocrx_word' id='word_1_744' title='bbox 186 5277 212 5313; x_wconf 70' lang='grc' dir='ltr'><strong><em>ι</em></strong></span> <span class='ocrx_word' id='word_1_745' title='bbox 264 5263 363 5327; x_wconf 62' lang='grc' dir='ltr'><strong>ς’.</strong></span> <span class='ocrx_word' id='word_1_746' title='bbox 406 5259 706 5312; x_wconf 82' lang='grc' dir='ltr'>Γινώσκετε</span> <span class='ocrx_word' id='word_1_747' title='bbox 739 5259 845 5326; x_wconf 79' lang='grc' dir='ltr'><strong>γὰρ</strong></span> <span class='ocrx_word' id='word_1_748' title='bbox 876 5257 969 5326; x_wconf 81' lang='grc' dir='ltr'>τὴν</span> <span class='ocrx_word' id='word_1_749' title='bbox 1003 5259 1159 5326; x_wconf 82' lang='grc' dir='ltr'>χάριν</span> <span class='ocrx_word' id='word_1_750' title='bbox 1188 5256 1279 5309; x_wconf 82' lang='grc' dir='ltr'><strong>τοῦ</strong></span> <span class='ocrx_word' id='word_1_751' title='bbox 1312 5259 1514 5328; x_wconf 82' lang='grc' dir='ltr'>Κυρίου</span> <span class='ocrx_word' id='word_1_752' title='bbox 1545 5258 1700 5326; x_wconf 79' lang='grc' dir='ltr'>ἡμῶν</span> 
     </span>
    </p>
   </div>
   <div class='ocr_carea' id='block_1_101' title="bbox 111 5347 1698 5420">
    <p class='ocr_par' dir='ltr' id='par_1_101' title="bbox 111 5347 1698 5420">
     <span class='ocr_line' id='line_1_101' title="bbox 111 5347 1698 5420; baseline -0.002 -17"><span class='ocrx_word' id='word_1_753' title='bbox 111 5352 314 5420; x_wconf 67' lang='grc' dir='ltr'>Ἰησοῦ</span> <span class='ocrx_word' id='word_1_754' title='bbox 371 5349 627 5419; x_wconf 82' lang='grc' dir='ltr'>Χριστοῦ,</span> <span class='ocrx_word' id='word_1_755' title='bbox 662 5349 742 5400; x_wconf 78' lang='grc' dir='ltr'>ὅτι</span> <span class='ocrx_word' id='word_1_756' title='bbox 783 5348 850 5400; x_wconf 85' lang='grc' dir='ltr'>δι’</span> <span class='ocrx_word' id='word_1_757' title='bbox 881 5349 1020 5418; x_wconf 77' lang='grc' dir='ltr'>ὑμᾶς</span> <span class='ocrx_word' id='word_1_758' title='bbox 1063 5349 1396 5418; x_wconf 84' lang='grc' dir='ltr'>ἐπτώχευσε,</span> <span class='ocrx_word' id='word_1_759' title='bbox 1446 5347 1698 5411; x_wconf 84' lang='grc' dir='ltr'>πλούσιος</span> 
     </span>
    </p>
   </div>
   <div class='ocr_carea' id='block_1_102' title="bbox 82 5438 1692 5508">
    <p class='ocr_par' dir='ltr' id='par_1_102' title="bbox 82 5438 1692 5508">
     <span class='ocr_line' id='line_1_102' title="bbox 82 5438 1692 5508; baseline -0.002 -15"><span class='ocrx_word' id='word_1_760' title='bbox 82 5443 206 5502; x_wconf 67' lang='grc' dir='ltr'>ὼν,</span> <span class='ocrx_word' id='word_1_761' title='bbox 270 5442 365 5492; x_wconf 79' lang='grc' dir='ltr'><strong>ἵνα</strong></span> <span class='ocrx_word' id='word_1_762' title='bbox 415 5441 571 5508; x_wconf 84' lang='grc' dir='ltr'>ὑμεῖς</span> <span class='ocrx_word' id='word_1_763' title='bbox 617 5441 682 5508; x_wconf 80' lang='grc' dir='ltr'>τῇ</span> <span class='ocrx_word' id='word_1_764' title='bbox 728 5438 933 5491; x_wconf 75' lang='grc' dir='ltr'>ἐκείνου</span> <span class='ocrx_word' id='word_1_765' title='bbox 987 5438 1225 5508; x_wconf 77' lang='grc' dir='ltr'>πτωχείᾳ</span> <span class='ocrx_word' id='word_1_766' title='bbox 1270 5439 1624 5508; x_wconf 79' lang='grc' dir='ltr'>πλουτήσητε.</span> <span class='ocrx_word' id='word_1_767' title='bbox 1674 5458 1692 5490; x_wconf 73' lang='grc' dir='ltr'><strong>ι</strong></span> 
     </span>
    </p>
   </div>
   <div class='ocr_carea' id='block_1_103' title="bbox 90 5528 1699 5601">
    <p class='ocr_par' dir='ltr' id='par_1_103' title="bbox 90 5528 1699 5601">
     <span class='ocr_line' id='line_1_103' title="bbox 90 5528 1699 5601; baseline 0 -19"><span class='ocrx_word' id='word_1_768' title='bbox 90 5532 322 5601; x_wconf 66' lang='grc' dir='ltr'>’Άθρει</span> <span class='ocrx_word' id='word_1_769' title='bbox 347 5531 407 5599; x_wconf 83' lang='grc' dir='ltr'>δή</span> <span class='ocrx_word' id='word_1_770' title='bbox 437 5547 526 5599; x_wconf 91' lang='grc' dir='ltr'><strong>μοι</strong></span> <span class='ocrx_word' id='word_1_771' title='bbox 555 5528 649 5582; x_wconf 76' lang='grc' dir='ltr'><strong>καὶ</strong></span> <span class='ocrx_word' id='word_1_772' title='bbox 683 5529 825 5598; x_wconf 88' lang='grc' dir='ltr'>μάλα</span> <span class='ocrx_word' id='word_1_773' title='bbox 861 5529 1043 5596; x_wconf 81' lang='grc' dir='ltr'>σαφῶς</span> <span class='ocrx_word' id='word_1_774' title='bbox 1066 5529 1120 5583; x_wconf 82' lang='grc' dir='ltr'><strong>ἕν</strong></span> <span class='ocrx_word' id='word_1_775' title='bbox 1143 5547 1203 5594; x_wconf 90' lang='grc' dir='ltr'><strong>γε</strong></span> <span class='ocrx_word' id='word_1_776' title='bbox 1228 5530 1460 5582; x_wconf 84' lang='grc' dir='ltr'>τουτοισὶ</span> <span class='ocrx_word' id='word_1_777' title='bbox 1493 5530 1582 5582; x_wconf 81' lang='grc' dir='ltr'><strong>καὶ</strong></span> <span class='ocrx_word' id='word_1_778' title='bbox 1601 5531 1699 5598; x_wconf 82' lang='grc' dir='ltr'><strong>τῆς</strong></span> 
     </span>
    </p>
   </div>
   <div class='ocr_carea' id='block_1_104' title="bbox 79 5615 1698 5694">
    <p class='ocr_par' dir='ltr' id='par_1_104' title="bbox 79 5615 1698 5694">
     <span class='ocr_line' id='line_1_104' title="bbox 79 5615 1698 5694; baseline -0.001 -17"><span class='ocrx_word' id='word_1_779' title='bbox 79 5625 268 5686; x_wconf 77' lang='grc' dir='ltr'>Θείας</span> <span class='ocrx_word' id='word_1_780' title='bbox 300 5641 364 5676; x_wconf 85' lang='grc' dir='ltr'><strong>τε</strong></span> <span class='ocrx_word' id='word_1_781' title='bbox 394 5623 484 5675; x_wconf 72' lang='grc' dir='ltr'><strong>καὶ</strong></span> <span class='ocrx_word' id='word_1_782' title='bbox 504 5621 779 5694; x_wconf 84' lang='grc' dir='ltr'>ἀκηράτου</span> <span class='ocrx_word' id='word_1_783' title='bbox 804 5621 1014 5690; x_wconf 82' lang='grc' dir='ltr'>φύσεως</span> <span class='ocrx_word' id='word_1_784' title='bbox 1037 5622 1133 5693; x_wconf 81' lang='grc' dir='ltr'>τὴν</span> <span class='ocrx_word' id='word_1_785' title='bbox 1156 5622 1445 5692; x_wconf 78' lang='grc' dir='ltr'>ὑπεροχὴν,</span> <span class='ocrx_word' id='word_1_786' title='bbox 1480 5623 1570 5675; x_wconf 72' lang='grc' dir='ltr'><strong>καὶ</strong></span> <span class='ocrx_word' id='word_1_787' title='bbox 1594 5615 1698 5675; x_wconf 83' lang='grc' dir='ltr'>τῶν</span> 
     </span>
    </p>
   </div>
   <div class='ocr_carea' id='block_1_105' title="bbox 176 5800 1259 5868">
    <p class='ocr_par' dir='ltr' id='par_1_105' title="bbox 176 5800 1259 5868">
     <span class='ocr_line' id='line_1_105' title="bbox 176 5800 1259 5868; baseline 0.002 -14"><span class='ocrx_word' id='word_1_788' title='bbox 176 5801 230 5831; x_wconf 69' lang='grc' dir='ltr'><strong>τ’</strong></span> <span class='ocrx_word' id='word_1_789' title='bbox 263 5800 416 5856; x_wconf 76' lang='lat' dir='ltr'><strong>l‘sal.</strong></span> <span class='ocrx_word' id='word_1_790' title='bbox 454 5817 620 5866; x_wconf 67' lang='lat' dir='ltr'><strong>van.</strong></span> <span class='ocrx_word' id='word_1_791' title='bbox 662 5802 744 5858; x_wconf 77' lang='lat'><strong>1‘2.</strong></span> <span class='ocrx_word' id='word_1_792' title='bbox 818 5802 862 5833; x_wconf 73' lang='grc'><strong>⁷³</strong></span> <span class='ocrx_word' id='word_1_793' title='bbox 896 5801 1045 5856; x_wconf 75' lang='lat' dir='ltr'><strong>[Cor</strong></span> <span class='ocrx_word' id='word_1_794' title='bbox 1107 5819 1182 5868; x_wconf 67' lang='grc' dir='ltr'><strong>λι,</strong></span> <span class='ocrx_word' id='word_1_795' title='bbox 1209 5801 1259 5856; x_wconf 71' lang='lat'><strong>5.</strong></span> 
     </span>
    </p>
   </div>
   <div class='ocr_carea' id='block_1_106' title="bbox 1810 4981 3381 5052">
    <p class='ocr_par' dir='ltr' id='par_1_106' title="bbox 1810 4981 3381 5052">
     <span class='ocr_line' id='line_1_106' title="bbox 1810 4981 3381 5052; baseline -0.003 -14"><span class='ocrx_word' id='word_1_796' title='bbox 1810 4995 1971 5052; x_wconf 86' lang='lat' dir='ltr'><strong>caput</strong></span> <span class='ocrx_word' id='word_1_797' title='bbox 2015 4986 2178 5038; x_wconf 86' lang='lat' dir='ltr'><strong>habet</strong></span> <span class='ocrx_word' id='word_1_798' title='bbox 2221 4983 2435 5037; x_wconf 80' lang='lat' dir='ltr'><strong>Patrem</strong></span> <span class='ocrx_word' id='word_1_799' title='bbox 2483 4983 2576 5052; x_wconf 93' lang='lat' dir='ltr'><strong>qni</strong></span> <span class='ocrx_word' id='word_1_800' title='bbox 2627 4993 2710 5037; x_wconf 87' lang='lat' dir='ltr'><strong>est</strong></span> <span class='ocrx_word' id='word_1_801' title='bbox 2759 4983 2811 5036; x_wconf 91' lang='lat' dir='ltr'><strong>in</strong></span> <span class='ocrx_word' id='word_1_802' title='bbox 2860 4982 3016 5036; x_wconf 78' lang='lat' dir='ltr'><strong>ccelis</strong></span> <span class='ocrx_word' id='word_1_803' title='bbox 3045 4999 3059 5034; x_wconf 90' lang='lat'><strong>:</strong></span> <span class='ocrx_word' id='word_1_804' title='bbox 3087 4981 3262 5034; x_wconf 84' lang='lat' dir='ltr'><strong>factus</strong></span> <span class='ocrx_word' id='word_1_805' title='bbox 3301 4991 3381 5034; x_wconf 76' lang='lat' dir='ltr'><strong>est</strong></span> 
     </span>
    </p>
   </div>
   <div class='ocr_carea' id='block_1_107' title="bbox 1810 5073 3380 5144">
    <p class='ocr_par' dir='ltr' id='par_1_107' title="bbox 1810 5073 3380 5144">
     <span class='ocr_line' id='line_1_107' title="bbox 1810 5073 3380 5144; baseline -0.002 -16"><span class='ocrx_word' id='word_1_806' title='bbox 1810 5085 1991 5129; x_wconf 88' lang='lat' dir='ltr'><strong>autem</strong></span> <span class='ocrx_word' id='word_1_807' title='bbox 2027 5076 2182 5128; x_wconf 88' lang='lat' dir='ltr'><strong>nobis</strong></span> <span class='ocrx_word' id='word_1_808' title='bbox 2211 5084 2371 5144; x_wconf 84' lang='lat' dir='ltr'><strong>caput</strong></span> <span class='ocrx_word' id='word_1_809' title='bbox 2407 5084 2625 5144; x_wconf 84' lang='lat' dir='ltr'><strong>propter</strong></span> <span class='ocrx_word' id='word_1_810' title='bbox 2655 5083 2946 5143; x_wconf 70' lang='lat' dir='ltr'><strong>assumpta:</strong></span> <span class='ocrx_word' id='word_1_811' title='bbox 2971 5073 3153 5127; x_wconf 86' lang='lat' dir='ltr'><strong>carnis</strong></span> <span class='ocrx_word' id='word_1_812' title='bbox 3181 5087 3380 5140; x_wconf 79' lang='lat' dir='ltr'><strong>cogna-</strong></span> 
     </span>
    </p>
   </div>
   <div class='ocr_carea' id='block_1_108' title="bbox 1810 5167 2030 5220">
    <p class='ocr_par' dir='ltr' id='par_1_108' title="bbox 1810 5167 2030 5220">
     <span class='ocr_line' id='line_1_108' title="bbox 1810 5167 2030 5220; baseline -0.005 -2"><span class='ocrx_word' id='word_1_813' title='bbox 1810 5167 2030 5220; x_wconf 92' lang='lat' dir='ltr'><strong>tionem.</strong></span> 
     </span>
    </p>
   </div>
   <div class='ocr_carea' id='block_1_109' title="bbox 1881 5254 3376 5326">
    <p class='ocr_par' dir='ltr' id='par_1_109' title="bbox 1881 5254 3376 5326">
     <span class='ocr_line' id='line_1_109' title="bbox 1881 5254 3376 5326; baseline -0.001 -17"><span class='ocrx_word' id='word_1_814' title='bbox 1881 5255 1971 5310; x_wconf 91' lang='lat' dir='ltr'><strong>Vl.</strong></span> <span class='ocrx_word' id='word_1_815' title='bbox 2021 5256 2232 5310; x_wconf 67' lang='lat' dir='ltr'><strong>«Scitis</strong></span> <span class='ocrx_word' id='word_1_816' title='bbox 2281 5257 2423 5310; x_wconf 90' lang='lat' dir='ltr'><strong>enim</strong></span> <span class='ocrx_word' id='word_1_817' title='bbox 2480 5258 2710 5326; x_wconf 80' lang='lat' dir='ltr'><strong>gratiam</strong></span> <span class='ocrx_word' id='word_1_818' title='bbox 2771 5257 2978 5311; x_wconf 89' lang='lat' dir='ltr'><strong>Domini</strong></span> <span class='ocrx_word' id='word_1_819' title='bbox 3036 5256 3204 5310; x_wconf 83' lang='lat' dir='ltr'><strong>nostri</strong></span> <span class='ocrx_word' id='word_1_820' title='bbox 3251 5254 3376 5309; x_wconf 83' lang='lat' dir='ltr'><strong>Jesn</strong></span> 
     </span>
    </p>
   </div>
   <div class='ocr_carea' id='block_1_110' title="bbox 1808 5347 3374 5416">
    <p class='ocr_par' dir='ltr' id='par_1_110' title="bbox 1808 5347 3374 5416">
     <span class='ocr_line' id='line_1_110' title="bbox 1808 5347 3374 5416; baseline -0.003 -15"><span class='ocrx_word' id='word_1_821' title='bbox 1808 5347 2046 5414; x_wconf 85' lang='lat' dir='ltr'><strong>Christi;</strong></span> <span class='ocrx_word' id='word_1_822' title='bbox 2097 5348 2353 5416; x_wconf 88' lang='lat' dir='ltr'><strong>quoniam</strong></span> <span class='ocrx_word' id='word_1_823' title='bbox 2405 5358 2624 5416; x_wconf 85' lang='lat' dir='ltr'><strong>propter</strong></span> <span class='ocrx_word' id='word_1_824' title='bbox 2668 5363 2763 5401; x_wconf 84' lang='lat' dir='ltr'><strong>vos</strong></span> <span class='ocrx_word' id='word_1_825' title='bbox 2809 5362 3010 5415; x_wconf 84' lang='lat' dir='ltr'><strong>egenus</strong></span> <span class='ocrx_word' id='word_1_826' title='bbox 3053 5347 3224 5400; x_wconf 84' lang='lat' dir='ltr'><strong>factus</strong></span> <span class='ocrx_word' id='word_1_827' title='bbox 3272 5358 3374 5408; x_wconf 87' lang='lat' dir='ltr'><strong>est,</strong></span> 
     </span>
    </p>
   </div>
   <div class='ocr_carea' id='block_1_111' title="bbox 1807 5437 3373 5504">
    <p class='ocr_par' dir='ltr' id='par_1_111' title="bbox 1807 5437 3373 5504">
     <span class='ocr_line' id='line_1_111' title="bbox 1807 5437 3373 5504; baseline -0.002 -12"><span class='ocrx_word' id='word_1_828' title='bbox 1807 5454 1927 5492; x_wconf 89' lang='lat' dir='ltr'><strong>cum</strong></span> <span class='ocrx_word' id='word_1_829' title='bbox 1974 5449 2117 5492; x_wconf 90' lang='lat' dir='ltr'><strong>esset</strong></span> <span class='ocrx_word' id='word_1_830' title='bbox 2165 5439 2336 5502; x_wconf 86' lang='lat' dir='ltr'><strong>dives,</strong></span> <span class='ocrx_word' id='word_1_831' title='bbox 2377 5449 2434 5490; x_wconf 90' lang='lat' dir='ltr'><strong>ut</strong></span> <span class='ocrx_word' id='word_1_832' title='bbox 2470 5438 2610 5490; x_wconf 88' lang='lat' dir='ltr'><strong>illius</strong></span> <span class='ocrx_word' id='word_1_833' title='bbox 2650 5437 2824 5504; x_wconf 83' lang='lat' dir='ltr'><strong>inopia</strong></span> <span class='ocrx_word' id='word_1_834' title='bbox 2871 5454 2962 5489; x_wconf 79' lang='lat' dir='ltr'><strong>vos</strong></span> <span class='ocrx_word' id='word_1_835' title='bbox 2996 5438 3189 5490; x_wconf 70' lang='lat' dir='ltr'><strong>divites</strong></span> <span class='ocrx_word' id='word_1_836' title='bbox 3232 5452 3373 5489; x_wconf 85' lang='lat' dir='ltr'><strong>esse-</strong></span> 
     </span>
    </p>
   </div>
   <div class='ocr_carea' id='block_1_112' title="bbox 1809 5531 3374 5601">
    <p class='ocr_par' dir='ltr' id='par_1_112' title="bbox 1809 5531 3374 5601">
     <span class='ocr_line' id='line_1_112' title="bbox 1809 5531 3374 5601; baseline -0.001 -18"><span class='ocrx_word' id='word_1_837' title='bbox 1809 5531 1957 5584; x_wconf 80' lang='lat' dir='ltr'><strong>tis”.</strong></span> <span class='ocrx_word' id='word_1_838' title='bbox 1993 5549 2010 5581; x_wconf 83' lang='grc'><strong>›</strong></span> <span class='ocrx_word' id='word_1_839' title='bbox 2047 5531 2280 5586; x_wconf 86' lang='lat' dir='ltr'><strong>Observa</strong></span> <span class='ocrx_word' id='word_1_840' title='bbox 2316 5532 2401 5585; x_wconf 91' lang='lat' dir='ltr'><strong>hic</strong></span> <span class='ocrx_word' id='word_1_841' title='bbox 2434 5531 2577 5585; x_wconf 85' lang='lat' dir='ltr'><strong>clare</strong></span> <span class='ocrx_word' id='word_1_842' title='bbox 2605 5531 2759 5601; x_wconf 82' lang='lat'><strong>132</strong></span> <span class='ocrx_word' id='word_1_843' title='bbox 2788 5542 2840 5585; x_wconf 89' lang='lat' dir='ltr'><strong>et</strong></span> <span class='ocrx_word' id='word_1_844' title='bbox 2872 5532 3066 5585; x_wconf 80' lang='lat' dir='ltr'><strong>divime</strong></span> <span class='ocrx_word' id='word_1_845' title='bbox 3098 5533 3374 5582; x_wconf 81' lang='lat' dir='ltr'><strong>immorta-</strong></span> 
     </span>
    </p>
   </div>
   <div class='ocr_carea' id='block_1_113' title="bbox 1808 5625 3372 5693">
    <p class='ocr_par' dir='ltr' id='par_1_113' title="bbox 1808 5625 3372 5693">
     <span class='ocr_line' id='line_1_113' title="bbox 1808 5625 3372 5693; baseline -0.001 -15"><span class='ocrx_word' id='word_1_846' title='bbox 1808 5625 1980 5693; x_wconf 87' lang='lat' dir='ltr'><strong>lisque</strong></span> <span class='ocrx_word' id='word_1_847' title='bbox 2011 5635 2212 5678; x_wconf 49' lang='lat' dir='ltr'><strong>natm-“te</strong></span> <span class='ocrx_word' id='word_1_848' title='bbox 2249 5626 2613 5689; x_wconf 88' lang='lat' dir='ltr'><strong>eminentiam,</strong></span> <span class='ocrx_word' id='word_1_849' title='bbox 2646 5637 2697 5678; x_wconf 78' lang='lat' dir='ltr'><strong>et</strong></span> <span class='ocrx_word' id='word_1_850' title='bbox 2725 5626 2976 5678; x_wconf 88' lang='lat' dir='ltr'><strong>humilem</strong></span> <span class='ocrx_word' id='word_1_851' title='bbox 3024 5639 3234 5678; x_wconf 80' lang='lat' dir='ltr'><strong>rursom</strong></span> <span class='ocrx_word' id='word_1_852' title='bbox 3273 5625 3372 5676; x_wconf 88' lang='lat' dir='ltr'><strong>hu-</strong></span> 
     </span>
    </p>
   </div>
   <div class='ocr_carea' id='block_1_114' title="bbox 1338 5801 2380 5870">
    <p class='ocr_par' dir='ltr' id='par_1_114' title="bbox 1338 5801 2380 5870">
     <span class='ocr_line' id='line_1_114' title="bbox 1338 5801 2380 5870; baseline -0.003 -13"><span class='ocrx_word' id='word_1_853' title='bbox 1338 5802 1376 5833; x_wconf 67' lang='grc'><strong>⁷³</strong></span> <span class='ocrx_word' id='word_1_854' title='bbox 1408 5801 1571 5857; x_wconf 83' lang='lat' dir='ltr'><strong>ICor.</strong></span> <span class='ocrx_word' id='word_1_855' title='bbox 1611 5801 1800 5870; x_wconf 38' lang='lat' dir='ltr'><strong>x347.</strong></span> <span class='ocrx_word' id='word_1_856' title='bbox 1881 5803 1922 5835; x_wconf 79' lang='grc'><strong>⁷⁵</strong></span> <span class='ocrx_word' id='word_1_857' title='bbox 1962 5801 2003 5854; x_wconf 89' lang='lat' dir='ltr'><strong>ll</strong></span> <span class='ocrx_word' id='word_1_858' title='bbox 2035 5804 2158 5859; x_wconf 85' lang='lat' dir='ltr'><strong>Cor.</strong></span> <span class='ocrx_word' id='word_1_859' title='bbox 2191 5820 2278 5856; x_wconf 79' lang='lat' dir='ltr'><strong>vnt</strong></span> <span class='ocrx_word' id='word_1_860' title='bbox 2331 5802 2380 5854; x_wconf 92' lang='lat'><strong>9.</strong></span> 
     </span>
    </p>
   </div>
  </div>
