4042 6442
631 346 654 399 1
667 347 769 401 ’543

1603 343 1660 399 S.
1701 346 1968 400 CYRILLI
2007 343 2470 402 ALEXANDRINI
2507 348 2824 402 ARCHIEP.

3753 348 3774 401 l
3790 347 3884 403 544

634 471 806 508 mana:
843 464 1048 509 natura:
1085 456 1472 521 conditionem,
1515 472 1580 512 ac
1610 470 1870 528 praeterea
1907 461 2190 530 utriusque

2305 461 2390 530 τῆς
2421 460 2837 530 ἀνθρωπότητος
2870 460 3080 529 μέτρων
3098 459 3158 511 τδ
3186 457 3501 527 ὑφειμένον,
3534 458 3633 509 καὶ
3671 460 3887 526 προσέτι

630 549 951 608 unitionem,
986 562 1052 602 eo
1087 548 1229 616 quod
1272 545 1594 615 Unigenitus
1625 548 1766 602 ultro
1799 552 1864 601 ad
1907 553 2042 603 hanc
2075 563 2194 602 sese

630 640 866 692 demisit.
910 639 1172 703 Quoniam
1219 647 1278 692 ut
1309 638 1608 693 divinitatis
1654 655 1783 709 opes
1825 654 2039 694 omnem
2072 654 2194 693 ora-

631 729 792 784 tionis
835 729 942 782 vim
983 741 1036 783 et
1075 729 1284 798 copiam
1322 727 1476 798 longe
1521 739 1800 797 superant,
1847 731 1919 782 ita
1965 729 2194 782 humana

632 827 818 868 natura
863 817 1152 870 admodum
1201 816 1355 884 inops
1404 825 1460 870 et
1503 831 1672 885 egena
1726 826 1842 880 est;
1876 818 2072 886 quippe
2109 816 2196 870 cui

629 905 833 969 nitinia,
863 903 1125 974 quidquid
1165 907 1380 959 tandem
1426 906 1478 959 in
1514 907 1674 960 bonis
1708 907 1892 969 habet,
1926 907 2140 960 coalitus
2166 922 2193 958 a

627 994 740 1048 Deo
775 996 1016 1063 impensa
1048 995 1157 1048 sint
1188 1013 1203 1049 :
1229 1007 1279 1051 et
1309 1006 1434 1051 ante
1463 998 1644 1051 omnia
1681 997 1818 1051 illud
1850 1013 1971 1051 esse
1997 997 2193 1066 ipsum,

627 1099 735 1148 quo
776 1086 1022 1147 exsistit;
1080 1100 1202 1140 nam
1251 1101 1372 1141 cum
1422 1087 1715 1156 aliquando
1761 1103 1865 1142 non
1909 1097 2073 1152 esset,
2129 1090 2195 1141 ad

629 1173 1002 1228 exsistentiam
1045 1191 1073 1227 a
1127 1175 1237 1228 Deo
1286 1186 1508 1230 evocata
1567 1186 1670 1232 est.
1723 1177 1826 1243 Qui
1874 1192 2004 1245 ergo
2050 1177 2199 1232 divcs

629 1276 750 1316 erat
786 1273 840 1318 ut
891 1265 1050 1331 Deus,
1091 1268 1139 1321 is
1175 1275 1366 1336 sponte
1410 1281 1636 1337 egenus,
1679 1270 1961 1337 nostrique
2007 1268 2198 1324 similis

632 1353 807 1407 lactus
834 1364 938 1418 est,
972 1372 1078 1426 quo
1115 1357 1350 1411 humana
1381 1367 1571 1411 natura
1605 1359 1658 1411 in
1691 1358 1802 1422 illo,
1834 1360 1902 1414 ad
1931 1359 2199 1414 excellen-

631 1444 718 1496 tiae
761 1445 955 1500 divinas
998 1445 1274 1517 fastigium
1307 1458 1518 1511 evecta,
1551 1449 1882 1517 paupertatis
1918 1449 2190 1504 confusio-

632 1548 752 1588 nem
784 1543 1027 1592 exueret.
1059 1554 1079 1588 ι
1109 1535 1582 1592 Conresuscitavit
1606 1539 1776 1604 enim,
1813 1550 1869 1593 et
1900 1539 2200 1595 consedere

629 1638 729 1678 nos
756 1623 882 1679 fecit
910 1624 1051 1682 Deus
1070 1624 1230 1682 Pater
1251 1628 1306 1681 in
1339 1628 1654 1684 cmlestibus
1675 1629 1727 1683 in
1750 1630 1966 1686 Christo
1989 1630 2140 1694 Jesu,
2175 1651 2192 1682 ι

631 1723 689 1769 ιιι
717 1716 975 1785 scriptum
999 1727 1081 1772 est
1104 1718 1172 1770 ⁷⁸.
1213 1717 1375 1788 Atqui
1404 1735 1741 1788 nequaquam
1769 1721 1875 1776 huc
1906 1723 2078 1777 evecti
2107 1738 2194 1777 es-

2300 551 2470 620 τούτῳ
2491 550 2587 618 τὴν
2616 551 2816 618 ἀμφοῖν
2844 541 2922 612 είς
2944 551 3169 620 ἑνότητα
3199 550 3494 619 σύμϐασιν,
3528 548 3735 600 ἑαυτὸν
3765 549 3886 600 καθ-

2301 640 2450 702 έντος
2487 642 2567 701 είς
2606 639 2766 692 τοῦτο
2826 639 2919 692 τοῦ
2957 638 3316 705 Μονογενοῦς.
3351 634 3546 704 Οὐδεὶς
3579 637 3697 704 γὰρ
3743 637 3888 702 λόγος

2299 728 2736 799 διερμηνεύσειεν
2765 728 2830 782 ἃν
2859 729 2949 781 τὸν
2978 731 3078 798 τῇς
3107 728 3362 797 θεότητος
3394 727 3635 779 πλοῦτον
3657 741 3673 757 ·
3711 728 3892 795 πτωχὴ

2300 821 2357 873 δὲ
2408 821 2530 874 λίαν
2569 823 2604 891 ἡ
2647 819 3019 891 ἀνθρωπότης,
3148 818 3326 872 πάντα
3357 817 3478 869 ἐστὶ
3525 816 3801 869 θεόσδοτά
3842 833 3893 866 τε

2302 913 2396 964 καὶ
2421 911 2646 974 ἀνωθεν,
2695 911 2785 962 καὶ
2825 909 2956 962 αὑτὸ
2985 908 3042 961 δὲ
3087 906 3194 977 πρὸ
3232 906 3455 960 πάντων
3484 906 3554 957 τὸ
3599 901 3788 957 εἶναι’
3817 907 3895 957 κέ·

2302 1002 2494 1072 κληται
2526 1002 2632 1072 γὰρ
2663 1000 2811 1072 παρά
2844 999 2940 1054 τοῦ
2980 1000 3115 1053 Θεοῦ
3143 1000 3280 1070 πρὸς
3311 999 3574 1069 ὓπαρξιν,
3615 999 3726 1051 οὑκ
3773 994 3900 1052 οὖσά

2304 1107 2452 1147 ποτε.
2509 1092 2646 1144 Ἀλλ’
2676 1094 2703 1145 6
2754 1090 3004 1154 πλούσιος
3048 1090 3124 1154 ὡς
3164 1089 3317 1154 Θεὸς,
3373 1089 3679 1159 ἐθελοντὴς
3729 1089 3900 1141 ἐπτώ-

2303 1197 2484 1251 χευσε,
2517 1183 2610 1236 καὶ
2636 1182 2825 1250 γέγονε
2859 1181 2982 1235 καθ’
3006 1180 3172 1252 ἡμᾶς·
3205 1180 3294 1235 ῐνα
3317 1179 3508 1234 λοιπὸν
3538 1182 3575 1250 ἡ
3609 1179 3900 1250 ἀνθρώπου

2305 1269 2484 1336 φύσις,
2517 1272 2575 1323 tv
2601 1272 2714 1332 τοῖς
2736 1270 2834 1338 τῆς
2859 1267 3008 1333 θείας
3046 1268 3320 1340 ὑπεροχῆς
3342 1269 3653 1339 ὑψώμασιν
3689 1269 3753 1321 tv
3779 1269 3903 1337 Χριο

2305 1360 2414 1431 στῷ
2455 1363 2739 1432 γενομένη,
2791 1361 2852 1414 τὸ
2892 1360 2992 1431 τῆς
3040 1360 3314 1430 πτωχείας
3344 1356 3538 1430 αἶσχος
3587 1360 3904 1413 ἀποσκευά·

2241 1456 2246 1463 ’
2302 1448 2467 1512 ζοιτο.
2509 1467 2526 1500 ι
2565 1449 2856 1520 Συνήγειρε
2892 1449 3002 1520 γὰρ
3049 1450 3194 1518 ἡμᾶς
3238 1450 3268 1500 6
3314 1448 3450 1512 Θεὸς
3481 1450 3582 1502 καὶ
3619 1449 3822 1520 Πατὴρ
3853 1453 3900 1502 ἐν

2303 1537 2543 1608 Χριστῷ,
2573 1538 2670 1591 καὶ
2700 1538 3053 1592 συνεκάθισεν
3077 1538 3136 1590 ὲν
3162 1539 3275 1600 τοῖς
3301 1537 3692 1607 ἐπουρανίοις,
3711 1556 3732 1588 ι
3769 1539 3900 1591 καθὰ

2302 1631 2630 1700 γέγραπται.
2691 1628 2828 1682 Ἀλλ’
2859 1629 2959 1682 οὑκ
3003 1628 3070 1683 ἂν
3117 1628 3423 1698 γεγόναμεν
3473 1630 3536 1681 tv
3583 1629 3831 1694 τούτοις,
3861 1633 3902 1680 εί

2308 1721 2382 1791 μὴ
2415 1719 2512 1790 τὴν
2543 1719 2926 1789 πτωχεύουσαν
2954 1720 3269 1790 ἠμπέσχετο
3289 1719 3456 1787 φύσιν
3477 1720 3508 1770 6
3531 1719 3806 1782 πλούσιος
3837 1721 3901 1780 ὡς

630 1820 832 1871 semus,
867 1806 970 1860 nisi
999 1808 1152 1862 dives
1187 1819 1246 1862 ut
1275 1809 1438 1873 Deus,
1473 1825 1762 1879 pauperem
1796 1820 1957 1880 atque
1985 1813 2197 1881 inopem

2305 1810 2454 1872 Θεός.
2486 1808 2559 1862 Οὑ
2583 1809 2691 1878 γάρ
2710 1826 2813 1862 που
2836 1811 3203 1880 πτωχεύσειεν
3231 1808 3297 1863 ἂν
3329 1813 3357 1862 ὁ
3383 1810 3533 1862 κατά
3566 1810 3746 1878 φύσιν
3778 1811 3901 1862 ίδίαν

629 1905 870 1950 nostram
901 1905 1149 1951 naturam
1181 1898 1465 1954 induisset.
1506 1898 1690 1967 Neque
1715 1901 1860 1954 enim
1899 1903 2197 1957 homocum

631 1997 822 2057 suapte
855 1998 1047 2042 natura
1080 2004 1282 2058 pauper
1311 1992 1405 2056 sit,
1452 1992 1609 2063 inops
1640 1993 1753 2047 ﬁeri
1793 2003 1938 2048 reete
1964 1996 2197 2050 dicitur:

630 2078 734 2131 hoc
763 2089 944 2132 autem
996 2080 1071 2134 illi
1105 2083 1494 2138 convenienter
1546 2099 1643 2138 usu
1672 2086 1888 2138 venisse
1920 2088 2198 2151 asseritur,

629 2168 720 2236 qui
751 2168 885 2223 citra
925 2185 1143 2227 omnem
1183 2176 1614 2228 controversiam
1657 2177 1805 2230 dives
1837 2186 1941 2239 est,
1977 2178 2078 2231 hoc
2119 2188 2200 2232 est

629 2256 719 2310 Dei
755 2255 928 2312 Patris
965 2257 1222 2325 Verbum,
1260 2269 1612 2332 posteaquam
1651 2263 1810 2317 homo
1853 2266 2020 2319 nostri
2053 2267 2200 2320 sitni-

626 2347 693 2402 lis
723 2348 924 2402 factum
959 2361 1059 2404 est.
1095 2351 1246 2406 Unus
1292 2353 1474 2422 itaque
1519 2363 1602 2408 est
1630 2354 1879 2409 Christus
1915 2365 1969 2408 et
2005 2353 2196 2410 Filius.

691 2436 799 2493 VII.
848 2457 866 2490 ι
897 2438 1148 2495 Christus
1192 2457 1289 2497 nos
1339 2445 1570 2498 redemit
1611 2450 1675 2498 de
1711 2447 1997 2500 maledicto
2039 2446 2197 2515 legis.

626 2530 803 2582 factus
846 2545 944 2598 pro
987 2533 1141 2586 nobis
1189 2533 1535 2588 maledictum
1567 2553 1579 2587 :
1608 2536 1730 2601 quia
1770 2538 2028 2604 scriptum
2064 2547 2194 2590 est:

627 2617 939 2674 Maledictus
973 2622 1150 2676 omnis
1181 2622 1271 2692 qui
1303 2625 1502 2691 pendet
1535 2626 1587 2677 in
1621 2625 1764 2694 ligno
1788 2626 1857 2678 ⁷⁷.
1895 2645 1912 2677 ι
1955 2625 2066 2680 Lex
2105 2641 2198 2681 eos

624 2707 989 2765 nialedictioni
1031 2711 1297 2767 obnoxios
1328 2714 1672 2780 decernebat,
1701 2716 1792 2784 qni
1836 2716 1885 2768 in
1915 2725 2195 2784 peccatum

623 2809 716 2853 aut
759 2801 1260 2868 praevaricationem
1303 2803 1684 2858 incurrissent.
1721 2804 1792 2856 At
1833 2819 1962 2857 vero
1993 2805 2196 2871 peccati

625 2889 863 2953 nescius,
913 2890 1017 2943 hoc
1057 2900 1139 2945 est
1183 2891 1452 2956 Christus,
1498 2893 1682 2960 iniqua
1733 2893 1997 2945 sententia
2041 2892 2092 2944 in
2143 2906 2200 2944 se

623 2988 871 3046 excepta,
921 2979 1103 3032 crucis
1149 2980 1471 3048 supplicium
1527 2980 1712 3043 subiit,
1755 2994 1930 3046 eaque
1959 2979 2197 3048 pertulit,

2302 1899 2597 1970 πτωχεύων
2617 1900 2923 1972 ἄνθρωπος.
2953 1901 3124 1955 Πάθοι
3152 1903 3198 1955 δ”
3221 1902 3288 1954 ἂν
3317 1900 3476 1954 τοῦτο
3507 1902 3897 1971 πρεπωδέστε-

2306 2009 2396 2060 ρον
2427 1994 2454 2042 ό
2483 1991 2735 2053 πλούσιος
2764 1991 3002 2061 ἀληθῶς,
3029 1993 3308 2046 τουτέστιν
3336 1993 3364 2044 6
3390 1992 3456 2043 ὲκ
3493 1991 3644 2044 Θεοῦ
3690 1993 3902 2061 Πατρὶς

2301 2081 2492 2149 Λόγος,
2522 2083 2610 2135 ὅτε
2639 2081 2830 2150 γέγονε
2864 2081 2986 2136 καθ’
3015 2085 3188 2153 ἡμᾶς.
3216 2079 3312 2148 Εἷς
3354 2075 3452 2136 οὖν
3479 2082 3596 2155 ἄρα
3643 2085 3777 2137 ἐστὶ
3815 2086 3900 2137 καὶ

2302 2171 2537 2245 Χριστὸς
2565 2176 2659 2226 καὶ
2683 2171 2829 2237 Υίός.

2375 2463 2393 2494 ι
2439 2443 2509 2495 Z‘.
2553 2442 2785 2513 Χριστὸς
2815 2443 2967 2511 ἡμᾶς
3011 2440 3349 2512 ἐξηγόρασεν
3390 2441 3457 2494 ἐκ
3505 2443 3610 2512 τῆς
3648 2444 3899 2512 κατάρας

2298 2534 2391 2587 τοῦ
2438 2535 2623 2601 νόμου,
2661 2532 2950 2600 γενόμενος
3003 2533 3146 2601 ὑπὲρ
3199 2531 3356 2602 ἡμῶν
3392 2535 3642 2604 κατάρα.
3690 2537 3899 2606 Γέγρα-

2302 2641 2430 2676 πται
2464 2623 2591 2690 γάρ’
2641 2621 3066 2691 Ἐπικατάρατος
3099 2624 3207 2685 πᾶς
3235 2625 3264 2675 ό
3293 2624 3648 2694 κρεμάμενος
3682 2626 3784 2686 ἐπὶ
3812 2627 3899 2692 ξύ-

2298 2714 2413 2766 λου.
2450 2730 2469 2764 ›
2503 2710 2606 2763 Τοῦ
2637 2709 2861 2779 νομικοῦ
2891 2711 3220 2784 γράμματος
3251 2713 3526 2785 ἐπάρατον
3558 2717 3900 2786 ἀποφαίνειν-

2299 2820 2389 2866 τος
2442 2802 2534 2854 τὸν
2584 2803 2640 2852 tv
2681 2801 2989 2868 παραϐάσει
3056 2805 3149 2854 καὶ
3200 2805 3466 2874 ἁμαρτίᾳ,
3515 2805 3545 2855 6
3607 2805 3690 2875 μὴ
3747 2806 3900 2868 εἰδὼς

2301 2891 2594 2962 ἁμαρτίαν,
2647 2892 2894 2943 τουτέστι
2943 2892 3197 2962 Χριστὸς,
3236 2895 3604 2963 ὑπενήνεκται
3636 2899 3708 2963 τῇ
3756 2897 3898 2964 δίκῃ,

2299 2980 2481 3051 ψῆφον
2524 2980 2708 3034 ἄδικον
2746 2980 3064 3048 ὑπομείνας,
3111 2981 3207 3033 καὶ
3237 2982 3308 3032 τὰ
3358 2983 3472 3043 τοῖς
3503 2983 3562 3032 ὲν
3600 2983 3721 3053 ἀρᾷ
3771 2985 3900 3054 πρέ-

622 3081 746 3133 qua:
801 3067 1091 3123 maledicto
1133 3068 1412 3123 obstrictis
1446 3069 1569 3139 jnrc
1613 3071 1980 3135 debebantur;
2019 3071 2198 3137 utqui

2305 3089 2471 3124 ποντα
2503 3069 2709 3124 παθών·
2741 3070 2995 3124 ἴναότῶν
3022 3071 3160 3124 ὅλων
3184 3071 3461 3135 ἀντάξιος,
3497 3072 3646 3140 ὑπὲρ
3679 3076 3900 3128 πάντων

626 3159 1006 3212 universorum
1025 3161 1260 3234 pretium
1280 3161 1620 3229 exmquabat,
1637 3162 2010 3216 universorum
2035 3177 2197 3216 causa

2307 3161 2613 3228 ἀποθανὼν,
2661 3165 2758 3233 τῆς
2790 3163 3049 3217 ἁπάντων
3087 3161 3372 3225 ἀπειθείας
3417 3163 3561 3235 λύσῃ
3598 3136 3669 3216 τὰ
3709 3165 3903 3234 ἐγκλή-

626 3258 856 3302 mortem
895 3265 1203 3319 perpessus,
1247 3252 1530 3306 universos
1575 3251 1642 3305 ab
1680 3252 2055 3308 iuobedientia:
2101 3255 2202 3308 cri-

625 3339 1123 3406 mineexsolveret,
1159 3351 1213 3396 et
1243 3343 1426 3397 orbem
1453 3343 1770 3398 universum
1805 3360 1903 3400 suo
1936 3346 2200 3415 sanguine

629 3429 942 3486 redimeret.
973 3432 1244 3490 Caeterum
1276 3435 1506 3505 pretium
1543 3451 1640 3504 pro
1671 3437 2045 3492 universorum
2074 3455 2198 3508 pec-

625 3524 766 3576 catis
793 3539 936 3579 unus
956 3512 1311 3596 'nequaquam
1350 3528 1723 3596 persolvisset,
1766 3529 1811 3583 si
1847 3545 2011 3600 purus
2038 3531 2200 3587 homo

627 3621 837 3667 tantum
892 3618 1213 3672 exstitisset.
1267 3618 1421 3684 Quod
1472 3620 1517 3673 si
1571 3628 1630 3671 ut
1669 3617 1810 3674 Deus
1862 3623 2196 3688 incarnatus,

630 3707 956 3776 propriaque
991 3709 1042 3761 in
1077 3723 1250 3763 carne
1269 3721 1497 3767 mortem
1531 3727 1827 3781 perpessus
1859 3723 2037 3766 mente
2063 3728 2198 3767 con-

627 3795 883 3866 cipiatur,
917 3799 1167 3855 universa
1200 3810 1445 3856 creatura
1493 3802 1765 3856 modicum
1795 3806 1920 3871 quid
1959 3806 2061 3858 erit
2098 3806 2196 3873 ipsi

627 3895 970 3953 comparata;
1005 3897 1167 3957 atque
1215 3891 1350 3944 adeo
1387 3891 1455 3944 ad
1499 3891 1720 3944 humani
1794 3893 2010 3960 generis
2075 3894 2452 3949 liberationem
2495 3893 2654 3946 unius
2682 3889 2865 3944 carnis
2895 3904 3043 3945 mors
3112 3889 3325 3946 abunde
3372 3900 3459 3944 sat
3490 3889 3714 3945 fuerit:

628 3980 744 4046 pria
780 3980 924 4033 enim
953 3991 1071 4036 erat
1101 3983 1289 4049 Verbi,
1318 3986 1462 4053 quod
1498 4000 1565 4039 ex
1597 3986 1706 4040 Deo
1731 3995 1919 4040 natum
1951 3995 2056 4042 est.

700 4067 834 4124 Vill.
882 4090 901 4122 ι
933 4071 1068 4126 Eum
1101 4086 1278 4128 autem
1321 4076 1411 4145 qui
1442 4077 1653 4131 modico
1679 4094 1844 4147 quam
1879 4079 2054 4148 angeli
2097 4078 2200 4132 mi-

630 4166 853 4216 noratus
911 4171 1030 4228 est,
1085 4165 1331 4220 videmus
1378 4164 1561 4222 Iesum
1617 4180 1839 4238 pr0pter
1895 4171 2204 4238 passionem

632 4252 843 4319 mortis,
877 4255 1045 4322 gloria
1090 4267 1143 4309 et
1173 4257 1380 4312 honore
1415 4270 1772 4318 coronatum:
1818 4272 1874 4315 ut
1904 4261 2077 4331 gratia
2112 4261 2202 4315 Dei

626 4355 727 4413 pro
779 4346 1031 4399 omnibus
1079 4357 1322 4417 gustaret
1352 4349 1508 4420 133
1549 4361 1778 4406 mortem
1803 4352 1871 4404 ⁷⁸.
1907 4371 1927 4404 ι
1982 4351 2209 4406 Divinas

631 4431 826 4486 Paulus
875 4435 987 4488 haec
1035 4451 1250 4490 rursum
1302 4439 1370 4492 de
1413 4439 1631 4494 Christo
1673 4441 1914 4494 omnium
1960 4453 2201 4496 nostrum
2237 4428 2278 4481 Ῑ)

629 4523 913 4576 Salvatnre
949 4539 1340 4581 commemorat
1370 4548 1382 4582 ε
1417 4548 1435 4581 ι
1466 4530 1600 4584 Cum
1629 4532 2072 4601 primogenitum,
2105 4536 2201 4599 ait,

630 4615 926 4671 introducit
959 4616 1010 4668 in
1057 4617 1246 4670 orbein
1278 4629 1454 4684 terrm,
1497 4621 1669 4676 dicit:
1712 4622 1778 4675 Et
1810 4624 2037 4676 adorent
2080 4640 2206 4677 eum

628 4721 818 4762 omnes
867 4708 1043 4777 angeli
1093 4708 1184 4762 Dei
1206 4710 1276 4763 7’.
1309 4729 1327 4761 ›
1380 4711 1445 4766 Et
1478 4713 1715 4768 iterum:
1753 4731 1772 4765 ι
1804 4715 1904 4781 Qui
1960 4731 2083 4769 cum
2132 4717 2205 4769 sit

631 4797 886 4863 splendor
916 4799 1120 4868 gloriae.
1157 4809 1208 4853 et
1239 4799 1406 4869 figura
1436 4803 1753 4859 substantia:
1781 4806 1921 4874 ejus,
1953 4815 2206 4875 portans-

632 4903 739 4956 que
783 4892 961 4943 omnia
1010 4893 1176 4946 verbo
1221 4895 1441 4947 virtutis
1483 4909 1614 4960 suae,
1665 4899 2039 4966 purgationem
2080 4914 2206 4966 pec-

633 4987 876 5032 catorum
932 4992 1244 5038 nostrorum
1297 4985 1539 5051 faciensl,
1595 4988 1747 5042 sedet
1797 4990 1864 5044 ad
1923 4990 2204 5044 dexteram

640 5069 819 5121 throni
866 5069 1164 5135 maiestatis
1211 5076 1263 5129 in
1307 5077 1573 5142 excelsis;
1624 5087 1770 5131 tanto
1808 5078 2000 5132 melior
2045 5094 2203 5149 ange-

640 5158 705 5210 lis
751 5154 996 5220 eﬂ‘ectus,
1045 5173 1243 5226 quanto
1298 5164 1636 5221 diﬂ‘erentius
1685 5182 1793 5235 prs:
1853 5166 1957 5221 illis
2010 5181 2204 5220 nomen

643 5248 1004 5304 haereditavit.
1035 5248 1129 5302 Cui
1161 5255 1301 5306 enim
1348 5258 1484 5311 dixit
1518 5259 1807 5327 aliquando
1847 5259 2158 5329 angelorum
2191 5276 2205 5312 :

639 5341 809 5394 Filius
877 5354 1031 5394 meus
1099 5355 1158 5394 es
1219 5351 1314 5403 tu.
1378 5354 1476 5414 ego
1533 5351 1691 5404 hodie
1748 5352 1904 5420 genui
1968 5348 2143 5403 te“?
2186 5368 2204 5400 ι

644 5433 871 5494 Quando
931 5445 1061 5498 ergo
1121 5428 1440 5499 Unigenitns
1499 5435 1671 5494 factus
1728 5450 1813 5494 est
1881 5438 2210 5509 primogeni-

647 5532 752 5583 tns,
803 5533 849 5576 et
903 5540 1039 5577 unus
1083 5537 1114 5578 e
1165 5522 1345 5576 multis
1393 5523 1672 5589 fratribus,
1713 5539 1843 5585 tunc
1899 5545 1950 5584 et
1997 5532 2047 5584 in
2104 5540 2209 5583 ter-

726 5701 767 5727 ”
804 5701 993 5768 I‘Zplics.
1033 5719 1087 5767 II,
1114 5705 1166 5758 6.
1244 5703 1287 5734 ⁷⁷
1320 5701 1494 5757 Calui.
1533 5717 1612 5767 Ill,
1653 5702 1732 5754 15.
1810 5705 1852 5734 ⁷³
1886 5705 2047 5758 “chr.
2084 5723 2144 5770 ιι,
2173 5706 2224 5759 9.

2308 3273 2475 3327 ματα,
2507 3255 2599 3308 καὶ
2626 3255 2872 3327 ἀγοράσῃ
2909 3255 3009 3324 τὴν
3041 3254 3132 3308 ὑπ’
3159 3254 3388 3324 οὐρανὸν
3417 3255 3621 3323 αἵματι
3653 3255 3741 3325 τῷ
3774 3256 3900 3324 ίδίῳ.

2304 3347 2507 3402 Οὑκμᾶν
2532 3341 2626 3399 οὖν
2664 3345 2884 3412 γέγονεν
2914 3339 2994 3406 εἷς
3025 3345 3278 3398 ἀπάντων
3324 3343 3604 3408 ἀντάξιος,
3643 3346 3812 3414 εἴπερ
3843 3342 3904 3412 ἦν

2302 3439 2586 3509 ἄνθρωπος
2615 3436 2820 3498 ἀπλῶς.
2862 3437 2924 3488 Et
2951 3437 3006 3488 δὲ
3053 3437 3118 3506 δὴ
3155 3439 3324 3489 νοοῖτο
3369 3437 3502 3499 Θεὸς
3534 3436 3904 3506 ὲνηνθρωπηο

2303 3530 2434 3593 κὼς,
2465 3528 2556 3582 καὶ
2589 3528 2753 3597 σαρκὶ
2777 3529 2843 3597 τῇ
2879 3527 2987 3597 ἰδίᾳ
3030 3527 3238 3592 παθὼν,
3281 3528 3436 3594 ὀλίγη
3480 3529 3628 3596 πρὸς
3664 3529 3834 3579 αὑτὸν
3874 3530 3903 3593 ἡ

2305 3624 2567 3692 σύμπασα
2605 3621 2800 3682 κτίσις,
2839 3621 2930 3673 καί
2965 3621 3180 3689 ἀπόχρη
3217 3620 3352 3687 πρὸς
3407 3620 3616 3687 λύτρον
3661 3620 3769 3687 τῆς
3821 3622 3903 3672 ὑπ’

2303 3712 2530 3784 οὑρανδν
2558 3713 2586 3763 6
2633 3711 2762 3778 μιᾶς
2793 3711 2995 3779 σαρκὸς
3022 3709 3280 3772 θάνατος’
3326 3709 3433 3761 ἰδία
3466 3710 3580 3779 γὰρ
3612 3706 3685 3780 ἦν
3717 3711 3817 3763 τοῦ
3849 3713 3903 3761 ὲκ

2304 3801 2439 3857 Θεοῦ
2470 3802 2682 3872 [ἰατρὸς
2712 3800 2907 3868 φύντος
2939 3801 3136 3868 Λόγου.

3786 3907 3902 3960 pro-

2387 4096 2406 4128 ‹
2451 4079 2532 4130 H'.
2556 4077 2662 4129 Τὸν
2689 4074 2746 4126 δὲ
2781 4075 2952 4146 βραχὺ
2976 4093 3026 4128 τι.
3053 4074 3184 4144 παρ’
3212 4074 3482 4141 ἀγγέλους
3511 4074 3901 4145 ἠλαττωμένον

2310 4170 2579 4241 βλέπομεν
2623 4167 2852 4237 Ἰησοῦν,
2885 4167 2973 4220 διὰ
3000 4167 3062 4219 τὸ
3102 4165 3342 4234 πάθημα
3359 4165 3453 4218 τοῦ
3485 4166 3760 4226 θανάτου,
3787 4166 3900 4234 δόξῃ

2309 4262 2401 4314 καὶ
2445 4263 2580 4331 τιμῇ
2631 4257 3096 4326 ἐστεφανωμένον,
3139 4257 3287 4319 ὅπως
3335 4258 3527 4327 χάριτι
3581 4258 3729 4311 Θεοῦ
3776 4258 3896 4327 ὑπὲρ

2309 4352 2509 4413 παντὸς
2538 4349 2804 4418 γεύσηται
2832 4347 3084 4403 θανάτου.
3127 4365 3149 4398 r
3190 4347 3247 4398 '0
3275 4345 3332 4399 δὲ
3363 4347 3671 4413 θεσπέσιος
3706 4349 3900 4408 Παῦλος

2307 4449 2429 4506 τοὺς
2460 4441 2698 4513 περὶτοῦ
2730 4440 2949 4493 πάντων
2975 4439 3133 4510 ἡμῶν
3163 4439 3416 4509 Σωτῆρος
3445 4440 3704 4510 Χριστοῦ
3737 4439 3900 4492 ποιούς

2311 4552 2467 4604 μενος
2496 4533 2714 4600 λόγους,
2758 4551 2779 4582 ι
2812 4529 2982 4583 Ὅταν
3009 4530 3066 4584 δέ
3100 4528 3392 4600 εἰσαγάγῃ,
3421 4532 3583 4598 φησὶ,
3622 4531 3720 4583 τὸν
3765 4547 3899 4599 πρω-

2305 4625 2525 4677 τότοκον
2559 4624 2638 4684 είς
2680 4621 2778 4690 τὴν
2810 4620 3162 4690 οἰκουμένην,
3206 4617 3389 4685 λέγει·
3440 4621 3558 4673 Καὶ
3596 4637 3903 4692 προσκυνη-

2311 4716 2560 4768 σάτωσαν
2598 4712 2744 4782 αὑτῷ
2796 4712 2994 4776 πάντες
3037 4709 3259 4780 ἄγγελοι
3302 4709 3458 4763 Θεοῦ.
3503 4730 3522 4760 ›
3572 4714 3695 4766 Καὶ
3732 4712 3901 4766 πάλιν·

2319 4827 2337 4860 ι
2384 4810 2480 4869 ι·ος
2511 4804 2586 4858 ὢν
2615 4804 2954 4873 ἀπαύγασμα
2995 4803 3094 4873 τῆς
3123 4799 3301 4868 δόξης,
3333 4801 3426 4850 καὶ
3467 4803 3776 4873 χαρακτὴρ
3825 4803 3908 4868 τῆς

2313 4899 2662 4959 ὑποστάσεως
2695 4895 2881 4959 αὑτοῦ,
2925 4895 3108 4966 φέρων
3156 4909 3217 4945 τε
3248 4889 3318 4942 τὰ
3349 4891 3533 4942 πάντα
3577 4893 3664 4960 τῷ
3721 4897 3910 4963 ῥήματι

2312 4992 2411 5060 τῆς
2427 4989 2708 5057 δυνάμεως
2732 4986 2918 5050 αὑτοῦ,
2937 4981 3278 5053 καθαρισμὸν
3299 4979 3408 5032 τῶν
3432 4981 3742 5048 ἁμαρτιῶν
3769 4986 3909 5054 ἡμῶν

2313 5080 2700 5149 ποιησάμενος,
2741 5079 2993 5131 ἐκάθισεν
3040 5077 3097 5127 ἐν
3127 5073 3277 5141 δεξιᾷ
3305 5068 3397 5121 τοῦ
3434 5069 3644 5140 θρόνου
3695 5075 3798 5146 τῆς
3830 5093 3911 5144 με.

2311 5168 2629 5237 γαλωσύνης
2677 5170 2732 5220 tv
2763 5165 3007 5236 ὑψηλοῖς,
3041 5162 3282 5230 τοσούτῳ
3311 5159 3584 5228 κρείττων
3619 5167 3910 5234 γενόμενος

2313 5259 2420 5311 τῶν
2451 5259 2725 5325 ἀγγέλων,
2771 5259 2881 5325 ὅσῳ
2923 5253 3322 5324 διαφορώτερον
3375 5251 3510 5317 παρ’
3573 5255 3784 5318 αὑτοὺς
3830 5271 3909 5304 κε-

2315 5349 2721 5417 κληρονόμηκεν
2749 5346 2938 5415 ὄνομα.
2971 5346 3086 5398 Τίνι
3120 5344 3228 5412 γὰρ
3257 5337 3378 5393 εἷπέ
3414 5359 3549 5403 ποτε
3595 5347 3715 5397 τῶν
3760 5346 3909 5411 ἀγγέ-

2316 5437 2452 5489 λωνο
2494 5435 2617 5496 Υίός
2648 5450 2746 5494 μου
2777 5429 2826 5485 εἷ
2865 5434 2950 5499 σὺ,
2984 5432 3095 5500 ἐγὼ
3131 5433 3371 5500 σήμερον
3400 5433 3725 5504 γεγέννηκά
3767 5454 3856 5490 es;
3890 5451 3902 5478 ι

2319 5527 2525 5582 Οὐκοῦν
2555 5527 2642 5579 ὅτε
2671 5526 2858 5594 γέγονε
2902 5524 3242 5584 πρωτότοκος
3278 5521 3305 5572 ὁ
3339 5522 3688 5596 Μονογενὴς,
3724 5528 3813 5580 καὶ
3859 5526 3902 5573 ἐν

2305 5707 2348 5736 ⁷⁹
2386 5703 2545 5757 Hebr.
2583 5717 2620 5767 ι,
2660 5701 2711 5754 6.
2792 5701 2835 5731 “°
2869 5700 2996 5755 ibid.
