4042 6486
217 437 331 491 1315

992 438 1082 491 AD
1123 438 1422 495 REGINAS
1464 440 1547 493 DE
1589 436 1816 494 RECTA
1855 434 2010 491 FIDE
2045 432 2307 494 ORATIO
2345 430 2645 489 ALTERA.

3292 431 3426 485 1516

214 556 393 619 πολλοῖς
421 554 690 626 ἀδελφοῖς,
718 555 835 608 τότε
864 556 955 608 καὶ
977 558 1385 629 είσκεκομίσθαι
1408 559 1571 628 φησὶν
1594 558 1757 612 αὑτὸν

1864 570 2043 612 rarum
2091 569 2307 627 quoque
2361 554 2549 610 orbem
2617 549 2957 605 introductus
3022 547 3223 605 dicitur
3278 549 3427 616 (nam

212 648 279 709 είς
306 647 389 717 τὴν
416 648 741 716 οἰκουμένην
764 662 776 675 ο
824 645 929 709 ἔξω
959 648 1065 719 γάρ
1094 645 1183 719 ἦν,
1218 650 1361 703 κατὰ
1400 649 1557 717 φύσιν
1594 649 1752 713 ίδίαν,

211 735 295 800 τῆς
323 736 561 797 κτίσεως,
611 733 688 795 ὡς
733 731 895 795 Θεός·
930 738 1050 787 τότε
1096 737 1188 789 καὶ
1218 735 1559 804 ήλαττῶσθαί
1593 753 1753 807 φησιν

210 826 348 879 αὑτὸν
389 824 543 895 παρά
589 824 717 886 τοὺς
765 824 1045 893 ἀγγέλους,
1092 827 1186 880 καί
1226 844 1307 880 τοι
1356 825 1754 897 διαφορώτερον

210 917 322 984 παρ’
351 914 543 975 αὐτοὺς
587 913 817 983 λαχόντα
851 916 911 968 τὸ
950 917 1139 985 ὄνομα.
1189 915 1262 968 Τὸ
1327 914 1427 984 μὲν
1473 916 1603 988 γὰρ,
1649 917 1752 987 ἄγ-

210 1007 360 1073 γελος,
406 1005 744 1074 λειτουργίας
790 1007 906 1059 ἐστὶ
957 1005 1307 1074 σημαντικὸν,
1348 1006 1442 1059 καὶ
1491 1009 1756 1063 οίκετικδν

208 1099 321 1166 ἡμῖν
348 1097 672 1166 ὑπεμφαίνει
710 1099 941 1168 μέτρον⁸
982 1115 1001 1149 ι
1052 1097 1495 1151 Ἀποστέλλονται
1524 1103 1634 1169 γὰρ
1678 1103 1756 1164 είς

207 1185 454 1239 διακονίαν
502 1186 587 1242 διά
645 1191 771 1251 τοὺς
825 1188 1115 1258 μέλλοντας
1164 1187 1522 1261 κληρονομεῖν
1582 1208 1756 1263 σωτη-

208 1275 333 1346 ρίαν.
371 1294 386 1327 t
432 1276 490 1332 '0
518 1279 573 1331 δέ
624 1296 687 1347 γε
726 1279 853 1339 Υίὸς
898 1277 997 1347 τὴν
1041 1279 1105 1331 ἐκ
1147 1278 1361 1350 Πατρὺς
1403 1279 1637 1354 ὕπαρξιν
1668 1282 1757 1335 οὑ-

208 1364 352 1435 σιὼδη
396 1384 455 1420 τε
495 1370 587 1423 καὶ
636 1368 867 1438 φυσικὴν
910 1370 1346 1442 κατασημήνειεν
1391 1370 1479 1436 ἂν,
1531 1372 1613 1425 ὅτι
1662 1371 1758 1424 καὶ

198 1456 397 1527 ἀληθῶς
442 1462 541 1529 τὴν
585 1459 838 1528 γέννησιν
874 1460 1187 1531 πεπρᾶχθαι
1236 1464 1583 1533 πιστεύομεν.
1633 1462 1757 1526 Πῶς

204 1548 490 1615 ἠλάττωται
521 1549 670 1619 παρά
698 1550 823 1613 τοὺς
851 1550 1115 1618 ἀγγέλους
1146 1554 1175 1605 6
1216 1555 1349 1623 παρ’
1380 1555 1559 1608 αὐτῶν
1590 1571 1757 1625 προσ-

204 1636 531 1705 κυνούμενος,
560 1639 587 1689 6
614 1637 868 1708 σύνεδρος
899 1638 977 1709 τῷ
1012 1640 1187 1711 Πατρί
1204 1657 1218 1705 ;
1261 1641 1400 1695 Ἀλλ’
1426 1644 1540 1696 ἐστι
1582 1646 1758 1715 σαφὴς

202 1725 232 1792 ή
262 1718 539 1793 πρόφασις.
575 1726 851 1780 Καθίκετο
889 1727 997 1798 γὰρ
1040 1729 1097 1781 ὲν
1130 1732 1243 1794 τοῖς
1272 1732 1370 1801 τῆς
1413 1731 1759 1802 ἀνθρωπότη-

200 1831 282 1877 τος
313 1816 546 1885 μέτροις,
584 1818 675 1871 καὶ
703 1817 764 1870 τὸ
793 1816 1160 1890 ἀποθνήσκειν
1204 1821 1446 1889 πεφυκὸς
1476 1822 1634 1892 σῶμα
1663 1823 1756 1881 λαο

1856 646 2153 704 secundum
2186 645 2459 714 propriam
2493 650 2742 697 naturam
2770 650 2922 694 extra
2949 654 3164 696 omnem
3205 647 3429 694 creatu-

1858 752 1973 791 ram
2010 735 2244 804 degebat
2292 745 2352 788 ut
2386 733 2550 803 Deus)
2580 750 2593 785 :
2632 740 2758 785 tunc
2798 740 2855 784 et
2888 731 3094 799 angelis
3141 730 3319 784 minor
3351 727 3431 781 fa-

1856 838 1976 882 ctus
2027 825 2314 887 asseritur,
2372 822 2536 879 etiam
2589 822 2634 878 si
2693 820 3064 891 praestantius,
3120 835 3279 889 quam
3331 818 3428 884 illi,

1857 928 2055 973 nomen
2115 914 2189 969 sit
2241 912 2465 968 sortitus
2505 911 2820 982 :siquidem
2875 924 2977 964 vox
3032 909 3169 972 haec,
3226 909 3428 976 angeli,

1859 1007 2135 1063 notionem
2172 1003 2459 1057 ministerii
2494 1018 2603 1071 prae
2638 1018 2697 1057 se
2752 1001 2857 1057 fert
2901 999 3263 1070 servilemque
3298 1014 3433 1053 con-

1858 1099 2121 1155 ditionem
2170 1097 2455 1150 insinuat:
2494 1111 2513 1145 ι
2548 1092 2837 1148 Mittuntur
2875 1097 3110 1161 namque
3168 1091 3221 1147 in
3270 1088 3431 1144 mini-

1860 1189 2086 1245 sterium
2118 1197 2338 1258 prOpter
2361 1201 2455 1242 eos
2480 1184 2571 1255 qui
2609 1184 2800 1239 salutis
2834 1184 3207 1239 hereditatem
3239 1194 3432 1234 conse-

1859 1281 2036 1338 cuturi
2082 1288 2210 1336 sunt
2229 1280 2294 1333 ⁸¹.
2332 1296 2352 1332 ι
2384 1279 2456 1333 At
2486 1291 2619 1332 vero
2657 1275 2800 1330 filius
2871 1289 2992 1329 eum
3043 1274 3286 1339 denotat,
3337 1271 3431 1344 qui

1861 1374 2236 1430 exsistentiam
2268 1368 2675 1425 substantialem
2706 1366 3121 1434 naturalemque
3164 1378 3230 1417 ex
3260 1361 3432 1415 fratre

1862 1463 2062 1529 habet;
2092 1461 2367 1516 credimus
2393 1470 2626 1528 namque
2657 1456 2805 1510 illum
2846 1469 2973 1509 vere
3004 1467 3067 1507 ac
3114 1451 3434 1529 naturaliter

1859 1570 1932 1609 ex-
1978 1528 2140 1608 Patre
2191 1550 2430 1620 genitum
2478 1562 2623 1603 esse.
2668 1545 2739 1599 At
2782 1544 3053 1615 quomodo
3109 1541 3156 1597 is
3208 1528 3434 1613 (inquis)

1861 1644 2065 1713 angelis
2101 1643 2278 1696 minor
2300 1641 2495 1703 evasit,
2528 1639 2622 1708 qui
2655 1638 2725 1692 ab
2761 1627 2866 1691 iliis
2906 1637 3184 1699 adoratur,
3218 1648 3433 1702 unaque

1857 1748 1984 1786 cum
2036 1731 2201 1785 Patre
2244 1729 2398 1798 regni
2443 1728 2638 1783 solium
2691 1724 3019 1781 obtinet‘Hn
3063 1734 3311 1793 promptu
3349 1732 3435 1779 est

1865 1821 2149 1890 responsio
2183 1838 2198 1877 :
2227 1835 2352 1875 nam
2381 1834 2607 1888 corpore
2641 1820 2783 1887 quod
2819 1818 2955 1874 mori
2989 1824 3192 1888 posset,
3221 1830 3435 1870 assum-

201 1904 321 1969 ϐὼν,
356 1907 482 1962 ῐόιόν
513 1925 571 1961 τε
599 1909 732 1964 αὐτὸ
777 1910 1162 1980 ποιησάμενος,
1198 1914 1257 1965 έν
1306 1912 1454 1983 αὐτῷ
1493 1913 1758 1968 πέπονθεν

1864 1923 1975 1985 pto,
2013 1913 2076 1967 ad
2109 1913 2360 1966 humanae
2390 1922 2597 1963 natura:
2627 1908 2965 1963 infirmitates
3000 1906 3238 1977 selpsum
3266 1906 3436 1960 demi-

200 1997 349 2058 ὲκὼν.
379 2001 473 2057 καὶ
512 2003 631 2064 ταῖς
679 2000 941 2056 ἀνωτάτω
974 2003 1151 2068 δόξαις
1182 2004 1541 2073 στεφανοῦται
1570 2004 1656 2059 διά
1697 2007 1758 2059 τὸ

199 2091 376 2158 πάθος,
405 2093 481 2156 ὡς
524 2093 591 2147 δι’
620 2093 785 2148 αὐτοῦ
833 2096 1188 2166 καταργήσας
1237 2096 1328 2149 τδν
1367 2097 1615 2163 θάνατον,
1664 2098 1760 2151 καὶ

197 2181 464 2252 ἄπρακτον
491 2185 776 2254 ἀποφήνας
805 2185 903 2257 τὴν
938 2185 1164 2258 φθορὰν,
1214 2187 1310 2241 ἅτε
1349 2188 1413 2259 δὴ
1455 2188 1548 2241 καὶ
1595 2189 1761 2259 ὑπάρ·

196 2290 298 2341 χων
325 2274 601 2343 ἀφθαρσία
642 2280 736 2328 καὶ
765 2277 898 2347 ζωή.
933 2277 1097 2331 Ὅταν
1123 2276 1215 2331 οὖν
1253 2279 1459 2349 Ἰησοῦν
1481 2279 1756 2350 ὀνομάζει,

195 2362 285 2414 καὶ
328 2364 665 2432 ὴλαττῶσθαι
713 2366 861 2432 λέγει
907 2367 1054 2437 παρά
1106 2370 1231 2431 τοὺς
1269 2368 1533 2435 ἀγγέλους
1578 2370 1757 2435 αὑτὸν,

193 2455 289 2504 οὑκ
310 2454 592 2525 ἄνθρωπον
619 2455 722 2510 άνά
750 2456 914 2527 μέρος
942 2457 1035 2509 καὶ
1067 2456 1269 2521 ίδικῶς,
1298 2456 1412 2509 ἀλλ’
1434 2458 1596 2510 αὑτὸν
1619 2457 1761 2511 νοοῦ-

195 2561 307 2614 μενο
331 2546 418 2599 τὸν
466 2548 745 2616 Μονογενῆ
798 2547 1227 2620 παραχωροῦντα
1261 2548 1356 2601 τοῦ
1391 2548 1650 2619 προῦχειν
1691 2552 1761 2601 oi-

190 2635 492 2703 κονομικῶς
519 2639 631 2698 τοῖς
661 2638 839 2704 ἁγίοις
880 2639 1131 2706 ἀγγέλοις
1157 2654 1169 2669 ⁸
1221 2640 1300 2692 ὅτι
1347 2640 1575 2710 ἀληθείᾳ
1612 2640 1763 2708 γέγο-

188 2739 276 2776 νεν
301 2724 582 2794 ἄνθρωπος
604 2726 632 2779 ό
655 2727 750 2796 τῆς
781 2729 1001 2783 ἐκείνων
1026 2730 1297 2799 ὑπεροχῆς
1324 2731 1651 2800 ἡττώμενος.
1680 2731 1762 2784 Τά

186 2809 243 2861 δὲ
277 2811 374 2879 τῆς
404 2812 679 2881 ὑπεροχῆς
718 2817 828 2876 τοῖς
872 2816 1046 2882 ἁγίοις
1080 2818 1352 2885 ἀγγέλοις,
1399 2820 1480 2872 ὅτι
1523 2820 1616 2872 καὶ
1657 2819 1760 2884 ἔξω

187 2900 412 2969 σαρκὸς;
454 2904 547 2955 καὶ
590 2903 677 2955 τοῦ
723 2904 971 2959 τεθνάναι
1002 2910 1280 2977 κρείττους
1314 2911 1441 2962 είσί·
1477 2911 1760 2977 γεγονότος

185 2991 243 3040 ἐν
265 2990 472 3055 τούτοις
499 2992 592 3044 τοῦ
624 2992 753 3045 Υἱοῦ
782 2995 871 3047 διά
904 2997 1002 3063 τὴν
1033 2998 1281 3051 ἑκούσιον
1314 3001 1562 3052 κένωσιν.
1621 2998 1758 3051 Ἀλλ’

183 3080 209 3129 6
251 3078 423 3149 βραχὺ
458 3084 588 3151 παρ’
633 3084 898 3150 ἀγγέλους
939 3086 1319 3157 ήλαττωμένος
1348 3090 1436 3143 διά
1483 3107 1544 3155 γε
1573 3090 1631 3143 τὸ
1662 3091 1759 3160 τῆς

180 3170 600 3242 ἁνθρωπότητος
656 3175 887 3245 μέτρον,
941 3177 998 3229 ὲν
1047 3178 1285 3250 ὑπεροχῇ
1345 3181 1595 3251 θεότητος
1640 3182 1757 3246 ὣν,
1788 3228 1830 3284 C

180 3268 569 3331 προσκυνεῖται
600 3266 728 3335 παρ’
756 3267 956 3331 αὐτῶν,
990 3269 1081 3321 καὶ
1118 3270 1386 3341 ἐνίδρυται
1426 3271 1641 3337 θώκοις,
1670 3272 1762 3337 οὒς

179 3360 530 3425 περιιστᾶσιν
582 3358 776 3411 ἐκεῖνοι
807 3358 1209 3426 δοξολογοῦντες
1238 3363 1345 3426 ἀεὶ,
1376 3363 1595 3417 καὶτῶν
1613 3364 1767 3418 δυνάφ

180 3464 333 3517 μεων
370 3449 533 3500 αὐτὸν
561 3449 915 3517 ὀνομάζοντες
952 3450 1175 3520 Κύριον.

1862 2005 1952 2067 sit,
2007 2004 2061 2057 in
2110 2016 2284 2071 eoque
2327 2000 2491 2055 veluti
2546 2001 2768 2070 proprio
2811 2007 3164 2068 spontaneam
3204 2006 3431 2054 mortem

1862 2092 2141 2149 sustinuit.
2192 2090 2273 2145 Ob
2322 2106 2443 2145 eam
2486 2104 2651 2159 porro
2704 2098 2933 2144 mortem
2983 2098 3037 2144 et
3089 2090 3432 2156 passionem,

1861 2200 2087 2240 summa:
2149 2183 2334 2253 gloria:
2382 2196 2636 2235 coronam
2699 2181 3035 2250 promeruit;
3097 2180 3296 2250 quippe
3342 2180 3434 2247 qui

1864 2280 1995 2347 ipse,
2038 2286 2223 2346 utpote
2252 2273 2357 2327 vita
2404 2283 2459 2326 et
2510 2274 2843 2342 incorruptio
2875 2274 3165 2339 exsistens,
3197 2283 3252 2328 et
3288 2286 3436 2325 mor-

1865 2378 2088 2437 temper
2120 2367 2263 2421 illam
2296 2363 2617 2429 aboleverit,
2654 2372 2708 2416 et
2739 2363 3140 2434 corruptionem
3168 2362 3433 2416 nullarUm

1862 2462 2059 2515 virium
2112 2473 2237 2513 esse
2279 2456 2662 2511 declaraverit.
2699 2454 2833 2509 Cum
2865 2453 3047 2508 Jesum
3095 2468 3223 2523 ergo
3263 2454 3439 2507 uomi-

1864 2563 1975 2618 nat,
2011 2559 2067 2607 et
2103 2550 2309 2619 angelis
2351 2549 2614 2602 minorem
2655 2548 2934 2615 praedicat,
2970 2562 3075 2601 non
3107 2548 3307 2600 nudum
3342 2562 3438 2599 nos

1864 2644 2161 2706 hominem,
2206 2654 2563 2708 seorsumque
2613 2654 2679 2692 ac
2720 2654 2815 2707 per
2869 2653 2927 2694 se
2966 2640 3204 2708 positum
3258 2651 3439 2692 mente

1865 2734 2237 2801 concipimus;
2268 2731 2361 2785 sed
2396 2730 2691 2797 ipsummet
2730 2729 3073 2797 Unigenitum
3101 2737 3321 2798 propter
3355 2729 3437 2780 in-

1865 2823 2205 2878 carnationis
2248 2820 2495 2875 ordinem
2538 2822 2777 2889 potiores
2824 2829 3008 2889 partes
3046 2819 3253 2892 angelis
3287 2820 3436 2873 del'e-

1864 2923 2091 2967 rentem.
2128 2910 2260 2964 Nam
2299 2911 2391 2979 qui
2434 2909 2767 2964 excellentiae
2814 2909 3025 2963 illorum
3068 2910 3260 2963 cedere
3301 2924 3437 2978 pra:-

1864 3002 2104 3067 dicatur,
2135 3004 2181 3056 is
2210 3016 2334 3056 vere
2360 3001 2519 3054 homo
2550 2999 2721 3053 factus
2750 3000 3102 3071 dignoscitur.
3131 2999 3221 3052 lila
3253 3008 3432 3054 autem

1865 3097 2177 3144 sanctorum
2221 3089 2534 3157 angelorum
2569 3090 2857 3143 eminentia
2902 3090 2953 3142 in
2995 3089 3096 3144 hoc
3130 3089 3299 3160 posita
3332 3106 3436 3153 est.

1864 3192 1920 3236 et
1948 3183 2092 3251 quod
2122 3198 2149 3234 a
2184 3195 2348 3235 carne
2375 3191 2501 3234 sunt
2527 3181 2817 3244 immunes,
2842 3189 2895 3234 ct
2918 3180 3059 3250 quod
3094 3193 3266 3235 morte
3294 3184 3439 3235 exsi-

1868 3282 2017 3327 stunt
2050 3273 2363 3341 superiores
2395 3292 2405 3327 :
2439 3273 2681 3340 utrisque
2714 3280 2893 3325 autem
2937 3280 3159 3341 propter
3190 3273 3439 3327 volunta«

1868 3365 2003 3417 riam
2056 3364 2480 3418 exinanitionem
2541 3362 2817 3428 subjectus
2866 3361 2965 3417 fttit
3004 3363 3194 3418 Filius.
3241 3364 3440 3420 Verum

1867 3452 2146 3507 enimvero
2180 3453 2269 3520 qui
2303 3462 2522 3521 prepter
2549 3452 2798 3505 htnnanm
2834 3461 3042 3507 naturae
3072 3455 3439 3513 conditionem

175 3538 460 3607 paululum
496 3540 562 3591 ab
594 3539 752 3609 ι,δά
780 3541 986 3610 angelis
1021 3542 1321 3599 tninoratus
1366 3544 1586 3609 dicitur,
1619 3544 1664 3599 is
1706 3544 1758 3597 in
1799 3543 2017 3598 deitatis
2081 3542 2404 3597 excellentia
2472 3542 2740 3596 exsistens
2770 3544 2837 3595 ab
2868 3542 2971 3594 illis
3001 3545 3275 3609 adoratur,
3303 3560 3445 3599 con-

174 3630 433 3698 sidetqne
478 3632 528 3683 in
568 3633 633 3686 iis
680 3635 979 3702 majestatis
1054 3636 1285 3698 tltronis,
1355 3649 1491 3703 quos
1544 3635 1617 3688 illi
1691 3635 2048 3703 undequaque
2083 3635 2327 3703 cingunt,
2373 3632 2646 3686 indefesso
2684 3632 2902 3688 laudum
2974 3634 3246 3701 praeconio
3293 3635 3439 3691 illum

170 3722 526 3782 extollentes.
582 3738 647 3777 ac
692 3725 951 3780 virtutum
999 3727 1285 3781 Dominum
1331 3728 1663 3796 appellantes
1689 3725 1738 3757 ⁸⁸

249 3812 331 3867 Θ’.
379 3830 395 3863 t
432 3814 607 3871 ΔἘπεὶ
642 3810 735 3868 οὖν
768 3815 837 3868 τά
882 3818 1067 3871 παιδία
1094 3817 1493 3887 κεκοινώνηκεν
1533 3819 1763 3887 αἵματος

169 3910 270 3962 καὶ
324 3909 558 3979 σαρκὸς,
605 3911 700 3962 καὶ
741 3910 904 3974 αὐτὸς
938 3910 1333 3981 παραπλησίως
1383 3912 1608 3980 μετέσχε
1653 3911 1761 3962 τῶν

166 4000 385 4065 αὐτῶν,
425 4000 508 4052 ἵνα
532 4000 622 4053 διά
648 4000 743 4054 τοῦ
793 4001 1024 4055 θανάτου
1053 4004 1376 4072 καταργήσῃ
1406 4002 1496 4053 τὸν
1528 4002 1589 4055 τὸ
1632 4004 1761 4071 κρά-

162 4108 267 4153 τος
306 4092 502 4161 έχοντα
534 4092 625 4144 τοῦ
669 4092 924 4157 θανάτου,
958 4096 1202 4148 τουτέστι
1232 4095 1323 4148 τὸν
1360 4095 1636 4149 διάϐολονο
1667 4096 1762 4148 καὶ

161 4182 472 4254 ἀπαλλάξῃ
495 4181 739 4246 τούτους,
760 4184 874 4237 ὅσοι
899 4184 1047 4255 φόϐῳ
1067 4185 1299 4241 θανάτου
1326 4186 1424 4256 μὲν
1450 4187 1651 4249 παντὸς
1668 4186 1760 4239 τοῦ

161 4274 276 4342 ζῇν
295 4272 475 4341 ἔνοχοι
496 4268 635 4343 ἦσαν
652 4274 914 4337 δουλείας.
931 4294 948 4326 ο
968 4277 1046 4327 Τά
1069 4276 1258 4328 παιδία
1274 4277 1438 4344 φησὶν
1462 4277 1517 4327 ἐν
1530 4276 1758 4337 τούτοις,

158 4364 327 4431 ἡμᾶς
360 4361 604 4431 δηλονότι
652 4363 777 4425 τοὺς
807 4363 965 4426 ὄντας
995 4365 1087 4419 ἐπὶ
1127 4366 1223 4435 τῆς
1256 4366 1375 4433 γῆς,
1424 4365 1566 4419 κατά
1597 4382 1659 4433 γε
1701 4365 1762 4417 τὸ

1948 3817 2036 3871 IX.
2087 3837 2105 3868 ι
2139 3817 2273 3883 Quia
2321 3831 2450 3886 ergo
2501 3817 2653 3886 pueri
2708 3819 3245 3873 communicaverunt
3289 3823 3439 3875 carni

1869 3917 1923 3962 et
1966 3909 2235 3977 sanguini,
2274 3916 2328 3962 et
2372 3909 2487 3977 ipse
2516 3909 2768 3962 similiter
2807 3909 3153 3979 participavit
3203 3910 3436 3971 iisdem:

1870 4010 1927 4054 ttt
1957 4015 2053 4068 per
2088 4011 2319 4053 mortem
2352 4003 2655 4055 destrueret
2680 4016 2825 4064 eum,
2858 4003 2947 4069 qui
2983 4003 3209 4057 habebat
3250 4005 3441 4058 mortis

1870 4092 2175 4161 imperium,
2220 4092 2320 4145 ltuc
2351 4102 2433 4145 est
2477 4091 2789 4157 diabolum;
2820 4104 2874 4146 et
2906 4093 3160 4148 liberaret
3198 4110 3310 4161 eos,
3351 4097 3443 4164 qui

1871 4183 2065 4234 timore
2102 4186 2288 4234 mortis
2323 4196 2421 4253 per
2452 4191 2619 4233 totam
2651 4183 2815 4234 vitam
2838 4184 3057 4238 obnoxii
3090 4195 3243 4237 erant
3273 4188 3442 4239 δεμ-ἱ-

1874 4271 1991 4323 tuti.
2016 4270 2060 4299 ⁸⁸
2096 4288 2113 4319 ι
2156 4268 2359 4322 Pueros
2388 4270 2490 4323 hoc
2518 4269 2635 4324 loco
2660 4286 2758 4324 nos
2790 4272 3044 4341 appellat,
3078 4276 3165 4343 qui
3200 4275 3252 4328 in
3285 4277 3448 4330 terris

1871 4363 2035 4414 vitam
2079 4361 2346 4430 (legimus,
2375 4360 2532 4427 juxta
2578 4363 2705 4416 illud
2757 4362 3061 4419 Psalmista:
3108 4370 3159 4418 itt
3211 4382 3446 4434 persona

156 4453 225 4503 ἐν
284 4449 542 4520 Ψαλμοῖς
602 4451 938 4521 ὑμνούμενον
994 4452 1069 4515 ὡς
1113 4454 1177 4505 ὲκ
1240 4453 1534 4522 προσώπου
1589 4454 1762 4507 Θεοῦ·

1874 4450 1962 4503 Dei
1993 4445 2336 4507 decantatum
2375 4469 2387 4502 :
2425 4468 2444 4501 ι
2475 4453 2605 4519 Ego,
2656 4454 2850 4521 ittquit,
2893 4454 3003 4507 dixi
3034 4472 3046 4507 :
3089 4454 3169 4509 Dii
3199 4458 3357 4521 estis,
3390 4468 3448 4515 et

161 4561 181 4593 ι
242 4541 398 4609 Ἐγὼ
430 4536 593 4594 εἶπα*
649 4542 773 4596 Θεοί
829 4544 990 4601 ἐστε,
1046 4544 1139 4595 καὶ
1182 4544 1287 4595 υἱοὶ
1324 4544 1579 4611 Ὑψίστου
1627 4545 1760 4597 πᾶν,

150 4651 278 4695 τες.
326 4653 347 4685 ›
390 4634 556 4689 Ὅσον
586 4633 694 4703 γάρ
752 4629 885 4705 ἧκεν
916 4636 995 4697 εἰς
1041 4634 1103 4687 τὸ
1130 4632 1208 4704 τῷ
1260 4635 1380 4703 Θεῷ
1409 4621 1619 4700 δοκοῦν,
1664 4637 1758 4688 καὶ

150 4730 242 4789 εἰς
276 4726 384 4796 τὴν
416 4726 640 4778 ἐνοῦσαν
660 4727 976 4796 ἡμερότητα
1006 4726 1147 4779 κατὰ
1177 4726 1337 4794 φύσιν
1369 4727 1534 4795 αὐτῷ,
1558 4727 1757 4788 πάντες

148 4819 224 4871 ἂν
264 4813 422 4887 ἦμεν
451 4818 634 4881 τέκνα,
670 4819 764 4871 καὶ
812 4817 1120 4870 ἀπώλισθεν
1178 4819 1244 4871 ἂν
1275 4820 1447 4879 οὐδεὶς
1476 4820 1573 4888 τῆς
1624 4819 1755 4888 πρὸς

148 4908 339 4959 αὑτὸν
373 4908 721 4976 οἰκειότητος.
756 4908 895 4960 Ἀλλ’
992 4926 1155 4978 φησιν
1184 4912 1211 4962 6
1241 4910 1423 4972 Δαυῒδ,
1452 4909 1527 4972 ὠς
1557 4908 1760 4979 ἄνθρω-

148 5016 254 5051 ποι
291 4996 741 5066 ἀποθνήσκομεν,
775 5001 866 5050 καὶ
894 4999 967 5060 ὡς
999 4994 1079 5062 εἷς
1123 4999 1230 5051 τῶν
1260 4999 1536 5068 ἀρχόντων
1566 5000 1760 5051 πίπτο-

150 5109 291 5161 μεν,
319 5094 439 5152 τοῖς
468 5089 564 5159 τῆς
593 5089 789 5159 σαρκὸς
821 5090 1019 5142 πάθεσι
1049 5090 1140 5143 τὸν
1170 5093 1367 5142 οίκείον
1399 5090 1763 5157 ὑποφέροντες

138 5187 315 5239 νοῦν.
376 5184 510 5246 Πῶς
565 5180 657 5236 οὖν
707 5183 815 5253 ἄρα
859 5184 1337 5251 κεκοινωνήκαμεν
1382 5182 1613 5251 αἵματος
1669 5182 1762 5235 καὶ

148 5280 412 5351 σαρκός;
433 5278 592 5347 Ψυχὴ
624 5278 732 5347 γὰρ
764 5278 794 5345 ή
824 5276 1137 5346 ἀνθρωπίνη
1162 5276 1321 5344 φύσιν
1342 5275 1533 5344 ἑτέραν
1565 5274 1760 5343 ἔχουσα

1868 4543 1960 4595 iilii
1997 4543 2205 4595 Excelsi
2238 4557 2427 4595 omnes
2448 4542 2515 4595 ".
2549 4561 2567 4593 ι
2623 4542 2755 4596 Nam
2798 4546 2941 4612 quod
2995 4546 3190 4599 attinet
3236 4549 3302 4601 ad
3348 4548 3441 4601 Dei

1865 4638 2239 4698 voluntatem,
2310 4639 2891 4704 mansuetudinemque
2957 4640 3279 4695 naturaliter
3339 4643 3442 4710 ipsi

1864 4728 2106 4789 insitam,
2142 4728 2208 4779 ad
2234 4742 2395 4780 unum
2434 4742 2624 4783 omnes
2661 4744 2908 4784 essemus
2939 4729 3054 4794 filii,
3097 4746 3271 4803 neque
3295 4736 3444 4801 quis-

1868 4834 2027 4886 quam
2076 4818 2316 4870 omnium
2361 4818 2427 4871 ab
2482 4820 2628 4875 illius
2685 4821 3055 4877 familiaritate
3101 4835 3156 4877 et
3202 4826 3443 4879 amicitia

1867 4910 2075 4963 alienus
2113 4909 2250 4963 foret
2286 4928 2300 4962 :
2338 4926 2527 4965 verum
2572 4914 2716 4981 quod
2772 4924 3007 4967 mentem
3053 4917 3441 4984 cupiditatibus

1868 5012 1921 5054 et
1950 5001 2193 5069 corporis
2219 5002 2721 5067 perturbationibus
2753 5004 2895 5058 ultro
2922 5004 3325 5073 submittamus,
3357 5009 3433 5067 iit.

1866 5101 2158 5146 attestante
2197 5093 2417 5154 Davide,
2458 5102 2515 5144 ut
2548 5091 2713 5146 veluti
2757 5093 3003 5147 homines
3036 5096 3355 5162 moriamur,
3388 5107 3441 5151 et

1865 5184 2005 5236 sicut
2059 5200 2197 5237 unus
2251 5187 2315 5239 de
2360 5183 2699 5253 principibus
2744 5186 3001 5240 cadamus
3027 5186 3093 5240 ⁸⁵.
3148 5186 3253 5241 Sed
3306 5203 3439 5256 quo-

1867 5273 2024 5325 modo
2058 5273 2207 5325 carni
2258 5285 2311 5326 et
2354 5272 2599 5340 sanguini
2635 5273 3198 5327 contmunicavimus?
3242 5275 3441 5326 Anima

1866 5366 2096 5417 humana
2146 5366 2411 5417 diversam
2462 5383 2486 5414 ει
2536 5380 2698 5418 carne
2741 5368 2928 5419 sertita
2979 5378 3247 5431 naturam,
3286 5369 3435 5420 carni

1867 5457 2041 5512 unita.
2076 5471 2260 5520 unum,
2304 5465 2358 5509 et
2397 5457 2522 5515 illud
2554 5456 2772 5523 quidem
2808 5474 2900 5526 per
2922 5460 2999 5511 sui
3036 5458 3437 5528 adjunctiouem

1866 5548 2073 5599 ratione
2123 5551 2403 5615 praeditum
2461 5551 2661 5602 animal
2708 5550 2949 5603 absolvit.
3007 5552 3105 5603 huc
3152 5561 3233 5604 est
3272 5552 3437 5603 homi-

1864 5654 2006 5691 nem.
2056 5640 2134 5691 Ad
2181 5654 2301 5692 eum
2341 5642 2519 5707 itaque
2560 5644 2772 5695 modum
2831 5654 2879 5695 et
2914 5642 3002 5697 Dei
3040 5642 3266 5697 Verbum
3302 5657 3435 5710 quo-

126 5369 322 5438 παρὰ
369 5368 468 5436 τὴν
515 5368 711 5435 σάρκα,
744 5369 807 5435 τῇ
842 5367 975 5435 πρὸς
1012 5366 1178 5433 αὐτὴν
1210 5366 1357 5415 θέσει
1389 5364 1509 5416 καθ’
1542 5365 1753 5427 ἕνωσιν,

129 5462 210 5512 ’ιὸ
266 5462 333 5511 ἓν
380 5476 437 5511 τε
492 5462 583 5511 καὶ
626 5459 839 5525 λογικὸν
878 5458 1167 5510 ἀπετέλεσε
1209 5456 1364 5519 ζῶον,
1396 5460 1637 5509 τουτέστι
1667 5456 1757 5507 τὸν

128 5553 485 5618 ἄνθρωπον.
527 5549 682 5604 Οῦτω
714 5549 1001 5617 τοιγαροῦν
1042 5540 1132 5600 καὶ
1190 5552 1216 5599 6
1246 5547 1337 5599 τοῦ
1382 5548 1519 5599 Θεοῦ
1562 5548 1750 5613 Λόγος,

122 5642 547 5710 ἐιλινξυχωμένῃ
582 5642 762 5710 σαρκὶ,
796 5641 886 5690 καὶ
918 5640 1016 5691 οὐκ
1048 5638 1237 5707 ἀψύχῳ
1270 5636 1410 5690 κατά
1439 5654 1607 5701 τινας,
1639 5638 1754 5689 ἐαυ-

218 5797 273 5827 ⁸¹
322 5797 484 5847 iiclu‘.
527 5812 561 5850 I.
586 5795 673 5846 ‘22.
754 5798 796 5825 ³η
829 5796 926 5849 lsa.
964 5811 1034 5853 γι,
1070 5796 1121 5847 3.
1200 5792 1438 5845 “Hebr.
1473 5792 1759 5858 tt,l-l,15,
1838 5792 1880 5822 ⁸³
1914 5792 2056 5847 Psnl.
2093 5810 2277 5856 um,
2321 5795 2369 5846 t5.
2451 5797 2492 5825 ⁸⁵
2524 5796 2651 5849 ῐιιῑίί.
2693 5799 2739 5848 7.
