4042 6486
580 396 713 448 ΙΣΗῚ
1556 391 1612 446 S.
1654 389 1927 446 CYRILLI
1969 387 2434 444 ALEXANDRINI
2477 388 2788 445 ARCHIEP.
3696 394 3828 446 1348

575 527 680 579 que
736 524 841 564 non
887 506 1154 574 inanime,
1206 517 1266 562 ut
1317 508 1530 577 quidam
1577 507 1780 574 opinati
1833 520 1992 569 sunt,
2039 508 2133 561 sed

2262 507 2328 560 ’ὸν
2359 508 2683 580 ἀπορρήτως
2721 507 2943 570 ἐνώσας,
2981 508 3240 578 μετέσχεν
3280 508 3516 578 αἵματος
3563 507 3668 560 καὶ
3700 524 3828 576 σαρ-

575 603 823 655 ςιηὶηιειεε
854 599 1028 660 carni,
1061 598 1221 654 modo
1255 614 1413 667 quem
1455 600 1685 650 humana
1717 613 1870 651 meus
1911 615 2014 652 non
2048 613 2134 652 ca-

2262 599 2330 662 εὺς
2378 602 2770 672 παραπλησίως
2808 603 2961 669 ἡμῖν,
3001 601 3088 653 διὰ
3130 604 3433 670 γεννήσεως
3474 600 3533 652 δὲ
3585 600 3831 668 δηλονότι

577 692 674 758 pit,
701 689 939 756 seipsum
973 689 1186 753 uniens,
1231 700 1519 754 ortumque
1547 701 1610 739 ex
1648 685 1875 741 muliere
1909 688 2131 750 ducens,

2262 688 2334 756 ἧς
2365 691 2429 742 ἐκ
2478 691 2754 758 γυναικός.
2801 684 2895 752 Εἷς
2924 686 3017 742 οὖν
3047 689 3154 759 ἄρα
3184 691 3391 762 Κύριος
3432 688 3657 758 Ἰησοῦς
3698 690 3830 758 Χρι-

573 779 720 833 carui
762 787 817 833 et
858 779 1105 850 sanguini
1137 780 1355 850 perinde
1404 793 1466 830 ac
1501 793 1640 832 unus
1689 793 1756 832 ex
1800 779 1952 833 nobis
1989 794 2134 832 com-

2262 773 2383 836 πτὸς.
2415 776 2490 839 ὡς
2536 775 2834 837 ἐνώσαντος
2866 776 2960 844 μὲν
2991 776 3170 845 ἐαυτῷ
3223 778 3321 830 τοῦ
3367 777 3511 831 Θεοῦ
3562 775 3750 843 Λόγου
3780 779 3835 828 ab

577 870 890 925 municavit.
929 873 1105 940 Atque
1151 870 1223 923 ita
1276 883 1415 920 unus
1456 868 1719 922 duntaxat
1765 880 1849 923 est
1881 869 2136 922 Dominus

2262 862 2594 933 ινθρώπινον,
2646 864 3012 935 μεμενηκότος
3040 864 3096 917 δὲ
3126 867 3220 917 καὶ
3263 867 3439 931 οὕτως
3469 868 3621 936 ὅπερ
3653 862 3746 934 ἦν.
3779 867 3835 918 Ei

571 958 730 1014 Jesus
778 960 1046 1015 Christus.
1098 959 1230 1012 Nam
1281 959 1382 1012 etsi
1431 957 1523 1012 Dei
1570 957 1804 1013 Verbum
1848 960 2133 1014 humanam

2262 951 2292 1003 ὲ
2320 954 2483 1017 αὐτὸς
2511 957 2825 1025 κατήργηκε
2853 953 2947 1006 τοῦ
2979 954 3212 1007 Θανάτου
3241 957 3304 1008 τὸ
3343 959 3578 1028 κράτος,
3616 958 3700 1021 ὡς
3732 956 3838 1025 ζωὴ

575 1058 821 1104 naturam
848 1050 949 1104 sibi
981 1048 1258 1110 asciverit,
1295 1050 1463 1102 nihilo
1498 1058 1678 1104 tamen
1717 1052 1894 1105 secius
1925 1051 1974 1104 id
1996 1049 2136 1118 quod

2262 1041 2336 1092 ta‘t
2373 1041 2526 1106 Θεὸς,
2560 1045 2690 1097 ἴδιον
2730 1040 2893 1097 αὐτοῦ
2937 1043 3174 1094 νοεῖσθαι
3205 1043 3407 1112 πρέπει
3451 1046 3519 1097 τὸ
3566 1043 3843 1104 πεπονθές

575 1151 696 1195 erat
722 1138 1042 1209 permansit.
1071 1139 1223 1205 Quod
1248 1138 1295 1192 si
1327 1140 1517 1196 mortis
1550 1141 1833 1209 imperium
1861 1152 1917 1193 ut
1953 1140 2056 1192 vita
2086 1149 2141 1193 et

579 1231 717 1285 Deus
748 1230 1005 1293 abolevit,
1041 1228 1409 1284 necessarium
1438 1240 1542 1294 est,
1575 1239 1634 1284 ut
1666 1231 1717 1285 id
1738 1229 1876 1298 quod
1913 1237 2138 1281 mortem

577 1323 816 1394 pertulit,
860 1322 1032 1392 ipsius
1058 1321 1338 1391 proprium
1395 1322 1665 1375 exstiterit
1696 1339 1709 1374 :
1741 1334 1848 1389 quo
1886 1319 2138 1373 nimirum

580 1412 717 1464 idem
746 1411 862 1480 ipse
889 1428 956 1465 ex
986 1413 1220 1465 mortuis
1257 1412 1326 1465 ad
1370 1413 1536 1465 vitam
1570 1411 1804 1473 rediens,
1837 1410 2142 1477 corruptio-

578 1515 699 1554 nem
741 1515 770 1554 e
800 1501 980 1554 medio
1026 1500 1334 1563 sustulisse,
1382 1499 1904 1569 iucorruptionisque
1942 1499 2145 1554 benefi-

577 1591 717 1645 ciqu
777 1592 831 1645 in
887 1602 1056 1646 totum
1105 1607 1275 1661 genus
1331 1599 1576 1646 nostrum
1618 1589 1985 1645 transmisisse
2040 1589 2144 1644 dici

2239 1131 2330 1184 τὸν
2375 1131 2622 1186 θάνατον·
2654 1134 2742 1186 ἵνα
2780 1133 2855 1196 ὡς
2892 1131 3056 1195 αὐτὸς
3098 1131 3336 1195 ἀναστὰς
3366 1135 3737 1204 καταργῆσαι
3767 1133 3846 1183 λέ-

2239 1237 2389 1290 γοιτο
2424 1224 2524 1294 τὴν
2565 1225 2792 1298 φθορὰν,
2822 1223 2919 1278 καὶ
2955 1223 3037 1286 είς
3076 1223 3221 1276 ἅπαν
3261 1222 3423 1292 ἡμῶν
3461 1226 3849 1294 παραπέμψαι

2240 1311 2302 1365 τὸ
2321 1312 2478 1380 γένος
2498 1315 2596 1385 τῆς
2617 1314 2924 1386 ἀφθαρσίας
2952 1313 3050 1383 τὴν
3078 1313 3520 1385 χάριν.‹Ὢσπερ
3545 1315 3668 1384 γὰρ
3699 1317 3759 1366 ἐν
3781 1315 3852 1381 τῷ

2255 1399 2428 1471 Ἀδὰμ
2450 1401 2649 1466 πάντες
2677 1401 3115 1471 ἀποθνήσκομεν,
3135 1400 3280 1454 οὕτω
3305 1401 3400 1454 καὶ
3422 1402 3483 1454 ἐν
3514 1401 3602 1471 τῷ
3624 1403 3854 1472 Χριστῷ

2245 1495 2447 1558 πάντες
2477 1494 3074 1568 ζωοποιη[θη]σόμεθα.
3127 1495 3278 1549 »Καὶ
3318 1495 3524 1550 πάλινο
3565 1515 3586 1548 ι
3639 1497 3855 1564 Ὠσπερ

2245 1582 2354 1655 γὰρ
2392 1584 2460 1637 δι’
2498 1587 2786 1659 ἀνθρώπου
2827 1587 3076 1652 θάνατος,
3114 1588 3256 1642 οὕτω
3302 1589 3396 1642 καὶ
3437 1590 3510 1642 δι’
3551 1589 3854 1660 ἀνθρώπων

577 1692 765 1750 queat.
805 1706 821 1733 ι
857 1682 1028 1736 Sicuti
1070 1682 1213 1736 enim
1254 1682 1308 1735 in
1339 1680 1509 1734 Adam
1537 1694 1727 1735 omnes
1763 1680 2044 1748 morimur,
2072 1683 2144 1735 ita

2262 1675 2548 1742 hvdﬂact;
2598 1677 2827 1749 νεκρῶν.
2868 1694 2886 1727 ι
2933 1677 3153 1745 Ἐπειδὴ
3180 1677 3238 1730 δέ
3267 1677 3383 1730 ἐστι
3414 1679 3530 1732 τῶν
3577 1679 3693 1748 τῆς
3735 1678 3855 1732 καθ’

577 1785 766 1825 omnes
817 1770 871 1824 in
919 1770 1137 1824 Christo
1186 1768 1583 1824 viviﬁcabimur
1603 1768 1671 1823 “.
1705 1787 1724 1821 ι
1785 1768 1852 1822 Et
1901 1772 2143 1824 iterum:

2262 1767 2395 1837 ἡμᾶς
2422 1769 2718 1839 νοουμένης
2745 1766 3168 1838 ἀνθρωπότητος
3207 1767 3469 1820 ἐπέκεινα
3515 1770 3756 1839 μέτρων
3801 1771 3856 1821 τὸ

585 1877 603 1911 ι
633 1858 768 1914 Nam
821 1867 882 1914 ut
933 1874 1030 1929 per
1080 1859 1357 1914 hominem
1405 1873 1574 1923 mors,
1617 1858 1689 1912 ita
1739 1872 1834 1926 per
1878 1858 2146 1912 hominem

2262 1857 2497 1927 πατῆσαι
2531 1858 2778 1925 θάνατον,
2804 1857 2993 1911 ἐνώσει
3025 1858 3227 1928 φαμὲν,
3262 1859 3430 1929 ἤγουν
3460 1864 3765 1932 κοινωνίᾳ,
3796 1865 3854 1932 τῇ

581 1967 794 2005 rursum
849 1960 933 2006 est
996 1951 1320 2005 resurrectio
1386 1958 1721 2005 mortuorum
1759 1949 1828 2003 ⁸⁷.
1874 1967 1894 2001 ι
1955 1949 2148 2004 Verum

2262 1946 2398 2019 πρὸς
2438 1950 2618 2018 σάρκα
2645 1967 2705 2002 τε
2745 1949 2838 2002 καὶ
2877 1944 3016 2019 αἷμα
3046 1948 3139 2002 τὸν
3180 1949 3276 2003 τοῦ
3314 1948 3450 2003 Θεοῦ
3482 1951 3677 2019 Λόγον
3709 1955 3857 2020 γενέ-

578 2039 721 2107 quod
773 2049 1000 2095 mortem
1048 2049 1344 2108 proterere,
1390 2054 1478 2094 res
1527 2049 1610 2092 est
1649 2039 1902 2092 humana:
1946 2047 2152 2092 natura:

2262 2039 2380 2092 σθαι
2422 2039 2545 2093 καθ’
2584 2042 2733 2110 ἡμᾶς
2760 2040 3079 2110 ἄνθρωπον⁹
3127 2040 3628 2112 ἀπομεμενηκέναι
3674 2043 3738 2095 δὲ
3769 2045 3860 2096 καὶ

583 2129 889 2184 facultatem
934 2129 1228 2194 excedens,
1262 2128 1418 2200 135
1445 2137 1731 2198 propterea
1775 2127 1868 2182 Dei
1914 2126 2148 2183 Verbum

2262 2130 2398 2183 οὕτω
2426 2129 2658 2185 θανάτου
2688 2133 2992 2204 κρείττονα⁶
3028 2131 3161 2196 Θεὸς
3188 2134 3296 2205 γὰρ
3323 2129 3390 2204 ἦν
3421 2135 3480 2186 ἐν
3513 2134 3718 2202 σαρκί.

583 2224 800 2289 unione,
838 2223 940 2279 hoc
970 2235 1075 2287 e5t,
1141 2239 1263 2278 cum
1330 2238 1496 2278 carne
1531 2230 1587 2278 et
1653 2222 1921 2292 sanguine
1983 2224 2496 2291 communicatione,
2547 2227 2710 2282 homo
2764 2226 2919 2282 nobis
2961 2225 3157 2280 similis
3201 2211 3456 2282 eﬂec’tum
3505 2236 3639 2280 est:
3676 2226 3760 2280 ita
3809 2227 3858 2280 id

583 2332 786 2384 tamen,
831 2328 891 2372 ut
943 2330 1117 2373 morte
1160 2319 1407 2389 superior
1445 2318 1804 2383 remanserit;
1848 2327 1967 2372 erat
1998 2320 2142 2373 enim
2179 2322 2315 2375 Deus
2353 2319 2406 2373 in
2443 2333 2627 2373 carne.

660 2409 728 2464 Χ.
781 2402 1120 2479 (Nusquam
1169 2409 1312 2463 enim
1351 2408 1572 2478 angelos
1620 2408 1996 2478 apprehendit,
2056 2411 2151 2464 sed

2329 2411 2384 2463 I'.
2427 2429 2445 2462 (
2471 2410 2546 2463 Οὐ
2577 2410 2686 2480 γὰρ
2717 2410 2890 2480 δήπου
2918 2409 3166 2478 ἀγγέλων
3210 2409 3685 2479 ἐπιλαμϐάνεται,
3719 2407 3857 2462 ἀλλᾶ

583 2514 765 2554 semen
796 2499 1029 2554 Abrahae
1056 2497 1428 2567 apprehendit.
1505 2495 1658 2551 Unde
1685 2496 1872 2551 debuit
1903 2512 1999 2566 per
2029 2512 2152 2551 om-

2263 2501 2576 2571 σπέρματος
2633 2501 2886 2572 Ἀϐραὰμ
2933 2501 3388 2572 ἐπιλαμϐάνεται.
3419 2501 3591 2556 Ὅθεν
3647 2499 3854 2568 ὤφειλε

587 2592 673 2654 uia
701 2589 932 2645 fatribus
961 2588 1250 2643 assimilari
1275 2605 1291 2653 ;
1320 2597 1380 2642 ιιι
1405 2587 1719 2642 misericors
1749 2587 1903 2643 fieret
1937 2599 1991 2642 et
2017 2589 2152 2643 iide-

2262 2592 2400 2646 κατὰ
2445 2595 2623 2648 πάντα
2650 2595 2762 2656 τοῖς
2796 2593 3041 2662 ἀδελφοῖς
3068 2594 3423 2664 ὁμοιωθῆναι·
3465 2595 3557 2647 ἵνα
3597 2594 3858 2664 ἐλεήμων

588 2684 652 2736 lis
683 2679 922 2749 pontifex
957 2678 1026 2734 ad
1053 2681 1244 2744 Deum,
1295 2689 1356 2734 ut
1388 2678 1768 2748 repr0pitiaret
1813 2679 2008 2734 delicta
2056 2694 2154 2746 po—

2262 2681 2484 2752 γένηται
2509 2686 2603 2736 καὶ
2635 2684 2824 2747 πιστὸς
2851 2684 3141 2755 ἀρχιερεὺς
3177 2685 3245 2736 τὰ
3284 2684 3422 2754 πρὸς
3454 2685 3549 2736 τὸν
3582 2685 3750 2748 Θεὸν,
3780 2686 3858 2746 είς

589 2773 718 2841 puli.
738 2770 796 2826 In
822 2785 932 2841 quo
953 2770 1098 2826 enim
1127 2784 1321 2839 passus
1343 2777 1427 2824 est
1453 2769 1568 2839 ipse
1589 2779 1643 2823 et
1667 2776 1924 2830 tentatus,
1962 2779 2156 2836 potens

2262 2769 2318 2821 τὸ
2346 2767 2662 2824 ἱλάσκεσθαι
2704 2774 2825 2834 ταῖς
2855 2772 3150 2842 ἁμαρτίαις
3191 2771 3371 2841 ἡμῶν.
3408 2772 3498 2825 Ἐν
3525 2765 3573 2840 ᾧ
3603 2774 3724 2844 γὰρ
3761 2775 3858 2827 πέ-

585 2870 669 2914 est
697 2869 750 2914 et
775 2859 855 2914 eis
889 2859 980 2927 qui
1006 2867 1306 2924 tentantur,
1339 2857 1591 2912 auxiliari
1611 2857 1680 2911 ⁸⁸.
1723 2876 1743 2910 ι
1783 2857 1876 2912 Dei
1921 2857 2154 2911 Verbum

2262 2859 2457 2914 πονθεν
2491 2859 2654 2922 αὐτὸς
2693 2861 3041 2930 πειρασθεὶς,
3093 2860 3316 2914 δύναται
3352 2861 3467 2924 τοῖς
3509 2864 3860 2933 πειραζομέ-

589 2952 820 3006 Abraha:
849 2964 1033 3005 semen
1062 2948 1487 3020 apprchendisse
1535 2949 1854 3004 asserimus.
1918 2949 2158 3004 Nam-se-

2262 2966 2372 3012 νοις
2419 2948 2702 3021 βοηθῆσαι.
2730 2968 2750 3002 ›
2801 2950 3120 3020 Σπέρματος
3170 2950 3424 3022 Ἀϐραὰμ
3473 2953 3856 3023 ἐπιλαμϐάνε-

597 3041 830 3097 cundum
859 3055 1076 3096 carnem
1111 3055 1178 3095 ex
1202 3039 1403 3094 Judaeis
1435 3048 1612 3094 ortum
1655 3048 1757 3102 est,
1797 3048 1853 3095 et
1903 3039 2158 3094 fratribus

2263 3038 2386 3093 σθαί
2417 3057 2593 3110 φαμεν
2619 3039 2711 3093 τδν
2737 3039 2833 3092 τοῦ
2873 3040 3006 3092 Θεοῦ
3038 3040 3241 3108 Λόγονο
3272 3042 3443 3109 ἀνέφυ
3476 3043 3592 3113 γάρ
3617 3043 3682 3107 ἐξ
3731 3046 3861 3097 ’1ου-

594 3149 688 3202 per
743 3132 925 3188 omnia
978 3131 1366 3193 assimilatum;
1418 3131 1520 3185 hoc
1566 3140 1684 3196 est,
1731 3130 1910 3185 servili
1956 3131 2158 3193 forma,

2265 3131 2430 3184 δαίων
2454 3132 2515 3185 τὸ
2540 3131 2678 3184 κατά
2707 3131 2905 3203 σάρκα,
2933 3133 3028 3184 καὶ
3053 3131 3312 3202 ὡμοιώθη
3344 3134 3488 3187 κατά
3521 3136 3715 3189 πάντα
3750 3139 3862 3196 τοῖς

588 3228 738 3295 juxta
770 3223 1010 3294 Apostoli
1039 3221 1340 3280 doctrinam
1364 3222 1431 3288 ⁸⁸,
1459 3231 1698 3292 sumpta,
1723 3221 1948 3276 aliorum
1981 3222 2158 3277 homi-

2266 3222 2533 3290 ἀδελφοῖς,
2563 3224 2703 3278 κατά
2729 3241 2792 3291 γε
2819 3224 2879 3276 τὸ
2904 3223 3237 3292 ἀνασχέσθαι
3261 3223 3450 3276 λαϐεῖν
3472 3225 3579 3293 τὴν
3610 3227 3713 3277 τοῦ
3745 3227 3864 3279 δού-

603 3331 728 3371 uum
772 3330 924 3370 more
952 3314 1105 3370 nasci
1139 3314 1481 3382 dedignatum
1513 3329 1619 3368 non
1652 3321 1756 3368 est.
1799 3313 1912 3367 Hac
1930 3315 2076 3367 enim
2100 3311 2166 3366 de

602 3421 766 3463 causa
795 3413 849 3461 et
877 3405 1047 3462 Filius
1093 3404 1333 3460 hominis
1372 3404 1606 3468 exstitit,
1638 3413 1696 3458 et
1737 3418 1922 3459 eorum
1953 3404 2045 3474 qui
2095 3418 2160 3457 ex

593 3500 804 3554 semine
853 3497 1086 3554 Abrahae
1133 3496 1470 3568 prodierant,
1502 3499 1605 3552 hoc
1654 3503 1758 3560 est,
1818 3510 1884 3550 ex
1915 3510 2081 3550 carne
2110 3503 2163 3549 et

595 3591 860 3660 sanguine
882 3589 1327 3652 constitutorum,
1353 3587 1521 3642 frater
1537 3587 1786 3643 effectum
1819 3594 1922 3641 est.
1944 3585 2168 3654 Ecqua:-

598 3699 721 3737 nam
756 3684 952 3737 horum
999 3696 1164 3736 causa
1190 3680 1435 3736 exstitit?
1482 3679 1598 3734 Non
1633 3678 1736 3732 alia
1771 3677 2035 3748 profecto,
2069 3676 2167 3743 ait,

597 3788 759 3842 quam
804 3783 894 3827 «ut
931 3773 1244 3827 misericors
1283 3771 1565 3841 lidelisque
1587 3770 1830 3841 pontifex
1869 3770 1924 3824 in
1951 3769 2017 3822 iis
2045 3780 2169 3836 quae

599 3873 724 3919 sunt
750 3862 815 3917 ad
836 3863 1021 3928 Deum,
1056 3862 1257 3916 fieret.»
1298 3860 1549 3916 Christus
1583 3873 1815 3928 namque
1845 3857 2157 3927 pontiﬁcem

600 3969 761 4024 supra
795 3956 1008 4006 modum
1045 3953 1337 4018 benignum
1378 3961 1434 4006 et
1469 3951 1882 4005 misericordem
1925 3962 1984 4003 se
2010 3947 2172 4003 nobis

599 4048 866 4101 exhibuit.
901 4046 1114 4102 Etenim
1167 4061 1291 4100 cum
1330 4044 1466 4115 legis
1500 4043 1678 4098 littera
1705 4043 1943 4111 peccatis
1963 4040 2170 4096 obstri-

601 4146 716 4188 ctos
750 4134 1097 4199 condemnet,
1123 4133 1562 4203 gravissimaque
1599 4145 1756 4200 pmna
1801 4131 1923 4185 illos
1950 4130 2040 4198 qui
2077 4130 2170 4183 Dei

606 4225 923 4279 mandatum
951 4224 1268 4289 violassent,
1297 4223 1610 4293 plectendos
1642 4221 1900 4275 decernat
1932 4237 1945 4271 :
1986 4237 2003 4269 ι
2047 4219 2175 4272 Irri-

608 4331 716 4370 tam
748 4318 892 4371 enim
919 4317 1042 4385 quis
1068 4316 1273 4371 faciens
1305 4316 1478 4385 legem
1513 4314 1741 4385 Moysis,
1773 4313 1892 4367 sine
1939 4311 2044 4365 ulla
2072 4311 2172 4363 mis

2267 3313 2359 3366 λου
2397 3314 2627 3384 μορφὴν,
2661 3316 2754 3368 καὶ
2792 3316 2848 3366 ἐν
2875 3312 3180 3384 ὁμοιώματι
3218 3313 3524 3382 ἀνθρώπων
3563 3317 3861 3382 γενέσθαι,

2269 3405 2413 3461 καθά
2450 3423 2617 3475 φησιν
2644 3407 2672 3459 6
2715 3405 2985 3478 μακάριος
3023 3404 3252 3467 Παῦλος.
3299 3405 3704 3474 Κεχρημάτικε
3757 3408 3864 3478 γὰρ

2268 3497 2411 3550 οὕτω
2457 3498 2586 3561 Υἱὸς
2635 3475 3073 3568 ἀνθρώπου,’καὶ
3105 3496 3329 3564 γέγονεν
3351 3495 3590 3562 ,ἀδελφὸς
3641 3501 3762 3560 τοῖς
3805 3475 3866 3550 ἐκ

2270 3589 2582 3658 σπέρματος
2615 3587 2883 3656 Ἀϐραὰμ,
2911 3587 3078 3655 ἤγουν
3101 3587 3214 3648 τοῖς
3238 3585 3294 3637 ἐν
3318 3585 3516 3656 αἵματι
3543 3587 3645 3640 καὶ
3675 3587 3864 3658 σαρκί.

2270 3680 2367 3742 Τίς
2395 3676 2488 3733 οὖν
2519 3678 2627 3749 άρα
2648 3679 2794 3731 ἐστὶν
2816 3679 2849 3748 ἡ
2875 3677 3028 3730 τοῦδε
3060 3677 3370 3748 πρόφασις;
3399 3678 3551 3730 «Ἵνα
3587 3679 3867 3749 ἐλεήμων,

2272 3771 2426 3842 φησι,
2475 3771 2720 3841 γένηται,
2766 3770 2861 3823 καὶ
2909 3769 3099 3831 πιστὸς
3143 3770 3439 3840 ἀρχιερεὺς
3479 3770 3548 3822 τά
3595 3773 3744 3842 πρὸς
3779 3773 3867 3825 τὸν

2273 3862 2426 3915 Θεόν.
2458 3879 2478 3914 ι
2500 3861 2779 3932 Ἐλεὴμων
2809 3859 2909 3930 μὲν
2941 3859 3050 3930 γὰρ
3085 3860 3380 3930 ἀρχιερεὺς
3414 3862 3494 3921 εἰς
3529 3861 3689 3930 ἡμᾶς
3715 3862 3869 3927 γέγο-

2274 3969 2363 4006 νεν
2387 3953 2415 4004 6
2442 3953 2698 4023 Χριστὸς,
2727 3953 2804 4015 ὡς
2839 3949 2934 4004 τοῦ
2963 3949 3191 4020 νομικοῦ
3223 3949 3560 4020 γράμματος
3595 3954 3866 4022 κατακρί-

2275 4061 2455 4106 νοντος
2471 4043 2595 4106 τοὺς
2616 4041 3022 4113 ἡμαρτηκότας,
3041 4041 3137 4093 καὶ
3152 4039 3253 4112 τὴν
3271 4038 3367 4092 τοῦ
3404 4039 3750 4104 κολάζεσθαι
3767 4044 3871 4096 δεῖν

2275 4135 2627 4205 ἐπιφέροντος
2664 4133 2847 4203 ψῆφον
2883 4136 2998 4195 τοῖς
3037 4131 3135 4203 τὴν
3175 4133 3324 4184 θείαν
3365 4132 3746 4203 ἀτιμάζουσιν
3791 4137 3872 4186 ἐν-

2277 4226 2459 4298 τολήν.
2507 4245 2524 4277 ι
2567 4224 2864 4294 Ἀθετήσας
2903 4225 3011 4294 γάρ
3045 4240 3129 4286 τις
3173 4223 3336 4293 νόμον
3380 4225 3673 4290 Μωσέως,
3711 4232 3875 4297 χωρὶς

2279 4317 2581 4389 οἰκτιρμῶν
2607 4317 2701 4370 sui.
2727 4315 2879 4370 δυσὶν
2907 4315 2942 4385 ἢ
2973 4315 3122 4385 τρισὶ
3150 4316 3421 4385 μάρτυσιν
3445 4316 3800 4387 ἀποθνήσκει
3819 4336 3832 4346 ·
3856 4338 3872 4368 ι

606 4411 904 4472 seratione,
936 4407 1149 4460 duobus
1178 4406 1262 4460 vel
1304 4405 1481 4458 tribus
1511 4404 1741 4458 testibus
1769 4402 2000 4455 moritur
2027 4401 2074 4431 ⁹⁰
2101 4418 2115 4454 :
2154 4418 2158 4451 1

2281 4408 2482 4462 δικαιοῖ
2517 4425 2581 4474 γε
2628 4407 2735 4478 μὴν
2763 4407 2822 4459 ἐν
2851 4405 3034 4459 πίστει
3060 4405 3317 4477 Χριστὸς,
3346 4407 3444 4458 καὶ
3476 4406 3596 4459 τῶν
3631 4409 3878 4478 ἀρχαίων

605 4499 855 4552 Christus
919 4512 1015 4566 per
1080 4497 1240 4551 fidem
1299 4495 1576 4564 iustificat,
1637 4507 1837 4561 eosque
1894 4493 1984 4561 qui
2041 4491 2154 4560 laps

2286 4477 2637 4570 αἰτιαμάτων
2659 4500 2843 4568 ἀνίησι
2873 4497 3002 4560 τοὺς
3033 4496 3426 4568 ἠσθενηκότας.
3454 4497 3674 4566 Γέγονε
3707 4502 3878 4552 τοίνυν

606 4599 751 4656 sunt,
781 4604 809 4641 a
847 4588 1121 4642 veteribus
1151 4588 1326 4656 culpis
1354 4585 1610 4640 absolvit.
1645 4583 1844 4638 Factus
1870 4591 1954 4636 est
1998 4583 2158 4649 itaqut

2287 4592 2534 4661 ἐλεήμων
2572 4591 2891 4661 ἀρχιερεὺς,
2919 4587 3102 4641 οὐκέτι
3148 4587 3245 4650 τὰς
3291 4588 3533 4657 νομικὰς
3569 4590 3879 4661 ἀποτομίας

613 4680 925 4733 misericors
949 4677 1216 4748 pontifex,
1245 4686 1432 4744 utpote
1468 4675 1695 4743 legalem
1729 4674 1876 4729 illam
1906 4673 2158 4728 severita‘

2289 4684 2512 4754 κρατεῖν
2541 4682 2872 4752 ἐπιτρέπων.

611 4783 714 4823 tem
739 4771 940 4824 diutius
958 4769 1139 4823 valere
1160 4785 1268 4824 non
1293 4769 1497 4822 sitiens.

681 4862 770 4915 Xl.
815 4861 1016 4914 Fidelis
1066 4873 1198 4913 vero
1247 4858 1523 4927 pontifex;
1582 4856 1837 4926 quoniam
1893 4865 2153 4925 perpetuu

2352 4861 2456 4914 IA'.
2494 4860 2693 4923 Πιστὸς
2733 4861 2825 4924 δέ,
2872 4861 2954 4914 ὅτι
2996 4861 3244 4932 μόνιμος,
3307 4864 3403 4915 καὶ
3449 4862 3761 4936 διηνεκὴς,
3800 4871 3883 4918 καὶ

612 4969 674 5007 ac
708 4959 986 5012 constans,
1024 4947 1486 5016 dignissimusque
1542 4946 1699 5015 cujus
1745 4946 2026 5015 promissis
2058 4944 2158 4998 fide

2286 4951 2581 5022 ἀξιόχρεως
2608 4953 2687 5013 είς
2716 4951 2900 5004 πίστιν
2924 4952 3031 5004 τῶν
3060 4951 3512 5023 ἐπηγγελμένων.
3533 4956 3629 5017 Ὠς
3661 4960 3775 5027 γὰρ
3801 4958 3884 5009 αὺ-

592 5043 895 5100 _habeatur.
960 5039 1034 5092 De
1065 5036 1331 5106 legalibus
1383 5047 1563 5089 autem
1608 5036 1981 5090 sacerdotibus
2032 5035 2157 5100 long

2287 5043 2377 5106 τός
2412 5060 2516 5094 που
2553 5042 2717 5095 πάλιν
2753 5042 2918 5112 φησὶν
2957 5044 2986 5094 6
3016 5041 3306 5106 θεσπέσιος
3345 5043 3570 5107 Παῦλος
3605 5049 3748 5117 περὶ
3782 5048 3880 5098 τῶν

616 5133 796 5196 aliter,
821 5128 1079 5197 Apostolo
1134 5138 1297 5192 teste,
1359 5135 1444 5181 res
1479 5128 1664 5181 habet.
1707 5147 1724 5178 ι
1773 5127 1839 5181 Ει
1867 5127 1955 5180 alii
1991 5127 2158 5197 (inqui

2294 5133 2436 5187 κατά
2481 5134 2678 5204 νόμους
2725 5134 2952 5202 ἱερέων,
3004 5151 3021 5183 t
3055 5133 3168 5186 Καὶ
3200 5135 3250 5185 οἱ
3289 5132 3388 5203 μὲν
3439 5133 3705 5197 πλείονες
3758 5138 3886 5188 εἰσιν

619 5225 682 5291 is)
717 5223 904 5290 plures
945 5220 1070 5274 lacti
1106 5229 1231 5274 sunt
1259 5219 1594 5284 sacerdotes,
1627 5219 1828 5272 idcirco
1868 5221 2008 5286 quod
2046 5234 2158 5271 mor

2299 5225 2462 5295 ἱερεῖς
2499 5225 2800 5292 γεγονότες,
2837 5224 2925 5276 διὰ
2953 5224 3015 5277 τὸ
3046 5223 3125 5294 τῷ
3169 5224 3386 5293 θανάτῳ
3421 5224 3752 5280 κωλύεσθαι
3790 5245 3884 5278 πα-

619 5325 668 5367 te
706 5311 1125 5385 prohiberentur
1187 5325 1542 5380 permanere:
1597 5311 1683 5363 hic
1733 5321 1908 5363 autem
1950 5324 2015 5364 eo
2047 5325 2158 5377 quo

2302 5315 2587 5387 ραμένειν·
2618 5317 2647 5368 6
2676 5315 2732 5369 δέ
2766 5315 2853 5368 διὰ
2898 5315 2958 5368 τὸ
2990 5316 3173 5383 μένειν
3202 5316 3364 5369 αὐτὸν
3406 5317 3488 5380 είς
3543 5319 3640 5370 τὸν
3691 5322 3885 5378 αἰῶνα,

621 5411 834 5455 maneat
875 5401 925 5454 in
948 5410 1231 5463 aeternum,
1267 5401 1654 5468 sempiternum
1713 5400 1874 5453 habet
1928 5402 2158 5453 sacerdo

2300 5407 2652 5478 ἀπαράϐατον
2691 5407 2803 5477 ἔχει
2852 5408 2953 5477 τὴν
2995 5408 3328 5479 ἱερωσύνην·
3378 5409 3503 5462 ὅθεν
3548 5414 3648 5464 καὶ
3705 5414 3889 5476 σώζειν

619 5494 777 5547 tium.
801 5491 956 5546 Unde
983 5491 1194 5545 salvare
1220 5492 1271 5546 iu
1297 5503 1610 5560 perpetuum
1644 5502 1819 5559 potest
1868 5491 2158 5544 accedente

2301 5499 2380 5558 εἰς
2403 5497 2464 5548 τὸ
2494 5497 2751 5559 παντελὲς
2782 5496 3002 5548 δύναται
3030 5497 3156 5560 τοὺς
3185 5500 3676 5569 προσερχομένους
3711 5502 3777 5556 δι’
3807 5503 3890 5553 al-

623 5597 717 5652 per
746 5584 918 5652 ipsum
947 5585 1010 5635 ad
1040 5582 1248 5646 Deum;
1308 5598 1522 5651 semper
1576 5585 1762 5636 vivens
1817 5585 1883 5636 ad
1931 5585 2158 5653 iutcrpel

2300 5587 2394 5641 τοῦ
2437 5587 2515 5658 τῷ
2544 5587 2683 5656 Θεῷ,
2719 5588 2946 5641 πάντοτε
2987 5586 3097 5650 ζῶν
3125 5590 3206 5650 είς
3250 5589 3311 5642 τὸ
3353 5590 3719 5659 ἐντυγχάνειν
3761 5593 3888 5658 ὑπὲρ

692 5760 738 5790 ⁸⁸
765 5759 785 5813 l
811 5761 936 5816 Cor.
966 5774 1052 5824 XV,
1077 5758 1166 5811 9.2.
1247 5759 1290 5789 ⁸⁷
1328 5758 1457 5812 ibid.
1483 5759 1568 5811 “2|.
1653 5760 1695 5788 ⁸⁸
1734 5759 1895 5813 llehr.
1930 5775 1988 5823 tt,
2027 5759 2145 5812 ili-1

2289 5760 2334 5790 ⁸⁸
2365 5759 2594 5830 Philipp.
2634 5779 2691 5824 ll,
2730 5765 2778 5816 7.
2859 5764 2904 5795 9°
2941 5764 3102 5817 Helm
3139 5764 3304 5827 $.93-
