4042 6468
150 412 274 467 1549

938 413 1027 465 AD
1068 411 1366 466 liliGa‘iAS
1406 411 1493 464 DE
1532 408 1759 463 REC'I'A
1799 407 1953 463 FIDE
1990 406 2245 462 ORATIO
2286 406 2578 463 ALTERA.

3238 408 3373 463 1550

149 532 330 584 αὑτῶν.
360 552 376 582 ι
418 533 603 602 ’Ἄθρει
646 533 728 597 δὲ,
761 533 905 595 ὅπως
958 535 1054 585 οὐκ
1094 536 1172 595 εἰς
1223 533 1544 602 κατάκρισιν
1595 532 1704 584 τῶν

1808 532 2026 585 landum
2066 547 2162 600 pro
2191 532 2270 585 eis
2303 532 2369 585 ⁹¹.
2401 548 2419 581 ι
2468 528 2707 583 Observa
2738 530 2847 593 hic,
2872 529 3143 597 quomodo
3170 547 3274 585 non
3296 532 3362 584 ad

149 622 528 691 ἡμαρτηκότων
575 623 795 690 γέγονεν
842 625 1149 693 ἀρχιερεὺς,
1180 627 1257 687 εἰς
1285 625 1345 677 τὸ
1388 623 1701 677 ἱλάσκεσθαι

145 712 415 779 δὲμᾶλλον
451 716 568 777 ταῖς
612 716 907 784 ἁμαρτίαις
938 712 1135 767 αὑτῶν.
1175 717 1233 769 Ὀ
1264 716 1320 768 δέ
1358 734 1422 783 γε
1454 714 1545 768 τοῦ
1579 733 1699 768 πει-

146 801 346 869 ρασμοῦ
378 804 471 855 xui.
502 804 601 872 τῆς
633 804 823 867 θυσίας
861 806 1041 867 ὁποῖος
1079 805 1145 858 ἂν
1175 806 1261 874 εἴη
1291 806 1517 876 τρόπος;
1556 823 1575 858 ι
1616 807 1702 858 Ἐν

144 886 205 957 ᾧ,
249 893 407 960 φησὶ,
454 894 719 947 πέπονθεν
753 894 912 957 αὑτὸς
957 895 1298 965 πειρασθεὶς,
1333 896 1551 949 δύναται
1591 896 1703 957 τοῖς

147 975 551 1052 πειραζομένοις
618 986 711 1037 καὶ¹
758 984 1087 1054 βοηθῆσαι.»
1138 988 1537 1058 Διεκαρτέρησε
1594 987 1701 1057 γὰρ

144 1073 549 1143 πειραζόμενος,
581 1076 675 1127 καὶ
709 1076 967 1143 ὑπέμεινε
996 1078 1247 1147 σταυρόν.
1281 1078 1427 1147 Πλὴν
1458 1076 1649 1131 ἑαυτὸν
1674 1078 1703 1128 6

144 1162 265 1225 Υίὸς
303 1164 374 1227 ὼς
405 1165 635 1234 ἄμωμον
670 1167 863 1233 ἱερεῖον
892 1167 1298 1238 προσκεκόμικε
1335 1168 1414 1236 τῷ
1446 1167 1565 1237 Θεῷ
1610 1168 1703 1221 καὶ

143 1256 331 1324 Πατρὶ,
376 1255 460 1307 ἵνα
484 1254 573 1306 διὰ
606 1254 705 1323 τῆς
735 1256 930 1311 ἑαυτοῦ
962 1259 1164 1329 σαρκός
1196 1259 1436 1331 βοηθήσῃ
1466 1262 1578 1322 τοῖς
1604 1259 1702 1312 κά·-

143 1361 327 1413 μνουσι
365 1345 457 1396 καὶ
492 1346 929 1416 πειραζομένοις.
967 1369 985 1401 ι
1014 1353 1131 1422 Μιᾷ
1159 1352 1266 1422 γὰρ
1292 1351 1575 1421 προσφορᾷ
1617 1367 1703 1403 τε-

140 1435 415 1489 τελείωκεν
457 1436 537 1499 είς
576 1437 635 1489 τὸ
668 1438 912 1509 διηνεκὲς
940 1444 1066 1506 τοὺς
1099 1443 1516 1513 ἁγιαζομένους.
1542 1461 1559 1491 ι
1593 1443 1702 1494 A13-

138 1526 225 1584 τὸς
250 1521 340 1578 οὖν
362 1527 469 1597 ἄρα
498 1526 717 1594 γέγονεν
745 1532 1032 1602 ἀρχιερεὺς
1060 1534 1199 1586 κατὰ
1228 1535 1288 1585 τὸ
1340 1533 1699 1603 ἀνθρώπινον,

138 1615 306 1669 καίτοι
346 1618 496 1687 παρὰ
556 1620 774 1672 πάντων
812 1622 912 1685 τὰς
946 1622 1137 1687 θυσίας
1171 1624 1454 1694 δεχόμενος
1482 1623 1695 1685 θεῖκῶς-

135 1707 301 1770 Αὐτὸς
328 1708 386 1759 τὸ
424 1709 567 1777 θῦμα
596 1710 739 1762 κατὰ
762 1711 861 1781 τὴν
893 1713 1089 1785 σάρκα.
1119 1716 1287 1778 Αὐτὸς
1317 1716 1345 1767 6
1380 1716 1496 1777 ταῖς
1524 1714 1703 1783 ἁμαρ-

136 1800 272 1861 τίαις
310 1799 467 1868 ἡμῶν
513 1800 862 1869 ἱλασκόμενος
894 1805 1035 1857 κατά
1064 1822 1127 1872 γε
1160 1807 1261 1875 τὴν
1318 1805 1568 1875 θεότητος
1606 1803 1698 1857 δύ-

135 1907 293 1957 ναμιν
320 1900 364 1942 Ρ.
400 1886 491 1952 Εἷς
523 1886 615 1941 οὖν
654 1890 761 1960 ἄρα
798 1892 1001 1964 Κύριος
1039 1895 1243 1964 Ἰησοῦς
1270 1897 1523 1967 Χριστός.

1805 637 1989 677 e0rum
2020 624 2108 691 qui
2136 623 2369 691 peccatis
2401 637 2458 675 se
2516 620 2921 675 ohstrinxerant
2973 621 3372 675 condemnatio-

1806 728 1928 766 nem
1956 714 2195 782 pontifex
2242 712 2414 766 factus
2447 714 2540 778 sit,
2572 714 2666 768 sed
2730 713 2907 781 potius
2943 712 3008 765 ad
3051 712 3368 765 delictorum

1805 806 2117 857 eormudem
2171 805 2542 872 purgationem
2597 818 2660 857 ac
2705 804 3157 873 propitiatiouem.
3214 802 3372 872 136

1806 894 1915 949 Sed
1949 894 2150 963 qualis,
2178 909 2387 962 quaeso,
2437 908 2557 947 cum
2591 895 2927 957 tentationis,
2965 902 3077 947 tum
3109 895 3367 949 sacrificii

1801 1000 2019 1054 quoque
2056 986 2197 1040 illius
2241 987 2430 1040 modus
2481 986 2737 1040 exstitit?
2793 987 2883 1038 Ait
2920 1002 3186 1054 namque:
3239 1007 3258 1039 ι
3313 984 3369 1038 ld

1803 1091 1910 1145 quo
1934 1091 2125 1145 passus
2143 1087 2222 1129 est
2245 1078 2356 1145 ipse
2379 1088 2429 1129 et
2462 1088 2720 1139 tentatus.
2755 1087 2945 1146 potens
2968 1087 3053 1133 est
3082 1089 3136 1133 et
3155 1080 3237 1133 eis
3275 1079 3369 1148 qui

1804 1179 2100 1229 tentantur,
2129 1168 2389 1220 ‘auxiliari
2422 1169 2489 1220 9’.
2534 1186 2552 1217 ι
2608 1169 2752 1222 Sanc
2811 1177 3049 1224 tentatus
3101 1168 3360 1238 perstitit,

1803 1265 1857 1311 et
1889 1256 2069 1312 crucis
2103 1256 2425 1325 supplicium
2471 1257 2741 1326 patienter
2784 1258 3065 1312 sustinuit.
3100 1258 3368 1313 Ceterum

1804 1344 1973 1400 Filius
2006 1345 2114 1399 Deo
2146 1356 2201 1398 et
2235 1345 2379 1399 Patri
2425 1347 2759 1415 impollutum
2807 1347 3137 1402 sacriﬁcium
3174 1356 3372 1405 semet-

1804 1435 1979 1504 ipsum
2033 1437 2263 1502 obtulit;
2312 1452 2501 1507 nempe
2546 1451 2654 1505 quo
2702 1453 2800 1508 per
2830 1439 3100 1508 prepriam
3150 1454 3370 1496 carnem

1803 1541 1960 1595 epem
1999 1528 2104 1582 illis
2139 1528 2281 1581 l‘erre
2312 1538 2516 1594 posset,
2546 1529 2636 1597 qui
2668 1543 2788 1583 cum
2820 1528 3080 1584 molestiis
3107 1541 3160 1583 et
3190 1538 3368 1586 tenta-

1806 1617 2044 1671 tionibus
2068 1618 2466 1672 conﬂictantur.
2507 1636 2525 1668 ι
2580 1617 2697 1672 Una
2740 1619 2882 1673 enim
2920 1620 3191 1677 oblatione
3235 1637 3370 1678 can-

1805 1710 2097 1763 summavit
2148 1710 2201 1761 in
2235 1710 2623 1776 sempiternum
2668 1710 3120 1766 sanctiﬁcatos”.
3162 1731 3182 1765 ι
3246 1713 3366 1784 Ipse

1804 1800 2030 1868 proinde
2080 1801 2378 1853 secumlum
2445 1800 2738 1854 humanam
2789 1814 3033 1857 naturam
3088 1803 3260 1859 factus
3287 1813 3374 1861 est

1804 1892 2065 1962 pontifex,
2102 1907 2433 1962 quanquam,
2490 1904 2547 1949 ut
2590 1896 2729 1949 Deus
2760 1905 2869 1958 est,
2901 1896 2967 1949 ab
3002 1896 3254 1952 omnibus
3292 1897 3371 1951 illi

136 1985 628 2053 sacriﬁcetur;lpse
693 1997 795 2051 est,
849 1990 938 2056 qui
1000 1993 1295 2045 secundum
1328 2007 1546 2046 carnem
1600 1990 1774 2045 factus
1810 1998 1894 2043 est
1923 1979 2164 2042 victima.
2200 1988 2316 2057 Ipse
2359 1990 2495 2044 idem
2551 2004 2766 2043 rursum
2790 2001 2897 2056 est,
2926 1992 3017 2060 qui
3077 1993 3371 2047 secundum

134 2079 426 2132 divinitatis
466 2077 867 2146 auctoritatem,
899 2086 1141 2151 peccatis
1174 2086 1374 2139 nostris
1415 2086 1680 2155 propitius
1717 2100 1778 2140 ac
1804 2084 2045 2139 clemens
2073 2092 2175 2138 est.
2209 2084 2357 2139 Unus
2391 2095 2475 2137 est
2530 2098 2659 2153 ergo
2718 2084 2979 2155 Dominus
3034 2084 3190 2141 Jesus
3213 2087 3376 2143 Citri-

133 2183 266 2223 stus.

205 2264 299 2318 lB'.
350 2283 369 2317 ι
410 2266 601 2337 Ὑμεῖς
658 2270 1014 2339 προσκυνεῖτε
1062 2268 1121 2321 ὃν
1150 2269 1249 2321 οὑκ
1294 2268 1507 2321 οἴδατε’
1536 2270 1699 2338 ἡμεῖς

130 2356 541 2427 προσκυνοῦμεν
583 2359 643 2413 ὃν
682 2361 944 2431 οἴδαμενο
997 2360 1079 2412 ὅτι
1128 2360 1161 2429 ἡ
1202 2360 1445 2429 σωτηρία
1492 2361 1554 2412 ὲκ
1593 2360 1699 2411 τῶν

145 2448 410 2501 Ἰουδαίων
440 2450 610 2503 ἐστί.»
641 2450 779 2521 Φαίη
804 2468 886 2513 τις
914 2450 980 2503 ἂν
1010 2450 1161 2514 ἴσως,
1190 2450 1530 2520 ἀνάρμοστον
1560 2444 1697 2502 εἶναι

128 2540 195 2608 τῇ
231 2538 349 2608 θείᾳ
380 2541 471 2592 καὶ
503 2540 884 2594 ἀνωτάτωτοῦ
926 2540 1101 2608 Λόγου
1146 2539 1305 2608 φύσει
1348 2540 1408 2592 τὸ
1454 2556 1697 2611 προσκυ-

128 2633 259 2682 νεῖν.
288 2626 421 2683 Είτα
462 2630 600 2694 πῶς,
630 2632 788 2701 εἴπερ
814 2633 932 2683 ἐστὶ
960 2632 1091 2694 Θεὸς
1133 2631 1347 2701 ἀληθῶς
1383 2632 1412 2683 6
1444 2631 1700 2699 Χριστὸς,

126 2718 319 2774 ἐαυτὸν
348 2722 459 2781 τοῖς
508 2722 785 2789 ὀφείλουσι
833 2725 1160 2791 προσκυνεῖν
1199 2724 1393 2792 ὁρᾶται
1442 2740 1700 2775 συντετα-

126 2808 275 2877 χὼς;
311 2808 377 2860 Τί
424 2807 517 2861 οὖν
550 2810 655 2879 ἄρα
687 2811 821 2880 πρὸς
852 2811 1009 2861 τοῦτό
1037 2829 1214 2878 φαμεν
1242 2830 1255 2875 ;
1286 2813 1348 2863 El
1390 2812 1489 2879 μὲν
1519 2814 1696 2881 γυμνῇ

125 2903 193 2969 τῇ
236 2900 449 2968 θεότητι
501 2901 593 2952 τὸν
641 2902 704 2952 ἐκ
759 2899 893 2952 Θεοῦ
944 2900 1156 2969 Πατρὸς
1205 2900 1482 2969 πεφηνότα
1528 2900 1699 2965 Λόγον

125 2989 355 3059 ἀφῖχθαι
389 2989 716 3059 πιστεύομεν
764 2991 844 3051 είς
888 2989 1039 3041 τόνδε
1067 2988 1157 3041 τὸν
1197 2989 1419 3059 κόσμον,
1452 2990 1698 3061 ἀνάρμο-

127 3098 251 3132 στον
288 3080 479 3151 κομιδῇ
506 3081 580 3132 ’τὸ
611 3081 797 3151 χρῆμα
834 3079 1008 3149 αὑτῷ·
1040 3083 1425 3151 προσκυνεῖται
1461 3081 1517 3133 δὲ
1560 3080 1697 3151 μᾶλα

1879 2268 1975 2321 ΧΙΙ
2008 2288 2026 2319 ι
2072 2270 2177 2323 Vos
2212 2269 2453 2323 adoratis
2479 2283 2636 2338 quem
2674 2270 2928 2337 nescitis;
2955 2286 3055 2326 nos
3085 2274 3373 2330 adoramus

1805 2375 1964 2430 quem
1998 2364 2227 2426 scimus;
2263 2363 2387 2428 quia
2429 2362 2577 2415 salus
2607 2377 2671 2415 ex
2700 2361 2897 2417 ludatis
2924 2375 3005 2418 est
3034 2365 3102 2419 “.
3136 2385 3154 2417 ι
3206 2366 3370 2437 ΟὺῙθ-

1806 2450 1941 2504 cerit
1979 2451 2226 2504 fortassis
2276 2452 2363 2505 hic
2418 2452 2706 2519 quispiam,
2758 2452 2985 2507 alterum
3028 2457 3254 2511 adorare
3315 2461 3369 2513 in

1804 2556 2109 2609 supremam
2168 2543 2312 2595 illam
2342 2542 2687 2609 divinumque
2740 2544 2897 2597 Verbi
2932 2554 3176 2599 naturam
3208 2550 3370 2604 mini—

1806 2646 1892 2685 me
1943 2634 2253 2686 convenire.
2289 2632 2345 2686 Si
2397 2648 2525 2700 ergo
2580 2633 2830 2689 Christus
2872 2650 3033 2691 verus
3079 2636 3218 2692 Deus
3266 2651 3371 2706 est,

1803 2723 2075 2793 quomodo
2122 2726 2263 2778 inter
2308 2741 2401 2778 eos
2448 2740 2566 2777 sese
2596 2737 2974 2790 connumerat,
3013 2729 3103 2796 qui
3141 2732 3371 2786 adorare

1804 2816 2035 2869 debent?
2065 2816 2229 2879 Quid.
2252 2831 2452 2883 quaeso,
2488 2818 2553 2868 ad
2588 2818 2727 2869 istud
2763 2819 3243 2885 respondebimus?
3308 2820 3369 2879 Si

1800 2904 1946 2956 enim
1987 2905 2077 2957 Dei
2104 2904 2279 2958 Patris
2313 2904 2546 2957 Verbum
2571 2921 2692 2958 cum
2729 2908 2869 2958 nuda
2912 2909 3132 2976 solaque
3164 2910 3363 2965 divini-

1800 3001 1913 3046 tate
1946 2993 1997 3046 in
2034 2993 2291 3046 mundum
2334 2994 2658 3062 apparuisse
2688 2995 2982 3061 credimus,
3029 2998 3176 3050 nullo
3207 3002 3367 3055 modo

1803 3086 2030 3141 alterum
2065 3086 2293 3140 adorare
2341 3086 2413 3139 illi
2456 3087 2766 3141 cenveniet.
2803 3086 2981 3156 Ipsum
3015 3104 3245 3159 namque
3272 3095 3368 3145 ad-

124 3171 239 3232 λον,
267 3171 410 3240 ἤπερ
437 3172 596 3233 αὑτὸς
625 3174 795 3243 ἑτέρῳ
837 3174 1143 3243 προσκυνεῖ.
1172 3173 1234 3225 El
1257 3172 1314 3225 δὲ
1346 3173 1557 3244 μορφὴν
1582 3172 1701 3226 δούο

1803 3184 1991 3225 oratur
2042 3172 2244 3237 verius,
2312 3188 2472 3243 quam
2512 3174 2675 3227 alium
2734 3190 3108 3246 quemcunque
3156 3182 3366 3236 adorat.

124 3262 221 3312 λου
255 3261 453 3325 λαὸὼν,
489 3264 580 3314 καὶ
624 3262 724 3329 τῆς
753 3264 1163 3333 προσκυνούσης
1197 3262 1611 3334 άνθρωπότητος
1638 3265 1699 3317 τὸ

126 3356 329 3424 μέτρον
361 3355 459 3405 οὑκ
495 3354 788 3422 ἀτιμάσας,
818 3355 1219 3425 κεχρημάτικεν
1250 3357 1362 3418 υίὸς
1387 3355 1695 3424 ἀνθρώπου·

124 3447 158 3513 ἡ
196 3444 565 3513 προσκύνησις
604 3442 753 3495 ἔσται
785 3443 885 3512 τῆς
917 3445 1255 3514 οἰκονομίας,
1288 3447 1378 3497 καὶ
1416 3446 1700 3514 πρέπουσα

126 3536 333 3603 μᾶλλον
371 3536 484 3597 τοῖς
515 3536 614 3603 τῆς
652 3533 933 3595 κενώσεως
979 3534 1217 3605 μέτροις,
1244 3537 1341 3587 οὑκ
1380 3536 1513 3605 αὑτῇ
1561 3536 1700 3588 κατὰ

124 3629 301 3697 μόνας
336 3629 403 3696 τῇ
446 3625 606 3693 φύσει
634 3625 727 3677 τοῦ
756 3626 950 3692 Λόγου.
994 3626 1144 3677 Ἐπεὶ
1183 3626 1299 3689 πῶς
1334 3628 1397 3679 ἐκ
1424 3624 1530 3677 τῶν
1565 3628 1697 3678 Ἰου-

118 3719 289 3771 δαίων
332 3718 482 3771 ἐστὶν
527 3719 563 3788 ή
599 3718 867 3788 σωτηρία;
899 3717 971 3770 Οὑ
1017 3716 1126 3787 γάρ
1168 3734 1269 3768 που
1304 3718 1435 3787 φαίη
1476 3733 1558 3779 τις
1606 3715 1697 3778 ἂν,

122 3806 263 3861 καθὸ
294 3810 495 3861 νοεῖται
535 3808 629 3860 καὶ
672 3807 787 3859 ἐστι
816 3807 1005 3873 Λόγος,
1042 3805 1102 3870 ἐξ
1134 3805 1401 3857 Ἰουδαίων
1436 3805 1698 3874 ὑπάρχειν

120 3901 289 3953 αὑτόν
311 3917 324 3928 ·
362 3899 497 3952 ἀλλὰ
538 3899 778 3969 καθόπερ
810 3899 925 3951 ἐστὶ
961 3901 1069 3960 τοῖς
1102 3900 1160 3953 ὲν
1194 3899 1357 3968 σαρκὶ
1386 3898 1479 3951 καὶ
1508 3897 1699 3967 αἵματι

120 3990 366 4057 γεγονὼς
404 3988 649 4055 ἀδελφὸς,
676 3987 765 4039 διά
800 4005 881 4038 τοι
914 3987 971 4039 τὸ
1002 3986 1351 4040 ἐπιλαϐέσθαι
1393 3985 1699 4055 σπέρματος

132 4081 414 4150 Ἀϐραάμ.
444 4074 538 4142 Εἷς
568 4076 664 4135 οὖν
693 4079 801 4148 ἄρα
834 4078 1087 4147 Χριστὸς,
1122 4077 1227 4129 κᾶν
1262 4080 1585 4147 προσκυνεῖν
1613 4076 1697 4128 Αέο

117 4190 289 4242 γηται
315 4172 404 4225 διὰ
434 4182 462 4222 (ι
492 4172 551 4225 τὸ
576 4168 937 4241 ἀνθρώπινον,
978 4167 1158 4220 καίτοι
1188 4168 1338 4237 παρὰ
1378 4168 1558 4237 πάσης
1599 4166 1699 4236 τῆς

117 4266 357 4326 κτίσεως
394 4262 862 4334 προσκυνούμενος
888 4259 963 4321 ὠς
988 4257 1138 4321 Θεός.

192 4445 297 4497 1Γ’.
322 4462 340 4501 ι
366 4442 485 4494 Ἔτι
502 4440 694 4511 μικρὸν
712 4438 898 4510 χρόνον
919 4437 1037 4507 μεθ’
1059 4436 1209 4506 ὑμῶν
1228 4436 1363 4503 είμι,
1387 4434 1480 4487 καὶ
1502 4434 1696 4502 ὑπάγω

1802 3263 1951 3329 Quod
2019 3264 2062 3317 si
2134 3264 2321 3319 forma:
2359 3279 2518 3334 quam
2576 3274 2911 3336 susceperat,
2976 3269 3362 3338 humilitatem,

1800 3355 2181 3420 adnrantisque
2212 3364 2416 3407 natura:
2472 3355 2808 3410 conditiones
2866 3372 2969 3410 non
3019 3371 3353 3425 aversatum,

1802 3442 2036 3496 hominis
2059 3442 2197 3496 [ilius
2226 3442 2472 3497 effectum
2522 3453 2626 3509 est,
2659 3444 2767 3512 iam
2796 3462 2926 3499 sane
2972 3450 3215 3502 adoratio
3262 3453 3369 3504 dis-

1801 3535 2133 3603 pensationis
2162 3534 2360 3599 ordini,
2394 3535 2883 3603 erinanitionisque
2910 3537 3209 3592 conditioni
3230 3554 3365 3593 cen-

1799 3638 1989 3695 gruet;
2032 3627 2185 3679 Verbi
2214 3638 2393 3681 autem
2425 3636 2629 3680 natura;
2652 3640 2896 3681 seorsum
2942 3644 3038 3695 per
3077 3644 3136 3684 se
3182 3632 3364 3685 consi-

1799 3717 2021 3780 deratze,
2065 3732 2427 3784 nequaquam.
2462 3717 2593 3771 Nam
2628 3720 2730 3772 nisi
2760 3720 2860 3773 hoc
2910 3729 3201 3781 statuatur,
3228 3736 3366 3789 quo-

1800 3807 1959 3858 modo
1986 3806 2131 3859 salus
2158 3820 2223 3859 ex
2253 3804 2451 3861 Judaais
2492 3822 2614 3861 esse
2644 3808 2865 3875 intelligi
2924 3811 3134 3876 potest?
3165 3808 3353 3879 Neque

1799 3895 1939 3947 enim
1968 3895 2147 3949 dicere
2168 3896 2249 3950 fas
2280 3907 2382 3959 est,
2416 3897 2649 3951 Verbum
2683 3900 2979 3952 secundum
3008 3900 3147 3965 quod
3178 3916 3273 3968 per
3296 3916 3363 3955 se

1800 3978 2197 4043 consideratur,
2217 3996 2281 4035 ex
2310 3980 2509 4035 Judaais
2552 3995 2721 4035 esse:
2777 3991 2861 4035 est
2912 3994 3090 4037 autem
3131 4000 3197 4037 ex
3235 3985 3362 4050 illis,

1800 4083 2067 4140 quatenus
2101 4088 2286 4126 eorum
2343 4074 2433 4142 qui
2471 4088 2634 4127 carne
2684 4083 2735 4128 et
2777 4075 3040 4144 sanguine
3085 4085 3359 4142 constant,

1803 4165 1973 4217 frater
1995 4163 2244 4218 ell‘ectum
2274 4173 2375 4225 est,
2404 4164 2743 4234 Abraharquc
2776 4166 2967 4219 semini
2993 4167 3364 4236 coniunctum.

1800 4254 1953 4309 Unus
1989 4255 2169 4322 itaque
2192 4264 2273 4308 est
2300 4254 2569 4317 Christus,
2601 4256 2691 4322 qui
2721 4255 2934 4321 quidem
2967 4265 3023 4308 ut
3072 4258 3231 4311 homo
3272 4260 3365 4310 ad—

1799 4354 1951 4407 orat;
1980 4353 2233 4397 utautem
2257 4344 2416 4407 Deus,
2444 4343 2511 4396 ab
2533 4343 2779 4396 universa
2806 4353 3053 4396 creatura
3085 4347 3361 4397 aduratur.

1870 4432 2004 4486 XIII.
2054 4451 2071 4484 ι
2112 4433 2303 4486 Adhuc
2326 4433 2595 4487 modicum
2638 4445 2847 4500 tempus
2890 4435 3168 4488 vobiscum
3221 4452 3361 4500 sum,

113 4536 259 4605 πρὸς
298 4535 390 4585 τὸν
420 4532 710 4602 πέμψαντά
757 4548 845 4601 με.
874 4549 890 4580 ι
930 4528 1039 4581 Ποῦ
1071 4528 1178 4597 γὰρ
1207 4527 1305 4579 οὑκ
1354 4525 1502 4577 ἔστιν
1545 4525 1573 4576 6
1603 4524 1694 4575 τοῦ

1802 4536 1854 4580 et
1890 4526 2024 4578 vado
2052 4526 2116 4579 ad
2148 4539 2269 4579 eum
2304 4526 2393 4594 qui
2424 4525 2567 4579 misit
2598 4540 2683 4579 me
2705 4525 2771 4579 θ’.
2807 4545 2824 4576 ι
2857 4525 2912 4578 Si
2948 4526 3246 4579 divinitatis
3270 4542 3365 4578 na-

112 4623 258 4676 Θεοῦ
293 4622 498 4689 Λόγος,
543 4624 590 4673 εἰ
640 4622 838 4689 πληροῖ
883 4620 950 4672 τά
992 4618 1168 4671 πάντα
1206 4620 1272 4687 τῇ
1306 4615 1405 4684 τῆς
1448 4613 1697 4681 Θεότητος

112 4716 320 4785 φύσει;
354 4712 474 4775 Πῶς
521 4712 613 4765 οὖν
658 4713 934 4781 πέμπεται
979 4710 1131 4779 παρὰ
1160 4708 1253 4761 τοῦ
1296 4706 1541 4777 ΙΙατρός;
1580 4705 1697 4766 πῶς

109 4812 169 4861 δὲ
223 4808 322 4861 καὶ
372 4804 570 4871 ὑπάγει
621 4804 757 4872 πρὸς
791 4803 984 4867 αὑτόν;
1026 4801 1233 4853 Οὑκοῦν
1270 4800 1545 4867 πέμπεται
1597 4797 1695 4865 μὲν

110 4898 485 4971 ἀνθρωπίνως
512 4894 653 4947 κατά
681 4909 743 4960 γε
773 4894 862 4945 τὸν
891 4893 991 4960 τῆς
1015 4892 1317 4960 ἀποστολῆς
1354 4891 1552 4961 τρόπον
1602 4889 1695 4941 καὶ

108 4998 301 5061 λόγον,
335 4994 421 5046 ἵνα
458 4988 666 5059 κηρύξῃ
714 4984 811 5054 μὲν
844 4981 1205 5050 αἰχμαλώτοις
1238 4982 1448 5049 ἄφεσιν,
1477 4980 1694 5049 τυφλοῖς

106 5090 165 5141 δὲ
195 5086 518 5153 ἀνάϐλεψιν.
545 5080 772 5146 ’Υπάγει
801 5092 861 5145 γε
892 5074 996 5145 μὴν
1022 5074 1157 5143 πρὸς
1181 5074 1272 5125 τὸν
1297 5074 1515 5141 Πατέρα
1539 5073 1691 5134 Θεὸν,

105 5179 217 5229 οὐκ
248 5179 333 5228 ἔτι
370 5176 512 5228 κατὰ
537 5174 624 5225 τὸν
653 5172 765 5223 ἴσον
795 5167 1013 5238 τρόπον,
1051 5163 1163 5216 ἀλλ’
1196 5158 1306 5215 οἷον
1333 5166 1390 5215 ἐν
1431 5163 1638 5231 σώματι
1667 5173 1687 5199 ι’

106 5271 491 5339 ἀναφοιτήσας
527 5269 605 5330 εἰς
631 5264 879 5338 οὐρανὸν,
910 5260 996 5313 ἶνα
1026 5255 1164 5325 ὑπὲρ
1193 5256 1348 5323 ἡμῶν
1374 5254 1566 5306 ἑαυτὸν
1594 5255 1690 5322 ἑμ-

186 5424 233 5451 “
273 5418 439 5473 llebr.
484 5435 555 5482 vr,
585 5418 777 5473 23-25.
856 5417 900 5446 ⁹²
933 5415 1093 5469 llebr.
1134 5426 1189 5475 tt,
1228 5408 1311 5459 i8.
1390 5405 1434 5437 ³³
1468 5404 1628 5457 llcbr.
1660 5420 1712 5469 χ,
1745 5408 1829 5457 14.

107 5490 351 5553 i;Luc.
398 5504 470 5552 IV,
509 5490 594 5543 19.

1802 4627 1916 4673 tura
1951 4616 2132 4670 omnia
2167 4615 2375 4685 implet,
2416 4616 2528 4681 ubi,
2578 4631 2786 4685 qumso,
2826 4616 2917 4669 Dei
2974 4614 3206 4670 Verbum
3259 4632 3362 4669 non

1800 4708 2059 4762 exsistit?
2087 4707 2201 4774 Qua
2255 4707 2416 4777 igitur
2470 4708 2677 4761 ratione
2707 4707 2943 4760 mittitur
2966 4724 2993 4759 a
3033 4707 3230 4760 Patre?
3256 4707 3365 4761 Aut

1799 4814 1905 4866 quo
1931 4814 2142 4852 rursum
2177 4798 2339 4851 modo
2363 4798 2428 4850 ad
2452 4811 2572 4851 eum
2595 4798 2926 4851 revertitur?
2970 4797 3201 4851 Mittitur
3252 4800 3358 4851 ita-

1801 4904 1905 4957 que
1936 4888 2229 4941 secundum
2260 4886 2550 4941 humanam
2578 4897 2849 4949 naturam,
2882 4887 3174 4955 prmdicare
3193 4889 3363 4955 capti-

1805 4979 1883 5033 vis
1912 4979 2307 5043 remissionem,
2335 4978 2490 5047 137
2524 4987 2579 5031 et
2623 4978 2781 5031 caecis
2834 4976 3225 5031 restitutionem
3278 4979 3361 5032 vi-

1801 5084 1893 5124 sus
1923 5070 1968 5100 ⁸⁸
2001 5088 2015 5123 :
2047 5070 2147 5123 hoc
2169 5070 2313 5122 enim
2372 5068 2647 5121 missionis
2706 5066 2849 5117 illius
2911 5064 3047 5119 ratio
3074 5078 3127 5118 et
3174 5069 3363 5123 modus

1800 5161 2069 5230 exigebat.
2106 5158 2209 5214 Sed
2243 5170 2295 5212 et
2328 5159 2466 5212 idem
2507 5168 2719 5221 quoque
2750 5155 2896 5207 vadit
2950 5154 3016 5208 ad
3064 5157 3228 5211 Deum
3258 5158 3358 5211 Pa-

1801 5264 1972 5306 trem:
2008 5266 2191 5304 verum
2226 5264 2331 5302 non
2355 5247 2466 5315 pari
2497 5245 2718 5299 omnino
2764 5247 2941 5301 modo.
2997 5246 3159 5302 Vadit
3215 5251 3358 5302 enim

1923 5408 1968 5437 9⁵
1993 5404 2147 5457 Joan.
2187 5417 2260 5466 Iv,
2292 5402 2381 5456 9.9..
2457 5403 2500 5433 ³⁵
2535 5402 2689 5459 Joan.
2724 5420 2818 5469 vn,
2843 5404 2929 5458 3'5.
3041 5404 3085 5435 ”
3112 5402 3214 5458 lsa.
3250 5419 3359 5470 ut,

1222 5629 1388 5682 \‘aria‘
1424 5628 1675 5682 lectiones
1704 5627 1906 5681 codicis
1935 5626 2293 5695 Seguieriani.

187 5791 215 5828 ν
250 5778 523 5842 ἐξουσίαν.
601 5788 625 5824 ‘t
659 5777 817 5827 κατά.
902 5785 920 5811 τ
954 5776 1013 5826 ὲκ
1046 5772 1310 5841 σώματος.
