4042 6486
595 404 728 460 1551

1569 391 1626 445 s.
1665 387 1939 447 CYRILLI
1981 383 2455 441 ALEXANDRINI
2496 382 2815 439 ARCHIEP.
3493 434 3512 452 1
3735 384 3867 438 ,εξ-,ε

596 529 783 590 utpote
811 519 862 573 in
895 529 1124 587 corpore
1151 514 1218 569 ad
1279 512 1477 568 caelum
1534 513 1772 574 rediens,
1806 519 1865 563 ut
1915 509 2172 562 nimirum

2302 505 2480 574 >ανίσῃ
2521 504 2600 574 τῷ
2637 505 2913 575 προσώπῳ
2950 503 3045 558 τοῦ
3074 504 3309 576 Πατρὺς,
3342 502 3488 557 καθὰ
3529 503 3866 572 γέγραπται.

597 624 825 682 paterno
845 610 1014 664 vultui
1045 623 1142 678 pro
1166 607 1342 667 nobis.
1389 606 1531 660 sicut
1581 604 1844 671 scriptum
1874 613 1958 654 est
1978 601 2045 665 ’⁷,
2080 614 2177 666 ap-

609 711 817 771 pareat.
855 701 1008 768 Quod
1030 701 1074 755 si
1097 700 1229 770 quis
1264 697 1533 751 missionis
1565 693 1888 749 vocabulum
1951 693 2016 746 de
2059 692 2174 758 ipso

599 809 814 865 quoque
847 791 1019 848 Verbo
1053 794 1257 847 dictum
1287 791 1537 858 accipiat,
1575 788 1848 842 neminem
1887 783 1939 838 id
1971 782 2170 838 turbet:

602 887 868 956 siquidem
925 883 1220 951 Scriptura:
1266 880 1522 935 divinitus
1589 878 1866 947 inspirata
1924 889 2039 928 mos
2094 885 2177 929 est

605 975 913 1032 istiusmodi
951 973 1315 1027 locutionibus
1347 981 1734 1037 nonnunquam
1769 969 1844 1022 uti
1867 985 1881 1033 ;
1902 984 2004 1022 non
2032 968 2175 1036 quod

603 1067 840 1121 divinam
878 1056 1026 1118 illam
1074 1060 1462 1128 cmlestemque
1515 1069 1765 1113 naturam
1794 1058 1913 1112 loco
1943 1057 2177 1112 circum-

603 1156 850 1213 scribere
880 1163 975 1215 aut
1006 1153 1238 1209 delinire
1258 1152 1390 1208 velit
1422 1151 1595 1221 (novit
1624 1151 1768 1206 enim
1802 1148 1946 1203 illam
1979 1164 2170 1217 corpo-

607 1247 682 1302 ris
706 1254 1006 1312 expertem,
1042 1243 1298 1312 ontnique
1337 1243 1570 1299 termino
1600 1250 1654 1296 et
1688 1240 1807 1294 loco
1835 1241 2171 1310 superiorem

606 1336 773 1405 esse).
803 1334 897 1390 sed
932 1334 1076 1403 quod
1105 1332 1371 1400 ejusmodi
1414 1331 1669 1386 humanis
1711 1331 1937 1385 vocibus
1991 1346 2053 1385 ea
2084 1346 2179 1384 no-

607 1428 691 1481 bis
722 1426 1075 1483 manifestare
1095 1426 1412 1488 contendat,
1440 1436 1561 1491 quae
1607 1422 1804 1477 mentis
1847 1421 2045 1490 alioqui
2083 1437 2179 1478 no-

607 1529 734 1575 strae
765 1523 979 1584 captum
1013 1517 1302 1573 excedunt.
1346 1512 1481 1568 Nam
1517 1522 1571 1566 et
1595 1513 1711 1580 ipse
1746 1527 1960 1580 quoque
1994 1514 2182 1567 Salva-

610 1620 696 1664 tor
730 1607 1075 1665 Paracletum
1117 1619 1239 1660 sese
1263 1606 1329 1660 ad
1364 1619 1463 1660 nos
1496 1604 1787 1656 missurum
1831 1604 2180 1671 promittit”,

2281 599 2345 650 Εί
2381 598 2438 650 δὲ
2481 597 2544 668 δὴ
2586 599 2680 650 καὶ
2719 599 2805 650 ἐπ’
2836 598 3000 650 αὑτοῦ
3029 598 3124 664 τοῦ
3165 598 3338 665 Λόγου
3379 596 3440 648 τὸ
3487 594 3868 649 ἀπεστάλθαι

2282 689 2630 759 λαμϐάνοιτο,
2655 690 3027 760 χαλεπαινέτω
3060 690 3279 760 μηδείςο
3314 687 3435 750 ἔθος
3482 687 3600 757 γὰρ
3641 689 3713 757 τῇ
3760 684 3871 737 θεο-

2283 779 2532 848 πνεύστῳ
2555 780 2743 850 Γραφῇ
2770 782 2866 833 καὶ
2889 783 3007 842 ταῖς
3023 780 3303 843 τοιαύταις
3318 779 3430 832 ἐσθ’
3447 779 3542 831 ὅτε
3570 774 3875 847 κεχρῆσθαι

2286 875 2517 941 φωναῖς,
2556 873 2649 924 καὶ
2687 874 2748 926 οὑ
2793 873 2980 934 τόποις
3019 873 3115 925 καὶ
3157 873 3537 942 περιγραφαῖς
3577 870 3687 938 τὴν
3735 867 3874 919 θείαν

2282 981 2342 1018 τε
2371 966 2464 1017 καὶ
2496 966 2860 1036 ὑπερκόσμιον
2887 967 3179 1036 ὑποφέρειν
3201 964 3364 1032 φύσιν
3406 958 3548 1033 (οἵδε
3575 961 3696 1030 γὰρ
3724 956 3878 1012 οὖσαν

2283 1055 2595 1124 ἀσώματον,
2629 1058 2722 1111 καὶ
2769 1056 3147 1126 περιορισμῶν
3201 1055 3461 1107 ἐπέκεινα
3482 1081 3528 1115 ,ι
3555 1052 3660 1108 καὶ
3706 1049 3802 1102 τοῦ
3833 1051 3882 1099 tv

2281 1146 2431 1215 τόπῳ
2463 1147 2696 1203 νοεῖσθαι
2731 1149 3001 1218 μακράν)’
3037 1148 3242 1214 φωναῖς
3267 1145 3324 1197 δὲ
3373 1142 3586 1213 μᾶλλον
3629 1143 3758 1203 ταῖς
3800 1140 3884 1191 ἁν-

2283 1236 2582 1307 θρωπίναις
2624 1238 2693 1293 τὰ
2720 1240 2861 1310 ὑπὲρ
2890 1238 3014 1292 νοῦν
3056 1237 3184 1291 ὄντα
3225 1236 3317 1289 τὸν
3347 1237 3406 1287 ὲν
3451 1236 3594 1305 ἡμῖν
3625 1232 3887 1303 πειρᾶται

2278 1329 2634 1399 καταδηλοῦν.
2651 1332 2804 1385 Ἐπεὶ
2830 1330 3104 1393 καϊαὺτὸς
3127 1349 3155 1382 ο
3179 1327 3371 1398 Σωτὴρ
3395 1326 3658 1396 πέμπειν
3686 1323 3889 1391 ἔφασκε

2279 1419 2416 1489 πρὸς
2445 1423 2594 1490 ἡμᾶς
2641 1423 2733 1476 τὸν
2767 1422 3148 1493 Παράκλητον,
3200 1419 3379 1474 καίτοι
3417 1415 3783 1488 πληροῦντος
3828 1416 3888 1466 τὰ

2280 1512 2458 1565 πάντα
2502 1513 2596 1567 τοῦ
2626 1515 2781 1582 ἁγίου
2810 1515 3128 1584 Πνεύματος
3147 1530 3160 1545 ·
3194 1533 3212 1563 ι
3243 1511 3473 1582 Πνεῦμα
3505 1511 3630 1579 γὰρ
3659 1507 3888 1579 Κυρίου,

2281 1609 2441 1678 φησὶ,
2476 1606 2804 1678 πεπλήρωκε
2837 1608 2935 1675 τὴν
2965 1606 3312 1675 οἰκουμένην.
3335 1622 3354 1654 ι

611 1713 730 1755 eum
788 1708 964 1752 tamen
1019 1696 1257 1765 Spiritus
1294 1705 1518 1752 sanctus
1564 1696 1745 1749 omnia
1801 1695 2039 1761 impleat,
2097 1695 2253 1764 juxta
2327 1700 2503 1754 illud:
2573 1719 2590 1751 ι
2629 1699 2864 1769 Spiritus
2929 1699 3143 1752 Domini
3207 1696 3438 1767 replevit
3481 1693 3694 1749 orbem
3728 1702 3894 1745 terra-

611 1807 731 1846 rum
749 1791 840 1845 "2
876 1810 892 1842 ι

684 1881 823 1937 XIV.
874 1902 891 1934 ι
927 1881 1058 1936 Cum
1117 1879 1487 1934 exultat/eritis
1518 1879 1713 1933 Filium
1763 1880 2019 1946 hominis,
2055 1892 2183 1938 tunc
2218 1889 2259 1943 Β

613 1972 954 2040 cognoscetis
985 1972 1113 2040 quia
1173 1984 1273 2039 ego
1307 1971 1523 2025 sunt”.
1574 1989 1591 2021 ι
1649 1969 1884 2027 Judaicaa
1937 1974 2185 2037 insanire,

615 2081 720 2133 qua
755 2065 807 2117 in
839 2063 1115 2117 Christum
1152 2062 1540 2126 ell‘erehantur,
1579 2077 1775 2117 causns
1803 2065 1994 2118 beatus
2021 2063 2187 2118 Joan-

617 2170 712 2209 nes
733 2169 1033 2222 exponens,
1071 2155 1142 2205 ita
1180 2153 1367 2207 scribit
1401 2167 1415 2205 :
1449 2171 1466 2203 ι
1505 2152 1803 2221 Propterea
1858 2155 2024 2206 Judaei
2067 2169 2191 2221 per-

613 2246 984 2314 sequebantur
1022 2242 1228 2307 Jesunt,
1264 2243 1388 2311 quia
1424 2257 1529 2296 non
1562 2243 1734 2296 solum
1774 2242 2022 2295 solvebat
2053 2240 2192 2295 Sal)-

617 2343 822 2399 ltatum,
855 2339 948 2392 sed
1011 2346 1065 2390 et
1095 2335 1312 2389 Patrem
1339 2349 1501 2390 suum
1536 2335 1750 2388 dicebat
1787 2333 1980 2397 Deum,
2011 2349 2192 2403 aequa-

619 2429 718 2482 lem
752 2427 958 2480 faciens
989 2441 1048 2480 se
1081 2426 1191 2479 Deo
1227 2428 1265 2478 ί.
1301 2445 1319 2476 ι
1363 2425 1502 2478 Alibi
1532 2426 1753 2479 eosdem
1803 2425 1992 2478 istltmc
2031 2425 2195 2492 impie

617 2527 928 2572 evomentes
951 2517 1154 2570 inducit
1185 2533 1198 2568 :
1239 2533 1256 2565 ι
1293 2516 1365 2568 De
1390 2515 1532 2568 bono
1552 2528 1718 2583 opere
1749 2529 1854 2566 non
1891 2513 2196 2582 lapidatnus

621 2619 692 2671 te,
719 2609 812 2661 sed
841 2607 906 2659 de
935 2606 1266 2673 blasphemia
1291 2621 1303 2660 :
1341 2605 1466 2671 quia
1497 2614 1548 2657 tu
1593 2606 1756 2657 homo
1785 2620 1905 2656 cum
1929 2606 2024 2668 sis,
2064 2605 2196 2656 facis

623 2698 849 2766 teipsum
907 2695 1070 2749 Deum
1107 2695 1148 2748 ¹.
1182 2713 1200 2746 ›
1248 2694 1416 2764 Igitur
1467 2695 1519 2747 in
1575 2693 1722 2747 illum
1773 2694 1997 2748 credere
2053 2693 2194 2748 nulla

619 2789 832 2843 ratione
881 2787 1151 2850 volebant,
1216 2786 1653 2855 quandoquidem
1731 2800 1925 2855 parum
1982 2794 2190 2838 tantum

622 2879 1008 2948 vnlgaremqne
1034 2876 1309 2932 hominem
1337 2891 1458 2930 esse
1495 2878 1796 2946 putabant;
1833 2879 2000 2948 ignari
2029 2879 2195 2932 Deum

625 2963 856 3016 Verbum
883 2975 1069 3015 semen
1112 2960 1346 3016 Abrahae
1380 2964 1826 3030 apprcliendisse,
1855 2965 2117 3032 carnique
2144 2973 2198 3017 et

621 3053 872 3124 sanguini
917 3054 1144 3122 perinde
1173 3067 1235 3105 ac
1260 3067 1357 3106 nos
1397 3054 1830 3108 communicasse
1861 3053 1901 3118 ³,
1948 3053 2198 3120 quamvis

620 3146 692 3196 ob
720 3144 772 3196 id
802 3142 944 3196 Deus
966 3155 1087 3195 esse
1118 3156 1222 3193 non
1261 3140 1544 3193 desiisset:
1597 3141 1865 3207 siquidem
1900 3142 2196 3194 secundum

2360 1885 2455 1937 IA'.
2499 1902 2516 1933 ι
2546 1885 2714 1938 Ὅταν
2745 1882 2998 1955 ὑψώσητε
3024 1882 3115 1935 τὸν
3143 1881 3270 1933 Υίὸν
3293 1878 3386 1931 τοῦ
3415 1877 3516 1931 ἀνθ
3526 1875 3756 1947 ρώπου,
3785 1875 3892 1928 τότε

2290 1973 2562 2042 γνώσεσθε
2603 1977 2690 2027 ὅτι
2719 1974 2829 2042 ἐγώ
2863 1975 2995 2043 εἰμι.
3031 1992 3048 2024 ι
3097 1974 3208 2041 Τῆς
3248 1969 3558 2036 Ἰουδαϊκῆς
3593 1967 3892 2026 ἀπονοίας,

2290 2069 2355 2138 ἢν
2381 2069 2471 2120 ἐπὶ
2506 2065 2732 2136 Χριστῷ
2756 2065 3102 2134 πεποίηνται,
3133 2061 3230 2124 τὰς
3258 2061 3438 2122 αίτίας
3467 2056 3854 2126 ἐξηγούμενος
3872 2058 3895 2105 ο

2294 2160 2560 2229 μακάριος
2584 2169 2605 2196 ³
2645 2157 2898 2225 Ἰωάννης
2922 2197 2936 2220 ,
2970 2174 2986 2205 ι
3022 2155 3119 2206 Διὰ
3147 2153 3324 2215 τοῦτο,
3356 2150 3547 2218 φησὶν,
3585 2149 3824 2200 ἐδίωκον
3853 2149 3894 2196 οἱ

2304 2253 2544 2306 Ἰουδαῖοι
2576 2251 2667 2303 τὸν
2701 2250 2957 2320 Χριστὸν,
3005 2249 3087 2302 ὅτι
3116 2247 3177 2299 οὐ
3211 2246 3370 2312 μόνον
3402 2244 3529 2295 ἔλυε
3565 2243 3629 2294 τὸ
3681 2239 3895 2294 Σάϐϐα-

2290 2360 2402 2405 τον,
2434 2341 2569 2395 ἀλλὰ
2597 2341 2689 2393 καὶ
2718 2341 2937 2408 Πατέρα
2964 2339 3095 2394 ἴδιον
3125 2337 3279 2400 ἔλεγε
3308 2335 3398 2388 τὸν
3428 2332 3589 2394 Θεὸν,
3623 2332 3749 2384 ἴσον
3779 2332 3898 2382 ἑαυ-

2291 2434 2380 2486 τὸν
2411 2432 2579 2487 ποιῶν
2614 2432 2690 2499 τῷ
2723 2431 2859 2500 Θεῷ.
2897 2450 2915 2480 ›
2940 2430 3302 2496 Εξσκεκόμικε
3335 2427 3393 2479 δέ
3421 2443 3525 2477 που
3560 2425 3662 2476 καὶ
3701 2424 3899 2484 αὑτοίς

2294 2523 2547 2589 λέγοντας
2573 2522 2830 2582 ἀνοσίως·
2870 2541 2886 2571 ι
2923 2520 3062 2589 Περὶ
3090 2518 3259 2572 καλοῦ
3287 2517 3450 2588 ἔργου
3487 2516 3550 2568 οὐ
3594 2514 3898 2581 λιθάζομέν

2298 2633 2387 2679 σε,
2433 2614 2571 2667 ἀλλὰ
2624 2613 2752 2680 περὶ
2801 2611 3184 2680 βλασφημίαςο
3217 2611 3298 2660 ὅτι
3340 2610 3402 2660 σὺ
3457 2607 3765 2677 ἄνθρωπος
3805 2606 3898 2668 ὢν,

2297 2709 2471 2767 ποιεῖς
2501 2705 2724 2758 σεαυτὸν
2754 2704 2905 2757 Θεόν.
2936 2722 2953 2752 ι
3003 2700 3213 2754 Οὐκοῦν
3255 2698 3783 2779 ἀπαράδεκτον.τὴν
3817 2697 3899 2751 ἐπ’

2298 2797 2446 2867 αὑτῷ
2475 2798 2802 2866 πεποίηνται
2841 2797 3046 2858 πίστιν,
3077 2792 3364 2864 ἄνθρωπον
3403 2792 3502 2862 μὲν
3540 2787 3690 2843 εἶναι
3746 2791 3900 2857 νομί-

2296 2893 2482 2955 ζοντες
2519 2891 2651 2944 αὑτὸ
2680 2890 2742 2959 δὴ
2784 2888 2941 2942 τοῦτο
2971 2888 3147 2958 ψιλὸν,
3188 2886 3521 2956 ἠγνοηκότες
3549 2884 3610 2950 δὲ
3650 2884 3742 2934 ὅτι
3774 2882 3902 2942 Bai;

2299 2983 2373 3036 ὢν
2414 2985 2442 3036 ό
2475 2983 2645 3049 Λόγος
2677 2980 2972 3034 ἐπελάϐετο
3005 2979 3317 3048 σπέρματος
3356 2974 3640 3044 Ἀϐραὰμ,
3681 2973 3783 3025 καὶ
3812 2989 3902 3022 κε.

2301 3074 2630 3143 κοινώνηκεν
2659 3074 2888 3141 αἵματος
2921 3069 3014 3122 καὶ
3047 3068 3251 3139 σαρκὸς
3284 3064 3698 3136 παραπλησίως
3735 3066 3900 3133 ἡμῖν⁸

2302 3165 2441 3232 πλὴν
2469 3164 2568 3216 οὑκ
2594 3163 2804 3230 ἀπέστη
2831 3161 2926 3213 τοῦ
2959 3156 3097 3212 εἶναι
3119 3159 3280 3222 Θεόςο
3319 3159 3595 3228 ἄτρεπτος
3620 3156 3738 3226 γὰρ
3767 3155 3905 3206 κατὰ

625 3242 876 3287 naturam
904 3229 1277 3294 immutabilis,
1331 3238 1700 3296 perpetuoque
1752 3232 1866 3296 ipse
1923 3231 2060 3284 idem
2093 3239 2194 3283 est.

2303 3254 2463 3324 φύσιν
2483 3253 2618 3315 ἐστὶ,
2642 3253 2735 3306 καὶ
2757 3251 3018 3322 διηνεκῶς
3043 3252 3070 3302 ό
3101 3251 3284 3313 αὑτός.
3321 3243 3683 3318 «Ὅτανρῦν,
3716 3266 3792 3317 φη
3805 3249 3904 3309 σίν,

625 3323 716 3376 Ait
777 3336 939 3391 ergo:
988 3338 1007 3370 ‹
1058 3318 1192 3374 Cum
1249 3321 1621 3375 exaltareritis
1698 3319 1893 3373 Filium
1947 3320 2200 3386 hominis,

627 3429 758 3468 tunc
807 3413 1146 3484 cognoscetis
1170 3413 1296 3484 quia
1327 3428 1428 3482 ego
1453 3429 1571 3467 sum
1601 3413 1644 3468 δ.
1680 3433 1699 3466 ›
1737 3413 1995 3481 Quamvis
2054 3414 2200 3469 enim

626 3506 921 3561 secundum
990 3506 1280 3561 humanam
1349 3517 1596 3559 naturam
1647 3507 1826 3562 crucis
1875 3508 2200 3576 Supplicium

631 3600 873 3674 pertulit,
902 3601 1079 3654 divina
1119 3610 1296 3653 tamen
1350 3601 1550 3654 virtute
1597 3603 1913 3656 resurrexit.
1972 3602 2203 3671 Propter

633 3691 1086 3746 resurrectionem
1114 3703 1290 3744 autem
1323 3700 1379 3744 et
1408 3707 1565 3745 verus
1602 3693 1759 3754 Deus,
1797 3702 1852 3746 et
1876 3709 2036 3747 verus
2083 3709 2203 3748 rur-

631 3799 750 3839 sum
782 3783 875 3840 Dei
904 3782 1074 3839 Filius
1100 3785 1340 3837 creditus
1365 3793 1470 3838 est.
1507 3785 1661 3850 Quod
1697 3785 1739 3837 si
1764 3800 1886 3838 eunt
1933 3801 2036 3838 non
2068 3787 2204 3840 alte-

633 3891 750 3930 rum
773 3876 1162 3941 exsuscitasse,
1195 3878 1288 3929 sed
1314 3878 1488 3943 ipsum
1515 3879 1880 3931 resurrexissc
1909 3881 2202 3945 credimus,

631 3983 829 4036 corpus
857 3969 1062 4037 utique,
1091 3973 1235 4036 quod
1264 3980 1493 4023 mortem
1548 3985 1862 4040 perpessum
1907 3983 2014 4038 est,
2069 3989 2196 4042 pro-

632 4059 807 4126 prium
841 4059 997 4113 illius
1025 4061 1426 4128 dispensatorie
1467 4063 1744 4115 exstitisse
1792 4072 2098 4117 statuamus
2136 4079 2198 4118 o-

636 4150 1052 4223 portet:l38
1081 4165 1186 4218 quo
1249 4152 1349 4204 hac
1400 4153 1654 4207 nimirum
1712 4155 1925 4206 ratione
1981 4166 2036 4208 et
2093 4156 2208 4226 ipse

634 4257 869 4312 quoque,
905 4244 1032 4298 licet
1053 4255 1244 4312 suapte
1276 4257 1466 4297 natura
1495 4246 1814 4300 immortalis
1860 4246 1930 4300 sit
1956 4257 2012 4299 ut
2039 4247 2206 4311 Deus,

637 4335 1002 4390 resurrexisse
1042 4335 1172 4390 dicit
1203 4347 1388 4406 queat.
1440 4335 1612 4392 Unius
1667 4338 1812 4390 enim
1856 4340 2209 4410 ejusdemque

632 4427 838 4481 Christi
875 4439 924 4480 et
957 4427 1077 4480 Filii
1123 4439 1351 4482 mortem
1381 4430 1788 4494 annuntiantes,
1840 4441 1890 4485 et
1960 4447 2208 4486 resurre-

631 4518 868 4572 ctionem
905 4518 1252 4582 conﬁtentes,
1280 4521 1645 4588 jnstilicamur
1692 4537 1786 4590 per
1822 4523 2002 4576 ﬁdem.
2060 4524 2208 4578 Unus

634 4609 798 4677 igitur
828 4610 1077 4677 idemque
1105 4619 1157 4664 et
1177 4612 1323 4666 solus
1356 4611 1606 4666 Christus
1625 4612 1803 4680 Jesus,
1849 4625 1905 4668 ut
1929 4616 2090 4670 homo
2117 4633 2205 4671 se-
2240 4592 2283 4645 υ

633 4700 869 4753 cundum
897 4715 1114 4754 carnem
1148 4711 1423 4768 mortuus;
1486 4713 1541 4756 ut
1573 4705 1715 4760 Deus
1761 4715 1942 4764 autem
1971 4714 2024 4761 et
2071 4708 2201 4773 vita,

633 4792 999 4845 resurrexisse
1035 4792 1252 4847 dicitur.

708 4877 826 4932 XV.
891 4899 908 4932 ι
938 4881 1429 4936 Circumdederunt
1463 4898 1593 4952 ergo
1621 4900 1742 4938 eum
1779 4886 2044 4951 Jttdaai,et
2067 4888 2210 4941 dice-

636 4971 766 5023 bant
786 4972 865 5024 ei:
894 4974 1186 5042 Quousque
1219 4975 1457 5028 animam
1495 4985 1734 5030 nostram
1763 4979 1943 5031 tollis?
1979 4980 2035 5030 Si
2072 4988 2125 5029 tu
2151 4993 2209 5031 es

634 5060 906 5128 Christus,
937 5065 1022 5118 dic
1071 5067 1226 5120 nobis
1251 5066 1448 5135 palam.
1518 5066 1816 5133 Respondit
1867 5069 1974 5123 illis
2004 5068 2160 5122 Jesus
2192 5081 2207 5119 :

633 5151 876 5206 Locutus
917 5168 1033 5205 sum
1062 5158 1238 5222 vobis,
1293 5169 1348 5212 et
1402 5175 1507 5212 non
1555 5159 1815 5214 creditis:
1878 5175 2040 5227 opera
2092 5173 2213 5225 quae

635 5257 732 5314 ego
764 5242 903 5296 facio
935 5244 986 5295 itt
1024 5247 1237 5300 nomine
1271 5249 1449 5305 Patris
1484 5251 1612 5316 mei,
1661 5251 1775 5305 haec
1842 5251 2210 5304 testimonium

701 5427 746 5459 θ’
788 5426 928 5479 ιιειιι·
988 5439 1059 5488 νς,
1090 5424 1182 5478 24.
1254 5426 1296 5456 ⁸⁸
1330 5425 1480 5482 Joan.
1515 5447 1658 5493 xxvr,
1694 5433 1782 5487 26.

633 5496 654 5527 ⁸
687 5499 847 5550 llehr.
887 5515 944 5558 ll,
988 5497 1075 5548 M.
1153 5499 1172 5525 ⁸
1213 5494 1366 5548 Joatt.
1411 5515 1502 5550 \‘lll
1531 5540 1543 5561 ,
1587 5503 1677 5558 ‘28.

1859 5431 1927 5465 "'
1971 5431 2094 5500 Sap.
2139 5446 2178 5490 ι,
2227 5429 2274 5481 7.

2307 3343 2558 3413 ὑψώσητε
2594 3346 2686 3397 τὸν
2712 3343 2839 3398 Υίδν
2870 3343 2970 3395 τοῦ
3003 3341 3326 3414 ἀνθρώπου,
3348 3342 3471 3394 τότε
3503 3340 3796 3408 γνώσεσθε
3827 3342 3906 3395 ὅτι

2304 3437 2414 3505 ἐγώ
2453 3439 2588 3507 είμι.
2627 3455 2644 3488 ι
2681 3435 3032 3506 Ἐσταυρώοη
3077 3434 3175 3504 μὲν
3211 3435 3317 3500 γὰρ
3356 3432 3764 3501 ἀνθρωπίνως,
3815 3435 3907 3484 άν-

2305 3529 2436 3582 ε6ίω
2464 3529 2520 3588 δὲ
2549 3529 2763 3591 θεῖκῶς’
2785 3529 2877 3580 καὶ
2910 3528 3268 3581 πεπίστευται
3295 3524 3382 3577 διὰ
3411 3524 3512 3592 τῆς
3545 3525 3910 3586 ἀναστάσεως

2305 3619 2385 3672 ὅτι
2418 3621 2514 3672 καὶ
2545 3619 2676 3681 Θεός
2720 3622 2857 3682 ἐστι,
2905 3617 2997 3670 καὶ
3030 3614 3164 3669 Θεοῦ
3209 3615 3330 3666 κατ’
3355 3612 3629 3681 ἀλήθειαν
3662 3613 3815 3675 Υἱός.
3851 3616 3907 3666 Ei

2303 3711 2359 3764 δὲ
2393 3710 2749 3764 πεπίστευται
2785 3710 2922 3779 πρὸς
2970 3707 3127 3776 ἡμῶν
3171 3707 3268 3774 οὑχ
3309 3705 3384 3768 ὡς
3425 3703 3625 3773 ἓτερον
3667 3705 3909 3772 ἀναστή-

2307 3817 2424 3862 σας,
2448 3802 2816 3870 ἐγηγερμένος
2837 3799 2892 3849 δὲ
2922 3798 3118 3865 μᾶλλον
3144 3798 3303 3859 αὑτός
3321 3814 3332 3824 '
3364 3795 3520 3848 πᾶσά
3547 3797 3673 3858 πως
3696 3797 3906 3865 ἀνάγκη

2306 3890 2394 3943 διὰ
2418 3891 2518 3961 τὴν
2548 3888 2859 3958 οἰκονομίαν
2888 3889 3020 3942 ἴδιον
3050 3887 3212 3940 αὑτοῦ
3243 3888 3405 3957 σῶμα
3431 3886 3689 3940 νοεῖσθαι
3719 3888 3782 3940 τὸ
3819 3905 3908 3940 πει

2307 3983 2500 4044 πονθὸς
2545 3983 2637 4034 τὸν
2687 3982 2936 4034 θάνατον·
2985 3980 3072 4033 ἵνα
3107 3980 3200 4032 καὶ
3243 3980 3406 4040 αὐτὸς
3454 3961 3776 4048 ἀναστῆναι
3822 3981 3906 4032 λέ-

2307 4090 2475 4142 γοιτο,
2518 4073 2694 4131 καίτοι
2719 4072 2818 4142 τὴν
2847 4071 3007 4141 φύσιν
3038 4071 3305 4133 ἀθάνατος
3331 4068 3409 4122 ὢν
3447 4070 3526 4133 ὡς
3557 4071 3725 4135 Θεός.
3769 4074 3908 4135 Ἔνος

2307 4168 2415 4239 γὰρ
2449 4165 2684 4238 Χριστοῦ
2713 4167 2808 4220 καὶ
2835 4164 2965 4218 Υίοῦ
2999 4165 3091 4219 τὸν
3125 4164 3354 4219 θάνατον
3405 4167 3906 4232 καταγγέλλοντες,

2310 4262 2404 4312 καὶ
2465 4258 2858 4337 ὁμολογοῦντες
2933 4256 3029 4325 τὴν
3121 4257 3464 4320 ἀνάστασιν,
3527 4250 3906 4335 ,δικαιούμεθα

2308 4351 2394 4404 διὰ
2430 4351 2685 4430 πίστεως.
2728 4342 2936 4402 Οὐκοῦν
2974 4348 3001 4400 ὁ
3037 4348 3196 4410 αὐτὸς
3241 4349 3316 4411 ὡς
3354 4343 3435 4410 εἷς
3484 4365 3553 4400 τε
3602 4351 3708 4403 καὶ
3757 4354 3906 4421 μόνος

2311 4444 2570 4514 ὑπάρχων
2620 4442 2853 4512 Χριστὸς
2890 4440 3125 4511 Ἰησοῦς,
3156 4439 3447 4493 ἀποθανεῖν
3483 4441 3591 4508 μὲν
3625 4442 3907 4512 ἀνθρωπί-

2312 4553 2418 4597 νως
2457 4534 2598 4587 κατὰ
2634 4535 2731 4604 τὴν
2783 4536 2960 4605 σάρκα
2991 4533 3238 4601 λέγεται,
3281 4525 3588 4603 ὲγηγέρθαι
3620 4535 3682 4589 δὲ
3724 4537 3905 4598 εἱκδςι

2314 4628 2388 4690 ὡς
2418 4620 2551 4697 ζωή.

2389 4884 2489 4935 IE'.
2539 4901 2554 4930 ι
2593 4881 2910 4951 Προσῄεσάν
2944 4896 3076 4935 ποτε
3105 4881 3182 4952 τῷ
3219 4883 3442 4953 Χριστῷ
3490 4885 3764 4952 λέγοντες
3801 4888 3915 4940 Ἰου-

2315 4975 2472 5026 δαῖοιο
2500 4975 2646 5035 Ἕως
2676 4972 2806 5024 πότε
2833 4971 2929 5043 τὴν
2964 4971 3144 5043 ψυχὴν
3170 4974 3329 5044 ἡμῶν
3356 4977 3580 5044 αἷρεις;
3611 4977 3681 5028 El
3718 4980 3782 5030 σὺ
3823 4977 3867 5030 εἷ
3897 4983 3915 5028 ὲ

2314 5065 2578 5135 Χριστὸς,
2630 5065 2752 5116 εἰπὲ
2801 5064 2932 5134 ἡμῖν
2966 5067 3267 5136 παρρησίᾳ.
3308 5065 3625 5137 Ἀπεκρίθη
3666 5073 3852 5134 αὐτοῖς
3893 5074 3913 5122 ὁ

2327 5157 2567 5225 Ἰησοῦςο
2607 5153 2770 5211 Εἶπον
2807 5159 2952 5227 ὑμῖν,
3000 5160 3095 5211 καὶ
3133 5161 3194 5211 οὐ
3243 5158 3562 5213 πιστεύετε.
3616 5162 3707 5216 Τὰ
3759 5165 3910 5231 ἔργα.

2316 5252 2350 5303 ὃι
2379 5248 2488 5316 ἐγὼ
2521 5248 2658 5301 ποιῶ
2693 5249 2749 5302 ἐν
2785 5251 2862 5320 τῷ
2900 5251 3123 5320 ὀνόματι
3156 5250 3250 5317 τοῦ
3296 5251 3518 5323 Πατρός
3571 5271 3707 5325 μου,
3756 5254 3914 5306 ταῦτα

2356 5429 2401 5459 ⁸³
2444 5428 2599 5482 Joan.
2633 5445 2749 5493 \‘lll,
2783 5430 2870 5484 9.8.
2947 5431 2960 5462 ¹
2997 5429 3153 5486 Joan.
3197 5448 3249 5498 ν,
3309 5433 3395 5488 18.
3477 5436 3496 5464 ¹
3529 5432 3702 5487 Joan.
3743 5451 3798 5500 ι,
3835 5436 3911 5494 53,

1745 5659 1912 5711 Varia:
1942 5660 2198 5714 lectiones
2227 5659 2429 5714 codicis
2472 5659 2828 5730 Seguieriuni.

701 5800 724 5830 ⁸
757 5789 1057 5851 θεσπέσιος.
1145 5793 1160 5826 ι
1196 5788 1414 5854 θεῐκιῖις.
