4042 6494
189 438 210 492 i
219 438 304 497 355

944 437 1035 492 AD
1074 433 1374 492 REGiNAS
1414 435 1499 489 DE
1539 434 1767 490 RECTA
1806 433 1960 490 FIDE
1998 434 2257 491 ORATIO
2297 434 2595 489 ALTERA.

3238 432 3376 488 1554

188 550 419 623 μαρτυρεῖ,
449 548 577 619 περὶ
610 547 764 619 ἐμοῦ.
792 566 811 600 ι
845 548 909 600 Τί
948 549 1011 619 δὴ
1041 550 1146 619 ἄρα
1194 550 1299 603 κάν
1328 547 1503 619 τούτῳ
1534 547 1699 617 φασὶν

1808 546 2095 614 perhibent
2122 546 2189 601 de
2221 562 2305 601 me
2334 546 2380 601 ⁵.
2422 565 2439 597 ›
2476 544 2680 611 Ecquid
2736 543 2843 605 hic,
2878 556 3097 610 qurrso,
3167 543 3372 610 dicunt,

68 680 87 711 ;η
182 647 225 699 οἱ
256 642 536 715 διορίζοντες
577 641 805 712 ἀμαθῶς
840 643 918 703 εἱς
958 641 1090 694 υίῶν
1128 641 1321 703 δυάδα,
1354 641 1449 694 καὶ
1490 642 1571 702 εἰς
1607 638 1699 692 δύο

181 737 431 807 Χριστοὺς,
474 736 564 788 τὸν
612 735 708 788 ἕνα
749 735 951 805 Κύριον
990 734 1196 804 Ἰησοῦν
1241 734 1515 805 Χριστόν;
1566 733 1701 803 Περὶ

180 830 299 891 τίνος
323 827 532 895 ἔφασκον
553 828 603 880 οἱ
635 827 879 881 Ἰουδαῖοι
898 843 909 855 ’
942 846 960 877 ‹
986 829 1046 879 Εί
1077 829 1140 881 σὺ
1169 821 1221 880 εἴ
1246 831 1273 881 ό
1297 829 1549 898 Χριστὸς,
1578 825 1698 879 εἰπὲ

179 920 290 989 ἡμῖν
316 918 608 990 παρῤησίᾳ;
641 936 658 968 ι
691 918 787 980 Τίς
812 918 868 969 δὲ
892 920 919 971 ὁ
944 918 1148 985 λέγων·
1183 938 1201 970 ι
1230 919 1312 971 Τὰ
1348 918 1503 988 ἔργα,
1533 917 1566 970 ἂ
1594 915 1703 983 ἐγὼ

178 1009 296 1061 ποιῶ
325 1010 372 1061 ἐν
398 1008 469 1078 τῷ
509 1009 730 1077 ὀνόματι
764 1007 855 1061 τοῦ
910 1009 1119 1079 Πατρός
1170 1027 1295 1078 μου,
1340 1008 1511 1062 ταῦτα
1560 1024 1702 1078 μαρ-

176 1102 309 1170 τυρεῖ
338 1101 448 1170 περὶ
487 1099 656 1169 spei};
688 1119 706 1150 ›
743 1100 902 1164 Τίνος
933 1097 1072 1155 εἷναί
1110 1118 1293 1172 φαμεν
1325 1102 1455 1154 ἴδιον
1482 1099 1702 1170 Πατέρα

174 1192 255 1244 τὸν
285 1191 425 1258 Θεόν;
469 1187 578 1259 ἆρα
628 1191 721 1244 τοῦ
757 1194 818 1244 ὲκ
854 1192 1111 1259 γυναικὸς
1158 1193 1264 1245 ἀνὰ
1317 1194 1482 1265 μέρος
1514 1211 1572 1247 τε
1612 1194 1703 1247 καὶ

76 1332 77 1337 η
174 1284 332 1347 ίδικῶς
365 1284 641 1353 νοουμένου
662 1324 676 1347 ,
705 1285 737 1355 ἢ
771 1285 863 1338 τοῦ
902 1286 1274 1353 Μονογενοῦς;
1308 1288 1500 1341 Καίτοι
1533 1287 1593 1340 τὸ
1622 1287 1706 1339 δύο

169 1376 336 1429 νασθαι
366 1374 652 1445 κατορθοῦν
689 1376 758 1428 τὰ
789 1376 888 1446 τῆς
922 1376 1176 1448 θεότητος
1208 1377 1367 1449 ἔργα,
1410 1378 1609 1449 πρέποι
1637 1377 1703 1431 ἂν

168 1467 255 1519 οὐκ
276 1466 564 1537 ἀνθρωπεία
588 1467 747 1533 φύσει
780 1468 942 1522 ποθέν
960 1485 973 1497 ·
1002 1470 1197 1522 πολλοῦ
1225 1488 1288 1539 γε
1327 1472 1456 1526 δεῖν.
1486 1470 1703 1542 Ἐπειδὴ

68 1636 69 1639 η
164 1559 216 1610 δὲ
243 1557 449 1628 ἐπλήρου
494 1559 726 1628 Χριστὸς
755 1560 825 1612 τὰ
854 1558 990 1631 ἔργα
1030 1560 1128 1614 τοῦ
1180 1563 1425 1633 Πατρὸς,
1471 1566 1570 1617 οὐκ
1609 1566 1700 1618 ἇν-

165 1646 355 1716 θρωπος
386 1646 445 1699 ἂν
478 1649 650 1699 νοοῖτο
692 1647 876 1716 ψιλὸς,
916 1649 1046 1712 Θεὸς
1080 1648 1135 1701 δὲ
1176 1651 1377 1719 μᾶλλον
1418 1653 1475 1703 ἐν
1508 1652 1703 1721 αἵματι

163 1737 247 1791 καὶ
274 1736 433 1807 σαρκὶ,
470 1736 797 1808 μεμενηκὼς
826 1736 964 1811 ὅπερ
988 1737 1076 1811 ἦν.
1113 1742 1450 1811 Ίσουργήσει
1480 1744 1587 1814 γὰρ
1615 1745 1705 1796 οῦ-

159 1846 257 1892 τως
298 1828 418 1895 ἔχων
444 1828 522 1897 τῷ
573 1829 689 1899 ἰδίῳ
722 1832 1011 1903 Γεννήτορι
1036 1847 1051 1863 ’
1092 1832 1306 1885 καὶτὸν
1347 1833 1440 1887 τοῦ
1494 1853 1702 1904 μυστη-

1802 639 1896 706 qui
1947 653 2113 691 unum
2151 637 2437 691 Dominum
2491 649 2732 688 nostrum
2776 632 2959 687 .Iesum
3014 634 3288 687 Christum
3323 636 3374 686 in

1802 730 1934 783 duos
1968 730 2129 793 filios,
2159 729 2490 795 totidemque
2549 725 2799 779 Cltristos
2856 724 3016 777 stulte
3082 723 3378 776 divellunt?

1804 819 1878 873 De
1906 819 2216 874 utroJudazi
2260 819 2508 872 aiebant:
2571 837 2589 867 ι
2627 816 2681 869 Si
2744 825 2795 867 tu
2848 830 2906 868 es
2955 813 3223 878 Chrisms,
3285 816 3375 870 dic

1804 911 1958 964 nobis
1995 911 2202 979 palam?
2228 929 2246 962 ι
2318 909 2448 964 liter
2483 922 2697 960 rursum
2764 906 2977 959 illorum
3009 906 3373 972 praedicabat:

1808 1020 1827 1053 ‹
1863 1001 2039 1071 Opera
2069 1017 2191 1071 qua:
2228 1017 2327 1071 ego
2360 999 2500 1055 facio
2558 998 2608 1051 in
2642 998 2863 1051 nomine
2892 996 3069 1050 Patris
3104 998 3226 1062 mei,
3286 996 3373 1049 illa

1804 1093 2175 1147 testimonium
2206 1092 2491 1161 perhibent
2520 1089 2583 1142 de
2619 1087 2738 1140 me?
2765 1106 2782 1137 ι
2820 1084 3007 1140 Utrius
3035 1087 3247 1139 tandem
3280 1086 3379 1139 Pa-

1804 1190 1939 1235 trem
1966 1181 2129 1235 Deum
2160 1195 2282 1238 esse
2329 1177 2667 1235 statuemus?
2697 1177 2885 1245 ejusne
2922 1177 3011 1246 qui
3045 1191 3111 1231 ex
3153 1175 3378 1229 muliere

1802 1285 1979 1327 ortum
2014 1274 2181 1336 ducit,
2239 1283 2297 1326 ut
2332 1287 2575 1327 seorsum
2611 1286 2707 1339 per
2736 1286 2795 1326 se
2828 1270 3010 1325 animo
3036 1268 3376 1337 concipitur,

1805 1382 1874 1420 an
1929 1381 2059 1420 vero
2112 1366 2283 1435 ipsius
2312 1365 2629 1434 Unigeniti?
2675 1365 2835 1433 Atqui
2878 1363 3058 1417 divina
3106 1377 3268 1431 opera
3324 1362 3374 1414 vi

1806 1457 2018 1527 propria
2054 1466 2291 1526 patrare,
2321 1473 2409 1512 res
2435 1467 2515 1511 est
2536 1472 2654 1525 quae
2676 1456 2926 1509 humana:
2962 1465 3170 1508 natura:
3208 1452 3376 1518 vires,

1805 1548 2156 1617 ejusdemque
2203 1549 2518 1602 facultatem
2584 1548 2739 1616 longe
2792 1547 3126 1614 multmuque
3188 1543 3376 1597 vincit.

1808 1641 1941 1706 Quia
1962 1656 2090 1710 ergo
2115 1639 2360 1696 Christus
2389 1641 2574 1695 eadem
2603 1656 2723 1709 quae
2746 1638 2909 1693 Pater
2939 1652 3101 1707 opera
3133 1635 3382 1705 perficie-

1809 1736 1933 1799 bat,
1972 1737 2156 1803 utique
2188 1749 2293 1789 non
2317 1743 2434 1788 erat
2453 1746 2620 1803 purus
2669 1733 2854 1797 homo,
2911 1731 3003 1785 sed
3038 1731 3177 1784 Deus
3223 1745 3386 1784 carne

1810 1826 2143 1895 etsanguiuc
2169 1826 2419 1891 vestitus,
2449 1833 2507 1877 ut
2538 1823 2783 1894 profecto
2811 1830 3055 1876 maneret
3074 1821 3216 1888 quod
3240 1831 3383 1873 erat.

68 1984 69 1989 η
162 1920 267 1991 ρίου
310 1918 450 1986 λόγον
490 1901 970 1994 καταμωμήσαιτοή
1006 1922 1072 1977 ἂν
1100 1924 1276 1988 οὐδεὶς
1317 1925 1424 1978 τῶν
1466 1901 1525 1978 εῦ
1574 1901 1707 1995 φρου

1811 1918 1890 1971 Ad
1925 1921 2068 1971 hunc
2090 1931 2221 1985 ergo
2248 1916 2463 1972 modum
2514 1914 2765 1978 allectus,
2817 1914 2965 1982 paria
2996 1928 3118 1967 cum
3152 1927 3249 1966 suo
3280 1911 3387 1965 Ge-

157 2013 388 2071 νούντων.

216 2277 325 2343 ις’.
347 2293 364 2326 ι
384 2274 453 2328 Τὸ
474 2274 531 2328 δὲ
559 2274 771 2329 παιδίον
798 2275 1020 2347 ηὔξανε,
1048 2276 1144 2329 καὶ
1172 2273 1528 2349 ἐκραταιοῦτο
1544 2273 1707 2327 πνεύ-

149 2384 271 2437 ματι
292 2407 304 2431 ,
352 2366 719 2436 πληρούμενον
754 2368 945 2436 σοφίας
968 2384 983 2399 ·
1017 2369 1111 2421 καὶ
1147 2367 1306 2438 χάρις
1348 2364 1480 2418 Θεοῦ
1511 2361 1577 2436 ἦν
1620 2366 1707 2418 ἐπ’

144 2458 336 2529 αὐτῷ.»
368 2460 472 2513 Καὶ
501 2460 694 2513 πάλιν·
728 2477 747 2510 ‹
778 2459 984 2529 Ἰησοῦς
1022 2460 1357 2531 προέκοπτεν
1392 2458 1581 2529 ἡλικίᾳ
1616 2458 1710 2511 καὶ

143 2552 299 2623 σοφίᾳ
320 2551 410 2606 καὶ
432 2552 612 2622 χάριτι
638 2552 791 2623 παρᾶ
813 2551 933 2622 Θεῷ
959 2553 1053 2605 καὶ
1078 2550 1399 2621 ἀνθρώποις.
1415 2571 1433 2602 ι
1465 2552 1600 2604 Ἕνα
1625 2551 1709 2603 λέ-

138 2661 317 2712 γοντες
345 2644 431 2697 τὸν
462 2644 663 2715 Κύριον
691 2644 849 2714 ἡμῶν
884 2644 1088 2713 Ἰησοῦν
1124 2645 1378 2715 Χριστὸν,
1422 2644 1516 2696 καὶ⁹
1567 2644 1712 2713 αὐτῷ

136 2734 522 2803 προσνέμοντες
562 2735 632 2786 τά
669 2751 728 2785 τε
769 2734 1084 2803 ἀνθρώπινα
1114 2738 1207 2786 καὶ
1258 2734 1568 2801 θεοπρεπῆ,
1600 2736 1711 2796 τοῖς

136 2824 237 2895 μὲν
280 2825 375 2895 τῆς
430 2812 709 2887 κενώσεως
759 2826 978 2895 μέτροις
1006 2824 1237 2893 πρέπειν
1285 2824 1498 2894 ἀληθῶς
1528 2826 1709 2878 διαδε-

133 2912 429 2983 6αιούμεθα
456 2913 514 2966 τό
537 2930 598 2966 τε
620 2913 718 2984 τὴν
748 2914 1064 2983 σωματικὴν
1085 2913 1311 2985 αὔξησιν
1342 2915 1707 2983 ἐπιδέχεσθαι,

130 3005 225 3058 καὶ
272 3004 375 3074 μὴν
430 3004 522 3057 καὶ
565 3004 627 3056 τὸ
676 3002 1100 3073 κραταιοῦσθαι,
1153 3005 1262 3057 τῶν
1314 3005 1409 3058 τοῦ
1461 3006 1711 3073 σώματος

126 3097 505 3169 ἀδρυνομένων
548 3098 752 3169 μορίων
793 3097 938 3151 κατὰ
998 3097 1171 3169 βραχύ
1197 3113 1211 3127 ο
1251 3100 1346 3152 καὶ
1380 3100 1511 3153 αὐτὸ
1550 3100 1606 3153 δὲ
1650 3101 1711 3154 τὸ

1812 2010 1984 2061 nitore
2012 2007 2287 2075 prtestabit
2318 2025 2332 2061 :
2376 2007 2727 2076 mysteriique
2750 2004 2910 2073 hujus
2934 2004 3073 2057 ratio
3111 2004 3179 2056 ita
3210 2005 3385 2073 expli-

1811 2108 1952 2163 cata,
1991 2099 2420 2167 reprehensione
2481 2098 2624 2168 apud
2685 2112 2833 2152 sanae
2893 2096 3089 2151 mentis
3139 2096 3388 2150 homines

1810 2201 1984 2244 vacat.

1880 2280 2019 2335 XVI.
2068 2302 2087 2333 ‹
2134 2281 2275 2335 Puer
2298 2291 2478 2335 autem
2511 2280 2814 2343 crescebat,
2870 2288 2922 2333 et
2971 2280 3389 2334 contortabatur

1810 2374 2033 2439 spiritu,
2091 2374 2281 2441 plenus
2335 2371 2640 2441 sapientia;
2689 2380 2745 2425 et
2792 2372 2965 2439 gratia
3014 2369 3105 2424 Dei
3162 2379 3280 2424 erat
3332 2370 3384 2423 in

1815 2465 1976 2533 illo“;
2016 2483 2033 2517 ι
2070 2475 2127 2519 et
2162 2463 2303 2518 infra
2337 2481 2350 2517 :
2392 2481 2409 2513 ι
2446 2461 2603 2517 Jesus
2656 2461 2971 2531 proficiebat
3015 2462 3278 2528 sapientia
3328 2472 3384 2515 et

1813 2568 1973 2613 aetate
2002 2557 2244 2626 etgratia
2280 2556 2419 2625 apud
2455 2556 2619 2609 Deum
2649 2565 2704 2609 et
2735 2555 3072 2609 bominesh
3103 2557 3387 2608 Dominum

1813 2660 2056 2704 nostrum
2082 2649 2264 2704 Jesnm
2296 2650 2574 2704 Christum
2620 2662 2787 2701 unum
2840 2648 3063 2701 omnino
3096 2661 3214 2699 esse
3246 2644 3388 2698 afﬁr-

1813 2751 2043 2802 mantes,
2077 2743 2423 2808 humanaque
2448 2753 2511 2792 ac
2544 2739 2723 2791 divina
2756 2754 2821 2793 ex
2878 2753 3034 2806 aequo
3086 2738 3261 2790 eidem
3291 2736 3386 2790 tri-

1812 2828 2059 2894 buentes,
2091 2829 2449 2883 exiuanitioni
2486 2828 2703 2898 quidem
2758 2844 2885 2883 vere
2914 2830 3205 2891 convenire
3237 2842 3387 2882 asse~

1812 2921 1982 2975 rimus
2006 2937 2126 2975 cum
2156 2921 2399 2990 corporei
2438 2921 2756 2975 incrementi
2811 2922 3233 2989 susceptionem,
3270 2931 3381 2973 tum

1812 3014 2253 3082 corpulentarum
2278 3028 2491 3082 quoque
2522 3013 2754 3081 partium
2798 3014 3164 3066 successivam
3198 3028 3387 3065 conso-

1812 3107 2124 3161 lidationem
2151 3115 2205 3161 et
2240 3105 2742 3166 conﬁrmationem;
2788 3113 2898 3155 tum
2934 3104 3033 3158 hoc
3084 3103 3255 3170 ipsum
3297 3103 3386 3156 de-

123 3190 301 3242 δοκεῖν
350 3189 689 3260 πληροῦσθαι
741 3190 968 3260 σοφίας,
1025 3191 1114 3245 διά
1156 3208 1219 3259 γε
1254 3191 1315 3244 τὸ
1357 3193 1520 3244 οίονελ⁵
1571 3193 1708 3264 πρὸς

1815 3199 1997 3267 nique,
2032 3197 2173 3266 quod
2210 3197 2475 3266 sapientia
2524 3193 2731 3262 impleri
2788 3194 3100 3248 videretur:
3138 3192 3386 3261 quandoo

120 3286 365 3339 ἐπίδοσιν
398 3289 463 3356 τῇ
493 3287 585 3339 τοῦ
617 3285 865 3356 σώματος
898 3287 1086 3357 ἡλικίᾳ
1120 3287 1580 3359 πρεπωδεστάτην
1611 3289 1706 3358 τῆς

119 3379 355 3447 ἐνούσης
425 3378 573 3447 αὑτῷ
635 3378 824 3445 σοφίας
895 3380 1192 3449 ἀναφοιτᾷν
1247 3379 1344 3450 τὴν
1404 3379 1704 3447 ἕκφανσινο

116 3473 216 3525 καὶ
248 3470 409 3523 ταυτὶ
446 3471 562 3539 μὲν,
595 3469 668 3531 ὡς
710 3470 864 3539 ἔφην,
895 3473 960 3541 τῇ
1015 3471 1151 3541 μετὰ
1187 3472 1387 3541 σαρκὸς
1426 3471 1709 3541 οἰκονομίᾳ

114 3561 326 3632 πρέποι
364 3544 451 3625 ἂν,
485 3560 578 3613 καὶ
618 3561 730 3622 τοῖς
773 3562 871 3629 τῆς
902 3561 1150 3629 ὕφέσεως
1179 3562 1417 3631 μέτροις.
1448 3563 1526 3632 Τῇ
1557 3562 1613 3614 δέ
1644 3579 1707 3629 γε

110 3654 280 3724 φύσει
302 3653 397 3707 τοῦ
416 3653 587 3721 Λόγου
613 3653 812 3724 πρέποι
837 3653 900 3706 ἂν
926 3653 1086 3705 πάλιν
1107 3654 1167 3705 τὸ
1190 3654 1277 3705 ἀεὶ
1297 3653 1517 3715 τελείως
1538 3655 1703 3725 ἔχειν,

107 3748 209 3801 καὶ
251 3747 398 3800 εἶναι
450 3737 660 3815 σοφίαν.
689 3745 862 3799 Αὑτοῦ
910 3744 1198 3816 τοιγαροῦν
1248 3745 1603 3815 ἀνθρωπίνως
1646 3747 1708 3797 τὸ

103 3839 185 3902 ὡς
223 3840 284 3891 ἐν
315 3837 545 3891 κενώσει
573 3837 733 3907 τυχὸν
767 3837 1083 3905 ὑφειμένον·
1118 3834 1282 3889 αὐτοῦ
1316 3836 1372 3889 δὲ
1406 3837 1607 3906 ὁμοίως
1640 3836 1709 3889 τὰ

104 3929 429 3998 θεοπρεπῆ,
460 3929 673 3992 θεῖκῶς.
718 3932 758 3981 Ο
789 3929 895 3999 γάρ
925 3946 986 3982 το
1036 3929 1130 3999 τῆς
1170 3928 1305 3998 μετὰ
1329 3929 1531 3997 σαρκὸς
1563 3930 1707 3981 οἰκο-

98 4019 311 4089 νομίας
346 4019 553 4091 τρόπος
586 4036 645 4070 τε
692 4018 785 4070 καὶ
830 4018 985 4084 λόγος
1034 4016 1171 4070 οἶδεν
1206 4020 1334 4071 ὄντα
1382 4020 1542 4071 αὑτὸν
1586 4019 1705 4071 καθ’

91 4114 279 4183 ἡμᾶς,
315 4113 418 4165 καὶ
447 4112 585 4181 ὑπὲρ
619 4112 785 4180 ἡμᾶς.
805 4109 1169 4179 ’Υπερέχοντα
1204 4111 1300 4177 μὲν
1328 4111 1436 4161 τῶν
1466 4111 1561 4178 τῆς
1597 4112 1708 4161 κτί-

93 4220 248 4266 σεως
281 4203 507 4274 μέτρων
540 4202 615 4264 ὡς
643 4202 800 4253 Θεόν·
832 4200 1025 4253 ἑαυτοῦ
1058 4201 1115 4253 δέ
1147 4218 1259 4263 πως
1296 4203 1579 4271 μονονουχὶ
1614 4204 1706 4253 καὶ

86 4294 460 4365 ἡττώμενον,
490 4295 626 4347 καθὸ
660 4294 902 4365 πέφηνεν
932 4293 1236 4365 ἄνθρωπος.
1267 4296 1375 4347 Ποῦ
1406 4296 1511 4365 γὰρ
1542 4298 1573 4364 ἡ
1608 4313 1703 4347 τα-

83 4386 400 4449 πείνωσις,
447 4388 515 4457 ἢν
560 4386 849 4455 ὑπέμεινεν
882 4386 1041 4451 ἑκὼν,
1073 4388 1121 4439 εί
1152 4390 1467 4456 παραιτοῑτο
1501 4387 1568 4439 τὰ
1608 4388 1703 4440 ἁν-

80 4478 409 4549 θρὼπινας
457 4480 604 4548 Πλὴν
644 4480 744 4532 οὐκ
784 4481 840 4531 ἐν
878 4481 1060 4543 αὐτοῖς
1096 4480 1128 4548 ὴ
1180 4479 1272 4532 τοῦ
1308 4478 1468 4547 λόγου
1505 4482 1704 4531 νοεῖται

1812 3292 2026 3360 quidem
2054 3305 2160 3343 una
2182 3304 2302 3343 cum
2330 3289 2664 3341 incremento
2692 3285 2937 3355 corporis
2961 3300 3056 3355 per
3081 3300 3387 3355 congruen-

1811 3391 1891 3436 tes
1916 3382 2078 3436 velnti
2122 3394 2462 3450 progressus,
2509 3379 2774 3446 sapientia
2822 3378 2965 3431 illius
3004 3380 3245 3446 quotidie
3276 3394 3388 3430 ma-

1810 3475 1893 3544 gis
1939 3476 2217 3542 magisque
2250 3472 2381 3525 foris
2417 3486 2535 3525 sese
2559 3471 2843 3538 prodebat.
2879 3470 2941 3522 Et
2976 3471 3088 3524 haec
3138 3470 3387 3538 quidem,

1810 3576 1869 3619 ut
1902 3566 2033 3628 dixi,
2062 3565 2242 3619 carnis
2271 3566 2686 3635 dispensationi,
2731 3565 2889 3635 139
2949 3574 3003 3617 et
3062 3564 3388 3620 lnnniliatio-

1814 3658 1897 3712 nis
1950 3657 2246 3711 conditioni
2302 3658 2698 3726 competebant.
2748 3660 2815 3711 At
2887 3672 3013 3710 vero
3069 3668 3382 3723 perpetuam

1808 3760 2263 3820 Constantemque
2295 3751 2682 3819 perfectionem
2724 3751 2993 3813 obtinere,
3034 3766 3243 3804 necnon
3297 3766 3386 3804 sa-o

1810 3845 2065 3914 pientiam
2128 3858 2271 3908 esse,
2302 3846 2352 3897 id
2409 3846 2460 3897 iu
2499 3844 2667 3912 ipsius
2719 3842 2882 3897 Verbi
2938 3856 3187 3900 naturam
3252 3860 3381 3913 qua.

1810 3940 1949 3993 drat.
1986 3936 2116 3990 Tam
2150 3953 2211 3992 ea
2250 3938 2414 4007 igitur
2448 3938 2589 3990 illius
2623 3946 2745 3990 sunt
2781 3952 2899 4006 qure
2953 3940 3018 3989 ad
3053 3938 3383 3990 exinanitioo

1810 4046 1932 4083 nem
1967 4031 2257 4097 pertinent,
2285 4044 2445 4098 quam
2504 4044 2570 4081 ea
2635 4042 2877 4092 rursum,
2927 4044 3044 4096 qum
3084 4030 3147 4082 ad
3189 4029 3387 4084 divina:

1810 4134 2015 4177 naturae
2044 4124 2417 4177 excellentiam
2446 4130 2713 4190 spectant.
2749 4122 2959 4175 Etenim
2993 4125 3127 4175 ratio
3159 4127 3383 4179 modus-

1810 4231 1914 4285 que
1979 4216 2395 4284 dispensationis
2452 4230 2573 4267 cum
2623 4230 2787 4270 carne
2823 4219 3071 4274 eumdem
3127 4226 3179 4271 et
3229 4219 3383 4271 nobis

1808 4312 2063 4375 similem,
2120 4320 2174 4365 et
2228 4312 2382 4365 nobis
2442 4328 2656 4366 rursum
2724 4311 3056 4379 superiorem
3114 4314 3380 4376 agnoscit.

1807 4402 2267 4469 Quemadmodum
2292 4404 2439 4456 enim
2470 4406 2644 4457 omnis
2685 4414 2947 4457 creaturae
3014 4404 3379 4458 conditionem

1810 4494 1993 4547 multis
2036 4494 2280 4560 partibus
2325 4492 2539 4547 excellit
2574 4503 2632 4546 ut
2669 4493 2841 4555 Deus;
2884 4494 2953 4545 ita
2986 4502 3043 4545 ut
3094 4494 3253 4545 homo
3292 4510 3381 4547 se-

76 4570 297 4636 φύσις,
346 4569 655 4621 οἰκειοῦται
693 4571 749 4621 δὲ
803 4570 1003 4638 μᾶλλον
1056 4572 1195 4623 αὐτὰ
1248 4573 1381 4639 μετὰ
1416 4572 1513 4638 τῆς
1567 4573 1701 4633 ίδίας

1809 4587 2034 4652 metipso
2066 4586 2462 4651 quodammodo
2487 4584 2662 4636 minor
2680 4584 2916 4638 exsistit.
2938 4581 3206 4647 Quorsum
3233 4585 3376 4637 cnim

73 4658 342 4727 σαρκόςο
379 4658 636 4727 καθάπερ
684 4660 874 4722 ἀμέλει
908 4661 1001 4711 καὶ
1044 4662 1103 4711 τὸ
1148 4665 1338 4729 πεινῇν
1388 4665 1481 4713 καὶ
1516 4663 1694 4729 διψῆν,

70 4750 194 4802 καὶ·
210 4748 281 4799 τὸ
316 4747 582 4814 λέγεσθαι
610 4751 806 4815 καμεῖν
838 4750 900 4800 ὲκ
929 4749 1028 4815 τῆς
1053 4751 1377 4819 ὁδοιπορίας.
1409 4752 1576 4802 Ὅταν
1607 4749 1700 4804 οὖν

69 4842 312 4914 ἀκούῃς
346 4858 359 4867 ‘
405 4860 427 4892 ι
459 4840 531 4893 Τὸ
568 4840 625 4892 δὲ
674 4840 883 4891 παιδίον
930 4839 1163 4907 ηὔξανε,
1210 4842 1301 4893 καὶ
1344 4841 1701 4909 ἐκραταιοῦτο

68 4934 411 5005 πνεύματι,
449 4932 820 5002 πληρούμενον
852 4928 1068 4997 σοφίας·
1107 4949 1123 4976 ι
1156 4930 1309 4999 δέχου
1340 4934 1471 5000 πρὸς
1507 4933 1697 4986 ἀπολο-

68 5028 209 5096 γίαν
247 5030 364 5098 τῆς
404 5027 546 5097 μετὰ
577 5023 773 5096 σαρκῆς
799 5022 1109 5089 οἰκονομίας
1136 5024 1198 5074 τὸ
1228 5025 1544 5093 μυστήριον.
1574 5024 1697 5077 ’Ὁτι

68 5121 188 5188 γὰρ
225 5116 309 5188 ἦν
359 5119 505 5181 Θεὸς
542 5120 599 5170 ἐν
635 5118 832 5188 σαρκὶ,
870 5114 1199 5167 πιστώσεται
1247 5117 1418 5184 λέγων
1477 5120 1636 5182 αὐτὸς
1676 5123 1703 5172 ὀ

68 5212 386 5279 μακάριος
438 5212 829 5279 εὐαγγελιστής
857 5229 869 5242 ·
915 5229 932 5261 ‹
966 5210 1082 5261 "Ott
1135 5208 1289 5278 χάρις
1328 5210 1463 5264 Θεοῦ
1499 5209 1565 5283 ἦν
1611 5216 1701 5266 ἐπ’

68 5301 259 5367 κὺτῴ,
294 5320 315 5350 ι
353 5303 442 5353 Οὐ
472 5304 580 5373 γὰρ
608 5305 680 5366 ὡς
712 5305 869 5371 χάριν
898 5303 1017 5373 ἕχον
1045 5302 1171 5373 παρ’
1197 5302 1383 5371 ἐτέρου
1413 5304 1567 5367 Θεοῦ,
1605 5307 1702 5373 χά-

68 5410 152 5444 οιν
201 5392 382 5460 ἔχειν
418 5394 637 5461 λέγεται
672 5396 827 5458 Θεοῦ,
861 5386 1080 5449 ἀλλ’νὸτι
1122 5396 1279 5464 χάριν
1324 5390 1435 5464 εἶχε
1478 5398 1537 5448 τὸ
1570 5416 1698 5449 παι-

68 5482 207 5543 ἰίον,
248 5482 427 5548 ἥπερ
461 5481 525 5531 ἂν
559 5484 743 5553 πρέπῃ
782 5485 919 5553 Θεῷ.
958 5486 1066 5538 Καὶ
1096 5486 1203 5553 γὰρ
1247 5480 1314 5553 ἦν
1348 5502 1403 5535 τε
1442 5488 1534 5538 καὶ
1583 5488 1696 5540 ἔστι

68 5572 201 5632 ὒεὺς
237 5572 271 5621 ὁ
308 5572 525 5635 Λόγος,
562 5574 656 5624 καὶ
685 5576 741 5625 ὲν
782 5578 945 5645 σαρκὶ
984 5574 1262 5644 πεφηνὼς,
1299 5579 1578 5631 τουτέστιν
1608 5581 1699 5632 5.»-

68 5679 311 5735 ρωπος
358 5662 492 5713 καθ’
524 5664 687 5731 ἡμᾶς.
742 5667 799 5717 Ei
849 5667 903 5717 δὲ
953 5668 1016 5738 δὴ
1065 5669 1272 5735 λέγοιτο
1324 5670 1483 5739 χάριν
1530 5673 1693 5741 ἔχειν,

123 5838 149 5870 ι
194 5836 399 5893 Joan.
463 5851 514 5899 Χ,
567 5834 656 5897 24,
704 5834 796 5887 25.
874 5839 893 5866 ⁸
929 5840 1056 5894 Luc.
1090 5859 1148 5905 ιι,
1190 5843 1278 5901 40.

438 5928 710 5992 PA'mOL.
758 5933 869 5992 GR.
918 5934 1169 5994 LXXVI.

1358 5847 1375 5876 ⁷
1411 5848 1540 5902 ibid.
1598 5850 1685 5905 52.

1807 4676 2129 4737 humiliatio,
2165 4677 2214 4727 in
2253 4691 2411 4743 quam
2443 4676 2581 4729 ultro
2607 4691 2665 4729 se
2693 4677 2931 4741 demisit,
2967 4678 3009 4731 si
3044 4692 3162 4743 qua:
3193 4678 3382 4728 Imma-

1804 4782 1886 4819 me
1914 4776 2117 4820 naturae
2148 4776 2273 4819 sunt
2310 4768 2525 4835 propria
2554 4784 2658 4821 non
2703 4771 2984 4837 agnoscit?
3046 4769 3156 4821 Non
3202 4779 3379 4821 tamen

1806 4856 1857 4909 in
1891 4857 2349 4925 ipsisagnoscitur
2382 4856 2540 4913 Verbi
2594 4869 2823 4924 natura;
2892 4862 2983 4912 sed
3041 4860 3219 4925 potius
3274 4876 3377 4912 ttna

1805 4963 1926 5003 cum
1956 4951 2169 5019 pr0pria
2191 4966 2353 5004 carne
2389 4967 2449 5005 ea
2474 4953 2650 5005 omnia
2683 4954 2782 5005 sibi
2827 4952 3040 5011 ascivit,
3071 4951 3376 5019 cujusmodi

1811 5052 1957 5105 sunt,
1982 5043 2209 5104 esurire,
2247 5043 2417 5107 sitire,
2442 5053 2494 5097 et
2532 5043 2741 5095 itineris
2775 5042 2957 5095 labore
2993 5042 3194 5113 frangi.
3239 5045 3372 5099 Cum

1814 5136 1973 5203 igitur
2007 5135 2161 5185 audis
2197 5155 2206 5187 :
2249 5153 2265 5183 ι
2301 5134 2438 5187 Puer
2470 5144 2646 5187 autem
2681 5139 2983 5201 crescebat,
3015 5149 3065 5190 et
3096 5139 3375 5192 conforta-

1809 5225 1964 5277 batttr
2020 5223 2230 5288 spiritu,
2299 5223 2485 5289 plenus
2533 5225 2832 5291 sapientia;
2889 5247 2905 5276 ι
2966 5230 3382 5297 dispensationis

1810 5328 1931 5367 cum
1981 5326 2142 5363 carne
2170 5314 2484 5379 mysterium
2514 5314 2563 5364 in
2598 5330 2772 5368 causa;
2822 5318 3183 5383 patrocinium
3222 5336 3378 5372 assu-

1812 5418 1913 5456 tuo.
1940 5401 2089 5466 Quod
2119 5413 2296 5453 autem
2330 5404 2465 5455 Deus
2497 5416 2608 5456 erat
2639 5406 2689 5457 in
2720 5423 2902 5471 carne,
2965 5410 3011 5458 id
3044 5410 3381 5477 evangelista

1810 5495 1907 5545 hac
1940 5492 2146 5544 ratione
2181 5492 2466 5545 conlinunt
2498 5513 2511 5548 :
2560 5514 2577 5546 ι
2615 5496 2899 5562 Quoniam.
2962 5498 3161 5562 inquit,
3194 5504 3369 5566 gratia

1811 5584 1901 5635 Dei
1934 5593 2047 5635 erat
2082 5584 2130 5633 in
2160 5583 2268 5639 illo.
2300 5604 2316 5634 ι
2358 5585 2467 5640 Nec
2494 5590 2635 5641 cuitu
2660 5592 2747 5641 Dei
2786 5591 3009 5653 gratiam
3069 5590 3271 5646 habere
3295 5594 3377 5645 di—

1809 5676 1948 5726 citur
1976 5715 1990 5739 ,
2021 5677 2172 5743 quasi
2204 5678 2268 5731 ab
2290 5680 2393 5731 alio
2428 5681 2532 5733 Deo
2567 5682 2707 5732 illam
2746 5690 3017 5735 mutuatus
3074 5680 3254 5747 fuerit,
3284 5685 3378 5739 sed

2912 5950 2983 6009 43
