4042 6454
650 377 786 432 1555
1634 375 1691 426 S.
1738 367 2012 426 CYRILLI
2050 366 2216 423 ALE)‘

2333 364 2516 420 DRlNI
2555 364 2870 419 ARCHIEP.
3782 366 3911 421 1356

644 497 810 563 quod,
847 509 966 548 eum
998 506 1128 563 puer
1153 501 1312 558 esset,
1339 491 1601 560 ejusmodi
1625 490 1797 560 gratia
1819 497 2043 543 ornatus
2073 497 2210 549 erat,

2328 487 2480 556 ἡγουν
2527 484 2858 552 προκόπτειν
2903 486 2959 537 ὲν
2995 486 3174 556 χάριτι
3210 487 3360 556 παρά
3405 505 3463 538 τε
3501 486 3628 556 Θεῷ
3681 486 3779 537 καὶ
3813 486 3911 536 ἀν-

645 602 746 655 qua
802 586 963 639 Deum
1019 585 1283 638 decebat:
1327 581 1758 650 quandoquidem
1800 580 1942 633 Deus
1983 578 2215 632 Verbum

2328 575 2593 646 θρώποις,
2642 575 2702 628 τὸ
2748 576 2971 637 ἀπεικὸς
3001 576 3152 628 οὐδέν
3179 594 3192 608 ο
3226 579 3274 628 εί
3323 578 3418 630 καὶ
3461 577 3634 638 αὐτὸς
3665 577 3696 626 6
3734 576 3912 644 Πατὴρ

643 687 781 737 erat,
811 687 864 729 et
899 687 1002 739 est,
1041 677 1255 730 etiamsi
1291 675 1342 726 in
1372 689 1534 728 carne
1564 673 1896 738 apparuerit,
1952 671 2216 736 nobisque

2328 666 2614 734 ἀπεδέχετο
2642 664 2740 734 τὴν
2773 666 3106 734 οἰκονομίαν,
3142 667 3238 720 καὶ
3267 668 3432 720 αὑτὸν
3457 668 3515 719 δὲ
3553 667 3652 718 τὸν
3688 665 3818 717 Υίὸν
3845 670 3913 716 οξ-

644 766 839 818 similis
866 767 1088 819 ell‘ectus
1146 765 1234 818 sit.
1264 763 1406 816 Nihil
1441 763 1662 830 proinde
1689 762 1928 824 absurili,
1961 767 2099 810 auta
2137 772 2216 808 ra-

2328 755 2636 823 κειούμενον
2665 753 2731 805 τὰ
2764 756 3022 824 σαρκικὰ,
3050 755 3144 808 διὰ
3169 757 3235 809 τὸ
3258 756 3336 826 τῷ
3369 756 3670 826 μυστηρίῳ
3712 756 3914 825 πρέπον

642 857 786 911 tione
817 857 1050 910 alienum
1079 856 1362 916 asseritur,
1412 855 1456 907 si
1502 854 1667 906 etiam
1719 852 1952 920 gratiam
2000 849 2216 910 habere,

2328 862 2380 897 τε
2410 845 2545 914 ὁμοῦ
2578 846 2672 898 καὶ
2702 846 2762 896 τὸ
2795 848 3082 917 χρήσιμον.

642 950 739 1003 hoe
772 960 854 1004 est
890 950 1064 1018 gratia
1091 951 1226 1017 .‘tputl
1252 950 1414 1002 Deum
1451 958 1502 1001 et
1532 948 1776 1001 homines
1837 945 2096 1013 proﬁcere
2144 942 2388 995 dicatur:
2441 955 2563 994 nam
2607 943 2719 1008 ipse
2757 941 2915 994 Pater
2983 951 3092 1018 tam
3143 941 3317 1010 ipsam
3373 944 3565 996 carnis
3629 943 3918 1011 dispensa-

643 1045 862 1107 tionem,
890 1057 1047 1110 quam
1080 1041 1253 1110 ipsum
1281 1040 1442 1092 etiam
1476 1039 1671 1092 Filium
1713 1054 1832 1106 qure
1885 1036 2065 1090 carnis
2131 1045 2256 1088 sunt
2293 1035 2534 1103 propria,
2567 1042 2785 1103 propter
2849 1034 3134 1088 utilitatem
3179 1034 3541 1104 niysteriique
3597 1036 3920 1088 comenien-

643 1138 770 1187 tiam
805 1136 904 1187 sibi
939 1135 1311 1198 aseiscentem,
1340 1143 1558 1201 accepta
1584 1133 1831 1186 habebat.

713 1225 870 1278 XVII.
901 1244 918 1275 ι
946 1227 1018 1278 De
1038 1228 1122 1280 die
1143 1236 1319 1279 autem
1346 1227 1432 1278 illa
1457 1236 1510 1279 et
1542 1228 1673 1279 hora
1707 1241 1863 1278 nemo
1890 1226 2012 1291 scit,
2033 1238 2207 1292 neque

641 1318 815 1384 angeli
853 1317 1135 1379 caelorum,
1165 1331 1341 1384 neque
1366 1316 1554 1382 Filius,
1587 1317 1687 1370 nisi
1725 1317 1872 1371 solus
1901 1316 2062 1368 Pater
2101 1315 2142 1368 ⁸.
2184 1335 2202 1366 ι

643 1410 698 1462 Si
731 1409 1009 1463 Christum
1047 1425 1208 1462 unum
1244 1410 1536 1478 (objiciunt
1567 1410 1686 1478 illi),
1711 1411 1811 1464 hoe
1845 1421 1926 1463 est
1959 1409 2050 1462 Dei
2076 1407 2212 1462 Ver-

642 1503 766 1553 hum
829 1501 1196 1562 inearnatum,
1250 1502 1301 1552 id
1361 1513 1444 1554 est
1511 1502 1783 1555 hominem
1835 1500 2040 1554 factum
2091 1512 2212 1554 esse

641 1601 796 1644 rerto
838 1593 1101 1658 statuitis,
1153 1592 1428 1659 quomodo
1465 1593 1508 1645 is
1541 1591 2037 1646 consummationis
2066 1592 2208 1644 diem

642 1682 965 1752 ignoravit?
1018 1682 1430 1752 Respondemus
1499 1684 1805 1739 divinorum
1874 1693 2209 1737 secretorum

2391 1224 2487 1277 IZ'.
2532 1241 2551 1272 ι
2580 1221 2716 1291 Περὶ
2745 1220 2801 1272 δὲ
2827 1220 2926 1289 τῆς
2956 1219 3175 1290 ἡμέρας
3216 1219 3435 1288 ἐκείνης
3483 1218 3589 1270 καὶ
3634 1218 3749 1288 τῆς
3785 1218 3925 1287 ὧρας

2318 1314 2492 1375 οὐδεὶς
2538 1309 2697 1375 οἶδεν,
2741 1311 2863 1364 οὔτε
2909 1315 2957 1364 οἱ
2997 1312 3221 1380 ἄγγελοι
3261 1311 3371 1364 τῶν
3397 1311 3690 1384 οὐρανῶν,
3731 1310 3858 1364 οὔτε
3903 1314 3928 1362 6

2320 1406 2469 1468 Υἱὸς,
2504 1405 2551 1454 εί
2585 1404 2658 1472 μὴ
2688 1406 2715 1455 6
2750 1404 2957 1473 Πατήρ.
2985 1421 3003 1453 ι
3039 1405 3100 1456 Εί
3141 1403 3378 1473 Χριστὸν
3405 1403 3528 1465 ἕνα,
3569 1403 3780 1470 φασὶν,
3804 1406 3926 1471 ὀμο-

2317 1498 2498 1564 λογεῖν
2557 1494 2835 1562 ἐγνώκατε
2889 1495 2980 1546 τὸν
3031 1494 3168 1548 Θεοῦ
3221 1495 3393 1562 Λόγον
3459 1497 3930 1564 σεσαρκωμένον,

2317 1590 2484 1658 ἤγουν
2532 1585 3019 1657 ὲνηνθρωπηκὸτα,
3054 1586 3171 1647 πῶς
3222 1586 3461 1653 ἠγνόησε
3493 1584 3601 1655 τὴν
3655 1590 3769 1652 τῆς
3811 1603 3931 1636 συν-

2317 1677 2530 1739 τελείας
2558 1675 2808 1746 ἡμέραν;
2841 1675 3022 1744 Φαμὲν
3052 1671 3166 1738 οὖν,
3211 1663 3291 1726 δτι
3323 1675 3382 1727 τὸ
3430 1676 3724 1744 ἀγνοῆσαι
3775 1676 3928 1743 τυχὸν

643 1776 1034 1842 ignorationem
1105 1789 1278 1842 neque
1337 1777 1656 1842 probrosam
1722 1789 1842 1829 esse
1905 1783 2210 1838 creaturae,

2328 1769 2381 1821 τὰ
2410 1771 2466 1820 ὲν
2493 1768 2612 1836 Θεῷ
2658 1769 2952 1838 μυστήρια,
2988 1765 3113 1818 οὔτε
3147 1766 3416 1836 ἀσύνηθες
3443 1805 3459 1826 ,
3487 1765 3623 1818 οὔτε
3663 1771 3782 1836 μὴν
3815 1769 3917 1818 ἐτέ-

641 1880 815 1934 uequc
869 1865 1044 1918 eidem
1095 1878 1313 1932 quoque
1371 1865 1710 1916 inusitatam.
1783 1863 2058 1931 Scriptum
2129 1872 2213 1916 est

651 1954 831 2005 enim:
876 1971 894 2003 ι
933 1951 1064 2018 Quis
1105 1953 1252 2004 novit
1298 1961 1531 2006 mentem
1577 1952 1876 2007 Domini”?
1913 1971 1931 2002 ι
1973 1951 2026 2006 Si
2085 1965 2213 2019 ergo

641 2044 833 2105 Filius,
871 2051 1142 2112 quatenus
1189 2043 1350 2096 homo
1382 2040 1558 2096 factus
1608 2048 1717 2110 est,
1767 2062 1787 2093 ι
1841 2043 2114 2112 paululum
2145 2042 2217 2094 ab

643 2136 846 2204 angelis
880 2134 1182 2188 minoratus
1226 2152 1244 2184 ι
1284 2132 1484 2187 dicitur
1511 2135 1553 2165 ¹⁰
1594 2134 1738 2205 (nam
1773 2146 1831 2188 ut
1869 2136 2047 2201 Deus,
2094 2135 2216 2188 uni-

643 2242 813 2280 versa:
841 2237 1105 2280 creaturae
1145 2225 1414 2293 prrestat),
1457 2227 1583 2294 quid
1624 2228 1816 2280 mirum
1854 2237 1954 2289 est,
1985 2228 2026 2280 si
2064 2241 2214 2295 atque

644 2329 808 2385 atque
861 2318 1059 2388 angeli,
1114 2317 1207 2372 Dei
1283 2328 1494 2373 secreta
1551 2319 1804 2388 ignorare
1854 2319 2210 2387 perhibetur;

643 2411 769 2463 licet
818 2411 862 2464 is
913 2411 1002 2464 Dei
1058 2409 1235 2463 Patris
1283 2410 1547 2479 sapientia
1585 2421 1639 2463 et
1659 2412 1831 2464 virtus
1877 2412 1948 2465 sit
1987 2413 2026 2442 “
2060 2411 2082 2464 ?
2120 2411 2212 2464 Dei

640 2512 768 2550 vero
795 2496 973 2551 Patris
997 2499 1261 2566 sapientia
1297 2516 1400 2552 non
1440 2508 1619 2568 potest
1651 2514 1713 2553 ea
1751 2502 1985 2564 nescire,
2013 2517 2132 2571 quae
2156 2502 2208 2555 in

642 2593 760 2657 ipso
807 2589 987 2642 abdita
1033 2589 1217 2643 latent.
1260 2583 1421 2660 140
1446 2589 1500 2641 Si
1537 2589 1679 2642 enim
1724 2589 1960 2658 Spiritus
2003 2593 2210 2654 omnia,

643 2683 809 2734 etiam
863 2679 1124 2749 profunda
1175 2679 1270 2734 Dei
1327 2689 1602 2733 scrutatur
1645 2679 1722 2743 ι’,
1770 2690 1824 2733 et
1869 2681 1956 2732 ille
2010 2681 2211 2735 Christi

645 2771 880 2841 Spiritus
931 2780 1039 2834 est,
1086 2773 1360 2841 quomodo
1415 2772 1467 2823 id
1538 2771 1812 2837 nesciret,
1874 2773 2014 2838 quod
2070 2773 2216 2826 illius

647 2863 881 2933 Spiritus
942 2872 1132 2916 exacte
1181 2863 1380 2916 callet?
1415 2863 1593 2927 Quare
1652 2863 1779 2915 licet
1833 2873 1891 2914 ut
1926 2865 2085 2917 homo
2115 2865 2216 2916 ali-

645 2956 773 3023 quid
807 2951 1104 3007 nescivisse
1128 2955 1360 3015 dicatur,
1403 2966 1461 3003 ut
1501 2954 1639 3005 Deus
1674 2962 1850 3004 tamen
1892 2951 2073 3005 omnia
2117 2966 2215 3004 no-

654 3055 759 3099 rat.
794 3045 906 3098 Etsi
938 3058 1066 3112 ergo
1096 3052 1154 3096 ut
1182 3043 1342 3097 homo
1369 3043 1757 3111 ignoratioaem
1792 3058 1898 3110 prae
1927 3056 1986 3096 se
2030 3041 2215 3105 ferret,

644 3137 772 3191 dum
816 3136 882 3191 de
925 3134 1157 3196 Lazaro,
1208 3152 1227 3184 ι
1253 3135 1355 3189 Ubi
1398 3135 1650 3200 posuisti-5
1675 3149 1796 3187 eum
1827 3134 1908 3186 ‘3?
1937 3152 1954 3184 ι
1995 3148 2220 3202 percon-

648 3238 876 3292 taretur,
927 3243 1050 3281 mox
1086 3239 1286 3288 tamen,
1321 3227 1442 3280 dum
1483 3227 1685 3295 potenti
1735 3227 1934 3279 virtute
1963 3240 2029 3279 ex
2069 3242 2215 3280 mor-

649 3322 756 3374 tuis
811 3319 958 3372 illum
1002 3319 1333 3380 exsuscitat,
1378 3319 1542 3370 Deum
1573 3332 1630 3371 se
1661 3332 1780 3371 esse
1819 3328 2004 3386 aperte
2035 3317 2214 3370 deela-

648 3420 754 3462 rat.
805 3408 1126 3462 Tribuentes
1169 3407 1330 3476 igitur
1376 3407 1771 3459 incarnationis
1820 3405 2211 3475 dispensationi

2319 1875 2425 1926 ρως
2454 1858 2703 1929 ἀπρεπὲς
2731 1859 2796 1910 ἂν
2832 1857 2918 1927 είη
2949 1859 3017 1926 τῇ
3043 1857 3239 1909 κτίσει.
3273 1875 3290 1906 t
3327 1857 3426 1918 Τίς
3450 1856 3568 1928 γὰρ
3607 1857 3766 1924 ἔγνω
3804 1857 3918 1907 νοῦν

2316 1953 2557 2024 Κυρίου;
2605 1971 2622 2004 ι
2677 1952 2818 2005 κατά
2856 1951 2914 2003 τὸ
2965 1950 3371 2020 γεγραμμένον.
3427 1951 3541 2004 Καὶ
3594 1954 3646 2003 εἰ
3709 1951 3940 2016 λέγεται·

2319 2043 2492 2114 βραχὺ
2524 2045 2651 2112 παρ’
2684 2042 2950 2110 ἀγγέλους
2979 2042 3330 2110 ἡλαττῶσθαι
3365 2045 3394 2094 6
3431 2043 3601 2105 Υἱὸς,
3653 2044 3804 2095 καθὸ
3844 2045 3924 2108 γέ-

2316 2153 2472 2203 γονεν
2521 2135 2806 2204 ἄνθρωπος
2856 2132 3122 2203 δηλονότι,
3174 2135 3351 2186 καίτοι
3398 2136 3639 2198 κτίσεως
3700 2136 3920 2202 ἀπάσης

2316 2224 2392 2278 ὢν
2424 2225 2684 2277 ἐπέκεινα
2719 2223 2945 2286 θεῖκῶς’
2999 2224 3051 2274 τί
3101 2222 3161 2275 τὸ
3209 2222 3418 2291 θαῦμα,
3467 2223 3575 2276 κᾶν
3628 2226 3783 2293 ὁμοῦ
3817 2228 3922 2276 esi:

2317 2320 2572 2387 ἀγγέλοις
2594 2319 2806 2386 ἀγνοεῖν
2837 2317 3063 2388 λέγηται
3090 2316 3150 2368 τὸ
3181 2319 3237 2368 ὲν
3271 2314 3389 2384 Θεῷ
3423 2317 3771 2385 μυστήριον,
3796 2317 3926 2366 καί·

2319 2429 2402 2464 τοι
2437 2411 2598 2478 σοφία
2630 2410 2724 2462 καὶ
2745 2409 2974 2478 δύναμις
3001 2407 3262 2476 ὑπάρχων
3294 2407 3463 2459 αὑτοῦ
3489 2425 3502 2469 ;
3536 2403 3685 2460 Εἶτα
3719 2408 3843 2468 πῶς
3868 2407 3955 2458 ἄν’

2317 2503 2591 2572 ἠγνόησεν
2632 2504 2665 2571 ἡ
2717 2499 2874 2567 σοφία
2903 2498 2998 2551 τοῦ
3049 2498 3257 2567 Πατρὸς
3286 2499 3361 2549 τὰ
3391 2501 3448 2550 ὲν
3479 2499 3638 2568 αὐτῷ
3679 2516 3928 2568 κεκρυμ-

2324 2596 2495 2664 μένα;
2535 2595 2643 2645 Καὶ
2677 2594 2723 2644 εἰ
2764 2593 2824 2643 τὸ
2882 2589 3104 2659 Πνεῦμα
3153 2590 3380 2655 λέγεται
3429 2590 3621 2641 πάντα.
3665 2592 3926 2660 ἐρευνᾷν.

2318 2685 2412 2737 καὶ
2435 2686 2502 2737 τὰ
2527 2683 2665 2752 βάοη
2689 2681 2781 2735 τοῦ
2813 2681 2970 2746 Θεοῦ,
2992 2679 3218 2749 Πνεῦμα
3243 2679 3298 2731 δέ
3327 2681 3446 2731 ἐστι
3477 2679 3576 2732 τοῦ
3610 2681 3864 2750 Χριστοῦ
3882 2695 3929 2738 υ.

2319 2775 2437 2838 πῶς
2484 2774 2548 2827 ἂν
2597 2773 2758 2835 αὐτὸς
2812 2772 3104 2841 ἠγνόησεν,
3151 2771 3294 2840 ἆπερ
3351 2767 3494 2823 οἶδεν
3557 2772 3824 2841 ἀκριόῶς
3871 2774 3926 2822 τὸ

2319 2865 2546 2932 Πνεῦμα
2577 2863 2773 2924 αὐτοῦ;
2803 2861 3012 2914 Οὐκοῦν
3046 2862 3145 2914 κᾶν
3175 2863 3389 2927 ἀγνοεῖν
3427 2862 3804 2929 ἀνθρωπίνως
3839 2863 3928 2913 λέ-

2321 2969 2505 3021 γηται,
2552 2951 2664 3002 ἁλλ’
2699 2947 2808 3002 οἶδε
2846 2950 3061 3012 θεῐκῶς.
3095 2950 3208 3001 Καὶ
3249 2948 3402 3015 γοῦν,
3465 2967 3482 2998 t
3527 2950 3644 3003 Ποῦ
3686 2951 3927 3004 τέθειται

2323 3042 2606 3108 Λάζαρος;
2637 3059 2654 3090 ι
2678 3041 2915 3111 ἐρωτῶν,
2938 3040 3012 3102 ὼς
3039 3038 3157 3102 ἐξὸν
3188 3038 3336 3108 αὐτῷ
3359 3040 3433 3110 μὴ
3460 3041 3667 3094 εἰδέναι
3699 3044 3847 3095 κατὰ
3872 3045 3928 3096 τὸ

2325 3131 2685 3202 ἀνθρώπινον,
2734 3133 3008 3202 ὲνήργηκε
3056 3131 3272 3194 Θεῖκῶς,
3302 3131 3623 3202 ἀναστήσας
3658 3135 3835 3186 αὑτὸν
3871 3138 3927 3187 ἐκ

2328 3223 2559 3294 νεκρῶν.
2602 3222 2992 3285 Ἀπονέμοντες
3020 3221 3196 3274 τοίνυν
3231 3225 3297 3292 τῇ
3346 3223 3485 3293 μετὰ
3523 3227 3744 3294 σαρκὸς
3789 3229 3928 3279 eim-

2323 3315 2488 3385 νομίξι
2519 3314 2587 3367 τὰ
2618 3313 2970 3385 ἀνθρώπινα,
3000 3316 3331 3384 τηρήσωμεν
3361 3314 3612 3378 εὐσεϐῶς
3649 3322 3752 3370 καὶ
3807 3319 3930 3372 καθ’

2322 3407 2467 3474 ἡμᾶς
2500 3405 2742 3472 γεγονότι
2774 3403 2850 3473 τῷ
2880 3407 2945 3456 ἐκ
2970 3404 3106 3456 Θεοῦ
3147 3403 3306 3471 φύντι
3329 3405 3490 3474 Λόγῳ
3515 3408 3586 3458 τὰ
3616 3407 3926 3480 Θεοπρεπῆ.

647 3520 707 3555 ea
740 3517 858 3570 quae
890 3501 1123 3554 hominis
1175 3508 1330 3562 sunt,
1381 3512 1660 3552 servemus
1724 3498 1911 3564 etiam,
1961 3513 2065 3565 qua
2105 3500 2259 3553 decet
2298 3500 2522 3567 pietate,
2574 3498 2648 3552 illi
2692 3498 2785 3566 qui
2845 3498 3019 3552 instar
3068 3499 3236 3550 nostri
3306 3495 3486 3550 factus
3515 3510 3607 3552 est
3643 3501 3838 3564 homo,
3867 3516 3928 3555 ex

651 3593 760 3646 Deo
783 3591 963 3658 genito
993 3587 1194 3651 Verbo,
1227 3603 1345 3656 qua:
1372 3588 1471 3654 ipsi
1508 3598 1564 3640 ut
1593 3587 1702 3641 Deo
1732 3590 2079 3643 conveniunt.

721 3681 907 3736 XVlll.
952 3699 968 3731 ι
1022 3681 1284 3735 Clamavit
1335 3678 1494 3733 Jesus
1541 3695 1673 3733 voce
1717 3696 1939 3749 magna,
1971 3682 2163 3736 (licens
2202 3698 2216 3735 :

652 3772 796 3827 Deus
847 3787 1037 3836 meus,
1091 3771 1229 3826 Deus
1289 3786 1475 3834 meus,
1546 3770 1736 3838 utquid
1780 3787 1865 3824 me
1919 3773 2213 3842 dereliqui-

651 3868 716 3919 Sti
753 3864 834 3938 f‘i
867 3883 884 3915 ι
916 3863 1163 3931 Nunquid
1206 3864 1379 3930 ipsum
1419 3875 1634 3930 quoque
1672 3860 1927 3926 Verbum,
1973 3865 2116 3931 quod
2153 3879 2221 3917 ex

650 3958 762 4011 Deo
789 3956 947 4009 Patre
973 3964 1153 4007 natum
1195 3962 1296 4015 est,
1349 3953 1533 4006 divino
1567 3952 1769 4005 auxilio
1809 3952 2110 4021 indiguisse
2143 3955 2223 4008 tli—

651 4047 878 4104 cemus?
912 4046 982 4098 At
1011 4046 1136 4112 quid
1159 4060 1221 4098 eo
1249 4044 1353 4097 diei
1383 4053 1559 4112 potest
1591 4044 1842 4097 stultius?
1882 4046 2078 4098 Annon
2113 4061 2217 4098 una

651 4158 771 4195 eum
809 4141 916 4194 Deo
962 4138 1120 4192 Patre
1159 4137 1531 4191 universorum
1572 4135 1831 4190 Dominus
1863 4148 1976 4200 est,
2013 4152 2222 4206 suoque

652 4233 855 4302 Spiritu
889 4234 1082 4286 malum
1119 4231 1319 4292 lirmat,
1355 4245 1418 4283 ac
1448 4230 1711 4282 virtutum
1749 4229 2004 4283 Dominus
2039 4230 2221 4298 appel-

2396 3683 2504 3735 lH'.
2549 3701 2566 3733 ι
2615 3681 2838 3750 Ἐὗόησε
2873 3681 2931 3734 δὲ
2976 3683 3126 3751 φωνῇ
3177 3679 3392 3750 μεγάλῃ
3437 3681 3467 3733 ὁ
3529 3682 3793 3749 Ἰησοῦς·
3836 3684 3928 3734 Θεὲ

2331 3792 2455 3844 μου,
2487 3773 2588 3825 Θεέ
2623 3790 2747 3842 μου,
2783 3773 2873 3825 ἵνα
2921 3772 2973 3823 τί
3021 3789 3089 3842 με
3143 3771 3539 3840 ὲγκατέλιπες;
3580 3792 3601 3824 ι
3638 3770 3796 3844 Ἀρα
3845 3770 3929 3825 οὖν

2327 3867 2420 3917 καὶ
2465 3864 2625 3918 αὐτὸν
2666 3863 2988 3934 ἐπικουρίας
3014 3863 3113 3932 τῆς
3144 3863 3350 3916 ἄνωθέν
3397 3881 3590 3933 φαμεν
3645 3865 3929 3936 δεδεῆσθαι

2327 3957 2417 4007 τὸν
2451 3957 2512 4007 ἐκ
2548 3952 2682 4007 Θεοῦ
2731 3951 2941 4025 Ποὶτρὸς
2971 3955 3180 4022 Λόγον;
3210 3954 3404 4008 Καίτοι
3440 3957 3558 4018 πῶς
3588 3957 3762 4011 τοῦτό
3792 3962 3928 4010 ἐστιν

2329 4049 2427 4100 οὐκ
2475 4044 2670 4117 εὔηθες
2716 4046 2943 4116 κομιδῇς
2976 4046 3357 4116 Συγκατάρχει
3389 4048 3500 4118 γὰρ
3531 4049 3652 4098 τῶν
3685 4050 3829 4101 ὅλων
3861 4049 3926 4116 τῷ

2329 4138 2447 4207 θεῴ
2482 4138 2575 4190 καὶ
2606 4139 2784 4206 Πατρὶ
2808 4177 2822 4201 ,
2858 4139 2954 4189 καὶ
3001 4142 3212 4208 στερεοί
3247 4139 3345 4208 μὲν
3374 4140 3654 4210 οὐρανοὺς
3691 4142 3774 4209 τῷ
3826 4142 3926 4207 ἱδίῳ

2331 4228 2636 4297 Πνεύματι,
2664 4229 2867 4297 Κύριος
2899 4227 2955 4280 δὲ
2984 4230 3092 4280 τῶν
3119 4230 3403 4298 δυνάμεων
3457 4231 3808 4300 ὀνομάζεται
3846 4234 3926 4283 καὶ

651 4324 815 4391 latur,
849 4332 1012 4377 etest
1039 4323 1142 4375 hoc
1177 4322 1354 4389 ipsum
1393 4333 1516 4373 vere
1546 4320 1632 4371 "“i
1667 4319 1918 4387 Nunquid
1954 4335 2082 4390 ergo
2129 4322 2216 4373 ad‘

2333 4317 2445 4370 ἔστι
2487 4320 2629 4371 κατὰ
2676 4319 2954 4388 ἀλήθειαν.
3001 4321 3142 4372 Ἀλλ’
3186 4322 3450 4392 ἡτόνησεν
3501 4325 3618 4394 ἄρα
3669 4328 3808 4396 πρὸς
3841 4327 3926 4386 τὰς

650 4430 846 4469 versus
877 4412 1189 4466 Iudaeorum
1217 4413 1440 4466 insidias
1462 4412 1732 4481 elanguit?
1759 4410 2015 4480 Nunquid
2046 4413 2222 4466 cruci-

655 4505 934 4574 ﬁgentium
968 4517 1159 4555 manus
1183 4502 1452 4555 debellare
1482 4517 1586 4556 non
1620 4504 1791 4569 potuit
1813 4502 1836 4554 ‘?
1858 4505 2019 4569 Atqui
2047 4503 2213 4556 Isaias

651 4595 918 4665 propheta
949 4591 1027 4644 sic
1062 4591 1167 4644 ait:
1213 4607 1231 4640 ι
1271 4591 1325 4642 Si
1351 4607 1538 4644 omnes
1567 4603 1754 4660 gentes
1793 4595 1946 4660 quasi
1971 4594 2111 4646 stilla
2155 4594 2221 4648 de

653 4685 836 4746 situla,
881 4690 936 4736 et
976 4679 1129 4748 quasi
1162 4688 1492 4732 momentum
1525 4690 1743 4734 staterae
1770 4693 2033 4749 reputata:
2072 4693 2218 4746 sunt,

654 4774 881 4844 etquasi
933 4772 1098 4827 saliva
1157 4769 1606 4839 reputabuntur:
1668 4773 1753 4824 cui
1804 4788 1933 4842 ergo
1989 4775 2221 4827 similem

655 4859 862 4914 fecistis
888 4856 1096 4914 Deum?
1124 4864 1218 4909 aut
1245 4854 1332 4909 cui
1361 4853 1582 4921 imagini
1601 4856 1956 4921 comparastis
1976 4872 2095 4909 eum
2116 4858 2223 4909 ”?i

2329 4407 2438 4459 τῶν
2478 4408 2748 4460 Ἰουδαίων
2799 4409 3112 4476 ἐπιϐουλὰς,
3148 4411 3240 4462 καὶ
3274 4412 3492 4481 ἄμαχος
3521 4409 3597 4483 ἦν
3631 4416 3792 4486 αὑτῷ
3829 4417 3925 4468 τῶν

2332 4496 2711 4564 σταυρούντων
2763 4501 2797 4568 ἡ
2850 4499 2993 4570 χείρ.
3064 4501 3257 4553 Καίτοι
3319 4505 3491 4571 φησὶν
3554 4505 3587 4555 ὁ
3649 4510 3925 4576 προφήτης

2341 4588 2569 4651 ’Πσαῒας
2592 4605 2604 4618 ⁸
2643 4609 2660 4640 ι
2699 4591 2760 4643 El
2807 4592 2982 4645 πάντα
3021 4591 3089 4644 τὰ
3117 4591 3244 4664 ἔθνη
3276 4593 3352 4656 ὼς
3389 4595 3622 4661 σταγὼν
3671 4599 3783 4651 ἀπὸ
3808 4599 3925 4650 κάδ-

2330 4679 2420 4731 δου
2441 4722 2454 4745 ,
2485 4683 2578 4734 xul.
2603 4683 2677 4745 ὡς
2708 4682 2848 4752 ῥοπὴ
2883 4681 3050 4749 ζυγοῦ
3085 4683 3471 4753 ἐλογίσθησαν,
3518 4689 3620 4740 καὶ
3655 4691 3734 4752 ὡς
3766 4689 3926 4747 ciale;

2339 4770 2781 4840 λογισθὴσονται’
2815 4774 2923 4824 τίνι
2943 4773 3263 4842 ὼμοιώσατε
3289 4777 3381 4827 τὸν
3414 4777 3637 4846 Κύριον
3665 4799 3681 4842 ς
3724 4782 3815 4831 καὶ
3835 4781 3926 4829 τίνι

2341 4856 2982 4927 ὁμοιώματιὼμοιώσατε
3001 4862 3163 4913 αὑτὸν
3180 4879 3194 4925 ;
3211 4881 3226 4912 ι
3249 4864 3451 4917 ’ἰστέον
3474 4865 3555 4927 δὲ,
3574 4868 3665 4918 ὅτι
3687 4868 3928 4938 παρῆσαν

656 4949 969 5002 Meminisse
1027 4949 1129 5002 hoc
1181 4948 1302 5002 loco
1366 4953 1582 5014 oportet
1640 4941 1876 4998 Juduieae
1939 4945 2216 5014 Synagoga

2336 4946 2432 5012 μὲν
2463 4946 2513 4996 ol.
2542 4946 2638 5013 τῆς
2682 4946 2954 4999 Ἰουδαίων
2987 4949 3311 5017 συναγωγῆς
3342 4951 3660 5022 ὑπηρέται,
3701 4962 3801 5027 τὴν
3833 4957 3928 5008 τῶν

658 5037 1008 5092 administros
1049 5052 1168 5090 cum
1217 5037 1448 5090 militum
1482 5034 1739 5096 cohorte,
1776 5033 1909 5086 duce
1936 5035 2229 5101 proditore,

657 5130 887 5186 irruisse
913 5125 1167 5182 inlesum
1202 5148 1215 5183 :
1253 5131 1450 5197 quibus
1470 5137 1664 5181 uteum
1708 5125 2236 5191 comprehenderent

658 5220 1050 5291 querentibus,
1095 5220 1333 5272 occurrit
1373 5219 1484 5284 ille,
1541 5219 1768 5273 dicens:
1809 5233 1827 5266 ι
1868 5213 2034 5280 Quem
2089 5231 2234 5283 qua:-

1372 5372 1390 5398 ’
1433 5370 1534 5426 lsa.
1576 5390 1662 5436 XL,
1707 5372 1792 5425 l3.

1322 5441 1364 5471 ¹⁵
1395 5441 1534 5494 Psal.
1574 5458 1738 5508 χχχιι,
1772 5440 1824 5504 6,
1860 5441 1946 5495 10.

731 5383 751 5412 ⁸
793 5377 978 5431 Matth.
1013 5387 1159 5436 χειν,
1193 5369 1259 5423 56

662 5451 704 5480 ’⁸
735 5450 920 5510 Matth.
954 5460 1121 5510 xxvn,
1153 5442 1240 5497 66.

1876 5370 1918 5401 ¹⁰
1961 5370 2123 5426 llehr.
2177 5387 2232 5438 ιι,
2272 5372 2320 5426 7.

2336 5035 2687 5105 στρατιωτῶν
2713 5036 2928 5108 ἔχοντες
2963 5041 3216 5109 σπεῖραν,
3252 5041 3568 5110 ἡγούμενον
3599 5047 3662 5099 δὲ
3693 5050 3787 5101 τὸν
3815 5067 3929 5119 προ-

2333 5125 2512 5197 δότην.
2556 5127 2772 5199 Ἐπειδὴ
2807 5129 2862 5182 δὲ
2895 5129 3124 5200 ἐζήτουν
3168 5131 3330 5183 αὑτὸν
3379 5135 3799 5203 συλλαϐέσθαι,
3837 5145 3927 5193 ἀπ-

2339 5220 2469 5289 ήντα
2507 5220 2706 5287 λέγων·
2745 5242 2761 5274 ι
2793 5223 2927 5275 Τίνα
2963 5221 3212 5292 ζητεῖτε;
3244 5225 3305 5277 Οἱ
3334 5225 3391 5278 δὲ
3429 5230 3575 5299 πρὸς
3611 5233 3776 5285 τοῦτο
3810 5237 3924 5298 ἔτα-

2424 5375 2664 5453 ¹¹χίέοικ
2707 5394 2745 5444 ι,
2767 5378 2857 5430 24.
2938 5379 2980 5409 ¹²
3010 5377 3174 5435 lCor.
3206 5381 3381 5453 ",210.

3467 5386 3510 5415 ¹³
3540 5385 3706 5441 .I..an.
3755 5409 3812 5449 ll,
3852 5392 3922 5442 Si.

2025 5442 2068 5472 ¹⁶
2094 5439 2193 5494 lsa.
2234 5460 2319 5509 XL,
2355 5445 2438 5508 15,
2471 5445 2554 5498 l8.

1753 5596 1923 5653 Vari-.e
1961 5598 2220 5652 lectiones
2250 5599 2453 5652 codicis
2485 5599 2839 5668 Seguieriani.
