4042 6466
150 394 275 452 I557

147 600 353 673 Σωτήρ·
391 606 531 673 Ἐγώ
562 610 696 678 ειμι.
741 614 848 668 και
897 618 1136 687 ἀπῆλθον
1166 622 1242 681 εις
1278 600 1346 675 ea
1375 624 1566 692 ὀπίσω,
1601 632 1693 683 και

146 690 322 745 ἔπεσον
364 696 557 763 χαμαί.
592 717 611 748 ι
646 697 776 755 Εἶτα
816 706 933 768 πῶς
969 708 1035 760 ἂν
1077 710 1339 778 ὴτόνησεν
1373 717 1399 767 ὀ
1433 720 1525 771 καὶ
1554 690 1691 790 μόνῃ

144 785 203 851 τῇ
222 786 362 852 φωνῇ
382 783 480 853 τὴν
508 786 614 839 τῶν
642 792 1099 851 ἐπιϐουλευόντων
1128 799 1353 867 ἐλέγξας
1377 783 1688 873 ἀσθένειανξ

144 870 202 921 Τί
240 868 327 924 οὖν
364 872 473 943 ἄρα
517 876 762 945 βούλεται
802 885 1008 951 λέγων’
1056 908 1071 938 t
1110 889 1208 942 Θεέ
1251 911 1373 962 μου,
1418 898 1517 950 Θεέ
1564 868 1687 967 μου,

145 957 223 1009 ἵνα
246 959 294 1009 τί
324 977 391 1029 με
418 964 808 1034 ἐγκατέλιπες;
840 994 857 1023 ι
890 977 1073 1044 Φαμὲν
1100 957 1298 1046 τοίνυν,
1332 957 1413 1037 ὅτι
1438 987 1531 1039 τοῦ
1562 957 1692 1056 apo;

142 1048 364 1118 πάτορος
403 1054 571 1126 Ἀδὰμ
604 1061 703 1129 τὴν
752 1062 999 1119 δοθεῖσαν
1030 1070 1177 1140 αὑτῷ
1222 1077 1565 1146 πατήσαντος
1604 1048 1690 1130 εν·-

139 1137 304 1209 τολὴν,
346 1146 439 1197 καὶ
470 1148 561 1199 τοῦ
595 1149 738 1202 θείου
767 1137 1158 1225 ὰλογήσαντος-
1178 1137 1367 1233 νόμου,
1397 1137 1691 1233 ἐγκαταλέ-

137 1224 340 1282 λειπταί
390 1250 505 1297 πως
548 1238 578 1306 ἡ
628 1239 913 1309 ἀνθρώπου
964 1247 1125 1315 φύσις
1179 1255 1330 1324 παρὰ
1374 1255 1466 1307 τοῦ
1518 1257 1685 1311 Θεοῦ’

136 1317 315 1383 γέγονε
340 1322 396 1373 δὲ
434 1326 705 1394 ἐπάρατος
730 1329 817 1382 διὰ
856 1336 1032 1402 τοῦτο,
1065 1341 1158 1393 καὶ
1188 1317 1403 1414 θανάτῳ
1436 1347 1685 1419 κάτοχος.

147 1409 353 1483 Ἐπειδὴ
376 1414 432 1465 δὲ
459 1415 519 1467 τὸ
553 1421 812 1486 πεπονθὸς
830 1434 855 1460 ν
888 1428 1349 1501 ἁναστοιχειώσων
1372 1409 1450 1502 είς
1477 1409 1687 1511 ἀφθαρ-

134 1501 247 1553 σίαν
268 1504 609 1575 ἐπεδήμησεν
639 1511 666 1560 ὁ
698 1518 988 1588 μονογενὴς
1016 1522 1106 1573 τοῦ
1133 1523 1268 1578 Θεοῦ
1286 1528 1475 1597 Λόγος,
1494 1501 1687 1586 ἐπελά-

130 1590 246 1690 ὕετο
299 1608 357 1643 τε
421 1596 732 1690 σπέρματος
795 1605 1064 1679 Ἀϐραὰμ,
1120 1614 1214 1666 καὶ
1267 1590 1522 1690 ὡμοιώθη
1577 1626 1687 1686 τοῖς

132 1678 370 1745 ἀδελφοῖς
394 1719 407 1743 ,
447 1680 553 1735 ἔδει
589 1689 723 1754 μετὰ
759 1693 855 1761 τῆς
900 1678 1132 1765 ἀρχαίας
1173 1678 1385 1774 ἐκείνης
1415 1678 1554 1776 ἀράς
1592 1678 1685 1763 καί

123 1769 217 1837 τῆς
245 1771 568 1825 ἐπεισάκτου
596 1777 797 1849 φθορᾶς
827 1786 1123 1855 καταλῆξαι
1156 1791 1253 1860 τὴν
1277 1795 1680 1867 ἐγκατάλειψιν,

121 1859 185 1927 ἢν
220 1861 504 1954 ὑπέμεινεν
534 1868 593 1919 ὲν
619 1870 815 1940 ἀρχαῖς
856 1876 887 1943 ἡ
919 1876 1013 1927 τοῦ
1043 1859 1331 1949 ἀνθρώπου
1379 1888 1559 1954 φύσις.

120 1945 209 2001 οὖν
239 1945 315 2014 εἷς
346 1954 601 2025 ὑπάρχων
649 1961 758 2013 τῶν
790 1945 1402 2040 ὲγκαταλελειίιμένωνί
1422 1945 1556 2031 me}.
1586 1945 1678 2033 xui

118 2040 273 2103 αὑτὸς
333 2048 728 2117 παραπλησίως
798 2054 929 2121 ἡμῖν
982 2060 1242 2131 μετέσχεν
1301 2066 1529 2135 αἵματος
1585 2073 1677 2124 καὶ

119 2134 347 2202 σαρκὸς,
392 2136 482 2200 τὸ,
534 2157 551 2189 ‹
595 2140 711 2194 Ἵνα
754 2144 806 2195 τί
858 2163 924 2215 με
965 2134 1413 2220 ἐγκατέλιπεςςι
1464 2161 1628 2229 φησίν
1662 2180 1673 2191 ·

113 2224 246 2293 ὅπερ
273 2220 339 2295 ἦν
367 2226 580 2291 λύοντος
606 2231 853 2303 ἐναργῶς
882 2238 980 2309 τὴν
1016 2243 1303 2311 συμϐᾶσαν
1346 2220 1486 2315 ἡμῖν.
1508 2220 1675 2317 έγκα-

110 2314 373 2383 τάλειῴιν,
443 2319 537 2370 καὶ
582 2319 691 2373 οἷον
740 2327 1180 2394 ὲκδυσωποῦντος
1224 2336 1310 2402 ἐφ’
1363 2338 1540 2407 ἑαυτῷ
1588 2340 1676 2391 τὸν

112 2404 359 2474 Πατέρα,
394 2410 485 2459 καὶ
512 2410 803 2475 καλοῦντος
843 2417 923 2479 είς
971 2420 1258 2488 εὐμένειαν
1288 2423 1388 2493 τὴν
1426 2404 1523 2491 ἐφ’.
1546 2428 1676 2495 ἡμῖν

107 2493 181 2554 ὡς
213 2496 296 2561 ἐφ’
325 2498 501 2567 ἑαυτῷ
529 2501 623 2551 καί⁹
651 2502 850 2573 πρώτῳ
869 2522 882 2536 ⁸
915 2511 1112 2573 παντὸς
1157 2512 1265 2582 γὰρ
1299 2515 1428 2583 ἡμῖν
1455 2493 1675 2583 γέγονεν

103 2585 132 2634 ὁ
160 2587 389 2655 Χριστὸς
419 2592 623 2658 ἀγαθοῦ
656 2597 749 2647 καὶ
778 2598 935 2669 ἁρχὴ
957 2603 1047 2653 καὶ
1078 2604 1353 2672 πρόξενος.
1380 2607 1541 2659 ’Ὥστε
1574 2610 1674 2662 κᾶν

104 2676 157 2724 εἴ
179 2693 230 2726 τι
260 2678 471 2745 λέγοιτο
502 2681 685 2737 λαϐεῖν
710 2686 1065 2756 ἀνθρωπίνως
1107 2696 1258 2765 παρὰ
1300 2698 1391 2749 τοῦ
1438 2700 1669 2771 Πατρὸς,

99 2766 261 2817 τοῦτο
305 2772 368 2837 τῇ
415 2773 658 2843 ἡμετέρᾳ.
693 2779 1027 2850 προὺξένησε
1069 2784 1255 2851 φύσει,
1306 2789 1520 2859 πλήρης
1560 2766 1673 2846 ’ὑπ-

100 2857 283 2927 ἀρχων
316 2862 342 2911 ὁ
366 2862 549 2927 αὐτὸς,
593 2867 686 2919 καὶ
718 2869 929 2933 οὐδενὸς
970 2878 1295 2946 τοπαράπαν
1359 2857 1564 2952 ἐνδεὴς,
1596 2884 1671 2948 ὡς

97 2947 254 3011 Θεὸς.

163 3210 267 3263 ΙΘ¹.
308 3230 326 3262 ‹
365 3212 533 3267 Τοῦτο
567 3219 831 3286 φρονείτω
876 3221 1105 3287 ἕκαστος
1151 3228 1208 3278 ἐν
1242 3228 1370 3297 ὑμῖν
1402 3231 1603 3295 αὑτοῖς,
1638 3232 1666 3285 ὃ
1695 3206 1735 3263 C

88 3301 189 3353 καὶ
220 3304 278 3355 ἐν
315 3306 534 3376 Χριστῷ
571 3308 775 3378 Ἰησοῦ·
807 3312 864 3375 ὃς
894 3314 951 3366 ἐν
985 3320 1165 3388 μορφῇ
1199 3319 1332 3372 Θεοῦ
1384 3323 1662 3393 ὑπάρχων,

86 3394 188 3461 οὑχ
223 3395 513 3466 ἁρπαγμὸν
546 3400 784 3471 ἡγήσατο
834 3404 896 3456 τὸ
926 3402 1063 3458 εἶναι
1100 3410 1186 3461 ἴσα
1217 3412 1363 3480 Θεῷ*
1394 3413 1506 3465 ἀλλ’
1539 3417 1666 3467 ἑαυ-

82 3482 177 3534 τὸν
222 3485 479 3551 ὲκένωσε,
536 3494 748 3563 μορφὴν
786 3495 972 3548 δούλου
1018 3499 1226 3565 λαὸὼν,
1264 3505 1320 3555 ὲν
1357 3505 1663 3576 ὁμοιώματι

80 3572 396 3642 ἀνθρώπων
428 3583 737 3650 γενόμενος,
782 3588 874 3638 καὶ
907 3591 1145 3659 σχήματι
1193 3572 1436 3663 εὑρεθείς
1467 3572 1543 3661 ὡς
1570 3601 1662 3652 ἄν·

80 3662 345 3732 θρωπος·
394 3669 754 3725 ἐταπείνωσεν
809 3678 1029 3744 ἑαυτὸν,
1080 3684 1367 3753 γενόμενος
1425 3689 1659 3753 ὑπήκοος

80 3755 256 3824 μέχρι
297 3756 546 3823 θανάτου,
587 3761 814 3816 θανάτου
851 3767 906 3818 δὲ
947 3772 1202 3841 σταυροῦ.
1236 3776 1324 3827 Διὸ
1351 3778 1442 3829 καὶ
1479 3780 1505 3829 ὁ
1530 3779 1659 3841 Θεὸς

72 3846 248 3897 αὑτὸν
307 3849 654 3919 ὑπερύψωσε,
712 3859 805 3909 καὶ
848 3859 1139 3930 ἐχαρίσατο
1185 3866 1333 3935 αὑτῷ
1382 3870 1553 3933 ὄνομα
1597 3872 1658 3923 τὸ

74 3936 228 4006 ὑπὲρ
278 3941 386 3993 πᾶν
437 3942 641 4013 ὄνομα·
701 3947 784 3998 ἵνα
833 3951 888 4000 ἐν
932 3951 1008 4021 τῷ
1060 3954 1282 4025 ὀνόματι
1341 3960 1509 4028 Ἰησοῦ
1554 3965 1657 4015 πᾶν

64 4027 207 4092 γόνυ
265 4029 460 4101 κάμψῃ
508 4036 861 4106 ἐπουρανίων,
904 4044 996 4095 καὶ
1044 4046 1321 4113 ἐπιγείων,
1366 4053 1457 4102 καὶ
1487 4068 1652 4104 καταο

62 4118 347 4186 χθονίων·
399 4124 494 4175 καὶ
551 4129 699 4177 πᾶσα
760 4132 977 4195 γλῶσσα
1036 4136 1527 4208 ἐξομολογήσηται,
1570 4147 1650 4197 ὅτι

58 4210 287 4278 Κύριος
332 4212 535 4282 Ἰησοῦς
578 4218 808 4285 Χριστὸς
856 4226 932 4283 εἰς
967 4225 1122 4287 δόξαν
1167 4228 1301 4280 Θεοῦ
1350 4233 1580 4302 Πατρός.
1627 4255 1643 4285 ι

73 4300 221 4352 Ἰδοὺ
271 4302 335 4371 δὴ
383 4306 569 4373 σαφῶς
600 4309 687 4361 τὸν
718 4314 774 4363 ἐν
804 4318 980 4383 μορφῇ
1015 4318 1104 4368 καὶ
1143 4320 1345 4389 ἰσότητι
1387 4300 1479 4374 τοῦ
1514 4325 1648 4379 Θεοῦ

56 4392 165 4443 καὶ
220 4393 437 4463 Πατρὸς
479 4395 609 4449 Θεὸν
655 4402 828 4468 Λόγον
870 4406 965 4473 οὑχ
1023 4409 1311 4478 ἁρπαγμὸν
1347 4414 1649 4483 ἡγήσασθαί

56 4498 208 4551 φησι
240 4483 303 4535 τὸ
341 4481 478 4539 εἶναι
526 4488 614 4541 ἴσα
641 4492 788 4561 Θεῷ*
820 4498 1155 4551 κεκενῶσθαι
1186 4502 1239 4553 δὲ
1284 4505 1482 4571 μᾶλλον
1535 4508 1645 4561 ἐθε·
1678 4530 1720 4581 D

56 4574 260 4643 λοντὴν
318 4578 527 4647 μορφὴν
563 4581 748 4635 δούλου
806 4587 1055 4651 λαϐόντα,
1112 4594 1205 4643 καὶ
1246 4596 1302 4645 ἐν
1335 4598 1638 4667 ὁμοιώματι

56 4666 376 4736 Ξινθρώπων
422 4674 727 4743 γενόμενον.
764 4679 1103 4746 Προσεπάγει
1138 4683 1213 4741 δὲ,
1253 4687 1331 4738 ὅτι
1385 4692 1638 4743 τεταπεί-

56 4746 241 4808 νωλὶεν
296 4761 505 4826 ἑαυτὸν,
548 4766 836 4834 γενόμενος
887 4771 1121 4840 ὑπήκοος
1164 4777 1324 4847 μέχρι
1380 4780 1632 4848 θανάτου,

56 4849 303 4901 ὶοινὰτου
338 4850 393 4902 δὲ
430 4856 683 4926 σταυροῦ.
724 4859 891 4929 Εἴπερ
941 4858 1031 4913 οὖν
1086 4863 1381 4936 διαιρετέον
1430 4874 1507 4934 εὶς
1546 4874 1636 4927 δύο

56 4940 338 5007 [ριστοὺς
364 4948 455 4996 καὶ
496 4947 661 5012 υἱοὺς,
705 4951 794 5001 τὸν
823 4953 913 5003 ἕνα
944 4956 1035 5006 καὶ
1068 4958 1227 5025 μόνον
1271 4962 1505 5030 Χριστὸν
1544 4966 1638 5017 καὶ

56 5032 291 5099 ίύριον,
324 5035 417 5087 καὶ
442 5038 583 5089 κατά
605 5056 666 5106 γε
695 5042 754 5092 τό
787 5060 891 5095 τισι
920 5045 1130 5112 δοκοῦν,
1163 5050 1252 5102 τὸν
1280 5053 1343 5103 ἐκ
1376 5057 1633 5119 γυναικὸς

56 5123 352 5192 ὶνθρωπον
382 5128 640 5198 τετίμηκε
682 5134 780 5200 μὲν
818 5136 1023 5205 ἰσότητι
1057 5141 1165 5191 τῶν
1212 5142 1357 5195 ίδὶων
1392 5146 1632 5217 ἀξιωμά-

56 5230 159 5266 των
192 5216 223 5266 ὁ
254 5216 353 5267 τοῦ
381 5217 513 5270 Θεοῦ
544 5220 733 5287 Λόγος,
764 5227 856 5277 καὶ
888 5228 1120 5297 συνῆψεν
1154 5233 1330 5304 ἑαυτῴ
1367 5238 1504 5289 κατὰ
1544 5238 1634 5290 τὸν

122 5386 431 5444 "-"Joan.
485 5408 640 5459 xvm,
696 5396 745 5449 5.
827 5400 866 5431 ¹⁹
898 5400 1032 5455 Gen-
1065 5419 1145 5471 Ιιι,
1191 5406 1214 5457 1
1267 5420 1418 5476 sc‘I‘I-

940 412 1030 466 AD
1070 411 1370 469 REGINAS
1408 416 1492 471 DE
1531 418 1760 478 RECTA
1805 425 1960 480 FIDE
2000 428 2255 486 ORATIO
2294 432 2591 488 ALTERA.

146 524 270 563 σαν·
314 513 518 584 Ἰησοῦν
557 516 646 569 τὸν
692 520 1028 594 Ναζωραῖον.
1081 526 1211 581 Εἶτα
1256 531 1390 602 πρὸς
1434 535 1629 600 αὑτοὺς
1670 542 1687 593 c'

1804 544 1960 597 ritis?
2009 545 2085 600 Illi
2135 559 2314 603 autem
2384 551 2689 607 dixerunt:

1509 5410 1742 5466 “Hebr.
1792 5431 1848 5482 ιι,
1894 5418 1977 5483 Ib’,
2020 5423 2102 5476 I7.
2206 5428 2246 5457 ²¹

3223 454 3359 511 1558

2755 557 2937 616 Jesum
2996 563 3353 625 Nazarenum.

1799 635 1934 687 Dicit
1967 638 2045 691 eis
2078 636 2270 694 Jesus:
2308 642 2420 712 Ego
2452 658 2594 698 sum.
2632 645 2698 699 Et
2744 651 2993 708 abierunt
3038 669 3355 725 retrorsum,

1794 732 1847 776 et
1876 726 2183 782 ceciderunt
2206 731 2255 783 in
2284 742 2476 788 terram
2511 736 2646 791 ¹⁷ο¹⁸.
2689 755 2706 789 ι
2740 738 2854 793 Jam
2888 750 3157 810 quomodo
3196 752 3351 804 inlir-

1796 830 1913 867 mus
1938 816 2041 871 dici
2075 829 2267 886 potest,
2299 825 2385 891 qui
2423 828 2502 880 vel
2541 826 2652 882 sola
2689 845 2815 884 voce
2855 832 3230 892 insultantium
3273 842 3354 894 in-

1796 904 2102 961 ﬁrmitatem
2139 915 2423 968 ostendit?
2460 918 2660 988 Ecquid
2706 934 2837 989 ergo
2877 925 2979 977 sibi
3032 929 3141 981 vult
3215 934 3353 993 quod

1793 995 1888 1059 ait,
1922 1016 1941 1048 ι
1990 997 2131 1054 Deus
2192 1019 2361 1067 meus,
2407 1008 2542 1062 Deus
2588 1026 2761 1075 meus,
2799 1016 2985 1081 utquid
3017 1021 3352 1089 dereliquisti

1792 1088 1922 1140 me?
1956 1108 1973 1140 ι
2011 1089 2248 1146 Dicimus
2305 1094 2486 1163 igitur,
2518 1113 2636 1150 cum
2688 1101 2891 1167 primus
2950 1120 3142 1171 parens
3174 1088 3356 1163 noster

1790 1176 1957 1230 Adam
1985 1183 2292 1236 mandatum
2331 1186 2474 1251 quod
2521 1202 2799 1258 acceperat
2846 1196 3224 1263 proculensset,
3277 1200 3355 1253 di-

1791 1267 2079 1335 viuamque
2124 1272 2291 1341 legem
2339 1275 2597 1344 neglectui
2642 1280 2920 1335 habuisset
2950 1285 3011 1346 ιθ,
3058 1286 3348 1343 humanam

1791 1365 2036 1411 naturam
2073 1359 2240 1414 fuisse
2304 1366 2696 1429 quodammodo
2731 1370 3061 1439 derelictam,
3110 1392 3354 1432 exsecra-

1790 1446 2058 1515 bilemque
2097 1460 2151 1501 et
2189 1453 2343 1506 morti
2402 1454 2686 1509 obnoxiam
2743 1460 2985 1515 ell'ectam
3024 1482 3035 1518 :
3078 1473 3131 1517 at
3192 1468 3351 1520 simul

1790 1548 1950 1605 atque
2013 1539 2331 1609 Unigenitus
2366 1544 2479 1610 Dci,
2524 1547 2573 1601 id
2607 1551 2747 1617 quod
2777 1553 3087 1622 prolapsum
3125 1570 3263 1624 erat,
3295 1560 3347 1614 in

1788 1628 2247 1697 incorruptionem
2286 1633 2689 1693 instauraturus
2729 1643 2984 1709 advenit,
3034 1648 3351 1718 semineque

1785 1721 2016 1773 Abrahae
2071 1725 2438 1791 apprehenso,
2517 1727 2782 1786 fratribus
2839 1735 2951 1788 suis
3014 1738 3348 1794 assimilatus

1786 1806 1885 1860 fuit
1917 1808 2001 1873 ¹⁰;
2037 1818 2162 1863 tunc
2209 1826 2313 1863 una
2363 1828 2483 1866 cum
2524 1816 2751 1885 antiquo
2786 1818 2876 1872 illo
2918 1820 3071 1891 14],
3118 1824 3337 1878 maledi-

1713 1885 1754 1942 Β
1785 1906 1901 1961 cto,
1957 1898 2281 1968 inductaque
2329 1904 2718 1972 corruptione,
2768 1907 3131 1965 desertionem
3184 1928 3344 1980 quam

1783 1985 2017 2039 humana
2067 1996 2259 2042 natura
2304 1990 2354 2043 in
2390 2007 2488 2046 suo
2528 1994 2793 2063 principio
2844 2013 3096 2068 perpessa
3131 2001 3344 2069 iuerat,

1781 2078 2161 2146 conquiescere
2207 2083 2463 2149 oportuit.
2514 2084 2702 2152 Itaque
2752 2090 2905 2155 quasi
2959 2091 3340 2148 derelictorum

1780 2181 1920 2220 unus
1940 2168 2231 2235 exsistens,
2262 2180 2529 2240 quatenus
2550 2183 2603 2227 et
2637 2176 2751 2245 ipse
2780 2178 3032 2234 similiter
3054 2183 3337 2239 nobiscum

1780 2259 2049 2327 particeps
2087 2259 2393 2317 I’uitcarnis
2442 2273 2495 2317 et
2536 2268 2814 2337 sanguinis
2865 2271 2931 2333 “,
2969 2272 3146 2327 dixit:
3185 2293 3203 2325 ι
3246 2274 3343 2329 Ut-

1778 2348 1905 2413 quid
1949 2350 2283 2419 dereliquisti
2336 2356 2472 2407 me?
2504 2374 2522 2406 ι
2577 2356 2706 2422 ροσε
2735 2373 2865 2413 sane
2904 2377 3002 2415 vox
3038 2374 3155 2419 erat
3188 2381 3343 2436 ever-

1781 2438 1943 2493 tentis
1993 2440 2161 2507 illam,
2198 2458 2317 2511 qum
2368 2446 2520 2499 nobis
2572 2450 2863 2515 acciderat,
2908 2453 3337 2521 derelictionem,

1780 2526 2099 2600 Patremque
2124 2536 2193 2587 ob
2219 2534 2489 2602 loquentis
2524 2537 2839 2607 dignitatem
2880 2543 2929 2596 in
2963 2560 3021 2599 se
3052 2545 3340 2613 ﬂectentis,

1778 2634 1985 2675 necnon
2021 2623 2083 2675 ad
2116 2622 2547 2679 benevolentiam
2594 2643 2721 2699 erga
2764 2646 2860 2686 nos
2899 2643 3154 2704 tanquam
3208 2655 3339 2708 erga

1776 2712 2011 2777 seipsum
2063 2721 2116 2767 et
2161 2715 2389 2781 primum
2457 2722 2847 2784 provocantis:
2901 2729 3335 2796 quandoquidem

1776 2799 2028 2854 Christus
2058 2805 2301 2858 omnium
2339 2808 2602 2862 bonorum
2632 2810 2855 2879 largitor
2885 2824 2938 2868 et
2967 2827 3155 2871 auctor
3184 2821 3339 2875 nobis

1774 2893 2001 2944 exstitit.
2042 2892 2191 2949 Unde
2232 2898 2393 2950 etiam
2432 2902 2475 2953 si
2522 2902 2795 2971 quidpiam
2834 2914 2891 2956 ut
2926 2906 3084 2960 homo
3115 2923 3142 2961 a
3181 2909 3340 2965 Patre

1773 2983 2050 3049 accepisse
2086 2986 2303 3051 dicitur,
2350 2991 2449 3042 hoc
2482 2990 2653 3059 ipsum
2687 3003 2853 3047 totum
2891 2998 2942 3050 in
2974 3011 3211 3054 nostram
3247 3020 3338 3056 na-

1774 3078 1947 3123 turam
1980 3077 2256 3141 erogavit;
2304 3093 2425 3131 cum
2460 3080 2575 3148 ipse
2611 3091 2667 3135 ut
2701 3082 2843 3138 Deus
2880 3087 3091 3155 plenus,
3134 3094 3334 3148 nullius

1771 3163 1991 3216 omnino
2025 3163 2148 3218 boni
2180 3167 2433 3237 indigeat.

1843 3252 1984 3307 XIX.
2024 3274 2042 3306 ι
2090 3254 2201 3311 lloe
2228 3260 2373 3313 enim
2436 3264 2633 3319 sentite
2676 3264 2729 3318 in
2778 3268 2951 3335 vobis,
2995 3273 3136 3340 quod
3186 3284 3239 3327 et
3282 3277 3332 3328 in

1770 3343 1993 3400 Christo
2045 3346 2209 3403 Jesu:
2262 3352 2503 3419 quicum
2554 3355 2607 3409 in
2656 3356 2832 3413 forma
2881 3359 2975 3415 Dei
3023 3374 3188 3428 esset,
3226 3383 3333 3421 non

1770 3437 2015 3505 rapinam
2050 3441 2349 3496 arbitratus
2376 3452 2460 3496 est
2508 3460 2629 3500 esse
2672 3463 2729 3502 se
2772 3453 3031 3519 mqualem
3065 3454 3194 3519 Deo,
3238 3459 3331 3511 sed

1765 3529 2118 3597 semetipsum
2162 3532 2485 3600 exinanivit,
2542 3536 2771 3592 formam
2822 3543 2965 3596 servi
3028 3547 3324 3615 accipiens,

1766 3617 1816 3668 in
1849 3617 2261 3675 similitudinem
2303 3623 2576 3679 hominum
2618 3627 2812 3692 factus,
2846 3638 2899 3684 et
2922 3632 3106 3686 habitu
3143 3636 3331 3689 inven-

1762 3715 1848 3757 tus
1891 3716 1948 3758 ut
1982 3708 2162 3761 homo.
2221 3708 2541 3766 llumiliavit
2592 3715 2966 3784 semetipsum,
3000 3718 3174 3774 factus
3201 3722 3329 3775 obe-

1761 3795 1915 3850 diens
1958 3813 2127 3867 usque
2180 3800 2244 3853 ad
2296 3810 2546 3866 mortem,
2608 3814 2834 3859 mortem
2887 3817 3062 3863 autem
3123 3814 3323 3866 crucis.

1760 3886 1986 3955 Propter
2036 3890 2176 3956 quod
2219 3898 2273 3943 et
2322 3891 2461 3945 Deus
2499 3893 2756 3948 exaltavit
2802 3896 2977 3963 illum,
3024 3910 3079 3953 et
3106 3901 3327 3955 donavit

1760 3977 1835 4031 illi
1867 3994 2060 4033 nomen
2089 3982 2230 4049 quod
2264 3992 2348 4036 est
2381 3998 2555 4051 super
2584 4000 2745 4040 omne
2775 4003 3007 4043 nomen:
3051 4001 3106 4044 ut
3138 3994 3189 4045 in
3231 4010 3325 4047 no-

1760 4074 1901 4125 mine
1937 4073 2063 4129 Jesu
2098 4090 2260 4129 omne
2290 4092 2428 4146 genu
2460 4076 2730 4144 ﬂectatur,
2785 4082 3106 4147 caelestium,
3152 4096 3323 4141 terre-

1756 4164 1970 4223 strium.
2013 4174 2066 4219 et
2110 4165 2487 4233 infernorum;
2537 4178 2589 4222 et
2628 4170 2806 4224 omnis
2858 4172 3034 4242 lingua
3065 4176 3322 4230 conﬁtea-

1756 4263 1865 4316 tur,
1930 4256 2055 4322 quia
2101 4257 2361 4311 Dominus
2409 4257 2565 4313 Jesus
2615 4259 2866 4315 Christus
2917 4264 2969 4316 in
3033 4266 3198 4334 gloria
3240 4282 3323 4322 est

1753 4344 1846 4397 Dei
1891 4344 2066 4398 Patris
2104 4348 2171 4398 ¹².
2227 4366 2245 4396 ›
2297 4347 2373 4400 En
2425 4349 2659 4403 dilucide
2716 4354 2813 4407 hoc
2863 4353 2980 4408 loco
3027 4358 3321 4423 exponitur

1750 4628 1807 4666 se
1833 4613 1941 4668 Deo
1967 4633 1978 4675 ;
2009 4615 2125 4680 sed,
2161 4617 2338 4671 servili
2370 4618 2540 4673 forma
2574 4635 2844 4692 suscepta,
2872 4626 3010 4681 ultro
3042 4644 3098 4682 se
3128 4632 3315 4683 exina-

1752 4704 1952 4759 nivisse
2021 4706 2407 4777 hominumque
2469 4711 2875 4768 similitudinem
2923 4719 3171 4778 subiisse.
3206 4723 3313 4775 Ad-

1748 4794 1824 4846 dit
1863 4804 2123 4861 praeterea
2170 4798 2405 4865 seipsum
2458 4802 2788 4869 humiliasse,
2835 4806 3310 4879 obedientiamque

1753 4884 1816 4935 ad
1845 4894 2065 4938 mortem
2106 4901 2274 4954 usque
2316 4893 2655 4958 praestitisse,
2704 4905 2927 4949 mortem
2962 4908 3138 4951 autem
3182 4916 3308 4952 cru-

1749 4973 1848 5029 cis.
1883 4973 1937 5027 Si
1975 4990 2137 5027 unum
2184 4992 2312 5046 ergo
2343 4988 2396 5033 et
2426 4980 2601 5035 solum
2632 4984 2905 5039 Christum
2935 4997 2986 5040 et
3020 4988 3306 5044 Dominum

1754 5062 1805 5113 in
1858 5064 1992 5119 duos
2027 5065 2270 5123 Christos
2322 5079 2374 5124 et
2419 5072 2574 5138 lilios,
2633 5085 2687 5129 ut
2739 5075 3056 5143 quibusdam
3112 5082 3307 5148 placet,

1746 5152 1919 5206 divelli
1956 5165 2204 5224 oportet;
2253 5171 2412 5230 atque
2472 5163 2560 5217 Dei
2623 5164 2855 5220 Verbum
2914 5170 3183 5223 hominem
3230 5186 3298 5225 ex

1746 5245 1967 5300 muliere
2012 5260 2189 5303 ortum
2225 5256 2458 5321 propriae.
2510 5257 2804 5325 majestatis
2856 5264 3165 5330 aequalitate
3211 5266 3303 5318 dc-

2308 5429 2434 5482 ibid.
2505 5431 2587 5485 Η.
2698 5436 2741 5466 ²²
2778 5434 3003 5506 Philipp.
3041 5456 3097 5503 ιι,
3141 5438 3298 5496 5-H.

1154 5578 1325 5638 Varia:
1364 5583 1619 5644 lectiones
1639 5591 1840 5648 codicis
1867 5594 2218 5664 Seguieriani.

116 5754 144 5781 ν
178 5747 495 5809 πεπτωκός.
