4042 6442
668 395 803 453 1559
1491 393 1497 398 ’
1654 388 1708 439 S.
1750 382 2023 439 CYRILH
2067 377 2526 435 ALEXANDRINI
2566 376 2884 432 ARCIIIEP.
3790 374 3915 428 {56"

668 518 969 581 coravit,ct
998 514 1151 580 juxta
1197 511 1537 566 auctoritatis
1575 509 1838 562 rationem
1861 542 1879 569 ,
1919 504 2227 557 ﬁliationis-
2261 553 2264 561 ,

2333 502 2431 569 τῆς
2477 496 2762 561 αὑθεντίας
2809 496 3029 568 τρόπον,
3070 495 3165 547 καλ⁵
3210 494 3353 547 κατά
3390 494 3491 565 τὴν
3532 494 3638 563 τῆς
3673 492 3913 561 υίότητος

668 620 774 673 que
834 598 1288 661 communionem,
1339 598 1441 652 sibi
1492 595 1645 665 quasi
1694 594 1947 653 alterum,
2010 593 2113 645 hoc
2148 601 2230 645 est

2334 591 2673 659 ὁμωνυμίαν,
2702 590 2775 652 ὼς
2801 588 2988 659 ἕτερος
3035 583 3111 637 ὢν
3163 584 3347 649 ίδικῶς
3391 588 3529 657 παρ’
3557 584 3733 638 αὑτὸν
3765 582 3911 643 Υἱός·

667 709 695 747 a
730 708 789 746 sc
830 690 1126 751 diversum,
1153 686 1320 740 Filius
1381 684 1626 754 adjumit
1656 701 1667 735 :
1715 682 1838 750 quis
1863 681 1953 734 ille
1986 695 2114 749 ergo
2150 687 2233 733 est

2331 680 2412 742 τίς
2440 680 2547 746 ἄρα
2576 682 2603 732 ό
2626 679 2868 741 κενώσας
2895 676 3083 731 ἑαυτόν
3105 674 3172 745 ςῆ
3202 676 3325 728 τίνα
3356 680 3675 730 κεκένωται
3698 673 3914 743 τρόποπ

670 786 758 854 qui
795 780 1148 848 semetipsum
1177 778 1505 841 cxinanivit;
1539 782 1631 827 aut
1653 789 1757 841 qua
1789 774 2001 828 tandem
2023 773 2232 827 ratione

2334 770 2395 822 Εἰ
2431 770 2531 839 μὲν
2556 770 2685 840 γὰρ,
2722 772 2797 834 ὡς
2831 768 2983 823 αὐτοί
3012 783 3196 837 φασιν,
3242 768 3271 819 ὁ
3308 766 3373 819 ὲκ
3422 767 3702 834 γυναικὸς
3750 762 3920 824 ἰδικῶς

668 871 1092 935 exiuanitionem
1117 870 1323 923 subiit?
1343 868 1472 920 Nam
1498 867 1570 929 si,
1602 875 1659 919 ut
1682 865 1758 918 illi
1782 875 2051 929 statuunt,
2073 866 2232 918 homo

2332 859 2621 927 νοούμενος
2664 859 2949 931 ἄνθρωπος
2980 858 3137 912 τοῦτο
3182 857 3401 924 λέγεται
3450 857 3687 923 παθεῖν,
3736 855 3854 915 πῶς
3895 855 3923 921 ἦ

669 979 836 1033 purus
878 961 970 1030 qui
1024 975 1086 1011 ex
1126 957 1348 1011 muliere
1394 956 1660 1022 prodiisse
1706 953 2052 1023 intelligitur,
2087 948 2229 1003 istttd

2332 951 2452 1002 τίνα
2492 950 2788 1004 κεκένωται
2818 954 3049 1022 τρόπον;
3084 947 3288 1017 κατέϐη
3319 947 3374 999 δὲ
3408 949 3567 1010 ὅπως
3609 950 3701 1012 είς
3746 948 3928 999 ταπεί-

668 1067 960 1124 perpessus
979 1060 1088 1113 est,
1150 1047 1306 1119 142
1340 1045 1634 1113 quomodo,
1671 1053 1763 1097 aut
1800 1058 1902 1112 qua
1932 1042 2137 1095 ratione
2177 1037 2229 1089 in

2336 1058 2495 1092 νωσιν
2537 1044 2564 1092 ό
2615 1040 2673 1091 ὲν
2727 1042 2933 1110 ἰσότητι
2985 1039 3226 1110 γεγονὼς
3271 1041 3340 1109 τῇ
3387 1039 3532 1109 πρὸς
3578 1039 3731 1091 Θεὸν
3772 1040 3932 1105 Λόγον

669 1142 1095 1197 exinanitionem
1145 1137 1385 1203 deiectus
1441 1134 1561 1188 est?
1622 1132 1755 1187 Nam
1800 1130 2070 1201 quomodo
2102 1128 2148 1182 is
2178 1126 2231 1178 in

2334 1133 2478 1185 κατά
2527 1148 2590 1199 γε
2635 1130 2728 1182 τὸν
2766 1130 2868 1199 τῆς
2905 1132 3083 1197 ἀξίας,
3133 1132 3301 1202 ήγουν
3326 1130 3655 1193 αὑθεντίας,
3714 1132 3930 1199 τρόπον,

667 1231 1026 1288 humilitatem
1064 1224 1364 1288 descendit,
1418 1224 1509 1291 qui
1557 1233 1701 1276 tanta
1744 1237 1864 1274 eum
1910 1218 2002 1271 Dei
2055 1214 2236 1269 Verbo

2335 1232 2431 1283 xui.
2472 1230 2674 1300 ταύτην
2712 1229 2849 1298 ἔχων
2884 1231 3023 1300 πρὸς
3057 1229 3220 1284 αὑτὸν
3249 1230 3350 1298 τὴν
3383 1225 3750 1290 συνάφειαν;
3800 1222 3857 1273 Εἰ
3882 1223 3930 1273 δὲ

670 1324 930 1378 societate
955 1330 1008 1373 et
1042 1318 1306 1371 atlinitate
1341 1315 1661 1382 coniunctus
1695 1322 1810 1374 est,
1840 1320 1899 1363 ut
1931 1308 2076 1377 paris
2111 1321 2233 1359 cum

2335 1324 2421 1375 ἐπ’
2455 1322 2617 1375 αὑτοῦ
2649 1320 2743 1373 τοῦ
2778 1319 2915 1372 Θεοῦ
2957 1322 3159 1388 Λόγου,
3186 1319 3479 1391 νοουμένου
3526 1316 3711 1370 πάλιν
3759 1314 3929 1375 ἱδικῶς

672 1416 764 1470 illo
796 1411 1082 1481 dignitatis
1108 1419 1162 1461 et
1194 1408 1538 1461 auctoritatis
1566 1420 1687 1460 esse
1720 1400 2055 1458 censeatur?
2083 1398 2235 1465 Quod

2338 1417 2432 1470 καὶ
2483 1417 2586 1470 ἀνὰ
2636 1414 2802 1484 μέρος
2843 1412 2999 1478 Υῑοῦ,
3034 1414 3095 1465 τὸ
3134 1412 3474 1466 κεκενῶσθαι
3520 1408 3793 1475 λέγοιτο,
3833 1404 3934 1465 πῶς

670 1510 712 1562 si
746 1504 1040 1561 exinanitio
1092 1501 1179 1554 illa
1215 1500 1282 1554 de
1316 1499 1403 1552 Dei
1455 1498 1631 1552 Verbo
1678 1506 1737 1548 ut
1767 1508 2011 1548 seorsum
2055 1500 2109 1545 et
2144 1504 2239 1557 per

2338 1507 2637 1560 κεκένωται
2663 1504 2906 1574 τιμήσας
2933 1503 3140 1573 ἕτερον,
3174 1502 3320 1556 καθά
3350 1519 3515 1571 φασιν
3567 1501 3815 1557 ἐκεῖνοι,
3853 1497 3933 1547 καὶ

668 1613 727 1653 se
758 1595 1030 1651 intellecto
1081 1591 1220 1645 Filio
1262 1589 1608 1658 praedicetur,
1658 1588 1931 1654 quomodo
1973 1585 2019 1637 is
2052 1582 2239 1637 exina-

2337 1600 2449 1652 τοῖς
2483 1597 2631 1658 ἰδίοις
2671 1592 2832 1649 αὑτὸν
2882 1592 3159 1664 ἀξιώμασι
3191 1592 3544 1662 περιϐαλών;
3580 1589 3933 1668 Tagum-Iw-

670 1689 815 1742 nitus
859 1694 963 1749 est,
1010 1684 1098 1752 qui
1152 1682 1406 1743 alterum,
1443 1679 1609 1733 utilli
1640 1678 1814 1742 aiunt,
1866 1678 2070 1730 honore
2104 1671 2234 1727 alie.

2340 1706 2427 1742 ται
2472 1689 2527 1741 δὲ
2549 1688 2669 1741 τίνα
2711 1686 2911 1756 τρόπον
2940 1687 2968 1739 ό
3008 1684 3109 1755 τῆς
3150 1683 3315 1736 αὑτοῦ
3353 1684 3514 1753 δόξης
3542 1682 3610 1735 τὸ
3674 1681 3819 1751 ὕψος
3868 1679 3936 1748 τῷ

667 1778 762 1841 cit,
795 1774 1139 1845 propriisque
1182 1770 1354 1824 titulis
1408 1779 1464 1822 et
1507 1769 1862 1838 dignitatibus
1912 1761 2238 1819 exornavit?

2341 1779 2667 1848 συναφθέντι
2718 1776 2930 1842 διδούς;
2984 1777 3047 1830 Ei.
3076 1775 3186 1845 γὰρ
3222 1773 3287 1845 δὴ
3336 1777 3515 1843 φαῖεν,
3557 1775 3648 1827 ὅτι
3703 1774 3936 1836 δοξάζων

667 1833 947 1933 Quomodo
978 1833 1067 1915 ille
1103 1860 1415 1914 humiliatus
1464 1833 1590 1912 dicit
1609 1867 1809 1926 potest,
1868 1856 1957 1924 qui
2004 1853 2235 1922 propria:

2341 1870 2526 1941 ἕτερον
2581 1868 2742 1930 αὑτὸς
2772 1867 3039 1934 ὑπομένει
3084 1867 3183 1937 τὴν
3213 1866 3571 1929 ταπείνωσιν,
3625 1866 3814 1934 ἤγουν
3851 1865 3937 1932 τὴν

668 1970 778 2012 sua:
807 1955 995 2022 gl0riac
1036 1952 1311 2019 fastigium
1361 1949 1519 2003 alteri
1578 1948 1679 2002 sibi
1738 1946 2009 2000 associato
2041 1944 2239 2012 imper.

2338 1965 2587 2024 κένωσιν,
2636 1960 2806 2022 οὐδὲν,
2856 1959 2931 2023 ὡς
2965 1959 3130 2024 ἔοικε,
3169 1959 3277 2012 τῶν
3326 1958 3551 2011 ἀτόπων
3595 1957 3816 2008 ἐννοεῖν
3854 1957 3928 2007 ὅτι

670 2051 798 2103 titus
826 2046 950 2101 est?
977 2042 1109 2098 Nam
1157 2044 1201 2096 si
1248 2056 1373 2095 eum
1414 2038 1687 2094 humiliari
1719 2038 1805 2093 vel
1840 2037 2107 2091 exinaniri
2135 2046 2241 2089 Sta-

2340 2055 2433 2109 xai.
2463 2052 2700 2122 ὑϐρίζων
2741 2050 2992 2120 ὑψοῦται.
3046 2050 3374 2120 Ἀναγκαίου
3419 2046 3737 2119 τοιγαροῦν
3774 2047 3936 2116 ἡμᾶς,

668 2147 846 2200 tuant,
882 2137 1024 2204 quod
1071 2134 1298 2187 alterum
1344 2131 1513 2200 gloria
1564 2128 1749 2194 allicit,
1787 2128 2026 2199 proiecto
2050 2127 2239 2181 absur-

2344 2144 2432 2198 καὶ
2460 2144 2646 2214 μέντοι
2677 2142 2771 2195 καὶ
2794 2140 3028 2214 ἀληθοῦς
3047 2142 3333 2211 μονονουχὶ
3367 2140 3766 2203 συνωθοῦντας
3786 2139 3940 2207 λόγον

666 2230 793 2284 dum
826 2242 931 2282 non
952 2226 1060 2280 erit
1083 2224 1246 2278 etiam
1278 2220 1583 2289 intelligere
1625 2220 1878 2289 injuriam
1912 2217 2236 2272 inferentem

2346 2210 2476 2307 πρός
2503 2254 2566 2305 γε
2592 2237 2651 2288 τὸ
2683 2233 2891 2288 οἴεσθαι
2919 2210 3030 2286 δεῖν
3051 2210 3138 2285 ὅτι
3181 2210 3433 2286 κενοῦται
3463 2233 3527 2287 τὸ
3570 2234 3823 2304 πλῆρες,
3853 2233 3942 2284 καὶ

666 2316 913 2372 exaltari.
948 2314 1310 2381 Quamobrem
1341 2324 1472 2364 vera
1502 2322 1556 2364 et
1593 2311 1903 2364 necessaria
1940 2306 2079 2362 ratio
2105 2322 2236 2361 sua-

2344 2306 2396 2378 ὲν
2424 2324 2610 2378 δούλου
2656 2325 2835 2394 μορφῇ
2869 2322 3065 2390 γένοιτ’
3096 2320 3184 2382 ἂν,
3227 2321 3289 2373 οὑ
3316 2320 3378 2372 τὸ
3406 2323 3474 2389 τῇ
3504 2321 3676 2388 φύσει
3731 2322 3940 2383 δοῦλον,

665 2410 774 2471 det,
816 2415 872 2460 et
912 2412 1117 2459 tantum
1164 2417 1269 2456 non
1318 2401 1620 2468 compellit,
1661 2402 1905 2468 utipsam
1944 2398 2238 2468 plenitudi-

2347 2415 2477 2469 ἀλλὰ
2505 2415 2566 2467 τὺ
2592 2414 2701 2466 τῶν
2735 2417 2834 2483 τῆς
2868 2410 3114 2473 δουλείας
3143 2411 3401 2463 ἐπέκεινα
3439 2410 3688 2481 μέτρων.
3725 2413 3943 2466 Γίνεται

666 2513 787 2552 nem
811 2495 1235 2549 exiuanitionem
1269 2506 1515 2561 passam,
1553 2490 1682 2544 illud
1714 2505 1927 2543 rursum
1970 2504 2074 2541 non
2094 2489 2239 2556 quod

2343 2507 2394 2558 δὲ
2438 2507 2532 2560 καὶ
2563 2507 2618 2557 ὲν
2650 2504 2956 2574 ὁμοιώματι
3004 2498 3328 2573 ἀνθρώπων,
3366 2502 3429 2555 τὸ
3458 2503 3537 2572 μὴ
3572 2502 3769 2567 οὕτως
3819 2506 3939 2574 ἕχον

666 2598 856 2657 suapte
889 2595 1082 2639 natura
1113 2597 1327 2637 servum
1359 2590 1461 2646 est,
1498 2583 1606 2635 imo
1631 2594 1758 2635 vero
1787 2580 1932 2634 omni
1962 2580 2239 2633 servitutis

2348 2594 2478 2646 κατά
2523 2594 2685 2661 φύσιν
2732 2596 2862 2663 πρὶν
2911 2593 3163 2665 γένηται.
3212 2594 3320 2645 Καὶ
3352 2592 3435 2645 ὃτι
3470 2594 3849 2648 ταπεινοῦται
3886 2598 3944 2649 τὸ

665 2680 976 2737 conditione
1019 2676 1286 2745 superius,
1338 2673 1524 2729 servili
1554 2672 1727 2726 forma
1760 2687 1820 2728 se
1854 2672 2141 2736 vestiisse;
2185 2680 2240 2723 et

2350 2686 2562 2756 ὅψηλὸν,
2594 2684 2757 2737 αὑτὸν
2800 2685 3133 2755 πιστεύομεν
3177 2683 3271 2737 τὸν
3316 2683 3411 2737 τοῦ
3449 2684 3589 2737 Θεοῦ
3632 2688 3823 2755 Λόγον
3855 2690 3946 2742 άν-

667 2772 719 2824 in
743 2766 1149 2823 similitudinem
1177 2763 1453 2817 hominum
1481 2762 1629 2815 illum
1669 2759 1895 2827 factum,
1926 2762 2018 2830 qui
2045 2774 2236 2815 natura

2346 2776 2627 2848 θρωπίνως
2658 2777 2715 2829 ὲν
2747 2774 2960 2837 τούτοις
3006 2774 3265 2843 γενέσθαι
3288 2812 3304 2840 ,
3342 2778 3468 2827 κατ’
3516 2776 3661 2829 ἰδίαν
3718 2778 3942 2848 θέλησιν

664 2861 790 2915 talis
844 2872 952 2911 non
1012 2864 1166 2919 erat,
1215 2853 1529 2923 priusquam
1575 2852 1738 2906 homo
1804 2852 1958 2905 ﬁeret
1992 2893 2007 2917 ,
2062 2853 2235 2919 ipsam

2348 2866 2481 2937 ὑπὲρ
2530 2866 2721 2937 ἡμῶν·
2762 2865 3131 2935 μεμενηκέναι
3181 2864 3237 2918 δὲ
3293 2864 3494 2929 θεῖκῶς
3540 2868 3603 2919 ὲν
3658 2872 3785 2932 τοῖς
3844 2871 3944 2939 τῆς

667 2951 898 3018 denique
934 2944 1277 3001 altitudinem
1328 2958 1387 2996 se
1420 2941 1738 2996 humiliasse
1767 2941 2143 2996 existimemus
2185 2951 2240 2996 et

2349 2957 2481 3021 ἰδίας
2505 2956 2783 3027 ὑπεροχῆς
2811 2954 3090 3026 ὑψώμασι.
3106 2955 3293 3028 Ταύτῃ
3307 2974 3391 3009 τοι
3413 2957 3509 3009 καὶ
3531 2957 3945 3029 ὑπερυψῶσθαι

666 3040 1043 3110 ρηρόίοεηιυε.
1081 3038 1262 3103 ipsum
1313 3033 1497 3101 itaque
1530 3033 1622 3087 Dei
1657 3031 1893 3086 Verbum
1940 3034 2235 3087 secundum

2348 3049 2584 3116 λέγεται,
2620 3048 2715 3102 καὶ
2754 3049 2941 3102 λαϐεῖν
2981 3048 3043 3101 τὸ
3085 3050 3256 3119 ὄνομα
3287 3050 3348 3102 τὸ
3391 3049 3534 3120 ὑπὲρ
3580 3054 3699 3104 πᾶν
3751 3054 3944 3122 ὄνομα,

669 3140 917 3185 naturam
952 3128 1246 3181 humanam
1297 3135 1489 3192 sponte
1539 3125 1604 3178 ad
1663 3123 1849 3177 isthaec
1883 3135 2110 3193 prapter
2135 3139 2239 3178 nos

2350 3140 2770 3212 προσκυνεῖσθαί
2798 3158 2859 3194 τε
2897 3141 3051 3213 παρά
3077 3141 3319 3229 πάντων,
3359 3140 3455 3193 καὶ
3491 3143 3576 3204 είς
3614 3142 3789 3211 δόξαν
3816 3144 3946 3196 Θεοῦ

670 3237 790 3278 sese
815 3219 1120 3283 demisisse,
1152 3227 1203 3270 et
1235 3218 1287 3270 in
1320 3216 1552 3283 propriae
1587 3216 1943 3271 nihilominus
1967 3216 2230 3271 excellen~

2354 3231 2558 3300 Ματρὸς
2590 3230 2952 3302 ὀνομάζεσθαι
2973 3245 3000 3272 ι
3031 3215 3259 3302 Κύριοςί
3289 3232 3484 3285 Καίτοι
3521 3234 3638 3303 γὰρ
3679 3234 3950 3305 ὑπάρχων

672 3317 757 3366 tite
806 3310 1042 3365 culmine
1082 3311 1378 3362 secundum
1422 3308 1659 3359 divinam
1714 3316 1963 3361 naturam
1997 3323 2243 3377 perman-

2355 3325 2405 3376 ἐν
2430 3326 2496 3394 τῇ
2524 3322 2619 3377 τοῦ
2656 3323 2872 3392 Πατρός
2904 3325 3172 3394 ὑπεροχῇ,
3196 3324 3290 3375 καὶ
3322 3324 3380 3376 ὲν
3408 3325 3685 3395 ἀρρήτοις
3720 3326 3951 3395 ὑψώμα-

670 3405 809 3457 sisse
846 3401 1137 3455 credimus.
1175 3397 1287 3452 llac
1338 3398 1545 3451 ratione
1580 3406 1633 3451 et
1662 3400 2095 3467 superexaltatus
2125 3416 2245 3456 esse

2354 3432 2464 3467 σινο
2509 3413 2696 3482 ἐπειδὴ
2738 3413 2982 3485 καθῆκεν
3020 3414 3213 3468 ἑαυτὸν
3246 3417 3326 3476 εἰς
3358 3415 3621 3480 κένωσιν,
3660 3419 3766 3471 καὶ
3801 3436 3950 3473 τετα-

670 3494 890 3555 dicitur,
921 3500 974 3545 et
1002 3491 1277 3559 accepisse
1328 3505 1523 3543 nomen
1569 3490 1712 3559 quod
1759 3500 1842 3545 est
1873 3507 2038 3560 super
2082 3509 2243 3549 omne

2353 3502 2645 3557 πεινῶσθαι
2671 3502 2911 3571 λέγεται,
2951 3504 3167 3575 μορφὴν
3204 3505 3393 3557 δούλου
3425 3505 3618 3558 λαϐών
3640 3523 3653 3537 ·
3685 3510 3863 3580 ἀνέϐη
3900 3511 3949 3563 δὲ

671 3600 889 3647 nomen,
926 3591 978 3637 et
1003 3583 1069 3635 ab
1099 3583 1356 3635 omnibus
1391 3582 1629 3643 adorari,
1660 3590 1823 3651 atque
1855 3585 1906 3637 in
1939 3584 2029 3638 Dei
2064 3582 2242 3640 Patris

2354 3595 2511 3649 πάλιν
2558 3597 2639 3659 είς
2686 3594 2777 3648 τὸν
2816 3595 2948 3649 ῖδιον
3005 3594 3254 3661 πλοῦτον,
3290 3596 3392 3666 τῆς
3441 3597 3760 3669 ἑνωθείσης
3810 3603 3950 3670 αὐτῷ

673 3674 897 3744 gloriam
959 3671 1215 3727 Dominus
1267 3670 1557 3725 nominari.
1594 3669 1729 3725 Nam
1789 3674 1891 3727 etsi
1955 3674 2008 3727 iu
2065 3674 2242 3729 Patris

2353 3686 2590 3753 φύσεως,
2612 3685 2772 3755 δῆλον
2804 3686 2861 3739 δὲ
2891 3688 2973 3740 ὅτι
3006 3689 3104 3757 τῆς
3135 3686 3638 3759 ἀνθρωπίνης,τὴν
3675 3669 3949 3761 πτωχείαν

670 3766 961 3821 eminentia
1016 3774 1071 3818 et
1130 3762 1494 3831 iueXplicabili
1557 3763 1839 3829 majestate
1904 3767 2240 3823 constitutus

2354 3777 2739 3850 ὑπερδραμὼν,
2771 3778 2944 3850 ταύτῃ
2987 3795 3071 3832 τοι
3106 3778 3289 3831 λαϐεῖν
3324 3779 3702 3847 ἀνθρωπίνως
3740 3772 3950 3851 λέγεται

668 3866 835 3921 esset,
864 3855 950 3908 ubi
982 3864 1161 3909 tamen
1195 3854 1260 3905 ad
1294 3851 1717 3907 exinanitionem
1760 3869 1819 3908 se
1845 3854 2082 3920 demisit,
2121 3873 2242 3911 sere

2354 3868 2410 3922 τὸ
2435 3868 2521 3921 ἀεί
2548 3886 2607 3922 τε
2637 3871 2733 3922 καὶ
2765 3869 3157 3939 ἀναποϐλήτως
3206 3869 3517 3941 ἐνυπάρχον
3564 3873 3756 3944 αὐτῷ,
3805 3892 3950 3928 τουτ-

666 3950 869 4017 vlhque
914 3946 1084 4001 forma
1134 3959 1193 3999 se
1244 3943 1558 3997 humiliatus
1614 3945 1809 4009 induit,
1849 3955 1903 4001 et
1938 3963 2126 4003 rursus
2154 3964 2245 4002 na.

2354 3962 2469 4015 ἐστι
2499 3961 2561 4013 τὸ
2593 3957 2730 4014 εἶναι
2759 3961 2891 4024 Θεὸς
2921 3962 3015 4015 καὶ
3048 3962 3160 4015 τῶν
3200 3962 3337 4015 ὅλων
3369 3964 3608 4034 Κύριος.
3643 3943 3765 4022 Καὶ
3805 3972 3950 4038 εἴπερ

669 4051 804 4095 turae
867 4038 969 4093 sibi
1034 4037 1216 4099 unita,
1264 4036 1365 4089 hoc
1417 4046 1500 4089 est
1557 4037 1831 4099 humanae,
1872 4050 2242 4108 paupertatem

2353 4052 2498 4105 ἐστὶν
2532 4051 2751 4115 εὐκλεὲς
2777 4051 2857 4123 τῷ
2902 4052 3078 4124 Πατρὶ
3116 4052 3178 4106 τὸ
3224 4053 3429 4125 Κύριον
3480 4055 3637 4125 ἔχειν
3679 4058 3798 4112 τῶν
3826 4036 3949 4113 ὅλων

670 4131 1081 4193 transcenderis,
1108 4128 1171 4181 ad
1208 4126 1452 4197 proprias
1476 4127 1693 4182 divitias
1718 4133 1993 4186 ascendit:
2026 4133 2127 4188 hac
2160 4150 2247 4189 ra-

2350 4145 2444 4197 τὸν
2480 4143 2611 4197 ἴδιον
2633 4143 2781 4208 Υἱὸν,
2810 4144 2928 4207 πῶς
2948 4144 3048 4197 οὐκ
3078 4144 3277 4213 ἀληθὲς
3308 4148 3508 4214 εἰπεῖν,
3528 4148 3619 4201 ὅτι
3653 4152 3946 4222 τετήρηται

670 4225 817 4277 tione
855 4222 1154 4277 secundum
1204 4228 1457 4272 naturam
1519 4218 1814 4274 humanam
1864 4222 1917 4276 id
1963 4226 2248 4294 accepisse

2353 4237 2514 4291 πάλιν
2549 4236 2722 4307 αὑτῷ,
2760 4238 2854 4290 καὶ
2881 4236 2979 4307 τὴν
3009 4237 3105 4291 τοῦ
3132 4238 3323 4291 δούλου
3357 4239 3591 4293 λαϐόντι
3631 4218 3873 4315 μορέην,
3897 4245 3949 4295 τὸ

671 4316 887 4376 dicitur,
953 4312 1097 4380 quod
1170 4318 1428 4379 perpetuo
1474 4318 1900 4381 constanterque
1966 4316 2017 4369 in
2069 4317 2249 4385 seipso

2352 4327 2636 4397 ἐλεύθερον
2685 4328 2779 4380 καὶ
2811 4327 2909 4397 τῆς
2948 4329 3091 4381 κατά
3126 4330 3344 4383 πάντων
3394 4312 3837 4403 κυριότητός
3865 4338 3948 4387 καὶ

673 4406 933 4471 possidet,
973 4416 1170 4470 nempe
1231 4401 1397 4454 Deum
1434 4412 1486 4455 et
1535 4402 1913 4458 universorum
1955 4406 2246 4464 Dominum

1704 4418 1913 4458 rsorum
1955 4406 2246 4464 Dominum
2353 4415 2600 4482 ἐξουσίας
2623 4418 2683 4471 τὸ
2706 4419 3014 4489 ὑπερφερὲς
3050 4418 3300 4490 digitum;

674 4514 813 4551 esse.
857 4496 1098 4563 Denique
1136 4495 1179 4548 si
1229 4493 1371 4547 Patri
1406 4494 1757 4548 honoriﬁcum
1794 4506 1877 4550 est
1942 4499 2137 4556 Filium
2204 4502 2408 4563 habere
2471 4510 2563 4578 qui
2614 4510 2664 4563 in
2712 4524 2901 4563 omnes
2948 4521 3003 4564 et
3044 4512 3225 4564 omnia
3296 4514 3613 4572 dominium
3680 4525 3949 4587 obtineat;

675 4589 757 4641 cui
787 4589 1005 4685 dubium
1028 4601 1157 4685 esse
1191 4594 1389 4685 potest,
1441 4586 1572 4685 quin
1634 4587 1710 4639 illi
1759 4588 1922 4642 etiam
1968 4602 2089 4659 post
2134 4596 2273 4649 servi
2318 4598 2546 4655 formam
2628 4609 2907 4669 acceptam
2959 4601 3208 4670 libertas,
3256 4613 3826 4685 supernaturalisque
3870 4632 3949 4685 po-

678 4681 889 4737 testatis
918 4689 971 4732 et
1009 4677 1396 4731 dominationis
1441 4678 1491 4731 in
1529 4694 1718 4734 omnes
1757 4682 1992 4751 dignitas
2034 4687 2246 4759 integra
2290 4692 2360 4746 sit
2386 4693 2709 4749 asservata?

745 4791 865 4846 XX.
897 4810 914 4843 ι
950 4790 1166 4843 Gratias
1193 4801 1415 4859 agentes
1445 4789 1614 4853 Patri,
1653 4794 1743 4860 qui
1779 4796 1968 4865 dignos
1995 4817 2092 4856 nos
2122 4802 2250 4860 fecit
2280 4819 2325 4874 ι’)

2423 4806 2508 4862 κ’.
2562 4826 2580 4858 ι
2618 4806 3082 4878 Εὐχαριστοῦντες
3131 4809 3212 4880 τῷ
3257 4812 3437 4885 Πατρ“ι
3479 4818 3565 4887 τῷ
3632 4825 3952 4881 ἱκανώσαντι

677 4887 729 4938 in
760 4893 969 4953 partem
1018 4882 1179 4935 sortis
1228 4890 1539 4935 sanctorum
1573 4883 1730 4954 143
1782 4887 1831 4939 in
1874 4889 2117 4947 lumine:
2160 4897 2251 4963 qui

2362 4900 2507 4968 ἡμᾶς
2532 4900 2612 4961 εἰς
2641 4898 2739 4969 τὴν
2786 4899 2978 4969 μερίδα
3016 4900 3110 4953 τοῦ
3166 4882 3390 4975 κλήρου
3412 4882 3545 4962 τῶν-
3566 4912 3754 4981 ἀγίων
3804 4922 3860 4971 ἐν
3890 4921 3952 4981 τῷ

676 4973 877 5043 eripuit
907 4986 1007 5025 nos
1041 4972 1106 5024 de
1142 4979 1407 5037 potestate
1437 4972 1808 5039 tenebrarum,
1870 4989 1923 5032 et
1979 4985 2257 5039 transtulit

2363 4988 2533 5057 φωτίο
2566 4989 2625 5053 ὃς
2664 4989 2934 5059 ὲρρύσατο
2960 4991 3109 5062 ἡμᾶς
3160 4993 3226 5047 ὲκ
3254 4972 3352 5065 τῆς
3396 4972 3662 5067 ἐξουσίας
3711 5008 3811 5061 τοῦ
3850 4976 3953 5061 σκέ-

678 5066 735 5118 in
758 5079 978 5133 regnum
1033 5063 1154 5116 Filii
1210 5064 1518 5120 dilectionis
1552 5083 1697 5135 suae;
1740 5070 1789 5123 in
1843 5088 1951 5141 quo
1994 5076 2259 5133 habemus

2359 5097 2503 5143 τους,
2536 5082 2630 5133 καὶ
2661 5082 2991 5154 μετέστησεν
3023 5087 3103 5149 είς
3126 5086 3225 5157 τὴν
3256 5063 3547 5157 βασιλείαν
3578 5063 3684 5149 τοῦ
3723 5100 3849 5153 Υίοῦ
3872 5106 3954 5161 τὲς

681 5157 1147 5224 redemptionem,
1196 5166 1251 5209 et
1304 5158 1678 5214 remissionem
1716 5171 2112 5229 peccatorum:
2166 5169 2256 5237 qui

2360 5172 2579 5242 ἀγάπης
2612 5172 2799 5238 αὐτοῦ,
2847 5175 2904 5226 ὲν
2950 5166 2996 5243 ᾧ
3028 5174 3226 5247 ἔχομεν
3266 5181 3365 5249 τὴν
3406 5184 3834 5259 ἀπολύτρωσιν,

681 5254 764 5299 est
820 5246 993 5315 imago
1058 5246 1152 5301 Dei
1226 5248 1556 5315 invisibilis,
1619 5251 2011 5319 primogenitus
2084 5260 2259 5314 omnis

2364 5262 2560 5331 ἄφεσιν
2616 5264 2724 5317 τῶν
2762 5266 3081 5339 ἁμαρτιῶν·
3107 5268 3164 5332 ὅς
3197 5271 3347 5323 ἐστιν
3377 5272 3549 5326 εἰκὼν
3579 5246 3681 5331 τοῦ
3714 5281 3848 5333 Θεοῦ

683 5348 990 5391 creaturae:
1030 5338 1283 5406 quoniam
1327 5340 1520 5408 iuipso
1573 5343 1785 5396 condita
1839 5358 1963 5399 sunt
2006 5348 2257 5404 universa

2362 5356 2617 5425 ἀοράτου,
2661 5338 3007 5427 πρωτότοκος
3057 5360 3238 5431 πάσης
3282 5363 3518 5429 κτίσεως
3546 5386 3560 5397 ”
3592 5370 3682 5423 ὅτι
3725 5374 3785 5425 ἐν
3826 5374 3956 5431 αὐτῶ

685 5429 737 5483 in
787 5428 938 5484 caelis
984 5439 1037 5483 et
1095 5430 1147 5483 in
1200 5438 1371 5496 terra,
1406 5432 1639 5487 visibilia
1694 5446 1745 5489 ct
1794 5437 2106 5504 invisibilia,
2144 5443 2258 5498 sive

2366 5447 2587 5515 ἐκτίσθη
2615 5447 2682 5500 τὰ
2715 5447 2890 5502 πάντα
2931 5450 2989 5504 ὲν
3023 5454 3135 5516 τοῖς
3171 5444 3420 5525 οὐρανοῖς
3456 5460 3558 5511 καὶ
3588 5462 3687 5516 ἐπὶ
3716 5466 3811 5535 τῆς
3845 5430 3954 5535 γῆς..

1779 5615 1948 5671 Variae
1976 5617 2230 5677 lectiones
2262 5622 2462 5680 codicis
2498 5624 2858 5697 Seguieriani.

754 5778 786 5810 ι
818 5770 1147 5842 ὠνομάσθαι.
