4042 6468
163 390 273 446 1361

938 393 1029 448 ΑΙ)
1068 394 1365 451 ἰίΕϐΙΝΑδ
1405 395 1491 452 DE
1532 396 1757 453 RECTA
1798 394 1955 451 FIDE
1994 395 2255 452 ORATIO
2292 395 2592 450 ALTERA.

3231 391 3376 447 1362

155 508 213 561 τὰ
238 506 392 578 ὁρατά
432 508 528 562 καὶ
559 508 627 563 τά
668 508 897 581 ἀόρατα,
929 509 1040 563 εἴτε
1070 512 1260 582 Θρόνοι
1280 553 1295 577 ,
1344 515 1454 567 εῖτε
1486 514 1689 583 Κοριό-

1796 511 2000 567 Τίποιιὶ
2023 552 2039 572 .
2091 512 2207 567 sive
2240 510 2667 577 Dominationes,
2707 511 2823 565 sive
2856 509 3220 579 Principatus,
3252 508 3369 562 sive

152 613 311 667 τητες,
354 598 463 653 εἴτε
515 600 727 671 ’Δρχαὶ,
775 600 881 653 εῐτε
924 588 1191 665 Ἐξουσίαι
1213 617 1227 633 °
1281 604 1351 657 τά
1399 604 1577 658 πάντα
1624 605 1691 657 δι’

152 688 299 742 αὐτοῦ
338 689 429 744 καὶ
478 691 559 754 εἰς
591 690 753 745 αὑτὸν
785 690 1056 747 ῑκτισται·
1089 695 1184 748 καί⁵
1230 694 1394 758 αὑτός
1434 696 1550 748 ἔστι
1587 695 1694 766 πρὸ

151 781 366 844 πάντων,
412 781 509 835 καὶ
551 780 621 835 τά
677 780 853 835 πάντα
902 783 961 835 ὲν
1006 784 1156 855 αὐτῷ
1209 785 1529 855 συνέστηκε.
1583 787 1695 840 Καὶ

149 871 293 934 αὐτός
325 872 467 925 ἐστιν
494 873 528 941 ή
560 870 772 942 κεφαλὴ
800 872 894 925 τοῦ
923 871 1175 944 σώματος
1206 874 1303 944 τῆς
1343 874 1692 945 Ἐκκλησίας,

148 962 201 1024 ὅς
229 962 363 1015 ἐστιν
392 962 558 1032 ἀρχὴ,
595 962 940 1033 πρωτότοκος
984 962 1051 1016 ὲκ
1077 964 1189 1017 τῶν
1209 962 1439 1034 νεκρῶν,
1473 965 1559 1017 ἵνα
1602 964 1696 1032 γέ-

148 1068 291 1123 νηται
318 1054 371 1106 ὲν
399 1054 566 1107 πᾶσιν
598 1052 762 1116 αὐτὸς
794 1053 1092 1124 πρωτεύων
1110 1071 1124 1086 ο
1166 1057 1249 1110 ὅτι
1277 1057 1336 1109 ἰν
1365 1055 1513 1125 αὺτῷ
1545 1055 1693 1109 εὐδό-

147 1157 270 1210 κησε
319 1142 421 1195 πᾶν
453 1141 515 1195 τὸ
564 1141 839 1212 πλήρωμα
882 1143 1228 1214 κατοικῆσαι,
1278 1145 1373 1198 καὶ
1413 1143 1485 1196 δι’
1530 1143 1693 1198 αὑτοῦ

146 1231 567 1297 ἀποκαταλλάξαι
609 1233 677 1285 τά
722 1234 903 1287 πάντα
933 1234 1014 1298 εἰς
1041 1234 1235 1289 αὐτόν·
1280 1236 1695 1307 εἰρηνοποιήσας

144 1320 224 1374 διὰ
246 1321 330 1374 τοῦ
348 1322 575 1392 αῖματος
604 1322 699 1376 τοῦ
732 1321 970 1393 σταυροῦ
998 1324 1188 1389 αὑτοῦ,
1229 1325 1337 1377 εῖτε
1368 1324 1439 1378 τὰ
1477 1326 1569 1378 ἐπὶ
1595 1325 1695 1395 τῆς

142 1412 255 1478 γῆς,
296 1413 398 1465 εῖτε
441 1414 511 1467 τὰ
545 1415 605 1466 ὲν
649 1416 762 1477 τοῖς
802 1415 1072 1485 οὐρανοῖς.
1122 1433 1142 1468 ι
1183 1415 1382 1471 Εἰκόνα
1419 1417 1555 1489 φησὶ
1598 1418 1693 1471 τοῦ

140 1500 360 1572 ἀοράτου
390 1502 527 1557 Θεοῦ
561 1504 651 1557 τὸν
694 1503 754 1569 ἑξ
794 1502 959 1558 αὑτοῦ
993 1505 1320 1577 γεννηθέντα
1353 1507 1491 1562 κατά
1535 1506 1695 1576 φύσιν

139 1594 278 1662 Υἰδν,
306 1596 547 1651 τουτέστι
576 1597 671 1651 τὸν
708 1596 842 1651 Θεὸν
869 1598 1045 1666 Λόγον
1064 1610 1078 1626 ⁸
1114 1598 1211 1652 καὶ
1258 1598 1365 1669 μὴν
1388 1599 1472 1651 ὅτι
1500 1598 1566 1653 δι’
1596 1600 1695 1653 αὑ-

136 1687 225 1740 τοῦ
256 1688 320 1742 τά
346 1689 523 1744 πάντα
555 1688 809 1760 παρήχθη
838 1688 974 1760 πρὸς
998 1688 1237 1757 γένεσιν,
1268 1689 1379 1743 εἴτε
1406 1690 1477 1744 τά
1501 1691 1694 1762 ὁρατὰ,

136 1777 240 1832 εἴτε
276 1779 340 1832 τά
365 1779 593 1851 ἀόρατα,
630 1779 688 1833 ιν
720 1797 780 1834 τε
808 1780 1025 1851 οὐρανῷ
1054 1782 1152 1836 καὶ
1174 1782 1267 1841 ἐπὶ
1302 1782 1405 1853 τῆς
1432 1781 1536 1853 γῆς
1558 1799 1572 1813 °
1599 1786 1695 1838 ttat

1796 600 2117 666 Potestates,
2146 600 2325 655 omnia
2350 616 2447 670 per
2470 600 2645 667 ipsum
2667 609 2720 655 et
2754 602 2807 654 in
2849 600 2967 669 ipso
2996 608 3181 653 creata
3200 608 3360 650 sunt:

1794 700 1848 746 et
1881 692 1995 760 ipse
2022 698 2107 745 est
2134 700 2260 745 ante
2285 705 2506 755 omnes,
2537 699 2594 745 et
2631 688 2810 747 omnia
2844 689 2898 743 in
2935 689 3053 757 ipso
3081 696 3359 741 constant.

1794 781 1862 838 Et
1894 783 2008 852 ipse
2037 790 2122 839 est
2145 790 2309 852 caput
2344 781 2589 849 corporis
2621 781 2901 847 Ecclesiae,
2955 780 3048 848 qui
3092 788 3176 833 est
3212 779 3363 846 priu-

1795 874 2020 942 cipium,
2055 873 2453 943 primogenitus
2496 887 2564 927 ex
2609 873 2868 938 mortuis,
2928 882 2987 926 ut
3037 872 3108 925 sit
3158 871 3271 939 ipse
3313 870 3365 922 in

1793 965 2043 1019 omnibus
2071 964 2363 1033 primatum
2417 972 2607 1017 tenens
2646 981 2660 1017 :
2697 963 2825 1032 quia
2876 961 2931 1017 in
2974 963 3091 1031 ipso
3124 957 3366 1028 compla-

1793 1055 2151 1110 cuitomnem
2206 1053 2596 1123 plenitudinem
2641 1053 2973 1118 inhabitare,
3021 1060 3076 1106 et
3121 1065 3215 1119 per
3241 1062 3365 1103 eum

1794 1146 1976 1203 omnia
2008 1148 2365 1203 reconciliare
2418 1148 2472 1201 in
2515 1147 2690 1215 ipsum
2720 1160 2737 1199 :
2774 1144 3071 1213 pacillcans
3105 1156 3201 1211 per
3236 1155 3365 1195 san-

1796 1239 2012 1309 guinem
2056 1238 2237 1294 crucis
2272 1238 2390 1308 ejus
2426 1239 2542 1294 sive
2571 1251 2690 1305 quae
2719 1236 2773 1291 in
2808 1237 2990 1299 terris,
3019 1237 3135 1289 sive
3160 1248 3279 1301 quae
3310 1233 3369 1320 in

1796 1328 1947 1384 caelis
1983 1338 2109 1384 sunt
2134 1330 2201 1384 ".
2239 1348 2258 1383 ι
2292 1330 2522 1384 Docetur
2552 1328 2666 1391 hic,
2706 1328 2796 1381 Dei
2844 1326 3097 1389 Verbum,
3154 1326 3255 1379 hoc
3287 1331 3369 1379 est

1796 1417 1992 1472 Filium
2043 1419 2364 1473 naturaliter
2413 1433 2479 1472 ex
2531 1418 2624 1471 illo
2666 1426 2878 1479 natum,
2939 1416 3224 1470 invisibilis
3271 1413 3365 1467 Dei

1798 1507 2087 1577 imaginem
2113 1523 2277 1563 esse:
2318 1509 2503 1563 adhazc
2541 1508 2721 1561 omnia
2760 1506 2993 1562 visibilia
3025 1517 3080 1560 et
3117 1505 3364 1559 invisibi-

1797 1596 1891 1661 lia,
1922 1598 2037 1653 sive
2072 1599 2123 1653 in
2159 1599 2333 1662 cmlis,
2365 1600 2478 1653 sive
2512 1598 2564 1651 in
2594 1598 2778 1662 terris,
2812 1612 2909 1666 per
2935 1598 3111 1665 ipsum
3142 1595 3363 1651 condita

1797 1702 1956 1745 esse:
1987 1690 2158 1757 ipsum
2193 1701 2453 1759 praeterea
2482 1691 2663 1745 omnia
2699 1689 3019 1743 antecedere
3050 1690 3096 1757 (‹
3128 1687 3185 1741 In
3213 1688 3365 1757 prin-

1798 1782 1939 1851 cipio
1962 1782 2107 1836 enim
2130 1795 2250 1836 erat
2271 1780 2505 1837 Verbum
2524 1782 2651 1850 ιη),
2669 1781 3098 1849 smculorumque
3123 1781 3367 1835 condito-

133 1870 213 1923 ὅτι
233 1871 331 1942 πρὸ
352 1843 743 1928 πάντων-ἐστὶν
765 1843 927 1935 αὐτός
944 1843 1101 1941 (ι”Εν
1123 1874 1263 1945 ἀρχῇ
1429 1843 1554 1945 {ivro
1591 1875 1683 1928 Λό-

1799 1887 1912 1928 rem
1960 1887 2123 1928 esse:
2163 1874 2540 1929 exsisteutiam
2597 1882 2869 1943 postremo
2922 1872 3069 1927 omni
3127 1880 3372 1940 tempore

132 1964 298 2030 γοςι),
315 1963 404 2017 καὶ
429 1964 591 2027 αὐτός
615 1966 763 2019 ἐστιν
790 1964 819 2017 ό
844 1963 956 2018 τῶν
988 1964 1200 2018 αἰώνων
1228 1966 1289 2036 δη
1300 1967 1574 2037 μιουργὺς,
1598 1968 1693 2021 καὶ

135 2053 321 2120 χρόνου
384 2054 587 2118 παντὸς
635 2054 1015 2127 πρεσϐυτιραν
1070 2054 1209 2125 ἔχων
1274 2056 1374 2126 τὴν
1435 2056 1688 2129 ὕπαρξιν.

144 2142 296 2197 Ἀλλὰ
322 2144 411 2196 τὸν
437 2144 611 2209 οὕτως
636 2146 831 2217 ἔχοντα
873 2145 1016 2200 κατά
1063 2147 1226 2215 φύσιν
1271 2148 1408 2201 ἰδίαν
1444 2148 1691 2203 δεδόσθαι

132 2233 259 2301 φησί
300 2235 448 2303 παρὰ
488 2236 584 2289 τοῦ
630 2236 843 2306 Πατρὺς
879 2235 1123 2306 κεφαλὴν
1165 2234 1261 2289 τοῦ
1301 2235 1554 2308 σώματος
1591 2237 1691 2308 τῆς

141 2322 479 2395 Ἐκκλησίας,
524 2328 687 2382 αὐτόν
717 2344 779 2381 τε
822 2323 961 2381 εἶναι
990 2326 1081 2381 τὸν
1109 2328 1453 2399 πρωτότοκον
1481 2331 1546 2383 ἐκ
1581 2330 1692 2384 τῶν

130 2413 352 2485 νεκρῶν.
376 2411 512 2471 Εἶτα
534 2417 653 2482 πῶς
686 2418 947 2489 ὑπάρχων
976 2419 1063 2472 ἀεὶ
1089 2418 1223 2483 Θεὸς
1247 2419 1441 2488 Λόγος,
1474 2422 1532 2474 ὲν
1557 2414 1602 2489 ᾧ
1622 2421 1691 2475 τά

128 2508 299 2563 πάντα
331 2510 648 2582 συνέστηκε,
677 2514 1019 2585 πρωτότοκος
1046 2514 1157 2567 τῶν
1198 2514 1408 2587 νεκρῶν
1435 2516 1690 2585 γενέσθαι

125 2594 361 2665 λέγεται,
390 2600 487 2655 καὶ
516 2603 741 2674 ἀπαρχὴ
770 2603 879 2657 τῶν
912 2604 1350 2675 κεκοιμημένων,
1369 2607 1417 2659 εἰ
1444 2607 1518 2677 μή
1541 2609 1689 2661 ἐστιν

122 2688 286 2741 αὑτοῦ
312 2690 451 2743 κατὰ
476 2692 736 2755 ἀλήθειαν
772 2692 902 2745 ίδιον
936 2693 1095 2762 σῶμα
1128 2695 1187 2747 τὸ
1213 2696 1343 2765 παρ’
1386 2696 1551 2749 αὑτοῦ
1595 2698 1691 2765 λη-

134 2777 284 2843 φθὲν,
316 2773 375 2832 οῦ
402 2780 726 2844 πεπονθότος
760 2782 852 2834 τὸν
894 2782 1145 2847 θάνατον,
1192 2785 1355 2849 αὐτὸς
1403 2786 1471 2839 ἀν
1518 2789 1689 2840 νοοῖτο

122 2869 345 2934 παθεῖνς
376 2869 477 2922 οὐκ
518 2870 779 2925 ἀπίθανον
804 2871 1019 2942 ἔχοντος
1057 2873 1215 2941 λόγον
1263 2876 1322 2927 ὲν
1376 2875 1556 2947 ἑαυτῷ
1590 2876 1686 2930 τοῦ

121 2956 562 3030 συμόεσηκότος·
596 2959 832 3013 πέπονθε
886 2961 995 3033 γάρ
1037 2961 1098 3015 τὸ
1144 2962 1275 3017 ῐδιον
1300 2963 1502 3018 αὐτοῦ·
1542 2966 1689 3021 οὕτω

118 3049 319 3101 νοεῖται
344 3047 691 3120 πρωτότοκος
728 3052 793 3105 ὲκ
829 3050 939 3104 τῶν
969 3051 1201 3125 νεκρῶν,
1230 3054 1409 3109 καίτοι
1441 3055 1541 3128 τὴν
1579 3056 1683 3126 φύ-

1794 1965 2157 2034 antiquiorem
2209 1964 2426 2020 habere.
2490 1964 2763 2032 Ejusmodi
2828 1972 3009 2017 autem
3069 1964 3229 2017 bouis
3282 1976 3367 2016 se-

1793 2058 2031 2110 cundum
2085 2056 2362 2125 propriam
2413 2065 2663 2110 naturam
2709 2055 3065 2115 cumulatum,
3098 2054 3369 2124 primoge—

1793 2146 1963 2201 nitum
2002 2161 2067 2201 ex
2109 2148 2365 2210 mortuis,
2404 2155 2455 2201 et
2507 2156 2671 2216 caput
2722 2147 2968 2215 corporis
3020 2145 3279 2199 Ecclesiae
3333 2163 3362 2198 a

1793 2238 1903 2293 Deo
1924 2236 2086 2291 Patre
2115 2238 2298 2292 datum
2344 2252 2465 2291 esse
2508 2236 2761 2291 allirmat.
2808 2235 2926 2291 Jam
2963 2238 3231 2305 quomodo
3274 2238 3374 2305 qui

1792 2327 1885 2382 Dei
1916 2327 2094 2383 Patris
2137 2326 2372 2381 Verbum
2417 2338 2525 2392 est,
2563 2342 2881 2398 semperque
2915 2329 3047 2392 fuit,
3079 2344 3175 2397 per
3202 2344 3363 2398 quem

1791 2418 1972 2472 omnia
2018 2425 2290 2481 constant,
2345 2417 2743 2485 primogenitus
2791 2433 2858 2471 ex
2916 2419 3167 2485 mortuis,
3235 2420 3365 2473 dor-

1792 2507 2181 2577 mientiumque
2230 2507 2485 2577 primitiae
2527 2508 2848 2577 appellatur,
2900 2510 2943 2564 si
2981 2525 3180 2579 corpus
3223 2516 3365 2578 quod

1792 2597 2090 2665 assumpsit
2116 2611 2241 2650 vere
2275 2596 2417 2648 illius
2450 2597 2725 2665 proprium
2762 2614 2866 2651 non
2890 2608 3030 2662 erat,
3064 2614 3170 2666 quo
3202 2600 3361 2653 nimi-

1792 2703 1909 2741 rum
1957 2688 2048 2741 illo
2105 2697 2333 2741 mortem
2384 2687 2651 2742 subeunte
2694 2690 2810 2756 ipse
2862 2698 3089 2744 mortem
3126 2692 3363 2743 subiisse

1790 2777 2165 2846 intelligatur?
2212 2776 2399 2845 Neque
2460 2778 2605 2833 enim
2656 2780 2791 2832 citra
2825 2780 3026 2847 justam
3057 2797 3277 2836 causam
3312 2782 3362 2834 id

1788 2866 1867 2920 illi
1902 2866 2167 2922 accidisse
2206 2868 2430 2933 dicitur,
2481 2871 2621 2935 quod
2667 2873 2903 2937 corpori,
2949 2874 3095 2942 quod
3145 2889 3360 2942 passum

1787 2967 1890 3021 est,
1917 2967 1972 3013 et
1993 2958 2138 3013 illius
2172 2961 2445 3028 proprium
2479 2971 2618 3025 erat,
2662 2964 2931 3018 accidisse
2966 2966 3235 3019 novimus.
3274 2967 3352 3019 Ad

1787 3048 1932 3101 hunc
1983 3048 2166 3116 itaque
2222 3051 2435 3103 modum
2495 3053 2709 3107 etiamsi
2761 3055 3055 3109 secundum
3111 3064 3364 3110 naturam

117 3151 208 3191 σιν
231 3136 497 3205 ἀθάνατος
532 3140 632 3207 ῶν,
672 3143 765 3196 καὶ
793 3144 955 3207 αὐτὸς
988 3145 1342 3217 χρηματίξων
1384 3146 1520 3219 ζωή.
1556 3149 1686 3203 Ὅτε

1793 3138 2141 3206 immortalis,
2176 3149 2231 3194 et
2256 3142 2362 3193 vita
2416 3157 2514 3210 per
2570 3145 2862 3197 essentiam
2911 3148 3164 3210 exsistat,
3214 3164 3360 3201 mor-

112 3229 297 3281 τοίνυν
323 3230 532 3287 δέδοται
562 3234 771 3304 κεφαλὴ
798 3234 893 3289 τοῦ
922 3235 1173 3307 σώματος
1196 3238 1296 3309 τῆς
1334 3239 1684 3313 Ἐκκλησίας,

112 3316 305 3379 καθεὶς
350 3319 539 3373 ἑαυτὸν
569 3323 649 3384 εἰς
678 3322 929 3388 κένωσιν,
963 3325 1083 3377 τότε
1111 3326 1326 3395 λέγεται
1357 3329 1452 3381 καὶ
1481 3330 1688 3383 ἀποθα-

112 3410 231 3461 νεῖν
260 3408 616 3481 ἀνθρωπίνως
642 3412 782 3485 ὑπὲρ
813 3415 991 3485 ἡμῶν,
1012 3417 1041 3469 ὁ
1063 3418 1257 3473 παθεῖν
1285 3420 1385 3474 οὐκ
1414 3420 1570 3484 εἰδὼς
1596 3424 1688 3475 τὸν

109 3497 347 3555 θάνατον
376 3500 453 3566 ὡς
480 3501 632 3568 Θεός.

180 3682 320 3740 KA'.
358 3683 618 3756 Λέγοντος
662 3685 721 3741 δὶ
769 3687 865 3741 τοῦ
919 3690 1185 3759 μακαρίου
1226 3690 1461 3756 Παύλου,
1507 3694 1589 3747 ὅτι
1627 3696 1687 3749 ἐν

102 3774 261 3846 αὐτῷ
288 3776 577 3849 κατῴκησε
601 3781 709 3834 πᾶν
728 3781 788 3834 τὸ
817 3779 1109 3853 πλήρωμα,
1144 3785 1304 3852 φαῖεν
1334 3782 1401 3837 ἂν
1434 3784 1565 3850 ἰσως
1601 3804 1680 3839 τι-

98 3868 227 3929 νές·
270 3867 402 3921 Ἰδοὺ
431 3869 666 3942 Χριστὸν
697 3870 883 3942 ἕτερον
912 3868 1051 3927 οῐδεν
1079 3874 1262 3937 ἰδικῶς
1286 3874 1377 3929 τὸν
1403 3879 1467 3929 ἐκ
1494 3894 1684 3945 γυναι-

99 3957 203 4017 κὸς
230 3954 540 4025 ἄνθρωπον,
583 3961 640 4012 ὲν
665 3954 709 4027 ᾧ
743 3962 1065 4033 κατῴκησεν
1094 3963 1169 4031 ὠς
1200 3964 1387 4036 ἕτερος
1431 3971 1561 4038 παρ’
1588 3969 1684 4021 αὐ-

93 4045 195 4099 τὸν
239 4045 498 4117 Χριστὸς,
550 4050 644 4101 καὶ
694 4050 877 4114 ἰδικῶς
914 4054 942 4104 ὁ
980 4054 1168 4121 Λόγος,
1204 4057 1323 4125 ἦτοι
1368 4058 1588 4127 Πνεῦμα
1625 4060 1687 4113 τὸ

91 4136 390 4209 πλήρωμα
431 4140 533 4209 τῆς
582 4138 834 4211 θεότητος
891 4145 1236 4213 σωματικῶς.
1295 4148 1442 4219 Πρὸς
1498 4151 1561 4219 δὴ
1616 4152 1685 4205 τὰ

84 4230 284 4285 τοιάδε
335 4232 536 4302 φαμὲν,
584 4232 664 4285 ὅτι
716 4232 809 4287 δύο
856 4234 1124 4305 Χριστοὺς
1170 4238 1199 4290 ό
1241 4241 1685 4311 πνευματοφόρος

87 4323 202 4376 οὐκ
236 4318 405 4385 οἶδεν,
438 4322 555 4376 ἀλλ’
606 4324 704 4377 ἕνα
731 4323 1010 4395 κηρύττει,
1062 4326 1316 4397 καθάπερ
1359 4329 1550 4399 ἀμέλει
1590 4333 1684 4385 καὶ

81 4414 199 4469 ’ἕνα
226 4413 480 4486 Πατέρα.
517 4434 535 4467 ι
576 4416 739 4485 Ἦμῖν
768 4417 895 4489 γάρ,
927 4417 1110 4487 φησιν,
1140 4412 1219 4482 εἷς
1247 4419 1379 4485 Θεὸς
1407 4422 1436 4472 ό
1470 4424 1680 4493 Πατὴρ,

1793 3240 2007 3285 tuorum
2070 3232 2457 3301 primogenitus
2511 3246 2633 3287 esse
2691 3237 3065 3305 cognoscitur.
3132 3237 3362 3305 Quando

1790 3322 1957 3392 igitur
1985 3322 2142 3376 datus
2170 3332 2256 3376 est
2294 3333 2454 3392 caput
2486 3327 2732 3395 corporis
2764 3326 3028 3384 Ecclesiae
3060 3333 3360 3399 semetipso

1789 3412 1853 3464 ad
1907 3411 2331 3464 exinanitionem
2389 3414 2643 3479 demisso,
2698 3418 2867 3471 nostri
2921 3434 3081 3471 causa
3129 3432 3363 3474 mortem

1787 3500 2081 3555 secundum
2135 3512 2384 3555 naturam
2441 3504 2729 3559 humanam
2785 3510 3081 3577 oppetiisse
3133 3511 3353 3576 dicitur,

1786 3590 1876 3659 qui
1900 3598 1956 3641 ut
1989 3590 2133 3643 Deus
2165 3592 2352 3645 mortis
2384 3593 2609 3647 omnino
2640 3596 2863 3663 ignarus
2897 3604 3034 3650 erat.

1878 3680 2017 3735 XXI.
2067 3682 2335 3738 Caeterum
2393 3686 2536 3754 quod
2607 3687 2797 3741 beatus
2874 3688 3073 3743 Paulus
3143 3706 3358 3745 omnem

1787 3774 2178 3843 plenitudinem
2213 3775 2263 3828 in
2290 3776 2405 3844 ipso
2438 3776 2775 3833 inhabitasse
2807 3789 3039 3845 asserat,
3069 3782 3228 3853 144
3252 3800 3359 3837 ηοιι

1787 3867 2015 3921 deerunt
2047 3867 2303 3923 fortassis
2351 3870 2441 3938 qui
2470 3870 2557 3923 hic
2605 3869 2678 3924 ita
2731 3872 2991 3941 objiciunt
3024 3874 3141 3929 :Eu
3182 3878 3357 3931 homi-

1787 3972 1909 4012 nem
1960 3972 2027 4012 cx
2072 3959 2298 4013 muliere
2347 3971 2551 4025 ortum,
2602 3964 2875 4017 Christum
2905 3964 3135 4019 alterum
3173 3981 3268 4033 per
3300 3983 3361 4023 se

1786 4059 1841 4103 et
1881 4049 2177 4103 secundum
2203 4064 2263 4103 se
2288 4051 2587 4117 exstitisse,
2620 4054 2841 4118 indicat,
2875 4054 2929 4109 in
2958 4070 3065 4125 quo
3101 4056 3359 4123 Verbum,

1790 4137 1891 4190 hoc
1915 4147 2001 4190 est
2043 4136 2302 4205 Spiritus,
2331 4140 2743 4211 divinitatisque
2778 4143 3075 4211 plenitudo,
3101 4155 3355 4218 tanquam

1787 4228 1923 4281 alter
1953 4229 2171 4297 quidam
2202 4229 2450 4284 Christus
2482 4246 2727 4288 seorsum
2767 4239 2835 4292 ab
2876 4239 3048 4294 altero
3074 4240 3164 4294 illo
3189 4280 3203 4303 ,
3235 4257 3363 4295 cor—

1786 4316 2047 4385 poraliter
2096 4317 2430 4370 inhabitarit.
2489 4320 2570 4374 Ad
2620 4324 2735 4377 hrec
2786 4341 2918 4381 sane
2968 4331 3359 4396 respondemus

1787 4409 2009 4465 Paulum
2042 4412 2131 4467 Dei
2167 4414 2371 4489 Spiritu
2400 4417 2634 4470 alliatum
2668 4432 3008 4486 nequaquam
3037 4421 3171 4475 duos
3200 4436 3364 4491 agno-

84 4501 155 4568 ἒξ
190 4500 256 4559 οὗ
285 4507 357 4559 τὰ
384 4507 687 4571 πάντα,καὶ
717 4509 876 4578 ἡμεῖς
909 4510 988 4574 εἰς
1021 4510 1207 4566 αὐτόν.
1230 4512 1339 4566 Καὶ
1367 4508 1451 4576 εἰς
1478 4514 1681 4585 Κύριος

1790 4500 1931 4555 visse
1975 4501 2243 4569 Chrislos,
2308 4505 2400 4558 sed
2459 4522 2621 4559 unum
2679 4509 3073 4575 annuntiasse;
3126 4512 3266 4565 sicut
3309 4522 3363 4566 et

97 4594 329 4666 Ἰησοῦς
358 4598 617 4668 Χριστὸς,
647 4599 714 4652 δι’
745 4593 806 4653 οὗ
839 4601 909 4654 τά
932 4601 1130 4665 πάντα,
1170 4605 1264 4656 καὶ
1290 4606 1457 4674 ἡμεῖς
1480 4606 1547 4658 δι’
1582 4606 1681 4657 αὐ-

74 4684 213 4739 τοῦ.
252 4703 272 4735 ι
328 4686 487 4739 Ἐπεὶ
520 4688 675 4757 φέρε,
722 4688 1143 4759 διασκεψώμεθα
1172 4693 1569 4761 παρατιθέντες
1600 4698 1680 4758 εἰς

69 4776 338 4846 βάσανον
367 4769 477 4828 τῶν
502 4778 806 4848 εἰρημένων
830 4780 929 4851 τὴν
956 4781 1203 4853 δύναμιν·
1232 4786 1343 4854 Τὴν
1373 4787 1556 4838 εἰκόνα
1584 4786 1679 4838 τοῦ

56 4866 229 4923 Θεοῦ
253 4867 355 4921 τοῦ
390 4869 646 4937 ἀοράτου,
675 4868 766 4922 τὸν
806 4870 873 4923 δι’
900 4866 959 4925 οὗ
990 4874 1084 4925 καὶ
1112 4874 1172 4926 ὲν
1203 4868 1247 4941 ᾧ
1268 4875 1335 4928 τά
1362 4876 1560 4935 πάντα.
1587 4877 1679 4929 τὸν

65 4958 433 5031 προαιώνιον
462 4960 611 5024 Υἰὸν,
656 4961 755 5031 τὴν
785 4962 894 5015 τῶν
928 4962 1062 5015 ὅλων
1097 4962 1378 5028 σύστασιν,
1430 4964 1678 5020 δεδόσθαι

58 5051 227 5121 φησί
277 5052 348 5121 τῇ
405 5048 701 5123 Ἐκκλησία
736 5049 1010 5121 κεφαλὴν,
1051 5051 1143 5105 καὶ
1190 5053 1296 5126 μὴν
1339 5053 1417 5106 ὅτι
1468 5056 1680 5124 γένοιτο

60 5143 452 5212 ’πρωτότοκος
495 5144 558 5197 ὲκ
601 5142 823 5214 νεκρῶν.
871 5142 1086 5215 Ἐπειδὴ
1114 5142 1171 5197 δέ
1217 5146 1333 5197 ἐστι
1375 5144 1473 5218 τὴν
1512 5149 1680 5217 φύσιν

58 5232 390 5297 αθάνατος,
430 5234 578 5288 πᾶσά
613 5253 729 5298 πως
754 5234 967 5302 ἀνάγκη
994 5233 1131 5305 πρὸς
1164 5234 1358 5288 ἕνωσιν
1389 5238 1671 5311 οἰκονομι-

58 5322 186 5391 κήν
222 5339 287 5375 τε
322 5325 423 5376 καὶ
453 5324 626 5396 ἀληθῆ
671 5328 738 5396 τῇ
784 5325 906 5379 καθ’
947 5326 1093 5397 ἡμᾶς
1125 5326 1503 5399 ἀνθρωπότητι
1544 5348 1675 5383 συν-

58 5411 388 5481 ενεχθῆναι
419 5414 599 5482 λέγειν
627 5415 716 5468 τὸν
750 5416 815 5469 ὲκ
847 5415 981 5470 Θεοῦ
1017 5417 1227 5488 ιῙατρὸς
1261 5417 1450 5486 Λόγον,
1481 5420 1577 5473 ἕνα
1614 5437 1676 5477 τε

58 5500 263 5564 Ωῦτως
298 5506 440 5573 ἡμῖν
470 5507 849 5578 ἀναδειχθῆναι
898 5509 1150 5579 Χριστὸν,
1208 5510 1299 5563 τὸν
1330 5512 1492 5565 αὐτὸν
1541 5514 1677 5581 ὁμοῦ

58 5592 213 5647 Ξεὺν
260 5595 403 5648 ὄντα
434 5600 525 5650 καὶ
556 5600 860 5671 ἄνθρωπον.
904 5603 990 5654 Ἐν
1019 5601 1123 5653 τίνι
1170 5601 1235 5671 δὴ
1262 5600 1355 5657 οὖν
1385 5603 1675 5673 κατῴκησε

139 5750 194 5783 ⁸³
228 5748 449 5808 Coloss.
500 5772 536 5821 I,
589 5755 775 5812 12-20.
853 5758 897 5790 ²⁵
937 5758 1089 5813 Joun.
1138 5773 1172 5824 t,
1223 5758 1300 5811 Η.

1790 4608 1957 4646 unum
2002 4608 2216 4663 quoque
2264 4595 2522 4650 Patrem:
2570 4614 2589 4648 ι
2639 4595 2804 4651 Nobis
2846 4598 3044 4668 (inquit
3087 4599 3197 4669 ille)
3224 4618 3361 4655 unus

1788 4693 1873 4738 est
1911 4685 2053 4739 Dens
2099 4686 2280 4751 Pater,
2327 4703 2393 4740 ex
2436 4702 2541 4755 quo
2576 4689 2783 4753 omnia,
2828 4699 2881 4744 et
2929 4707 3025 4746 nos
3056 4692 3107 4746 in
3137 4693 3356 4762 ipsum:

1788 4783 1842 4825 et
1880 4788 2017 4827 unus
2048 4772 2305 4828 Dominus
2333 4773 2491 4831 Jesus
2518 4776 2798 4844 Christus,
2832 4795 2928 4848 per
2958 4796 3120 4850 quem
3151 4788 3359 4853 omnia,

1789 4872 1842 4917 et
1874 4879 1969 4917 nos
2010 4879 2104 4932 per
2137 4866 2309 4935 ipsum
2345 4868 2413 4923 “.
2455 4888 2474 4921 ι
2512 4868 2617 4925 Sed
2668 4872 2891 4939 agedum
2935 4874 3224 4929 verborum
3274 4879 3360 4933 hic

1788 4958 2185 5026 propositorum
2220 4962 2322 5013 vim
2353 4962 2417 5014 ad
2437 4976 2643 5028 aequam
2670 4963 2924 5014 trutinam
2953 4969 3355 5035 expendamus.

1787 5049 1982 5103 Filium
2009 5063 2290 5117 mternum,
2324 5052 2375 5104 in
2402 5067 2506 5118 quo
2524 5052 2728 5114 omnia,
2758 5062 2812 5105 et
2840 5068 2934 5120 per
2965 5073 3124 5125 quem
3150 5063 3352 5127 omnia,

1787 5142 2074 5196 invisibilis
2104 5142 2192 5194 Dei
2229 5142 2538 5206 imaginem,
2574 5142 3069 5216 universorumque
3110 5154 3358 5205 condito.

1790 5250 1901 5289 rem
1933 5248 1996 5285 ac
2024 5233 2442 5301 primogenitum
2489 5233 2630 5287 inter
2681 5249 2942 5300 mortuos.
2980 5240 3238 5296 Ecclesiae
3269 5260 3360 5297 ca-

1789 5336 1880 5393 put
1912 5325 2095 5377 datum
2123 5323 2397 5391 prmdicat.
2423 5326 2557 5391 Quia
2600 5343 2728 5398 ergo
2760 5331 2848 5384 Dei
2900 5329 3131 5386 Verbum
3170 5346 3358 5401 suapte

1789 5426 1978 5478 natura
2006 5416 2195 5470 mortis
2226 5432 2418 5487 expers
2447 5429 2548 5481 est,
2588 5435 2692 5473 non
2743 5436 3025 5487 possumus
3068 5424 3195 5478 illud
3234 5442 3357 5479 veru

1787 5506 2136 5576 perfectaque
2179 5510 2377 5566 unione
2415 5528 2535 5566 cum
2592 5515 2822 5565 humana
2875 5524 3065 5569 natura
3122 5518 3355 5588 conjun-

1790 5610 1934 5656 etum
1963 5603 2135 5659 fuisse
2160 5620 2263 5661 non
2294 5622 2569 5672 asserere;
2598 5607 2838 5675 adeoque
2864 5623 3029 5663 unum
3058 5611 3353 5677 Christum,

1379 5758 1425 5789 ¹⁶
1456 5756 1495 5811 II
1538 5758 1661 5815 Cor.
1704 5775 1824 5821 'vm,
1877 5760 1930 5817 6.
