4042 6458
672 366 814 422 1365
1589 366 1647 423 S.
1679 364 1955 421 CYRILIJ
1994 362 2235 418 ALEXAJ

2340 362 2462 418 RlNl
2501 360 2827 420 ARCHIEP.
3790 363 3915 417 1364

671 477 762 545 qui
795 477 938 532 idem
970 476 1113 533 Deus
1162 479 1322 533 simul
1362 479 1436 535 sit
1463 489 1519 535 et
1562 480 1747 548 homo,
1786 483 1942 540 nobis
1969 496 2073 534 non
2102 495 2219 549 pro-

2340 482 2443 534 πᾶν
2467 479 2526 533 τὺ
2554 481 2829 550 πλήρωμα
2857 480 2955 549 τῆς
2997 479 3252 549 θεότητος
3298 478 3675 550 σωματικῶς;
3723 479 3917 541 Ἰδικῶς

668 581 893 633 ponere.
919 566 991 620 At
1018 568 1070 622 in
1101 583 1211 638 quo
1250 569 1414 638 igitur
1434 570 1611 626 omnis
1632 572 1930 626 divinitatis
1952 571 2229 640 plenitudo

2340 572 2434 641 μὲν
2466 567 2559 624 οὖν
2586 571 2681 624 καὶ
2712 570 2852 623 κατά
2884 569 3050 639 μόνας
3078 571 3135 622 ὲν
3155 573 3221 640 τῇ
3248 573 3345 625 τοῦ
3371 570 3550 636 Λόγου
3576 570 3749 637 φύσει
3770 570 3919 621 τοῦτο

668 658 997 714 inhabitavit
1027 661 1383 730 corporaliter
1418 660 1507 714 “‘l
1535 662 1675 717 Sane
1699 662 1950 717 arbitrari
1973 663 2028 717 in
2062 661 2227 717 Verbi

2340 659 2645 730 πεπρᾶχθαι
2666 660 2927 730 νομίζειν,
2958 658 3152 729 εῦηθες
3177 658 3373 730 κομιδῇ
3395 674 3409 687 ’
3439 658 3557 710 ἴσον
3586 659 3704 728 γὰρ
3730 660 3918 721 εἰπεῖν,

669 763 912 804 seorsum
940 765 1039 819 per
1062 766 1120 805 se
1164 750 1491 807 considerati
1535 762 1781 807 naturam
1814 754 1915 807 hoc
1942 753 2226 815 accidisse,

667 838 888 891 omnino
918 838 1309 907 perabsurdum
1351 839 1542 895 fuerit:
1584 840 1804 910 perinde
1834 855 2064 910 namque
2088 840 2231 895 istud

674 937 818 983 esset
873 944 935 983 ac
996 930 1039 983 si
1088 929 1433 999 Unigenitum
1493 931 1546 986 in
1614 932 1903 1002 semetipso
1956 932 2232 985 habitasse

666 1018 989 1073 diceremus.
1028 1020 1323 1076 Credentes
1371 1023 1551 1091 itaque
1593 1023 1827 1077 Verbum
1863 1036 2080 1075 carnem
2125 1034 2230 1075 non

665 1120 765 1175 per
796 1107 1030 1175 aliquam
1084 1109 1164 1163 sui
1212 1112 1711 1165 transmutationem
1761 1120 1852 1163 aut
1907 1110 2229 1174 versionem,

666 1198 760 1250 sed
832 1212 930 1265 per
982 1214 1161 1254 veram
1212 1201 1393 1270 templi
1450 1203 1676 1271 proprii,
1728 1203 1830 1256 hoc
1872 1211 1956 1255 est
1993 1200 2232 1269 corporis

667 1287 849 1340 anima
901 1288 1135 1343 humana
1189 1290 1438 1359 perfecti,
1492 1293 1745 1347 unionem
1805 1291 1858 1344 in
1898 1290 2051 1345 nobis
2081 1291 2233 1345 babi-

671 1385 832 1445 tasse,
872 1379 958 1448 pie
999 1390 1251 1451 recteque
1298 1396 1694 1447 asseveramus,
1736 1383 1862 1435 dum
1895 1396 2119 1448 magnus
2143 1380 2231 1434 ille

668 1465 865 1520 Paulus
906 1482 1120 1521 omnem
1178 1469 1483 1524 divinitatis
1559 1469 1950 1537 plenitudinem
2007 1469 2060 1522 in
2117 1469 2232 1537 ipso

668 1556 1001 1611 inhabitasse
1049 1559 1261 1623 scribit,
1318 1574 1424 1612 non
1472 1559 1684 1627 quidem
1742 1574 1835 1627 per
1863 1557 2232 1627 participatio-

669 1663 815 1710 nem,
858 1660 948 1700 aut
980 1648 1371 1711 habitudinem,
1426 1658 1518 1702 aut
1568 1648 1754 1717 gratiae
1792 1649 2237 1703 communicatio-

671 1754 815 1802 nem,
857 1740 952 1792 sed
1000 1738 1375 1805 corporaliter,
1426 1740 1529 1793 hoc
1585 1747 1668 1793 est
1714 1739 2093 1801 essentialiter,
2144 1754 2237 1806 per

2331 749 2407 811 ὡς
2457 749 2619 812 αὐτὸς
2661 749 2721 802 ὲν
2763 747 2942 819 ἑαυτῷ
2988 748 3306 818 κατῴκησεν
3353 750 3382 801 6
3428 748 3785 818 Μονογενής.
3833 749 3920 800 Πι-

2336 838 2620 902 στεύοντας
2660 837 2714 891 δὲ
2765 839 2847 892 ὅτι
2898 840 3089 907 γέγονε
3142 838 3279 907 σὰρξ
3323 838 3353 888 ὁ
3406 839 3616 905 Λόγος,
3670 838 3735 889 οῦ
3788 842 3922 889 κατὰ

2336 930 2669 999 μετάστασιν
2716 929 2748 998 ἢ
2792 929 3001 1000 τροπὴν
3025 969 3039 993 ,
3094 928 3211 981 ἀλλ’
3242 929 3323 980 ὅτι
3362 927 3572 997 μᾶλλον
3611 916 3921 997 ἐσκήνωσεν

2331 1020 2388 1071 ὲν
2422 1020 2571 1089 ἡμῖν,
2617 1019 2710 1070 καὶ
2743 1018 2867 1071 ναὸν
2894 1016 3041 1071 ’ίδιον
3081 1017 3376 1086 ἐποιήσατο
3417 1017 3481 1068 τὸ
3526 1016 3746 1067 ἑνωθὲν
3788 1015 3922 1084 αὺτῷ

2331 1109 2471 1162 κατά
2493 1108 2748 1179 ἀλήθειαν
2775 1109 2953 1177 σῶμα,
2986 1108 3162 1179 ψυχὴν
3192 1109 3315 1179 ἔχον
3341 1109 3438 1181 τὴν
3470 1107 3741 1177 λογικήν,
3778 1108 3922 1158 εὗσε-

2332 1196 2424 1250 6ὲιο
2448 1201 2638 1251 εἰπεῖν·
2671 1200 2750 1252 ὅτι
2776 1198 2872 1268 τὴν
2900 1201 2958 1252 ὲν
2988 1202 3052 1268 τῇ
3079 1199 3211 1268 ἁγία
3240 1200 3408 1267 σαρκὶ
3439 1197 3540 1250 τοῦ
3574 1198 3767 1262 Λόγου
3795 1213 3919 1249 κατ·

2332 1286 2567 1356 οίκησιν,
2604 1286 2767 1356 ἤγουν
2799 1285 2997 1339 ἕνωσιν
3034 1285 3209 1355 ἀληθῆ
3243 1286 3698 1354 κατασημαίνων
3738 1287 3871 1353 ἡμῖν
3900 1286 3922 1336 ό

2335 1376 2625 1438 θεσπέσιος
2656 1376 2887 1440 Παῦλος,
2922 1377 2978 1427 ὲν
3007 1375 3158 1445 αὐτῷ
3188 1392 3321 1444 φησι
3354 1375 3701 1443 κατοικῆσαι
3739 1375 3847 1426 πᾶν
3876 1375 3923 1425 τὸ

2336 1468 2609 1537 πλήρωμα
2639 1467 2740 1536 τῆς
2766 1467 3039 1536 θεότητος,
3070 1466 3131 1519 οὐ
3162 1465 3441 1535 μεθεκτῶς
3469 1465 3714 1535 μᾶλλον,
3742 1466 3775 1532 ἢ
3814 1481 3923 1533 σχε-

2340 1556 2528 1621 τικῶς,
2560 1557 2725 1625 ἦγουν
2759 1556 2833 1618 ὡς
2864 1557 2920 1607 ὲν
2941 1556 3083 1608 δόσει
3118 1556 3361 1624 χάριτος,
3387 1554 3532 1607 ἀλλὰ
3566 1555 3920 1624 σωματικῶς,

2336 1649 2365 1701 ὅ
2400 1649 2547 1700 ἐστιν
2576 1646 2847 1709 οὐσιωδῶς
2867 1663 2879 1675 ·
2905 1646 2982 1709 ώς
3018 1647 3083 1698 ἂν
3106 1648 3153 1698 εί
3183 1645 3278 1697 καὶ
3309 1647 3367 1696 ὲν
3389 1644 3689 1714 ἀνθρώπῳ
3723 1643 3922 1710 λέγοιτο

2343 1737 2615 1790 κατοικεῖν
2660 1735 2720 1787 τὸ
2761 1733 2976 1803 πνεῦμα
3007 1734 3193 1798 αὑτοῦ,
3220 1733 3318 1801 οὺχ
3354 1731 3647 1800 ἕτερονόν
3688 1730 3820 1799 παρ’
3851 1731 3926 1780 αὺ-

666 1830 1115 1885 inhabitationem
1158 1830 1303 1882 illam
1340 1829 1487 1882 aliud
1520 1829 1654 1883 nihil
1685 1830 1958 1883 insinuare
1978 1829 2232 1890 voluisse,

2340 1825 2447 1879 τόν.
2490 1823 2605 1892 Ἐφ’
2638 1825 2754 1886 ἑνὸς
2802 1824 2859 1875 δὲ
2906 1823 3198 1893 προσώπου
3250 1821 3517 1882 πολλάκις
3574 1819 3923 1888 διπρόσωπον

667 1932 829 1985 quam
860 1931 1039 1969 veram
1082 1914 1492 1984 naturalemque
1523 1914 1683 1969 Verbi
1726 1929 1846 1969 cum
1877 1929 2033 1969 sacra
2072 1929 2234 1969 carne

668 2004 948 2058 unionem.
980 2004 1450 2071 Quemadmodum
1504 2004 1628 2059 licet
1665 2004 1898 2059 hominis
1926 2003 2149 2072 spiritus
2181 2003 2234 2055 in

668 2098 786 2165 ipso
818 2096 1067 2151 habitare
1097 2097 1332 2159 dicatur,
1365 2111 1470 2150 non
1509 2095 1646 2150 alius
1672 2104 1847 2150 tamen
1872 2104 1962 2148 aut
1985 2095 2233 2148 diversus

670 2188 736 2239 ab
770 2186 858 2239 illo
892 2186 1188 2255 judicatnr.
1222 2185 1309 2239 Fit
1357 2186 1523 2250 enim,
1572 2197 1629 2238 ut
1659 2185 1922 2240 orationis
1951 2184 2231 2238 schemate

669 2275 737 2326 de
765 2288 870 2326 una
906 2288 1132 2342 persona
1183 2274 1413 2342 duplicis
1464 2274 1784 2343 quandoque
1818 2288 2063 2343 persona:
2098 2274 2236 2328 ratio

671 2362 826 2416 nobis
859 2362 1140 2428 olferatur,
1178 2379 1353 2433 neque
1381 2364 1451 2418 ob
1496 2365 1547 2417 id
1580 2374 1757 2417 tamen
1796 2364 1998 2418 veritas
2038 2364 2146 2417 ulla
2170 2378 2235 2417 ex

672 2463 823 2521 parte
870 2454 1125 2508 laeditur:
1187 2464 1245 2508 ut
1298 2471 1456 2517 cum,
1508 2456 1737 2522 exempli
1783 2471 1983 2519 causa,
2047 2456 2226 2507 divina

673 2543 953 2612 Scriptura
986 2544 1053 2597 de
1096 2544 1202 2597 Deo
1236 2544 1533 2612 praedicat:
1580 2561 1599 2595 ι
1637 2544 1739 2607 Qui
1793 2544 1944 2611 lingit
1985 2544 2235 2610 spiritum

673 2631 913 2686 hominis
963 2632 1017 2685 in
1070 2632 1187 2701 ipso
1220 2632 1305 2695 ²⁷;
1345 2649 1363 2681 ι
1412 2630 1563 2696 atqui
1617 2630 1863 2697 spiritum
1915 2630 2148 2683 hominis
2183 2629 2236 2681 in

672 2724 793 2790 ipso
848 2721 1135 2774 formatum
1191 2724 1257 2773 ab
1303 2720 1420 2789 ipso
1471 2716 1628 2789 145
1673 2718 1892 2772 homine
1939 2718 2086 2771 aliud
2131 2732 2237 2771 non

671 2825 820 2876 esse,
853 2812 1103 2866 omnibus
1131 2812 1474 2881 perspicuum
1508 2822 1607 2864 est.
1642 2807 1760 2864 Huc
1789 2820 1842 2863 et
1868 2808 2000 2863 illud
2029 2824 2241 2878 quoque

671 2903 817 2957 beati
859 2902 1032 2957 David
1070 2903 1241 2957 tendit
1279 2918 1292 2955 :
1336 2920 1355 2953 ι
1386 2900 1559 2955 Nocte
1592 2917 1714 2955 cum
1744 2900 1907 2955 corde
1938 2915 2057 2953 meo
2083 2914 2240 2953 exer-

672 2993 899 3056 citabar,
943 3005 996 3047 et
1052 2994 1316 3047 maerebat
1365 2993 1597 3061 spiritus
1646 3007 1801 3048 meus
1847 2991 1912 3045 ”.
1956 3009 1975 3043 ι
2020 2992 2238 3061 Ecquis,

676 3095 882 3150 quaeso,
911 3093 1049 3150 erat,
1089 3085 1180 3151 qui
1211 3097 1334 3137 cum
1363 3096 1466 3136 suo
1492 3082 1654 3136 corde
1687 3082 2068 3146 exercebatur,
2111 3098 2237 3150 pro-

2335 1917 2468 1985 ἡμῖν
2508 1915 2812 1984 εἰσφέρεται
2850 1914 3008 1982 λόγου
3039 1914 3245 1982 σχῆμα,
3274 1911 3370 1964 καὶ
3421 1911 3554 1962 κατ’
3588 1910 3798 1961 οὐδένα
3819 1907 3924 1975 τρό-

2337 2022 2438 2058 πον
2466 2005 2638 2058 ἀδικεῖ
2669 2004 2765 2075 τὴν
2792 2004 3069 2074 ἀλήθειαν.
3107 1999 3230 2056 Οἷον
3257 2003 3392 2072 φέρε
3420 2004 3633 2065 εἰπεῖν,
3675 1998 3756 2061 ὡς
3782 2001 3829 2049 εί
3860 1997 3925 2047 λέ-

2335 2113 2484 2165 γοιτο
2531 2096 2660 2164 περὶ
2705 2093 2840 2148 Θεοῦ
2894 2095 3046 2165 παρὰ
3090 2094 3191 2162 τῆς
3241 2092 3621 2145 θεοπνεύστου
3681 2090 3724 2141 Γ
3734 2089 3897 2158 ραφῆς
3913 2102 3923 2115 ⁶

2347 2207 2365 2240 ι
2415 2189 2473 2241 '0
2512 2188 2765 2240 πλάσσων
2799 2185 3015 2255 πνεῦμα
3041 2183 3330 2255 ἀνθρώπου
3355 2184 3415 2237 ὲν
3451 2182 3641 2251 αὐτῷ.
3687 2200 3707 2234 ι
3750 2179 3924 2233 Καίτοι

2337 2279 2454 2340 πῶς
2478 2279 2577 2348 οὐχ
2606 2278 2810 2331 ἆπασιν
2837 2277 3087 2347 ἐναργὲς,
3106 2276 3180 2338 ώς
3210 2276 3310 2328 οῦκ
3337 2273 3403 2327 ἀν
3424 2276 3611 2326 νοοῖτο
3649 2290 3725 2324 πε
3735 2272 3789 2343 ρὶ
3806 2280 3834 2319 1
3853 2268 3927 2320 τὸν

2336 2369 2621 2439 ἄνθρωπον
2680 2367 2866 2439 ἕτερον
2939 2370 3031 2420 ὲν·
3067 2366 3244 2435 ἐαυτῷ
3311 2364 3715 2433 πλαττόμενον
3782 2357 3926 2413 αὑτοῦ

2339 2455 2583 2524 πνεῦμα;
2609 2457 2746 2525 Φησὶ
2787 2455 2843 2508 δέ
2876 2472 2978 2506 που
3011 2456 3105 2506 καὶ
3138 2457 3164 2506 6
3193 2453 3465 2523 μακάριος
3496 2451 3687 2503 Δαυῖδ
3711 2468 3724 2480 ·
3778 2468 3795 2500 ι
3831 2449 3927 2501 Nu-

2338 2547 2463 2608 κτὸς
2493 2546 2629 2615 μετὰ
2670 2545 2767 2611 τῆς
2799 2545 3026 2615 καρδίας
3059 2544 3405 2615 ἢδολέσχουν,
3460 2541 3564 2595 καὶ
3599 2540 3847 2610 ἤσχαλλε
3880 2537 3929 2587 τὸ

2341 2636 2555 2705 πνεῦμά
2587 2652 2709 2704 μου.
2749 2652 2768 2686 ι
2800 2632 2933 2686 Εἶτα
2968 2635 3051 2696 τίς
3084 2630 3177 2685 οὖν
3207 2635 3235 2684 6
3267 2633 3406 2701 μετά
3438 2632 3545 2700 τῆς
3572 2630 3822 2701 καρδίας
3846 2627 3929 2678 αὖε

2338 2726 2431 2779 τοῦ
2463 2724 2783 2795 ἀδολεσχῶν,
2820 2725 2914 2777 καὶ
2942 2723 3003 2777 τὸ
3037 2724 3166 2776 ῐδιον
3192 2720 3414 2790 πνεῦμα
3446 2720 3745 2788 ἀσχάλλον
3776 2718 3926 2787 Exim;

2337 2816 2457 2888 Χρὴ
2489 2817 2668 2871 τοίνυν
2710 2816 2781 2869 τὰ
2822 2817 2919 2885 μὲν
2954 2815 3063 2867 τῶν
3109 2814 3283 2882 λόγων
3315 2814 3583 2883 σχήματα
3619 2813 3706 2881 μὴ
3744 2809 3927 2877 σφόδρα

2341 2907 2689 2977 φιλοκρινεῖν,
2714 2907 2925 2977 ἀφορᾷν
2969 2906 3027 2958 δὲ
3065 2906 3265 2976 μᾶλλον
3299 2908 3377 2967 είς
3410 2904 3592 2965 αὺτάς
3645 2904 3768 2954 τῶν
3806 2917 3929 2967 πραο

2342 2998 2567 3068 γμάτων
2597 2996 2696 3061 τὰς
2737 2995 2925 3064 φύσεις
2949 3036 2963 3059 ,
2994 2997 3087 3048 καὶ
3125 2995 3184 3059 ἐξ
3226 2995 3405 3047 αὐτῶν
3444 2993 3511 3061 δὴ
3548 2993 3771 3060 μᾶλλον
3816 2988 3925 3040 πώς

2344 3084 2681 3157 ηγουμένους
2706 3084 2792 3137 ἐπ’
2820 3085 2988 3155 αὐτὴν
3021 3086 3155 3140 ἰέναι
3181 3084 3277 3155 τὴν
3308 3083 3605 3152 ἀλήθειαν.

674 3173 960 3243 priumque
1000 3174 1247 3241 spiritum
1294 3181 1620 3228 maerentem
1665 3175 1948 3229 habebat?
2018 3174 2239 3244 Oportet
2283 3178 2466 3248 itaque
2526 3178 2860 3231 locutionum
2928 3162 3186 3231 formulas
3230 3193 3336 3231 non
3380 3190 3561 3243 usque
3597 3172 3748 3228 adeo
3782 3174 3925 3226 anxie

673 3277 949 3331 excutere,
992 3267 1087 3321 sed
1124 3266 1270 3336 ipsas
1312 3282 1493 3324 rerum
1522 3280 1749 3323 naturas
1788 3268 1968 3338 potius
2026 3271 2398 3341 contemplari,
2460 3286 2754 3340 earumque
2808 3272 2968 3325 ductu
3005 3271 3071 3325 ad
3123 3272 3293 3341 ipsam
3347 3270 3650 3323 veritatem
3707 3275 3926 3322 conten-

672 3358 825 3413 dere.

1148 3495 1226 3550 De
1252 3496 1450 3549 Christi
1478 3498 1789 3551 obetlienlia.

751 3642 773 3679 ι
804 3627 970 3696 Igitur
1011 3627 1151 3680 sicut
1203 3641 1303 3695 per
1348 3626 1518 3680 unius
1560 3627 1813 3680 delictum
1841 3628 1891 3680 in
1921 3643 2106 3683 omnes
2148 3630 2244 3683 ho-

684 3719 863 3773 mines
909 3718 960 3771 in
1003 3717 1521 3771 condemnationem
1552 3734 1565 3769 :
1607 3718 1683 3771 sic
1703 3728 1754 3772 et
1780 3733 1873 3785 per
1902 3719 2056 3772 unius
2080 3717 2243 3787 justi-

674 3810 803 3863 tiam
856 3810 907 3862 in
962 3822 1155 3863 omnes
1198 3808 1445 3861 homines
1510 3808 1563 3862 in
1619 3808 2055 3877 justiﬁeationem
2100 3810 2239 3864 vitae.

675 3902 990 3957 Sicutenim
1040 3917 1135 3971 per
1175 3902 1603 3955 inobedientiam
1660 3902 1819 3955 unius
1858 3902 2090 3955 hominis
2121 3917 2243 3971 pec-

674 4002 891 4046 catores
923 3993 1205 4045 constituti
1240 4002 1368 4045 sunt
1404 3992 1593 4056 multi;
1625 3992 1695 4044 ita
1722 4001 1775 4046 et
1806 4006 1900 4059 per
1925 3992 2084 4044 unius
2114 3992 2238 4045 obe-

672 4082 953 4144 ditionem,
979 4082 1108 4150 justi
1158 4081 1565 4134 constituentur
1608 4081 1758 4133 multi
1797 4082 1864 4134 ".
1902 4098 1921 4131 ι
1960 4079 2091 4132 Cum
2144 4082 2242 4133 bu-

676 4188 834 4227 rnana
864 4182 1055 4226 natura
1096 4172 1166 4226 ob
1205 4170 1527 4240 protoplasti
1581 4172 2005 4225 inobedientiam
2071 4171 2241 4226 male-

673 4266 1161 4331 dicto-mortisque
1194 4264 1477 4318 sententia
1502 4264 1763 4318 obstricta
1790 4263 2043 4329 haereret,
2080 4278 2240 4329 opor-

672 4354 777 4408 tuit
806 4358 874 4407 ad
902 4354 1182 4421 antiquum
1236 4362 1435 4406 statum
1500 4352 1643 4405 illam
1693 4351 1868 4406 denuo
1915 4353 2100 4406 reduci
2146 4368 2241 4421 per

674 4444 1003 4512 inculpatam
1075 4443 1393 4496 obedientia-
1466 4443 2011 4497 demonstrationem.
2073 4442 2239 4510 Atqui

675 4534 822 4589 istud
860 4536 1113 4589 humanae
1162 4544 1367 4587 natura:
1427 4534 1718 4588 facultates
1779 4534 1961 4587 multis
1998 4534 2241 4603 partibus

673 4626 971 4679 excedebat
1006 4638 1022 4678 :
1074 4638 1247 4692 neque
1285 4623 1429 4677 enim
1479 4622 1616 4675 ullus
1665 4639 1693 4675 a
1731 4634 1951 4690 peccato
1988 4624 2241 4679 immunis

679 4724 818 4768 erat.
855 4714 988 4769 Nam
1030 4731 1149 4770 cum
1181 4730 1243 4768 ea
1277 4712 1442 4767 semel
1476 4714 1526 4765 in
1560 4730 1754 4767 noxam
1782 4730 2134 4783 erroremque
2163 4720 2241 4769 in-

2615 3498 2755 3567 Περὶ
2784 3496 2890 3566 τῆς
2915 3498 3189 3565 ὑπακοῆς
3216 3496 3322 3550 τοῦ
3349 3494 3643 3565 Χριστοῦ.

2421 3652 2437 3683 ι
2478 3634 2595 3703 'Ap‘
2626 3626 2718 3685 οὖν
2743 3630 2819 3692 ὡς
2863 3629 2929 3682 δι’
2977 3628 3094 3691 ἐνὸς
3136 3626 3542 3697 ἁμαρτήματος
3592 3626 3681 3687 εἰς
3732 3624 3928 3683 πάντας

2343 3722 2684 3792 ἀνθρώπους,
2739 3721 2819 3782 εἰς
2858 3719 3209 3787 κατάκριμαο
3250 3715 3395 3766 οὕτω
3426 3713 3525 3765 καὶ
3558 3711 3630 3763 δι’
3690 3712 3815 3775 ἐνὸς
3863 3711 3927 3762 δι-

2345 3814 2666 3884 καιώματος
2699 3813 2779 3874 είς
2829 3811 3036 3871 πάντας
3089 3805 3434 3877 ἀνθρώπους,
3470 3804 3554 3866 είς
3592 3803 3878 3872 δικαίωμα
3910 3810 3923 3835 ι

2343 3906 2507 3973 ζωῆς.
2556 3905 2764 3971 ’Ὠσπερ
2799 3901 2907 3968 γὰρ
2938 3899 3027 3951 διὰ
3056 3898 3154 3966 τῆς
3201 3895 3488 3965 παρακοῆς
3531 3892 3633 3945 τοῦ
3681 3894 3809 3956 ἑνὸς
3847 3894 3925 3945 ἀν-

2343 3998 2560 4067 θρώπου
2595 3992 2908 4062 ἁμαρτωλοὶ
2947 3988 3361 4058 κατεστάθημεν
3408 3989 3459 4039 οἱ
3512 3986 3748 4050 πολλοὶ,
3802 3983 3925 4036 οὓτω

2342 4086 2435 4139 καὶ
2465 4084 2554 4137 διὰ
2583 4083 2683 4150 τῆς
2709 4080 2953 4149 ὑπακοῆς
2983 4080 3077 4131 τοῦ
3118 4078 3235 4139 ἑνὸς
3262 4076 3560 4145 ἀνθρώπου
3603 4076 3818 4129 δίκαιοι
3839 4092 3922 4125 κα-

2340 4176 2701 4245 ταστήσονται
2748 4182 2775 4211 ⁸
2808 4171 2858 4223 οἱ
2900 4169 3103 4222 πολλοί.
3140 4187 3157 4219 ι
3195 4166 3306 4235 Τῆς
3354 4165 3661 4235 ἀνθρώπου
3724 4168 3923 4234 φύσεως

2342 4267 2451 4337 ἀρᾷ
2481 4265 2573 4317 καὶ
2608 4264 2732 4335 δίκῃ
2752 4263 2983 4316 θανάτου
3016 4258 3560 4327 καταδεδικασμένης
3592 4259 3689 4312 διὰ
3724 4261 3823 4328 τὴν
3845 4256 3920 4308 τοῦ

2348 4354 2774 4425 πρωτοπλάστου
2802 4351 3107 4421 παρακοὴν,
3130 4350 3238 4402 ἔδει
3265 4348 3429 4403 πάλιν
3453 4349 3785 4418 ἀνασφῆλαι
3807 4347 3923 4417 1:96;

2342 4447 2401 4498 τὸ
2435 4448 2493 4499 ὲν
2540 4445 2734 4515 ἀρχαῖς
2779 4442 2947 4513 αὐτὴν
2993 4442 3397 4512 ἀνεπίπληκτον
3430 4440 3638 4509 κομιδῇ
3692 4441 3796 4508 τῆς
3839 4440 3922 4489 ὺπ-

2343 4534 2511 4604 ακοῆς
2542 4532 2873 4602 ποιουμένην
2904 4531 3000 4601 τὴν
3025 4531 3270 4596 ἔνδειξιν.
3304 4528 3445 4582 Ἀλλ’
3465 4529 3571 4599 ἠδη
3598 4529 3769 4581 τοῦτο
3804 4528 3919 4580 πολὺ

2344 4628 2438 4680 καὶ
2471 4625 2593 4677 λίαν
2640 4623 2900 4677 ἐπέκεινα
2928 4621 3037 4674 τῶν
3065 4622 3167 4691 τῆς
3202 4620 3643 4689 ἀνθρωπότητος
3680 4622 3919 4689 μέτρων·

2350 4716 2586 4786 καθαρὸς
2604 4716 2712 4784 γὰρ
2737 4714 2913 4775 οὐδεὶς
2936 4713 3041 4765 ἀπὸ
3066 4712 3375 4783 ἁμαρτιῶν.
3404 4711 3680 4764 Παθοῦσα
3711 4712 3767 4764 δὲ
3796 4708 3921 4771 ἅπαξ

672 4807 917 4869 cidisset,
960 4807 1335 4875 intestinisque
1365 4806 1769 4858 infirmitatibus
1812 4806 1951 4857 victa
1994 4815 2235 4873 prostra-

2344 4807 2405 4859 τὸ
2448 4804 2791 4873 πλημμελὲς,
2823 4802 2915 4853 καὶ
2962 4804 3081 4864 ταῖς
3116 4801 3327 4854 οἴκοθεν
3378 4802 3707 4862 ἀσθενείαις
3740 4818 3921 4868 κεκρα-

675 4908 837 4964 taque
865 4895 1095 4963 iaceret,
1150 4904 1203 4950 et
1242 4897 1383 4951 intra
1430 4896 1703 4964 pr0priam
1740 4908 1955 4947 carnem
1990 4896 2239 4960 nequitiae

673 4988 915 5044 radicem
964 4988 1206 5052 haberet,
1249 5004 1312 5043 ac
1349 4987 1613 5043 infrenem
1651 4985 1860 5055 peccati
1893 4984 2062 5051 legem
2099 4984 2239 5036 intra

675 5095 770 5134 sua
805 5079 1011 5131 viscera
1058 5088 1317 5144 perpetuo
1368 5090 1628 5148 gestaret,
1689 5077 1959 5146 quomodo
2024 5089 2238 5128 omnem

674 5169 899 5223 omnino
938 5167 1143 5235 lapsum
1175 5168 1460 5222 evaderet?
1492 5189 1512 5223 ι
1559 5169 1691 5223 Nam
1725 5167 1999 5237 sapientia
2032 5167 2233 5227 carnis,

681 5260 884 5329 inquit,
911 5260 1133 5312 omnino
1158 5255 1438 5310 inimicitia
1474 5269 1555 5311 est
1593 5261 1643 5312 in
1677 5259 1843 5313 Deum
1884 5275 1897 5310 :
1945 5257 2046 5325 legi
2090 5256 2234 5311 enim

748 5412 791 5442 ³⁸
823 5410 1029 5467 Coloss.
1075 5424 1134 5471 II,
1168 5408 1220 5463 9.
1297 5405 1339 5435 ’⁷
1374 5404 1537 5458 Zach.
1573 5422 1666 5472 xu,
1707 5407 1755 5461 1.

2346 4896 2576 4963 τημένη,
2613 4894 2707 4945 καὶ
2758 4896 2814 4945 ὲν
2860 4892 2967 4962 ίδίᾳ
3002 4893 3168 4963 σαρκὶ
3205 4892 3304 4963 τὴν
3337 4893 3438 4960 τῆς
3473 4894 3821 4962 φαυλότητος
3850 4902 3921 4940 νει-

2350 4984 2518 5034 σοῦσα
2552 4984 2767 5049 γένεσιν
2808 4983 2855 5046 δ,
2891 4984 3242 5054 ἀγριαίνοντά
3287 5000 3347 5035 τε
3384 4983 3481 5034 τὸν
3526 4983 3632 5049 τῆς
3668 4980 3920 5050 ἁμαρτίας

2348 5069 2611 5123 ὠδίνουσα
2638 5070 2821 5140 νόμον,
2847 5072 2961 5135 πῶς
2992 5073 3058 5126 ἀν
3085 5071 3271 5140 διέδρα
3298 5068 3591 5130 παντελῶς
3619 5085 3635 5133 ;
3676 5088 3693 5119 ι
3736 5069 3805 5119 Τὸ
3829 5066 3921 5134 γὰρ

2346 5162 2601 5231 φρόνημα
2641 5164 2741 5233 τῆς
2774 5163 2973 5234 σαρκὸς
3024 5162 3307 5225 παντελῶς
3358 5159 3572 5230 ἔχθρα,
3618 5162 3805 5231 φησιν,
3855 5161 3919 5219 εἰς

2345 5254 2477 5306 Θεόν
2502 5271 2513 5283 ·
2550 5254 2627 5325 τῷ
2655 5256 2763 5327 γὰρ
2787 5256 2937 5325 νόμῳ
2957 5254 3053 5308 τοῦ
3080 5256 3215 5309 Θεοῦ
3240 5253 3339 5325 οὐχ
3372 5252 3788 5313 ὑποτάσσεται·
3818 5252 3920 5307 οὲᾶ

1833 5406 1877 5435 ’⁸
1920 5407 2056 5463 Psal.
2091 5405 2346 5471 Lxxv1,7.
2424 5405 2467 5434 ³³
2512 5403 2667 5455 Rom.
2716 5420 2769 5467 v,
2814 5404 2900 5469 18,
2952 5404 3038 5459 l9.

1766 5558 1936 5612 Variae
1968 5560 2221 5614 lectiones
2251 5560 2450 5616 codicis
2474 5559 2833 5630 Seguieriani.

744 5733 773 5777 γ
808 5723 972 5794 παρὰ.
1055 5730 1072 5755 ι
1101 5720 1399 5775 δικαίωσιν.
1479 5727 1499 5754 θ
1531 5711 2045 5781 κατασταθήσονται.

2125 5713 2151 5751 'D
2182 5713 2408 5767 σύνεσιν.
