4042 6462
150 389 282 446 I365

951 389 1042 445 AD
1082 388 1385 447 REGINAS
1424 388 1511 445 DE
1549 383 1778 442 RECTA
1818 381 1976 439 FIDE
2012 381 2270 440 ORATIO
2308 379 2604 436 ALTERA.

3243 370 3379 428 I366

149 509 253 579 γὰρ
297 508 536 564 δύναται.
590 529 607 559 ι
652 509 992 579 Εὑμηχάνως
1055 509 1347 581 τοιγαροῦν
1376 512 1405 563 6
1445 509 1576 572 Θεὸς
1616 506 1711 561 καὶ

1818 504 1909 560 Del
1933 518 2041 560 non
2071 513 2156 560 est
2191 503 2473 573 subjecta;
2509 515 2607 554 nec
2636 498 2781 553 enim
2822 497 3001 568 potest
3032 494 3099 549 ³⁸.
3138 512 3156 545 ι
3192 493 3379 561 Itaque

150 600 337 670 Πατὴρ
365 598 938 669 ἀνακεφαλαιούμενος
965 601 1034 656 τά
1064 602 1243 656 πάντα
1271 602 1329 652 ὲν
1358 600 1435 670 τῷ
1460 598 1703 671 Χριστῷ,

149 693 238 744 καὶ
307 695 369 745 ὲκ
428 692 626 760 πολλῆς
687 689 826 759 ἀγαν
883 692 1217 763 ἡμερότητος
1278 694 1343 760 τῇ
1421 688 1707 762 ἀνθρώπου

149 782 666 852 πραγματευόμενος
703 780 862 849 φύσει
890 782 991 850 τὴν
1036 783 1116 846 είς
1144 784 1283 853 ὅπερ
1318 777 1385 851 ἦν
1427 780 1705 844 ὲπάνοδον,

146 874 307 941 ἡγουν
354 870 706 942 ἀνακομιδὴν,
768 890 788 923 ι
825 872 1173 937 ἐξαπέστειλε
1215 873 1308 924 τὸν
1346 869 1473 923 Υίὸν
1507 868 1702 933 αὑτοῦ,

145 962 427 1027 γενόμενον
459 959 522 1011 ἐκ
560 962 839 1028 γυναικὸς.
881 979 900 1012 ›
934 961 1021 1014 ἵνα
1054 960 1116 1013 τὸ
1160 962 1345 1029 ὅμοιον
1373 960 1503 1029 ἡμῖν
1548 958 1707 1028 σῶμα

144 1047 338 1112 λαϐὼν,
387 1047 481 1100 καὶ
514 1050 647 1103 ῐδιον
680 1050 848 1103 αὐτοῦ
894 1051 1284 1120 ποιησάμενος,
1314 1048 1391 1112 ὡς
1424 1048 1707 1121 ἄνθρωπος

149 1138 239 1189 ἐπὶ
274 1138 371 1207 γῆς
402 1140 599 1211 εὑρεθῇ
631 1142 660 1193 6
715 1140 789 1209 μὴ
822 1138 977 1203 εἰδὼς
1027 1140 1321 1211 ἁμαρτίαν,
1364 1139 1505 1192 οὕτω
1534 1157 1594 1193 τε
1628 1140 1707 1203 είς

145 1228 287 1279 ἃπαν
314 1229 581 1298 κατήκοος
610 1227 850 1296 γεγονὼς
870 1228 946 1299 τῷ
962 1228 1082 1300 Θεῷ
1103 1228 1195 1282 καὶ
1219 1228 1413 1299 Πατρὶ,
1438 1229 1703 1298 δικαιώσῃ

141 1313 239 1384 τὴν
271 1315 555 1386 ἀνθρώπου
598 1315 761 1383 φύσιν
814 1318 872 1371 ὲν
906 1318 1104 1389 ἑαυτῷ,
1141 1317 1369 1373 καὶτῶν
1401 1318 1493 1372 τοῦ
1539 1318 1705 1373 θανά-

141 1422 233 1457 του
261 1406 477 1477 δεσμῶν
516 1406 789 1474 ἐξέληται,
823 1407 1042 1475 φύλλοις
1074 1422 1097 1449 ο
1124 1410 1545 1481 ἀναμαρτησίας
1585 1427 1705 1463 στε-

145 1497 474 1566 φανούμενος
506 1497 530 1535 ἀ
569 1496 719 1568 παρά
760 1499 854 1551 τοῦ
889 1500 1024 1553 Θεοῦ
1058 1502 1153 1556 καὶ
1194 1501 1426 1571 Πατρός.
1460 1501 1569 1555 Καὶ
1595 1500 1703 1571 γάρ

143 1589 255 1639 ἐστι
285 1587 390 1639 τῶν
440 1587 658 1640 ἀτόπων
681 1626 695 1650 ,
747 1588 1114 1661 κληρονόμους
1169 1590 1267 1660 μὲν
1302 1590 1448 1660 ἡμᾶς
1478 1590 1578 1658 τῆς
1612 1590 1703 1643 τοῦ

140 1679 348 1749 πρώτου
387 1678 640 1746 γενέσθαι
689 1681 866 1751 δίκης,
919 1682 1151 1745 ὲνιέντος
1179 1683 1245 1752 τῇ
1281 1680 1458 1753 φθορᾷ
1488 1681 1577 1735 διὰ
1604 1683 1704 1752 τῆς

144 1769 418 1839 παρακοῆς
439 1771 564 1839 ’τῆς
585 1772 643 1824 δὲ
674 1771 764 1823 τοῦ
792 1771 1043 1844 δευτέρου
1066 1773 1412 1842 δικαιοσύνης
1437 1772 1511 1843 μὴ
1536 1790 1701 1843 μεταο

1813 595 1959 652 Deus
2010 594 2170 651 Pater
2220 596 2356 649 mira
2400 592 2632 662 quadam
2683 589 3001 644 dexteritate
3044 586 3226 643 omnia
3282 600 3378 654 per

1810 684 2086 740 Christum
2134 683 2564 743 instauraturus,
2619 681 2973 747 humanaeque
3023 686 3229 731 natura:
3290 688 3379 727 re-

1810 789 2091 847 gressum,
2148 775 2252 830 hoc
2301 782 2385 828 est
2429 769 2945 841 redintegrationem
2998 769 3064 822 ad
3123 768 3175 822 id
3231 767 3375 836 quod

1809 863 2103 935 aliquando
2146 864 2357 928 fuerat,
2410 862 2648 916 maxima
2682 858 3012 929 benignitate
3046 856 3373 911 conciliatu-

1810 970 1925 1022 rus,
1960 972 1981 1006 ι
2018 954 2167 1008 misit
2197 954 2389 1008 Filium
2422 967 2576 1007 suum
2620 951 2820 1004 factum
2859 962 2923 1002 ex
2958 947 3181 1001 muliere
3214 945 3252 975 "
3282 962 3296 1008 ;
3350 964 3370 994 ι

1807 1060 1916 1114 quo
1961 1044 2218 1098 nimirum
2276 1058 2471 1113 corpus
2519 1052 2705 1096 nostro
2758 1039 2956 1104 simile,
3002 1038 3213 1105 sibique
3254 1051 3377 1103 pro-

1807 1136 1984 1206 prium
2018 1134 2218 1189 factum
2265 1150 2571 1197 assumens,
2625 1144 2878 1200 tanquam
2930 1132 3092 1186 homo
3124 1132 3176 1184 in
3218 1130 3379 1184 terris

1809 1236 2093 1297 appareret
2140 1227 2233 1296 qui
2285 1236 2370 1281 est
2415 1227 2592 1282 omnis
2651 1225 2856 1295 peccati
2914 1224 3174 1295 ignarus;
3215 1233 3377 1290 atque

1809 1318 1880 1373 ita
1918 1321 2025 1373 Deo
2054 1318 2199 1372 Patri
2245 1333 2340 1388 per
2380 1318 2560 1371 omnia
2604 1317 2913 1378 obsecutus,
2949 1315 3243 1368 humanam
3275 1328 3375 1365 na-

1811 1418 1983 1463 turam
2010 1410 2060 1462 in
2102 1410 2393 1476 semetipso
2428 1408 2776 1477 iustiﬁcaret,
2816 1407 3116 1475 mortisque
3147 1403 3376 1457 vinculis

1807 1500 2092 1564 eximeret,
2124 1498 2287 1571 146
2317 1498 2637 1553 innocentiae
2667 1498 2802 1552 stola
2827 1514 2854 1550 a
2894 1497 2999 1552 Deo
3033 1496 3193 1551 Patre
3225 1510 3379 1550 coro-

1809 1592 2062 1645 nandam.
2115 1591 2328 1645 Etenim
2366 1590 2758 1660 perabsurdum
2800 1590 2982 1655 fuerit,
3042 1603 3137 1656 per
3191 1587 3379 1641 inobe-

1808 1682 2066 1735 dientiam
2117 1683 2317 1751 prioris
2360 1682 2491 1736 Δάαι
2523 1681 2591 1736 ad
2624 1691 2852 1737 mortem
2879 1690 2933 1735 et
2965 1679 3374 1749 corruptionem

1807 1770 2214 1839 praecipitantia,
2252 1770 2619 1826 damnationis
2651 1772 2894 1826 haeredes
2923 1769 3249 1825 constitutos
3275 1782 3375 1823 nos

140 1863 338 1930 λαχεῖν,
385 1862 808 1932 ἀνακομίζοντος
858 1842 1118 1935 είςὝζωὴν
1160 1864 1249 1918 διὰ
1292 1866 1391 1935 τῆς
1438 1842 1703 1927 είςγᾶπαν

1805 1876 1965 1926 esse;
2012 1859 2235 1927 iustitia:
2269 1875 2401 1916 vero
2440 1861 2757 1931 posterioris
2804 1873 2900 1930 per
2939 1868 3373 1915 consummatam

140 1952 400 2019 ὑπακοῆς.
454 1954 622 2006 Ὅταν
649 1949 745 2007 οὖν
784 1953 915 2025 λέγῃ
954 1956 1017 2007 τὸ
1059 1956 1297 2026 Γράμμα
1338 1954 1397 2007 τὸ
1422 1955 1591 2025 ἱερὸν,
1635 1954 1701 2007 δι’

141 2042 384 2111 ὑπακοῆς
412 2045 533 2107 ἐνὸς
571 2045 954 2099 δεδικαιῶσθαι
995 2046 1246 2111 πολλοὺς,
1290 2046 1389 2100 οὐκ
1417 2046 1702 2117 ἄνθρωπον

134 2132 315 2197 ἁπλῶς
360 2135 457 2187 ἕνα
490 2136 600 2188 τῶν
638 2136 759 2189 καθ’
804 2139 953 2207 ἡμᾶς
987 2140 1066 2199 είς
1092 2138 1251 2191 τοῦτο
1282 2136 1702 2207 παραληφθῆναι

135 2242 334 2294 φαμεν,
376 2227 843 2302 ὲνηνβρωπηκότα
890 2229 948 2281 δὲ
1000 2228 1202 2297 μᾶλλον
1245 2230 1337 2281 τὸν
1392 2227 1697 2297 Μονογενῆ,

134 2317 229 2368 καὶ
276 2318 515 2386 ὑπήκοον
549 2318 690 2389 ὑπὲρ
723 2318 883 2389 ἡμῶν
927 2320 1190 2387 γεγονότα
1228 2317 1307 2389 τῷ
1334 2318 1526 2389 Πατρί.
1566 2336 1585 2369 ι
1622 2318 1697 2369 Οὐ

132 2407 242 2477 γὰρ
275 2408 533 2478 ἐποίησεν
572 2411 871 2479 ἁμαρτίαν,
914 2412 1037 2464 οὐδὲ
1085 2411 1280 2482 εὑρέθη
1329 2412 1481 2473 δόλος
1532 2412 1590 2465 ὲν
1620 2408 1699 2479 τῷ

131 2498 354 2569 στόματι
389 2498 575 2566 αὑτοῦ,
621 2519 640 2553 ι
682 2500 826 2555 καθὰ
857 2501 1188 2573 γέγραπται.

196 2774 326 2829 K1".
366 2792 384 2825 ι
440 2773 602 2841 Λέγω
649 2773 757 2845 γάρ
792 2773 1029 2844 Χριστὸν
1074 2773 1322 2827 διάκονον
1366 2774 1696 2845 γεγενῆσθαι

126 2866 427 2935 περιτομῆς
456 2864 597 2931 ὑπὲρ
624 2865 883 2933 ἀληθείας
899 2863 1056 2928 Θεοῦ,
1090 2866 1169 2927 είς
1195 2865 1256 2917 τὸ
1288 2864 1580 2934 βεϐαιῶσαι
1598 2866 1697 2931 τὰς

124 2956 460 3024 ἐπαγγελίας
490 2955 597 3009 τῶν
639 2957 923 3029 πατέρων·
970 2958 1035 3011 τά
1081 2958 1140 3011 δὲ
1167 2958 1294 3028 ἔθνη
1349 2960 1487 3031 ὑπὲρ
1514 2959 1697 3021 ἐλέους

121 3046 345 3110 δοξάσαι
372 3044 464 3098 τὸν
495 3046 645 3098 Θεόν.
689 3064 706 3095 ι
752 3046 1017 3101 Ἰουδαίων
1063 3045 1201 3101 εἶναι
1227 3049 1327 3111 τὰς
1364 3049 1696 3116 ἐπαγγελίας

1804 1953 1949 2006 illam
2002 1953 2365 2007 obedientiam
2417 1953 2472 2007 in
2521 1954 2687 2007 vitam
2744 1952 3074 2017 reducentis,
3128 1959 3374 2005 exsortes

1802 2059 1903 2098 nos
1934 2059 2174 2098 manere.
2231 2044 2367 2099 Cum
2416 2045 2599 2114 itaque
2642 2044 2824 2098 divina
2858 2043 3139 2111 Scriptura
3173 2041 3372 2095 multos

1801 2149 1898 2203 per
1948 2136 2107 2188 unius
2166 2136 2529 2190 obeditionem
2590 2135 2917 2202 justitlcatos
2981 2134 3198 2195 asserit,
3262 2146 3369 2185 non

1800 2225 2098 2293 simplicem
2129 2224 2383 2295 aliquem,
2406 2236 2713 2294 nosti-teque
2737 2222 3064 2278 conditionis
3097 2221 3368 2275 hominem

1802 2318 1867 2370 ad
1897 2318 1998 2371 hoc
2025 2325 2361 2385 assumptum
2408 2316 2648 2387 cogitare
2693 2315 2951 2371 debemus
2981 2331 2995 2379 ;
3027 2313 3119 2366 sed
3158 2313 3367 2381 ipsum-

1800 2417 1910 2462 met
1944 2407 2289 2477 Uuigenitum
2321 2408 2594 2462 hominem
2626 2406 2851 2468 factum,
2884 2406 2972 2472 qui
3008 2402 3366 2458 obedientiam

1799 2500 1942 2555 Patri
1992 2516 2090 2570 pro
2134 2498 2387 2553 omnibus
2430 2498 2701 2567 praastitit.
2739 2497 2785 2551 Is
2814 2497 2956 2551 enim
2981 2505 3087 2559 est,
3128 2494 3243 2563 qui,
3288 2504 3370 2546 at-

1799 2600 2033 2646 testante
2083 2590 2385 2660 Scriptura,
2455 2606 2473 2639 ι
2523 2598 2803 2655 peccatum
2856 2603 2961 2640 non
3010 2585 3160 2648 fecit,
3194 2598 3368 2651 neque

1795 2683 1951 2738 dolus
1976 2683 2226 2735 inventus
2254 2691 2336 2735 est
2366 2682 2417 2733 iu
2448 2695 2541 2734 ore
2571 2680 2687 2747 ejus
2712 2680 2776 2731 ³³.
2809 2698 2827 2731 ι

1867 2772 2055 2827 XXIII.
2095 2790 2113 2823 ι
2156 2772 2285 2825 Dico
2315 2772 2457 2824 enim
2491 2770 2771 2825 Christum
2822 2768 3006 2824 Jesum
3056 2770 3377 2826 ministrum.

1795 2862 1965 2918 fuisse
2019 2862 2448 2917 circnmcisionis
2500 2871 2719 2930 propter
2772 2863 3054 2916 veritatem
3114 2863 3224 2925 Dei,
3287 2866 3355 2917 ad

1795 2953 2195 3008 conﬁrmandas
2248 2953 2635 3020 promissiones
2668 2965 2879 3021 patrum
2924 2971 2938 3007 :
2971 2964 3159 3023 gentes
3185 2963 3363 3008 autem

1794 3057 1954 3111 Super
1978 3043 2349 3095 misericordia
2385 3042 2654 3095 honorare
2682 3042 2845 3095 Deum
2886 3043 2948 3097 ⁸³.
2993 3060 3010 3093 ι
3042 3043 3364 3097 Promissio-

119 3138 221 3201 τὰς
253 3140 365 3200 τοῖς
390 3138 629 3207 πατράσι
652 3138 856 3209 δεδωρη
867 3140 1031 3207 μένας
1052 3142 1081 3192 6
1113 3140 1397 3205 θεσπέσιος
1424 3141 1526 3211 ἔφη
1548 3142 1688 3195 Παῦ-

1799 3148 1889 3185 nes
1926 3132 2171 3201 patribus
2220 3131 2388 3185 factas
2435 3133 2503 3184 ad
2551 3130 2764 3187 Iudaeos
2806 3132 3078 3202 pertinere
3110 3135 3366 3202 praedicat

121 3224 239 3288 λος.
277 3227 859 3297 Προανεκεκράγεισαν
896 3228 953 3281 δὲ
986 3229 1078 3282 καὶ
1109 3232 1157 3283 οί
1185 3231 1440 3301 μακάριοι
1480 3231 1691 3301 προφῆ-

120 3333 216 3370 ται
240 3318 369 3387 περὶ
398 3316 659 3387 Χριστοῦ,
691 3318 773 3370 ὅτι
797 3317 955 3380 αὐτὸς
990 3318 1141 3372 ἔσται
1171 3320 1465 3389 προσδοκία
1502 3321 1687 3374 ἐθνῶν.

121 3406 335 3459 Οὐκοῦν
386 3409 414 3459 6
468 3408 675 3478 Κύριος
724 3408 882 3479 ἡμῶν
934 3409 1140 3479 Ἰησοῦς
1185 3411 1417 3480 Χριστὸς
1452 3414 1560 3474 τοῖς
1597 3410 1691 3463 τοῦ

120 3497 340 3569 Πατρὸς
372 3497 602 3567 νεύμασι
638 3499 920 3565 συναινῶν,
947 3500 1137 3568 γέγονε
1170 3501 1267 3572 μὲν
1293 3504 1358 3571 τῇ
1399 3504 1691 3571 περιτομῇ,

116 3589 370 3642 τουτέστι
396 3594 507 3653 τοῖς
532 3591 827 3657 Ἰουδαίοις,
860 3592 1126 3656 διάκονος,
1161 3594 1240 3656 εἰς
1272 3592 1561 3662 βεϐαίωσιν
1584 3593 1693 3646 τῶν

115 3680 178 3731 ὲν
211 3680 325 3741 τοῖς
366 3680 641 3750 Πατράσιν
682 3682 1138 3751 ἐπηγγελμένων⁸
1195 3684 1379 3754 εἴρητο
1422 3684 1559 3755 γὰρ,
1611 3685 1691 3738 ὅτι

120 3788 143 3820 4
199 3769 257 3821 Ὀ
289 3769 498 3831 δίκαιος
533 3772 597 3822 ὲκ
631 3770 867 3834 πίστεως
904 3773 1156 3843 ζήσεται·
1209 3793 1227 3824 ι
1271 3777 1383 3837 τοῖς
1408 3791 1469 3842 γε
1498 3774 1605 3843 μὴν
1634 3775 1692 3837 ἐξ

115 3860 294 3913 ἐθνῶν
326 3860 550 3929 εὐλογία
597 3866 942 3933 πνευματικὴ
976 3866 1070 3917 καὶ
1102 3865 1380 3929 ζωοποιὸς,
1414 3866 1553 3918 ῶστε
1596 3864 1692 3918 καὶ

115 3952 325 4014 αὐτοὺς
379 3953 715 4023 ἡλεημένους
758 3956 848 4009 διά
892 3956 992 4025 τῆς
1046 3957 1301 4019 πίστεως,
1345 3956 1692 4025 δοξολογῆσαι

111 4041 277 4096 Θεὸν.
341 4044 476 4098 Ἀλλ’
532 4047 580 4098 εἰ
642 4048 736 4100 καὶ
783 4048 974 4116 γέγονε
1012 4048 1258 4111 διάκονος
1312 4048 1688 4118 ἀνθρωπίνως,

112 4133 234 4187 ἀλλ’
258 4129 356 4187 οὖν
389 4134 467 4197 ὼς
500 4136 634 4199 Θεὸς
665 4137 995 4207 κηρύττεται
1032 4140 1148 4201 τοῖς
1180 4156 1239 4192 τε
1278 4140 1341 4191 ὲκ
1369 4139 1689 4209 περιτομῆς,

111 4224 215 4275 καὶ
248 4224 433 4292 μέντοι
462 4227 574 4287 τοῖς
607 4224 666 4289 ἐξ
703 4226 905 4279 ἐθνῶνι
948 4226 1241 4298 κέκληνται
1271 4227 1380 4298 γὰρ
1410 4230 1488 4289 είς
1518 4227 1686 4295 ζωὴν,

110 4315 217 4383 οὐχ
243 4313 321 4375 ὼς
346 4315 426 4375 εἰς
447 4314 544 4366 ἕνα
571 4314 679 4366 τῶν
704 4315 828 4368 καθ’
856 4318 1000 4387 ἡμᾶς
1025 4317 1311 4387 ἄνθρωπον
1343 4315 1548 4379 ἁπλῶς.
1574 4315 1688 4368 ἀλλ’

107 4402 191 4465 ὡς
223 4403 303 4465 είς
333 4402 465 4455 Θεὸν
501 4404 892 4469 πιστεύσαντες
921 4408 1001 4469 είς
1036 4409 1268 4478 Χριστόν
1290 4424 1303 4437 ·
1338 4408 1433 4459 καὶ
1460 4407 1559 4459 οὐκ
1586 4405 1689 4471 ἔξω

1801 3222 2015 3275 divinus
2069 3220 2285 3275 Paulus.
2334 3223 2402 3274 At
2452 3224 2726 3291 proplietze
2782 3223 3055 3278 Christum
3120 3226 3361 3293 gentium

1798 3312 2255 3379 exspectationem
2284 3311 2418 3378 fore,
2449 3312 2560 3381 jam
2589 3312 2789 3366 dudum
2821 3322 2946 3367 ante
2968 3314 3353 3381 praedixerant.

1796 3404 1981 3472 Itaque
2012 3405 2267 3458 Dominus
2298 3414 2484 3458 noster
2517 3403 2677 3459 Jesus
2703 3403 2954 3460 Christus
2984 3404 3164 3459 Patris
3208 3406 3360 3459 nutui

1794 3510 1914 3551 sese
1937 3493 2301 3559 coniormans,
2327 3493 2780 3560 circumcisionis,
2800 3496 2901 3549 hoc
2928 3502 3029 3561 est,
3056 3493 3360 3549 Iudaeorum

1794 3583 2041 3638 minister
2073 3581 2247 3637 factus
2276 3592 2380 3645 est,
2412 3582 2479 3635 ad
2505 3583 2921 3651 promissionum
2955 3597 3073 3651 qua:
3121 3584 3364 3651 patribus

1792 3675 1948 3730 facta;
1984 3674 2200 3730 fuerant
2231 3674 2756 3729 corroborationem.
2795 3674 3013 3730 Dictum
3070 3677 3213 3729 enim
3249 3674 3362 3727 Iuc-

1794 3777 1917 3821 rat:
1963 3785 1982 3817 ι
2019 3765 2209 3821 Justus
2258 3781 2326 3820 ex
2368 3766 2471 3821 (ide
2506 3768 2653 3820 vivet
2677 3766 2722 3800 “
2757 3783 2770 3819 :
2808 3784 2827 3817 ι
2877 3767 3129 3837 gentibus
3180 3778 3359 3821 autem

1794 3857 2006 3910 viviﬁca
2053 3867 2106 3912 et
2136 3856 2399 3926 spiritalis
2431 3858 2759 3924 benedictio,
2791 3867 2850 3912 ut
2877 3869 2931 3913 et
2970 3858 3101 3928 ipsa:
3148 3874 3364 3929 quoque

1793 3964 1890 4017 per
1946 3948 2104 4002 iidem
2155 3958 2384 4012 vocatae,
2441 3964 2506 4003 ac
2554 3950 2986 4004 misericordiam
3036 3962 3363 4015 consecutae,

1795 4039 1960 4092 Deum
1998 4037 2321 4106 gloriﬁcent.
2361 4036 2847 4093 Verumenimvero
2890 4040 3018 4093 licet
3063 4043 3363 4094 secundum

1794 4128 2083 4182 humanam
2136 4139 2387 4183 naturam
2440 4128 2615 4182 factus
2674 4130 2744 4183 sit
2800 4130 3068 4195 minister,
3125 4141 3361 4184 attamen

1796 4230 1903 4273 tam
1945 4220 2009 4273 iis
2041 4220 2131 4288 qui
2166 4235 2232 4273 ex
2282 4219 2705 4275 circumcisione
2749 4229 2892 4287 sunt,
2946 4236 3107 4290 quam
3155 4223 3366 4276 emteris

1792 4325 2003 4379 quoque
2065 4310 2155 4378 qui
2233 4326 2299 4364 ex
2355 4312 2623 4377 gentibus,
2669 4312 3040 4365 aununtiatur
3086 4321 3143 4366 ut
3200 4313 3363 4367 Deus.

1797 4401 2017 4469 Utrique
2046 4401 2189 4454 enim
2224 4402 2276 4453 in
2325 4400 2599 4455 Christum
2635 4417 2742 4457 non
2772 4412 3024 4472 tanquam
3051 4405 3107 4457 in
3143 4419 3363 4472 purum,

108 4491 344 4559 σαρκὸς,
365 4492 531 4560 ἤγουν
557 4492 994 4564 άνθρωπότητος,
1010 4494 1099 4546 τὸν
1119 4495 1184 4546 ἐκ
1208 4494 1341 4547 Θεοῦ
1368 4494 1535 4562 Λόγον
1558 4497 1687 4564 ὁμο-

1799 4500 2101 4559 nostrzeque
2134 4493 2298 4544 sortis
2327 4493 2624 4557 hominem,
2658 4494 2753 4547 sed
2787 4503 3040 4563 tanquam
3093 4495 3145 4547 in
3195 4495 3363 4548 Deum

105 4581 401 4649 λογοῦντες
437 4580 724 4652 ὑπάρχειν,
759 4586 1178 4656 σεσαρκωμὲνον
1200 4584 1255 4638 δὲ
1288 4584 1381 4639 καὶ
1417 4584 1688 4656 ἐνανθρω-

103 4672 367 4745 στήσαντα
392 4675 821 4744 προσκυνοῦντες
846 4676 1027 4731 αὐτόν.

181 4937 318 4994 KA'.
360 4958 379 4991 ι
415 4940 489 4993 Τὸ
515 4942 626 5012 γάρ
657 4958 739 4994 τοι
767 4940 917 5012 ῥῆμα
940 4940 1039 5010 τῆς
1066 4939 1321 5005 πίστεως,
1347 4939 1375 4991 δ
1416 4938 1686 5009 κηρύσσο-

106 5051 240 5104 μεν,
286 5031 563 5103 διατρανοϊ
593 5033 764 5099 λέγων
802 5034 829 5084 6
861 5033 1126 5102 μακάριος
1167 5031 1398 5097 Παῦλος,
1431 5032 1555 5085 Ὀτι
1591 5033 1685 5084 ὲάν

106 5128 282 5196 εἴπῃς
322 5128 381 5178 ἐν
412 5125 491 5195 τῷ
524 5126 751 5195 στόματί
799 5143 913 5189 σου,
947 5124 1151 5194 Κύριος
1199 5123 1428 5193 Ἰησοῦς,
1472 5124 1565 5177 καὶ
1595 5142 1685 5176 πι-

110 5218 355 5287 στεύσῃς
396 5219 453 5269 ὲν
482 5220 548 5287 τῇ
590 5217 786 5288 καρδίᾳ
810 5227 926 5282 σου,
956 5217 1036 5269 ὅτι
1058 5219 1085 5270 ὁ
1113 5216 1243 5277 Θεὸς
1272 5215 1433 5268 αὑτὸν
1466 5216 1685 5285 ἤγειρεν

104 5312 174 5362 ἐκ
206 5309 445 5378 νεκρῶν,
472 5308 711 5380 σωθήσῃ.
749 5327 767 5360 ›
800 5305 932 5362 Εἶτα
955 5308 1072 5371 πῶς
1099 5308 1164 5361 ἂν
1189 5309 1253 5360 ἐκ
1282 5307 1492 5378 νεκρῶν
1525 5309 1685 5374 ὲγερ-

179 5446 229 5476 ³ο
272 5444 435 5500 Rom.
470 5462 592 5511 vm,
618 5446 669 5500 7.
780 5447 819 5479 ”
852 5444 1026 5502 Galat.
1056 5459 1131 5510 tv,
1170 5444 1225 5500 4.

100 5533 161 5584 x,
195 5516 255 5579 7,
304 5516 356 5569 8.

1334 5442 1421 5499 ³³1
1453 5442 1600 5498 Petr.
1628 5456 1688 5507 ιι,
1716 5439 1806 5494 22.
1884 5438 1931 5471 ⁸³
1958 5438 2116 5494 Rom.
2157 5456 2249 5506 XV,
2304 5443 2356 5509 8,
2391 5445 2443 5499 9-

1793 4584 2114 4646 crcdentes;
2166 4595 2336 4651 neque
2383 4582 2477 4636 Dei
2518 4582 2751 4637 Verbum
2787 4595 2940 4639 extra
2964 4600 3207 4649 carnem,
3260 4588 3364 4640 hoc

1793 4682 1876 4727 est
1932 4673 2227 4726 humanam
2275 4681 2548 4739 naturam,
2597 4674 2834 4742 positum
2888 4677 3236 4744 proﬁtentes,
3268 4681 3362 4731 sed

1797 4763 2152 4825 incarnatum,
2213 4778 2447 4832 vereque
2502 4764 2773 4819 hominem
2818 4765 3020 4820 factum
3049 4770 3358 4831 adorantes,

1793 4853 1969 4908 vocati
2008 4862 2134 4910 sunt
2161 4855 2228 4908 ad
2253 4856 2439 4908 vitam.

1862 4943 2051 4998 XXIV.
2092 4962 2109 4994 ι
2150 4941 2379 4999 Verbum
2415 4956 2591 5000 autem
2644 4946 2764 5002 ﬁdei
2817 4950 2957 5017 quod
3003 4950 3376 5016 pra-dicamus.

1794 5034 2094 5103 (inquiebat
2120 5035 2450 5105 Apostolus),
2490 5039 2589 5090 hoc
2627 5047 2707 5092 est
2739 5055 2751 5091 :
2797 5037 2931 5105 Quia
2967 5041 3009 5093 si
3051 5042 3366 5097 confitearis

1792 5124 1844 5178 in
1862 5138 1955 5179 ore
1977 5133 2066 5177 tuo
2089 5126 2370 5179 Dominum
2388 5128 2595 5190 Iesum,
2618 5128 2742 5182 etin
2768 5131 2929 5182 corde
2948 5139 3040 5183 tuo
3064 5132 3362 5186 credideris

1789 5216 1929 5281 quod
1949 5214 2089 5269 Deus
2116 5214 2259 5267 illum
2291 5218 2614 5271 suscitavita
2632 5221 2879 5284 mortuis,
2904 5220 3082 5275 salvus
3112 5222 3219 5275 eris
3239 5223 3303 5275 ".
3333 5242 3355 5274 ι

1785 5302 1902 5358 Jam
1942 5319 2065 5358 cum
2106 5303 2245 5360 Deus
2281 5317 2465 5375 suapte
2494 5318 2681 5361 natura
2707 5310 2776 5363 sit
2814 5310 3150 5375 immortalis,
3211 5313 3357 5366 siin-

2560 5443 2604 5476 “
2635 5444 2796 5501 Hebr.
2843 5464 2895 5510 χ,
2951 5448 3039 5504 '58.
3119 5449 3164 5482 ³⁸
3196 5449 3353 5512 Rom.

1214 5628 1386 5685 Varia:
1413 5626 1670 5685 lectiones
1693 5624 1898 5682 codicis
1924 5625 2276 5699 Seguicrinni.

102 5771 125 5797 ε
164 5754 384 5823 ἄθλοις,
410 5757 447 5827 ἣ
479 5757 709 5824 στολαῖς.
784 5758 808 5800 ά
840 5760 1273 5835 στεφανουμένην
