4042 6440
657 328 797 387 1367
1673 335 1728 390 S.
1755 334 2028 391 CYRll.L|
2065 332 2248 389 ALEX

2328 333 2529 390 lDRlNI
2570 338 2891 397 ARClIlEP.
3795 343 3924 400 1368

653 449 989 505 curuationis
1006 448 1310 504 doctrinam
1336 467 1439 505 non
1456 453 1809 517 admittimus,
1842 452 1998 523 147
2014 467 2234 520 corpus-

2338 450 2495 519 θῆναι
2548 452 2781 522 λέγοιτο,
2830 454 3008 508 καίτοι
3054 454 3153 523 τὴν
3200 456 3363 523 φύσιν
3408 456 3689 519 ἀθάνατος
3739 456 3819 511 ὣν
3858 460 3927 522 ὡς

654 552 760 608 que
776 540 916 607 quod
946 538 1079 593 mori
1118 549 1321 607 posset,
1347 542 1447 596 sibi
1477 541 1751 611 proprium
1788 541 1983 597 fecisse
2020 542 2229 597 inﬁcia-

2331 539 2481 608 Θεὸς,
2519 544 2568 596 εί
2598 544 2675 617 μὴ
2710 544 3119 617 προεισδέξαιτό
3138 562 3222 609 τις
3250 549 3379 613 τοὺς
3411 549 3549 621 περὶ
3568 547 3927 621 ὲνανθρωπή-

654 646 795 696 mur,
821 630 1092 699 quomodo
1123 646 1188 685 ex
1223 633 1451 687 mortuis
1490 631 1851 687 resurrexisse
1876 643 2024 691 recte
2047 635 2229 690 dicere

2331 648 2467 697 σεως
2507 634 2729 704 λόγους,
2761 635 3037 708 διατεθείη
3063 654 3145 703 τε,
3181 638 3262 691 ὅτι
3291 640 3355 693 τὸ
3388 640 3651 711 πεφυκὸς
3676 639 3922 711 ἀποθνή-

654 725 977 794 poterimus?
995 722 1050 777 lu
1073 728 1309 784 immane
1330 730 1510 796 itaque
1527 741 1758 796 corpore
1771 729 1912 798 quod
1928 744 2231 798 assumpse-

2330 742 2479 779 σκειν
2528 728 2658 782 [διον
2702 731 3000 800 ἐποιήσατο
3033 729 3231 800 σῶμα;
3279 733 3392 786 Kui.
3429 734 3707 805 ὑπέμεινε
3751 732 3850 802 μὲν
3871 736 3925 787 ἐν

655 824 999 883 rat,mortem
1024 821 1304 874 sustinuit:
1323 818 1501 872 divina
1524 827 1705 875 autem
1727 822 1950 888 virtute,
1973 832 2224 891 tanquam

2330 815 2474 885 αὐτῷ
2495 818 2587 872 τὸν
2613 820 2840 874 θάνατον
2861 819 3235 891 ἀνθρωπίνως,
3267 824 3473 878 ἀνεϐίω
3502 825 3563 879 δὲ
3595 823 3829 888 θεῖκῶς,
3855 825 3926 888 ὡς

652 910 765 962 vita
794 918 847 962 et
879 910 1214 980 iucorruptio
1232 911 1521 977 exsistens,
1553 926 1617 967 ex
1643 915 1874 969 mortuis
1906 916 2223 969 resurrexit.

1292 911 1521 977 Lsislens,
1553 926 1617 967 ex
1643 915 1874 969 mortuis
1906 916 2223 969 resurrexit.
2326 908 2605 979 ἀφθαρσία
2634 916 2728 967 καὶ
2756 915 2888 983 ζωή.

726 998 888 1056 XXV.
933 1021 951 1055 ι
990 1002 1122 1056 Nam
1153 1017 1304 1055 arma
1340 1002 1548 1059 militia».
1588 1014 1786 1061 nostra:
1828 1022 1932 1061 non
1983 1006 2225 1060 carnalia

2400 1000 2530 1055 ΚΗ.
2571 1022 2591 1054 ε
2622 1005 2702 1057 Τά
2744 1007 2853 1075 γὰρ
2880 1003 3022 1057 ὅπλα
3049 1005 3148 1075 τῆς
3179 1006 3473 1076 στρατείας
3503 1007 3674 1077 ἡμῶν
3705 1010 3770 1063 οὐ
3802 1026 3926 1080 σαρ-

650 1101 799 1157 sum,
826 1094 919 1147 sed
950 1093 1186 1161 potentia
1240 1093 1375 1158 Deo,
1406 1095 1474 1149 ad
1516 1097 1941 1152 destructionem
1966 1097 2226 1153 munitio-

2331 1090 2478 1152 κικά,
2509 1092 2647 1147 ἀλλά
2684 1096 2885 1150 δυνατά
2926 1094 3005 1165 τῷ
3030 1094 3150 1166 Θεῷ
3183 1096 3323 1166 πρὸς
3350 1096 3691 1167 καθαίρεσιν
3723 1100 3927 1173 ὀχυρω-

651 1197 801 1245 ηιιιιι,
848 1182 1074 1236 consilia
1121 1194 1457 1251 evertentes,
1509 1196 1563 1241 et
1614 1203 1829 1242 omnem
1880 1187 2223 1243 altitudinem

2331 1181 2539 1251 μάτων,
2588 1184 2887 1258 λογισμοὺς
2951 1186 3347 1258 καθαιροῦντα,
3401 1188 3499 1241 καὶ⁵
3551 1191 3674 1241 πᾶν
3730 1190 3927 1261 ὕψωμα

648 1272 997 1328 extollentem
1038 1289 1098 1328 se
1130 1276 1396 1332 adversus
1419 1279 1781 1346 cognitionem
1814 1277 1940 1343 Dei;
1965 1288 2020 1333 et
2050 1282 2224 1349 capti-

2330 1275 2688 1346 ὲπαιρόμενον
2718 1278 2861 1332 κατά
2897 1279 2995 1347 τῆς
3019 1276 3277 1345 γνώσεως
3305 1279 3402 1332 τοῦ
3425 1278 3569 1331 Θεοῦ
3592 1320 3610 1345 ,
3634 1279 3739 1332 καὶ
3764 1284 3926 1351 αἰχμ-

646 1372 839 1418 vantes
886 1378 1103 1419 omnem
1157 1366 1491 1422 intellectum
1538 1369 1592 1423 in
1645 1370 2009 1426 obedientiam
2059 1371 2224 1428 Chri-

2325 1366 2659 1431 αλωτίζοντα
2680 1374 2787 1425 πᾶν
2803 1372 2981 1441 νόημα
3014 1371 3095 1433 είς
3111 1368 3210 1441 τὴν
3228 1371 3478 1443 ὑπακοὴν
3495 1371 3596 1425 τοῦ
3617 1372 3921 1442 Χριστοῦ.ι

648 1452 718 1506 Sti
748 1451 811 1507 ⁸⁸.
856 1471 875 1505 ι
912 1452 1118 1508 Bellum
1147 1459 1289 1525 quod
1334 1459 1509 1511 sancti
1559 1470 1774 1527 gerunt,
1822 1475 1932 1515 non
1961 1472 2044 1518 est
2073 1479 2225 1518 cras-

2331 1455 2399 1509 Οὺ
2427 1458 2604 1527 παχὺς
2632 1460 2729 1513 καὶ
2762 1461 3096 1532 σωματικδς,
3138 1461 3319 1530 ἰσχνὸς
3342 1463 3400 1516 δὲ
3434 1462 3651 1533 μᾶλλον
3692 1462 3795 1514 xui.
3814 1479 3927 1533 νοη-

647 1560 768 1601 snm
814 1557 908 1601 aut
961 1550 1246 1617 corporale
1276 1590 1291 1616 ,
1339 1551 1431 1605 sed
1477 1551 1676 1606 subtile
1728 1561 1784 1608 et
1838 1554 2101 1625 spiritale.
2144 1556 2221 1611 Illi

2327 1546 2413 1610 τὸς
2443 1544 2551 1601 τῶν
2591 1550 2761 1618 ἁγίων
2785 1556 2814 1605 ό
2859 1551 3118 1623 πόλεμος.
3156 1550 3399 1605 Είώθασι
3435 1554 3549 1625 γάρ
3586 1553 3923 1621 εὐδοκιμεῖν,

646 1638 792 1692 enim
839 1642 1209 1695 commendari
1271 1642 1448 1697 solent
1498 1658 1562 1698 ac
1616 1645 1901 1715 celebrari,
1938 1665 2044 1705 non
2095 1652 2222 1719 quia

2329 1637 2420 1707 οὐχ
2448 1638 2589 1691 ὅπλα
2625 1642 2903 1707 κινοῦντες
2949 1642 3212 1713 σαρκικὰ,
3246 1646 3342 1697 καὶ
3372 1650 3499 1708 ταῖς
3534 1645 3658 1699 τῶν
3686 1643 3925 1715 δοράτων

645 1729 946 1797 corporalia
973 1731 1189 1786 vibrent
1220 1747 1392 1795 arma,
1424 1744 1518 1789 aut
1548 1734 1861 1792 lancearum
1883 1742 2221 1810 cuspidibus,

2325 1729 2549 1798 ἀκμαῖς,
2583 1732 2751 1803 ήγουν
2773 1738 2893 1798 ταῖς
2911 1734 3021 1789 τῶν
3050 1733 3219 1805 βελῶν
3241 1736 3584 1807 εὐστοχίαις,
3621 1735 3921 1809 χρώμενοι,

647 1795 757 1873 veli
791 1820 1020 1875 telorum
1075 1822 1315 1891 jactilius
1371 1835 1498 1893 apte
1564 1836 1836 1882 utantur:
1892 1795 2001 1885 sed.
2044 1832 2223 1900 potius

2327 1795 2461 1872 ἀλλά
2488 1795 2733 1893 τοῐςντῆς
2762 1795 3022 1896 ἀληθείας
3050 1795 3237 1890 δπλοις
3280 1795 3729 1899 ἐνηρμοσμέζοι,
3759 1795 3923 1880 ansa-

646 1910 771 1979 quia
805 1912 1050 1967 veritatis
1111 1913 1278 1967 armis
1330 1915 1600 1983 instructi,
1636 1918 1958 1986 spiritaliter
1989 1920 2223 1992 intrepi-

2328 1910 2569 1981 ματικῶς
2599 1913 3059 1987 ἀντανιστάμενοί
3095 1932 3155 1969 τε
3193 1919 3288 1970 καὶ
3322 1920 3473 1989 μάλα
3504 1919 3801 1981 νεανικῶς
3824 1920 3924 1980 toi;

648 2002 821 2070 deque
851 2002 916 2056 iis
951 2016 1069 2058 sese
1098 2005 1380 2073 ohjiciant,
1424 2008 1516 2078 qui
1565 2009 1886 2063 divinorum.
1908 2011 2218 2082 dogmatum

2327 2002 2565 2059 ἐθέλουσι
2592 2022 2814 2079 παραση
2825 2009 3038 2078 μαίνειν
3057 2009 3251 2079 αὐτὴν,
3276 2012 3503 2064 καὶτῶν
3536 2011 3717 2065 θείων
3736 2008 3923 2078 δογμά-

649 2093 1032 2149 rectitudinem
1062 2097 1393 2163 adulterare,
1436 2116 1498 2155 ac
1528 2102 1820 2156 temerario
1855 2117 1989 2157 ausu
2025 2107 2091 2160 ad
2123 2122 2218 2161 sua

2327 2114 2426 2149 των
2460 2097 2556 2167 τὴν
2592 2098 2860 2171 ὀρθότητα
2899 2100 3345 2171 παρατρέπουσιν
3382 2102 3479 2155 ἐπί
3538 2119 3609 2171 γε
3654 2100 3724 2154 τὸ
3755 2100 3923 2161 αὐτοῖς

644 2183 848 2251 placita
874 2195 1187 2254 pervertere
1220 2190 1463 2246 student.
1494 2190 1610 2245 Non
1632 2191 1797 2262 igitur
1822 2195 2061 2250 carnalia
2095 2208 2221 2253 sunt

2326 2190 2742 2259 ἀπερισκέπτως
2790 2191 2998 2249 δοκοῦν.
3053 2192 3127 2244 Οὐ
3166 2191 3277 2262 γὰρ
3321 2193 3581 2264 σαρκικὰ
3635 2190 3922 2263 τοιγαροῦν

645 2285 959 2330 sanctorum
1007 2292 1193 2346 arma,
1246 2280 1339 2334 sed
1382 2279 1435 2335 in
1485 2281 1595 2338 Deo
1648 2291 1703 2338 et
1746 2299 1843 2353 pro
1874 2284 1985 2341 Deo
2019 2289 2217 2344 valida.

2328 2280 2427 2333 τῶν
2458 2280 2629 2347 ἁγίων
2651 2281 2723 2336 τά
2753 2283 2913 2349 ὅπλα,
2939 2282 3141 2336 δυνατά
3165 2282 3223 2335 δὲ
3255 2282 3463 2353 μᾶλλον
3486 2284 3576 2355 τῷ
3600 2285 3757 2355 Θεῷ.
3788 2281 3924 2337 Καθ-

647 2365 1024 2421 Deinoliuntur
1070 2370 1212 2423 enim
1270 2371 1547 2427 hominum
1598 2386 1928 2441 commenta,
1984 2394 2105 2448 qua:
2163 2382 2219 2435 in

2329 2372 2536 2444 ιιροῦσι
2585 2372 2695 2444 γὰρ
2750 2374 3048 2446 λογισμοὺς
3111 2375 3240 2437 τοὺς
3284 2376 3366 2438 είς
3434 2377 3733 2440 ἐκτύπους
3793 2377 3925 2447 ἡμᾶς

647 2457 939 2513 absurdum
964 2460 1199 2529 aliquem
1230 2476 1449 2516 sensum
1484 2465 1848 2533 abstrahunt;
1897 2484 2071 2539 neque
2114 2472 2220 2526 mi-

2330 2467 2528 2528 ἑννοίας
2557 2466 3017 2537 ἀποκομίζοντας.
3053 2465 3166 2519 Καὶ
3186 2460 3275 2521 οἷά
3294 2483 3456 2531 τινας
3482 2467 3604 2521 τῶν
3626 2468 3926 2539 ἀλιτηρίων

644 2550 763 2604 nori
798 2550 976 2605 studio
1014 2568 1076 2605 ea
1112 2566 1143 2607 ο
1171 2553 1348 2607 medio
1382 2554 1573 2608 tollere
1611 2557 1877 2620 nituntur,
1908 2574 2069 2627 quam
2099 2562 2218 2615 exi-

2328 2557 2638 2629 βαρϐάρων,
2669 2561 2736 2628 τῇ
2767 2558 3031 2627 βασιλέως
3063 2557 3190 2630 δόξῃ
3213 2559 3552 2628 φιλονεικεῖν
3589 2560 3924 2628 ἐγνωκότας.

646 2641 804 2696 tiales
841 2642 1098 2710 quosdam
1130 2644 1415 2706 barbaros.
1443 2646 1534 2714 qui
1564 2649 1727 2716 regia:
1759 2650 2031 2718 majestati
2057 2666 2211 2719 aper-

2331 2652 2385 2701 ὲκ
2415 2647 2580 2717 μέσου
2630 2651 2855 2719 ποιῆσαι
2893 2648 3283 2712 σπουδάζουσι·
3317 2651 3423 2704 κᾶν
3468 2653 3526 2705 εῐ
3553 2669 3647 2715 τις
3682 2654 3775 2714 είς
3808 2651 3927 2722 ὕψος

646 2742 760 2789 tum
790 2734 987 2789 bellum
1022 2735 1289 2790 indicunt.
1331 2736 1483 2802 Quod
1514 2738 1559 2791 si
1598 2741 1868 2810 quispiam
1901 2754 1967 2795 ex
2003 2740 2218 2795 illorum

2330 2739 2540 2810 irruipm
2565 2738 2629 2792 τὸ
2670 2739 2839 2811 κέρας
2864 2739 2977 2794 τῶν
3006 2739 3279 2793 εἰωθότων
3306 2742 3493 2795 λαλεῖν
3535 2742 3777 2796 ἀδικίαν
3801 2742 3926 2794 κατά

644 2842 830 2897 grege,
881 2828 974 2896 qui
1013 2830 1352 2897 iniquitatem
1394 2841 1583 2884 contra
1634 2833 1800 2887 Deum
1837 2833 1979 2902 loqui
2014 2835 2213 2900 solent,

2331 2832 2477 2896 Θεοῦ,
2517 2830 2707 2884 τοῦτον
2743 2830 2978 2893 ἐννοίαις
3018 2832 3142 2893 ταῖς
3189 2832 3270 2894 είς
3307 2831 3595 2903 ὀρθότητα
3636 2830 3927 2904 μονονουχὶ

645 2934 849 2976 cornua
894 2921 945 2973 in
996 2920 1163 2977 altum
1217 2922 1498 2977 sustulerit
1526 2924 1593 2989 ⁸⁷,
1634 2940 1757 2978 eum
1793 2926 1881 2980 ille
1908 2926 2074 2979 veluti
2112 2943 2217 2979 cae-

2331 2924 2707 2985 καταπαίουσι,
2741 2920 3122 2991 μετατιθέντες
3151 2921 3233 2984 είς
3257 2920 3319 2973 τὸ
3349 2922 3507 2988 εὐθὺ,
3548 2927 3654 2977 καὶ
3689 2927 3812 2984 τοῖς
3835 2922 3927 2992 τῆς

644 3015 837 3068 dentes
861 3021 1020 3066 rectas
1047 3013 1172 3066 tidei
1200 3015 1506 3079 sententiis,
1548 3023 1812 3070 retortum
1861 3019 1927 3073 ad
1970 3017 2220 3071 veritatis

2330 3015 2578 3082 ἀληθείας
2624 3011 3014 3084 ὲμΰιὸάζοντες
3066 3011 3266 3080 λόγοις.
3313 3012 3629 3084 Εὑτεχνίας
3680 3012 3782 3069 οὖν
3827 3015 3926 3085 ἀρα

645 3105 945 3159 doctrinam
979 3119 1104 3159 mox
1143 3105 1449 3159 traducunt.
1495 3104 1643 3175 Opus
1673 3108 1857 3177 itaque
1900 3118 2215 3162 sanctorum

2329 3108 2420 3174 τῆς
2466 3104 2683 3175 ἀληθῶς
2752 3100 3125 3173 ἀγιοπρεποῦς
3178 3101 3339 3173 ἔργον
3397 3101 3467 3154 ἂν
3520 3106 3780 3171 γένοιτο,
3841 3105 3925 3158 καὶ

645 3195 913 3249 industria
949 3205 1075 3248 vere
1107 3195 1350 3263 dignum,
1384 3194 1601 3264 Deoque
1631 3210 1752 3249 cum
1786 3195 1977 3265 primis
2006 3205 2216 3265 gratum

2322 3197 2557 3267 ἀρέσκον
2580 3195 2721 3265 Θεῷ,
2752 3195 2826 3255 τὸ.
2842 3197 2959 3257 τοῖς
2996 3194 3099 3264 τῆς
3134 3192 3454 3264 οἰκονομίας
3486 3194 3685 3262 λόγοις
3728 3195 3916 3265 ὑποφέ-

644 3284 829 3344 fuerit,
873 3300 935 3337 ea
981 3283 1048 3337 ad
1085 3284 1507 3353 dispensationis
1551 3299 1673 3338 eum
1726 3300 1891 3339 carne
1938 3287 2206 3341 rationem

2328 3305 2439 3358 ρειν
2478 3288 2653 3340 ἀεὶτὸ
2688 3283 3073 3355 ἀντιτετάχθαι
3118 3283 3313 3337 δοκοῦν
3350 3286 3420 3355 τῇ
3464 3283 3599 3356 δόξῃ
3658 3286 3924 3359 Χριστοῦ.

645 3375 967 3439 transferre,
1016 3389 1136 3442 quae
1176 3389 1297 3427 cum
1343 3373 1543 3429 Christi
1580 3374 1749 3443 gloria
1780 3390 1884 3429 non
1923 3379 2055 3431 satis
2090 3393 2220 3431 eon-

2328 3380 2454 3442 Θεὸς
2487 3379 2596 3451 γὰρ
2627 3379 2702 3431 ὢν
2734 3380 2762 3432 ὀ
2783 3378 2977 3445 Λόγος,
3008 3375 3102 3429 καλ⁸
3135 3377 3194 3428 ὲν
3228 3377 3413 3446 μορφῇ
3446 3376 3545 3429 καὶ
3574 3377 3803 3449 ἰσότητι
3836 3376 3924 3431 τοῦ

642 3462 830 3516 venire
869 3462 1142 3516 videntur.
1188 3459 1325 3516 Nam
1370 3477 1491 3517 cum
1524 3461 1761 3519 Verbum
1798 3466 1937 3521 Deus
1970 3476 2135 3532 esset,
2164 3477 2215 3523 et

2330 3470 2559 3541 Πατρδς,
2598 3470 2791 3523 ἑαυτὸν
2837 3467 3080 3537 καθῆκεν
3132 3468 3212 3529 είς
3250 3467 3502 3527 κένωσιν,
3550 3467 3653 3519 καὶ
3702 3468 3926 3537 γέγονεν

642 3554 696 3607 in
718 3563 945 3621 paterna
974 3552 1145 3605 forma
1198 3561 1253 3606 et
1290 3552 1601 3619 aequalitate
1651 3556 1958 3621 exsisteret,
1980 3557 2213 3628 seipsum

2330 3565 2564 3632 ὑπήκοος
2594 3564 2756 3634 μέχρι
2800 3562 3053 3615 θανάτου.
3076 3562 3169 3612 Δεῖ
3196 3559 3378 3613 τοίνυν
3406 3561 3517 3614 πᾶν
3551 3561 3747 3630 νόημα
3778 3578 3926 3630 περι-

642 3643 709 3696 ad
740 3642 1165 3697 exinanitioncm
1196 3643 1429 3709 demisit,
1452 3653 1504 3697 et
1534 3645 1598 3697 ad
1632 3654 1857 3698 mortem
1888 3660 2060 3715 usque
2080 3648 2217 3704 obe-

2331 3656 2545 3727 τρέπειν
2589 3655 2843 3717 ἀστείως,
2910 3654 3006 3706 καὶ
3042 3646 3153 3705 οἷον
3206 3652 3643 3722 αίχμαλωτίζειν
3694 3655 3783 3718 είς
3833 3652 3927 3723 τὴν

641 3735 899 3799 dientiam
954 3733 1297 3804 praestitit”.
1326 3733 1552 3788 Omnem
1601 3736 1829 3803 proinde
1886 3738 2214 3791 contrarium

2330 3738 2569 3814 ὑπακοὴν
2592 3744 2779 3798 αὐτοῦ.
2813 3741 3001 3812 Είγάρ
3030 3742 3095 3813 δή
3120 3758 3175 3794 τι
3207 3740 3421 3809 λέγοιτο
3447 3744 3545 3795 καὶ
3572 3744 3690 3796 τῶν
3716 3746 3926 3814 ἀνθρω-

643 3826 973 3881 iutellectum
1027 3828 1309 3880 commode
1353 3835 1617 3890 evertere,
1658 3837 1712 3881 et
1748 3829 1897 3897 quasi
1947 3831 2213 3896 captivum

2327 3835 2516 3900 πίνων,
2558 3836 2677 3887 κατ’
2732 3834 2927 3887 οὐδένα
2965 3832 3169 3901 τρόπον
3203 3831 3513 3900 ἀδικήσειεν
3568 3833 3638 3885 ἂν
3686 3834 3798 3904 τὴν
3837 3832 3923 3885 τοῦ

642 3920 695 3972 in
749 3918 949 3973 Christi
1010 3918 1373 3974 obedientiam
1429 3919 1644 3974 trahere
1685 3930 1914 3987 oportet.
1966 3920 2115 3987 Quod
2171 3923 2215 3978 si

2328 3926 2501 3993 Λόγου
2554 3925 2716 3995 φύσιν
2744 3926 2806 3978 τὸ
2844 3926 2903 3977 ὲν
2936 3921 3320 3993 ἀνθρωπότητι
3372 3926 3833 3994 σμικροπρεπὲς,
3881 3925 3924 3975 εί

640 4009 845 4080 aliquid
899 4010 1189 4066 humanam
1228 4009 1595 4065 inﬁrmitatem
1626 4013 1844 4081 sapiens
1876 4015 1940 4066 de
1972 4030 2035 4068 eo
2071 4016 2219 4070 dica-

2328 4016 2629 4069 πιστεύοιτο
2650 4015 2775 4069 καθ’
2807 4017 2956 4085 ἡμᾶς
2980 4013 3270 4085 ἄνθρωπος
3292 4030 3536 4081 γεγονως
3556 4030 3569 4043 °
3608 4015 3712 4067 καὶ
3746 4016 3809 4069 οὔ
3850 4014 3924 4069 τοι

642 4114 762 4165 tur,
813 4100 863 4155 id
903 4101 1061 4155 Verbi
1113 4112 1340 4164 naturae,
1389 4102 1431 4155 si
1461 4102 1731 4157 hominem
1784 4106 1951 4158 nostri
1986 4109 2214 4163 similem

2328 4127 2425 4163 που
2456 4109 2517 4163 τὸ
2549 4105 2689 4161 εἶναι
2726 4106 2859 4170 Θεὸς
2898 4105 3317 4177 αποὸεὸληκὼς,
3347 4106 3484 4159 ἀλλά
3514 4107 3663 4177 μετά
3691 4110 3795 4162 τοῦ
3825 4110 3924 4179 μεῖ-

640 4191 843 4243 t’actum
878 4190 1186 4252 credamus,
1230 4190 1430 4243 nullam
1469 4191 1694 4246 omnino
1733 4203 1916 4248 notam
1944 4208 2213 4266 asperget.

2328 4219 2409 4254 ναι
2439 4200 2595 4264 Θεὸς,
2631 4196 2954 4269 προσλαϐὼν
2993 4196 3055 4249 τὸ
3099 4195 3476 4267 ἀνθρώπινον,
3528 4201 3633 4251 καὶ
3679 4200 3924 4272 ὑπήκοος

640 4280 852 4335 Etenim
890 4280 1013 4336 licet
1051 4279 1338 4335 humanam
1388 4290 1638 4335 naturam
1667 4287 2042 4353 assumpserit,
2070 4298 2121 4342 et
2153 4291 2219 4343 ad

2035 4327 2042 4351 ,
2070 4298 2121 4342 et
2153 4291 2219 4343 ad
2323 4292 2612 4361 γενόμενος
2648 4288 2806 4361 μέχρι
2839 4288 3070 4341 θανάτου
3103 4288 3247 4341 κατά
3284 4289 3385 4359 τὴν
3422 4289 3631 4359 σάρκα.

642 4381 872 4426 mortem
930 4386 1101 4440 usque
1136 4375 1702 4429 secundum-carnem
1757 4376 1829 4430 sit
1876 4377 2049 4434 factus
2080 4384 2359 4444 obediens,
2399 4382 2561 4455 148
2599 4383 2798 4437 nullam
2855 4390 3036 4436 tamen
3106 4382 3405 4436 divinitatis
3467 4396 3585 4436 sua:
3644 4383 3920 4453 jacturam

639 4467 807 4521 fecit:
849 4465 1047 4520 mansit
1077 4466 1219 4520 enim
1260 4466 1397 4521 Deus
1430 4475 1485 4520 ut
1510 4476 1645 4522 erat.

708 4558 902 4615 XXVI.
943 4577 963 4611 ι
1007 4556 1179 4624 Unde,
1209 4555 1402 4611 lratres
1446 4559 1641 4621 sancti,
1699 4563 1999 4619 vocationis
2027 4582 2215 4635 super—
2248 4571 2292 4624 D

2390 4569 2500 4635 κς·
2521 4609 2533 4621 .
2575 4587 2594 4619 ‹
2637 4567 2821 4630 Ὅθεν,
2855 4565 3077 4636 ἀδελφοὶ
3100 4566 3267 4634 ἆγιοι,
3296 4564 3549 4635 κλήσεως
3585 4567 3919 4639 ἐπουρανίου

637 4650 876 4709 cmlestis
915 4649 1227 4720 participes,
1260 4650 1598 4704 considerate
1630 4654 1930 4719 apostolum
1976 4666 2036 4711 et
2075 4673 2211 4726 pon-

2326 4658 2566 4727 μέτοχοι.
2602 4659 2975 4728 κατανοήσατε
3018 4655 3111 4708 τὸν
3157 4655 3459 4709 ἀπόστολον
3506 4657 3608 4711 καὶ
3657 4660 3919 4729 ἀρχιερέα

640 4743 839 4800 tilicem
883 4737 1245 4793 confessionis
1289 4748 1487 4793 nostra:
1532 4738 1736 4806 Iesum,
1786 4744 1878 4812 qui
1922 4744 2092 4800 fidelis
2132 4758 2213 4802 est

2324 4749 2417 4817 τῆς
2457 4742 2751 4817 ὁμολογίας
2794 4746 2951 4818 ἡμῶν
2990 4747 3221 4817 Ἰησοῦν,
3258 4747 3453 4800 πιστὸν
3485 4748 3622 4801 ὄντα
3650 4750 3731 4819 τῷ
3764 4754 3920 4818 ποιή·

638 4834 711 4897 ei,
749 4830 840 4901 qui
892 4829 1019 4885 fecit
1065 4829 1235 4895 illum,
1268 4830 1413 4884 sicut
1444 4838 1500 4884 et
1531 4830 1741 4902 Moyses
1776 4835 1828 4887 in
1856 4837 1998 4891 omni
2053 4838 2214 4894 domo

2323 4857 2473 4892 σαντι
2507 4838 2689 4900 αὐτὸν,
2722 4838 2799 4900 ὡς
2844 4840 2939 4891 καὶ
2972 4840 3178 4909 Μωσῆς
3223 4839 3281 4890 ὲν
3312 4837 3420 4908 ὅλῳ
3447 4838 3529 4909 τῷ
3550 4842 3697 4910 οἴκῳ
3730 4842 3916 4894 αὐτοῦ.

638 4924 777 4993 ejus.
811 4921 1104 4991 Amplioris
1136 4922 1277 4974 enim
1310 4921 1494 4990 gloria:
1522 4924 1623 4978 iste
1664 4940 1773 4993 prae
1807 4926 1989 4998 Moyse
2024 4930 2214 4997 dignus

2318 4930 2565 4991 Πλείονος
2608 4930 2716 5000 γάρ
2760 4923 2913 4993 οὗτος
2959 4929 3118 5000 δόξης
3165 4928 3316 4999 παρά
3361 4930 3618 4999 Μωῦσῆν
3665 4930 3914 4999 ἠξίωται,

638 5027 724 5072 est
769 5015 1029 5079 habitus,
1088 5023 1289 5082 quanto
1353 5013 1672 5083 ampliorem
1736 5016 1993 5070 honorem
2057 5021 2217 5074 habet

2321 5020 2545 5075 καθόσον
2570 5021 2788 5075 πλείονα
2805 5020 2899 5074 τοῦ
2927 5020 3079 5074 οἴκου
3102 5022 3270 5092 τιμὴν
3296 5021 3409 5091 ἔχει
3428 5024 3455 5073 ὁ
3483 5025 3917 5085 κατασκευάσας

638 5110 824 5169 domo,
874 5100 1286 5174 quilabrieavit
1318 5104 1485 5161 illam.
1520 5105 1709 5163 Omnis
1756 5124 1989 5179 namque
2025 5113 2216 5166 domus

2321 5111 2494 5164 αὐτόν.
2526 5112 2644 5174 Πᾶς
2688 5113 2797 5185 γὰρ
2831 5107 2981 5176 οἶκος
3011 5113 3490 5177 κατασκευάζεται
3527 5116 3643 5167 ὑπό
3687 5119 3917 5179 τινος-ό

639 5197 937 5251 fabricatur
994 5198 1061 5249 ab
1108 5197 1335 5264 aliquo:
1396 5196 1486 5266 qui
1544 5208 1723 5253 autem
1773 5202 1952 5255 omnia
1986 5204 2211 5268 ereavit,

2320 5202 2375 5257 δὲ
2419 5204 2487 5256 τά
2518 5204 2697 5258 πάντα
2736 5206 3178 5268 κατασκευάσας,
3226 5204 3378 5266 Θεός.
3414 5206 3529 5258 Καὶ
3564 5208 3783 5276 Μωσῆς
3822 5210 3914 5278 μὲν

635 5292 781 5347 Deus
833 5299 933 5344 est.
982 5290 1047 5343 Et
1104 5288 1317 5360 Moyses
1368 5291 1581 5360 quidem
1634 5290 1807 5346 fidelis
1856 5303 1973 5347 erat
2011 5294 2064 5347 in
2102 5304 2212 5348 tota

2322 5296 2513 5359 πιστὸς
2542 5296 2617 5349 ὢν
2648 5296 2723 5359 ὼς
2758 5295 3037 5366 θεράπων,
3077 5298 3134 5349 ὲν
3176 5296 3283 5365 ὅλῳ
3313 5294 3395 5363 τῷ
3425 5297 3565 5366 οῐκῳ
3600 5300 3795 5363 αὐτοῦ,
3840 5301 3914 5363 εἰς

636 5386 797 5438 domo
828 5382 966 5449 ejus,
1012 5389 1265 5450 tanquam
1318 5381 1571 5449 famulus,
1630 5383 1681 5437 in
1713 5384 2077 5440 testimonium
2114 5401 2211 5440 eo-

2324 5387 2621 5459 μαρτύριον
2648 5388 2757 5442 τῶν
2782 5387 3263 5459 λαληθησομένων·
3313 5387 3559 5457 Χριστὸς
3591 5390 3655 5442 δὲ.
3688 5393 3761 5455 ὡς
3788 5393 3914 5453 Υἱὸς

641 5493 758 5529 rum
794 5492 913 5546 quae
963 5477 1187 5530 dicenda
1239 5484 1439 5531 erant:
1481 5476 1729 5530 Christus
1773 5490 1903 5531 vero
1959 5487 2212 5545 tanquam

2320 5481 2412 5531 ἐπὶ
2440 5481 2527 5532 τὸν
2572 5476 2718 5533 οἷκον
2752 5480 2940 5545 αὐτοῦ,
2972 5474 3033 5533 οὗ
3077 5475 3227 5540 οἶκός
3251 5480 3419 5547 ἔσμεν
3450 5479 3642 5547 ἡμεῖς.
3683 5503 3700 5533 ι
3748 5484 3908 5536 Ἀπό-

638 5566 811 5625 Filius
834 5566 889 5620 in
921 5565 1083 5620 domo
1130 5581 1247 5631 sua,
1294 5580 1412 5634 tutae
1463 5566 1655 5619 domus
1694 5580 1878 5620 sumus
1940 5583 2037 5622 uos
2076 5568 2143 5622 ⁸⁸.
2187 5586 2205 5619 ι

2321 5570 2505 5633 στολος
2536 5570 2629 5624 καὶ
2656 5570 2948 5641 ἀρχιερεὺς
2985 5569 3083 5639 τῆς
3108 5566 3405 5637 ὁμολογίας
3438 5567 3603 5641 ἡμῶν
3638 5570 3790 5641 παρὰ
3818 5569 3908 5622 τοῦ

712 5723 756 5755 ³⁸
789 5722 975 5779 llCor.
1014 5738 1177 5789 Lux,
1222 5722 1273 5789 4,
1330 5722 1381 5777 5.
1458 5722 1500 5754 ³⁷
1540 5720 1678 5776 Psal.
1728 5738 1837 5789 xw,
1880 5720 1933 5775 G.
2010 5724 2052 5754 ³⁸
2087 5723 2308 5795 Philipp

1612 5721 1678 5775 al.
1728 5738 1837 5789 xiv,
1880 5720 1933 5775 6.
2010 5724 2052 5754 ³⁸
2087 5723 2315 5795 Philipp.
2362 5742 2419 5790 ll,
2464 5724 2579 5780 6-8.
2657 5726 2699 5757 ³³
2743 5722 2904 5781 Hebr.
2958 5740 3038 5789 ιιι,
3088 5723 3202 5779 1-6.
