  <div class='ocr_page' id='page_1' title='image "/cluster/home/n/w/nwhite01/storage/ocr_20150623/76/ien.35556001661040/696.png"; bbox 0 0 4042 6482; ppageno 0'>
   <div class='ocr_carea' id='block_1_1' title="bbox 164 404 294 461">
    <p class='ocr_par' dir='ltr' id='par_1_1' title="bbox 164 404 294 461">
     <span class='ocr_line' id='line_1_1' title="bbox 164 404 294 461; baseline 0.023 -3"><span class='ocrx_word' id='word_1_1' title='bbox 164 404 190 458; x_wconf 73' lang='grc'>1</span> <span class='ocrx_word' id='word_1_2' title='bbox 202 404 294 461; x_wconf 73' lang='lat'><strong>369</strong></span> 
     </span>
    </p>
   </div>
   <div class='ocr_carea' id='block_1_2' title="bbox 941 404 2595 469">
    <p class='ocr_par' dir='ltr' id='par_1_2' title="bbox 941 404 2595 469">
     <span class='ocr_line' id='line_1_2' title="bbox 941 404 2595 469; baseline 0.002 -7"><span class='ocrx_word' id='word_1_3' title='bbox 941 409 1032 464; x_wconf 80' lang='lat' dir='ltr'><strong>AD</strong></span> <span class='ocrx_word' id='word_1_4' title='bbox 1072 404 1370 463; x_wconf 74' lang='lat' dir='ltr'><strong>llEGJNAS</strong></span> <span class='ocrx_word' id='word_1_5' title='bbox 1410 404 1497 460; x_wconf 86' lang='lat' dir='ltr'><strong>DE</strong></span> <span class='ocrx_word' id='word_1_6' title='bbox 1536 404 1764 461; x_wconf 79' lang='lat' dir='ltr'><strong>RECTA</strong></span> <span class='ocrx_word' id='word_1_7' title='bbox 1801 407 1954 464; x_wconf 82' lang='lat' dir='ltr'><strong>FIDE</strong></span> <span class='ocrx_word' id='word_1_8' title='bbox 1993 410 2253 468; x_wconf 79' lang='lat' dir='ltr'><strong>ORATIO</strong></span> <span class='ocrx_word' id='word_1_9' title='bbox 2294 410 2595 469; x_wconf 78' lang='lat' dir='ltr'><strong>ALTERA.</strong></span> 
     </span>
    </p>
   </div>
   <div class='ocr_carea' id='block_1_3' title="bbox 3241 411 3384 473">
    <p class='ocr_par' dir='ltr' id='par_1_3' title="bbox 3241 411 3384 473">
     <span class='ocr_line' id='line_1_3' title="bbox 3241 411 3384 473; baseline 0.021 -3"><span class='ocrx_word' id='word_1_10' title='bbox 3241 411 3384 473; x_wconf 56' lang='lat' dir='ltr'><strong>l3”</strong></span> 
     </span>
    </p>
   </div>
   <div class='ocr_carea' id='block_1_4' title="bbox 162 518 1733 596">
    <p class='ocr_par' dir='ltr' id='par_1_4' title="bbox 162 518 1708 594">
     <span class='ocr_line' id='line_1_4' title="bbox 162 518 1708 594; baseline 0.001 -20"><span class='ocrx_word' id='word_1_11' title='bbox 162 518 288 575; x_wconf 80' lang='grc' dir='ltr'>Θεοῦ</span> <span class='ocrx_word' id='word_1_12' title='bbox 321 522 406 575; x_wconf 77' lang='grc' dir='ltr'>καὶ</span> <span class='ocrx_word' id='word_1_13' title='bbox 437 522 652 593; x_wconf 79' lang='grc' dir='ltr'>Πατρὸς</span> <span class='ocrx_word' id='word_1_14' title='bbox 680 522 904 589; x_wconf 84' lang='grc' dir='ltr'>γέγονεν</span> <span class='ocrx_word' id='word_1_15' title='bbox 940 522 1171 594; x_wconf 86' lang='grc' dir='ltr'>Ἰησοῦς,</span> <span class='ocrx_word' id='word_1_16' title='bbox 1196 521 1474 576; x_wconf 80' lang='grc' dir='ltr'><strong>τουτέστιν</strong></span> <span class='ocrx_word' id='word_1_17' title='bbox 1496 521 1708 593; x_wconf 79' lang='grc' dir='ltr'>ἄνθρω-</span> 
     </span>
    </p>
   </div>
   <div class='ocr_carea' id='block_1_5' title="bbox 1814 518 3384 596">
    <p class='ocr_par' dir='ltr' id='par_1_5' title="bbox 1814 520 3384 596">
     <span class='ocr_line' id='line_1_5' title="bbox 1814 520 3384 596; baseline 0.001 -17"><span class='ocrx_word' id='word_1_18' title='bbox 1814 526 2179 583; x_wconf 80' lang='lat' dir='ltr'><strong>L‘onl’essionis</strong></span> <span class='ocrx_word' id='word_1_19' title='bbox 2230 538 2430 584; x_wconf 64' lang='lat' dir='ltr'><strong>nostra:</strong></span> <span class='ocrx_word' id='word_1_20' title='bbox 2488 524 2765 596; x_wconf 72' lang='lat' dir='ltr'><strong>apostolus</strong></span> <span class='ocrx_word' id='word_1_21' title='bbox 2813 532 2869 580; x_wconf 90' lang='lat' dir='ltr'><strong>et</strong></span> <span class='ocrx_word' id='word_1_22' title='bbox 2924 520 3166 593; x_wconf 74' lang='lat' dir='ltr'><strong>pontifex</strong></span> <span class='ocrx_word' id='word_1_23' title='bbox 3206 537 3238 578; x_wconf 89' lang='lat' dir='ltr'><strong>a</strong></span> <span class='ocrx_word' id='word_1_24' title='bbox 3270 521 3384 580; x_wconf 85' lang='lat' dir='ltr'><strong>Deo</strong></span> 
     </span>
    </p>
   </div>
   <div class='ocr_carea' id='block_1_6' title="bbox 160 611 1711 686">
    <p class='ocr_par' dir='ltr' id='par_1_6' title="bbox 160 611 1711 686">
     <span class='ocr_line' id='line_1_6' title="bbox 160 611 1711 686; baseline -0.001 -18"><span class='ocrx_word' id='word_1_25' title='bbox 160 630 259 677; x_wconf 64' lang='grc' dir='ltr'>στος</span> <span class='ocrx_word' id='word_1_26' title='bbox 284 612 528 686; x_wconf 84' lang='grc' dir='ltr'>πεφηνὼς</span> <span class='ocrx_word' id='word_1_27' title='bbox 556 614 584 665; x_wconf 93' lang='lat'><strong>6</strong></span> <span class='ocrx_word' id='word_1_28' title='bbox 616 614 681 674; x_wconf 73' lang='grc' dir='ltr'>ὲκ</span> <span class='ocrx_word' id='word_1_29' title='bbox 706 611 843 666; x_wconf 86' lang='grc' dir='ltr'>Θεοῦ</span> <span class='ocrx_word' id='word_1_30' title='bbox 875 614 1050 683; x_wconf 86' lang='grc' dir='ltr'><strong>Λόγος</strong></span> <span class='ocrx_word' id='word_1_31' title='bbox 1073 633 1086 645; x_wconf 80' lang='grc'><em>’</em></span> <span class='ocrx_word' id='word_1_32' title='bbox 1112 614 1235 668; x_wconf 82' lang='grc' dir='ltr'>τότε</span> <span class='ocrx_word' id='word_1_33' title='bbox 1262 612 1371 683; x_wconf 79' lang='grc' dir='ltr'>γὰρ</span> <span class='ocrx_word' id='word_1_34' title='bbox 1396 612 1711 683; x_wconf 81' lang='grc' dir='ltr'>ὠνόμασται</span> 
     </span>
    </p>
   </div>
   <div class='ocr_carea' id='block_1_7' title="bbox 160 704 1713 777">
    <p class='ocr_par' dir='ltr' id='par_1_7' title="bbox 160 704 1713 777">
     <span class='ocr_line' id='line_1_7' title="bbox 160 704 1713 777; baseline -0.001 -17"><span class='ocrx_word' id='word_1_35' title='bbox 160 707 253 761; x_wconf 79' lang='grc' dir='ltr'><strong>καὶ</strong></span> <span class='ocrx_word' id='word_1_36' title='bbox 284 705 476 777; x_wconf 81' lang='grc' dir='ltr'>Ἰησοῦς</span> <span class='ocrx_word' id='word_1_37' title='bbox 499 704 588 757; x_wconf 84' lang='grc' dir='ltr'><strong>διὰ</strong></span> <span class='ocrx_word' id='word_1_38' title='bbox 614 706 713 774; x_wconf 78' lang='grc' dir='ltr'>τῆς</span> <span class='ocrx_word' id='word_1_39' title='bbox 742 704 839 759; x_wconf 87' lang='grc' dir='ltr'><strong>τοῦ</strong></span> <span class='ocrx_word' id='word_1_40' title='bbox 878 708 1111 777; x_wconf 75' lang='grc' dir='ltr'><strong>ἀγγέλου</strong></span> <span class='ocrx_word' id='word_1_41' title='bbox 1147 708 1352 777; x_wconf 82' lang='grc' dir='ltr'><strong>φωνῆς.</strong></span> <span class='ocrx_word' id='word_1_42' title='bbox 1377 706 1487 758; x_wconf 77' lang='grc' dir='ltr'><strong>Καὶ</strong></span> <span class='ocrx_word' id='word_1_43' title='bbox 1516 707 1713 777; x_wconf 88' lang='grc' dir='ltr'>μικρὸν</span> 
     </span>
    </p>
   </div>
   <div class='ocr_carea' id='block_1_8' title="bbox 162 794 1708 870">
    <p class='ocr_par' dir='ltr' id='par_1_8' title="bbox 162 794 1708 870">
     <span class='ocr_line' id='line_1_8' title="bbox 162 794 1708 870; baseline 0.001 -19"><span class='ocrx_word' id='word_1_44' title='bbox 162 799 260 867; x_wconf 79' lang='grc' dir='ltr'>μὲν</span> <span class='ocrx_word' id='word_1_45' title='bbox 283 797 460 867; x_wconf 78' lang='grc' dir='ltr'>κομιδῇ</span> <span class='ocrx_word' id='word_1_46' title='bbox 477 797 545 866; x_wconf 76' lang='grc' dir='ltr'>τῇ</span> <span class='ocrx_word' id='word_1_47' title='bbox 574 794 668 848; x_wconf 86' lang='grc' dir='ltr'><strong>τοῦ</strong></span> <span class='ocrx_word' id='word_1_48' title='bbox 695 796 870 865; x_wconf 85' lang='grc' dir='ltr'><strong>Λόγου</strong></span> <span class='ocrx_word' id='word_1_49' title='bbox 894 798 1055 867; x_wconf 86' lang='grc' dir='ltr'>φύσει</span> <span class='ocrx_word' id='word_1_50' title='bbox 1080 797 1142 852; x_wconf 87' lang='grc' dir='ltr'><strong>τό</strong></span> <span class='ocrx_word' id='word_1_51' title='bbox 1171 812 1232 849; x_wconf 82' lang='grc' dir='ltr'><strong>τε</strong></span> <span class='ocrx_word' id='word_1_52' title='bbox 1260 797 1360 865; x_wconf 83' lang='grc' dir='ltr'>τῆς</span> <span class='ocrx_word' id='word_1_53' title='bbox 1385 797 1708 870; x_wconf 80' lang='grc' dir='ltr'><strong>ἱερωσύνης,</strong></span> 
     </span>
    </p>
   </div>
   <div class='ocr_carea' id='block_1_9' title="bbox 160 883 1710 958">
    <p class='ocr_par' dir='ltr' id='par_1_9' title="bbox 160 883 1710 958">
     <span class='ocr_line' id='line_1_9' title="bbox 160 883 1710 958; baseline 0.001 -20"><span class='ocrx_word' id='word_1_54' title='bbox 160 887 249 939; x_wconf 81' lang='grc' dir='ltr'>καὶ</span> <span class='ocrx_word' id='word_1_55' title='bbox 276 885 328 937; x_wconf 88' lang='grc' dir='ltr'><strong>τὸ</strong></span> <span class='ocrx_word' id='word_1_56' title='bbox 356 883 455 952; x_wconf 80' lang='grc' dir='ltr'>τῆς</span> <span class='ocrx_word' id='word_1_57' title='bbox 484 884 788 956; x_wconf 80' lang='grc' dir='ltr'><strong>ἀποστολῆς</strong></span> <span class='ocrx_word' id='word_1_58' title='bbox 815 887 987 958; x_wconf 74' lang='grc' dir='ltr'>ὄνομα</span> <span class='ocrx_word' id='word_1_59' title='bbox 1012 905 1071 941; x_wconf 83' lang='grc' dir='ltr'><strong>τε</strong></span> <span class='ocrx_word' id='word_1_60' title='bbox 1099 886 1194 941; x_wconf 76' lang='grc' dir='ltr'>καὶ</span> <span class='ocrx_word' id='word_1_61' title='bbox 1222 886 1415 957; x_wconf 83' lang='grc' dir='ltr'>χρῆμα</span> <span class='ocrx_word' id='word_1_62' title='bbox 1436 902 1449 915; x_wconf 89' lang='grc'><strong>·</strong></span> <span class='ocrx_word' id='word_1_63' title='bbox 1490 890 1599 951; x_wconf 82' lang='grc' dir='ltr'>τοῖς</span> <span class='ocrx_word' id='word_1_64' title='bbox 1644 903 1710 956; x_wconf 89' lang='grc' dir='ltr'>γε</span> 
     </span>
    </p>
   </div>
   <div class='ocr_carea' id='block_1_10' title="bbox 161 973 1714 1049">
    <p class='ocr_par' dir='ltr' id='par_1_10' title="bbox 161 973 1714 1049">
     <span class='ocr_line' id='line_1_10' title="bbox 161 973 1714 1049; baseline 0.004 -23"><span class='ocrx_word' id='word_1_65' title='bbox 161 977 265 1046; x_wconf 84' lang='grc' dir='ltr'>μὴν</span> <span class='ocrx_word' id='word_1_66' title='bbox 292 973 379 1043; x_wconf 81' lang='grc' dir='ltr'>τῆς</span> <span class='ocrx_word' id='word_1_67' title='bbox 403 973 827 1047; x_wconf 81' lang='grc' dir='ltr'>ἀνθρωπότητος</span> <span class='ocrx_word' id='word_1_68' title='bbox 870 979 1092 1049; x_wconf 81' lang='grc' dir='ltr'><strong>μέτροις</strong></span> <span class='ocrx_word' id='word_1_69' title='bbox 1121 978 1209 1047; x_wconf 75' lang='grc' dir='ltr'><strong>εἴη</strong></span> <span class='ocrx_word' id='word_1_70' title='bbox 1238 977 1304 1030; x_wconf 80' lang='grc' dir='ltr'>ἂν</span> <span class='ocrx_word' id='word_1_71' title='bbox 1329 978 1430 1031; x_wconf 82' lang='grc' dir='ltr'>οὐκ</span> <span class='ocrx_word' id='word_1_72' title='bbox 1473 979 1714 1049; x_wconf 80' lang='grc' dir='ltr'>ἀνάρμο-</span> 
     </span>
    </p>
   </div>
   <div class='ocr_carea' id='block_1_11' title="bbox 160 1064 1711 1140">
    <p class='ocr_par' dir='ltr' id='par_1_11' title="bbox 160 1064 1711 1140">
     <span class='ocr_line' id='line_1_11' title="bbox 160 1064 1711 1140; baseline 0.002 -21"><span class='ocrx_word' id='word_1_73' title='bbox 160 1082 294 1119; x_wconf 82' lang='grc' dir='ltr'>στον.</span> <span class='ocrx_word' id='word_1_74' title='bbox 341 1065 424 1128; x_wconf 82' lang='grc' dir='ltr'>Ὠς</span> <span class='ocrx_word' id='word_1_75' title='bbox 448 1065 558 1139; x_wconf 82' lang='grc' dir='ltr'>γὰρ</span> <span class='ocrx_word' id='word_1_76' title='bbox 588 1068 751 1132; x_wconf 84' lang='grc' dir='ltr'>αὑτός</span> <span class='ocrx_word' id='word_1_77' title='bbox 781 1068 885 1121; x_wconf 87' lang='grc' dir='ltr'><strong>πού</strong></span> <span class='ocrx_word' id='word_1_78' title='bbox 927 1086 1111 1139; x_wconf 84' lang='grc' dir='ltr'>φησιν,</span> <span class='ocrx_word' id='word_1_79' title='bbox 1144 1088 1162 1121; x_wconf 78' lang='grc' dir='ltr'><strong>ι</strong></span> <span class='ocrx_word' id='word_1_80' title='bbox 1212 1068 1271 1121; x_wconf 89' lang='lat'><strong>&#39;0</strong></span> <span class='ocrx_word' id='word_1_81' title='bbox 1298 1067 1425 1131; x_wconf 90' lang='grc' dir='ltr'>Υἱὸς</span> <span class='ocrx_word' id='word_1_82' title='bbox 1457 1068 1557 1122; x_wconf 84' lang='grc' dir='ltr'>οὐκ</span> <span class='ocrx_word' id='word_1_83' title='bbox 1580 1064 1711 1140; x_wconf 82' lang='grc' dir='ltr'>ἦλθε</span> 
     </span>
    </p>
   </div>
   <div class='ocr_carea' id='block_1_12' title="bbox 155 1154 1712 1231">
    <p class='ocr_par' dir='ltr' id='par_1_12' title="bbox 155 1154 1712 1231">
     <span class='ocr_line' id='line_1_12' title="bbox 155 1154 1712 1231; baseline 0.003 -23"><span class='ocrx_word' id='word_1_84' title='bbox 155 1154 543 1227; x_wconf 77' lang='grc' dir='ltr'><strong>διακονηθῆναι,</strong></span> <span class='ocrx_word' id='word_1_85' title='bbox 564 1159 700 1211; x_wconf 77' lang='grc' dir='ltr'>ἀλλὰ</span> <span class='ocrx_word' id='word_1_86' title='bbox 724 1159 1064 1229; x_wconf 81' lang='grc' dir='ltr'>διακονῆσαι,</span> <span class='ocrx_word' id='word_1_87' title='bbox 1088 1160 1181 1214; x_wconf 77' lang='grc' dir='ltr'>καὶ</span> <span class='ocrx_word' id='word_1_88' title='bbox 1201 1159 1383 1214; x_wconf 83' lang='grc' dir='ltr'>δοῦναι</span> <span class='ocrx_word' id='word_1_89' title='bbox 1412 1160 1511 1231; x_wconf 79' lang='grc' dir='ltr'>τὴν</span> <span class='ocrx_word' id='word_1_90' title='bbox 1535 1159 1712 1231; x_wconf 76' lang='grc' dir='ltr'>ψυχὴν</span> 
     </span>
    </p>
   </div>
   <div class='ocr_carea' id='block_1_13' title="bbox 155 1245 1713 1323">
    <p class='ocr_par' dir='ltr' id='par_1_13' title="bbox 155 1245 1713 1323">
     <span class='ocr_line' id='line_1_13' title="bbox 155 1245 1713 1323; baseline 0.004 -26"><span class='ocrx_word' id='word_1_91' title='bbox 155 1245 308 1299; x_wconf 83' lang='grc' dir='ltr'>αὑτοῦ</span> <span class='ocrx_word' id='word_1_92' title='bbox 336 1248 648 1319; x_wconf 72' lang='grc' dir='ltr'><strong>ἀντίλυτρον</strong></span> <span class='ocrx_word' id='word_1_93' title='bbox 671 1250 809 1318; x_wconf 80' lang='grc' dir='ltr'>ὑπὲρ</span> <span class='ocrx_word' id='word_1_94' title='bbox 837 1250 1064 1306; x_wconf 84' lang='grc' dir='ltr'>πολλῶν.</span> <span class='ocrx_word' id='word_1_95' title='bbox 1110 1270 1128 1304; x_wconf 78' lang='grc' dir='ltr'><strong>ι</strong></span> <span class='ocrx_word' id='word_1_96' title='bbox 1159 1251 1233 1304; x_wconf 88' lang='grc' dir='ltr'>Τὸ</span> <span class='ocrx_word' id='word_1_97' title='bbox 1265 1250 1363 1321; x_wconf 83' lang='grc' dir='ltr'>μὲν</span> <span class='ocrx_word' id='word_1_98' title='bbox 1389 1251 1499 1323; x_wconf 84' lang='grc' dir='ltr'><strong>γὰρ</strong></span> <span class='ocrx_word' id='word_1_99' title='bbox 1526 1251 1713 1306; x_wconf 76' lang='grc' dir='ltr'>διακο-</span> 
     </span>
    </p>
   </div>
   <div class='ocr_carea' id='block_1_14' title="bbox 153 1340 1714 1415">
    <p class='ocr_par' dir='ltr' id='par_1_14' title="bbox 153 1340 1714 1415">
     <span class='ocr_line' id='line_1_14' title="bbox 153 1340 1714 1415; baseline 0.004 -25"><span class='ocrx_word' id='word_1_100' title='bbox 153 1340 345 1393; x_wconf 83' lang='grc' dir='ltr'>νεῖσθαι</span> <span class='ocrx_word' id='word_1_101' title='bbox 372 1342 525 1414; x_wconf 79' lang='grc' dir='ltr'>παρὰ</span> <span class='ocrx_word' id='word_1_102' title='bbox 546 1343 648 1412; x_wconf 79' lang='grc' dir='ltr'>τῆς</span> <span class='ocrx_word' id='word_1_103' title='bbox 679 1340 930 1409; x_wconf 79' lang='grc' dir='ltr'><strong>κτίσεως,</strong></span> <span class='ocrx_word' id='word_1_104' title='bbox 955 1344 1058 1414; x_wconf 84' lang='grc' dir='ltr'><strong>πρέ</strong></span> <span class='ocrx_word' id='word_1_105' title='bbox 1069 1359 1157 1397; x_wconf 86' lang='grc' dir='ltr'><strong>ποι</strong></span> <span class='ocrx_word' id='word_1_106' title='bbox 1182 1341 1247 1396; x_wconf 84' lang='grc' dir='ltr'>ἂν</span> <span class='ocrx_word' id='word_1_107' title='bbox 1277 1342 1425 1415; x_wconf 78' lang='grc' dir='ltr'>αὐτῷ</span> <span class='ocrx_word' id='word_1_108' title='bbox 1443 1344 1537 1398; x_wconf 73' lang='grc' dir='ltr'><strong>καὶ</strong></span> <span class='ocrx_word' id='word_1_109' title='bbox 1568 1343 1714 1414; x_wconf 84' lang='grc' dir='ltr'>μάλα</span> 
     </span>
    </p>
   </div>
   <div class='ocr_carea' id='block_1_15' title="bbox 152 1429 1714 1504">
    <p class='ocr_par' dir='ltr' id='par_1_15' title="bbox 152 1429 1714 1504">
     <span class='ocr_line' id='line_1_15' title="bbox 152 1429 1714 1504; baseline 0.004 -23"><span class='ocrx_word' id='word_1_110' title='bbox 152 1430 383 1494; x_wconf 81' lang='grc' dir='ltr'><strong>εἰκότως,</strong></span> <span class='ocrx_word' id='word_1_111' title='bbox 417 1432 607 1500; x_wconf 80' lang='grc' dir='ltr'>ὥσπερ</span> <span class='ocrx_word' id='word_1_112' title='bbox 657 1429 776 1501; x_wconf 87' lang='grc' dir='ltr'><strong>Θεῷ</strong></span> <span class='ocrx_word' id='word_1_113' title='bbox 822 1432 917 1485; x_wconf 76' lang='grc' dir='ltr'>καὶ</span> <span class='ocrx_word' id='word_1_114' title='bbox 946 1434 1212 1504; x_wconf 83' lang='grc' dir='ltr'>Δεσπότῃ,</span> <span class='ocrx_word' id='word_1_115' title='bbox 1250 1433 1342 1486; x_wconf 77' lang='grc' dir='ltr'>καὶ</span> <span class='ocrx_word' id='word_1_116' title='bbox 1389 1434 1493 1487; x_wconf 82' lang='grc' dir='ltr'>ὑπὸ</span> <span class='ocrx_word' id='word_1_117' title='bbox 1545 1432 1714 1497; x_wconf 80' lang='grc' dir='ltr'>πόδας</span> 
     </span>
    </p>
   </div>
   <div class='ocr_carea' id='block_1_16' title="bbox 153 1520 1710 1594">
    <p class='ocr_par' dir='ltr' id='par_1_16' title="bbox 153 1520 1710 1594">
     <span class='ocr_line' id='line_1_16' title="bbox 153 1520 1710 1594; baseline 0.004 -23"><span class='ocrx_word' id='word_1_118' title='bbox 153 1520 318 1590; x_wconf 75' lang='grc' dir='ltr'>ἔχοντι</span> <span class='ocrx_word' id='word_1_119' title='bbox 353 1523 460 1576; x_wconf 79' lang='grc' dir='ltr'><strong>πᾶν</strong></span> <span class='ocrx_word' id='word_1_120' title='bbox 510 1523 648 1593; x_wconf 86' lang='grc' dir='ltr'>ὅπερ</span> <span class='ocrx_word' id='word_1_121' title='bbox 684 1522 801 1575; x_wconf 78' lang='grc' dir='ltr'>ἐστὶ</span> <span class='ocrx_word' id='word_1_122' title='bbox 834 1525 1083 1594; x_wconf 86' lang='grc' dir='ltr'>γενητόν.</span> <span class='ocrx_word' id='word_1_123' title='bbox 1124 1525 1197 1578; x_wconf 89' lang='grc' dir='ltr'>Τὸ</span> <span class='ocrx_word' id='word_1_124' title='bbox 1234 1523 1292 1578; x_wconf 76' lang='grc' dir='ltr'><strong>δέ</strong></span> <span class='ocrx_word' id='word_1_125' title='bbox 1323 1540 1386 1593; x_wconf 87' lang='grc' dir='ltr'><strong>γε</strong></span> <span class='ocrx_word' id='word_1_126' title='bbox 1424 1526 1710 1589; x_wconf 82' lang='grc' dir='ltr'><strong>διακονεῖν,</strong></span> 
     </span>
    </p>
   </div>
   <div class='ocr_carea' id='block_1_17' title="bbox 150 1608 1713 1687">
    <p class='ocr_par' dir='ltr' id='par_1_17' title="bbox 150 1608 1713 1687">
     <span class='ocr_line' id='line_1_17' title="bbox 150 1608 1713 1687; baseline 0.005 -26"><span class='ocrx_word' id='word_1_127' title='bbox 150 1610 471 1681; x_wconf 79' lang='grc' dir='ltr'>ἀνθρώπινον</span> <span class='ocrx_word' id='word_1_128' title='bbox 507 1611 608 1681; x_wconf 88' lang='grc' dir='ltr'><strong>μέν</strong></span> <span class='ocrx_word' id='word_1_129' title='bbox 628 1626 641 1642; x_wconf 80' lang='lat'><strong>&#39;</strong></span> <span class='ocrx_word' id='word_1_130' title='bbox 672 1612 820 1683; x_wconf 83' lang='grc' dir='ltr'>’πλὴν</span> <span class='ocrx_word' id='word_1_131' title='bbox 852 1613 977 1667; x_wconf 83' lang='grc' dir='ltr'>ὅσον</span> <span class='ocrx_word' id='word_1_132' title='bbox 1010 1608 1146 1685; x_wconf 81' lang='grc' dir='ltr'>ἧκεν</span> <span class='ocrx_word' id='word_1_133' title='bbox 1177 1616 1258 1679; x_wconf 81' lang='grc' dir='ltr'>εἰς</span> <span class='ocrx_word' id='word_1_134' title='bbox 1278 1615 1403 1679; x_wconf 83' lang='grc' dir='ltr'>τοὺς</span> <span class='ocrx_word' id='word_1_135' title='bbox 1432 1618 1533 1687; x_wconf 83' lang='grc' dir='ltr'>τῆς</span> <span class='ocrx_word' id='word_1_136' title='bbox 1575 1616 1713 1687; x_wconf 74' lang='grc' dir='ltr'>μετὰ</span> 
     </span>
    </p>
   </div>
   <div class='ocr_carea' id='block_1_18' title="bbox 154 1703 1713 1777">
    <p class='ocr_par' dir='ltr' id='par_1_18' title="bbox 154 1703 1713 1777">
     <span class='ocr_line' id='line_1_18' title="bbox 154 1703 1713 1777; baseline 0.004 -24"><span class='ocrx_word' id='word_1_137' title='bbox 154 1703 347 1773; x_wconf 83' lang='grc' dir='ltr'>σαρκὸς</span> <span class='ocrx_word' id='word_1_138' title='bbox 367 1703 679 1773; x_wconf 73' lang='grc' dir='ltr'>οἰκονομίας</span> <span class='ocrx_word' id='word_1_139' title='bbox 710 1703 926 1773; x_wconf 88' lang='grc' dir='ltr'>λόγους,</span> <span class='ocrx_word' id='word_1_140' title='bbox 965 1706 1067 1761; x_wconf 81' lang='grc' dir='ltr'>οὐκ</span> <span class='ocrx_word' id='word_1_141' title='bbox 1095 1706 1357 1770; x_wconf 83' lang='grc' dir='ltr'>ἀπεοικὸς</span> <span class='ocrx_word' id='word_1_142' title='bbox 1385 1706 1462 1777; x_wconf 86' lang='grc' dir='ltr'>τῷ</span> <span class='ocrx_word' id='word_1_143' title='bbox 1485 1724 1547 1775; x_wconf 84' lang='grc' dir='ltr'><strong>γε</strong></span> <span class='ocrx_word' id='word_1_144' title='bbox 1576 1708 1713 1771; x_wconf 85' lang='grc' dir='ltr'><strong>ὅλως</strong></span> 
     </span>
    </p>
   </div>
   <div class='ocr_carea' id='block_1_19' title="bbox 150 1792 1712 1869">
    <p class='ocr_par' dir='ltr' id='par_1_19' title="bbox 150 1792 1712 1869">
     <span class='ocr_line' id='line_1_19' title="bbox 150 1792 1712 1869; baseline 0.005 -24"><span class='ocrx_word' id='word_1_145' title='bbox 150 1792 334 1846; x_wconf 77' lang='grc' dir='ltr'>ἑαυτὸν</span> <span class='ocrx_word' id='word_1_146' title='bbox 356 1792 574 1847; x_wconf 80' lang='grc' dir='ltr'>καθέντι</span> <span class='ocrx_word' id='word_1_147' title='bbox 604 1794 741 1865; x_wconf 87' lang='grc' dir='ltr'>πρὸς</span> <span class='ocrx_word' id='word_1_148' title='bbox 778 1794 851 1848; x_wconf 82' lang='grc' dir='ltr'>τὰ</span> <span class='ocrx_word' id='word_1_149' title='bbox 876 1795 1218 1866; x_wconf 80' lang='grc' dir='ltr'>ἀνθρώπινα.</span> <span class='ocrx_word' id='word_1_150' title='bbox 1253 1795 1445 1869; x_wconf 83' lang='grc' dir='ltr'>Ἀθρει</span> <span class='ocrx_word' id='word_1_151' title='bbox 1466 1798 1521 1852; x_wconf 76' lang='grc' dir='ltr'>δὲ</span> <span class='ocrx_word' id='word_1_152' title='bbox 1564 1800 1712 1863; x_wconf 78' lang='grc' dir='ltr'>ὅπως</span> 
     </span>
    </p>
   </div>
   <div class='ocr_carea' id='block_1_20' title="bbox 150 1881 1708 1959">
    <p class='ocr_par' dir='ltr' id='par_1_20' title="bbox 150 1881 1708 1959">
     <span class='ocr_line' id='line_1_20' title="bbox 150 1881 1708 1959; baseline 0.007 -26"><span class='ocrx_word' id='word_1_153' title='bbox 150 1881 404 1954; x_wconf 80' lang='grc' dir='ltr'>ίερατεύει</span> <span class='ocrx_word' id='word_1_154' title='bbox 438 1883 538 1952; x_wconf 78' lang='grc' dir='ltr'>μὲν</span> <span class='ocrx_word' id='word_1_155' title='bbox 564 1884 942 1955; x_wconf 82' lang='grc' dir='ltr'>ἀνθρωπίνως,</span> <span class='ocrx_word' id='word_1_156' title='bbox 964 1888 1057 1941; x_wconf 80' lang='grc' dir='ltr'>καὶ</span> <span class='ocrx_word' id='word_1_157' title='bbox 1076 1887 1305 1959; x_wconf 88' lang='grc' dir='ltr'>μεσίτης</span> <span class='ocrx_word' id='word_1_158' title='bbox 1325 1888 1556 1944; x_wconf 80' lang='grc' dir='ltr'>τέθειται</span> <span class='ocrx_word' id='word_1_159' title='bbox 1572 1890 1708 1945; x_wconf 86' lang='grc' dir='ltr'>Θεοῦ</span> 
     </span>
    </p>
   </div>
   <div class='ocr_carea' id='block_1_21' title="bbox 146 1970 1709 2048">
    <p class='ocr_par' dir='ltr' id='par_1_21' title="bbox 146 1970 1709 2048">
     <span class='ocr_line' id='line_1_21' title="bbox 146 1970 1709 2048; baseline 0.006 -26"><span class='ocrx_word' id='word_1_160' title='bbox 146 1972 238 2025; x_wconf 74' lang='grc' dir='ltr'>καὶ</span> <span class='ocrx_word' id='word_1_161' title='bbox 268 1970 591 2040; x_wconf 81' lang='grc' dir='ltr'>ἀνθρώπων·</span> <span class='ocrx_word' id='word_1_162' title='bbox 634 1976 915 2045; x_wconf 82' lang='grc' dir='ltr'>μεσιτεύει</span> <span class='ocrx_word' id='word_1_163' title='bbox 964 1976 1075 2047; x_wconf 81' lang='grc' dir='ltr'><strong>γὰρ</strong></span> <span class='ocrx_word' id='word_1_164' title='bbox 1120 1978 1228 2041; x_wconf 82' lang='grc' dir='ltr'>πᾶς</span> <span class='ocrx_word' id='word_1_165' title='bbox 1281 1976 1490 2048; x_wconf 87' lang='grc' dir='ltr'>ίερεύς·</span> <span class='ocrx_word' id='word_1_166' title='bbox 1526 1978 1618 2032; x_wconf 83' lang='grc' dir='ltr'><strong>τὸν</strong></span> <span class='ocrx_word' id='word_1_167' title='bbox 1652 1978 1709 2033; x_wconf 68' lang='grc' dir='ltr'>δὲ</span> 
     </span>
    </p>
   </div>
   <div class='ocr_carea' id='block_1_22' title="bbox 145 2061 1709 2141">
    <p class='ocr_par' dir='ltr' id='par_1_22' title="bbox 145 2061 1709 2141">
     <span class='ocr_line' id='line_1_22' title="bbox 145 2061 1709 2141; baseline 0.009 -29"><span class='ocrx_word' id='word_1_168' title='bbox 145 2061 244 2131; x_wconf 84' lang='grc' dir='ltr'>τῆς</span> <span class='ocrx_word' id='word_1_169' title='bbox 290 2061 474 2126; x_wconf 81' lang='grc' dir='ltr'>θυσίας</span> <span class='ocrx_word' id='word_1_170' title='bbox 502 2063 703 2135; x_wconf 86' lang='grc' dir='ltr'>τρόπον</span> <span class='ocrx_word' id='word_1_171' title='bbox 733 2066 835 2119; x_wconf 79' lang='grc' dir='ltr'>οὐκ</span> <span class='ocrx_word' id='word_1_172' title='bbox 874 2066 957 2120; x_wconf 79' lang='grc' dir='ltr'>ἔτι</span> <span class='ocrx_word' id='word_1_173' title='bbox 982 2066 1106 2121; x_wconf 84' lang='grc' dir='ltr'>καθ’</span> <span class='ocrx_word' id='word_1_174' title='bbox 1138 2067 1237 2123; x_wconf 69' lang='grc' dir='ltr'>ἕνα</span> <span class='ocrx_word' id='word_1_175' title='bbox 1273 2068 1384 2123; x_wconf 87' lang='grc' dir='ltr'><strong>τῶν</strong></span> <span class='ocrx_word' id='word_1_176' title='bbox 1412 2069 1537 2123; x_wconf 82' lang='grc' dir='ltr'>καθ’</span> <span class='ocrx_word' id='word_1_177' title='bbox 1560 2072 1709 2141; x_wconf 80' lang='grc' dir='ltr'>ἡμᾶς</span> 
     </span>
    </p>
   </div>
   <div class='ocr_carea' id='block_1_23' title="bbox 147 2153 1709 2229">
    <p class='ocr_par' dir='ltr' id='par_1_23' title="bbox 147 2153 1709 2229">
     <span class='ocr_line' id='line_1_23' title="bbox 147 2153 1709 2229; baseline 0.006 -23"><span class='ocrx_word' id='word_1_178' title='bbox 147 2153 330 2223; x_wconf 75' lang='grc' dir='ltr'>ἱερέων</span> <span class='ocrx_word' id='word_1_179' title='bbox 362 2156 723 2226; x_wconf 76' lang='grc' dir='ltr'>προσκομίζει</span> <span class='ocrx_word' id='word_1_180' title='bbox 763 2156 1169 2229; x_wconf 86' lang='grc' dir='ltr'>δουλοπρεπῶς,</span> <span class='ocrx_word' id='word_1_181' title='bbox 1204 2159 1354 2213; x_wconf 76' lang='grc' dir='ltr'>οὐδὲν</span> <span class='ocrx_word' id='word_1_182' title='bbox 1391 2159 1554 2224; x_wconf 83' lang='grc' dir='ltr'>αὐτὸς</span> <span class='ocrx_word' id='word_1_183' title='bbox 1587 2162 1709 2215; x_wconf 73' lang='grc' dir='ltr'>ἔπι-</span> 
     </span>
    </p>
   </div>
   <div class='ocr_carea' id='block_1_24' title="bbox 144 2244 1707 2323">
    <p class='ocr_par' dir='ltr' id='par_1_24' title="bbox 144 2244 1707 2323">
     <span class='ocr_line' id='line_1_24' title="bbox 144 2244 1707 2323; baseline 0.006 -26"><span class='ocrx_word' id='word_1_184' title='bbox 144 2244 410 2299; x_wconf 88' lang='grc' dir='ltr'>κοινωνῶν</span> <span class='ocrx_word' id='word_1_185' title='bbox 440 2248 521 2310; x_wconf 81' lang='grc' dir='ltr'><strong>είς</strong></span> <span class='ocrx_word' id='word_1_186' title='bbox 542 2246 605 2300; x_wconf 88' lang='grc' dir='ltr'><strong>τὸ</strong></span> <span class='ocrx_word' id='word_1_187' title='bbox 644 2247 833 2301; x_wconf 85' lang='grc' dir='ltr'>λαϐεῖν</span> <span class='ocrx_word' id='word_1_188' title='bbox 855 2249 1026 2321; x_wconf 82' lang='grc' dir='ltr'>αὑτήν</span> <span class='ocrx_word' id='word_1_189' title='bbox 1046 2266 1058 2278; x_wconf 83' lang='lat'><strong><em>°</em></strong></span> <span class='ocrx_word' id='word_1_190' title='bbox 1088 2249 1203 2303; x_wconf 80' lang='grc' dir='ltr'>ἀλλ’</span> <span class='ocrx_word' id='word_1_191' title='bbox 1243 2251 1419 2323; x_wconf 75' lang='grc' dir='ltr'>ἑαυτῷ</span> <span class='ocrx_word' id='word_1_192' title='bbox 1445 2270 1707 2323; x_wconf 88' lang='grc' dir='ltr'>πραγμα-</span> 
     </span>
    </p>
   </div>
   <div class='ocr_carea' id='block_1_25' title="bbox 140 2335 1705 2415">
    <p class='ocr_par' dir='ltr' id='par_1_25' title="bbox 140 2335 1705 2415">
     <span class='ocr_line' id='line_1_25' title="bbox 140 2335 1705 2415; baseline 0.007 -27"><span class='ocrx_word' id='word_1_193' title='bbox 140 2335 371 2401; x_wconf 84' lang='grc' dir='ltr'>τεύεται,</span> <span class='ocrx_word' id='word_1_194' title='bbox 406 2339 501 2390; x_wconf 76' lang='grc' dir='ltr'>καὶ</span> <span class='ocrx_word' id='word_1_195' title='bbox 533 2337 600 2391; x_wconf 86' lang='grc' dir='ltr'><strong>δι’</strong></span> <span class='ocrx_word' id='word_1_196' title='bbox 646 2339 816 2393; x_wconf 87' lang='grc' dir='ltr'>αὐτοῦ</span> <span class='ocrx_word' id='word_1_197' title='bbox 858 2357 917 2394; x_wconf 85' lang='grc' dir='ltr'><strong>τε</strong></span> <span class='ocrx_word' id='word_1_198' title='bbox 954 2341 1049 2395; x_wconf 75' lang='grc' dir='ltr'>καὶ</span> <span class='ocrx_word' id='word_1_199' title='bbox 1097 2342 1155 2395; x_wconf 78' lang='grc' dir='ltr'>ἑν</span> <span class='ocrx_word' id='word_1_200' title='bbox 1204 2342 1355 2412; x_wconf 85' lang='grc' dir='ltr'><strong>αὑτῷ</strong></span> <span class='ocrx_word' id='word_1_201' title='bbox 1386 2342 1464 2415; x_wconf 84' lang='grc' dir='ltr'>τῷ</span> <span class='ocrx_word' id='word_1_202' title='bbox 1509 2346 1705 2415; x_wconf 81' lang='grc' dir='ltr'>Πατρί.</span> 
     </span>
    </p>
   </div>
   <div class='ocr_carea' id='block_1_26' title="bbox 149 2426 1709 2508">
    <p class='ocr_par' dir='ltr' id='par_1_26' title="bbox 149 2426 1709 2508">
     <span class='ocr_line' id='line_1_26' title="bbox 149 2426 1709 2508; baseline 0.007 -29"><span class='ocrx_word' id='word_1_203' title='bbox 149 2426 439 2499; x_wconf 80' lang='grc' dir='ltr'>Ἰερουργετ</span> <span class='ocrx_word' id='word_1_204' title='bbox 481 2431 591 2501; x_wconf 83' lang='grc' dir='ltr'><strong>γὰρ</strong></span> <span class='ocrx_word' id='word_1_205' title='bbox 630 2430 792 2501; x_wconf 75' lang='grc' dir='ltr'>ἡμῶν</span> <span class='ocrx_word' id='word_1_206' title='bbox 840 2430 940 2503; x_wconf 77' lang='grc' dir='ltr'>τὴν</span> <span class='ocrx_word' id='word_1_207' title='bbox 966 2432 1280 2504; x_wconf 84' lang='grc' dir='ltr'>ὁμολογίαν,</span> <span class='ocrx_word' id='word_1_208' title='bbox 1324 2436 1574 2489; x_wconf 75' lang='grc' dir='ltr'>τουτέστι</span> <span class='ocrx_word' id='word_1_209' title='bbox 1609 2435 1709 2508; x_wconf 79' lang='grc' dir='ltr'>τὴν</span> 
     </span>
    </p>
   </div>
   <div class='ocr_carea' id='block_1_27' title="bbox 140 2518 1707 2594">
    <p class='ocr_par' dir='ltr' id='par_1_27' title="bbox 140 2518 1707 2594">
     <span class='ocr_line' id='line_1_27' title="bbox 140 2518 1707 2594; baseline 0.005 -22"><span class='ocrx_word' id='word_1_210' title='bbox 140 2518 339 2584; x_wconf 81' lang='grc' dir='ltr'>πίστιν,</span> <span class='ocrx_word' id='word_1_211' title='bbox 388 2518 456 2589; x_wconf 75' lang='grc' dir='ltr'>ἢν</span> <span class='ocrx_word' id='word_1_212' title='bbox 502 2520 599 2573; x_wconf 77' lang='grc' dir='ltr'>καὶ</span> <span class='ocrx_word' id='word_1_213' title='bbox 646 2520 822 2592; x_wconf 81' lang='grc' dir='ltr'><strong>ὀρθῶς</strong></span> <span class='ocrx_word' id='word_1_214' title='bbox 853 2524 1243 2594; x_wconf 81' lang='grc' dir='ltr'>κατειθίσμεθα</span> <span class='ocrx_word' id='word_1_215' title='bbox 1287 2526 1577 2590; x_wconf 85' lang='grc' dir='ltr'>ποιεῖσθαι,</span> <span class='ocrx_word' id='word_1_216' title='bbox 1617 2526 1707 2580; x_wconf 83' lang='grc' dir='ltr'>λέ-</span> 
     </span>
    </p>
   </div>
   <div class='ocr_carea' id='block_1_28' title="bbox 139 2607 1707 2685">
    <p class='ocr_par' dir='ltr' id='par_1_28' title="bbox 139 2607 1707 2685">
     <span class='ocr_line' id='line_1_28' title="bbox 139 2607 1707 2685; baseline 0.005 -24"><span class='ocrx_word' id='word_1_217' title='bbox 139 2620 359 2676; x_wconf 83' lang='grc' dir='ltr'>γοντες·</span> <span class='ocrx_word' id='word_1_218' title='bbox 400 2627 419 2660; x_wconf 78' lang='grc' dir='ltr'><strong>ι</strong></span> <span class='ocrx_word' id='word_1_219' title='bbox 452 2607 789 2679; x_wconf 85' lang='grc' dir='ltr'>Πιστεύομεν</span> <span class='ocrx_word' id='word_1_220' title='bbox 825 2612 907 2678; x_wconf 86' lang='grc' dir='ltr'><strong>είς</strong></span> <span class='ocrx_word' id='word_1_221' title='bbox 946 2610 1042 2664; x_wconf 72' lang='grc' dir='ltr'>ἕνα</span> <span class='ocrx_word' id='word_1_222' title='bbox 1072 2610 1204 2666; x_wconf 87' lang='grc' dir='ltr'>Θεὸν</span> <span class='ocrx_word' id='word_1_223' title='bbox 1243 2614 1466 2685; x_wconf 82' lang='grc' dir='ltr'>Πατέρα</span> <span class='ocrx_word' id='word_1_224' title='bbox 1502 2632 1707 2669; x_wconf 87' lang='grc' dir='ltr'>παντο-</span> 
     </span>
    </p>
   </div>
   <div class='ocr_carea' id='block_1_29' title="bbox 138 2699 1708 2776">
    <p class='ocr_par' dir='ltr' id='par_1_29' title="bbox 138 2699 1708 2776">
     <span class='ocr_line' id='line_1_29' title="bbox 138 2699 1708 2776; baseline 0.005 -25"><span class='ocrx_word' id='word_1_225' title='bbox 138 2699 384 2770; x_wconf 79' lang='grc' dir='ltr'>κράτορα</span> <span class='ocrx_word' id='word_1_226' title='bbox 411 2714 427 2730; x_wconf 74' lang='grc' dir='ltr'><strong><em>ο</em></strong></span> <span class='ocrx_word' id='word_1_227' title='bbox 461 2699 557 2753; x_wconf 80' lang='grc' dir='ltr'>καὶ</span> <span class='ocrx_word' id='word_1_228' title='bbox 586 2702 668 2764; x_wconf 85' lang='grc' dir='ltr'><strong>είς</strong></span> <span class='ocrx_word' id='word_1_229' title='bbox 701 2700 799 2752; x_wconf 71' lang='grc' dir='ltr'>ἱνα</span> <span class='ocrx_word' id='word_1_230' title='bbox 837 2700 1045 2773; x_wconf 81' lang='grc' dir='ltr'>Κύριον</span> <span class='ocrx_word' id='word_1_231' title='bbox 1087 2703 1293 2771; x_wconf 82' lang='grc' dir='ltr'>Ἰησοῦν</span> <span class='ocrx_word' id='word_1_232' title='bbox 1330 2704 1564 2776; x_wconf 82' lang='grc' dir='ltr'>Χριστὸν</span> <span class='ocrx_word' id='word_1_233' title='bbox 1616 2706 1708 2759; x_wconf 85' lang='grc' dir='ltr'><strong>τὸν</strong></span> 
     </span>
    </p>
   </div>
   <div class='ocr_carea' id='block_1_30' title="bbox 134 2788 1705 2862">
    <p class='ocr_par' dir='ltr' id='par_1_30' title="bbox 134 2788 1705 2862">
     <span class='ocr_line' id='line_1_30' title="bbox 134 2788 1705 2862; baseline 0.004 -21"><span class='ocrx_word' id='word_1_234' title='bbox 134 2789 263 2842; x_wconf 81' lang='grc' dir='ltr'>Υιὸν</span> <span class='ocrx_word' id='word_1_235' title='bbox 294 2788 490 2843; x_wconf 81' lang='grc' dir='ltr'>αὑτοῦ·</span> <span class='ocrx_word' id='word_1_236' title='bbox 522 2789 615 2843; x_wconf 74' lang='grc' dir='ltr'>καὶ</span> <span class='ocrx_word' id='word_1_237' title='bbox 645 2791 727 2853; x_wconf 84' lang='grc' dir='ltr'><strong>είς</strong></span> <span class='ocrx_word' id='word_1_238' title='bbox 755 2790 817 2843; x_wconf 84' lang='grc' dir='ltr'><strong>τὸ</strong></span> <span class='ocrx_word' id='word_1_239' title='bbox 849 2788 1075 2862; x_wconf 81' lang='grc' dir='ltr'>Πνεῦμα</span> <span class='ocrx_word' id='word_1_240' title='bbox 1112 2791 1175 2845; x_wconf 90' lang='grc' dir='ltr'><strong>τὸ</strong></span> <span class='ocrx_word' id='word_1_241' title='bbox 1209 2793 1387 2861; x_wconf 84' lang='grc' dir='ltr'>ἆγιον.</span> <span class='ocrx_word' id='word_1_242' title='bbox 1424 2813 1442 2845; x_wconf 73' lang='grc' dir='ltr'><strong>ι</strong></span> <span class='ocrx_word' id='word_1_243' title='bbox 1475 2794 1705 2861; x_wconf 79' lang='grc' dir='ltr'>Οὐκοῦν,</span> 
     </span>
    </p>
   </div>
   <div class='ocr_carea' id='block_1_31' title="bbox 130 2879 1707 2955">
    <p class='ocr_par' dir='ltr' id='par_1_31' title="bbox 130 2879 1707 2955">
     <span class='ocr_line' id='line_1_31' title="bbox 130 2879 1707 2955; baseline 0.003 -20"><span class='ocrx_word' id='word_1_244' title='bbox 130 2880 237 2935; x_wconf 66' lang='grc' dir='ltr'><strong>κᾶν</strong></span> <span class='ocrx_word' id='word_1_245' title='bbox 285 2879 587 2950; x_wconf 77' lang='grc' dir='ltr'>ἱερατεύειν</span> <span class='ocrx_word' id='word_1_246' title='bbox 621 2881 978 2951; x_wconf 83' lang='grc' dir='ltr'>ἀνθρωπίνως</span> <span class='ocrx_word' id='word_1_247' title='bbox 1022 2882 1271 2953; x_wconf 77' lang='grc' dir='ltr'>λέγηται,</span> <span class='ocrx_word' id='word_1_248' title='bbox 1317 2884 1454 2938; x_wconf 78' lang='grc' dir='ltr'>ἀλλὰ</span> <span class='ocrx_word' id='word_1_249' title='bbox 1491 2885 1707 2955; x_wconf 86' lang='grc' dir='ltr'>δέχεται</span> 
     </span>
    </p>
   </div>
   <div class='ocr_carea' id='block_1_32' title="bbox 126 2971 1708 3044">
    <p class='ocr_par' dir='ltr' id='par_1_32' title="bbox 126 2971 1708 3044">
     <span class='ocr_line' id='line_1_32' title="bbox 126 2971 1708 3044; baseline 0.004 -21"><span class='ocrx_word' id='word_1_250' title='bbox 126 2973 228 3041; x_wconf 72' lang='grc' dir='ltr'>τὴν</span> <span class='ocrx_word' id='word_1_251' title='bbox 265 2971 456 3025; x_wconf 87' lang='grc' dir='ltr'>θυσίαν</span> <span class='ocrx_word' id='word_1_252' title='bbox 485 2971 648 3035; x_wconf 80' lang='grc' dir='ltr'>αὐτὸς</span> <span class='ocrx_word' id='word_1_253' title='bbox 685 2971 903 3037; x_wconf 86' lang='grc' dir='ltr'>θεῖκῶς,</span> <span class='ocrx_word' id='word_1_254' title='bbox 924 2974 953 3025; x_wconf 91' lang='lat'><strong>6</strong></span> <span class='ocrx_word' id='word_1_255' title='bbox 982 2972 1144 3036; x_wconf 84' lang='grc' dir='ltr'>αὐτὸς</span> <span class='ocrx_word' id='word_1_256' title='bbox 1175 2972 1251 3026; x_wconf 84' lang='grc' dir='ltr'>ὢν</span> <span class='ocrx_word' id='word_1_257' title='bbox 1279 2974 1415 3044; x_wconf 89' lang='grc' dir='ltr'>όμοῦ</span> <span class='ocrx_word' id='word_1_258' title='bbox 1447 2975 1578 3040; x_wconf 85' lang='grc' dir='ltr'>Θεὸς</span> <span class='ocrx_word' id='word_1_259' title='bbox 1613 2977 1708 3030; x_wconf 82' lang='grc' dir='ltr'>καὶ</span> 
     </span>
    </p>
   </div>
   <div class='ocr_carea' id='block_1_33' title="bbox 124 3061 1708 3132">
    <p class='ocr_par' dir='ltr' id='par_1_33' title="bbox 124 3061 1708 3132">
     <span class='ocr_line' id='line_1_33' title="bbox 124 3061 1708 3132; baseline 0.004 -18"><span class='ocrx_word' id='word_1_260' title='bbox 124 3062 438 3132; x_wconf 78' lang='grc' dir='ltr'>ἄνθρωπος.</span> <span class='ocrx_word' id='word_1_261' title='bbox 464 3061 695 3132; x_wconf 72' lang='grc' dir='ltr'>Εἴρηται</span> <span class='ocrx_word' id='word_1_262' title='bbox 725 3062 782 3115; x_wconf 72' lang='grc' dir='ltr'>δὲ</span> <span class='ocrx_word' id='word_1_263' title='bbox 810 3062 1021 3126; x_wconf 82' lang='grc' dir='ltr'>πιστὸς,</span> <span class='ocrx_word' id='word_1_264' title='bbox 1058 3061 1145 3115; x_wconf 84' lang='grc' dir='ltr'><strong>διὰ</strong></span> <span class='ocrx_word' id='word_1_265' title='bbox 1176 3062 1238 3115; x_wconf 83' lang='grc' dir='ltr'><strong>τὸ</strong></span> <span class='ocrx_word' id='word_1_266' title='bbox 1270 3064 1357 3117; x_wconf 79' lang='grc' dir='ltr'><strong>ἀεὶ</strong></span> <span class='ocrx_word' id='word_1_267' title='bbox 1404 3062 1596 3129; x_wconf 78' lang='grc' dir='ltr'>σώζειν</span> <span class='ocrx_word' id='word_1_268' title='bbox 1618 3065 1708 3120; x_wconf 90' lang='grc' dir='ltr'>δύ-</span> 
     </span>
    </p>
   </div>
   <div class='ocr_carea' id='block_1_34' title="bbox 1812 612 3385 683">
    <p class='ocr_par' dir='ltr' id='par_1_34' title="bbox 1812 612 3385 683">
     <span class='ocr_line' id='line_1_34' title="bbox 1812 612 3385 683; baseline 0 -13"><span class='ocrx_word' id='word_1_269' title='bbox 1812 616 1973 675; x_wconf 85' lang='lat' dir='ltr'><strong>Patre</strong></span> <span class='ocrx_word' id='word_1_270' title='bbox 2020 619 2295 676; x_wconf 89' lang='lat' dir='ltr'><strong>institutus</strong></span> <span class='ocrx_word' id='word_1_271' title='bbox 2341 630 2426 675; x_wconf 90' lang='lat' dir='ltr'><strong>est</strong></span> <span class='ocrx_word' id='word_1_272' title='bbox 2481 616 2657 683; x_wconf 81' lang='lat' dir='ltr'><strong>Jesus,</strong></span> <span class='ocrx_word' id='word_1_273' title='bbox 2709 616 2809 671; x_wconf 83' lang='lat' dir='ltr'><strong>hoc</strong></span> <span class='ocrx_word' id='word_1_274' title='bbox 2866 625 2951 671; x_wconf 89' lang='lat' dir='ltr'><strong>est</strong></span> <span class='ocrx_word' id='word_1_275' title='bbox 3008 614 3104 672; x_wconf 86' lang='lat' dir='ltr'><strong>Dei</strong></span> <span class='ocrx_word' id='word_1_276' title='bbox 3144 612 3385 672; x_wconf 79' lang='lat' dir='ltr'><strong>Verbum</strong></span> 
     </span>
    </p>
   </div>
   <div class='ocr_carea' id='block_1_35' title="bbox 1813 705 3383 778">
    <p class='ocr_par' dir='ltr' id='par_1_35' title="bbox 1813 705 3383 778">
     <span class='ocr_line' id='line_1_35' title="bbox 1813 705 3383 778; baseline -0.001 -17"><span class='ocrx_word' id='word_1_277' title='bbox 1813 709 2175 765; x_wconf 85' lang='lat' dir='ltr'><strong>incarnatum.</strong></span> <span class='ocrx_word' id='word_1_278' title='bbox 2227 711 2381 766; x_wconf 86' lang='lat' dir='ltr'><strong>Tunc</strong></span> <span class='ocrx_word' id='word_1_279' title='bbox 2422 710 2565 765; x_wconf 87' lang='lat' dir='ltr'><strong>enim</strong></span> <span class='ocrx_word' id='word_1_280' title='bbox 2597 707 2724 763; x_wconf 82' lang='lat' dir='ltr'><strong>Jesu</strong></span> <span class='ocrx_word' id='word_1_281' title='bbox 2764 708 2980 762; x_wconf 83' lang='lat' dir='ltr'><strong>nomine</strong></span> <span class='ocrx_word' id='word_1_282' title='bbox 3005 723 3103 777; x_wconf 89' lang='lat' dir='ltr'><strong>per</strong></span> <span class='ocrx_word' id='word_1_283' title='bbox 3130 705 3383 778; x_wconf 74' lang='lat' dir='ltr'><strong>angelum</strong></span> 
     </span>
    </p>
   </div>
   <div class='ocr_carea' id='block_1_36' title="bbox 1812 793 3386 868">
    <p class='ocr_par' dir='ltr' id='par_1_36' title="bbox 1812 793 3386 868">
     <span class='ocr_line' id='line_1_36' title="bbox 1812 793 3386 868; baseline -0.003 -17"><span class='ocrx_word' id='word_1_284' title='bbox 1812 798 2134 867; x_wconf 88' lang='lat' dir='ltr'><strong>appellatmu</strong></span> <span class='ocrx_word' id='word_1_285' title='bbox 2164 811 2269 856; x_wconf 89' lang='lat' dir='ltr'><strong>est.</strong></span> <span class='ocrx_word' id='word_1_286' title='bbox 2324 800 2391 854; x_wconf 84' lang='lat' dir='ltr'><strong>Et</strong></span> <span class='ocrx_word' id='word_1_287' title='bbox 2438 799 2657 868; x_wconf 77' lang='lat' dir='ltr'><strong>quidem</strong></span> <span class='ocrx_word' id='word_1_288' title='bbox 2708 796 2998 853; x_wconf 87' lang='lat' dir='ltr'><strong>sacerdotii</strong></span> <span class='ocrx_word' id='word_1_289' title='bbox 3024 805 3081 852; x_wconf 90' lang='lat' dir='ltr'><strong>et</strong></span> <span class='ocrx_word' id='word_1_290' title='bbox 3114 793 3386 864; x_wconf 86' lang='lat' dir='ltr'><strong>apostola-</strong></span> 
     </span>
    </p>
   </div>
   <div class='ocr_carea' id='block_1_37' title="bbox 1814 885 3388 961">
    <p class='ocr_par' dir='ltr' id='par_1_37' title="bbox 1814 885 3388 961">
     <span class='ocr_line' id='line_1_37' title="bbox 1814 885 3388 961; baseline -0.003 -17"><span class='ocrx_word' id='word_1_291' title='bbox 1814 900 1900 945; x_wconf 90' lang='lat' dir='ltr'><strong>tus</strong></span> <span class='ocrx_word' id='word_1_292' title='bbox 1948 906 2139 945; x_wconf 88' lang='lat' dir='ltr'><strong>nomen</strong></span> <span class='ocrx_word' id='word_1_293' title='bbox 2168 901 2221 947; x_wconf 93' lang='lat' dir='ltr'><strong>et</strong></span> <span class='ocrx_word' id='word_1_294' title='bbox 2258 906 2370 956; x_wconf 90' lang='lat' dir='ltr'><strong>res,</strong></span> <span class='ocrx_word' id='word_1_295' title='bbox 2406 891 2697 961; x_wconf 75' lang='lat' dir='ltr'><strong>perexigua</strong></span> <span class='ocrx_word' id='word_1_296' title='bbox 2729 895 2878 953; x_wconf 90' lang='lat' dir='ltr'><strong>sunt,</strong></span> <span class='ocrx_word' id='word_1_297' title='bbox 2907 886 2953 943; x_wconf 87' lang='lat' dir='ltr'><strong>si</strong></span> <span class='ocrx_word' id='word_1_298' title='bbox 2985 885 3151 941; x_wconf 77' lang='lat' dir='ltr'><strong>Verbi</strong></span> <span class='ocrx_word' id='word_1_299' title='bbox 3178 894 3388 940; x_wconf 67' lang='lat' dir='ltr'><strong>natura</strong></span> 
     </span>
    </p>
   </div>
   <div class='ocr_carea' id='block_1_38' title="bbox 1812 973 3387 1047">
    <p class='ocr_par' dir='ltr' id='par_1_38' title="bbox 1812 973 3387 1047">
     <span class='ocr_line' id='line_1_38' title="bbox 1812 973 3387 1047; baseline -0.003 -12"><span class='ocrx_word' id='word_1_300' title='bbox 1812 981 2199 1047; x_wconf 86' lang='lat' dir='ltr'><strong>attribuantur,</strong></span> <span class='ocrx_word' id='word_1_301' title='bbox 2227 990 2600 1036; x_wconf 86' lang='lat' dir='ltr'><strong>verumtamen</strong></span> <span class='ocrx_word' id='word_1_302' title='bbox 2638 980 2890 1035; x_wconf 69' lang='lat' dir='ltr'><strong>humanae</strong></span> <span class='ocrx_word' id='word_1_303' title='bbox 2930 984 3137 1031; x_wconf 66' lang='lat' dir='ltr'><strong>natura:</strong></span> <span class='ocrx_word' id='word_1_304' title='bbox 3167 973 3387 1030; x_wconf 84' lang='lat' dir='ltr'><strong>modulo</strong></span> 
     </span>
    </p>
   </div>
   <div class='ocr_carea' id='block_1_39' title="bbox 1813 1064 3387 1144">
    <p class='ocr_par' dir='ltr' id='par_1_39' title="bbox 1813 1064 3387 1144">
     <span class='ocr_line' id='line_1_39' title="bbox 1813 1064 3387 1144; baseline -0.004 -17"><span class='ocrx_word' id='word_1_305' title='bbox 1813 1088 1919 1127; x_wconf 91' lang='lat' dir='ltr'><strong>non</strong></span> <span class='ocrx_word' id='word_1_306' title='bbox 1946 1072 2241 1144; x_wconf 72' lang='lat' dir='ltr'><strong>incongrue</strong></span> <span class='ocrx_word' id='word_1_307' title='bbox 2267 1074 2644 1140; x_wconf 78' lang='lat' dir='ltr'><strong>adaptautum</strong></span> <span class='ocrx_word' id='word_1_308' title='bbox 2676 1068 2808 1125; x_wconf 81' lang='lat' dir='ltr'><strong>Nam</strong></span> <span class='ocrx_word' id='word_1_309' title='bbox 2839 1066 3009 1124; x_wconf 87' lang='lat' dir='ltr'><strong>Filius</strong></span> <span class='ocrx_word' id='word_1_310' title='bbox 3032 1070 3118 1137; x_wconf 90' lang='lat' dir='ltr'><strong>(ut</strong></span> <span class='ocrx_word' id='word_1_311' title='bbox 3151 1066 3265 1135; x_wconf 86' lang='lat' dir='ltr'><strong>ipse</strong></span> <span class='ocrx_word' id='word_1_312' title='bbox 3282 1064 3387 1121; x_wconf 87' lang='lat' dir='ltr'><strong>ali-</strong></span> 
     </span>
    </p>
   </div>
   <div class='ocr_carea' id='block_1_40' title="bbox 1813 1158 3387 1235">
    <p class='ocr_par' dir='ltr' id='par_1_40' title="bbox 1813 1158 3387 1235">
     <span class='ocr_line' id='line_1_40' title="bbox 1813 1158 3387 1235; baseline -0.006 -15"><span class='ocrx_word' id='word_1_313' title='bbox 1813 1164 1935 1220; x_wconf 89' lang='lat' dir='ltr'><strong>cubi</strong></span> <span class='ocrx_word' id='word_1_314' title='bbox 1960 1166 2208 1235; x_wconf 78' lang='lat' dir='ltr'><strong>testatur)</strong></span> <span class='ocrx_word' id='word_1_315' title='bbox 2234 1179 2339 1220; x_wconf 89' lang='lat' dir='ltr'><strong>non</strong></span> <span class='ocrx_word' id='word_1_316' title='bbox 2355 1172 2577 1219; x_wconf 82' lang='lat' dir='ltr'><strong>venerat</strong></span> <span class='ocrx_word' id='word_1_317' title='bbox 2596 1160 2917 1226; x_wconf 80' lang='lat' dir='ltr'><strong>ministrari,</strong></span> <span class='ocrx_word' id='word_1_318' title='bbox 2937 1160 3030 1215; x_wconf 88' lang='lat' dir='ltr'><strong>sed</strong></span> <span class='ocrx_word' id='word_1_319' title='bbox 3053 1158 3387 1223; x_wconf 88' lang='lat' dir='ltr'><strong>ministrare,</strong></span> 
     </span>
    </p>
   </div>
   <div class='ocr_carea' id='block_1_41' title="bbox 1812 1246 3381 1322">
    <p class='ocr_par' dir='ltr' id='par_1_41' title="bbox 1812 1246 3381 1322">
     <span class='ocr_line' id='line_1_41' title="bbox 1812 1246 3381 1322; baseline -0.008 -9"><span class='ocrx_word' id='word_1_320' title='bbox 1812 1268 1867 1314; x_wconf 91' lang='lat' dir='ltr'><strong>et</strong></span> <span class='ocrx_word' id='word_1_321' title='bbox 1887 1259 2018 1313; x_wconf 89' lang='lat' dir='ltr'><strong>dare</strong></span> <span class='ocrx_word' id='word_1_322' title='bbox 2040 1259 2276 1312; x_wconf 90' lang='lat' dir='ltr'><strong>animam</strong></span> <span class='ocrx_word' id='word_1_323' title='bbox 2300 1270 2453 1312; x_wconf 87' lang='lat' dir='ltr'><strong>suam</strong></span> <span class='ocrx_word' id='word_1_324' title='bbox 2486 1253 2905 1322; x_wconf 85' lang='lat' dir='ltr'><strong>redemptionem</strong></span> <span class='ocrx_word' id='word_1_325' title='bbox 2948 1265 3049 1320; x_wconf 92' lang='lat' dir='ltr'><strong>pro</strong></span> <span class='ocrx_word' id='word_1_326' title='bbox 3075 1247 3257 1303; x_wconf 88' lang='lat' dir='ltr'><strong>multis</strong></span> <span class='ocrx_word' id='word_1_327' title='bbox 3278 1246 3381 1303; x_wconf 71' lang='grc'><strong>⁸⁸.»</strong></span> 
     </span>
    </p>
   </div>
   <div class='ocr_carea' id='block_1_42' title="bbox 1814 1337 3389 1418">
    <p class='ocr_par' dir='ltr' id='par_1_42' title="bbox 1814 1337 3389 1418">
     <span class='ocr_line' id='line_1_42' title="bbox 1814 1337 3389 1418; baseline -0.005 -14"><span class='ocrx_word' id='word_1_328' title='bbox 1814 1348 1967 1417; x_wconf 83' lang='lat' dir='ltr'><strong>Quod</strong></span> <span class='ocrx_word' id='word_1_329' title='bbox 2009 1348 2170 1418; x_wconf 78' lang='lat' dir='ltr'><strong>igitur</strong></span> <span class='ocrx_word' id='word_1_330' title='bbox 2201 1358 2573 1403; x_wconf 82' lang='lat' dir='ltr'><strong>creaturarum</strong></span> <span class='ocrx_word' id='word_1_331' title='bbox 2604 1342 2848 1399; x_wconf 90' lang='lat' dir='ltr'><strong>omnium</strong></span> <span class='ocrx_word' id='word_1_332' title='bbox 2912 1341 3214 1397; x_wconf 90' lang='lat' dir='ltr'><strong>ministerio</strong></span> <span class='ocrx_word' id='word_1_333' title='bbox 3264 1337 3389 1408; x_wconf 80' lang='lat' dir='ltr'><strong>jure</strong></span> 
     </span>
    </p>
   </div>
   <div class='ocr_carea' id='block_1_43' title="bbox 1812 1431 3389 1509">
    <p class='ocr_par' dir='ltr' id='par_1_43' title="bbox 1812 1431 3389 1509">
     <span class='ocr_line' id='line_1_43' title="bbox 1812 1431 3389 1509; baseline -0.007 -12"><span class='ocrx_word' id='word_1_334' title='bbox 1812 1441 2009 1497; x_wconf 89' lang='lat' dir='ltr'><strong>merito</strong></span> <span class='ocrx_word' id='word_1_335' title='bbox 2039 1441 2299 1509; x_wconf 88' lang='lat' dir='ltr'><strong>potiatur,</strong></span> <span class='ocrx_word' id='word_1_336' title='bbox 2320 1440 2423 1493; x_wconf 87' lang='lat' dir='ltr'><strong>hoc</strong></span> <span class='ocrx_word' id='word_1_337' title='bbox 2458 1436 2581 1494; x_wconf 88' lang='lat' dir='ltr'><strong>inde</strong></span> <span class='ocrx_word' id='word_1_338' title='bbox 2612 1436 2797 1503; x_wconf 84' lang='lat' dir='ltr'><strong>habet,</strong></span> <span class='ocrx_word' id='word_1_339' title='bbox 2824 1435 2953 1505; x_wconf 85' lang='lat' dir='ltr'><strong>quia</strong></span> <span class='ocrx_word' id='word_1_340' title='bbox 2976 1434 3119 1489; x_wconf 84' lang='lat' dir='ltr'><strong>Deus</strong></span> <span class='ocrx_word' id='word_1_341' title='bbox 3143 1442 3249 1498; x_wconf 87' lang='lat' dir='ltr'><strong>est,</strong></span> <span class='ocrx_word' id='word_1_342' title='bbox 3277 1431 3389 1487; x_wconf 90' lang='lat' dir='ltr'><strong>Do-</strong></span> 
     </span>
    </p>
   </div>
   <div class='ocr_carea' id='block_1_44' title="bbox 1814 1524 3389 1601">
    <p class='ocr_par' dir='ltr' id='par_1_44' title="bbox 1814 1524 3389 1601">
     <span class='ocr_line' id='line_1_44' title="bbox 1814 1524 3389 1601; baseline -0.006 -12"><span class='ocrx_word' id='word_1_343' title='bbox 1814 1534 1993 1589; x_wconf 87' lang='lat' dir='ltr'><strong>minus</strong></span> <span class='ocrx_word' id='word_1_344' title='bbox 2029 1540 2117 1589; x_wconf 90' lang='lat' dir='ltr'><strong>est</strong></span> <span class='ocrx_word' id='word_1_345' title='bbox 2145 1541 2423 1601; x_wconf 84' lang='lat' dir='ltr'><strong>totumque</strong></span> <span class='ocrx_word' id='word_1_346' title='bbox 2455 1528 2598 1597; x_wconf 89' lang='lat' dir='ltr'><strong>quod</strong></span> <span class='ocrx_word' id='word_1_347' title='bbox 2647 1537 2825 1584; x_wconf 88' lang='lat' dir='ltr'><strong>ortum</strong></span> <span class='ocrx_word' id='word_1_348' title='bbox 2859 1526 3050 1597; x_wconf 84' lang='lat' dir='ltr'><strong>quovis</strong></span> <span class='ocrx_word' id='word_1_349' title='bbox 3077 1524 3237 1581; x_wconf 89' lang='lat' dir='ltr'><strong>modo</strong></span> <span class='ocrx_word' id='word_1_350' title='bbox 3265 1538 3389 1580; x_wconf 87' lang='lat' dir='ltr'><strong>sor-</strong></span> 
     </span>
    </p>
   </div>
   <div class='ocr_carea' id='block_1_45' title="bbox 1814 1615 3390 1691">
    <p class='ocr_par' dir='ltr' id='par_1_45' title="bbox 1814 1615 3390 1691">
     <span class='ocr_line' id='line_1_45' title="bbox 1814 1615 3390 1691; baseline -0.008 -11"><span class='ocrx_word' id='word_1_351' title='bbox 1814 1624 1969 1680; x_wconf 90' lang='lat' dir='ltr'><strong>titum</strong></span> <span class='ocrx_word' id='word_1_352' title='bbox 2006 1631 2110 1686; x_wconf 88' lang='lat' dir='ltr'><strong>est,</strong></span> <span class='ocrx_word' id='word_1_353' title='bbox 2152 1622 2379 1691; x_wconf 81' lang='lat' dir='ltr'><strong>pedibus</strong></span> <span class='ocrx_word' id='word_1_354' title='bbox 2410 1620 2553 1675; x_wconf 90' lang='lat' dir='ltr'><strong>illius</strong></span> <span class='ocrx_word' id='word_1_355' title='bbox 2585 1618 2919 1674; x_wconf 86' lang='lat' dir='ltr'><strong>substratum</strong></span> <span class='ocrx_word' id='word_1_356' title='bbox 2950 1625 3038 1672; x_wconf 91' lang='lat' dir='ltr'><strong>est</strong></span> <span class='ocrx_word' id='word_1_357' title='bbox 3067 1633 3083 1671; x_wconf 91' lang='lat'><strong>:</strong></span> <span class='ocrx_word' id='word_1_358' title='bbox 3113 1615 3258 1685; x_wconf 92' lang='lat' dir='ltr'><strong>quod</strong></span> <span class='ocrx_word' id='word_1_359' title='bbox 3290 1628 3390 1669; x_wconf 88' lang='lat' dir='ltr'><strong>au-</strong></span> 
     </span>
    </p>
   </div>
   <div class='ocr_carea' id='block_1_46' title="bbox 1816 1703 3385 1777">
    <p class='ocr_par' dir='ltr' id='par_1_46' title="bbox 1816 1703 3385 1777">
     <span class='ocr_line' id='line_1_46' title="bbox 1816 1703 3385 1777; baseline -0.006 -10"><span class='ocrx_word' id='word_1_360' title='bbox 1816 1722 1922 1768; x_wconf 91' lang='lat' dir='ltr'><strong>tem</strong></span> <span class='ocrx_word' id='word_1_361' title='bbox 1958 1713 2253 1777; x_wconf 81' lang='lat' dir='ltr'><strong>ministrat,</strong></span> <span class='ocrx_word' id='word_1_362' title='bbox 2279 1713 2380 1766; x_wconf 87' lang='lat' dir='ltr'><strong>hoc</strong></span> <span class='ocrx_word' id='word_1_363' title='bbox 2403 1720 2611 1766; x_wconf 65' lang='lat' dir='ltr'><strong>natura</strong></span> <span class='ocrx_word' id='word_1_364' title='bbox 2634 1709 2884 1763; x_wconf 66' lang='lat' dir='ltr'><strong>humanae</strong></span> <span class='ocrx_word' id='word_1_365' title='bbox 2908 1714 3014 1761; x_wconf 88' lang='lat' dir='ltr'><strong>est.</strong></span> <span class='ocrx_word' id='word_1_366' title='bbox 3038 1703 3227 1774; x_wconf 83' lang='lat' dir='ltr'><strong>Neque</strong></span> <span class='ocrx_word' id='word_1_367' title='bbox 3256 1703 3385 1768; x_wconf 87' lang='lat' dir='ltr'><strong>hoc,</strong></span> 
     </span>
    </p>
   </div>
   <div class='ocr_carea' id='block_1_47' title="bbox 1814 1791 3388 1873">
    <p class='ocr_par' dir='ltr' id='par_1_47' title="bbox 1814 1791 3388 1873">
     <span class='ocr_line' id='line_1_47' title="bbox 1814 1791 3388 1873; baseline -0.007 -15"><span class='ocrx_word' id='word_1_368' title='bbox 1814 1804 1859 1858; x_wconf 93' lang='lat' dir='ltr'><strong>si</strong></span> <span class='ocrx_word' id='word_1_369' title='bbox 1894 1802 2310 1873; x_wconf 83' lang='lat' dir='ltr'><strong>dispensationis</strong></span> <span class='ocrx_word' id='word_1_370' title='bbox 2350 1816 2470 1857; x_wconf 91' lang='lat' dir='ltr'><strong>cum</strong></span> <span class='ocrx_word' id='word_1_371' title='bbox 2524 1813 2689 1855; x_wconf 84' lang='lat' dir='ltr'><strong>carne</strong></span> <span class='ocrx_word' id='word_1_372' title='bbox 2742 1795 3009 1853; x_wconf 86' lang='lat' dir='ltr'><strong>rationem</strong></span> <span class='ocrx_word' id='word_1_373' title='bbox 3058 1801 3295 1865; x_wconf 86' lang='lat' dir='ltr'><strong>spectes,</strong></span> <span class='ocrx_word' id='word_1_374' title='bbox 3322 1791 3388 1847; x_wconf 90' lang='lat' dir='ltr'><strong>il-</strong></span> 
     </span>
    </p>
   </div>
   <div class='ocr_carea' id='block_1_48' title="bbox 1812 1883 3384 1963">
    <p class='ocr_par' dir='ltr' id='par_1_48' title="bbox 1812 1883 3384 1963">
     <span class='ocr_line' id='line_1_48' title="bbox 1812 1883 3384 1963; baseline -0.006 -14"><span class='ocrx_word' id='word_1_375' title='bbox 1812 1895 1925 1949; x_wconf 89' lang='lat' dir='ltr'><strong>lum</strong></span> <span class='ocrx_word' id='word_1_376' title='bbox 1977 1894 2227 1961; x_wconf 81' lang='lat' dir='ltr'><strong>dedecet,</strong></span> <span class='ocrx_word' id='word_1_377' title='bbox 2276 1894 2367 1963; x_wconf 88' lang='lat' dir='ltr'><strong>qui</strong></span> <span class='ocrx_word' id='word_1_378' title='bbox 2415 1907 2474 1947; x_wconf 88' lang='lat' dir='ltr'><strong>se</strong></span> <span class='ocrx_word' id='word_1_379' title='bbox 2523 1890 2693 1945; x_wconf 83' lang='lat' dir='ltr'><strong>semel</strong></span> <span class='ocrx_word' id='word_1_380' title='bbox 2750 1892 2817 1943; x_wconf 90' lang='lat' dir='ltr'><strong>ad</strong></span> <span class='ocrx_word' id='word_1_381' title='bbox 2875 1889 3109 1943; x_wconf 81' lang='lat' dir='ltr'><strong>humana</strong></span> <span class='ocrx_word' id='word_1_382' title='bbox 3144 1883 3384 1941; x_wconf 86' lang='lat' dir='ltr'><strong>demisit.</strong></span> 
     </span>
    </p>
   </div>
   <div class='ocr_carea' id='block_1_49' title="bbox 1816 1981 3387 2054">
    <p class='ocr_par' dir='ltr' id='par_1_49' title="bbox 1816 1981 3387 2054">
     <span class='ocr_line' id='line_1_49' title="bbox 1816 1981 3387 2054; baseline -0.008 -13"><span class='ocrx_word' id='word_1_383' title='bbox 1816 1983 1951 2041; x_wconf 82' lang='lat' dir='ltr'><strong>Vide</strong></span> <span class='ocrx_word' id='word_1_384' title='bbox 1972 1985 2107 2053; x_wconf 83' lang='lat' dir='ltr'><strong>jam,</strong></span> <span class='ocrx_word' id='word_1_385' title='bbox 2138 1984 2410 2054; x_wconf 90' lang='lat' dir='ltr'><strong>quomodo</strong></span> <span class='ocrx_word' id='word_1_386' title='bbox 2441 1982 2739 2037; x_wconf 90' lang='lat' dir='ltr'><strong>secundmn</strong></span> <span class='ocrx_word' id='word_1_387' title='bbox 2798 1981 3090 2034; x_wconf 89' lang='lat' dir='ltr'><strong>humanam</strong></span> <span class='ocrx_word' id='word_1_388' title='bbox 3133 1985 3387 2031; x_wconf 91' lang='lat' dir='ltr'><strong>naturam</strong></span> 
     </span>
    </p>
   </div>
   <div class='ocr_carea' id='block_1_50' title="bbox 1813 2067 3383 2141">
    <p class='ocr_par' dir='ltr' id='par_1_50' title="bbox 1813 2067 3383 2141">
     <span class='ocr_line' id='line_1_50' title="bbox 1813 2067 3383 2141; baseline -0.009 -7"><span class='ocrx_word' id='word_1_389' title='bbox 1813 2078 2100 2135; x_wconf 80' lang='lat' dir='ltr'><strong>sacerdmii</strong></span> <span class='ocrx_word' id='word_1_390' title='bbox 2157 2092 2354 2131; x_wconf 88' lang='lat' dir='ltr'><strong>munus</strong></span> <span class='ocrx_word' id='word_1_391' title='bbox 2408 2074 2588 2139; x_wconf 89' lang='lat' dir='ltr'><strong>obeat,</strong></span> <span class='ocrx_word' id='word_1_392' title='bbox 2642 2072 3011 2141; x_wconf 87' lang='lat' dir='ltr'><strong>mediatorque</strong></span> <span class='ocrx_word' id='word_1_393' title='bbox 3039 2069 3183 2125; x_wconf 89' lang='lat' dir='ltr'><strong>inter</strong></span> <span class='ocrx_word' id='word_1_394' title='bbox 3211 2067 3383 2122; x_wconf 86' lang='lat' dir='ltr'><strong>Deum</strong></span> 
     </span>
    </p>
   </div>
   <div class='ocr_carea' id='block_1_51' title="bbox 1811 2158 3387 2223">
    <p class='ocr_par' dir='ltr' id='par_1_51' title="bbox 1811 2158 3387 2223">
     <span class='ocr_line' id='line_1_51' title="bbox 1811 2158 3387 2223; baseline -0.006 0"><span class='ocrx_word' id='word_1_395' title='bbox 1811 2178 1869 2223; x_wconf 85' lang='lat' dir='ltr'><strong>et</strong></span> <span class='ocrx_word' id='word_1_396' title='bbox 1896 2168 2145 2223; x_wconf 83' lang='lat' dir='ltr'><strong>homines</strong></span> <span class='ocrx_word' id='word_1_397' title='bbox 2191 2167 2424 2221; x_wconf 78' lang='lat' dir='ltr'><strong>exsistat</strong></span> <span class='ocrx_word' id='word_1_398' title='bbox 2450 2183 2465 2220; x_wconf 92' lang='lat'><strong>:</strong></span> <span class='ocrx_word' id='word_1_399' title='bbox 2500 2164 2681 2220; x_wconf 88' lang='lat' dir='ltr'><strong>omnis</strong></span> <span class='ocrx_word' id='word_1_400' title='bbox 2710 2163 2855 2219; x_wconf 91' lang='lat' dir='ltr'><strong>enim</strong></span> <span class='ocrx_word' id='word_1_401' title='bbox 2886 2161 3146 2218; x_wconf 81' lang='lat' dir='ltr'><strong>sacerdos</strong></span> <span class='ocrx_word' id='word_1_402' title='bbox 3174 2158 3387 2214; x_wconf 83' lang='lat' dir='ltr'><strong>media-</strong></span> 
     </span>
    </p>
   </div>
   <div class='ocr_carea' id='block_1_52' title="bbox 1817 2250 3385 2329">
    <p class='ocr_par' dir='ltr' id='par_1_52' title="bbox 1817 2250 3385 2329">
     <span class='ocr_line' id='line_1_52' title="bbox 1817 2250 3385 2329; baseline -0.008 -14"><span class='ocrx_word' id='word_1_403' title='bbox 1817 2261 1949 2317; x_wconf 91' lang='lat' dir='ltr'><strong>toris</strong></span> <span class='ocrx_word' id='word_1_404' title='bbox 1983 2259 2157 2316; x_wconf 84' lang='lat' dir='ltr'><strong>oﬁicio</strong></span> <span class='ocrx_word' id='word_1_405' title='bbox 2189 2258 2431 2329; x_wconf 76' lang='lat' dir='ltr'><strong>fungitur</strong></span> <span class='ocrx_word' id='word_1_406' title='bbox 2462 2275 2477 2325; x_wconf 88' lang='lat'><strong>;</strong></span> <span class='ocrx_word' id='word_1_407' title='bbox 2512 2266 2884 2313; x_wconf 79' lang='lat' dir='ltr'><strong>verumtamen</strong></span> <span class='ocrx_word' id='word_1_408' title='bbox 2922 2252 3179 2309; x_wconf 84' lang='lat' dir='ltr'><strong>sacriﬁcii</strong></span> <span class='ocrx_word' id='word_1_409' title='bbox 3219 2250 3385 2305; x_wconf 89' lang='lat' dir='ltr'><strong>ritum</strong></span> 
     </span>
    </p>
   </div>
   <div class='ocr_carea' id='block_1_53' title="bbox 1814 2344 3384 2408">
    <p class='ocr_par' dir='ltr' id='par_1_53' title="bbox 1814 2344 3384 2408">
     <span class='ocr_line' id='line_1_53' title="bbox 1814 2344 3384 2408; baseline -0.007 -1"><span class='ocrx_word' id='word_1_410' title='bbox 1814 2368 1923 2408; x_wconf 92' lang='lat' dir='ltr'><strong>non</strong></span> <span class='ocrx_word' id='word_1_411' title='bbox 1953 2352 2069 2408; x_wconf 90' lang='lat' dir='ltr'><strong>obit</strong></span> <span class='ocrx_word' id='word_1_412' title='bbox 2094 2351 2362 2407; x_wconf 81' lang='lat' dir='ltr'><strong>serviliter</strong></span> <span class='ocrx_word' id='word_1_413' title='bbox 2386 2350 2729 2405; x_wconf 85' lang='lat' dir='ltr'><strong>sacerdotum</strong></span> <span class='ocrx_word' id='word_1_414' title='bbox 2761 2346 2930 2403; x_wconf 80' lang='lat' dir='ltr'><strong>nostri</strong></span> <span class='ocrx_word' id='word_1_415' title='bbox 2962 2344 3174 2400; x_wconf 87' lang='lat' dir='ltr'><strong>ordinis</strong></span> <span class='ocrx_word' id='word_1_416' title='bbox 3204 2355 3384 2407; x_wconf 87' lang='lat' dir='ltr'><strong>more,</strong></span> 
     </span>
    </p>
   </div>
   <div class='ocr_carea' id='block_1_54' title="bbox 1813 2432 3385 2512">
    <p class='ocr_par' dir='ltr' id='par_1_54' title="bbox 1813 2432 3385 2512">
     <span class='ocr_line' id='line_1_54' title="bbox 1813 2432 3385 2512; baseline -0.006 -16"><span class='ocrx_word' id='word_1_417' title='bbox 1813 2443 1967 2512; x_wconf 87' lang='lat' dir='ltr'><strong>quasi</strong></span> <span class='ocrx_word' id='word_1_418' title='bbox 2002 2443 2116 2509; x_wconf 90' lang='lat' dir='ltr'><strong>ipse</strong></span> <span class='ocrx_word' id='word_1_419' title='bbox 2151 2458 2255 2496; x_wconf 92' lang='lat' dir='ltr'><strong>nou</strong></span> <span class='ocrx_word' id='word_1_420' title='bbox 2290 2444 2364 2497; x_wconf 87' lang='lat' dir='ltr'><strong>sit</strong></span> <span class='ocrx_word' id='word_1_421' title='bbox 2396 2443 2482 2496; x_wconf 92' lang='lat' dir='ltr'><strong>cui</strong></span> <span class='ocrx_word' id='word_1_422' title='bbox 2512 2440 2678 2495; x_wconf 89' lang='lat' dir='ltr'><strong>etiam</strong></span> <span class='ocrx_word' id='word_1_423' title='bbox 2731 2437 3065 2494; x_wconf 83' lang='lat' dir='ltr'><strong>sacriﬁcium</strong></span> <span class='ocrx_word' id='word_1_424' title='bbox 3116 2432 3385 2489; x_wconf 71' lang='lat' dir='ltr'><strong>offertur:</strong></span> 
     </span>
    </p>
   </div>
   <div class='ocr_carea' id='block_1_55' title="bbox 1814 2526 3391 2603">
    <p class='ocr_par' dir='ltr' id='par_1_55' title="bbox 1814 2526 3391 2603">
     <span class='ocr_line' id='line_1_55' title="bbox 1814 2526 3391 2603; baseline -0.008 -16"><span class='ocrx_word' id='word_1_425' title='bbox 1814 2532 1911 2587; x_wconf 88' lang='lat' dir='ltr'><strong>sed</strong></span> <span class='ocrx_word' id='word_1_426' title='bbox 1962 2532 2149 2603; x_wconf 90' lang='lat' dir='ltr'><strong>sibipsi</strong></span> <span class='ocrx_word' id='word_1_427' title='bbox 2193 2543 2411 2602; x_wconf 88' lang='lat' dir='ltr'><strong>quoque</strong></span> <span class='ocrx_word' id='word_1_428' title='bbox 2458 2529 2770 2596; x_wconf 84' lang='lat' dir='ltr'><strong>sacriﬁcat,</strong></span> <span class='ocrx_word' id='word_1_429' title='bbox 2815 2537 2869 2585; x_wconf 91' lang='lat' dir='ltr'><strong>et</strong></span> <span class='ocrx_word' id='word_1_430' title='bbox 2897 2543 2994 2598; x_wconf 87' lang='lat' dir='ltr'><strong>per</strong></span> <span class='ocrx_word' id='word_1_431' title='bbox 3030 2526 3293 2597; x_wconf 86' lang='lat' dir='ltr'><strong>seipsum,</strong></span> <span class='ocrx_word' id='word_1_432' title='bbox 3331 2528 3391 2577; x_wconf 83' lang='lat' dir='ltr'><strong>et</strong></span> 
     </span>
    </p>
   </div>
   <div class='ocr_carea' id='block_1_56' title="bbox 1814 2617 3390 2686">
    <p class='ocr_par' dir='ltr' id='par_1_56' title="bbox 1814 2617 3390 2686">
     <span class='ocr_line' id='line_1_56' title="bbox 1814 2617 3390 2686; baseline -0.006 -12"><span class='ocrx_word' id='word_1_433' title='bbox 1814 2620 1868 2675; x_wconf 92' lang='lat' dir='ltr'><strong>in</strong></span> <span class='ocrx_word' id='word_1_434' title='bbox 1909 2620 2086 2686; x_wconf 87' lang='lat' dir='ltr'><strong>seipso</strong></span> <span class='ocrx_word' id='word_1_435' title='bbox 2126 2620 2233 2673; x_wconf 92' lang='lat' dir='ltr'><strong>Deo</strong></span> <span class='ocrx_word' id='word_1_436' title='bbox 2274 2620 2443 2674; x_wconf 82' lang='lat' dir='ltr'><strong>Patri.</strong></span> <span class='ocrx_word' id='word_1_437' title='bbox 2504 2617 2674 2673; x_wconf 83' lang='lat' dir='ltr'><strong>Oﬁ‘ert</strong></span> <span class='ocrx_word' id='word_1_438' title='bbox 2731 2628 2912 2673; x_wconf 87' lang='lat' dir='ltr'><strong>autem</strong></span> <span class='ocrx_word' id='word_1_439' title='bbox 2965 2625 3207 2671; x_wconf 89' lang='lat' dir='ltr'><strong>nostram</strong></span> <span class='ocrx_word' id='word_1_440' title='bbox 3256 2626 3390 2667; x_wconf 90' lang='lat' dir='ltr'><strong>cou-</strong></span> 
     </span>
    </p>
   </div>
   <div class='ocr_carea' id='block_1_57' title="bbox 1814 2704 3388 2779">
    <p class='ocr_par' dir='ltr' id='par_1_57' title="bbox 1814 2704 3388 2779">
     <span class='ocr_line' id='line_1_57' title="bbox 1814 2704 3388 2779; baseline -0.006 -14"><span class='ocrx_word' id='word_1_441' title='bbox 1814 2712 2133 2776; x_wconf 86' lang='lat' dir='ltr'><strong>i&#39;essionem,</strong></span> <span class='ocrx_word' id='word_1_442' title='bbox 2177 2711 2282 2765; x_wconf 88' lang='lat' dir='ltr'><strong>hoc</strong></span> <span class='ocrx_word' id='word_1_443' title='bbox 2329 2721 2413 2765; x_wconf 89' lang='lat' dir='ltr'><strong>est</strong></span> <span class='ocrx_word' id='word_1_444' title='bbox 2456 2710 2660 2774; x_wconf 90' lang='lat' dir='ltr'><strong>ﬁdem;</strong></span> <span class='ocrx_word' id='word_1_445' title='bbox 2692 2723 2852 2779; x_wconf 89' lang='lat' dir='ltr'><strong>quam</strong></span> <span class='ocrx_word' id='word_1_446' title='bbox 2893 2705 2996 2762; x_wconf 87' lang='lat' dir='ltr'><strong>rite</strong></span> <span class='ocrx_word' id='word_1_447' title='bbox 3043 2704 3226 2760; x_wconf 79' lang='lat' dir='ltr'><strong>facere</strong></span> <span class='ocrx_word' id='word_1_448' title='bbox 3252 2717 3388 2758; x_wconf 90' lang='lat' dir='ltr'><strong>con-</strong></span> 
     </span>
    </p>
   </div>
   <div class='ocr_carea' id='block_1_58' title="bbox 1814 2787 3387 2870">
    <p class='ocr_par' dir='ltr' id='par_1_58' title="bbox 1814 2787 3387 2870">
     <span class='ocr_line' id='line_1_58' title="bbox 1814 2787 3387 2870; baseline -0.008 -12"><span class='ocrx_word' id='word_1_449' title='bbox 1814 2802 2111 2870; x_wconf 91' lang='lat' dir='ltr'><strong>suevimus,</strong></span> <span class='ocrx_word' id='word_1_450' title='bbox 2165 2802 2409 2856; x_wconf 90' lang='lat' dir='ltr'><strong>dicentes</strong></span> <span class='ocrx_word' id='word_1_451' title='bbox 2442 2818 2459 2857; x_wconf 88' lang='lat'><strong>:</strong></span> <span class='ocrx_word' id='word_1_452' title='bbox 2488 2819 2507 2852; x_wconf 79' lang='grc' dir='ltr'><strong>ι</strong></span> <span class='ocrx_word' id='word_1_453' title='bbox 2542 2800 2829 2856; x_wconf 88' lang='lat' dir='ltr'><strong>Credimus</strong></span> <span class='ocrx_word' id='word_1_454' title='bbox 2873 2800 2927 2853; x_wconf 91' lang='lat' dir='ltr'><strong>in</strong></span> <span class='ocrx_word' id='word_1_455' title='bbox 2954 2797 3124 2852; x_wconf 91' lang='lat' dir='ltr'><strong>Deum</strong></span> <span class='ocrx_word' id='word_1_456' title='bbox 3167 2787 3387 2849; x_wconf 80' lang='lat' dir='ltr'><strong>Patrem</strong></span> 
     </span>
    </p>
   </div>
   <div class='ocr_carea' id='block_1_59' title="bbox 1813 2885 3387 2964">
    <p class='ocr_par' dir='ltr' id='par_1_59' title="bbox 1813 2885 3387 2964">
     <span class='ocr_line' id='line_1_59' title="bbox 1813 2885 3387 2964; baseline -0.006 -16"><span class='ocrx_word' id='word_1_457' title='bbox 1813 2895 2237 2964; x_wconf 87' lang='lat' dir='ltr'><strong>omnipotentem</strong></span> <span class='ocrx_word' id='word_1_458' title='bbox 2265 2910 2280 2957; x_wconf 86' lang='lat'><strong>;</strong></span> <span class='ocrx_word' id='word_1_459' title='bbox 2311 2903 2365 2946; x_wconf 90' lang='lat' dir='ltr'><strong>et</strong></span> <span class='ocrx_word' id='word_1_460' title='bbox 2394 2893 2445 2947; x_wconf 90' lang='lat' dir='ltr'><strong>in</strong></span> <span class='ocrx_word' id='word_1_461' title='bbox 2481 2908 2648 2947; x_wconf 87' lang='lat' dir='ltr'><strong>unum</strong></span> <span class='ocrx_word' id='word_1_462' title='bbox 2697 2891 2985 2946; x_wconf 90' lang='lat' dir='ltr'><strong>Dominum</strong></span> <span class='ocrx_word' id='word_1_463' title='bbox 3011 2886 3196 2943; x_wconf 73' lang='lat' dir='ltr'><strong>.Iesum</strong></span> <span class='ocrx_word' id='word_1_464' title='bbox 3225 2885 3387 2941; x_wconf 83' lang='lat' dir='ltr'><strong>Chri-</strong></span> 
     </span>
    </p>
   </div>
   <div class='ocr_carea' id='block_1_60' title="bbox 1815 2977 3389 3055">
    <p class='ocr_par' dir='ltr' id='par_1_60' title="bbox 1815 2977 3389 3055">
     <span class='ocr_line' id='line_1_60' title="bbox 1815 2977 3389 3055; baseline -0.004 -16"><span class='ocrx_word' id='word_1_465' title='bbox 1815 2993 1961 3039; x_wconf 87' lang='lat' dir='ltr'><strong>stum</strong></span> <span class='ocrx_word' id='word_1_466' title='bbox 1988 2984 2180 3039; x_wconf 90' lang='lat' dir='ltr'><strong>Filium</strong></span> <span class='ocrx_word' id='word_1_467' title='bbox 2215 2983 2352 3053; x_wconf 78' lang='lat' dir='ltr'><strong>ejus,</strong></span> <span class='ocrx_word' id='word_1_468' title='bbox 2382 2993 2430 3037; x_wconf 90' lang='lat' dir='ltr'><strong>et</strong></span> <span class='ocrx_word' id='word_1_469' title='bbox 2464 2984 2515 3037; x_wconf 86' lang='lat' dir='ltr'><strong>in</strong></span> <span class='ocrx_word' id='word_1_470' title='bbox 2549 2982 2808 3055; x_wconf 82' lang='lat' dir='ltr'><strong>Spiritum</strong></span> <span class='ocrx_word' id='word_1_471' title='bbox 2845 2989 3117 3036; x_wconf 89' lang='lat' dir='ltr'><strong>sanctum.</strong></span> <span class='ocrx_word' id='word_1_472' title='bbox 3155 2996 3174 3029; x_wconf 76' lang='grc' dir='ltr'><strong>ι</strong></span> <span class='ocrx_word' id='word_1_473' title='bbox 3201 2977 3389 3047; x_wconf 86' lang='lat' dir='ltr'><strong>Itaque</strong></span> 
     </span>
    </p>
   </div>
   <div class='ocr_carea' id='block_1_61' title="bbox 1814 3072 3385 3145">
    <p class='ocr_par' dir='ltr' id='par_1_61' title="bbox 1814 3072 3385 3145">
     <span class='ocr_line' id='line_1_61' title="bbox 1814 3072 3385 3145; baseline -0.007 -14"><span class='ocrx_word' id='word_1_474' title='bbox 1814 3077 1916 3132; x_wconf 89' lang='lat' dir='ltr'><strong>etsi</strong></span> <span class='ocrx_word' id='word_1_475' title='bbox 1942 3076 2245 3131; x_wconf 84' lang='lat' dir='ltr'><strong>sacerdotio</strong></span> <span class='ocrx_word' id='word_1_476' title='bbox 2306 3075 2453 3145; x_wconf 73' lang='lat' dir='ltr'><strong>iungi</strong></span> <span class='ocrx_word' id='word_1_477' title='bbox 2519 3074 2719 3129; x_wconf 87' lang='lat' dir='ltr'><strong>dicitur</strong></span> <span class='ocrx_word' id='word_1_478' title='bbox 2775 3072 3069 3127; x_wconf 89' lang='lat' dir='ltr'><strong>secundum</strong></span> <span class='ocrx_word' id='word_1_479' title='bbox 3136 3076 3385 3123; x_wconf 88' lang='lat' dir='ltr'><strong>naturam</strong></span> 
     </span>
    </p>
   </div>
   <div class='ocr_carea' id='block_1_62' title="bbox 125 3151 1707 3225">
    <p class='ocr_par' dir='ltr' id='par_1_62' title="bbox 125 3151 1707 3225">
     <span class='ocr_line' id='line_1_62' title="bbox 125 3151 1707 3225; baseline 0.003 -20"><span class='ocrx_word' id='word_1_480' title='bbox 125 3152 327 3206; x_wconf 89' lang='grc' dir='ltr'>νασθαι</span> <span class='ocrx_word' id='word_1_481' title='bbox 350 3152 475 3216; x_wconf 79' lang='grc' dir='ltr'>τοῦς</span> <span class='ocrx_word' id='word_1_482' title='bbox 496 3151 969 3224; x_wconf 76' lang='grc' dir='ltr'>προσερχομένους</span> <span class='ocrx_word' id='word_1_483' title='bbox 985 3152 1052 3206; x_wconf 82' lang='grc' dir='ltr'><strong>δι’</strong></span> <span class='ocrx_word' id='word_1_484' title='bbox 1069 3152 1329 3224; x_wconf 36' lang='grc' dir='ltr'>αὑτοῦκτῷ</span> <span class='ocrx_word' id='word_1_485' title='bbox 1345 3154 1483 3225; x_wconf 84' lang='grc' dir='ltr'>Θεῷ.</span> <span class='ocrx_word' id='word_1_486' title='bbox 1510 3156 1707 3221; x_wconf 78' lang='grc' dir='ltr'>Πιστὸς</span> 
     </span>
    </p>
   </div>
   <div class='ocr_carea' id='block_1_63' title="bbox 121 3243 1705 3318">
    <p class='ocr_par' dir='ltr' id='par_1_63' title="bbox 121 3243 1705 3318">
     <span class='ocr_line' id='line_1_63' title="bbox 121 3243 1705 3318; baseline 0.004 -21"><span class='ocrx_word' id='word_1_487' title='bbox 121 3243 183 3297; x_wconf 71' lang='grc' dir='ltr'>δὲ</span> <span class='ocrx_word' id='word_1_488' title='bbox 216 3243 536 3315; x_wconf 84' lang='grc' dir='ltr'>ὠνόμασται</span> <span class='ocrx_word' id='word_1_489' title='bbox 571 3243 667 3297; x_wconf 77' lang='grc' dir='ltr'>καὶ</span> <span class='ocrx_word' id='word_1_490' title='bbox 692 3244 855 3306; x_wconf 83' lang='grc' dir='ltr'>αὐτὸς</span> <span class='ocrx_word' id='word_1_491' title='bbox 880 3243 910 3296; x_wconf 94' lang='lat'><strong>6</strong></span> <span class='ocrx_word' id='word_1_492' title='bbox 942 3244 1155 3314; x_wconf 80' lang='grc' dir='ltr'>Πατήρ.</span> <span class='ocrx_word' id='word_1_493' title='bbox 1189 3245 1623 3318; x_wconf 84' lang='grc' dir='ltr'>Συγκρινόμενος</span> <span class='ocrx_word' id='word_1_494' title='bbox 1648 3247 1705 3302; x_wconf 80' lang='grc' dir='ltr'><strong>δέ</strong></span> 
     </span>
    </p>
   </div>
   <div class='ocr_carea' id='block_1_64' title="bbox 122 3333 1733 3419">
    <p class='ocr_par' dir='ltr' id='par_1_64' title="bbox 122 3333 1706 3409">
     <span class='ocr_line' id='line_1_64' title="bbox 122 3333 1706 3409; baseline 0.004 -22"><span class='ocrx_word' id='word_1_495' title='bbox 122 3350 248 3399; x_wconf 82' lang='grc' dir='ltr'><strong>πως</strong></span> <span class='ocrx_word' id='word_1_496' title='bbox 276 3338 343 3406; x_wconf 77' lang='grc' dir='ltr'>τῇ</span> <span class='ocrx_word' id='word_1_497' title='bbox 379 3337 626 3399; x_wconf 85' lang='grc' dir='ltr'>Μωσέως</span> <span class='ocrx_word' id='word_1_498' title='bbox 650 3333 898 3405; x_wconf 84' lang='grc' dir='ltr'>διακονίᾳ</span> <span class='ocrx_word' id='word_1_499' title='bbox 926 3334 1070 3387; x_wconf 82' lang='grc' dir='ltr'>κατὰ</span> <span class='ocrx_word' id='word_1_500' title='bbox 1090 3334 1151 3388; x_wconf 91' lang='grc' dir='ltr'><strong>τὸ</strong></span> <span class='ocrx_word' id='word_1_501' title='bbox 1177 3335 1539 3407; x_wconf 81' lang='grc' dir='ltr'>ἀνθρώπινον,</span> <span class='ocrx_word' id='word_1_502' title='bbox 1573 3339 1706 3409; x_wconf 81' lang='grc' dir='ltr'>ὅσην</span> 
     </span>
    </p>
   </div>
   <div class='ocr_carea' id='block_1_65' title="bbox 1814 3333 3389 3419">
    <p class='ocr_par' dir='ltr' id='par_1_65' title="bbox 1814 3340 3389 3419">
     <span class='ocr_line' id='line_1_65' title="bbox 1814 3340 3389 3419; baseline -0.007 -13"><span class='ocrx_word' id='word_1_503' title='bbox 1814 3351 1997 3406; x_wconf 86' lang='lat' dir='ltr'><strong>homo.</strong></span> <span class='ocrx_word' id='word_1_504' title='bbox 2036 3348 2351 3419; x_wconf 81' lang='lat' dir='ltr'><strong>Appellntus</strong></span> <span class='ocrx_word' id='word_1_505' title='bbox 2378 3357 2462 3403; x_wconf 90' lang='lat' dir='ltr'><strong>est</strong></span> <span class='ocrx_word' id='word_1_506' title='bbox 2486 3356 2669 3401; x_wconf 87' lang='lat' dir='ltr'><strong>autem</strong></span> <span class='ocrx_word' id='word_1_507' title='bbox 2702 3344 2896 3409; x_wconf 87' lang='lat' dir='ltr'><strong>ﬁdelis,</strong></span> <span class='ocrx_word' id='word_1_508' title='bbox 2934 3352 3218 3413; x_wconf 89' lang='lat' dir='ltr'><strong>propterea</strong></span> <span class='ocrx_word' id='word_1_509' title='bbox 3243 3340 3389 3410; x_wconf 87' lang='lat' dir='ltr'><strong>quod</strong></span> 
     </span>
    </p>
   </div>
   <div class='ocr_carea' id='block_1_66' title="bbox 120 3422 1733 3513">
    <p class='ocr_par' dir='ltr' id='par_1_66' title="bbox 120 3422 1707 3501">
     <span class='ocr_line' id='line_1_66' title="bbox 120 3422 1707 3501; baseline 0.005 -23"><span class='ocrx_word' id='word_1_510' title='bbox 120 3426 241 3496; x_wconf 80' lang='grc' dir='ltr'>ἔχει</span> <span class='ocrx_word' id='word_1_511' title='bbox 268 3426 368 3499; x_wconf 72' lang='grc' dir='ltr'>τὴν</span> <span class='ocrx_word' id='word_1_512' title='bbox 401 3426 675 3501; x_wconf 80' lang='grc' dir='ltr'>ὑπεροχὴν</span> <span class='ocrx_word' id='word_1_513' title='bbox 708 3428 852 3480; x_wconf 81' lang='grc' dir='ltr'>κατά</span> <span class='ocrx_word' id='word_1_514' title='bbox 875 3442 937 3494; x_wconf 85' lang='grc' dir='ltr'><strong>γε</strong></span> <span class='ocrx_word' id='word_1_515' title='bbox 969 3426 1031 3479; x_wconf 86' lang='grc' dir='ltr'><strong>τὸ</strong></span> <span class='ocrx_word' id='word_1_516' title='bbox 1063 3422 1203 3480; x_wconf 79' lang='grc' dir='ltr'>εἶναι</span> <span class='ocrx_word' id='word_1_517' title='bbox 1239 3426 1393 3491; x_wconf 87' lang='grc' dir='ltr'>Θεὸς,</span> <span class='ocrx_word' id='word_1_518' title='bbox 1434 3429 1707 3501; x_wconf 79' lang='grc' dir='ltr'>ἁναμάθοι</span> 
     </span>
    </p>
   </div>
   <div class='ocr_carea' id='block_1_67' title="bbox 1814 3422 3384 3513">
    <p class='ocr_par' dir='ltr' id='par_1_67' title="bbox 1814 3429 3384 3513">
     <span class='ocr_line' id='line_1_67' title="bbox 1814 3429 3384 3513; baseline -0.011 -13"><span class='ocrx_word' id='word_1_519' title='bbox 1814 3458 2029 3513; x_wconf 85' lang='lat' dir='ltr'><strong>semper</strong></span> <span class='ocrx_word' id='word_1_520' title='bbox 2058 3442 2269 3496; x_wconf 79' lang='lat' dir='ltr'><strong>salvare</strong></span> <span class='ocrx_word' id='word_1_521' title='bbox 2298 3449 2460 3509; x_wconf 89' lang='lat' dir='ltr'><strong>queat</strong></span> <span class='ocrx_word' id='word_1_522' title='bbox 2494 3452 2610 3504; x_wconf 89' lang='lat' dir='ltr'><strong>eos,</strong></span> <span class='ocrx_word' id='word_1_523' title='bbox 2662 3435 2755 3508; x_wconf 89' lang='lat' dir='ltr'><strong>qui</strong></span> <span class='ocrx_word' id='word_1_524' title='bbox 2786 3449 2881 3506; x_wconf 86' lang='lat' dir='ltr'><strong>per</strong></span> <span class='ocrx_word' id='word_1_525' title='bbox 2913 3434 3087 3504; x_wconf 87' lang='lat' dir='ltr'><strong>ipsum</strong></span> <span class='ocrx_word' id='word_1_526' title='bbox 3114 3432 3181 3487; x_wconf 85' lang='lat' dir='ltr'><strong>ad</strong></span> <span class='ocrx_word' id='word_1_527' title='bbox 3211 3429 3384 3485; x_wconf 89' lang='lat' dir='ltr'><strong>Deum</strong></span> 
     </span>
    </p>
   </div>
   <div class='ocr_carea' id='block_1_68' title="bbox 117 3516 1733 3600">
    <p class='ocr_par' dir='ltr' id='par_1_68' title="bbox 117 3516 1709 3593">
     <span class='ocr_line' id='line_1_68' title="bbox 117 3516 1709 3593; baseline 0.004 -23"><span class='ocrx_word' id='word_1_528' title='bbox 117 3534 211 3581; x_wconf 83' lang='grc' dir='ltr'><strong>τις</strong></span> <span class='ocrx_word' id='word_1_529' title='bbox 246 3519 336 3582; x_wconf 85' lang='grc' dir='ltr'>ἂν,</span> <span class='ocrx_word' id='word_1_530' title='bbox 376 3520 472 3574; x_wconf 77' lang='grc' dir='ltr'>καὶ</span> <span class='ocrx_word' id='word_1_531' title='bbox 502 3520 562 3573; x_wconf 82' lang='grc' dir='ltr'><strong>οὐ</strong></span> <span class='ocrx_word' id='word_1_532' title='bbox 591 3520 687 3573; x_wconf 83' lang='grc' dir='ltr'>σὺν</span> <span class='ocrx_word' id='word_1_533' title='bbox 716 3518 901 3588; x_wconf 78' lang='grc' dir='ltr'>ἱδρῶτι</span> <span class='ocrx_word' id='word_1_534' title='bbox 930 3516 1148 3589; x_wconf 83' lang='grc' dir='ltr'>μακρῷ,</span> <span class='ocrx_word' id='word_1_535' title='bbox 1183 3517 1401 3586; x_wconf 75' lang='grc' dir='ltr'>ἐννοῶν,</span> <span class='ocrx_word' id='word_1_536' title='bbox 1428 3520 1510 3573; x_wconf 85' lang='grc' dir='ltr'>ὅτι</span> <span class='ocrx_word' id='word_1_537' title='bbox 1542 3522 1570 3574; x_wconf 88' lang='lat'><strong>6</strong></span> <span class='ocrx_word' id='word_1_538' title='bbox 1608 3520 1709 3593; x_wconf 73' lang='grc' dir='ltr'>μὲν</span> 
     </span>
    </p>
   </div>
   <div class='ocr_carea' id='block_1_69' title="bbox 1814 3516 3385 3600">
    <p class='ocr_par' dir='ltr' id='par_1_69' title="bbox 1816 3519 3385 3600">
     <span class='ocr_line' id='line_1_69' title="bbox 1816 3519 3385 3600; baseline -0.009 -11"><span class='ocrx_word' id='word_1_539' title='bbox 1816 3533 2103 3589; x_wconf 87' lang='lat' dir='ltr'><strong>accedunt.</strong></span> <span class='ocrx_word' id='word_1_540' title='bbox 2159 3528 2318 3600; x_wconf 58' lang='lat'><strong>1&amp;9</strong></span> <span class='ocrx_word' id='word_1_541' title='bbox 2362 3528 2502 3595; x_wconf 87' lang='lat' dir='ltr'><strong>Quin</strong></span> <span class='ocrx_word' id='word_1_542' title='bbox 2548 3537 2604 3584; x_wconf 90' lang='lat' dir='ltr'><strong>et</strong></span> <span class='ocrx_word' id='word_1_543' title='bbox 2642 3527 2756 3597; x_wconf 88' lang='lat' dir='ltr'><strong>ipse</strong></span> <span class='ocrx_word' id='word_1_544' title='bbox 2778 3541 2995 3597; x_wconf 88' lang='lat' dir='ltr'><strong>quoque</strong></span> <span class='ocrx_word' id='word_1_545' title='bbox 3018 3522 3184 3578; x_wconf 87' lang='lat' dir='ltr'><strong>Pater</strong></span> <span class='ocrx_word' id='word_1_546' title='bbox 3210 3519 3385 3575; x_wconf 87' lang='lat' dir='ltr'><strong>ﬁdelis</strong></span> 
     </span>
    </p>
   </div>
   <div class='ocr_carea' id='block_1_70' title="bbox 116 3608 1733 3685">
    <p class='ocr_par' dir='ltr' id='par_1_70' title="bbox 116 3608 1709 3683">
     <span class='ocr_line' id='line_1_70' title="bbox 116 3608 1709 3683; baseline 0.003 -21"><span class='ocrx_word' id='word_1_547' title='bbox 116 3609 200 3672; x_wconf 84' lang='grc' dir='ltr'>ὡς</span> <span class='ocrx_word' id='word_1_548' title='bbox 221 3610 443 3679; x_wconf 85' lang='grc' dir='ltr'>οἰκέτης</span> <span class='ocrx_word' id='word_1_549' title='bbox 472 3610 532 3663; x_wconf 73' lang='grc' dir='ltr'>ὲν</span> <span class='ocrx_word' id='word_1_550' title='bbox 562 3610 640 3681; x_wconf 86' lang='grc' dir='ltr'>τῷ</span> <span class='ocrx_word' id='word_1_551' title='bbox 668 3613 803 3682; x_wconf 74' lang='grc' dir='ltr'>οἴκῳ</span> <span class='ocrx_word' id='word_1_552' title='bbox 834 3612 1043 3674; x_wconf 77' lang='grc' dir='ltr'>πιστὸς,</span> <span class='ocrx_word' id='word_1_553' title='bbox 1066 3611 1095 3663; x_wconf 90' lang='lat'><strong>6</strong></span> <span class='ocrx_word' id='word_1_554' title='bbox 1127 3609 1185 3662; x_wconf 80' lang='grc' dir='ltr'>δὲ</span> <span class='ocrx_word' id='word_1_555' title='bbox 1214 3608 1289 3673; x_wconf 84' lang='grc' dir='ltr'>ὼς</span> <span class='ocrx_word' id='word_1_556' title='bbox 1305 3610 1585 3683; x_wconf 88' lang='grc' dir='ltr'>Δεσπότης</span> <span class='ocrx_word' id='word_1_557' title='bbox 1614 3612 1709 3666; x_wconf 72' lang='grc' dir='ltr'>ιπι</span> 
     </span>
    </p>
   </div>
   <div class='ocr_carea' id='block_1_71' title="bbox 1814 3608 3382 3685">
    <p class='ocr_par' dir='ltr' id='par_1_71' title="bbox 1814 3609 3382 3685">
     <span class='ocr_line' id='line_1_71' title="bbox 1814 3609 3382 3685; baseline -0.009 -8"><span class='ocrx_word' id='word_1_558' title='bbox 1814 3621 2081 3677; x_wconf 88' lang='lat' dir='ltr'><strong>interdum</strong></span> <span class='ocrx_word' id='word_1_559' title='bbox 2135 3634 2382 3677; x_wconf 84' lang='lat' dir='ltr'><strong>vocatur.</strong></span> <span class='ocrx_word' id='word_1_560' title='bbox 2443 3619 2656 3685; x_wconf 84' lang='lat' dir='ltr'><strong>Quanto</strong></span> <span class='ocrx_word' id='word_1_561' title='bbox 2683 3627 2867 3672; x_wconf 89' lang='lat' dir='ltr'><strong>autem</strong></span> <span class='ocrx_word' id='word_1_562' title='bbox 2898 3612 3189 3670; x_wconf 89' lang='lat' dir='ltr'><strong>intervallo</strong></span> <span class='ocrx_word' id='word_1_563' title='bbox 3218 3609 3382 3665; x_wconf 90' lang='lat' dir='ltr'><strong>mini-</strong></span> 
     </span>
    </p>
   </div>
   <div class='ocr_carea' id='block_1_72' title="bbox 116 3699 1733 3774">
    <p class='ocr_par' dir='ltr' id='par_1_72' title="bbox 116 3699 1710 3774">
     <span class='ocr_line' id='line_1_72' title="bbox 116 3699 1710 3774; baseline 0.001 -20"><span class='ocrx_word' id='word_1_564' title='bbox 116 3702 221 3755; x_wconf 81' lang='grc' dir='ltr'><strong>τὸν</strong></span> <span class='ocrx_word' id='word_1_565' title='bbox 258 3699 414 3755; x_wconf 85' lang='grc' dir='ltr'>οἷκον</span> <span class='ocrx_word' id='word_1_566' title='bbox 458 3701 646 3759; x_wconf 80' lang='grc' dir='ltr'>αὐτοῦ.</span> <span class='ocrx_word' id='word_1_567' title='bbox 679 3705 791 3758; x_wconf 68' lang='grc' dir='ltr'><strong>Καὶ</strong></span> <span class='ocrx_word' id='word_1_568' title='bbox 814 3705 898 3757; x_wconf 83' lang='grc' dir='ltr'>ὅτι</span> <span class='ocrx_word' id='word_1_569' title='bbox 923 3700 1020 3755; x_wconf 88' lang='grc' dir='ltr'><strong>τοῦ</strong></span> <span class='ocrx_word' id='word_1_570' title='bbox 1061 3699 1213 3754; x_wconf 76' lang='grc' dir='ltr'>οἴκου</span> <span class='ocrx_word' id='word_1_571' title='bbox 1258 3704 1710 3774; x_wconf 81' lang='grc' dir='ltr'>κατασκευαστὴς</span> 
     </span>
    </p>
   </div>
   <div class='ocr_carea' id='block_1_73' title="bbox 1814 3699 3384 3774">
    <p class='ocr_par' dir='ltr' id='par_1_73' title="bbox 1814 3701 3384 3765">
     <span class='ocr_line' id='line_1_73' title="bbox 1814 3701 3384 3765; baseline -0.007 0"><span class='ocrx_word' id='word_1_572' title='bbox 1814 3711 2037 3765; x_wconf 90' lang='lat' dir='ltr'><strong>stcrium</strong></span> <span class='ocrx_word' id='word_1_573' title='bbox 2090 3710 2233 3765; x_wconf 88' lang='lat' dir='ltr'><strong>illius</strong></span> <span class='ocrx_word' id='word_1_574' title='bbox 2279 3719 2340 3764; x_wconf 93' lang='lat' dir='ltr'><strong>ut</strong></span> <span class='ocrx_word' id='word_1_575' title='bbox 2393 3708 2631 3765; x_wconf 81' lang='lat' dir='ltr'><strong>hominis</strong></span> <span class='ocrx_word' id='word_1_576' title='bbox 2677 3722 2800 3763; x_wconf 90' lang='lat' dir='ltr'><strong>cum</strong></span> <span class='ocrx_word' id='word_1_577' title='bbox 2859 3704 3097 3760; x_wconf 75' lang='lat' dir='ltr'><strong>Mosaico</strong></span> <span class='ocrx_word' id='word_1_578' title='bbox 3130 3701 3384 3757; x_wconf 86' lang='lat' dir='ltr'><strong>collatum</strong></span> 
     </span>
    </p>
   </div>
   <div class='ocr_carea' id='block_1_74' title="bbox 117 3785 1705 3866">
    <p class='ocr_par' dir='ltr' id='par_1_74' title="bbox 117 3785 1705 3866">
     <span class='ocr_line' id='line_1_74' title="bbox 117 3785 1705 3866; baseline -0.001 -18"><span class='ocrx_word' id='word_1_579' title='bbox 117 3796 223 3848; x_wconf 67' lang='grc' dir='ltr'>καὶ</span> <span class='ocrx_word' id='word_1_580' title='bbox 240 3794 576 3863; x_wconf 87' lang='grc' dir='ltr'>δημιουργὸς</span> <span class='ocrx_word' id='word_1_581' title='bbox 596 3799 624 3848; x_wconf 90' lang='lat'><strong>6</strong></span> <span class='ocrx_word' id='word_1_582' title='bbox 656 3794 1012 3866; x_wconf 85' lang='grc' dir='ltr'>Ἐμμανουήλ</span> <span class='ocrx_word' id='word_1_583' title='bbox 1030 3809 1042 3822; x_wconf 66' lang='grc' dir='ltr'><strong>θ</strong></span> <span class='ocrx_word' id='word_1_584' title='bbox 1070 3785 1131 3845; x_wconf 75' lang='grc' dir='ltr'>οὗ</span> <span class='ocrx_word' id='word_1_585' title='bbox 1159 3787 1306 3856; x_wconf 77' lang='grc' dir='ltr'>οἶκός</span> <span class='ocrx_word' id='word_1_586' title='bbox 1332 3795 1499 3863; x_wconf 73' lang='grc' dir='ltr'>ἐσμεν</span> <span class='ocrx_word' id='word_1_587' title='bbox 1524 3796 1705 3865; x_wconf 80' lang='grc' dir='ltr'>ἡμεῖς.</span> 
     </span>
    </p>
   </div>
   <div class='ocr_carea' id='block_1_75' title="bbox 129 3870 1705 3957">
    <p class='ocr_par' dir='ltr' id='par_1_75' title="bbox 129 3870 1705 3957">
     <span class='ocr_line' id='line_1_75' title="bbox 129 3870 1705 3957; baseline 0 -19"><span class='ocrx_word' id='word_1_588' title='bbox 129 3885 503 3957; x_wconf 81' lang='grc' dir='ltr'>Ἀσύγκριτος</span> <span class='ocrx_word' id='word_1_589' title='bbox 523 3885 579 3938; x_wconf 88' lang='grc' dir='ltr'>δὲ</span> <span class='ocrx_word' id='word_1_590' title='bbox 608 3885 840 3955; x_wconf 88' lang='grc' dir='ltr'>Ποιητοῦ</span> <span class='ocrx_word' id='word_1_591' title='bbox 871 3885 1008 3956; x_wconf 88' lang='grc' dir='ltr'>πρὸς</span> <span class='ocrx_word' id='word_1_592' title='bbox 1037 3888 1098 3939; x_wconf 88' lang='grc' dir='ltr'><strong>τὸ</strong></span> <span class='ocrx_word' id='word_1_593' title='bbox 1128 3884 1352 3954; x_wconf 82' lang='grc' dir='ltr'>ποιηθὲν</span> <span class='ocrx_word' id='word_1_594' title='bbox 1386 3886 1421 3955; x_wconf 79' lang='grc' dir='ltr'><strong>η</strong></span> <span class='ocrx_word' id='word_1_595' title='bbox 1450 3870 1705 3955; x_wconf 65' lang='grc' dir='ltr'>διαφορὰ,</span> 
     </span>
    </p>
   </div>
   <div class='ocr_carea' id='block_1_76' title="bbox 113 3973 1710 4049">
    <p class='ocr_par' dir='ltr' id='par_1_76' title="bbox 113 3973 1710 4049">
     <span class='ocr_line' id='line_1_76' title="bbox 113 3973 1710 4049; baseline -0.001 -19"><span class='ocrx_word' id='word_1_596' title='bbox 113 3977 218 4032; x_wconf 78' lang='grc' dir='ltr'>καὶ</span> <span class='ocrx_word' id='word_1_597' title='bbox 256 3976 356 4030; x_wconf 86' lang='grc' dir='ltr'><strong>τοῦ</strong></span> <span class='ocrx_word' id='word_1_598' title='bbox 389 3977 532 4031; x_wconf 85' lang='grc' dir='ltr'>κατὰ</span> <span class='ocrx_word' id='word_1_599' title='bbox 560 3976 723 4045; x_wconf 85' lang='grc' dir='ltr'>φύσιν</span> <span class='ocrx_word' id='word_1_600' title='bbox 749 3977 1021 4031; x_wconf 85' lang='grc' dir='ltr'>Δεσπότου</span> <span class='ocrx_word' id='word_1_601' title='bbox 1050 3976 1190 4049; x_wconf 90' lang='grc' dir='ltr'>πρὸς</span> <span class='ocrx_word' id='word_1_602' title='bbox 1216 3975 1279 4028; x_wconf 89' lang='grc' dir='ltr'><strong>τὸ</strong></span> <span class='ocrx_word' id='word_1_603' title='bbox 1305 3973 1493 4028; x_wconf 90' lang='grc' dir='ltr'>δοῦλον</span> <span class='ocrx_word' id='word_1_604' title='bbox 1517 3985 1541 4014; x_wconf 75' lang='grc' dir='ltr'><strong>ο</strong></span> <span class='ocrx_word' id='word_1_605' title='bbox 1575 3975 1710 4047; x_wconf 78' lang='grc' dir='ltr'>ἀλη-</span> 
     </span>
    </p>
   </div>
   <div class='ocr_carea' id='block_1_77' title="bbox 112 4068 1014 4140">
    <p class='ocr_par' dir='ltr' id='par_1_77' title="bbox 112 4068 1014 4140">
     <span class='ocr_line' id='line_1_77' title="bbox 112 4068 1014 4140; baseline 0.001 -18"><span class='ocrx_word' id='word_1_606' title='bbox 112 4069 232 4133; x_wconf 79' lang='grc' dir='ltr'><strong>θῶς</strong></span> <span class='ocrx_word' id='word_1_607' title='bbox 262 4069 358 4123; x_wconf 72' lang='grc' dir='ltr'>καὶ</span> <span class='ocrx_word' id='word_1_608' title='bbox 393 4070 451 4121; x_wconf 85' lang='grc' dir='ltr'>ὲν</span> <span class='ocrx_word' id='word_1_609' title='bbox 487 4069 673 4138; x_wconf 78' lang='grc' dir='ltr'>ὑφέσει</span> <span class='ocrx_word' id='word_1_610' title='bbox 704 4068 1014 4140; x_wconf 81' lang='grc' dir='ltr'>νοούμενον.</span> 
     </span>
    </p>
   </div>
   <div class='ocr_carea' id='block_1_78' title="bbox 110 4151 3384 4231">
    <p class='ocr_par' dir='ltr' id='par_1_78' title="bbox 110 4151 3384 4231">
     <span class='ocr_line' id='line_1_78' title="bbox 110 4151 3384 4231; baseline -0.002 -17"><span class='ocrx_word' id='word_1_611' title='bbox 110 4160 308 4214; x_wconf 85' lang='lat' dir='ltr'><strong>domui</strong></span> <span class='ocrx_word' id='word_1_612' title='bbox 358 4169 617 4229; x_wconf 83' lang='lat' dir='ltr'><strong>tanquam</strong></span> <span class='ocrx_word' id='word_1_613' title='bbox 667 4161 950 4217; x_wconf 91' lang='lat' dir='ltr'><strong>Dominum</strong></span> <span class='ocrx_word' id='word_1_614' title='bbox 1000 4160 1316 4231; x_wconf 65' lang='lat' dir='ltr'><strong>praefuisse,</strong></span> <span class='ocrx_word' id='word_1_615' title='bbox 1374 4158 1485 4213; x_wconf 91' lang='lat' dir='ltr'><strong>imo</strong></span> <span class='ocrx_word' id='word_1_616' title='bbox 1530 4160 1698 4228; x_wconf 89' lang='lat' dir='ltr'><strong>ipsius</strong></span> <span class='ocrx_word' id='word_1_617' title='bbox 1748 4160 1941 4215; x_wconf 89' lang='lat' dir='ltr'><strong>domus</strong></span> <span class='ocrx_word' id='word_1_618' title='bbox 2000 4161 2354 4215; x_wconf 86' lang='lat' dir='ltr'><strong>architectum</strong></span> <span class='ocrx_word' id='word_1_619' title='bbox 2407 4158 2855 4228; x_wconf 82' lang='lat' dir='ltr'><strong>conditoremque</strong></span> <span class='ocrx_word' id='word_1_620' title='bbox 2926 4151 3240 4220; x_wconf 78' lang='lat' dir='ltr'><strong>exstitisse;</strong></span> <span class='ocrx_word' id='word_1_621' title='bbox 3285 4169 3384 4209; x_wconf 83' lang='lat' dir='ltr'><strong>cu-</strong></span> 
     </span>
    </p>
   </div>
   <div class='ocr_carea' id='block_1_79' title="bbox 102 4248 3383 4319">
    <p class='ocr_par' dir='ltr' id='par_1_79' title="bbox 102 4248 3383 4319">
     <span class='ocr_line' id='line_1_79' title="bbox 102 4248 3383 4319; baseline -0 -16"><span class='ocrx_word' id='word_1_622' title='bbox 102 4251 199 4318; x_wconf 80' lang='lat' dir='ltr'><strong>jus</strong></span> <span class='ocrx_word' id='word_1_623' title='bbox 234 4250 461 4319; x_wconf 89' lang='lat' dir='ltr'><strong>quidem</strong></span> <span class='ocrx_word' id='word_1_624' title='bbox 511 4252 703 4306; x_wconf 89' lang='lat' dir='ltr'><strong>domus</strong></span> <span class='ocrx_word' id='word_1_625' title='bbox 740 4267 840 4305; x_wconf 88' lang='lat' dir='ltr'><strong>nos</strong></span> <span class='ocrx_word' id='word_1_626' title='bbox 878 4267 1089 4306; x_wconf 87' lang='lat' dir='ltr'><strong>sumus.</strong></span> <span class='ocrx_word' id='word_1_627' title='bbox 1140 4251 1298 4306; x_wconf 71' lang='lat' dir='ltr'><strong>Nulla</strong></span> <span class='ocrx_word' id='word_1_628' title='bbox 1365 4267 1494 4305; x_wconf 86' lang='lat' dir='ltr'><strong>vero</strong></span> <span class='ocrx_word' id='word_1_629' title='bbox 1527 4254 1863 4319; x_wconf 84' lang='lat' dir='ltr'><strong>comparatio</strong></span> <span class='ocrx_word' id='word_1_630' title='bbox 1933 4253 2231 4306; x_wconf 83' lang='lat' dir='ltr'><strong>intercedet</strong></span> <span class='ocrx_word' id='word_1_631' title='bbox 2298 4253 2440 4306; x_wconf 89' lang='lat' dir='ltr'><strong>inter</strong></span> <span class='ocrx_word' id='word_1_632' title='bbox 2482 4265 2571 4306; x_wconf 87' lang='lat' dir='ltr'><strong>res</strong></span> <span class='ocrx_word' id='word_1_633' title='bbox 2611 4252 2855 4305; x_wconf 86' lang='lat' dir='ltr'><strong>conditas</strong></span> <span class='ocrx_word' id='word_1_634' title='bbox 2896 4259 2953 4305; x_wconf 91' lang='lat' dir='ltr'><strong>et</strong></span> <span class='ocrx_word' id='word_1_635' title='bbox 2991 4248 3383 4306; x_wconf 87' lang='lat' dir='ltr'><strong>Conditorem:</strong></span> 
     </span>
    </p>
   </div>
   <div class='ocr_carea' id='block_1_80' title="bbox 107 4342 3391 4415">
    <p class='ocr_par' dir='ltr' id='par_1_80' title="bbox 107 4342 3391 4415">
     <span class='ocr_line' id='line_1_80' title="bbox 107 4342 3391 4415; baseline 0 -19"><span class='ocrx_word' id='word_1_636' title='bbox 107 4342 267 4396; x_wconf 83' lang='lat' dir='ltr'><strong>inter</strong></span> <span class='ocrx_word' id='word_1_637' title='bbox 291 4357 422 4396; x_wconf 92' lang='lat' dir='ltr'><strong>eum</strong></span> <span class='ocrx_word' id='word_1_638' title='bbox 456 4357 695 4405; x_wconf 89' lang='lat' dir='ltr'><strong>rursum,</strong></span> <span class='ocrx_word' id='word_1_639' title='bbox 731 4343 821 4410; x_wconf 90' lang='lat' dir='ltr'><strong>qui</strong></span> <span class='ocrx_word' id='word_1_640' title='bbox 853 4353 1042 4413; x_wconf 89' lang='lat' dir='ltr'><strong>suapte</strong></span> <span class='ocrx_word' id='word_1_641' title='bbox 1080 4355 1271 4397; x_wconf 88' lang='lat' dir='ltr'><strong>natura</strong></span> <span class='ocrx_word' id='word_1_642' title='bbox 1300 4346 1558 4399; x_wconf 84' lang='lat' dir='ltr'><strong>Dominus</strong></span> <span class='ocrx_word' id='word_1_643' title='bbox 1583 4355 1689 4405; x_wconf 86' lang='lat' dir='ltr'><strong>est.</strong></span> <span class='ocrx_word' id='word_1_644' title='bbox 1733 4355 1788 4399; x_wconf 94' lang='lat' dir='ltr'><strong>et</strong></span> <span class='ocrx_word' id='word_1_645' title='bbox 1816 4360 1938 4399; x_wconf 88' lang='lat' dir='ltr'><strong>eum</strong></span> <span class='ocrx_word' id='word_1_646' title='bbox 1974 4346 2064 4415; x_wconf 86' lang='lat' dir='ltr'><strong>qui</strong></span> <span class='ocrx_word' id='word_1_647' title='bbox 2102 4360 2230 4401; x_wconf 91' lang='lat' dir='ltr'><strong>vere</strong></span> <span class='ocrx_word' id='word_1_648' title='bbox 2261 4359 2453 4400; x_wconf 87' lang='lat' dir='ltr'><strong>servus</strong></span> <span class='ocrx_word' id='word_1_649' title='bbox 2512 4353 2567 4399; x_wconf 91' lang='lat' dir='ltr'><strong>et</strong></span> <span class='ocrx_word' id='word_1_650' title='bbox 2591 4344 2862 4400; x_wconf 88' lang='lat' dir='ltr'><strong>subditus.</strong></span> <span class='ocrx_word' id='word_1_651' title='bbox 3387 4404 3391 4412; x_wconf 44' lang='grc'><strong>,</strong></span> 
     </span>
    </p>
   </div>
   <div class='ocr_carea' id='block_1_81' title="bbox 184 4433 1733 4507">
    <p class='ocr_par' dir='ltr' id='par_1_81' title="bbox 184 4434 1711 4507">
     <span class='ocr_line' id='line_1_81' title="bbox 184 4434 1711 4507; baseline -0.001 -16"><span class='ocrx_word' id='word_1_652' title='bbox 184 4435 323 4491; x_wconf 83' lang='grc' dir='ltr'><strong>ΚΖ’.</strong></span> <span class='ocrx_word' id='word_1_653' title='bbox 375 4454 395 4486; x_wconf 86' lang='grc'><em>‹</em></span> <span class='ocrx_word' id='word_1_654' title='bbox 437 4436 561 4490; x_wconf 78' lang='grc' dir='ltr'><strong>Ὀτι</strong></span> <span class='ocrx_word' id='word_1_655' title='bbox 592 4436 948 4506; x_wconf 80' lang='grc' dir='ltr'>καταϐέϐηκα</span> <span class='ocrx_word' id='word_1_656' title='bbox 985 4438 1049 4490; x_wconf 85' lang='grc' dir='ltr'>ὲκ</span> <span class='ocrx_word' id='word_1_657' title='bbox 1080 4434 1176 4489; x_wconf 85' lang='grc' dir='ltr'><strong>τοῦ</strong></span> <span class='ocrx_word' id='word_1_658' title='bbox 1220 4434 1452 4507; x_wconf 78' lang='grc' dir='ltr'>ούρανοῦ</span> <span class='ocrx_word' id='word_1_659' title='bbox 1495 4436 1596 4507; x_wconf 83' lang='grc' dir='ltr'><strong>οὐχ</strong></span> <span class='ocrx_word' id='word_1_660' title='bbox 1626 4436 1711 4490; x_wconf 77' lang='grc' dir='ltr'>ἵνα</span> 
     </span>
    </p>
   </div>
   <div class='ocr_carea' id='block_1_82' title="bbox 1814 4433 3386 4507">
    <p class='ocr_par' dir='ltr' id='par_1_82' title="bbox 1887 4433 3386 4503">
     <span class='ocr_line' id='line_1_82' title="bbox 1887 4433 3386 4503; baseline -0.001 -13"><span class='ocrx_word' id='word_1_661' title='bbox 1887 4436 2097 4491; x_wconf 80' lang='lat' dir='ltr'><strong>XXVII.</strong></span> <span class='ocrx_word' id='word_1_662' title='bbox 2142 4456 2160 4489; x_wconf 77' lang='grc' dir='ltr'><strong>ι</strong></span> <span class='ocrx_word' id='word_1_663' title='bbox 2191 4438 2327 4503; x_wconf 82' lang='lat' dir='ltr'><strong>Quia</strong></span> <span class='ocrx_word' id='word_1_664' title='bbox 2358 4435 2615 4492; x_wconf 88' lang='lat' dir='ltr'><strong>descendi</strong></span> <span class='ocrx_word' id='word_1_665' title='bbox 2664 4435 2730 4488; x_wconf 90' lang='lat' dir='ltr'><strong>de</strong></span> <span class='ocrx_word' id='word_1_666' title='bbox 2775 4436 2948 4497; x_wconf 63' lang='lat' dir='ltr'><strong>coelo,</strong></span> <span class='ocrx_word' id='word_1_667' title='bbox 2969 4449 3074 4488; x_wconf 92' lang='lat' dir='ltr'><strong>non</strong></span> <span class='ocrx_word' id='word_1_668' title='bbox 3107 4443 3165 4485; x_wconf 89' lang='lat' dir='ltr'><strong>ut</strong></span> <span class='ocrx_word' id='word_1_669' title='bbox 3191 4433 3386 4489; x_wconf 80' lang='lat' dir='ltr'><strong>faciam</strong></span> 
     </span>
    </p>
   </div>
   <div class='ocr_carea' id='block_1_83' title="bbox 107 4524 1733 4598">
    <p class='ocr_par' dir='ltr' id='par_1_83' title="bbox 107 4525 1708 4598">
     <span class='ocr_line' id='line_1_83' title="bbox 107 4525 1708 4598; baseline 0.001 -18"><span class='ocrx_word' id='word_1_670' title='bbox 107 4527 267 4581; x_wconf 86' lang='grc' dir='ltr'>ποιῶ</span> <span class='ocrx_word' id='word_1_671' title='bbox 298 4526 365 4580; x_wconf 85' lang='grc' dir='ltr'><strong>τὸ</strong></span> <span class='ocrx_word' id='word_1_672' title='bbox 397 4525 609 4598; x_wconf 80' lang='grc' dir='ltr'>θέλημα</span> <span class='ocrx_word' id='word_1_673' title='bbox 636 4527 697 4580; x_wconf 82' lang='grc' dir='ltr'><strong>τὸ</strong></span> <span class='ocrx_word' id='word_1_674' title='bbox 729 4527 882 4598; x_wconf 66' lang='grc' dir='ltr'>ἐμὸν,</span> <span class='ocrx_word' id='word_1_675' title='bbox 920 4526 1058 4581; x_wconf 79' lang='grc' dir='ltr'>ἀλλὰ</span> <span class='ocrx_word' id='word_1_676' title='bbox 1096 4527 1158 4579; x_wconf 92' lang='grc' dir='ltr'><strong>τὸ</strong></span> <span class='ocrx_word' id='word_1_677' title='bbox 1202 4525 1413 4595; x_wconf 87' lang='grc' dir='ltr'>θέλημα</span> <span class='ocrx_word' id='word_1_678' title='bbox 1440 4526 1532 4580; x_wconf 93' lang='grc' dir='ltr'><strong>τοῦ</strong></span> <span class='ocrx_word' id='word_1_679' title='bbox 1568 4527 1708 4598; x_wconf 78' lang='grc' dir='ltr'>πέμ-</span> 
     </span>
    </p>
   </div>
   <div class='ocr_carea' id='block_1_84' title="bbox 1814 4524 3389 4598">
    <p class='ocr_par' dir='ltr' id='par_1_84' title="bbox 1814 4524 3389 4595">
     <span class='ocr_line' id='line_1_84' title="bbox 1814 4524 3389 4595; baseline 0.001 -16"><span class='ocrx_word' id='word_1_680' title='bbox 1814 4529 2145 4582; x_wconf 88' lang='lat' dir='ltr'><strong>voluntatem</strong></span> <span class='ocrx_word' id='word_1_681' title='bbox 2188 4543 2387 4588; x_wconf 87' lang='lat' dir='ltr'><strong>meam.</strong></span> <span class='ocrx_word' id='word_1_682' title='bbox 2434 4529 2528 4581; x_wconf 90' lang='lat' dir='ltr'><strong>sed</strong></span> <span class='ocrx_word' id='word_1_683' title='bbox 2583 4526 2916 4579; x_wconf 87' lang='lat' dir='ltr'><strong>voluntatem</strong></span> <span class='ocrx_word' id='word_1_684' title='bbox 2959 4524 3077 4594; x_wconf 83' lang='lat' dir='ltr'><strong>ejus</strong></span> <span class='ocrx_word' id='word_1_685' title='bbox 3117 4525 3207 4595; x_wconf 90' lang='lat' dir='ltr'><strong>qui</strong></span> <span class='ocrx_word' id='word_1_686' title='bbox 3240 4524 3389 4581; x_wconf 81' lang='lat' dir='ltr'><strong>misit</strong></span> 
     </span>
    </p>
   </div>
   <div class='ocr_carea' id='block_1_85' title="bbox 101 4615 1733 4689">
    <p class='ocr_par' dir='ltr' id='par_1_85' title="bbox 101 4617 1706 4689">
     <span class='ocr_line' id='line_1_85' title="bbox 101 4617 1706 4689; baseline 0.001 -17"><span class='ocrx_word' id='word_1_687' title='bbox 101 4618 328 4688; x_wconf 79' lang='grc' dir='ltr'>ψαντός</span> <span class='ocrx_word' id='word_1_688' title='bbox 355 4634 449 4687; x_wconf 78' lang='grc' dir='ltr'><strong>με.</strong></span> <span class='ocrx_word' id='word_1_689' title='bbox 479 4617 648 4671; x_wconf 84' lang='grc' dir='ltr'>Τοῦτο</span> <span class='ocrx_word' id='word_1_690' title='bbox 691 4618 737 4673; x_wconf 84' lang='grc' dir='ltr'>δ’</span> <span class='ocrx_word' id='word_1_691' title='bbox 774 4618 895 4672; x_wconf 69' lang='grc' dir='ltr'>ἐστὶ</span> <span class='ocrx_word' id='word_1_692' title='bbox 933 4617 995 4672; x_wconf 90' lang='grc' dir='ltr'><strong>τὸ</strong></span> <span class='ocrx_word' id='word_1_693' title='bbox 1023 4617 1236 4687; x_wconf 82' lang='grc' dir='ltr'>θέλημα</span> <span class='ocrx_word' id='word_1_694' title='bbox 1262 4617 1357 4671; x_wconf 85' lang='grc' dir='ltr'><strong>τοῦ</strong></span> <span class='ocrx_word' id='word_1_695' title='bbox 1393 4618 1706 4689; x_wconf 82' lang='grc' dir='ltr'>πέμψαντός</span> 
     </span>
    </p>
   </div>
   <div class='ocr_carea' id='block_1_86' title="bbox 1814 4615 3389 4689">
    <p class='ocr_par' dir='ltr' id='par_1_86' title="bbox 1816 4615 3389 4685">
     <span class='ocr_line' id='line_1_86' title="bbox 1816 4615 3389 4685; baseline -0.001 -13"><span class='ocrx_word' id='word_1_696' title='bbox 1816 4633 1922 4672; x_wconf 92' lang='lat' dir='ltr'><strong>me.</strong></span> <span class='ocrx_word' id='word_1_697' title='bbox 1955 4617 2080 4671; x_wconf 69' lang='lat' dir='ltr'><strong>llaec</strong></span> <span class='ocrx_word' id='word_1_698' title='bbox 2108 4627 2194 4672; x_wconf 88' lang='lat' dir='ltr'><strong>est</strong></span> <span class='ocrx_word' id='word_1_699' title='bbox 2221 4628 2403 4671; x_wconf 89' lang='lat' dir='ltr'><strong>autem</strong></span> <span class='ocrx_word' id='word_1_700' title='bbox 2447 4616 2697 4671; x_wconf 86' lang='lat' dir='ltr'><strong>voluntas</strong></span> <span class='ocrx_word' id='word_1_701' title='bbox 2726 4615 2844 4685; x_wconf 88' lang='lat' dir='ltr'><strong>ejus</strong></span> <span class='ocrx_word' id='word_1_702' title='bbox 2872 4615 2963 4685; x_wconf 87' lang='lat' dir='ltr'><strong>qui</strong></span> <span class='ocrx_word' id='word_1_703' title='bbox 2995 4616 3148 4670; x_wconf 87' lang='lat' dir='ltr'><strong>misit</strong></span> <span class='ocrx_word' id='word_1_704' title='bbox 3175 4630 3263 4671; x_wconf 90' lang='lat' dir='ltr'><strong>me</strong></span> <span class='ocrx_word' id='word_1_705' title='bbox 3284 4615 3389 4671; x_wconf 81' lang='lat' dir='ltr'><strong>Pa-</strong></span> 
     </span>
    </p>
   </div>
   <div class='ocr_carea' id='block_1_87' title="bbox 104 4706 1733 4779">
    <p class='ocr_par' dir='ltr' id='par_1_87' title="bbox 104 4706 1705 4779">
     <span class='ocr_line' id='line_1_87' title="bbox 104 4706 1705 4779; baseline 0.001 -20"><span class='ocrx_word' id='word_1_706' title='bbox 104 4725 209 4779; x_wconf 80' lang='grc' dir='ltr'><strong>με,</strong></span> <span class='ocrx_word' id='word_1_707' title='bbox 252 4707 350 4760; x_wconf 77' lang='grc' dir='ltr'>ινα</span> <span class='ocrx_word' id='word_1_708' title='bbox 386 4708 496 4762; x_wconf 84' lang='grc' dir='ltr'>πᾶν</span> <span class='ocrx_word' id='word_1_709' title='bbox 534 4708 563 4761; x_wconf 87' lang='lat'><strong>6</strong></span> <span class='ocrx_word' id='word_1_710' title='bbox 608 4707 808 4761; x_wconf 82' lang='grc' dir='ltr'>δέδωκέ</span> <span class='ocrx_word' id='word_1_711' title='bbox 848 4724 960 4777; x_wconf 88' lang='grc' dir='ltr'>μοι,</span> <span class='ocrx_word' id='word_1_712' title='bbox 1006 4706 1081 4778; x_wconf 82' lang='grc' dir='ltr'>μὴ</span> <span class='ocrx_word' id='word_1_713' title='bbox 1122 4707 1373 4761; x_wconf 81' lang='grc' dir='ltr'>ἀπολέσω</span> <span class='ocrx_word' id='word_1_714' title='bbox 1414 4708 1474 4774; x_wconf 74' lang='grc' dir='ltr'><strong>ἐξ</strong></span> <span class='ocrx_word' id='word_1_715' title='bbox 1519 4707 1705 4773; x_wconf 84' lang='grc' dir='ltr'>αὐτοῦ,</span> 
     </span>
    </p>
   </div>
   <div class='ocr_carea' id='block_1_88' title="bbox 1814 4706 3387 4779">
    <p class='ocr_par' dir='ltr' id='par_1_88' title="bbox 1817 4707 3387 4778">
     <span class='ocr_line' id='line_1_88' title="bbox 1817 4707 3387 4778; baseline 0.001 -16"><span class='ocrx_word' id='word_1_716' title='bbox 1817 4710 1935 4771; x_wconf 85' lang='lat' dir='ltr'><strong>tris,</strong></span> <span class='ocrx_word' id='word_1_717' title='bbox 1978 4719 2038 4761; x_wconf 86' lang='lat' dir='ltr'><strong>ut</strong></span> <span class='ocrx_word' id='word_1_718' title='bbox 2071 4724 2234 4764; x_wconf 79' lang='lat' dir='ltr'><strong>omne</strong></span> <span class='ocrx_word' id='word_1_719' title='bbox 2270 4709 2415 4778; x_wconf 86' lang='lat' dir='ltr'><strong>quod</strong></span> <span class='ocrx_word' id='word_1_720' title='bbox 2445 4708 2592 4763; x_wconf 87' lang='lat' dir='ltr'><strong>dedit</strong></span> <span class='ocrx_word' id='word_1_721' title='bbox 2622 4707 2777 4772; x_wconf 90' lang='lat' dir='ltr'><strong>mihi,</strong></span> <span class='ocrx_word' id='word_1_722' title='bbox 2809 4722 2913 4762; x_wconf 92' lang='lat' dir='ltr'><strong>nou</strong></span> <span class='ocrx_word' id='word_1_723' title='bbox 2950 4708 3172 4775; x_wconf 87' lang='lat' dir='ltr'><strong>perdam</strong></span> <span class='ocrx_word' id='word_1_724' title='bbox 3202 4723 3269 4761; x_wconf 81' lang='lat' dir='ltr'><strong>ex</strong></span> <span class='ocrx_word' id='word_1_725' title='bbox 3298 4722 3387 4773; x_wconf 84' lang='lat' dir='ltr'><strong>eo,</strong></span> 
     </span>
    </p>
   </div>
   <div class='ocr_carea' id='block_1_89' title="bbox 99 4796 1733 4869">
    <p class='ocr_par' dir='ltr' id='par_1_89' title="bbox 99 4797 1709 4869">
     <span class='ocr_line' id='line_1_89' title="bbox 99 4797 1709 4869; baseline -0.002 -14"><span class='ocrx_word' id='word_1_726' title='bbox 99 4800 260 4856; x_wconf 79' lang='grc' dir='ltr'>ἀλλὰ</span> <span class='ocrx_word' id='word_1_727' title='bbox 293 4800 596 4869; x_wconf 83' lang='grc' dir='ltr'>ἀναστήσω</span> <span class='ocrx_word' id='word_1_728' title='bbox 634 4798 767 4852; x_wconf 77' lang='grc' dir='ltr'>αὐτὸ</span> <span class='ocrx_word' id='word_1_729' title='bbox 792 4800 850 4851; x_wconf 81' lang='grc' dir='ltr'>ὲν</span> <span class='ocrx_word' id='word_1_730' title='bbox 878 4801 942 4869; x_wconf 80' lang='grc' dir='ltr'><strong>τῇ</strong></span> <span class='ocrx_word' id='word_1_731' title='bbox 972 4797 1174 4869; x_wconf 80' lang='grc' dir='ltr'>ἐσχάτῃ</span> <span class='ocrx_word' id='word_1_732' title='bbox 1210 4797 1411 4869; x_wconf 76' lang='grc' dir='ltr'>ἡμέρᾳ.</span> <span class='ocrx_word' id='word_1_733' title='bbox 1457 4816 1478 4851; x_wconf 70' lang='grc' dir='ltr'><strong>ι</strong></span> <span class='ocrx_word' id='word_1_734' title='bbox 1523 4799 1709 4851; x_wconf 81' lang='grc' dir='ltr'>Κατα-</span> 
     </span>
    </p>
   </div>
   <div class='ocr_carea' id='block_1_90' title="bbox 1814 4796 3391 4869">
    <p class='ocr_par' dir='ltr' id='par_1_90' title="bbox 1815 4796 3391 4867">
     <span class='ocr_line' id='line_1_90' title="bbox 1815 4796 3391 4867; baseline 0.002 -13"><span class='ocrx_word' id='word_1_735' title='bbox 1815 4802 1907 4854; x_wconf 85' lang='lat' dir='ltr'><strong>sed</strong></span> <span class='ocrx_word' id='word_1_736' title='bbox 1933 4802 2249 4857; x_wconf 86' lang='lat' dir='ltr'><strong>resuscitem</strong></span> <span class='ocrx_word' id='word_1_737' title='bbox 2293 4802 2420 4856; x_wconf 91' lang='lat' dir='ltr'><strong>illud</strong></span> <span class='ocrx_word' id='word_1_738' title='bbox 2462 4801 2517 4854; x_wconf 91' lang='lat' dir='ltr'><strong>in</strong></span> <span class='ocrx_word' id='word_1_739' title='bbox 2558 4796 2854 4854; x_wconf 84' lang='lat' dir='ltr'><strong>novissimo</strong></span> <span class='ocrx_word' id='word_1_740' title='bbox 2886 4798 2974 4854; x_wconf 89' lang='lat' dir='ltr'><strong>die</strong></span> <span class='ocrx_word' id='word_1_741' title='bbox 2996 4799 3067 4855; x_wconf 76' lang='lat'><strong>“.</strong></span> <span class='ocrx_word' id='word_1_742' title='bbox 3098 4818 3118 4853; x_wconf 72' lang='grc' dir='ltr'><strong>ι</strong></span> <span class='ocrx_word' id='word_1_743' title='bbox 3157 4799 3391 4867; x_wconf 72' lang='grc' dir='ltr'>Οωιὶιιιε</span> 
     </span>
    </p>
   </div>
   <div class='ocr_carea' id='block_1_91' title="bbox 101 4889 1733 4962">
    <p class='ocr_par' dir='ltr' id='par_1_91' title="bbox 101 4889 1710 4961">
     <span class='ocr_line' id='line_1_91' title="bbox 101 4889 1710 4961; baseline -0.002 -15"><span class='ocrx_word' id='word_1_744' title='bbox 101 4889 288 4960; x_wconf 76' lang='grc' dir='ltr'>ϐῆναί</span> <span class='ocrx_word' id='word_1_745' title='bbox 328 4906 500 4960; x_wconf 84' lang='grc' dir='ltr'>φησιν</span> <span class='ocrx_word' id='word_1_746' title='bbox 524 4890 716 4943; x_wconf 77' lang='grc' dir='ltr'>ἑαυτὸν</span> <span class='ocrx_word' id='word_1_747' title='bbox 749 4890 809 4954; x_wconf 75' lang='grc' dir='ltr'>εξ</span> <span class='ocrx_word' id='word_1_748' title='bbox 831 4889 1082 4961; x_wconf 83' lang='grc' dir='ltr'>οὐρανοῦ,</span> <span class='ocrx_word' id='word_1_749' title='bbox 1110 4889 1449 4943; x_wconf 76' lang='grc' dir='ltr'>ἀπεστάλθαι</span> <span class='ocrx_word' id='word_1_750' title='bbox 1469 4905 1528 4941; x_wconf 87' lang='grc' dir='ltr'><strong>τε</strong></span> <span class='ocrx_word' id='word_1_751' title='bbox 1559 4889 1710 4961; x_wconf 83' lang='grc' dir='ltr'>παρὰ</span> 
     </span>
    </p>
   </div>
   <div class='ocr_carea' id='block_1_92' title="bbox 1814 4889 3390 4962">
    <p class='ocr_par' dir='ltr' id='par_1_92' title="bbox 1815 4891 3390 4962">
     <span class='ocr_line' id='line_1_92' title="bbox 1815 4891 3390 4962; baseline 0.001 -17"><span class='ocrx_word' id='word_1_752' title='bbox 1815 4905 1875 4945; x_wconf 91' lang='lat' dir='ltr'><strong>se</strong></span> <span class='ocrx_word' id='word_1_753' title='bbox 1900 4893 2267 4959; x_wconf 83' lang='lat' dir='ltr'><strong>descendisse,</strong></span> <span class='ocrx_word' id='word_1_754' title='bbox 2306 4902 2468 4962; x_wconf 88' lang='lat' dir='ltr'><strong>atque</strong></span> <span class='ocrx_word' id='word_1_755' title='bbox 2508 4908 2537 4945; x_wconf 86' lang='lat' dir='ltr'><strong>a</strong></span> <span class='ocrx_word' id='word_1_756' title='bbox 2576 4891 2682 4947; x_wconf 88' lang='lat' dir='ltr'><strong>Deo</strong></span> <span class='ocrx_word' id='word_1_757' title='bbox 2722 4891 2884 4945; x_wconf 86' lang='lat' dir='ltr'><strong>Patre</strong></span> <span class='ocrx_word' id='word_1_758' title='bbox 2906 4906 2965 4945; x_wconf 91' lang='lat' dir='ltr'><strong>se</strong></span> <span class='ocrx_word' id='word_1_759' title='bbox 2990 4891 3212 4946; x_wconf 87' lang='lat' dir='ltr'><strong>missum</strong></span> <span class='ocrx_word' id='word_1_760' title='bbox 3238 4905 3390 4946; x_wconf 86' lang='lat' dir='ltr'><strong>asse-</strong></span> 
     </span>
    </p>
   </div>
   <div class='ocr_carea' id='block_1_93' title="bbox 98 4976 1733 5051">
    <p class='ocr_par' dir='ltr' id='par_1_93' title="bbox 98 4978 1709 5051">
     <span class='ocr_line' id='line_1_93' title="bbox 98 4978 1709 5051; baseline -0.002 -16"><span class='ocrx_word' id='word_1_761' title='bbox 98 4980 209 5035; x_wconf 85' lang='grc' dir='ltr'><strong>τοῦ</strong></span> <span class='ocrx_word' id='word_1_762' title='bbox 260 4978 413 5033; x_wconf 83' lang='grc' dir='ltr'>Θεοῦ</span> <span class='ocrx_word' id='word_1_763' title='bbox 459 4981 555 5033; x_wconf 76' lang='grc' dir='ltr'>καὶ</span> <span class='ocrx_word' id='word_1_764' title='bbox 593 4980 825 5051; x_wconf 79' lang='grc' dir='ltr'>Πατρὸς,</span> <span class='ocrx_word' id='word_1_765' title='bbox 879 4982 1056 5034; x_wconf 84' lang='grc' dir='ltr'>καίτοι</span> <span class='ocrx_word' id='word_1_766' title='bbox 1101 4982 1171 5034; x_wconf 80' lang='grc' dir='ltr'>τὰ</span> <span class='ocrx_word' id='word_1_767' title='bbox 1218 4982 1395 5035; x_wconf 76' lang='grc' dir='ltr'>πάντα</span> <span class='ocrx_word' id='word_1_768' title='bbox 1450 4980 1709 5050; x_wconf 80' lang='grc' dir='ltr'>πληρῶν·</span> 
     </span>
    </p>
   </div>
   <div class='ocr_carea' id='block_1_94' title="bbox 1814 4976 3391 5051">
    <p class='ocr_par' dir='ltr' id='par_1_94' title="bbox 1817 4976 3391 5051">
     <span class='ocr_line' id='line_1_94' title="bbox 1817 4976 3391 5051; baseline -0.001 -14"><span class='ocrx_word' id='word_1_769' title='bbox 1817 4983 1912 5045; x_wconf 86' lang='lat' dir='ltr'><strong>rit,</strong></span> <span class='ocrx_word' id='word_1_770' title='bbox 1956 4982 2121 5036; x_wconf 88' lang='lat' dir='ltr'><strong>etiam</strong></span> <span class='ocrx_word' id='word_1_771' title='bbox 2166 4984 2213 5037; x_wconf 81' lang='lat' dir='ltr'><strong>si</strong></span> <span class='ocrx_word' id='word_1_772' title='bbox 2267 4982 2491 5051; x_wconf 82' lang='lat' dir='ltr'><strong>impleat</strong></span> <span class='ocrx_word' id='word_1_773' title='bbox 2530 4981 2711 5035; x_wconf 88' lang='lat' dir='ltr'><strong>omnia</strong></span> <span class='ocrx_word' id='word_1_774' title='bbox 2755 4998 2767 5033; x_wconf 94' lang='lat'>:</span> <span class='ocrx_word' id='word_1_775' title='bbox 2830 4981 2963 5036; x_wconf 92' lang='lat' dir='ltr'><strong>illud</strong></span> <span class='ocrx_word' id='word_1_776' title='bbox 3007 4976 3303 5045; x_wconf 89' lang='lat' dir='ltr'><strong>omnibus,</strong></span> <span class='ocrx_word' id='word_1_777' title='bbox 3332 4992 3391 5035; x_wconf 88' lang='lat' dir='ltr'><strong>ut</strong></span> 
     </span>
    </p>
   </div>
   <div class='ocr_carea' id='block_1_95' title="bbox 99 5062 1714 5138">
    <p class='ocr_par' dir='ltr' id='par_1_95' title="bbox 99 5062 1714 5138">
     <span class='ocr_line' id='line_1_95' title="bbox 99 5062 1714 5138; baseline -0.001 -14"><span class='ocrx_word' id='word_1_778' title='bbox 99 5072 328 5135; x_wconf 67' lang='grc' dir='ltr'>ἐκεῖνο,</span> <span class='ocrx_word' id='word_1_779' title='bbox 370 5062 566 5138; x_wconf 76' lang='grc' dir='ltr'>οἶμαι,</span> <span class='ocrx_word' id='word_1_780' title='bbox 624 5070 1012 5134; x_wconf 78' lang='grc' dir='ltr'>καταδεικνὺς,</span> <span class='ocrx_word' id='word_1_781' title='bbox 1060 5071 1153 5125; x_wconf 72' lang='grc' dir='ltr'>καὶ</span> <span class='ocrx_word' id='word_1_782' title='bbox 1193 5070 1456 5131; x_wconf 73' lang='grc' dir='ltr'>καθιστὰς</span> <span class='ocrx_word' id='word_1_783' title='bbox 1509 5070 1714 5123; x_wconf 72' lang='grc' dir='ltr'>ἅπασιν</span> 
     </span>
    </p>
   </div>
   <div class='ocr_carea' id='block_1_96' title="bbox 98 5159 1713 5231">
    <p class='ocr_par' dir='ltr' id='par_1_96' title="bbox 98 5159 1713 5231">
     <span class='ocr_line' id='line_1_96' title="bbox 98 5159 1713 5231; baseline -0.001 -17"><span class='ocrx_word' id='word_1_784' title='bbox 98 5161 383 5231; x_wconf 71' lang='grc' dir='ltr'>ἐναργὲς,</span> <span class='ocrx_word' id='word_1_785' title='bbox 423 5162 505 5213; x_wconf 85' lang='grc' dir='ltr'>ὅτι</span> <span class='ocrx_word' id='word_1_786' title='bbox 544 5159 679 5223; x_wconf 86' lang='grc' dir='ltr'>Θεὸς</span> <span class='ocrx_word' id='word_1_787' title='bbox 712 5159 789 5213; x_wconf 82' lang='grc' dir='ltr'>ὢν</span> <span class='ocrx_word' id='word_1_788' title='bbox 823 5164 850 5213; x_wconf 89' lang='lat'><strong>6</strong></span> <span class='ocrx_word' id='word_1_789' title='bbox 879 5161 1071 5228; x_wconf 83' lang='grc' dir='ltr'>Λόγος,</span> <span class='ocrx_word' id='word_1_790' title='bbox 1112 5160 1587 5227; x_wconf 75' lang='grc' dir='ltr'>καταπεφοίτηκεν</span> <span class='ocrx_word' id='word_1_791' title='bbox 1632 5160 1713 5213; x_wconf 83' lang='grc' dir='ltr'>οί-</span> 
     </span>
    </p>
   </div>
   <div class='ocr_carea' id='block_1_97' title="bbox 99 5248 1711 5323">
    <p class='ocr_par' dir='ltr' id='par_1_97' title="bbox 99 5248 1711 5323">
     <span class='ocr_line' id='line_1_97' title="bbox 99 5248 1711 5323; baseline -0.002 -18"><span class='ocrx_word' id='word_1_792' title='bbox 99 5250 451 5322; x_wconf 81' lang='grc' dir='ltr'>κονομικῶς</span> <span class='ocrx_word' id='word_1_793' title='bbox 488 5253 567 5315; x_wconf 87' lang='grc' dir='ltr'><strong>είς</strong></span> <span class='ocrx_word' id='word_1_794' title='bbox 594 5251 992 5320; x_wconf 82' lang='grc' dir='ltr'>ἀνθρωπότητα</span> <span class='ocrx_word' id='word_1_795' title='bbox 1012 5252 1079 5305; x_wconf 82' lang='grc' dir='ltr'>δι’</span> <span class='ocrx_word' id='word_1_796' title='bbox 1103 5252 1269 5323; x_wconf 81' lang='grc' dir='ltr'>ἡμᾶς.</span> <span class='ocrx_word' id='word_1_797' title='bbox 1301 5251 1412 5304; x_wconf 74' lang='grc' dir='ltr'><strong>Καὶ</strong></span> <span class='ocrx_word' id='word_1_798' title='bbox 1440 5248 1500 5302; x_wconf 82' lang='grc' dir='ltr'><strong>οῦ</strong></span> <span class='ocrx_word' id='word_1_799' title='bbox 1528 5248 1581 5301; x_wconf 88' lang='grc' dir='ltr'><strong>τί</strong></span> <span class='ocrx_word' id='word_1_800' title='bbox 1608 5267 1711 5302; x_wconf 86' lang='grc' dir='ltr'><strong>που</strong></span> 
     </span>
    </p>
   </div>
   <div class='ocr_carea' id='block_1_98' title="bbox 98 5338 1715 5415">
    <p class='ocr_par' dir='ltr' id='par_1_98' title="bbox 98 5338 1715 5415">
     <span class='ocr_line' id='line_1_98' title="bbox 98 5338 1715 5415; baseline -0.004 -18"><span class='ocrx_word' id='word_1_801' title='bbox 98 5345 322 5408; x_wconf 79' lang='grc' dir='ltr'>μεθεὶς</span> <span class='ocrx_word' id='word_1_802' title='bbox 373 5342 444 5396; x_wconf 92' lang='grc' dir='ltr'><strong>τὸ</strong></span> <span class='ocrx_word' id='word_1_803' title='bbox 476 5338 617 5396; x_wconf 86' lang='grc' dir='ltr'>εῐναι</span> <span class='ocrx_word' id='word_1_804' title='bbox 652 5342 812 5412; x_wconf 85' lang='grc' dir='ltr'>φύσει</span> <span class='ocrx_word' id='word_1_805' title='bbox 844 5341 995 5411; x_wconf 80' lang='grc' dir='ltr'>Θεὸς,</span> <span class='ocrx_word' id='word_1_806' title='bbox 1046 5340 1370 5415; x_wconf 85' lang='grc' dir='ltr'>προσλαϐὼν</span> <span class='ocrx_word' id='word_1_807' title='bbox 1402 5340 1460 5392; x_wconf 85' lang='grc' dir='ltr'>δὲ</span> <span class='ocrx_word' id='word_1_808' title='bbox 1514 5338 1715 5409; x_wconf 78' lang='grc' dir='ltr'>μᾶλλον</span> 
     </span>
    </p>
   </div>
   <div class='ocr_carea' id='block_1_99' title="bbox 1818 3159 3385 3230">
    <p class='ocr_par' dir='ltr' id='par_1_99' title="bbox 1818 3159 3385 3230">
     <span class='ocr_line' id='line_1_99' title="bbox 1818 3159 3385 3230; baseline -0.005 -8"><span class='ocrx_word' id='word_1_809' title='bbox 1818 3169 2132 3229; x_wconf 85' lang='lat' dir='ltr'><strong>humanam,</strong></span> <span class='ocrx_word' id='word_1_810' title='bbox 2168 3166 2495 3220; x_wconf 89' lang='lat' dir='ltr'><strong>sacriﬁcium</strong></span> <span class='ocrx_word' id='word_1_811' title='bbox 2530 3175 2708 3220; x_wconf 90' lang='lat' dir='ltr'><strong>tamen</strong></span> <span class='ocrx_word' id='word_1_812' title='bbox 2735 3163 2975 3219; x_wconf 89' lang='lat' dir='ltr'><strong>oblatum</strong></span> <span class='ocrx_word' id='word_1_813' title='bbox 3012 3159 3264 3230; x_wconf 83' lang='lat' dir='ltr'><strong>suscipit,</strong></span> <span class='ocrx_word' id='word_1_814' title='bbox 3294 3172 3385 3215; x_wconf 87' lang='lat' dir='ltr'><strong>se-</strong></span> 
     </span>
    </p>
   </div>
   <div class='ocr_carea' id='block_1_100' title="bbox 1813 3248 3390 3313">
    <p class='ocr_par' dir='ltr' id='par_1_100' title="bbox 1813 3248 3390 3313">
     <span class='ocr_line' id='line_1_100' title="bbox 1813 3248 3390 3313; baseline -0.006 -1"><span class='ocrx_word' id='word_1_815' title='bbox 1813 3261 2048 3313; x_wconf 89' lang='lat' dir='ltr'><strong>cumlum</strong></span> <span class='ocrx_word' id='word_1_816' title='bbox 2098 3256 2377 3311; x_wconf 89' lang='lat' dir='ltr'><strong>divinam:</strong></span> <span class='ocrx_word' id='word_1_817' title='bbox 2424 3265 2513 3310; x_wconf 90' lang='lat' dir='ltr'><strong>est</strong></span> <span class='ocrx_word' id='word_1_818' title='bbox 2560 3254 2705 3309; x_wconf 89' lang='lat' dir='ltr'><strong>enim</strong></span> <span class='ocrx_word' id='word_1_819' title='bbox 2756 3254 2897 3309; x_wconf 88' lang='lat' dir='ltr'><strong>idem</strong></span> <span class='ocrx_word' id='word_1_820' title='bbox 2944 3253 3084 3307; x_wconf 89' lang='lat' dir='ltr'><strong>Deus</strong></span> <span class='ocrx_word' id='word_1_821' title='bbox 3129 3248 3292 3306; x_wconf 88' lang='lat' dir='ltr'><strong>simul</strong></span> <span class='ocrx_word' id='word_1_822' title='bbox 3330 3255 3390 3303; x_wconf 88' lang='lat' dir='ltr'><strong>et</strong></span> 
     </span>
    </p>
   </div>
   <div class='ocr_carea' id='block_1_101' title="bbox 1810 3794 3388 3871">
    <p class='ocr_par' dir='ltr' id='par_1_101' title="bbox 1810 3794 3388 3871">
     <span class='ocr_line' id='line_1_101' title="bbox 1810 3794 3388 3871; baseline -0.006 -15"><span class='ocrx_word' id='word_1_823' title='bbox 1810 3804 2057 3867; x_wconf 78' lang='lat' dir='ltr'><strong>excedat,</strong></span> <span class='ocrx_word' id='word_1_824' title='bbox 2083 3814 2354 3871; x_wconf 89' lang='lat' dir='ltr'><strong>quatenus</strong></span> <span class='ocrx_word' id='word_1_825' title='bbox 2390 3801 2478 3856; x_wconf 86' lang='lat' dir='ltr'><strong>hic</strong></span> <span class='ocrx_word' id='word_1_826' title='bbox 2510 3800 2557 3855; x_wconf 89' lang='lat' dir='ltr'><strong>si</strong></span> <span class='ocrx_word' id='word_1_827' title='bbox 2598 3797 2975 3855; x_wconf 89' lang='lat' dir='ltr'><strong>consideretur</strong></span> <span class='ocrx_word' id='word_1_828' title='bbox 3001 3806 3060 3851; x_wconf 92' lang='lat' dir='ltr'><strong>ut</strong></span> <span class='ocrx_word' id='word_1_829' title='bbox 3092 3794 3234 3849; x_wconf 89' lang='lat' dir='ltr'><strong>Deus</strong></span> <span class='ocrx_word' id='word_1_830' title='bbox 3261 3806 3388 3863; x_wconf 85' lang='lat' dir='ltr'><strong>per-</strong></span> 
     </span>
    </p>
   </div>
   <div class='ocr_carea' id='block_1_102' title="bbox 1815 3886 3385 3961">
    <p class='ocr_par' dir='ltr' id='par_1_102' title="bbox 1815 3886 3385 3961">
     <span class='ocr_line' id='line_1_102' title="bbox 1815 3886 3385 3961; baseline -0.006 -16"><span class='ocrx_word' id='word_1_831' title='bbox 1815 3891 1957 3947; x_wconf 81' lang='lat' dir='ltr'><strong>facili</strong></span> <span class='ocrx_word' id='word_1_832' title='bbox 1988 3892 2203 3961; x_wconf 76' lang='lat' dir='ltr'><strong>ncgotio</strong></span> <span class='ocrx_word' id='word_1_833' title='bbox 2244 3892 2295 3943; x_wconf 87' lang='lat' dir='ltr'><strong>id</strong></span> <span class='ocrx_word' id='word_1_834' title='bbox 2336 3890 2513 3959; x_wconf 80' lang='lat' dir='ltr'><strong>quivis</strong></span> <span class='ocrx_word' id='word_1_835' title='bbox 2544 3888 2826 3957; x_wconf 82' lang='lat' dir='ltr'><strong>intelliget,</strong></span> <span class='ocrx_word' id='word_1_836' title='bbox 2859 3888 2903 3942; x_wconf 90' lang='lat' dir='ltr'><strong>si</strong></span> <span class='ocrx_word' id='word_1_837' title='bbox 2944 3902 3127 3942; x_wconf 86' lang='lat' dir='ltr'><strong>secum</strong></span> <span class='ocrx_word' id='word_1_838' title='bbox 3174 3886 3385 3955; x_wconf 86' lang='lat' dir='ltr'><strong>reputet</strong></span> 
     </span>
    </p>
   </div>
   <div class='ocr_carea' id='block_1_103' title="bbox 1815 3974 3384 4047">
    <p class='ocr_par' dir='ltr' id='par_1_103' title="bbox 1815 3974 3384 4047">
     <span class='ocr_line' id='line_1_103' title="bbox 1815 3974 3384 4047; baseline -0.006 -15"><span class='ocrx_word' id='word_1_839' title='bbox 1815 3980 1962 4033; x_wconf 90' lang='lat' dir='ltr'><strong>illum</strong></span> <span class='ocrx_word' id='word_1_840' title='bbox 1992 3979 2208 4047; x_wconf 86' lang='lat' dir='ltr'><strong>quidem</strong></span> <span class='ocrx_word' id='word_1_841' title='bbox 2240 3978 2402 4032; x_wconf 87' lang='lat' dir='ltr'><strong>veluti</strong></span> <span class='ocrx_word' id='word_1_842' title='bbox 2436 3975 2644 4031; x_wconf 87' lang='lat' dir='ltr'><strong>ﬁdelem</strong></span> <span class='ocrx_word' id='word_1_843' title='bbox 2681 3974 2941 4029; x_wconf 80' lang='lat' dir='ltr'><strong>famulum</strong></span> <span class='ocrx_word' id='word_1_844' title='bbox 2983 3975 3036 4029; x_wconf 91' lang='lat' dir='ltr'><strong>iu</strong></span> <span class='ocrx_word' id='word_1_845' title='bbox 3063 3974 3223 4027; x_wconf 90' lang='lat' dir='ltr'><strong>domo</strong></span> <span class='ocrx_word' id='word_1_846' title='bbox 3258 3984 3384 4024; x_wconf 84' lang='lat' dir='ltr'><strong>ver-</strong></span> 
     </span>
    </p>
   </div>
   <div class='ocr_carea' id='block_1_104' title="bbox 1815 4059 3384 4129">
    <p class='ocr_par' dir='ltr' id='par_1_104' title="bbox 1815 4059 3384 4129">
     <span class='ocr_line' id='line_1_104' title="bbox 1815 4059 3384 4129; baseline -0.006 -7"><span class='ocrx_word' id='word_1_847' title='bbox 1815 4078 1991 4122; x_wconf 87' lang='lat' dir='ltr'><strong>satum</strong></span> <span class='ocrx_word' id='word_1_848' title='bbox 2023 4083 2179 4129; x_wconf 82' lang='lat' dir='ltr'><strong>esse;</strong></span> <span class='ocrx_word' id='word_1_849' title='bbox 2217 4068 2361 4121; x_wconf 89' lang='lat' dir='ltr'><strong>hunc</strong></span> <span class='ocrx_word' id='word_1_850' title='bbox 2388 4080 2539 4129; x_wconf 85' lang='lat' dir='ltr'><strong>vero,</strong></span> <span class='ocrx_word' id='word_1_851' title='bbox 2573 4066 2673 4121; x_wconf 87' lang='lat' dir='ltr'><strong>hoc</strong></span> <span class='ocrx_word' id='word_1_852' title='bbox 2696 4074 2782 4120; x_wconf 92' lang='lat' dir='ltr'><strong>est</strong></span> <span class='ocrx_word' id='word_1_853' title='bbox 2811 4064 3240 4126; x_wconf 83' lang='lat' dir='ltr'><strong>Emmauuclem,</strong></span> <span class='ocrx_word' id='word_1_854' title='bbox 3283 4059 3384 4115; x_wconf 88' lang='lat' dir='ltr'><strong>toti</strong></span> 
     </span>
    </p>
   </div>
   <div class='ocr_carea' id='block_1_105' title="bbox 1818 5071 3388 5143">
    <p class='ocr_par' dir='ltr' id='par_1_105' title="bbox 1818 5071 3388 5143">
     <span class='ocr_line' id='line_1_105' title="bbox 1818 5071 3388 5143; baseline 0.001 -18"><span class='ocrx_word' id='word_1_855' title='bbox 1818 5080 1973 5143; x_wconf 89' lang='lat' dir='ltr'><strong>puto,</strong></span> <span class='ocrx_word' id='word_1_856' title='bbox 2015 5073 2414 5137; x_wconf 85' lang='lat' dir='ltr'><strong>demonstrare,</strong></span> <span class='ocrx_word' id='word_1_857' title='bbox 2454 5072 2782 5143; x_wconf 87' lang='lat' dir='ltr'><strong>planumque</strong></span> <span class='ocrx_word' id='word_1_858' title='bbox 2812 5072 2992 5127; x_wconf 80' lang='lat' dir='ltr'><strong>facere</strong></span> <span class='ocrx_word' id='word_1_859' title='bbox 3017 5071 3222 5137; x_wconf 85' lang='lat' dir='ltr'><strong>volens,</strong></span> <span class='ocrx_word' id='word_1_860' title='bbox 3247 5075 3388 5141; x_wconf 92' lang='lat' dir='ltr'><strong>quod</strong></span> 
     </span>
    </p>
   </div>
   <div class='ocr_carea' id='block_1_106' title="bbox 1817 5162 3386 5230">
    <p class='ocr_par' dir='ltr' id='par_1_106' title="bbox 1817 5162 3386 5230">
     <span class='ocr_line' id='line_1_106' title="bbox 1817 5162 3386 5230; baseline 0.001 -13"><span class='ocrx_word' id='word_1_861' title='bbox 1817 5178 1941 5217; x_wconf 89' lang='lat' dir='ltr'><strong>eum</strong></span> <span class='ocrx_word' id='word_1_862' title='bbox 1978 5162 2207 5217; x_wconf 87' lang='lat' dir='ltr'><strong>Verbum</strong></span> <span class='ocrx_word' id='word_1_863' title='bbox 2265 5174 2411 5218; x_wconf 84' lang='lat' dir='ltr'><strong>esset</strong></span> <span class='ocrx_word' id='word_1_864' title='bbox 2458 5164 2622 5230; x_wconf 83' lang='lat' dir='ltr'><strong>Deus,</strong></span> <span class='ocrx_word' id='word_1_865' title='bbox 2666 5163 3062 5230; x_wconf 83' lang='lat' dir='ltr'><strong>dispensatoria</strong></span> <span class='ocrx_word' id='word_1_866' title='bbox 3096 5164 3307 5218; x_wconf 88' lang='lat' dir='ltr'><strong>ratione</strong></span> <span class='ocrx_word' id='word_1_867' title='bbox 3332 5164 3386 5218; x_wconf 91' lang='lat' dir='ltr'><strong>iu</strong></span> 
     </span>
    </p>
   </div>
   <div class='ocr_carea' id='block_1_107' title="bbox 1823 5250 3387 5322">
    <p class='ocr_par' dir='ltr' id='par_1_107' title="bbox 1823 5250 3387 5322">
     <span class='ocr_line' id='line_1_107' title="bbox 1823 5250 3387 5322; baseline 0.001 -16"><span class='ocrx_word' id='word_1_868' title='bbox 1823 5254 2115 5306; x_wconf 86' lang='lat' dir='ltr'><strong>humanam</strong></span> <span class='ocrx_word' id='word_1_869' title='bbox 2173 5262 2418 5305; x_wconf 85' lang='lat' dir='ltr'><strong>naturam</strong></span> <span class='ocrx_word' id='word_1_870' title='bbox 2474 5263 2695 5322; x_wconf 82' lang='lat' dir='ltr'><strong>propter</strong></span> <span class='ocrx_word' id='word_1_871' title='bbox 2750 5268 2847 5306; x_wconf 90' lang='lat' dir='ltr'><strong>nos</strong></span> <span class='ocrx_word' id='word_1_872' title='bbox 2881 5268 2940 5307; x_wconf 87' lang='lat' dir='ltr'><strong>se</strong></span> <span class='ocrx_word' id='word_1_873' title='bbox 2981 5252 3218 5307; x_wconf 84' lang='lat' dir='ltr'><strong>demisit.</strong></span> <span class='ocrx_word' id='word_1_874' title='bbox 3266 5250 3387 5307; x_wconf 88' lang='lat' dir='ltr'><strong>Non</strong></span> 
     </span>
    </p>
   </div>
   <div class='ocr_carea' id='block_1_108' title="bbox 1818 5338 3389 5413">
    <p class='ocr_par' dir='ltr' id='par_1_108' title="bbox 1818 5338 3389 5413">
     <span class='ocr_line' id='line_1_108' title="bbox 1818 5338 3389 5413; baseline 0.004 -22"><span class='ocrx_word' id='word_1_875' title='bbox 1818 5338 1961 5408; x_wconf 87' lang='lat' dir='ltr'><strong>quod</strong></span> <span class='ocrx_word' id='word_1_876' title='bbox 1993 5353 2088 5409; x_wconf 88' lang='lat' dir='ltr'><strong>per</strong></span> <span class='ocrx_word' id='word_1_877' title='bbox 2110 5338 2212 5392; x_wconf 87' lang='lat' dir='ltr'><strong>hoc</strong></span> <span class='ocrx_word' id='word_1_878' title='bbox 2242 5338 2383 5394; x_wconf 85' lang='lat' dir='ltr'><strong>Deus</strong></span> <span class='ocrx_word' id='word_1_879' title='bbox 2416 5348 2605 5395; x_wconf 86' lang='lat' dir='ltr'><strong>natura</strong></span> <span class='ocrx_word' id='word_1_880' title='bbox 2638 5355 2759 5396; x_wconf 80' lang='lat' dir='ltr'><strong>esse</strong></span> <span class='ocrx_word' id='word_1_881' title='bbox 2788 5341 3093 5410; x_wconf 84' lang='lat' dir='ltr'><strong>desisteret,</strong></span> <span class='ocrx_word' id='word_1_882' title='bbox 3122 5341 3215 5398; x_wconf 89' lang='lat' dir='ltr'><strong>sed</strong></span> <span class='ocrx_word' id='word_1_883' title='bbox 3242 5341 3389 5413; x_wconf 86' lang='lat' dir='ltr'><strong>quod</strong></span> 
     </span>
    </p>
   </div>
   <div class='ocr_carea' id='block_1_109' title="bbox 173 5493 1413 5563">
    <p class='ocr_par' dir='ltr' id='par_1_109' title="bbox 173 5493 1413 5563">
     <span class='ocr_line' id='line_1_109' title="bbox 173 5493 1413 5563; baseline -0.005 -11"><span class='ocrx_word' id='word_1_884' title='bbox 173 5497 232 5531; x_wconf 74' lang='lat'>“</span> <span class='ocrx_word' id='word_1_885' title='bbox 268 5495 474 5551; x_wconf 76' lang='lat' dir='ltr'><strong>Matth.</strong></span> <span class='ocrx_word' id='word_1_886' title='bbox 506 5512 597 5563; x_wconf 79' lang='lat' dir='ltr'><strong>xx,</strong></span> <span class='ocrx_word' id='word_1_887' title='bbox 624 5494 714 5551; x_wconf 76' lang='lat'><strong>9.8.</strong></span> <span class='ocrx_word' id='word_1_888' title='bbox 792 5494 831 5529; x_wconf 67' lang='grc' dir='ltr'>δ’</span> <span class='ocrx_word' id='word_1_889' title='bbox 875 5493 1029 5551; x_wconf 79' lang='lat' dir='ltr'><strong>Joan.</strong></span> <span class='ocrx_word' id='word_1_890' title='bbox 1078 5511 1151 5561; x_wconf 86' lang='lat' dir='ltr'><strong>vt,</strong></span> <span class='ocrx_word' id='word_1_891' title='bbox 1190 5494 1281 5557; x_wconf 78' lang='lat'><strong>58,</strong></span> <span class='ocrx_word' id='word_1_892' title='bbox 1324 5493 1413 5548; x_wconf 80' lang='lat'><strong>59.</strong></span> 
     </span>
    </p>
   </div>
   <div class='ocr_carea' id='block_1_110' title="bbox 1228 5644 2300 5718">
    <p class='ocr_par' dir='ltr' id='par_1_110' title="bbox 1228 5644 2300 5718">
     <span class='ocr_line' id='line_1_110' title="bbox 1228 5644 2300 5718; baseline -0.002 -15"><span class='ocrx_word' id='word_1_893' title='bbox 1228 5645 1403 5703; x_wconf 68' lang='lat' dir='ltr'><strong>Variae</strong></span> <span class='ocrx_word' id='word_1_894' title='bbox 1428 5647 1685 5703; x_wconf 82' lang='lat' dir='ltr'><strong>lectiones</strong></span> <span class='ocrx_word' id='word_1_895' title='bbox 1710 5644 1912 5703; x_wconf 83' lang='lat' dir='ltr'><strong>codicis</strong></span> <span class='ocrx_word' id='word_1_896' title='bbox 1942 5644 2300 5718; x_wconf 75' lang='lat' dir='ltr'><strong>Seguieriaui.</strong></span> 
     </span>
    </p>
   </div>
   <div class='ocr_carea' id='block_1_111' title="bbox 154 5787 572 5845">
    <p class='ocr_par' dir='ltr' id='par_1_111' title="bbox 154 5787 572 5845">
     <span class='ocr_line' id='line_1_111' title="bbox 154 5787 572 5845; baseline -0.005 0"><span class='ocrx_word' id='word_1_897' title='bbox 154 5797 187 5834; x_wconf 75' lang='grc' dir='ltr'>ε</span> <span class='ocrx_word' id='word_1_898' title='bbox 224 5787 332 5845; x_wconf 84' lang='grc' dir='ltr'><strong>τὸν</strong></span> <span class='ocrx_word' id='word_1_899' title='bbox 362 5787 572 5843; x_wconf 84' lang='grc' dir='ltr'>δοῦλον.</span> 
     </span>
    </p>
   </div>
  </div>
