4042 6438
650 368 784 426 1371

649 484 705 542 id
753 480 1127 552 assumpserit,
1173 476 1315 546 quod
1360 492 1463 531 non
1492 486 1608 530 erat
1659 493 1670 528 :

648 584 1038 644 “sumpserat,
1084 570 1469 639 propriumque
1520 568 1623 622 sibi
1668 565 1887 629 fecerat,
1935 563 2095 618 morti
2153 564 2216 616 ad

649 676 860 736 tempus
892 661 1196 719 contradito
1218 703 1233 726 ,
1270 662 1473 716 nullum
1503 674 1569 713 ex
1605 657 1708 711 illis
1736 672 1873 726 quos
1905 667 2212 726 acceperat,

650 755 987 826 deperderet,
1034 755 1129 810 sed
1183 762 1447 814 servaret,
1496 765 1560 804 ac
1612 748 1665 803 in
1714 750 2011 804 novissimo
2058 749 2145 803 die
2187 764 2215 801 a

648 846 879 900 mortuis
920 846 1292 900 resuscitaret.
1335 843 1469 898 Cum
1519 850 1698 894 autem
1740 856 1846 896 non
1888 856 2067 902 suam,
2125 840 2215 893 sed

649 936 731 990 sui
758 933 938 990 Patris
959 936 1290 989 voluntatem
1331 948 1388 987 se
1417 932 1675 1002 perlicere
1704 932 1875 997 addit,
1911 931 2216 987 Jndaaorum

647 1023 925 1077 vesaniam
952 1037 1017 1078 ex
1043 1023 1262 1090 obliquo
1293 1022 1649 1091 perstringit;
1680 1030 1737 1074 ut
1767 1024 1857 1089 qui
1890 1035 2039 1074 suam
2075 1033 2219 1072 sem-

647 1125 745 1179 per
781 1112 1110 1167 voluntatem
1165 1112 1498 1164 constituere
1538 1120 1867 1179 satageutes,
1896 1109 2217 1174 divinasque

649 1200 794 1269 leges
848 1198 1285 1268 parvil‘acientes,
1326 1198 1391 1252 de
1431 1199 1637 1253 Domini
1684 1199 1765 1253 sui
1810 1197 2020 1266 placitis
2053 1199 2216 1264 perli-

646 1291 854 1345 ciendis
892 1291 1024 1344 nihil
1056 1291 1349 1360 quidquam
1386 1292 1537 1357 pensi
1572 1290 1834 1345 haberent
1863 1306 1875 1341 :
1916 1288 2040 1341 dum
2071 1287 2216 1340 enim

646 1392 802 1433 suum
830 1379 931 1433 hoc
981 1379 1097 1434 loco
1146 1390 1450 1450 promptum
1485 1379 1813 1448 obsequendi
1857 1379 2092 1432 studium
2126 1393 2218 1445 pa-

647 1468 753 1522 lam
797 1472 1159 1537 commendat,
1215 1471 1429 1526 illorum
1493 1470 1839 1524 rebellionem
1904 1468 2217 1537 neutiquam

647 1561 875 1616 obscure
922 1561 1151 1616 incusat.
1205 1562 1344 1629 Quin
1399 1572 1454 1617 et
1505 1562 1631 1615 alibi
1664 1577 1879 1630 quoque
1913 1560 2221 1616 eonomine

649 1651 766 1703 illos
800 1652 1097 1718 insimulat,
1140 1655 1284 1722 quod
1319 1654 1465 1714 odio,
1509 1653 1891 1719 insectatione,
1927 1655 2220 1721 iniquoquo

647 1742 849 1808 judicio
898 1758 963 1797 ex
1008 1745 1255 1800 instituto
1298 1752 1491 1798 contra
1521 1758 1580 1798 se
1626 1745 1991 1799 deszevirent:
2035 1763 2053 1795 ι
2090 1743 2217 1809 Vos,

1607 356 1665 411 Β.
1693 354 1967 411 CYRILLI
2005 350 2477 406 ALEXANDRINI
2517 352 2836 408 ARCHIEP.

1726 484 1783 526 ut
1820 486 2046 537 corpore
2077 470 2215 538 quod

2326 469 2459 538 ὅπερ
2493 470 2593 522 οὐκ
2615 464 2703 538 ἦν,
2735 470 2821 523 ἵνα
2856 468 2950 521 καὶ
2970 465 3093 526 δοὺς
3121 464 3197 533 τῷ
3234 462 3454 531 Θανάτῳ
3479 458 3620 530 πρὸς
3656 457 3837 527 βραχὺ
3860 460 3917 507 τὸ

3767 342 3904 397 1372

2319 561 2516 614 ἐνωθέν
2544 562 2693 631 αὐτῷ
2717 561 2874 631 σῶμα
2896 559 2991 611 καὶ
3011 557 3141 609 ἴδιον
3164 552 3353 619 αὑτοῦ,
3384 552 3592 625 μηδένα
3623 548 3871 617 ἀπολέσῃ
3895 546 3911 583 ί

2317 652 2425 705 τῶν
2460 652 2722 706 δοθέντων
2764 650 2932 719 αὐτῷ,
2973 646 3217 717 διασώσῃ
3258 646 3316 698 δὲ
3364 645 3593 715 μᾶλλον,
3631 639 3735 693 καὶ
3789 642 3916 692 ἀνα-

2321 746 2494 816 στήσῃ
2525 746 2723 807 αὐτοὺς
2757 747 2781 784 ε
2816 745 2873 795 ἐν
2906 743 2973 810 τῇ
3000 737 3205 808 ἐσχάτῃ
3229 736 3437 808 ἡμέρᾳ.
3480 735 3672 790 Ποιείν
3705 730 3809 800 μὲν
3829 722 3916 782 οὖν

2317 836 2493 902 λέγων
2526 837 2586 889 τὸ
2626 837 2839 904 θέλημα
2868 830 2963 884 τοῦ
3014 827 3249 900 Πατρὸς.
3288 830 3383 881 καὶ
3425 828 3550 898 οὐχὶ
3587 826 3657 894 δὴ
3696 823 3917 877 πάντως

2316 928 2377 979 τὸ
2403 927 2619 993 ἑαυτοῦ,
2649 928 2749 989 τὰς
2789 924 2896 977 τῶν
2935 921 3209 976 Ἰουδαίων
3244 918 3508 980 ἀπονοίας
3544 916 3790 984 ἐλέγχει,
3830 913 3919 964 καὶ

2319 1017 2653 1087 ὑποπλήττει
2688 1016 2952 1080 πλαγίως,
2998 1013 3074 1076 ὡς
3118 1010 3297 1065 ἀεὶτὸ
3337 1008 3468 1061 ἴδιον
3516 1008 3800 1067 ίστῶντας
3834 1003 3919 1057 θέο

2319 1108 2490 1179 λημα,
2533 1112 2627 1163 καὶ
2664 1109 2773 1161 τῶν
2806 1106 2966 1159 θείων
2998 1103 3391 1174 ὑπερορῶντας
3421 1100 3636 1169 νόμων,
3668 1102 3769 1153 καὶ
3796 1098 3918 1165 ποειτ’

2320 1200 2471 1253 οὐδὲν
2516 1198 2784 1253 ποιεῖσθαι
2813 1194 3195 1267 μεμεληκότας
3219 1191 3280 1244 τὸ
3304 1190 3383 1260 τῷ
3406 1189 3667 1258 Δεσπότῃ
3691 1188 3889 1241 δοκοῦν
3905 1204 3919 1219 ο

2322 1292 2501 1363 ἐαυτῷ
2524 1293 2631 1361 γάρ
2658 1293 2715 1343 ἐν
2744 1288 2955 1351 τούτοις
2976 1283 3422 1356 προσμαρτυρῶν
3454 1280 3520 1331 τὸ
3550 1279 3806 1347 εὐήνιον,
3830 1281 3921 1345 τῆς

2321 1384 2543 1437 ἐκείνων
2565 1378 2849 1441 ἀπειθείας
2879 1378 3196 1447 κατηγορεῖ.
3228 1374 3375 1443 Ἔφη
3406 1372 3519 1442 γάρ
3541 1386 3655 1423 που
3684 1370 3788 1422 καὶ
3817 1371 3923 1421 ἐτέ-

2324 1474 2456 1544 ρωθι
2493 1472 2628 1537 πρὸς
2659 1469 2878 1532 αὐτοὺς,
2921 1468 2998 1531 ὡς
3025 1468 3244 1520 διώκειν
3269 1464 3581 1526 ἐθέλοντας,
3620 1460 3726 1513 καὶ
3751 1463 3922 1527 μισεῖ-ι

2321 1563 2651 1635 ᾑρημένους,
2703 1560 2796 1612 καὶ
2826 1559 3011 1612 άδικον
3050 1559 3137 1610 ἐπ’
3178 1555 3330 1627 αὐτῷ
3357 1556 3455 1625 τὴν
3487 1555 3587 1608 ἐπὶ
3614 1552 3805 1621 τούτῳ
3828 1552 3924 1620 ψῆ-

2324 1672 2425 1722 φον
2456 1651 2826 1721 ἐκφέροντας·
2859 1669 2877 1701 ‹
2929 1651 3117 1719 Ὑμεῖς
3150 1649 3291 1701 κατά
3328 1648 3427 1716 τὴν
3451 1647 3646 1717 σάρκα
3687 1646 3922 1714 κρίνετε,

2324 1744 2434 1811 ἐγὼ
2465 1745 2525 1795 οὐ
2548 1742 2716 1811 κρίνω
2735 1743 2956 1796 οὐδένα·
2989 1741 3081 1794 καὶ
3106 1738 3201 1792 ἐὰν
3223 1737 3468 1809 κρίνωδὲ
3499 1736 3644 1803 ἐγὼ,
3682 1740 3718 1806 ὴ
3749 1735 3919 1805 κρίσις

651 1833 846 1900 inquit,
867 1836 1159 1888 secundum
1187 1834 1711 1902 carnemjudicatis;
1764 1851 1862 1906 ego
1903 1852 2004 1889 non
2033 1835 2215 1904 judico

2326 1808 2493 1905 ijépij
2516 1808 2700 1886 δικαία
2733 1833 2907 1886 ἐστίν’
2941 1834 3022 1885 ὅτι
3054 1832 3113 1883 οὐ
3144 1808 3292 1899 ζητῶ
3324 1828 3385 1880 τὸ
3417 1826 3649 1895 θέλημα
3685 1828 3750 1879 τὸ
3778 1829 3921 1895 ἐμὸν,

648 1938 972 1991 quemquam
1004 1941 1018 1989 ;
1054 1934 1110 1979 et
1146 1925 1190 1979 si
1216 1925 1401 1993 judico
1433 1940 1565 1997 ego,
1596 1926 1859 1995 judicium
1912 1942 2089 1980 meum
2128 1941 2220 1981 ve-

649 2026 765 2063 rum
796 2023 879 2066 est
912 2031 924 2065 :
960 2015 1082 2083 quia
1139 2029 1244 2069 non
1295 2032 1479 2085 quaero
1518 2017 1847 2071 voluntatem
1891 2031 2088 2081 meam,
2127 2018 2219 2072 sed

648 2102 974 2159 voluntatem
1006 2106 1122 2176 ejus
1151 2108 1242 2177 qui
1274 2110 1419 2163 misit
1438 2124 1522 2164 me
1538 2110 1603 2164 “.
1631 2127 1649 2158 ›
1669 2108 1926 2177 Loquitur
1954 2124 2080 2178 ergo
2104 2110 2221 2165 bzec

645 2196 944 2249 secundum
981 2199 1163 2253 carnis
1194 2200 1677 2269 dispensationem.

717 2283 948 2339 XXVIII.
1011 2286 1115 2343 Sed
1164 2304 1281 2357 age,
1338 2306 1481 2344 nunc
1531 2291 1758 2345 alterum
1816 2292 1945 2346 illud
2002 2307 2220 2363 quoque

643 2374 1035 2440 expendamus.
1089 2375 1221 2431 Cum
1280 2392 1310 2431 e
1363 2377 1503 2431 caelo
1544 2377 1910 2432 descendisset
1950 2386 2010 2431 ut
2054 2376 2215 2443 Deus,

643 2461 763 2517 illos
800 2480 830 2517 a
865 2464 1020 2519 Patre
1068 2466 1169 2520 sibi
1210 2468 1365 2521 datos
1403 2468 1655 2531 aliirmat,
1686 2468 1777 2538 qui
1822 2470 1872 2521 in
1912 2469 2059 2522 illum
2097 2486 2215 2524 cre-

643 2555 875 2620 derent;
914 2572 1017 2610 non
1050 2557 1210 2627 I50
1238 2568 1297 2613 ut
1328 2560 1448 2613 illos
1478 2560 1689 2627 perdat,
1730 2560 1823 2613 sed
1860 2570 1916 2613 ut
1944 2560 1996 2613 in
2030 2561 2216 2614 novis-

2322 1927 2455 1979 ἀλλά
2484 1926 2543 1977 τὸ
2569 1925 2781 1995 θέλημα
2822 1923 2915 1977 τοῦ
2949 1921 3269 1992 πέμψαντός
3312 1937 3402 1991 με.
3441 1936 3460 1970 t
3512 1915 3744 1970 Οὐκοῦν
3785 1919 3922 1969 οἰκο-

2322 2013 2561 2086 νομικῶς
2589 2014 2657 2066 τά
2682 2014 2861 2068 τοιάδε
2894 2011 3049 2082 φησί.

2390 2298 2527 2352 ΚΗ’.
2568 2295 2716 2365 Πλὴν
2757 2296 2935 2347 ἐκεῖνο
2964 2294 3094 2363 φέρε
3126 2292 3213 2361 δὴ,
3247 2291 3383 2362 φέρε
3424 2290 3919 2361 καταθρήσωμενο

2334 2389 2423 2453 Ἐξ
2443 2386 2675 2459 οὐρανοῦ
2699 2385 2939 2447 καταϐὰς
2964 2385 3040 2446 ὡς
3063 2381 3219 2447 Θεὸς,
3245 2384 3497 2437 δεδόσθαι
3533 2384 3720 2451 φησὶν
3754 2379 3921 2447 ἐαυτῷ

2322 2479 2474 2550 παρά
2503 2476 2598 2531 τοῦ
2638 2478 2851 2547 [ἰατρὸς
2884 2477 3010 2537 τοὺς
3045 2477 3125 2537 είς
3157 2475 3321 2528 αὐτὸν
3360 2473 3813 2536 πιστεύσαντας,
3843 2472 3923 2523 ἵνα

2324 2570 2399 2638 μὴ
2431 2568 2695 2637 ἀπολέσῃ,
2734 2566 2884 2637 σώσῃ
2917 2565 2972 2617 δὲ
3008 2563 3206 2632 μᾶλλον
3237 2563 3458 2626 αὐτοὺς,
3492 2564 3597 2615 καὶ
3637 2563 3921 2631 ἀναστήσῃ

644 2646 787 2700 simo
843 2646 932 2701 die
978 2649 1044 2701 ad
1105 2650 1271 2702 vitam
1306 2650 1693 2704 exsuscitet".
1754 2650 1860 2705 Sed
1918 2664 2025 2718 quo
2059 2651 2215 2703 modo

2326 2660 2385 2727 τῇ
2426 2658 2632 2728 ἐσχάτῃ
2660 2657 2867 2728 ἡμέρᾳ.
2926 2654 3048 2717 ιΙῶς
3076 2648 3169 2705 οὖν
3200 2653 3505 2720 ἀνέστησεν
3530 2693 3546 2714 ,
3606 2654 3641 2721 ἦ
3680 2654 3923 2719 δηλονότι

642 2738 981 2791 exsuscitat?
1009 2754 1113 2792 non
1144 2739 1248 2793 alio
1277 2754 1430 2803 sane,
1463 2755 1625 2809 quam
1661 2756 1757 2809 per
1786 2756 1939 2795 suam
1974 2754 2040 2793 ex
2074 2755 2215 2793 mor-

2326 2746 2406 2798 διὰ
2429 2747 2530 2815 τῆς
2562 2747 2694 2809 ίδίας
2724 2745 3076 2805 ἀναστάσεως
3101 2742 3203 2809 τῆς
3234 2742 3298 2792 ἐκ
3334 2741 3552 2809 νεκρῶν
3581 2759 3596 2806 ;
3640 2743 3922 2809 Ζωοποιή-

645 2829 754 2883 tuis
809 2830 1295 2889 resurrectionem.
1348 2831 1579 2899 Proprio
1633 2847 1866 2900 namque
1916 2831 2114 2901 templo
2162 2832 2215 2886 in

2326 2856 2421 2900 σας
2453 2839 2561 2907 γὰρ
2619 2838 2713 2890 καὶ
2765 2836 2871 2905 πρό
2906 2852 2969 2901 γε
3018 2832 3127 2885 τῶν
3176 2831 3352 2884 ἄλλων
3386 2830 3482 2883 τὸν
3520 2832 3745 2883 ἑαυτοῦ
3784 2833 3919 2891 ναὸν,

643 2920 805 2973 vitam
864 2923 1151 2986 restituto,
1220 2924 1517 2992 mortisque
1574 2925 1801 2993 imperio
1850 2941 1943 2994 per
1989 2927 2215 2995 pr0pria:

2326 2929 2415 2982 καὶ.
2452 2928 2512 2980 τὸ
2550 2926 2645 2979 τοῦ
2685 2927 2916 2979 θανάτου
2953 2923 3287 2984 κατασείσας
3322 2922 3530 2992 κράτος
3566 2920 3664 2972 διὰ
3699 2922 3801 2975 τοῦ
3834 2924 3924 2974 θα-

644 3014 825 3066 carnis
858 3024 1088 3069 mortem
1114 3016 1393 3081 demolito,
1423 3016 1672 3070 humanm
1695 3026 1902 3071 natura:
1933 3018 1999 3071 ad
2036 3033 2215 3072 resur-

2326 3022 2480 3073 νάτου
2508 3005 2607 3088 τῆς
2642 3019 2776 3080 ἰδίας
2812 3017 3039 3086 σαρκὸς,
3073 3016 3192 3077 όδδς
3238 3015 3430 3081 γέγονε
3473 3016 3542 3082 τῇ
3597 3014 3923 3083 ἀνθρωπεία

647 3105 964 3170 rectionem,
994 3122 1201 3161 necnon
1228 3109 1296 3161 ad
1328 3107 1678 3162 obtinendam
1706 3118 1894 3163 contra
1920 3111 2215 3177 corruptio-

2326 3114 2483 3183 φύσει
2509 3111 2645 3179 πρὸς
2684 3110 3002 3169 ἀνάστασιν,
3037 3106 3131 3158 καὶ
3164 3106 3299 3175 πρός
3330 3122 3394 3173 γε
3420 3104 3481 3156 τὸ
3508 3102 3794 3157 δύνασθαι
3828 3105 3926 3155 λοι-

644 3209 765 3250 netn
812 3197 1116 3263 victoriam,
1166 3200 1308 3253 viam
1358 3200 1609 3254 munivit.
1656 3198 1815 3255 Verbi
1867 3200 2052 3271 itaque
2101 3202 2214 3266 Dei,

643 3288 785 3356 quod
822 3305 851 3345 e
886 3291 1024 3345 coelo
1056 3293 1355 3357 descendit,
1395 3293 1447 3345 id
1485 3293 1764 3360 proprium
1803 3303 1905 3356 est,
1941 3308 2039 3361 per
2072 3296 2214 3361 quod

644 3377 1034 3447 primogenitus
1073 3396 1139 3435 ex
1192 3380 1487 3436 mortuis“
1535 3382 1733 3435 factum
1784 3384 1906 3437 est?
1934 3398 2041 3452 quo
2086 3384 2215 3437 illud

644 3468 923 3535 nimirum,
972 3472 1115 3540 quod
1170 3472 1268 3541 ipsi
1316 3476 1575 3527 donatum
1633 3482 1736 3534 est,
1795 3488 1901 3527 una
1947 3488 2069 3528 cum
2124 3474 2216 3529 illo

642 3561 1076 3629 exsuscitatum,
1132 3572 1352 3632 propter
1412 3564 1731 3633 protoplasti
1795 3564 2213 3619 inobedientiam

644 3666 750 3704 non
799 3652 1030 3721 amplius
1070 3665 1277 3723 pereat,
1318 3656 1411 3710 sed
1460 3665 1682 3725 propter
1710 3656 1907 3712 Christi
1960 3658 2218 3713 obedien-

646 3742 799 3806 tiam,
829 3742 1055 3798 salutcm
1080 3754 1136 3799 et
1164 3746 1326 3800 vitam
1356 3755 1613 3801 aeternam
1651 3749 1911 3803 obtineat.
1946 3748 2214 3804 Caeterum

644 3843 704 3885 ut
734 3834 893 3887 homo
927 3832 1127 3889 factum
1164 3846 1268 3901 est,
1303 3852 1395 3891 eos
1430 3838 1531 3891 sibi
1569 3838 1725 3893 datos
1753 3839 1905 3904 dicit,
1936 3840 2025 3909 qui
2054 3839 2213 3894 (idem

643 3922 697 3976 in
735 3924 909 3993 ipsum
955 3928 1245 3994 recipiunt.
1291 3927 1425 3981 Nam
1473 3931 1655 3983 omnia
1683 3946 1801 4000 qua:
1834 3930 2010 3986 Patris
2067 3940 2210 3997 sunt,

643 4014 1130 4087 haereditariojure
1182 4021 1437 4088 possidet.
1472 4020 1770 4091 Postquam
1816 4038 1947 4077 vero
1973 4024 2053 4091 (ut
2080 4022 2212 4093 dixi)

642 4108 795 4161 carni
826 4117 880 4162 et
920 4113 1167 4179 sanguini
1200 4113 1625 4166 communicavit
1649 4115 1715 4180 ",
1744 4126 1799 4168 et
1828 4128 1925 4167 nos
1962 4114 2013 4167 in
2042 4114 2212 4181 ipsum

644 4206 706 4250 ttt
735 4198 788 4250 in
817 4199 984 4253 Deum
1014 4202 1362 4265 credidimus,
1406 4203 1475 4257 ob
1504 4203 1560 4257 id
1595 4202 1798 4257 factum
1828 4213 1929 4268 est,
1964 4214 2017 4257 ut
2050 4205 2217 4257 dona-

647 4287 810 4342 tionis
844 4305 1037 4344 nomen
1067 4293 1116 4346 ei
1150 4293 1435 4349 tribuatur.
1468 4293 1602 4348 Nam
1636 4296 1725 4363 qui
1752 4305 1875 4348 ante
1910 4304 2215 4361 susceptam

644 4396 866 4435 carnem
899 4383 1219 4451 imperabat,
1262 4385 1307 4439 is
1340 4386 1506 4439 etiam
1538 4401 1704 4439 carne
1745 4387 1966 4438 indutus
1991 4399 2214 4451 regnum

2324 3205 2425 3258 πὸν
2457 3201 2926 3271 κατευμεγεθῆσαι
2961 3198 3352 3268 φθορᾶς.”1διον
3368 3193 3437 3268 ἦν
3473 3197 3587 3267 ἄρα
3620 3197 3726 3248 τοῦ
3762 3213 3926 3249 κατα-

2326 3297 2680 3365 φοιτήσαντος
2736 3292 2794 3357 ἐξ
2859 3286 3090 3359 οὐρανοῦ
3147 3286 3282 3339 Θεοῦ
3362 3288 3541 3355 Λόγου
3619 3287 3686 3339 τὸ
3755 3286 3824 3339 δι’
3872 3277 3924 3336 οὗ

2322 3385 2511 3453 γέγονε
2546 3382 2893 3452 πρωτότοκος
2922 3381 2986 3432 ἐκ
3014 3378 3245 3447 νεκρῶν·
3291 3378 3382 3430 ἵνα
3420 3379 3515 3430 καὶ
3554 3379 3925 3447 ἐγηγερμένῳ

2324 3473 2699 3543 κατακολουθῇ
2746 3472 2885 3543 πρὸς
2915 3470 3059 3542 ζωὴν
3110 3469 3173 3521 τὸ
3200 3468 3354 3521 δοθὲν
3390 3469 3572 3537 αὐτῷ,
3608 3470 3813 3523 οὐκέτι
3845 3469 3926 3521 διὰ

2322 3568 2422 3639 τὴν
2445 3565 2537 3618 τοῦ
2567 3561 2997 3635 πρωτοπλάστου
3026 3560 3343 3629 παράϐασιν
3376 3560 3802 3631 ἀπολλύμενον,
3832 3580 3927 3613 σωο

2324 3662 2552 3731 ζόμενον
2589 3660 2645 3713 δὲ
2695 3657 2896 3729 μᾶλλον
2933 3656 3024 3708 διά
3075 3655 3175 3725 τὴν
3223 3655 3475 3725 ὑπακοὴν
3515 3656 3619 3707 τοῦ
3654 3657 3922 3724 Χριστοῦ.

2324 3751 2581 3805 Δεδόσθαι
2614 3749 2671 3802 δέ
2702 3763 2867 3819 φησιν
2900 3744 3078 3814 ἐαυτῷ
3110 3746 3236 3807 τοὺς
3280 3743 3380 3815 τὴν
3417 3746 3499 3807 είς
3532 3746 3710 3798 αὑτὸν
3746 3748 3926 3798 πίστνθ

2322 3842 2712 3913 προσιεμένους
2748 3838 2935 3902 πάλιν,
2964 3835 3040 3898 ὡς
3074 3835 3363 3905 ἄνθρωπος
3391 3836 3669 3902 γεγονώς.
3708 3838 3927 3906 Κλῆρος

2326 3934 2424 4002 μὲν
2452 3932 2561 4002 γάρ
2598 3929 2728 3994 ῐδιος
2760 3927 2912 3997 αὐτῷ
2958 3927 3140 3981 πάντα
3175 3926 3242 3978 τά
3273 3925 3370 3977 τοῦ
3403 3926 3647 3996 Πατρός.
3703 3926 3923 3991 Ἐπειδὴ

2322 4020 2398 4084 δὲ,
2428 4020 2504 4081 ὡς
2532 4018 2690 4085 ἔφην,
2723 4016 2992 4087 μετέσχεν
3020 4015 3252 4085 αἵματος
3279 4015 3375 4067 καὶ
3411 4016 3647 4085 σαρκὸς,
3682 4013 3812 4070 εἶτα
3838 4035 3925 4068 πε-

2324 4108 2700 4177 πιστεύκαμεν
2728 4107 2804 4170 ὡς
2828 4106 2966 4175 Θεῷ,
2998 4106 3171 4177 ταύτῃ
3193 4123 3275 4158 τοι
3292 4106 3354 4159 τδ
3385 4106 3486 4174 τῆς
3511 4107 3730 4171 δόσεως
3757 4109 3925 4177 ὄνομα

2324 4197 2807 4271 παρεισκρίνεται’
2843 4196 3200 4265 βεδασίλευκε
3250 4196 3359 4266 γὰρ
3418 4196 3585 4265 ήμῶν
3636 4202 3742 4251 καὶ
3792 4202 3923 4269 μετὰ

2326 4291 2550 4362 σαρκὸς,
2588 4293 2615 4343 ὁ
2644 4290 2740 4343 καὶ
2773 4292 2881 4359 πρὸ
2914 4290 3085 4360 αὐτῆς
3116 4289 3388 4359 βασιλεύς.
3415 4290 3531 4342 Καὶ
3565 4291 3707 4358 γοῦν
3741 4294 3818 4354 ὡς
3854 4294 3923 4351 εἰς

2322 4383 2420 4452 τὴν
2452 4382 2544 4435 τοῦ
2576 4382 2774 4451 χρῆναι
2806 4380 3115 4450 βασιλεύειν
3165 4382 3340 4452 ἀρχὴν
3374 4384 3887 4453 είσκεκομισμένος
3908 4426 3919 4443 .

645 4474 697 4525 in
731 4489 829 4528 uos
858 4476 1108 4528 obtinuit.
1137 4477 1209 4529 Ita
1255 4478 1342 4530 ubi
1387 4477 1616 4545 primum
1646 4474 1880 4529 Verbum
1918 4475 2081 4527 homo
2119 4487 2215 4526 no-

2326 4474 2413 4525 ὂτε
2440 4473 2632 4539 γέγονε
2663 4471 2784 4524 καθ’
2820 4473 2989 4542 ἡμᾶς,
3039 4490 3057 4522 ι
3095 4471 3301 4541 Κύριος
3326 4512 3340 4535 ,
3381 4472 3581 4542 φησὶν,
3622 4470 3753 4527 εἷπε
3793 4475 3922 4543 πρὸς

644 4559 743 4612 stri
774 4560 965 4615 similis
989 4562 1186 4616 factum
1216 4574 1317 4626 cst,
1349 4577 1406 4616 ut
1436 4564 1797 4633 principatum
1833 4562 1887 4616 in
1933 4577 2029 4615 nos
2056 4576 2210 4630 gere-

646 4662 745 4714 ret,
783 4651 1159 4721 inauguratum
1198 4666 1279 4709 est
1314 4674 1326 4708 :
1366 4675 1384 4705 ι
1417 4655 1675 4708 Dominus
1710 4655 1925 4724 (inquit)
1968 4652 2107 4707 dixit
2145 4652 2211 4705 ad

646 4760 730 4796 me
763 4761 776 4796 :
810 4744 973 4797 Filius
1017 4755 1167 4801 meus
1214 4762 1274 4801 es
1327 4756 1410 4813 tu;
1449 4762 1548 4815 ego
1590 4748 1748 4802 hodie
1804 4746 1965 4817 genui
2014 4758 2067 4800 te
2089 4746 2156 4800 “.
2189 4764 2207 4797 ι

2325 4579 2412 4629 με’
2447 4562 2575 4625 Υἱός
2611 4579 2712 4633 μου
2749 4559 2800 4614 εἷ
2834 4564 2922 4626 σὺ,
2958 4559 3070 4628 ἐγὼ
3106 4560 3348 4633 σήμερον
3393 4562 3725 4633 γεγέννηκά
3777 4581 3861 4615 σε.
3902 4583 3918 4612 ι

2319 4654 2541 4723 Δέχεται
2588 4654 2766 4705 τοίνυν
2799 4652 3154 4723 ἀνθρωπίνως
3185 4654 3256 4706 τά
3302 4653 3523 4723 ἑαυτοῦ,
3556 4656 3750 4709 καίτοι
3795 4674 3917 4708 κατα

2320 4744 2648 4807 εξουσιάζων
2675 4744 2789 4797 τῶν
2818 4745 2956 4797 ὅλων
2986 4744 3061 4807 ὼς
3090 4744 3247 4806 Θεός.

644 4835 900 4900 Quamvis
942 4850 1071 4903 ergo
1109 4847 1165 4889 ttt
1203 4838 1341 4891 Deus
1375 4839 1625 4893 omnibus
1693 4839 2033 4902 dominetur;
2101 4846 2279 4891 tamen
2320 4836 2617 4891 secundum
2671 4836 2964 4889 humanam
3016 4844 3289 4897 naturam,
3342 4851 3466 4905 qua
3512 4852 3622 4893 sua
3679 4842 3919 4911 alioquin

646 4938 821 4995 erant,
856 4929 1130 4996 accepisse
1160 4931 1380 4985 dicitur.

821 5040 899 5093 De
947 5040 1141 5093 Christi
1183 5042 1635 5107 sanctiﬁcatione,
1696 5044 2034 5113 ejusdemaue

1264 5113 1579 5165 sacerdotio.

718 5222 910 5277 XXIX.
959 5242 977 5274 ι
1016 5223 1249 5278 Docebat
1281 5224 1422 5278 enim
1470 5238 1611 5289 eum,
1642 5234 1863 5292 propter
1894 5239 2048 5292 quem
2098 5239 2213 5277 om-

718 5403 762 5435 "
803 5401 956 5459 Joan.
997 5418 1120 5466 vm,
1153 5402 1239 5466 15,
1266 5400 1352 5457 I6.
1426 5400 1721 5465 u.loan.vr,
1759 5401 1847 5455 '59.
1923 5402 1968 5433 “
2007 5401 2211 5455 Coloss.
2244 5402 2279 5465 i,
2326 5400 2409 5454 I8.

2320 5040 2460 5108 Περὶ
2500 5040 2602 5094 τοῦ
2643 5038 2923 5107 ἡττᾶσθαι
2980 5038 3090 5110 τὸν
3130 5040 3413 5105 Χριστὸν,
3469 5057 3573 5094 και
3628 5045 3742 5110 τῆς
3792 5044 3916 5097 κατ’

2636 5110 2823 5162 αὐτὸν
2846 5108 3185 5176 νοουμένης
3223 5110 3586 5177 ἱερωσύνης,

2393 5220 2517 5276 ΚΘ⁰.
2563 5240 2581 5273 t
2620 5222 2869 5290 Ἔπρεπε
2916 5220 3024 5289 γὰρ
3055 5219 3216 5273 αὐτὸν
3247 5221 3300 5285 h,
3354 5220 3423 5273 δι’
3476 5222 3538 5274 δν
3582 5223 3655 5275 τὰ
3694 5225 3875 5276 πάντα
3903 5264 3914 5285 ,

2510 5400 2554 5432 ⁸⁵
2585 5399 2745 5455 Ilebr.
2775 5416 2831 5467 tt,
2862 5399 2946 5453 l4.
3021 5399 3069 5431 ⁸⁸
3100 5398 3239 5454 Psal.
3275 5414 3336 5465 tt,
3386 5398 3453 5465 7;
3506 5400 3677 5461 Hebr.
3708 5418 3744 5467 ι,
3790 5402 3845 5457 5.

1738 5583 1905 5635 Varim
1934 5583 2185 5639 lectiones
2207 5582 2409 5637 codicis
2440 5580 2797 5649 chuioriani.

726 5744 743 5786 ί
787 5747 948 5815 μηέεν
984 5746 1333 5817 ἀπολέσηται.
1413 5751 1438 5791 Ι
1469 5743 1617 5796 αὐτὸ.
1695 5745 1719 5782 h
1754 5742 1909 5814 αὐτῷ·
