4042 6496
196 430 317 485 1575

956 427 1047 483 AD
1087 425 1384 482 REGINAS
1423 426 1508 480 DE
1549 425 1777 481 RECTA
1819 427 1975 482 FIDE
2013 425 2274 484 ORATIO
2311 426 2613 483 ALTERA.

3266 426 3412 487 1374

188 540 277 593 καὶ
313 541 366 595 δι’
396 536 449 596 οὗ
480 543 549 595 τὰ
579 544 754 598 πάντα
776 582 792 608 ,
824 542 1052 605 πολλοὺς
1084 544 1233 606 υἱοὺς
1278 543 1358 605 είς
1401 541 1559 606 δόξαν
1591 544 1726 610 ἀγα-

1839 542 1940 606 nia,
1984 551 2035 598 et
2071 558 2168 612 per
2195 558 2355 612 quem
2404 542 2606 606 omnia,
2658 539 2747 609 qui
2778 539 2981 596 mullos
3028 538 3168 595 ﬁlios
3196 539 3249 594 in
3294 541 3409 611 glo-

188 633 333 697 γόντα
354 634 393 697 ἱ,
416 633 507 686 τὸν
540 632 782 704 ἀρχηγὸν
814 633 915 703 τῆς
947 633 1220 703 σωτηρίας
1266 632 1447 685 αὐτῶν
1494 632 1581 686 διὰ
1620 650 1724 686 πα-

189 722 416 792 θημάτων
441 723 745 777 τελειῶσαι.
778 725 844 777 ’Ὀ
864 741 923 776 τε
954 725 1060 795 γάρ
1091 724 1334 791 ἁγιάζων
1364 726 1459 778 καὶ
1488 726 1538 777 οἱ
1566 724 1723 791 ἁγια-

184 811 394 882 ζόμενοι,
423 814 481 878 ἐξ
508 815 626 878 ἐνὸς
656 815 855 878 πάντες
876 830 889 843 ”
923 815 989 867 δι’
1024 815 1089 885 ἢν
1119 814 1297 867 αἰτίαν
1326 817 1427 868 οὐκ
1460 814 1724 883 ἐπαισχύ-

185 921 316 957 νεται
353 905 604 973 ἀδελφοὺς
651 906 846 969 αὐτοὺς
892 906 1105 969 καλεῖν,
1155 906 1350 973 λέγων·
1402 905 1725 974 Ἀπαγγελῶ

181 995 239 1047 τὸ
266 996 411 1066 ὄνομά
441 1014 535 1049 σου
565 1000 675 1060 τοῖς
704 997 952 1064 ἀδελφοῖς
983 1014 1081 1066 μου
1115 1037 1129 1059 ,
1161 1000 1218 1049 ἐν
1246 998 1397 1068 μέσῳ
1428 998 1725 1068 ἐκκλησίας

182 1085 385 1154 ὑμνήσω
428 1103 506 1139 σε.
548 1105 566 1138 ι
614 1088 828 1141 Οίονται
875 1089 1016 1155 τάχα
1046 1103 1147 1139 που
1192 1088 1300 1142 τῶν
1337 1088 1723 1159 ἀμαθεστέρων

178 1174 339 1237 τινὲς,
375 1176 463 1228 καὶ
503 1174 730 1245 διαιρεῖν
763 1173 1031 1227 είωθότων
1074 1176 1154 1237 είς
1191 1174 1285 1227 δύο
1324 1175 1596 1245 Χριστοὺς
1629 1174 1723 1225 καὶ

180 1264 256 1324 είς
275 1262 353 1315 δύο
381 1264 526 1337 υἱοὺς
559 1263 650 1316 τὸν
683 1263 779 1315 ’ἐνα
815 1262 1015 1334 Κύριον
1077 1261 1284 1331 Ἰησοῦν
1330 1261 1565 1333 Χριστὸν
1590 1300 1604 1323 ,
1634 1278 1725 1312 τε-

178 1354 437 1423 λειωθῆναι
468 1353 721 1421 λέγεσθαι
754 1354 841 1407 διὰ
870 1353 1210 1424 παθημάτων
1243 1352 1335 1405 τὸν
1381 1354 1445 1405 ἐκ
1470 1352 1726 1421 γυναικὸς

174 1444 434 1513 ἄνθρωπον
463 1443 568 1513 ἰδίᾳ
592 1443 900 1513 νοούμενον,
938 1448 1029 1496 καὶ
1056 1443 1177 1513 δίχα
1210 1442 1304 1495 τοῦ
1335 1444 1399 1496 ἐκ
1428 1442 1564 1495 Θεοῦ
1608 1444 1723 1495 Πα-

173 1532 294 1601 τρός
318 1533 459 1594 ὄντος
491 1534 665 1600 Λόγου
693 1574 707 1599 ,
731 1535 826 1586 καὶ
853 1533 1014 1586 αὐτὸν
1042 1532 1297 1602 λέγεσθαι
1327 1534 1425 1603 τῆς
1454 1532 1725 1603 σωτηρίας

172 1622 320 1692 ἡμῶν
339 1623 421 1674 τὸν
450 1623 711 1694 ἀρχηγόν.
754 1624 1145 1677 Τετελειῶσθαι
1179 1624 1235 1677 δὲ
1262 1626 1391 1695 παρ’
1438 1624 1601 1677 αὑτοῦ
1631 1624 1725 1677 τοῦ

170 1712 299 1764 Θεοῦ
324 1714 488 1780 Λόγου
521 1714 743 1768 δοθέντα
777 1717 911 1786 πρὸς
949 1716 1009 1768 τὸ
1035 1715 1205 1777 πάθος
1238 1714 1251 1764 ι
1308 1715 1383 1777 ὡς
1418 1714 1600 1786 ἓτερον
1634 1715 1727 1767 ίδι-

170 1803 296 1866 κῶς.
334 1806 561 1875 Πρέπειν
599 1806 709 1878 γὰρ
748 1808 895 1879 αὐτῷ
922 1809 985 1880 δὴ
1018 1807 1255 1878 μάλιστά
1298 1824 1429 1877 φασι
1466 1807 1543 1876 τῷ
1577 1808 1643 1861 δι’
1670 1807 1729 1860 ὃν

1829 634 1965 688 riam
2010 634 2333 701 adduxerat,
2374 644 2649 688 auctorem
2690 632 2883 688 salutis
2918 646 3105 687 eorum
3151 646 3249 702 per
3274 646 3406 700 pas-

1827 725 2008 780 siones
2046 740 2447 780 consummare.
2496 724 2598 791 Qui
2649 724 2793 779 enim
2839 724 3166 791 sanctiﬁcat,
3218 733 3274 779 et
3312 721 3404 793 qui

1826 815 2259 882 sanctiﬁcantur,
2304 830 2371 868 ex
2408 830 2517 869 uno
2560 829 2769 869 omnes.
2802 813 3029 882 Propter
3067 829 3228 884 quam
3270 830 3401 869 cau-

1825 919 1941 959 sam
1997 921 2104 959 non
2156 904 2502 959 confunditur
2538 905 2734 959 fratres
2781 918 2876 959 eos
2923 919 3139 971 vocare,
3170 904 3401 960 dicens:

1826 997 2180 1051 Annuutiaho
2211 1012 2407 1051 nomen
2454 1006 2601 1050 tuum
2643 995 2900 1050 fratribus
2941 996 3095 1061 meis,
3141 996 3193 1049 in
3224 996 3403 1049 medio

1826 1082 2069 1137 ecclesiae
2096 1082 2393 1137 laudabote
2415 1082 2482 1136 ⁵⁷.
2516 1101 2535 1134 ι
2572 1082 2859 1147 Rudiores,
2888 1084 2981 1152 qui
3000 1082 3283 1137 Dominum
3307 1099 3402 1136 no-

1825 1182 1993 1227 strum
2017 1172 2202 1229 Jesum
2238 1173 2515 1229 Christum
2544 1174 2681 1229 duos
2713 1173 2959 1229 Christos
2993 1174 3322 1243 totidemque
3345 1174 3402 1227 ﬁ-

1826 1264 1925 1319 lios
1942 1279 2042 1318 suo
2054 1279 2202 1318 more
2221 1265 2487 1331 dividunt,
2504 1267 2844 1320 arbitrantur
2859 1265 3107 1321 fortassis
3127 1268 3399 1321 hominem

1826 1371 1890 1410 ex
1912 1357 2136 1410 muliere
2161 1367 2370 1423 natum,
2402 1372 2643 1411 seorsum
2664 1372 2759 1424 per
2780 1372 2860 1422 se,
2885 1358 2986 1412 hoc
3006 1366 3107 1421 est,
3132 1374 3161 1410 a
3180 1356 3273 1412 Dei
3297 1358 3400 1411 Pa-

1829 1448 1927 1501 tris
1958 1446 2137 1502 Verbo
2166 1450 2492 1515 sejunctum,
2527 1446 2681 1517 151
2712 1462 2807 1516 per
2836 1450 3117 1517 passiones
3147 1446 3236 1502 hic
3267 1462 3402 1502 con-

1827 1548 2149 1591 summatum
2196 1538 2502 1605 praedicari,
2555 1538 2915 1605 eumdemque
2964 1537 3155 1591 salutis
3202 1545 3402 1589 nostrae

1828 1636 2103 1680 auctorem
2133 1626 2235 1680 hoc
2261 1626 2379 1680 loco
2401 1625 2698 1693 appellari;
2726 1635 3164 1680 consummatum
3191 1634 3403 1691 autem,

1828 1725 1883 1769 et
1918 1717 2159 1783 passioni
2190 1716 2352 1771 veluti
2389 1717 2619 1770 altermn
2652 1718 2960 1786 quempiam
2996 1732 3026 1769 a
3066 1732 3144 1783 se,
3180 1717 3245 1769 ab
3284 1716 3402 1787 ipso

1830 1806 2005 1863 Verbo
2034 1808 2301 1883 obiectum
2325 1823 2465 1866 esse.
2486 1806 2618 1861 Nam
2644 1808 2795 1874 illud,
2834 1826 2851 1858 ι
2895 1817 3116 1877 propter
3155 1822 3314 1875 quem
3348 1816 3403 1859 et

168 1896 235 1947 τὰ
267 1896 429 1948 πάντα
461 1898 555 1950 καὶ
584 1900 649 1950 δι’
681 1893 740 1952 οῦ
769 1901 835 1952 τά
868 1899 1065 1964 πάντα,
1101 1898 1189 1951 διά
1215 1916 1296 1951 τοι
1326 1899 1387 1951 τὸ
1419 1900 1586 1967 φάναι
1634 1898 1726 1952 τὸν

1839 1913 1925 1966 per
1968 1912 2125 1967 quem
2161 1898 2365 1962 omnia,
2398 1916 2417 1948 ι
2469 1898 2686 1967 proprie
2706 1900 2758 1951 in
2786 1897 2913 1951 illud
2940 1896 3251 1963 convenire,
3295 1895 3400 1949 hoc

169 1984 425 2054 μακάριον
462 1988 877 2059 εὐαγγελιστήνο
912 2008 930 2040 ι
961 1990 1145 2043 Πάντα
1180 1988 1248 2041 δι’
1277 1989 1441 2042 αὐτοῦ
1472 1992 1720 2056 ἐγένετο,

166 2075 259 2127 καὶ
307 2078 463 2146 χωρὶς
508 2078 678 2131 αὑτοῦ
719 2082 933 2147 ἐγένετο
959 2080 1080 2132 οὐδὲ
1110 2080 1189 2135 ἓν.
1228 2099 1245 2131 ι
1294 2110 1364 2120 -
1416 2100 1434 2131 ι
1475 2082 1725 2150 Ἐπρεπε

164 2166 356 2230 τοίνυν,
381 2168 511 2236 φασὶ
537 2208 551 2233 ,
589 2169 666 2239 τῷ
713 2171 892 2241 Λόγῳ,
926 2171 992 2224 δι’
1020 2170 1079 2223 ὃν
1109 2169 1178 2224 τά
1225 2171 1405 2225 πάντα
1438 2171 1535 2224 καὶ
1568 2172 1635 2223 δι’
1667 2164 1728 2224 οὗ

163 2260 232 2311 τὰ
278 2260 482 2325 πάντα,
511 2262 740 2326 πολλοὺς
786 2266 934 2328 υἱοὺς
964 2265 1044 2328 είς
1092 2262 1248 2328 δόξαν
1298 2264 1592 2333 ἀγαγόντι,
1639 2264 1729 2317 τὸν

168 2352 401 2419 ἀρχηγὸν
426 2352 525 2423 τῆς
558 2355 829 2425 σωτηρίας
857 2355 1057 2422 αὐτῶν,
1088 2376 1106 2407 ι
1142 2355 1417 2408 τουτέστιν
1442 2354 1730 2425 ἄνθρωπον

168 2440 371 2504 ἁπλῶς,
396 2444 485 2495 τὸν
513 2443 599 2499 διὰ
627 2446 726 2514 τῆς
754 2446 912 2512 ἁγίας
944 2445 1243 2516 Παρθένου,
1273 2464 1291 2495 ι
1326 2444 1612 2498 τελειῶσαι
1643 2446 1732 2498 διὰ

164 2530 518 2600 παθημάτων.
580 2552 599 2585 ι
678 2537 799 2587 Ὀτι
844 2525 906 2587 δέ’
952 2537 1100 2587 ἐστιν
1143 2532 1540 2604 ἐμϐροντησίας
1597 2534 1731 2587 ἀνά-

162 2622 339 2685 πλεως
388 2624 415 2675 ὁ
447 2623 604 2693 λόγος
654 2625 837 2689 αὐτοῖς
858 2665 875 2694 ,
930 2623 1006 2688 ὡς
1046 2623 1127 2677 ενι
1158 2625 1257 2677 καὶ
1288 2623 1383 2678 νῦν
1415 2622 1733 2690 καταδεῖξαι

159 2714 513 2783 πειράσομαι.

228 2892 307 2945 Λ’.
350 2890 572 2962 Πρῶτον
609 2892 707 2962 μὲν
756 2902 866 2962 γαρ
914 2892 973 2944 τὸ
998 2933 1013 2957 ,
1045 2893 1119 2944 δι’
1166 2888 1259 2956 οὗ,
1299 2893 1392 2970 καὶ
1438 2894 1524 2945 ἐπ’
1566 2891 1731 2945 αὐτοῦ

152 2980 391 3036 τέθειταί
426 2984 520 3037 τοῦ
556 2984 789 3055 Πατρός.
825 2984 934 3038 Καὶ
964 2982 1093 3052 γοῦν
1132 2985 1160 3035 ὁ
1196 2984 1465 3054 μακάριος
1497 2984 1731 3050 Παῦλος,

158 3094 177 3126 σ
216 3076 436 3140 Πιστὸς,
472 3077 658 3147 φησὶν,
698 3078 725 3129 ό
755 3076 920 3139 Θεὸς,
943 3076 1010 3129 δι’
1046 3069 1107 3129 οὗ
1137 3074 1403 3147 ἐκλήθητε
1436 3076 1515 3139 εἰς
1540 3093 1734 3129 κοινω-

149 3168 274 3219 νίαν
300 3166 394 3219 τοῦ
427 3166 557 3220 Υἱοῦ
602 3168 789 3222 αὑτοῦ.
830 3186 849 3219 ι
888 3167 1000 3221 Καὶ
1034 3168 1196 3223 πάλιν
1222 3172 1337 3231 τοῖς
1382 3168 1469 3221 διὰ
1499 3168 1736 3232 πίστεως

1835 1988 2109 2058 (inquiunt
2137 1987 2234 2058 illi)
2268 2003 2334 2043 ex
2364 1988 2526 2043 beato
2557 1990 2890 2058 evangelista
2919 1988 3198 2042 evidenter
3225 1986 3401 2056 colligi

1833 2088 2027 2150 potest.
2061 2080 2147 2133 Ait
2171 2081 2315 2134 enim
2346 2098 2358 2134 :
2398 2100 2417 2133 ι
2449 2080 2640 2135 Omnia
2671 2097 2767 2149 per
2801 2082 2974 2150 ipsum
3006 2080 3144 2133 facta
3174 2088 3321 2143 sunt,
3350 2086 3406 2132 et

1833 2174 1949 2227 sine
1983 2172 2100 2241 ipso
2136 2170 2334 2227 factum
2375 2182 2457 2227 est
2496 2174 2627 2227 nihil
2653 2174 2719 2227 ⁸⁸.
2752 2193 2770 2226 ι
2810 2202 2881 2215 --
2916 2192 2934 2224 ι
2966 2173 3199 2227 Decebat
3243 2172 3407 2242 igitur

1833 2265 1998 2335 (sicut
2030 2275 2279 2319 asserunt
2322 2264 2421 2331 illi)
2474 2276 2530 2318 ut
2564 2265 2655 2318 Dei
2688 2262 2949 2329 Verbum,
2987 2279 3084 2332 per
3113 2263 3251 2333 quod
3287 2276 3408 2315 om-

1835 2358 1944 2419 nia,
1979 2366 2033 2410 et
2064 2365 2284 2425 propter
2318 2356 2458 2424 quod
2501 2357 2703 2419 omnia,
2748 2355 2889 2424 quod
2940 2354 3137 2409 multos
3182 2353 3318 2405 ﬁlios
3351 2353 3403 2405 in

1834 2446 2000 2516 gloria
2027 2449 2342 2510 adduxerat,
2377 2445 2568 2499 salutis
2603 2445 2815 2499 illorum
2847 2454 3124 2499 auctorem
3157 2445 3281 2514 (hoc
3300 2452 3407 2507 est,

1833 2536 2108 2591 hominem
2138 2551 2329 2605 purum
2361 2552 2426 2590 ex
2465 2551 2617 2591 sacra
2654 2534 2871 2606 Virgine
2906 2536 3128 2607 ortum),
3160 2550 3257 2604 per
3286 2549 3411 2603 pas-

1835 2628 2015 2683 siones
2033 2629 2327 2695 perfectum
2350 2636 2893 2695 consumtnatumque
2916 2627 3185 2681 redderet.
3209 2644 3228 2677 ι
3256 2624 3409 2691 Quod

1835 2730 2016 2773 autem
2063 2721 2148 2772 hic
2194 2735 2381 2772 eorum
2429 2734 2607 2773 sermo
2655 2719 2894 2772 amentia
2936 2728 3164 2783 scateat,
3208 2726 3412 2787 quanta

1841 2809 1956 2864 ﬁeri
2004 2810 2199 2877 poterit
2230 2811 2615 2881 perspicuitate
2645 2825 2789 2863 nunc
2822 2810 3111 2864 ostendere
3151 2809 3409 2863 conabor.

1906 2899 2075 2953 XXX.
2117 2900 2173 2952 In
2221 2901 2412 2969 primis
2446 2901 2629 2971 itaque
2662 2900 2815 2963 illud,
2848 2915 2943 2969 per
2976 2915 3149 2970 quem,
3190 2899 3259 2953 de
3294 2898 3414 2967 ipso

1836 3006 2052 3061 quoque
2106 2990 2270 3045 Patre
2321 2991 2659 3045 enuntiatum
2721 2992 2994 3046 interdum
3057 2991 3410 3059 comperitur.

1843 3102 1861 3135 ι
1892 3082 2093 3137 Fidelis
2116 3081 2255 3136 Deus
2293 3081 2504 3150 (scribit
2532 3082 2981 3153 beatusPaulus),
3005 3096 3102 3152 per
3127 3097 3285 3151 quem
3319 3096 3416 3135 vo-

1839 3176 1945 3232 cati
1982 3176 2114 3229 estis
2146 3174 2199 3228 in
2230 3173 2545 3228 societatem
2584 3173 2707 3228 Filii
2740 3176 2857 3244 ejus
2875 3174 2942 3228 δ’.
2974 3193 2993 3227 ι
3026 3175 3107 3227 Ad
3152 3174 3273 3227 illos
3296 3187 3417 3227 rur-

148 3260 237 3320 εὶς
293 3246 573 3329 ἐλεύθερον
596 3258 813 3327 ἀξίωμα
864 3259 1256 3329 κεκλημένοις,
1298 3278 1315 3309 ι
1350 3259 1513 3329 Ἀρα,
1548 3259 1733 3329 φησὶν,

1839 3288 1979 3337 sum,
2008 3274 2097 3341 qui
2131 3284 2224 3339 per
2256 3266 2417 3323 ﬁdem
2439 3268 2508 3321 ad
2544 3266 2819 3321 libertatis
2850 3265 3171 3337 dignitatem
3205 3262 3417 3319 evocati

146 3349 339 3405 οὐκέτι
376 3345 427 3402 εἷ
454 3348 637 3412 δοῦλος
663 3389 678 3413 ,
713 3351 849 3403 ἀλλὰ
880 3351 991 3412 υἱός
1014 3366 1027 3380 ⁸
1059 3352 1107 3403 εί
1140 3351 1196 3404 δὲ
1229 3351 1343 3414 υίὸς
1368 3392 1381 3414 ,
1412 3353 1504 3403 καὶ
1534 3351 1737 3421 κληρο-

145 3441 320 3510 νόμος
366 3440 455 3494 διά
503 3440 659 3494 Θεοῦ.
702 3460 719 3493 ι
771 3441 1197 3512 Ἀδιαφορούσης
1242 3443 1424 3495 τοίνυν
1469 3444 1568 3512 τῆς
1616 3442 1737 3494 θεο-

146 3532 427 3586 πνεύστου
458 3533 680 3603 Γραφῆς
719 3532 849 3603 περὶ⁵
886 3532 985 3602 τὴν
1012 3533 1113 3602 τῆς
1162 3533 1362 3599 λέξεως
1404 3533 1733 3603 ἐκφὼνησιν,

141 3624 456 3695 δεχομένης
499 3623 556 3677 δὲ
597 3623 769 3695 αὐτὴν
798 3625 893 3677 καὶ
926 3624 1021 3676 ἐπὶ
1064 3622 1161 3676 τοῦ
1194 3624 1408 3693 Πατρὸς
1429 3663 1443 3685 ,
1474 3624 1627 3676 οὐδὲν
1657 3624 1737 3676 ἔτι

139 3716 208 3770 τὸ
240 3714 518 3769 συνωθοῦν
542 3716 691 3785 ἡμᾶς
722 3716 801 3778 είς
831 3713 892 3767 τὸ
921 3713 1014 3766 τοῦ
1040 3712 1171 3766 Υίοῦ
1194 3713 1545 3783 περιτρέπειν
1567 3713 1737 3781 πρόσ-

137 3825 302 3861 ωπον
349 3807 428 3869 ὡς
460 3807 517 3874 ἐξ
547 3807 792 3880 ἀνάγκης
823 3805 884 3858 τὸ
908 3846 922 3869 ,
971 3804 1045 3859 δί’
1082 3799 1178 3860 οὗ.
1223 3804 1443 3874 Ἐπειδὴ
1493 3803 1551 3856 δὲ
1580 3804 1738 3857 τοῦτό

138 3904 303 3954 ἐστιν
339 3899 541 3969 ἀληθὲς
562 3938 575 3961 ,
608 3898 662 3950 τί
688 3899 715 3937 ι
761 3898 834 3967 μὴ
868 3896 1067 3967 μᾶλλον
1096 3895 1326 3965 ἀφέντες
1359 3895 1437 3957 εἰς
1476 3893 1537 3945 τὸ
1568 3894 1740 3964 παρὸν

136 3990 207 4043 τὸ
238 3988 415 4041 αὑτοῦ
436 3990 752 4059 πρόσωπον,
775 3981 894 4038 εἶτα
914 3986 992 4054 τῷ
1020 3984 1206 4054 σκοπῷ
1233 3983 1342 4038 τῶν
1366 3983 1527 4054 ἱερῶν
1558 3982 1595 4033 Γ
1605 3999 1743 4053 ραμ-

140 4081 349 4151 μάτων
385 4080 672 4149 ἑπόμενοι,
698 4079 764 4147 τῇ
796 4076 933 4146 μετά
962 4077 1165 4144 σαρκὸς
1195 4075 1475 4145 οἰκονομία
1513 4074 1604 4126 τοῦ
1633 4075 1743 4127 Μο-

134 4172 417 4241 νογενοῦς
460 4173 551 4223 τὸν
598 4171 735 4238 αὐτῇ
788 4167 1065 4238 πρέποντα
1108 4167 1398 4238 τηροῦντες
1429 4166 1605 4233 λόγον,
1652 4165 1744 4219 τὸν

135 4265 383 4333 Πατέρα
432 4264 609 4332 φαμὲν
655 4259 940 4312 τελειῶσαι
969 4259 1057 4311 διὰ
1101 4258 1440 4327 παθημάτων
1473 4257 1744 4327 ἐνανθρω·

133 4356 418 4425 στήσαντα
448 4356 539 4407 τὸν
576 4353 738 4420 Υίόν;
770 4373 787 4403 ι
824 4351 1116 4422 ’Υπέμεινε
1137 4352 1245 4422 γὰρ
1278 4354 1532 4419 σταυρὸν,
1554 4349 1746 4421 αἰσχύ-

130 4466 248 4517 νης
298 4447 765 4516 καταφρονήσας,
818 4463 837 4497 ι
883 4445 941 4497 ἐν
983 4443 1202 4513 εὐδοκία
1246 4460 1346 4494 που
1393 4442 1609 4504 πάντως
1649 4440 1743 4493 τοῦ

1839 3365 2087 3428 fuerant,
2136 3364 2209 3417 ita
2244 3362 2320 3415 ait
2351 3379 2366 3417 :
2401 3379 2421 3413 ι
2452 3359 2637 3428 Itaque
2663 3359 2775 3428 jam
2818 3373 2923 3413 non
2968 3373 3029 3413 es
3067 3372 3278 3421 servus,
3323 3356 3419 3411 sed

1842 3459 1982 3513 ﬁlius
2009 3476 2024 3514 :
2056 3458 2197 3526 quod
2237 3457 2281 3511 si
2314 3455 2473 3519 ﬁlius,
2511 3464 2567 3508 et
2596 3454 2771 3507 haeres
2801 3466 2896 3521 per
2929 3452 3097 3506 Deum
3117 3451 3188 3505 ".
3225 3468 3244 3501 ι
3280 3446 3417 3502 Cum

1844 3564 1973 3619 ergo
2032 3547 2214 3603 divina
2270 3545 2549 3614 Scriptura
2605 3544 2913 3614 promiscue
2970 3543 3115 3596 hanc
3174 3540 3418 3609 phrasim

1848 3646 2091 3707 usurpet,
2127 3645 2287 3704 atque
2330 3634 2480 3702 illud,
2510 3651 2603 3705 per
2631 3649 2803 3703 quem,
2834 3630 3040 3686 tribuat
3069 3630 3173 3702 ipsi
3201 3644 3418 3701 quoque

1846 3725 2030 3791 Patri;
2086 3724 2217 3779 nihil
2262 3734 2347 3779 est
2392 3726 2537 3793 quod
2586 3722 2708 3777 Filii
2756 3732 2960 3777 tantum
2998 3737 3241 3793 persona:
3289 3720 3419 3776 illud

1845 3833 1943 3873 nos
1972 3816 2220 3871 admetiri
2249 3816 2557 3871 necessario
2583 3815 2894 3885 compellat.
2930 3814 3065 3869 Cum
3100 3816 3283 3882 itaque
3306 3812 3422 3867 haec

1844 3908 1917 3962 ita
1955 3923 2015 3962 se
2068 3907 2322 3973 habeant,
2372 3922 2473 3962 cur
2524 3906 2703 3975 potius
2743 3906 2966 3960 minime
3014 3905 3118 3959 hoc
3168 3906 3235 3959 de
3281 3901 3421 3958 Filio

1844 3996 2233 4067 intelligentes,
2273 3997 2368 4051 sed
2416 3996 2822 4065 Scripturarum
2859 3994 3171 4048 auctoritati
3226 3994 3420 4056 innixi,

1846 4103 2257 4158 sermonemque
2310 4087 2580 4143 incarnati
2640 4087 2910 4157 Unigeniti
2972 4085 3231 4157 mysterio
3294 4100 3424 4139 con-

1846 4192 2125 4250 gruentem
2160 4181 2402 4235 studiose
2434 4179 2761 4243 consectati,
2801 4192 2905 4231 non
2940 4178 3170 4232 dicimus
3206 4177 3422 4231 Patrem

1846 4272 2039 4327 Filium
2089 4271 2367 4325 hominem
2423 4270 2626 4324 factum
2688 4283 2785 4338 per
2840 4270 3119 4337 passiones
3172 4283 3427 4322 consum-

1850 4361 2066 4416 masse?
2106 4361 2542 4430 quandoquidem
2594 4359 2662 4425 is,
2711 4360 2822 4413 Deo
2866 4359 3027 4414 Patre
3071 4361 3151 4413 sic
3187 4358 3424 4423 volente,

1855 4471 1873 4503 ι
1908 4452 2205 4520 Ignominia
2246 4459 2576 4520 contempta,
2620 4465 2839 4505 crucem
2881 4450 3223 4513 sustinuit“,
3258 4468 3276 4501 ι
3314 4465 3426 4520 quo

129 4539 289 4593 Θεοῦ
341 4541 443 4591 καὶ
475 4538 704 4609 Πατρόςο
745 4537 829 4589 ἵνα
874 4537 967 4588 καὶ
996 4536 1143 4605 ἡμᾶς
1185 4536 1299 4597 τοῖς
1328 4535 1531 4603 ἴχνεσιν
1577 4531 1744 4585 αὐτοῦ

1851 4553 1906 4598 et
1948 4557 2046 4598 nos
2073 4556 2286 4611 quoque
2324 4541 2572 4611 vestigiis
2619 4540 2762 4595 illius
2795 4541 3140 4605 inhaerentes,
3173 4552 3428 4595 strenuos

131 4630 589 4686 κατακολουθεῖν
625 4629 963 4699 ᾑρημένους,
992 4626 1275 4688 νεανικοὺς
1299 4625 1554 4694 ἀποφήνῃ
1574 4664 1589 4689 ,
1622 4640 1741 4676 πει-

128 4726 433 4795 Θομένους
462 4723 677 4789 λέγοντι
706 4739 720 4754 ·
759 4742 776 4772 ι
812 4724 903 4790 Μὴ
930 4720 1181 4790 φοϐεῖσθε
1210 4719 1317 4773 ἀπὸ
1349 4718 1459 4771 τῶν
1489 4718 1745 4771 ἀποκτει-

125 4821 362 4874 νόντων
401 4814 556 4886 ὑμῶν
583 4816 644 4867 τὸ
677 4815 837 4882 σῶμα
857 4852 872 4875 ,
900 4813 998 4881 τὴν
1031 4813 1087 4864 δέ
1116 4812 1293 4881 ψυχὴν
1328 4812 1401 4880 μὴ
1430 4809 1747 4879 δυναμένων

128 4913 511 4967 ἀποκτεῖναι.
550 4927 569 4959 ι
625 4905 845 4974 Ἐπειδὴ
883 4905 990 4973 γὰρ
1034 4903 1257 4973 ἔμελλον
1302 4904 1481 4971 θλίψιν
1511 4902 1655 4970 ἔχειν
1690 4904 1747 4951 ἐν

123 5002 221 5071 τῷ
253 5002 465 5072 κόσμῳ
485 5040 501 5064 ,
532 4997 628 5053 καὶ
655 4994 945 5050 οιώκεσθαι
972 4994 1100 5062 παρ’
1131 4992 1362 5061 ἐχθρῶν,
1394 4991 1488 5044 καὶ
1513 4991 1620 5043 τῶν
1648 4989 1747 5058 τῆς

124 5092 433 5163 ἀληθείας
465 5091 751 5162 δογμάτων
796 5084 1139 5158 ὑπεραθλεῖν,
1188 5082 1369 5153 ἱδρῶτί
1411 5101 1470 5135 τε
1518 5083 1611 5136 καὶ
1648 5084 1748 5135 πό·

122 5201 261 5246 νοις
298 5182 615 5253 κατορθοῦν
655 5179 714 5236 εὖ
750 5180 895 5251 μαλα
927 5179 1025 5249 τὴν
1053 5174 1253 5244 ἀρετὴν
1281 5175 1380 5226 οὐκ
1414 5174 1479 5243 ἐᾷ
1517 5171 1749 5243 θρύπτε-

126 5274 277 5327 σθαι
316 5274 463 5342 πρὸς
497 5273 697 5336 δειλίας
721 5314 735 5336 ,
780 5270 1070 5341 ἀποφαίνει
1102 5267 1158 5321 δέ
1191 5265 1389 5339 μᾶλλον
1417 5264 1745 5334 εὐτολμοτά-

124 5384 304 5428 τους,
349 5364 558 5427 ἐλάτας
600 5364 761 5427 αὐτὸς
803 5364 891 5416 διὰ
936 5362 1293 5433 παθημάτων,
1341 5358 1428 5412 ἵνα
1473 5359 1568 5411 καὶ
1602 5359 1748 5429 ἡμᾶς

170 5517 224 5548 ⁸⁷
271 5515 461 5571 Hebr.
500 5530 562 5580 ιι,
606 5506 791 5572 ιο-ιῑ.
867 5516 913 5550 ⁸⁸
944 5514 1097 5570 Joau.
1139 5529 1177 5580 ι,
1218 5512 1270 5565 5.
1347 5509 1430 5564 δ’]
1462 5509 1588 5564 Cor.
1621 5527 1659 5577 ι,
1688 5512 1742 5569 9.

1850 4633 2104 4698 eﬁiceret,
2142 4632 2472 4687 conﬁdentes
2511 4632 2563 4686 in
2616 4633 2707 4687 illo
2743 4635 2833 4701 qui
2879 4634 3008 4687 dicit
3039 4650 3051 4686 :
3089 4651 3106 4684 ι
3138 4631 3315 4688 Nolite
3359 4632 3428 4686 ti-

1854 4739 2003 4778 mere
2042 4738 2135 4777 eos
2165 4724 2255 4792 qui
2288 4725 2543 4777 occidunt
2584 4739 2800 4791 corpus,
2831 4724 3063 4777 animam
3102 4733 3279 4777 autem
3319 4740 3427 4779 non

1853 4826 2080 4886 possunt
2136 4816 2385 4869 occidere
2407 4818 2474 4867 ⁵³.
2514 4834 2532 4865 ι
2597 4814 2729 4867 Nam
2779 4816 2923 4885 quod
2976 4814 3321 4871 aﬂlictionem
3375 4815 3427 4868 in

1858 4907 2077 4968 mundo,
2121 4906 2664 4977 persecutionemque
2712 4909 2780 4964 ab
2829 4911 3073 4964 hostibus
3120 4907 3427 4978 perpessuri

1855 5003 2061 5060 essent,
2102 5003 2157 5046 et
2201 4994 2387 5063 gravia
2424 5010 2522 5064 pro
2561 4996 2807 5049 veritatis
2841 4996 3089 5065 dogmate
3132 4991 3427 5046 certamina

1853 5084 2107 5150 Subituri,
2152 5094 2208 5139 et
2250 5087 2465 5141 virtutis
2507 5086 2738 5155 denique
2786 5087 3017 5138 stadium
3075 5098 3180 5137 non
3227 5083 3441 5155 absque

1855 5190 2049 5245 magno
2100 5179 2295 5232 sudore
2334 5188 2388 5233 et
2438 5177 2700 5232 molestiis
2746 5176 3058 5241 decursuri,
3115 5174 3289 5231 noluit
3338 5190 3433 5230 eos

1856 5278 2002 5321 tnetu
2052 5269 2246 5339 frangi,
2297 5271 2389 5325 sed
2432 5284 2526 5337 per
2576 5283 2639 5321 ea
2673 5281 2794 5336 qua:
2838 5267 2956 5336 ipse
2992 5282 3282 5338 perpessus
3319 5276 3424 5332 est,

1858 5361 2087 5416 animari
2118 5380 2131 5415 :
2163 5372 2219 5414 ut
2259 5376 2384 5414 vero
2420 5375 2516 5413 uos
2544 5359 2706 5412 etiam
2751 5373 2811 5413 ea
2847 5360 3149 5414 detrectare
3188 5374 3295 5413 non
3330 5372 3430 5411 au-

1820 5512 1866 5545 ⁸⁰
1903 5510 2079 5567 Gulat.
2122 5527 2195 5577 tv,
2226 5510 2284 5565 7.
2374 5512 2418 5543 ⁸³
2455 5510 2617 5566 llcbr.
2662 5526 2760 5579 xu,
2794 5513 2849 5568 2.
2926 5514 2972 5546 ⁸³
3003 5511 3195 5567 Matth.
3239 5526 3295 5581 ι,
3328 5510 3423 5569 98.

1275 5665 1446 5721 Variae
1472 5667 1732 5724 lectiones
1757 5668 1958 5727 codicis
1983 5664 2341 5737 Seguieriani.

167 5804 193 5852 ί
238 5805 552 5876 ἀγαγόντι.
633 5804 646 5855 l
687 5804 898 5860 παθεῖν.
978 5805 1003 5845 ιι
1033 5804 1207 5863 τοῦτο.
