4042 6460
604 363 747 422 1375

1618 358 1676 413 S.
1715 356 1989 413 CYRILLI
2029 356 2500 412 ALEXANDle
2542 354 2864 413 ARCHIEP.

3766 358 3895 413 {376

608 479 880 542 deremus,
909 476 1149 531 ostendit
1180 476 1365 531 dicens
1398 491 1413 530 :
1453 494 1470 526 ι
1499 473 1612 530 Νοιι
1656 486 1737 531 est
1769 476 2066 546 discipulus
2095 492 2185 529 suc

2303 474 2655 546 ἐκδυσωπήσῃ
2681 514 2695 537 ,
2723 474 2924 542 λέγων’
2974 492 2992 525 ι
3028 472 3143 526 Οὐκ
3175 474 3290 527 ἔστι
3325 472 3585 543 μαθητὴς
3619 471 3770 541 ὑπὲρ
3812 477 3896 523 τὸν

606 583 706 641 per
735 568 1076 637 magistrum,
1110 582 1210 623 nec
1248 581 1437 623 servus
1472 582 1637 637 super
1665 569 1943 622 dominum
1985 584 2182 623 suum:

614 660 772 730 152
800 658 1001 731 sumcit
1032 660 1318 728 discipulo,
1356 667 1413 713 ut
1454 660 1526 714 sit
1567 662 1709 714 sicut
1756 661 2011 729 magister
2046 660 2184 729 ejus,

609 761 664 804 et
706 764 884 813 servo,
929 752 1071 806 sicut
1109 750 1356 805 dominus
1394 750 1512 819 ejus
1533 750 1600 803 ".
1634 768 1652 801 ι
1688 779 1758 789 -
1784 768 1804 802 ι
1836 747 1893 805 Si
1943 765 2027 804 me
2064 766 2188 821 per-

610 840 783 895 secuti
814 848 960 905 sunt,
992 848 1047 895 et
1075 855 1168 894 vos
1198 850 1594 910 persequentur
1614 840 1683 897 ³⁸.
1713 860 1733 894 ι

682 927 878 983 XXXI.
918 928 1124 998 Scapus
1168 931 1352 999 itaque
1382 930 1661 999 unigenito
1697 929 1787 984 Dei
1831 928 1966 984 Filio
1994 945 2194 1001 propo-

613 1020 755 1075 situs
792 1020 912 1086 fuit,
947 1021 999 1074 in
1038 1035 1201 1075 carne
1238 1035 1333 1075 sua
1366 1036 1464 1090 pro
1507 1020 1666 1074 nobis
1699 1020 1831 1089 pati.
1868 1019 2031 1089 Cujus
2067 1023 2194 1091 qui-

613 1113 737 1165 dem
792 1112 1050 1181 propositi
1099 1127 1319 1166 causam
1368 1112 1583 1167 divinus
1636 1111 1837 1168 Paulus
1882 1113 1966 1169 his
2009 1114 2194 1169 verbis

614 1201 914 1269 explanat:
948 1220 967 1253 ε
993 1201 1129 1268 Quia
1171 1200 1391 1273 (inquit)
1449 1201 1602 1271 pueri
1656 1202 2197 1271 communicaverunt

614 1291 765 1345 carni
818 1300 874 1345 et
920 1292 1193 1363 sanguini,
1246 1300 1302 1347 et
1366 1293 1482 1361 ipse
1545 1291 1795 1347 similiter
1851 1294 2198 1362 participavit

613 1383 819 1437 eisdem
851 1402 864 1437 :
894 1392 953 1437 ut
976 1398 1072 1453 per
1096 1391 1326 1438 mortem
1352 1383 1656 1437 destrueret
1672 1397 1817 1448 eum,
1845 1382 1939 1453 qui
1963 1383 2198 1438 habebat

614 1476 810 1529 mortis
840 1475 1150 1545 imperium,
1184 1476 1235 1531 id
1269 1485 1354 1530 est
1381 1474 1697 1541 diabolum;
1727 1483 1779 1529 et
1807 1474 2068 1531 liberaret
2102 1488 2197 1531 eos

614 1564 707 1632 qui
750 1565 944 1620 timore
977 1567 1167 1622 mortis
1217 1582 1316 1637 per
1354 1575 1520 1621 lotam
1562 1566 1728 1620 vitam
1768 1567 1989 1621 obnoxii
2038 1576 2196 1622 erant

615 1655 862 1709 servituti
886 1656 955 1711 ⁸⁵.
991 1675 1010 1709 ι
1048 1655 1182 1710 Cum
1214 1670 1345 1724 ergo
1382 1658 1577 1711 mortis
1620 1658 1917 1713 destructio
1947 1658 2199 1712 humana!

615 1756 825 1801 natura:
852 1747 1165 1802 facultatem
1210 1758 1495 1817 superaret
1520 1749 1669 1819 (nam
1704 1764 1801 1819 per
1839 1761 1995 1805 vetus
2030 1749 2198 1805 male-

615 1836 819 1889 dictum
850 1837 903 1890 in
934 1852 1055 1891 eam
1093 1815 1323 1893 adducta
1362 1850 1479 1897 erat
1501 1815 1895 1906 calamitatem,
1927 1851 1985 1895 ut
2010 1856 2195 1896 neces-
2226 1815 2269 1870 Β

615 1928 764 1981 sario
803 1928 994 1985 mortis
1038 1928 1269 2000 imperio
1312 1930 1545 1986 obnoxia
1589 1937 1909 2003 teneretur),
1956 1934 2197 2004 oportuit

615 2026 675 2070 ut
715 2018 986 2074 vivificum
1035 2020 1130 2076 Dei
1173 2020 1413 2077 Verbum
1462 2032 1661 2079 natura
1704 2026 1862 2078 morti
1907 2025 2193 2091 obstricta,

618 2109 719 2163 ltoc
749 2121 831 2166 est
862 2120 1046 2167 nostra
1088 2112 1351 2180 humana,
1398 2127 1520 2169 sese
1565 2114 1850 2182 indueret;
1896 2129 2004 2184 quo
2049 2130 2197 2170 mors

616 2200 855 2256 efferatae
893 2202 1173 2271 cujusdam
1219 2203 1413 2267 bellua:
1459 2206 1631 2260 instar
1664 2206 1941 2276 propriam
1983 2218 2199 2275 quoque

615 2292 760 2347 illius
813 2308 1032 2349 carnem
1084 2296 1303 2360 adorsa,
1356 2312 1386 2350 a
1447 2296 1735 2367 tyrannide
1781 2313 1941 2367 quam
1994 2298 2048 2351 in
2097 2311 2199 2351 nos

614 2386 929 2449 exercebat,
963 2386 1111 2440 velut
1149 2402 1178 2439 a
1221 2388 1329 2442 Deo
1354 2386 1468 2456 jam
1510 2388 1795 2452 debellata,
1836 2390 1887 2441 in
1922 2399 2198 2456 posterum

617 2473 925 2529 desisteret.
962 2474 1081 2544 Ipse
1112 2477 1296 2545 itaque
1324 2485 1430 2541 est,
1471 2478 1563 2545 qui
1606 2478 1823 2546 quidem
1853 2486 2075 2547 propter
2101 2492 2200 2533 nos

618 2564 917 2618 secundum
970 2580 1227 2628 carnem,
1280 2567 1384 2621 hoc
1440 2574 1525 2620 est
1568 2566 1858 2619 humanam
1915 2577 2197 2631 naturam,

618 2655 932 2723 perﬁcitur;
993 2655 1291 2711 secundum
1337 2656 1575 2711 divinam
1622 2670 1753 2711 vero
1799 2656 2060 2711 virtutem
2109 2659 2199 2729 (eo

619 2746 896 2813 nimirum,
946 2748 1089 2818 quod
1140 2748 1338 2804 mortis
1392 2748 1653 2816 impetum
1698 2746 2048 2819 perfregerlt)
2099 2763 2198 2802 nos

619 2836 852 2905 perlicit,
885 2848 1354 2908 consummatque.
1403 2838 1598 2893 Deerat
1624 2839 1767 2892 enim
1812 2839 2061 2893 humanas
2103 2852 2201 2891 na-

617 2938 751 2985 tura!
781 2944 844 2985 ea
876 2930 1159 2999 integritas
1203 2940 1257 2985 et
1286 2929 1639 3000 incorruptio,
1667 2944 1829 2999 quam
1863 2931 1916 2984 in
1943 2940 2096 2984 ortus
2117 2930 2199 2983 sui

618 3020 919 3090 primordio
955 3020 1240 3076 obtinebat
1273 3038 1289 3076 :
1320 3039 1339 3072 ι
1372 3020 1513 3075 Deus
1546 3020 1690 3075 enim
1730 3030 1957 3074 mortem
1994 3035 2098 3074 non
2130 3019 2204 3074 fe-

2289 564 2629 629 διδάσκαλον,
2685 564 2806 617 οὐδὲ
2858 564 3043 627 δοῦλος
3087 563 3228 633 ὑπὲρ
3274 564 3370 617 τὸν
3420 563 3639 633 Κύριον
3693 562 3894 615 αὑτοῦ⁸

2290 656 2524 726 ἀρκετὸν
2560 655 2639 726 τῷ
2686 654 2901 725 μαθητῇ
2953 655 3040 706 ἴνα
3086 654 3316 724 γένηται
3364 654 3441 717 ὡς
3494 654 3898 716 όοδιδάσκαλος

2292 746 2476 809 αὑτοῦ,
2507 747 2600 799 καὶ
2638 746 2714 815 τῷ
2752 746 2945 815 δούλῳ,
2986 744 3063 808 ὼς
3105 747 3133 797 6
3180 745 3370 815 κύριος
3402 744 3599 798 αὑτοῦ.
3640 765 3659 796 ι
3687 744 3755 798 Εἰ
3800 746 3897 814 ἐμὲ

2292 836 2541 901 ἐδίωξαν,
2572 837 2669 890 καὶ
2700 837 2841 907 ὑμᾶς
2876 836 3147 901 διώξουσι.

2363 929 2488 981 ΛΑ¹.
2532 926 2740 988 Σκοπὸς
2768 923 2859 979 οὖν
2889 926 2998 995 ἀρα
3023 924 3102 995 τῷ
3132 925 3432 991 Μονογενεῖ
3469 925 3701 993 γέγονε,
3738 927 3899 995 σαρκὶ

2293 1023 2362 1091 τῇ
2402 1019 2505 1090 ἰδία
2538 1020 2731 1072 παθεῖν
2782 1019 2922 1088 ὑπὲρ
2976 1017 3151 1088 ήμῶν.
3196 1019 3307 1072 Καὶ
3351 1019 3486 1072 ποία
3533 1019 3627 1081 τίς
3676 1021 3830 1071 ἐστιν
3867 1023 3898 1088 ή

2294 1110 2448 1164 τοῦδε
2473 1111 2744 1181 πρόφασις
2769 1150 2783 1173 ,
2810 1110 3011 1175 διδάξει
3042 1110 3219 1178 λέγων
3243 1112 3273 1163 6
3305 1109 3599 1172 θεσπέσιος
3643 1110 3863 1172 Παῦλος
3887 1128 3897 1138 ·

2307 1221 2324 1256 t
2373 1204 2591 1275 Ἐπειδὴ
2624 1202 2733 1275 γὰρ
2764 1203 2832 1256 τὰ
2862 1203 3053 1256 παιδία
3084 1201 3489 1273 κεκοινώνηκεν
3535 1203 3788 1271 αἵματος
3815 1204 3905 1254 καὶ

2300 1297 2524 1367 σαρκὸς,
2549 1296 2645 1349 καὶ⁷
2670 1295 2836 1359 αὐτὸς
2858 1296 3259 1367 παραπλησίως
3290 1296 3528 1367 μετέσχε
3547 1293 3665 1347 τῶν
3697 1294 3904 1353 αὐτῶν,

2299 1386 2387 1441 ῐνα
2415 1386 2505 1440 διὰ
2533 1386 2627 1440 τοῦ
2652 1386 2886 1440 Θανάτου
2907 1390 3232 1458 καταργήσῃ
3259 1388 3351 1440 τὸν
3376 1386 3439 1440 τὸ
3465 1386 3681 1456 κράτος
3712 1385 3904 1453 ἔχοντα

2298 1477 2394 1532 τοῦ
2424 1478 2686 1541 θανάτου,
2741 1477 2993 1531 τουτέστι
3031 1479 3123 1532 τὸν
3166 1477 3437 1531 διάϐολον·
3478 1478 3579 1530 καὶ
3612 1476 3904 1545 ἀπαλλάξῃ

2298 1570 2553 1634 τούτους,
2608 1572 2721 1623 ὅσοι
2768 1567 2920 1639 φόσῳ
2977 1569 3208 1622 θανάτου
3252 1568 3340 1619 διὰ
3394 1568 3607 1630 παντὸς
3659 1566 3761 1619 τοῦ
3813 1565 3907 1637 ζῇν

2301 1662 2474 1731 ἔνοχοι
2503 1656 2645 1731 ἦσαν
2668 1659 2940 1721 δουλείας.
2976 1677 2994 1709 ι
3028 1657 3240 1712 Οὐκοῦν
3270 1656 3579 1727 ἐπειδήπερ
3607 1657 3908 1725 ἁιέφικτον

2300 1747 2369 1824 ἦν
2397 1755 2462 1823 τῇ
2492 1751 2782 1821 ἀνθρώπου
2815 1750 2977 1821 φύσει
3012 1750 3074 1802 τὸ
3100 1749 3451 1819 καταργῆσαι
3482 1748 3733 1801 θάνατον
3768 1750 3909 1817 (ὲκε-

2300 1844 2541 1915 κράτητο
2569 1843 2679 1914 γὰρ
2716 1844 2808 1895 ὑπ’
2840 1840 3006 1896 αὑτοῦ
3028 1882 3043 1906 ,
3078 1838 3579 1909 κατακομιζούσης
3609 1840 3793 1907 αὐτὴν
3836 1843 3910 1900 εἰς

2299 1936 2461 1990 τοῦτο
2491 1936 2590 2005 τῆς
2619 1935 2853 2005 ἀρχαίας
2880 1936 3023 2004 ἀρᾶς
3050 1932 3313 2002 ἐκείνης),
3352 1932 3698 1999 ἀναγκαίως
3724 1933 3754 1982 6
3786 1931 3911 1995 ζωο-

2298 2027 2451 2090 ποιὸς
2478 2025 2573 2079 τοῦ
2606 2025 2741 2079 Θεοῦ
2787 2025 2959 2093 Λόγος
2989 2023 3088 2096 τὴν
3127 2022 3346 2092 θανάτῳ
3392 2020 3411 2061 1
3457 2022 3711 2091 κάτοχον
3761 2024 3910 2091 ἡμπ-

2300 2120 2492 2190 έσχετο
2518 2118 2702 2187 φύσιν,
2730 2118 2973 2171 τουτέστι
3002 2118 3103 2187 τὴν
3131 2114 3254 2169 καθ’
3286 2115 3457 2185 ἡμᾶς,
3476 2114 3663 2185 ἤγουν
3692 2114 3799 2182 τὴν
3828 2115 3912 2166 ἀν-

2262 2250 2268 2255 -
2301 2210 2603 2285 θρωπίνην,
2631 2211 2718 2265 ἵνα
2744 2211 2841 2265 καὶ
2870 2214 2937 2282 τῇ
2982 2209 3150 2264 αὑτοῦ
3190 2208 3360 2280 σαρκὶ
3400 2207 3678 2279 καθάπερ
3711 2223 3767 2259 τι
3810 2206 3913 2258 τῶν

2301 2302 2608 2357 άτιθάσσων
2637 2301 2842 2371 θηρίων
2879 2299 3227 2371 ἐπιπηδήσας
3251 2300 3281 2352 6
3315 2296 3558 2361 θάνατος
3579 2338 3595 2361 ,
3623 2296 3913 2365 παύσηται

2300 2399 2399 2464 τῆς
2429 2383 2566 2448 καθ”
2583 2394 2742 2465 ήμῶν
2765 2392 3105 2463 τυραννίδος,
3131 2391 3207 2455 ὡς
3233 2390 3390 2462 παρά
3420 2388 3569 2443 Θεοῦ
3601 2387 3913 2459 καταργού-

2305 2503 2485 2557 μενος.
2516 2486 2689 2549 Αὐτὸς
2732 2480 2827 2538 οὖν
2851 2484 2960 2555 ἀρα
2992 2483 3143 2536 ἐστὶν
3172 2484 3201 2535 6
3228 2481 3396 2551 σαρκὶ
3423 2479 3831 2548 τελειούμενος
3850 2478 3912 2529 δι’

2301 2577 2449 2647 ἡμᾶς
2470 2574 2831 2645 ἀνθρωπίνως
2855 2612 2871 2637 ,
2914 2572 3140 2625 τελειῶν
3182 2571 3239 2622 δὲ
3269 2570 3422 2639 ἡμᾶς
3450 2568 3668 2630 θεῖκῶς
3698 2568 3793 2621 διὰ
3821 2566 3907 2619 τοῦ

2302 2665 2648 2737 καταργῆσαι
2672 2663 2766 2717 τοῦ
2801 2662 3033 2716 θανάτου
3070 2660 3134 2713 τὸ
3175 2659 3402 2729 κράτος.
3435 2657 3681 2710 Ἐλειπε
3703 2659 3824 2729 ,γὰρ
3849 2661 3910 2726 τῇ

2300 2755 2589 2830 ἀνθρώπου
2616 2754 2777 2825 φύσει
2803 2753 2863 2807 τὸ
2903 2751 3201 2823 ἄφθαρτον,
3226 2748 3372 2803 οὕτω
3393 2750 3695 2822 γενομένῃ
3737 2750 3831 2802 καὶ
3859 2752 3911 2800 ὲν

2302 2852 2516 2922 ἀρχαῖς.
2570 2867 2587 2899 t
2645 2849 2704 2900 Ὀ
2734 2846 2845 2916 γὰρ
2873 2845 3009 2907 Θεὸς
3050 2842 3281 2896 θάνατον
3327 2842 3430 2894 οὐκ
3458 2841 3768 2911 εποίησεν,
3803 2842 3912 2893 οὐδὲ

2301 2941 2562 3011 τέρπεται
2591 2937 2678 2989 ἐπ’
2712 2932 2960 3003 ἀπωλείᾳ
2983 2932 3203 2997 ζωντων
3226 2945 3240 2960 ·
3277 2930 3465 2982 ικτισε
3486 2928 3608 2996 γὰρ
3635 2933 3737 3001 ἐἰς
3762 2930 3821 2983 τὸ
3844 2926 3912 2982 εἷ-

2304 3048 2392 3086 ναι
2412 3031 2480 3082 τὰ
2505 3030 2705 3081 πάντα·
2736 3044 2753 3077 ι
2790 3026 2884 3078 καὶ
2909 3024 3168 3093 σωτήριοι
3192 3021 3250 3073 αἱ
3272 3020 3523 3087 γενέσεις
3553 3019 3661 3072 τοῦ
3684 3022 3910 3091 κόσμου,

615 3110 711 3173 cit,
765 3126 943 3180 neque
990 3112 1202 3165 laetatur
1241 3110 1294 3163 in
1327 3109 1633 3178 perditione
1674 3110 1942 3163 vivorum.
1987 3108 2202 3163 Crcavit

2305 3121 2401 3174 καὶ
2427 3120 2527 3172 οὐκ
2574 3117 2721 3169 ἔστιν
2759 3116 2855 3167 καὶ
2896 3114 2953 3165 ὲν
2991 3113 3178 3175 αὐτοῖς
3208 3120 3248 3147 ω
3279 3110 3587 3181 φάρμακον
3642 3112 3909 3183 ὀλέθρου,

616 3203 785 3265 enim,
824 3210 882 3254 ut
926 3209 1129 3265 essent,
1167 3200 1353 3254 omnia
1383 3200 1451 3262 ⁸⁸,
1483 3217 1503 3250 ι
1545 3208 1902 3268 spectantque
1953 3198 2019 3252 ad
2055 3197 2199 3252 salu-

619 3301 731 3345 tem
780 3291 963 3345 mundi
1020 3290 1334 3358 primordia,
1394 3304 1495 3344 nec
1537 3299 1619 3344 est
1671 3291 1722 3343 in
1773 3290 1880 3343 illis
1926 3303 2195 3343 venenum

616 3382 957 3453 perditionis,
991 3397 1090 3435 nec
1124 3380 1422 3435 inferorum
1459 3395 1681 3449 regnum
1716 3382 1769 3434 in
1812 3388 1953 3434 terra
1983 3397 1998 3433 :
2036 3397 2054 3431 ι
2088 3377 2196 3433 Sed

616 3474 815 3529 diaboli
850 3473 1050 3528 invidia
1100 3488 1247 3529 mors
1278 3473 1503 3529 intravit
1547 3473 1601 3527 in
1653 3474 1910 3527 mundum
1934 3472 2003 3525 ".
2042 3490 2059 3523 ι
2116 3472 2199 3525 Ad

616 3567 765 3623 hunc
809 3569 993 3639 itaque
1038 3572 1256 3625 modum
1299 3584 1399 3625 nos
1448 3569 1755 3639 perficient,
1804 3569 1872 3624 ad
1916 3570 2198 3625 caelestem

618 3655 834 3714 Patrem
865 3659 1044 3714 aiebat
1070 3676 1085 3715 :
1125 3678 1144 3712 ι
1176 3661 1289 3731 Ego
1319 3670 1371 3715 te
1415 3658 1712 3714 clarificavi
1756 3674 1919 3729 super
1949 3669 2150 3715 terram
2182 3676 2196 3712 :

616 3763 752 3817 opus
784 3752 1158 3806 consummavi
1193 3754 1335 3822 quod
1370 3751 1566 3806 dedisti
1597 3752 1727 3805 mihi
1769 3762 1827 3805 ut
1852 3751 2048 3807 faciam
2071 3751 2141 3807 ⁸⁸.
2173 3770 2193 3803 ι

618 3840 692 3894 En
748 3857 981 3912 namque
1013 3858 1141 3897 vera
1187 3855 1272 3897 est
1317 3842 1410 3897 Dei
1457 3840 1637 3896 Patris
1676 3842 1869 3910 gloria,
1909 3842 2051 3911 quod
2099 3857 2201 3911 per

615 3931 812 3987 Filium
844 3949 998 3987 suum
1041 3934 1331 3987 demolitus
1364 3941 1442 3987 est
1482 3939 1733 3986 mortem.
1775 3929 1882 3986 Per
1915 3932 2201 3999 passiones

618 4023 847 4089 proinde
885 4024 985 4092 ipsi
1020 4024 1236 4091 quidem
1264 4022 1681 4085 consummatio,
1730 4022 1889 4075 nobis
1922 4037 2048 4075 vero
2085 4022 2201 4090 ejus

618 4114 765 4181 quod
799 4115 1008 4178 deerat,
1060 4113 1296 4182 expletio
1324 4115 1537 4183 obtigit.
1580 4112 1683 4168 Per
1732 4112 2011 4168 Christum
2053 4115 2198 4169 enim

618 4214 672 4259 et
704 4205 756 4259 in
784 4206 1003 4260 Christo
1042 4221 1179 4260 nova
1220 4215 1471 4263 creatura
1500 4204 1676 4260 effecti
1720 4220 1907 4259 sumus
1933 4204 2001 4259 ⁸⁸.

691 4296 906 4352 XXXII.
948 4299 1103 4365 Quod
1165 4307 1345 4352 autem
1396 4311 1502 4351 non
1557 4297 1759 4351 nudum
1811 4298 2199 4365 vulgaremth

618 4388 895 4444 hominem
942 4406 971 4443 a
1012 4390 1193 4444 Verbo
1238 4388 1569 4457 seiunctum,
1623 4388 1797 4443 nostri
1847 4402 2011 4442 causa
2064 4401 2199 4441 cun-

2302 3209 2421 3263 οὐδὲ
2462 3206 2609 3260 ἐστιν
2655 3204 2782 3277 ᾆδον
2828 3202 3077 3273 βασιλεία
3116 3199 3210 3254 ἐπὶ
3251 3198 3353 3269 τῆς
3393 3198 3525 3268 γῆς.
3576 3217 3596 3250 t
3643 3199 3914 3269 Φθόνῳδὲ

2300 3298 2547 3354 διαϐόλου
2576 3296 2805 3359 θάνατος
2826 3296 2908 3358 είς
2938 3294 3030 3352 τὸν
3060 3293 3268 3363 κόσμον
3308 3290 3589 3362 είσῆλθεν.
3650 3310 3672 3343 ι
3726 3292 3911 3355 Οὕτως

2300 3392 2450 3463 ἡμᾶς
2479 3386 2775 3449 τελειώσας
2823 3385 3031 3455 ἔφασκε
3076 3384 3213 3453 πρὸς
3261 3382 3354 3436 τδν
3393 3384 3456 3435 ιν
3492 3383 3765 3453 οὐρανοῖς
3808 3386 3914 3436 Πα-

2300 3482 2435 3555 τέρα
2471 3480 2565 3534 καὶ
2604 3477 2737 3531 Θεόν
2758 3494 2772 3508 ·
2808 3495 2827 3528 t
2873 3474 3018 3543 Ἐγώ
3061 3491 3122 3527 σε
3155 3472 3385 3539 ἐδόξασα
3414 3473 3512 3527 ἐπὶ
3558 3474 3667 3543 τῆς
3702 3474 3831 3543 γῆς·
3862 3475 3915 3525 τὺ

2300 3575 2461 3647 ἔργον
2485 3569 2798 3632 ὲτελείωσα,
2829 3568 2858 3622 6
2877 3566 3117 3627 δέδωκάς
3152 3583 3280 3637 μοι,
3314 3566 3406 3618 ῖνα
3441 3567 3674 3635 ποιήσω
3703 3568 3861 3619 αὐτό.
3893 3584 3909 3613 ι

2301 3666 2439 3731 Δόξα
2482 3668 2591 3735 γὰρ
2622 3660 2839 3733 ἀληθῶς
2872 3660 2951 3731 τῷ
2976 3658 3097 3729 Θεῷ
3131 3658 3227 3710 καὶ
3257 3656 3468 3726 Πατρὶ,
3495 3657 3583 3726 τῷ
3616 3667 3644 3694 ιι
3683 3657 3781 3709 διὰ
3824 3656 3911 3709 τοῦ

2306 3757 2437 3809 ίδίου
2455 3753 2624 3823 Γεννή
2634 3768 2803 3823 ματος
2833 3750 3251 3821 καταργήσαντι
3278 3754 3302 3781 °
3328 3746 3591 3799 θάνατον.
3625 3747 3851 3800 Οὐκοῦν
3881 3752 3908 3817 ή

2306 3848 2404 3919 μὲν
2428 3846 2709 3908 τελείωσις
2754 3843 2904 3913 αὐτῷ
2945 3842 3037 3895 διὰ
3067 3840 3434 3911 παθημάτων,
3464 3842 3610 3911 ἡμῖν
3651 3840 3715 3893 δὲ
3750 3858 3912 3913 προσ-

2302 3939 2444 4009 θήκη
2501 3934 2597 3988 τοῦ
2660 3932 2940 3994 λείποντος
2985 3930 3046 3984 τὸ
3099 3929 3503 3999 γεγενημένον·
3572 3930 3750 4001 καινὴ
3808 3932 3910 3997 γὰρ

2302 4027 2479 4091 κτίσις
2506 4024 2575 4079 τὰ
2607 4024 2666 4078 ὲν
2696 4022 2940 4098 Χριστῷ.

2373 4288 2497 4343 AB'.
2535 4287 2658 4340 Ὅτι
2679 4286 2737 4339 δὲ
2760 4287 2862 4339 οὐκ
2889 4283 3179 4356 ἄνθρωπον
3205 4282 3395 4345 άπλῶς
3428 4283 3792 4355 ἐξῃρημένον
3820 4287 3908 4341 τοῦ

2301 4379 2474 4449 Λόγου
2518 4376 2903 4432 τετελειῶσθαί
2935 4394 3102 4448 φησιν
3148 4376 3290 4447 ὑπὲρ
3325 4375 3510 4445 ήμῶν,
3552 4380 3657 4430 καὶ
3711 4384 3773 4433 ἐν
3816 4382 3909 4434 ἀν-

620 4487 948 4531 sttmmatum
998 4478 1167 4540 dicat,
1216 4478 1309 4531 sed
1351 4478 1642 4548 ipsummet
1685 4476 2036 4544 Unigenitum
2093 4476 2194 4529 bu-

2303 4470 2549 4541 θρωπεία
2572 4469 2629 4522 δὲ
2675 4468 2875 4538 μᾶλλον
2912 4471 3097 4540 μορφῇ
3135 4467 3426 4537 πεφηνότα
3457 4466 3553 4519 τὸν
3583 4470 3874 4541 Μονογενῆ
3894 4512 3905 4533 ,

621 4582 780 4621 mana
820 4567 991 4621 forma
1040 4566 1309 4629 indutum,
1349 4568 1400 4622 id
1430 4568 1645 4621 divinus
1687 4566 1888 4621 Paulus
1936 4566 2036 4619 hac
2086 4582 2203 4619 rur-

622 4674 743 4715 sum
781 4657 1029 4711 oratione
1056 4657 1383 4713 confirmat:
1421 4677 1440 4711 ι
1468 4659 1569 4726 Qui
1622 4658 1839 4728 (inquit)
1868 4656 2197 4720 sanctiﬁcat,

627 4750 784 4822 153
806 4759 861 4805 et
894 4752 985 4818 qui
1026 4751 1455 4815 sanctilicantur,
1488 4766 1554 4805 ex
1583 4764 1691 4804 uno
1720 4763 1931 4803 omnes.
1970 4746 2204 4816 Propter

622 4859 783 4913 quam
818 4857 1037 4899 causam
1091 4856 1197 4895 non
1228 4839 1578 4894 confunditur
1614 4841 1813 4895 fratres
1857 4853 1951 4893 eos
1980 4852 2197 4900 vocare,

623 4934 842 4989 dicens:
864 4933 1213 4989 Annuntiabo
1238 4946 1434 4985 nomen
1460 4940 1605 4983 tuum
1632 4930 1895 4983 fratribus
1920 4928 2056 4981 meis
2071 4929 2139 4983 “.
2172 4946 2191 4979 ι

624 5022 727 5076 Hic
756 5036 933 5088 Opera:
983 5027 1213 5094 pretium
1258 5031 1344 5076 est
1374 5034 1723 5091 cognoscere,
1766 5017 2079 5085 ecquisnam
2114 5018 2203 5072 ille

626 5110 831 5177 sitqui
886 5113 1219 5178 sanctificat;
1277 5122 1388 5166 tum
1437 5110 1659 5180 quinam
1712 5109 1788 5161 illi
1838 5122 2057 5161 rursum
2111 5108 2200 5175 qui

626 5201 1064 5268 sanctificantur;
1094 5215 1147 5258 et
1175 5221 1412 5275 quonam
1466 5203 1625 5259 modo
1664 5216 1729 5256 ex
1770 5215 1878 5253 uno
1904 5215 2114 5266 onmes,
2148 5210 2202 5253 et

691 5358 739 5390 ³³
774 5354 960 5410 Mullh.
1000 5371 1053 5417 ι,
1094 5356 1184 5417 23,
1214 5358 1302 5411 ‘23.

620 5443 758 5495 xm,
796 5428 849 5483 6.
926 5424 972 5457 ⁵⁹
1002 5424 1043 5481 ΙΙ
1078 5426 1202 5479 Cor.
1240 5444 1290 5492 v,
1322 5429 1404 5482 l7.
1481 5432 1525 5461 '°
1558 5430 1717 5483 Ilcbr.
1752 5444 1813 5492 ll,
1852 5427 1933 5479 ll.

1413 5362 1457 5391 ”
1494 5358 1651 5411 Jnan.
1703 5373 1790 5417 xv,
1824 5354 1913 5407 9.0.
2010 5355 2055 5384 "
2090 5352 2251 5407 Hebr.
2281 5370 2338 5421 tt,
2369 5356 2452 5419 Η,
2494 5356 2577 5410 15.
2655 5354 2701 5385 ⁵⁸
2738 5353 2864 5422 Sap.
2898 5369 2935 5417 ι,
2980 5353 3064 5406 15.

2307 4558 2643 4615 πιστώσεται
2678 4558 2839 4612 πάλιν
2882 4559 2911 4610 6
2945 4557 3231 4619 θεσπέσιος
3278 4556 3498 4620 Παῦλος
3549 4562 3903 4629 προστιθείς·

2315 4670 2334 4700 ε
2374 4650 2442 4701 Ὅ
2469 4665 2530 4700 τε
2557 4647 2667 4717 γὰρ
2700 4645 2966 4715 ἁγιάζων,
3010 4648 3108 4701 καὶ
3146 4649 3194 4701 οί
3239 4646 3605 4719 ἁγιαζόμενοι
3633 4692 3649 4715 ,
3688 4652 3753 4715 ἐξ
3795 4653 3909 4711 ἑνὸς

2308 4741 2536 4801 πάντες·
2578 4738 2645 4791 δι’
2681 4740 2747 4807 ήν
2797 4738 2976 4792 αἰτίαν
3023 4740 3125 4792 οὐκ
3176 4741 3587 4811 ἐπαισχύνεται
3644 4743 3908 4811 ἀδελφοὺς

2310 4830 2509 4892 αὐτοὺς
2535 4828 2743 4891 καλεῖν,
2771 4828 2967 4897 λέγων·
3009 4830 3337 4900 Ἀπαγγελῶ
3368 4833 3430 4885 τὸ
3462 4833 3651 4901 ὄνομα
3679 4850 3777 4885 σου
3806 4836 3911 4892 τοῖς

2306 4920 2549 4989 ἀδελφοῖς
2581 4938 2703 4991 μου.
2745 4941 2764 4974 ι
2797 4920 2893 4984 Τίς
2928 4924 2956 4975 6
3003 4923 3265 4991 ἁγιάζων,
3298 4924 3395 4975 καὶ
3430 4924 3586 4985 τίνες
3614 4924 3684 4976 ἂν
3719 4921 3831 4977 εἷεν
3863 4924 3904 4974 οἱ

2304 5014 2671 5085 ἀγιαζόμενον
2708 5017 2803 5070 καὶ
2845 5016 2962 5078 πῶς
3002 5016 3062 5079 ἐξ
3109 5016 3229 5075 ἑνὸς
3260 5014 3503 5075 πάντες,
3542 5014 3578 5083 ἦ
3629 5018 3696 5067 ὲκ
3724 5016 3866 5075 τίνος
3892 5057 3904 5073 .

2300 5108 2437 5171 ὅλως
2470 5107 2616 5174 ἀξιον
2657 5109 2807 5161 ἰδεῖν.
2844 5105 3052 5159 Οὐκοῦν
3084 5104 3299 5171 ἁγιάζει
3340 5106 3440 5171 μὲν
3473 5106 3504 5157 6
3547 5106 3685 5169 Υἱὸς
3709 5148 3723 5168 ,
3760 5107 3906 5172 ἅγιος

2302 5198 2378 5254 ὢν
2416 5201 2558 5253 κατὰ
2602 5200 2764 5269 φύσιν
2796 5198 2872 5261 ὡς
2912 5196 3063 5259 Θεός·
3101 5194 3421 5265 ήγιάςμεθι
3453 5196 3513 5248 δὲ
3562 5200 3736 5267 ἡμεῖς
3782 5198 3906 5264 παρ’

3144 5350 3187 5382 ⁸⁷
3225 5350 3331 5421 Sap
3390 5369 3450 5418 tl,
3477 5353 3575 5409 Ξῖ.
3665 5356 3709 5386 ³⁸
3749 5353 3900 5407 Joan.

1715 5584 1889 5639 Variae
1917 5585 2175 5640 lectiones
2202 5584 2404 5639 codicis
2429 5582 2787 5654 Seguieriani.

708 5718 1003 5777 Ῑθανάτον.
1080 5731 1120 5761 ω
1147 5718 1356 5782 αὑταῖς.
1442 5726 1465 5754 η
1502 5716 1579 5769 τό.
1660 5727 1682 5751 ο
1718 5722 2085 5783 καταργῆσαι.
