4042 6490
214 434 332 493 1577

989 428 1082 483 ΑΒ
1118 425 1417 482 REGINAS
1457 424 1539 479 DE
1580 424 1805 481 RECTA
1840 426 1996 482 FIDE
2033 426 2627 484 ORATIOVALTERA.

3292 428 3428 487 I378

211 551 353 607 αὑτοῦ
376 548 462 602 διὰ
504 545 599 602 τοῦ
651 546 987 620 Πνεύματος.
1038 549 1164 614 Πῶς
1211 546 1306 604 οὖν
1356 550 1403 602 οἱ
1450 548 1650 612 πάντες
1696 549 1755 615 ἐξ

1865 566 1923 605 ex
1967 565 2074 619 quo
2108 549 2320 604 tandem
2376 550 2487 609 illo.
2539 547 2858 608 Sanctiﬁcat
2895 550 3061 620 igitur
3088 549 3280 614 Filius,
3334 563 3425 607 se-

212 646 347 706 ἑνόςς
387 641 471 703 Ὠς
494 638 725 712 11οιητοῦ
749 641 846 695 καὶ
878 642 1244 714 Δημιουργοῦ·
1279 642 1421 695 ὥστε
1452 640 1548 693 καὶ
1580 642 1750 710 ἁναγ-

210 738 344 789 καῖον
366 730 610 785 ἐντεῦθεν
639 731 790 801 ἡμᾶς
838 731 973 802 πρὸς
1007 732 1271 804 ἀλλήλους
1300 732 1446 801 ἔχειν
1471 729 1569 801 τὴν
1604 731 1754 784 ἁδελ-

211 827 413 895 φότητα.
448 820 681 891 Γενητοῦ
701 831 730 872 P
751 822 859 895 γὰρ
880 824 1016 894 πρὸς
1044 825 1289 895 γενητὸν,
1322 824 1459 877 καθὸ
1482 825 1683 894 γενητὰ
1702 835 1751 888 ιι,

210 917 388 988 φυσική
416 933 496 979 τις
526 918 558 987 ἡ
595 914 910 988 ἀδελφότης.
945 918 1138 971 Καίτοι
1177 917 1275 985 τὴν
1301 914 1464 982 φύσιν
1491 915 1754 986 ἁγένητός

208 1011 338 1061 ἔστιν
357 1008 383 1059 ὁ
413 1006 540 1068 Υίὸς
558 1045 571 1068 ,
600 1006 696 1059 καὶ
723 1009 823 1061 οὐκ
848 1007 1073 1075 ἀδελφὸς
1101 1009 1168 1076 τῇ
1204 1006 1379 1058 κτίσει
1412 1006 1556 1059 κατά
1596 1024 1661 1073 γε
1694 1008 1755 1059 τὸ

206 1093 332 1150 εἶναι
357 1095 512 1165 φύσει
553 1095 715 1162 Θεός·
759 1097 879 1160 πῶς
907 1092 1001 1150 οὖν
1030 1098 1079 1149 οί
1123 1095 1323 1159 πάντες
1368 1096 1426 1161 ἐξ
1457 1097 1573 1161 ἑνὸς
1592 1139 1607 1162 ,
1638 1100 1666 1151 ὃ
1694 1116 1754 1151 τε

207 1190 428 1258 ἁγιάζων
456 1188 552 1244 καὶ
580 1190 631 1243 οἱ
671 1190 1057 1259 ἁγιαζόμενοι;
1094 1187 1303 1241 Οὐκοῦν
1334 1189 1633 1257 ἀναγκαῖος
1675 1192 1754 1253 εἰς

201 1283 294 1353 τὴν
321 1282 421 1335 τῶν
463 1282 840 1353 προκειμένων
880 1279 1207 1350 διασὰφησιν
1235 1280 1333 1351 τῆς
1371 1282 1507 1352 μετὰ
1553 1280 1755 1351 σαρκὸς

200 1374 493 1443 οἰκονομίας
514 1376 543 1428 ὁ
573 1372 752 1442 λόγος.
781 1372 910 1424 Ὅτε
940 1372 1052 1442 γὰρ
1077 1372 1269 1440 γέγονε
1292 1372 1414 1425 καθ’
1440 1374 1608 1443 ἡμᾶς,
1634 1371 1754 1423 τότε

200 1465 288 1517 καὶ
328 1464 483 1527 αὐτὸς
512 1463 629 1534 μεθ’
659 1461 817 1531 ἡμῶν
858 1460 919 1526 ἐξ
947 1462 1065 1524 ἑνὸς
1100 1461 1317 1529 λέγεται
1350 1463 1444 1515 καὶ
1474 1461 1757 1532 κεχρημά-

197 1572 309 1607 τικε
332 1557 439 1617 τοῖς
463 1553 756 1621 κτίσμασιν
778 1551 1006 1621 ἁδελφὸς
1028 1592 1042 1616 ,
1067 1551 1143 1614 ὡς
1168 1552 1486 1621 συγγένειαν
1508 1552 1757 1623 ἐσχηκὼς

195 1645 291 1713 τὴν
330 1646 461 1714 πρὸς
508 1646 656 1713 ἡμᾶς
683 1642 1053 1714 ἀνθρωπίνην.
1108 1642 1297 1715 Ταύτῃ
1325 1661 1407 1697 τοι
1461 1644 1555 1696 καὶ
1612 1644 1756 1714 μάλα

196 1736 405 1798 εἰκότως
448 1735 548 1787 οὑκ
594 1734 908 1805 αἰσχύνεται
950 1735 1100 1805 ἡμᾶς
1137 1734 1398 1803 ἀδελφοὺς
1442 1734 1753 1804 ὀνομάζειν,

193 1827 291 1879 οὐκ
322 1825 682 1895 ἀνασχόμενος
707 1864 721 1887 ,
748 1825 824 1889 ὦς
852 1825 916 1893 γέ
941 1840 1032 1894 μοι
1058 1825 1327 1892 φαίνεται,
1356 1828 1469 1887 τοῖς
1492 1826 1560 1879 δι’
1590 1825 1753 1878 αὑτοῦ

1856 642 2087 697 cundum
2144 650 2393 696 naturam
2434 654 2655 699 sanctus
2696 641 2987 706 exsisteus,
3025 652 3212 712 utpote
3241 642 3421 710 Deus;

1853 731 2259 787 sanctificamur
2296 743 2475 787 autem
2509 749 2607 789 nos
2638 736 2707 790 ab
2754 749 2820 790 eo
2851 748 2948 804 per
2993 729 3255 801 Spiritum
3297 749 3429 789 san-

1854 832 2024 876 ctum.
2067 821 2135 875 At
2175 823 2445 891 quomodo
2472 838 2533 876 ex
2585 840 2692 879 uno
2718 824 2951 879 omnes?
2980 821 3056 876 Ex
3094 838 3203 876 uno
3242 826 3430 894 utique

1854 928 2042 967 omnes
2064 914 2346 967 conditore
2375 923 2428 968 et
2452 915 2667 982 opifice,
2697 917 2841 970 unde
2867 924 2922 969 et
2941 922 3193 969 .mutuam
3217 930 3431 984 quoque

1854 1003 2248 1058 fraternitatem
2291 1005 2600 1059 necessario
2635 1006 2761 1059 hinc
2788 1008 3075 1062 trahimus.
3121 1007 3255 1061 Nam
3289 1006 3432 1061 inter

1856 1094 2097 1162 genitum
2127 1106 2182 1149 et
2217 1097 2481 1166 genitum,
2516 1106 2784 1166 quatenus
2811 1099 2989 1166 genita
3025 1106 3173 1165 sunt,
3208 1107 3431 1152 natura-

1857 1183 1924 1235 lis
1967 1184 2213 1253 quaedam
2258 1187 2588 1255 germanitas
2639 1187 2947 1243 intercedit.
2993 1187 3259 1244 Caeterum
3301 1202 3430 1243 cum

1858 1273 2029 1329 Filius
2061 1292 2165 1330 non
2203 1277 2276 1331 sit
2312 1289 2506 1331 natura
2542 1278 2738 1345 factus,
2789 1294 2962 1348 neque
3012 1280 3176 1333 ullam
3208 1280 3432 1335 omnino

1862 1376 1918 1419 ut
1968 1366 2112 1423 Deus
2159 1368 2558 1422 fraternitatem
2610 1386 2733 1425 cum
2771 1381 3023 1425 creatura
3068 1369 3206 1424 inire
3236 1377 3435 1439 queat;

1857 1458 1950 1526 qui
1978 1459 2089 1513 ﬁeri
2134 1468 2311 1526 potest
2353 1469 2413 1514 ut
2452 1474 2663 1525 omnes,
2704 1470 2811 1515 tam
2849 1462 2922 1516 illi
2951 1462 3041 1531 qui
3081 1462 3435 1517 sanctiﬁcan-

1861 1556 1965 1607 tur,
1993 1564 2155 1615 quam
2186 1549 2232 1603 is
2261 1564 2477 1619 quoque
2502 1552 2593 1617 qui
2625 1550 2952 1615 sanctiﬁcat,
2989 1549 3342 1621 proﬂuxerint
3366 1549 3437 1604 ab

1858 1638 2006 1693 uno?
2036 1640 2180 1693 Sane
2212 1641 2278 1693 ad
2312 1641 2602 1695 dilucidam
2651 1643 2939 1711 proposita
2980 1643 3056 1696 rei
3099 1642 3436 1709 explanatio-

1860 1744 2005 1792 nem,
2039 1729 2429 1784 incarnationis
2462 1733 2824 1786 oeconomiam
2868 1743 3117 1800 spectare
3148 1746 3245 1785 nos
3274 1746 3438 1801 opor-

1862 1828 1957 1882 tet.
1988 1820 2121 1875 Cum
2157 1821 2303 1874 enim
2329 1822 2488 1877 nobis
2518 1824 2816 1877 secundum
2847 1838 3066 1877 carnem
3105 1824 3436 1878 assitnilatus

192 1915 460 1983 γεγονόσιν
503 1914 732 1983 ἁδελφὸς
775 1911 1179 1982 ὀνομάζεσθαι,
1223 1913 1272 1964 εί
1302 1912 1375 1983 μὴ
1404 1912 1595 1980 γέγονε
1631 1911 1751 1964 κατ’

1865 1922 1963 1979 est,
2007 1922 2134 1965 tunc
2181 1921 2235 1966 et
2278 1912 2394 1982 ipse
2425 1928 2641 1982 quoque
2693 1916 2916 1985 perinde
2954 1930 3019 1970 ac
3057 1930 3156 1970 nos
3214 1931 3278 1969 ex
3329 1930 3439 1971 uno

190 2004 400 2070 αὐτοὺς,
428 2005 569 2076 πλὴν
592 2005 653 2057 οὐ
680 2002 865 2073 μεθεὶς
891 2003 1028 2073 ὅπερ
1054 1998 1143 2073 ἦν.
1163 2003 1296 2055 Τότε
1321 2004 1427 2073 γὰρ
1452 2002 1756 2071 ἀνεπιπλή-

190 2113 331 2159 κτως
358 2098 447 2149 καὶ
477 2096 709 2167 ὑμνήσει
758 2093 879 2164 μεθ’
912 2094 1069 2164 ἡμῶν
1102 2093 1296 2158 αὐτὸς,
1327 2093 1385 2146 ὃν
1425 2093 1655 2163 ὑμνοῦσι
1686 2092 1756 2147 τὰ

188 2189 493 2258 Σεραφεὶμ,
522 2186 617 2241 καὶ
650 2186 913 2256 σύμπασα
944 2184 1121 2248 κτίσις
1151 2187 1465 2255 προσκυνεῖ.

1860 2018 1982 2057 esse
2008 2002 2187 2059 dictus
2222 2014 2330 2069 est,
2354 2016 2839 2076 creaturarnmque
2864 2007 3173 2075 fraterjure
3196 2007 3437 2078 appella-

1860 2101 1968 2157 tus,
2008 2102 2191 2161 utpote
2225 2109 2347 2147 cum
2378 2095 2611 2149 humana
2642 2106 2831 2149 natura
2861 2100 3237 2167 cognationem
3276 2098 3442 2152 sorti-

1864 2192 1970 2238 tus.
2014 2184 2125 2239 liae
2170 2186 2332 2254 igitur
2376 2185 2584 2241 ratione
2631 2186 2765 2243 satis
2818 2202 3056 2257 congrue
3090 2188 3288 2242 fratres
3341 2202 3441 2242 nos

185 2278 452 2348 appellare
483 2280 792 2348 neutiquam
828 2279 1034 2331 veritus
1074 2287 1176 2332 est.
1210 2277 1322 2332 Nisi
1354 2279 1497 2331 enim
1546 2277 1631 2332 Itis
1660 2278 1751 2347 qui
1792 2292 1889 2346 per
1918 2279 2089 2347 ipsum
2121 2280 2322 2334 conditi
2350 2289 2499 2342 sunt,
2564 2280 2762 2337 similis
2819 2283 3079 2337 evasisset
3107 2283 3440 2352 (quanquam

184 2373 432 2443 perime,
478 2374 531 2428 id
566 2376 706 2444 quod
753 2382 891 2437 erat,
962 2388 1065 2425 non
1117 2373 1405 2441 amiserit),
1456 2388 1816 2442 nequaquam,
1860 2383 1918 2427 ut
1969 2376 2098 2428 mihi
2153 2376 2475 2444 persuadeo,
2527 2373 2715 2429 fratris
2760 2376 2977 2429 nomine
3028 2391 3089 2430 se
3128 2373 3441 2442 compellari

184 2484 372 2537 passus
414 2478 581 2524 esset.
626 2466 780 2523 Tune
815 2468 960 2520 enim
1005 2477 1058 2521 et
1102 2469 1305 2536 absque
1340 2468 1762 2536 reprehensione
1800 2467 1963 2521 etiam
2029 2468 2144 2537 ipse
2186 2468 2467 2523 nobiscum
2514 2467 2778 2535 laudabit,
2805 2483 2966 2537 quem
3033 2468 3257 2523 laudant
3283 2467 3445 2522 Sera.

181 2560 352 2631 phitn,
382 2569 435 2613 et
464 2560 714 2612 universa
747 2566 998 2612 creatura
1028 2558 1237 2614 adorat.

254 2653 373 2706 AI".
427 2670 445 2704 ι
478 2653 589 2707 Καὶ
632 2650 1084 2723 ὁμολογουμένως
1115 2650 1261 2722 μέγα
1296 2642 1414 2705 ἐστὶ
1440 2651 1500 2706 τὸ
1536 2655 1637 2724 τῆς
1667 2654 1758 2707 εὑ·

177 2745 394 2810 σεϐείας
425 2747 729 2831 μυστήριον
755 2762 768 2776 ·
800 2745 935 2802 Θεὸς
980 2745 1299 2816 ἐφανερώθη
1334 2747 1393 2799 έν
1419 2748 1617 2818 σαρκὶ,
1649 2749 1756 2802 ἐδι-

173 2837 387 2910 καιώθη
433 2839 491 2893 ὲν
520 2838 833 2908 πνεύματι,
868 2836 1025 2906 ὤφθη
1071 2837 1356 2906 ἀγγέλοις,
1387 2839 1665 2911 ἐκηρύχθη
1699 2842 1757 2893 ὲν

171 2932 414 2997 ἔθνεσιν,
445 2926 739 3001 ἐπιστεύθη
781 2930 839 2982 ὲν
885 2927 1077 2999 κόσμῳ
1098 2967 1113 2991 ,
1148 2927 1426 2997 ἀνελήφθη
1471 2930 1530 2981 έν
1558 2927 1703 3000 δόξῃ.
1738 2948 1755 2980 ι

170 3026 241 3078 Ei
285 3021 417 3085 Θεὸς
459 3018 536 3073 ὢν
566 3021 596 3074 ὁ
628 3019 800 3087 Λόγος
829 3017 1253 3090 ὲνανθρωπῆσαι
1280 3017 1492 3085 λέγοιτο
1510 3058 1525 3080 ,
1555 3019 1649 3072 καὶ
1696 3019 1758 3072 ού

168 3116 351 3185 δήπου
397 3111 583 3184 μεθεὶς
617 3110 676 3164 τὸ
710 3106 850 3164 εἶναι
882 3108 1045 3174 Θεὸς,
1072 3107 1189 3162 ἁλλ’
1229 3109 1288 3162 ὲν
1317 3105 1400 3172 οἷς
1428 3103 1496 3180 ἦν
1527 3109 1614 3163 ἀεὶ
1646 3110 1759 3163 δια-

172 3180 379 3280 μένωνο
399 3180 555 3277 μέγα
577 3204 641 3277 δὴ
671 3204 793 3258 τότε
818 3243 833 3269 ,
860 3201 956 3258 καὶ
985 3201 1439 3273 ὁμολογουμένως
1467 3201 1610 3273 μέγα
1640 3201 1757 3255 ἐστὶ
1787 3180 1832 3240 (ἶ

166 3304 235 3354 τὸ
265 3300 367 3370 τῆς
407 3298 687 3361 εὐσεϐείας
724 3296 1043 3369 μυστήριον.
1073 3296 1138 3349 Ei
1160 3294 1218 3348 δὲ
1247 3294 1533 3365 ἄνθρωπος
1561 3296 1764 3347 νοεῖται

168 3391 359 3455 κοινὸς
404 3392 432 3443 ὁ
469 3389 703 3460 Χριστὸς
726 3427 741 3452 ,
772 3387 847 3451 ὡς
881 3385 1022 3441 κατὰ
1064 3385 1232 3457 μόνην
1254 3384 1354 3455 τὴν
1405 3384 1629 3454 ίσότητα
1665 3383 1765 3453 τῆς

166 3484 337 3551 ἀξίας
358 3523 373 3547 ,
401 3483 568 3553 ἤγουν
601 3479 912 3544 αὑθεντίας,
944 3478 1064 3548 Θεῷ
1097 3476 1442 3547 συνημμένος
1474 3476 1766 3548 (πεφρονή-

166 3585 310 3628 κασι
340 3572 451 3643 γὰρ
476 3572 544 3625 τὰ
576 3572 754 3625 τοιάδε
779 3570 924 3633 τινες
951 3570 1060 3623 τῶν
1084 3567 1522 3641 ἀμαθεστέρων),
1551 3568 1670 3632 πῶς
1704 3569 1763 3622 ἐν

165 3665 347 3736 σαρκὶ
369 3661 785 3732 πεφανέρωταις
812 3658 1012 3731 (καίτοι
1034 3659 1149 3723 πῶς
1167 3660 1264 3730 οὑχ
1286 3660 1489 3713 ἁπασιν
1512 3658 1761 3731 ἐναργὲς,

160 3759 258 3811 ὅτι
307 3756 419 3818 πᾶς
462 3752 753 3824 ἄνθρωπος
784 3752 844 3803 ὲν
898 3749 1063 3822 σαρκί
1108 3751 1171 3803 τέ
1218 3753 1371 3813 ἐστι,
1416 3750 1510 3802 καὶ
1551 3750 1651 3802 οὐκ
1696 3749 1763 3802 ἂν

165 3848 385 3919 ἑτέρως
434 3845 609 3916 ὁρῷτό
651 3847 818 3913 τισι;)
859 3843 964 3896 τίνι
1005 3842 1061 3895 δὲ
1090 3841 1277 3912 τρόπῳ
1308 3852 1329 3879 ι’
1371 3835 1551 3913 ὧφθαί
1600 3858 1765 3912 φησιν

163 3940 345 3996 αὑτὸν
391 3938 632 3999 καὶτοῖς
675 3934 852 4005 ἁγίοις
897 3932 1187 4002 ἁγγέλοις;
1233 3932 1307 3985 Ἦ
1336 3931 1443 4002 γὰρ
1484 3932 1577 3984 καὶ
1618 3932 1766 4001 ἡμᾶς

160 4034 381 4097 αὐτοὺς
426 4032 525 4101 οὐχ
568 4028 768 4101 ὁρῶσιν
821 4026 1078 4095 ἁγγελοι;
1112 4024 1177 4078 Τί
1209 4019 1301 4078 οὖν
1350 4025 1408 4077 ὲν
1441 4022 1664 4094 Χριστῷ
1703 4023 1767 4077 τὸ

160 4124 355 4191 ξένον,
396 4123 430 4193 ἢ
461 4121 514 4176 τί
557 4121 618 4174 τὸ
644 4117 966 4191 παράδοξον,
1001 4118 1049 4171 εί
1100 4117 1194 4172 καὶ
1231 4116 1354 4170 καθ’
1403 4117 1552 4187 ἡμᾶς
1599 4116 1762 4179 ὄντα,

158 4216 269 4271 καὶ
299 4214 495 4283 ἕτερον
521 4211 697 4273 οὐδὲν,
734 4209 1019 4263 τεθέανταί
1050 4225 1194 4271 τινες
1235 4207 1344 4261 τῶν
1392 4207 1565 4275 ἁγίων
1594 4205 1764 4275 ἀγγέ-

152 4294 314 4371 low;
347 4304 476 4367 Πῶς
501 4303 559 4357 δὲ
583 4303 677 4355 καὶ
697 4301 906 4355 εθνεσιν
922 4298 1201 4370 ἐκηρύχθη
1226 4315 1240 4364 ;
1264 4298 1360 4351 καὶ
1386 4298 1462 4360 ὡς
1481 4299 1564 4361 τίς
1583 4299 1764 4369 ὑπάρ-

152 4418 283 4471 χων
311 4406 335 4433 ³
372 4396 524 4466 παρὰ
561 4393 670 4447 τῶν
706 4395 766 4445 ἐν
801 4391 993 4462 κόσμῳ
1025 4381 1340 4443 πιστεύεται
1368 4405 1383 4455 ;
1413 4390 1477 4442 El
1522 4389 1622 4459 μὲν
1654 4390 1764 4459 γὰρ

152 4495 244 4555 ὡς
277 4491 382 4543 ἕνα
408 4487 518 4541 τῶν
542 4484 661 4539 καθ’
686 4484 837 4553 ἡμᾶς
867 4481 1151 4551 ἄνθρωπον
1183 4478 1401 4544 ἁπλῶς,
1428 4479 1523 4531 καὶ
1552 4478 1673 4548 0th
1698 4479 1763 4549 δη
1796 4510 1841 4566 D

157 4576 391 4651 μᾶλλον
423 4574 556 4627 Θεὸν
583 4569 1046 4642 ὲνηνθρωπηκότα
1073 4566 1400 4639 διεκήρυξαν
1424 4569 1471 4620 oi
1502 4566 1762 4638 μαθηταὶ,

152 4667 267 4721 καὶ
296 4665 381 4728 ὡς
416 4661 577 4715 τοῦτο
599 4658 863 4729 ὑπάρχων
888 4656 1041 4726 παρὰ
1067 4655 1178 4709 τῶν
1205 4658 1262 4709 ὲν
1293 4656 1480 4727 κόσμῳ
1511 4656 1764 4708 πιστεύε-

150 4775 259 4813 ται
279 4798 295 4822 ,
336 4751 826 4826 ἁνθρωπολατρείᾳ
860 4745 1257 4818 κεκρατήμεθα
1278 4787 1291 4810 ,
1324 4747 1418 4799 καὶ
1454 4764 1764 4816 προσκεκυ-

151 4853 434 4922 νήκαμεν
481 4846 548 4914 τῇ
582 4842 757 4896 κτίσει
780 4857 795 4871 °
833 4838 929 4891 xui.
975 4838 1113 4910 πρός
1157 4854 1221 4905 γε
1260 4835 1416 4890 τοῦτο
1445 4839 1591 4908 ἡμᾶς
1629 4855 1763 4891 κατ-

154 4944 443 5012 εδόνησεν
469 4934 629 4998 αὐτὸς
656 4934 683 4986 ὁ
707 4932 867 5003 φύσει
902 4948 962 4985 τε
981 4931 1074 4983 καὶ
1103 4929 1332 5001 ἀληθείᾳ
1362 4929 1456 4981 καὶ
1486 4928 1595 4983 τῶν
1626 4929 1763 4984 ὅλων

150 5032 331 5094 Θεός·
379 5014 547 5089 αὐτὸς
593 5024 704 5094 γὰρ
732 5025 866 5093 ἡμῖν
913 5022 1005 5074 τὸν
1051 5018 1161 5074 τῶν
1204 5019 1485 5091 θεηγόρων
1522 5018 1763 5086 ἀνέδειξε

149 5123 365 5196 χορόν.
398 5121 465 5173 Εἰ
492 5118 549 5173 δὲ
584 5116 816 5187 Χριστὸς
845 5114 1091 5184 ἐγερθεὶς
1127 5114 1190 5166 ὲκ
1215 5112 1424 5183 νεκρῶν
1452 5114 1565 5176 τοῖς
1592 5113 1770 5182 ἁγίοις

148 5220 428 5284 ἔφασκεν
483 5207 833 5271 ἀποστόλοις·
894 5224 912 5257 ι
973 5204 1339 5276 Πορευθέντες
1390 5204 1768 5279 μαθητεύσατε

149 5308 363 5360 πάντα
415 5302 483 5355 τὰ
527 5300 686 5367 ἔθνη,
739 5294 1093 5366 βαπτίζοντες
1144 5294 1339 5357 αὐτοὺς
1383 5296 1464 5357 είς
1500 5294 1563 5346 τὸ
1598 5294 1767 5364 ὁνομα

146 5397 259 5449 τοῦ
300 5396 547 5467 Πατρὸς,
592 5392 805 5448 καὶτοῦ
848 5394 1000 5458 Υἱοῦ,
1031 5394 1124 5449 καὶ
1168 5393 1262 5447 τοῦ
1304 5393 1460 5463 ἁγίου
1509 5392 1764 5463 Πνεύμα-

230 5574 281 5606 ⁸¹
320 5570 339 5623 I
378 5570 619 5626 Tituotit.
655 5587 741 5637 ιιι,
772 5569 855 5625 16.

1937 2652 2180 2709 XXXIII.
2230 2671 2251 2703 ι
2288 2653 2353 2708 Ει
2382 2652 2669 2709 manifeste
2700 2668 2952 2722 magnum
2978 2663 3063 2708 est
3100 2654 3321 2723 pietatis
3351 2670 3440 2710 sa-

1864 2753 2201 2797 cramentum
2233 2761 2247 2797 :
2277 2743 2420 2798 Deus
2456 2744 2831 2799 manifestatus
2868 2758 2951 2798 est
2991 2745 3042 2798 in
3072 2761 3259 2808 carne,
3284 2746 3443 2813 justi—

1867 2836 2058 2890 iicatus
2099 2845 2180 2889 est
2210 2836 2262 2889 in
2296 2835 2514 2903 spiritu,
2545 2835 2694 2890 visus
2742 2846 2825 2890 est
2861 2835 3089 2906 angelis,
3120 2838 3445 2905 praedicatus

1866 2935 1949 2980 est
1984 2926 2036 2981 in
2073 2926 2348 2995 gentibus,
2383 2927 2624 2982 creditus
2671 2937 2751 2982 est
2785 2926 2838 2981 in
2886 2929 3106 2992 mundo,
3137 2939 3448 2998 assumptus

1866 3024 1951 3069 est
2004 3015 2060 3071 in
2108 3017 2277 3085 gloria
2303 3018 2369 3071 “.
2405 3036 2423 3070 ι
2478 3017 2532 3073 Si
2581 3018 2723 3073 Deus
2757 3019 2982 3073 verbum
3029 3019 3287 3074 deitatem
3336 3034 3445 3075 non

1870 3107 2152 3171 amittens,
2185 3110 2278 3163 sed
2312 3110 2364 3163 in
2400 3110 2600 3180 quibus
2624 3119 2746 3164 erat
2786 3110 2945 3165 bouis
2978 3119 3297 3166 constanter
3323 3128 3447 3183 per-

1867 3197 2085 3264 sistens,
2123 3198 2286 3253 bomo
2315 3198 2492 3254 factus
2523 3201 2871 3269 praedicatur,
2906 3218 3161 3273 magnum
3199 3204 3447 3273 profecw

1867 3289 2084 3356 pietatis
2124 3291 2440 3359 mysterium
2493 3292 2581 3346 hic
2613 3307 2672 3347 se
2714 3290 2891 3347 offert.
2939 3293 2995 3348 Si
3039 3308 3166 3349 vero
3199 3293 3449 3350 Christus

1866 3392 1949 3437 est
1994 3384 2156 3437 homo
2204 3391 2412 3438 tantum
2461 3387 2795 3451 communis,
2850 3386 2964 3441 sola
3019 3388 3302 3458 dignitatis
3360 3387 3442 3443 vel

1869 3477 2213 3530 auctoritatis
2244 3477 2505 3531 societate
2532 3476 2643 3531 Deo
2671 3477 2993 3546 conjunctus
3019 3478 3146 3547 (hoc
3178 3480 3322 3533 enim
3364 3480 3446 3535 in-

1867 3566 2011 3621 docti
2057 3567 2273 3635 quidam
2327 3565 2678 3638 defendunt),
2736 3569 3008 3638 quomodo
3068 3569 3450 3626 manifestatus

1866 3666 1950 3711 est
1993 3657 2046 3711 in
2098 3657 2304 3712 carne?
2362 3659 2446 3712 An
2515 3672 2620 3712 non
2667 3660 2919 3713 omnibus
2970 3662 3312 3730 perspicuum
3365 3672 3451 3718 est

1868 3747 2069 3800 nullum
2111 3762 2218 3802 non
2260 3747 2534 3803 hominem
2566 3763 2729 3804 carne
2762 3763 2885 3804 esse
2912 3750 3182 3815 indutum,
3216 3767 3315 3809 nec
3340 3753 3450 3809 alio

1867 3839 2029 3892 modo
2056 3852 2085 3891 a
2120 3852 2392 3907 quoquam
2430 3853 2590 3908 posse
2624 3839 2831 3894 videri?
2861 3839 3022 3912 154
3049 3840 3162 3906 Oua
3190 3857 3321 3912 ergo
3356 3859 3447 3902 ra.

1870 3931 2015 3985 tione
2041 3946 2071 3984 a
2103 3932 2309 3985 sanctis
2336 3945 2552 4000 quoque
2578 3932 2786 4000 angelis
2814 3934 2962 3988 visus
2997 3933 3228 3988 dicitur?
3261 3934 3450 3991 Nonne

1868 4021 2045 4091 angeli
2084 4022 2334 4091 nosipsos
2368 4021 2792 4091 conspicantur?
2822 4022 2960 4090 Quid
3003 4024 3167 4093 igitur
3198 4026 3250 4079 in
3292 4025 3450 4082 Chri-

1868 4122 1953 4168 sto
1985 4123 2079 4167 attt
2110 4127 2330 4178 novum,
2370 4122 2462 4167 aut
2499 4113 2844 4181 inusitatum,
2878 4125 2932 4171 et
2972 4118 3334 4173 admiratione
3363 4120 3448 4174 (Ιί-

1866 4220 2027 4275 gnum
2077 4214 2182 4271 est,
2235 4205 2280 4260 si
2334 4204 2504 4259 solam
2545 4214 2751 4261 natura:
2792 4218 2996 4262 nostrae
3034 4210 3448 4266 similitudinem

1867 4313 2088 4368 gerens.
2126 4313 2155 4352 a
2192 4297 2514 4368 quibusdam
2542 4299 2746 4368 angelis
2781 4300 2931 4354 visus
2957 4300 3084 4354 est?
3111 4300 3297 4366 Qualis
3324 4319 3446 4357 rur-

1867 4402 1987 4441 sum
2024 4387 2275 4456 gentibus
2302 4386 2665 4454 praedicatus?
2696 4395 2788 4440 aut
2824 4388 2999 4454 qualis
3032 4392 3247 4443 tandem
3285 4391 3353 4445 ab
3382 4393 3449 4447 iis

1867 4478 1959 4546 qui
1998 4486 2126 4531 sunt
2158 4478 2212 4531 itt
2250 4477 2473 4539 mundo,
2512 4476 2791 4530 creditur?
2830 4476 2964 4531 Nam
3009 4478 3055 4532 si
3101 4479 3246 4534 illum
3284 4483 3449 4537 disci-

1870 4569 1978 4638 puli
2012 4567 2210 4621 mundo
2248 4568 2612 4636 praedicarunt
2646 4577 2704 4621 ut
2742 4583 2934 4636 purum
2975 4569 3209 4638 aliquem
3248 4582 3449 4628 nostrae

1871 4660 2200 4714 conditionis
2258 4662 2551 4721 hominem,
2600 4668 2655 4713 et
2695 4675 2803 4713 non
2852 4670 2910 4714 ut
2952 4662 3119 4715 Deum
3170 4662 3445 4717 hominem

1868 4751 2093 4815 factum,
2128 4753 2357 4821 talisque
2382 4752 2449 4805 ab
2484 4750 2550 4805 iis
2583 4753 2673 4819 qui
2712 4752 2766 4805 itt
2797 4752 3000 4805 mundo
3029 4753 3232 4821 degunt
3268 4758 3449 4809 credi-

1872 4853 1991 4917 tur;
2043 4846 2108 4897 ad
2149 4860 2314 4897 unum
2362 4858 2553 4897 omnes
2601 4842 3044 4912 anthropolatrite
3092 4845 3319 4899 crimine
3372 4848 3449 4901 rei

1874 4935 2198 5000 tenebimur,
2261 4946 2678 5006 creaturamque
2723 4937 3001 4993 Creatoris
3054 4940 3171 4994 loco
3224 4942 3452 4997 adorare

1874 5034 2061 5092 aperte
2087 5026 2525 5080 convincemur?
2556 5027 2717 5097 idque
2755 5027 2898 5083 illius
2940 5029 3191 5099 impulsu,
3224 5030 3313 5097 qui
3351 5047 3451 5083 na~

1877 5124 1996 5172 tura
2061 5126 2113 5170 et
2162 5118 2398 5172 veritate
2440 5118 2819 5172 universorum
2877 5118 3018 5173 Deus
3068 5128 3169 5173 est.
3222 5118 3455 5176 Constat

1876 5209 2018 5261 enim
2071 5208 2246 5274 ipsum
2312 5209 2378 5263 ad
2431 5223 2527 5263 nos
2581 5208 2794 5264 misisse
2847 5210 3135 5281 magistros
3191 5211 3282 5280 qui
3338 5213 3452 5267 hare

1874 5302 2149 5353 docerent.
2177 5298 2331 5365 Quatl
2364 5300 2408 5353 si
2438 5300 2685 5356 Christus
2714 5317 2779 5355 ex
2811 5303 3037 5357 mortuis
3063 5304 3448 5369 exsuscitatus,
3523 5325 3527 5330 τ

1874 5400 2093 5446 sanctos
2138 5392 2408 5460 apostolos
2440 5393 2524 5447 his
2566 5392 2749 5447 verbis
2798 5391 3035 5449 affatur:
3072 5414 3089 5445 ι
3124 5395 3323 5451 Euntes
3357 5398 3454 5450 do-

1291 5705 1464 5761 Vnria:
1494 5704 1753 5761 lectiones
1786 5708 1986 5762 codicis
2023 5706 2382 5776 Seguiertani.

230 5862 267 5903 ι)
305 5848 553 5920 γενητῷ.
630 5857 657 5897 ει
688 5846 930 5915 γενητόν.
1012 5854 1032 5884 τ
1066 5846 1187 5901 τίνα
1216 5845 1270 5898 δὲ
1298 5844 1518 5915 τρόπον.
1596 5850 1618 5881 ³
1651 5843 1735 5896 ῖσ.
1768 5843 1862 5895 καλ¹
1900 5844 2049 5906 ὅστις
2077 5845 2358 5913 ὑπάρχων.
