4042 6448
615 367 750 425 I379

1591 365 1647 417 S.
1688 360 1960 418 CYRILLI
2004 347 2470 413 ALEXANDlllNl
2511 350 2830 408 ARCIIIEP.

3739 355 3873 407 1381

612 491 728 534 cete
775 489 962 532 omnes
997 484 1204 544 gentes,
1234 476 1576 546 baptizantes
1607 487 1702 526 eos
1737 473 1788 523 in
1834 473 2051 524 nomine
2086 471 2176 523 Pa-

2284 486 2404 531 τος·
2437 486 2454 518 ι
2489 463 2605 521 εἶτα
2639 463 3086 534 πεπιστεύκαμεν
3121 467 3200 529 είς
3227 465 3420 528 αὑτὸν,
3452 466 3872 536 βεϐαπτίσμεθα

613 573 734 633 tris,
763 579 816 622 ct
843 568 984 632 Filii,
1016 578 1068 623 et
1091 569 1329 638 Spiritus
1360 567 1530 620 sancti
1556 565 1631 628 °';
1662 582 1679 614 ι
1712 578 1918 630 nosque
1943 563 1994 614 in
2034 563 2177 614 illiilli

610 662 902 722 credimus,
930 675 992 714 ac
1019 669 1251 714 mortem
1285 657 1522 726 ejusdem
1557 654 1960 714 annuntiantes,
1996 667 2174 704 resur-

609 753 1013 819 rectionemque
1037 750 1376 809 conﬁtentes,
1410 746 1666 815 baptizati
1695 759 1881 799 sumus
1911 761 1924 808 ;
1957 752 2011 796 et
2036 742 2180 794 istud

609 843 675 896 de
705 856 854 894 more
887 840 1197 893 factilanles
1231 851 1508 905 nunquam
1553 837 1812 890 hactenus
1834 834 1975 903 quod
2009 831 2180 886 homi-

607 945 729 983 nem
762 929 1022 992 colamus,
1070 925 1366 980 insimulati
1401 925 1600 980 fuimus
1628 944 1639 977 :
1673 925 1795 994 quis
1828 923 2047 976 dubium
2081 921 2178 972 ha-

607 1020 736 1074 bere
780 1028 957 1088 potest
1017 1017 1291 1071 Christum
1361 1032 1465 1070 non
1514 1030 1632 1070 esse
1675 1028 1863 1081 purum
1910 1011 2178 1064 hominem

608 1116 748 1168 nuda
803 1121 1008 1165 tantum
1069 1109 1408 1177 simplicique
1463 1124 1585 1162 cum
1651 1105 1743 1158 Dei
1807 1101 1986 1157 Verbo
2053 1117 2181 1155 con-

607 1199 837 1255 nexione
865 1201 1221 1262 honoratum;
1266 1212 1451 1250 verum
1495 1194 1726 1248 naturali
1768 1191 2064 1244 secundum
2101 1191 2181 1242 di-

607 1291 998 1360 spensatoriam
1039 1290 1294 1342 unionem
1347 1303 1466 1340 cum
1523 1287 1753 1340 humana
1803 1291 2000 1336 natura
2050 1297 2182 1335 con-

604 1383 880 1453 junCtioue
933 1396 1097 1435 unum
1144 1393 1265 1432 esse
1324 1377 1520 1430 Filium
1566 1385 1621 1429 et
1670 1374 1976 1434 Dominum,
2023 1383 2182 1439 atque

608 1474 728 1526 ideo
755 1486 1004 1540 magnum
1030 1470 1245 1540 pietatis
1267 1478 1664 1522 sacramentum
1691 1465 1924 1518 eluxisse
1946 1463 2182 1515 mundo?

605 1560 743 1614 Nam
789 1560 928 1614 Deus
969 1559 1201 1613 Verbum
1255 1559 1504 1625 apparuit
1543 1557 1592 1608 in
1641 1569 1824 1618 carne,
1855 1552 2182 1622 justiiicatus

609 1659 690 1705 est
722 1650 772 1702 in
803 1649 1003 1717 Spiritu
1037 1649 1261 1717 (nullum
1295 1650 1439 1702 enim
1479 1656 1756 1715 peccatum
1796 1644 2054 1697 Dominus
2087 1658 2183 1694 no-

607 1753 721 1796 ster
763 1741 1057 1810 designat),
1083 1742 1234 1795 visus
1269 1752 1350 1794 est
1379 1752 1432 1794 et
1456 1738 1679 1806 angelis,
1722 1747 1776 1789 ut
1805 1737 1892 1805 qui
1925 1735 2180 1788 nativita-

2280 575 2336 609 τε
2364 599 2376 621 ,
2413 557 2501 609 τὸν
2547 557 2774 610 θάνατον
2807 554 2972 607 αὑτοῦ
3011 553 3477 622 καταγγέλλοντες
3501 593 3516 616 ,
3548 559 3650 607 καὶ
3678 557 3871 625 ὁμολο-

2279 649 2503 714 γοῦντες
2543 650 2638 719 τὴν
2683 648 3010 701 ἀνάστασιν·
3052 648 3145 699 καὶ
3186 646 3343 700 τοῦτο
3385 646 3520 716 δρᾷν
3570 651 3866 711 εἰωθότες.

2279 742 2390 801 τοῖς
2418 737 2926 810 ἀνθρωπολατρείας
2952 736 3260 805 ἐγκλήμασι
3289 738 3412 790 κατ’
3440 737 3640 790 ούδένα
3673 742 3871 808 τρόπον

2280 827 2636 898 ὲνισχήμεθα.
2669 829 2781 881 Οὐκ
2813 827 2919 896 ἆρα
2951 825 3080 894 ψιλῇ
3131 829 3398 898 συναφείᾳ
3441 833 3509 900 τῇ
3553 831 3699 900 πρὸς
3744 831 3871 882 Θεὸν

2281 917 2452 983 Λόγον
2490 921 2850 990 τετιμημένος
2875 917 3224 987 ἄνθρωποςὶό
3251 919 3487 986 Χριστὸς
3568 921 3783 989 συνόδῳ
3816 923 3869 974 δὲ

2283 1007 2481 1075 μᾶλλον
2507 1014 2570 1080 τῇ
2612 1013 2746 1080 πρδς
2781 1011 2842 1062 τὸ
2873 1007 3211 1078 ἀνθρώπινον
3251 1009 3372 1060 καθ’
3417 1011 3621 1062 ἕνωσιν
3663 1013 3870 1065 οἰκονο-

2284 1097 2449 1165 μικὴν
2477 1098 2602 1160 Υἱὸς
2628 1095 2707 1162 εἷς
2757 1101 2850 1150 καὶ
2896 1099 3119 1169 Κύριος.
3168 1097 3325 1162 Μέγα
3360 1097 3470 1168 γὰρ
3503 1101 3633 1152 τότε
3671 1102 3734 1152 τὸ
3779 1101 3874 1169 τῆς

2280 1189 2561 1251 εὐσεϐείας
2608 1193 2937 1261 μυστήριονο
2989 1191 3372 1260 πεφανέρωται
3426 1188 3538 1260 γὰρ
3595 1195 3658 1243 ὲν
3712 1194 3881 1262 σαρκὶ

2281 1279 2410 1342 Θεὸς
2432 1277 2504 1330 ὢν
2530 1282 2557 1331 6
2585 1280 2783 1347 Λόγος,
2820 1281 3111 1349 ἐδικαιώθη
3139 1280 3195 1332 δὲ
3223 1279 3318 1332 καὶ
3346 1281 3404 1331 ἐν
3442 1280 3740 1349 Πνεύματι
3762 1300 3773 1311 ·
3819 1284 3880 1334 οὐ

2281 1371 2388 1440 γὰρ
2414 1370 2665 1437 ἐποίησεν
2695 1372 2968 1440 ἁμαρτίαν
3001 1375 3028 1424 6
3057 1371 3260 1442 Κύριος
3281 1369 3441 1440 ἡμῶν
3494 1372 3716 1440 Ἰησοῦς
3743 1374 3882 1443 Χρι-

2284 1463 2434 1523 στός·
2481 1461 2634 1530 ὤφθη
2684 1461 2740 1512 δὲ
2782 1462 2875 1513 καὶ
2920 1463 3209 1530 ἀγγέλοις,
3258 1461 3307 1514 οἳ
3355 1461 3455 1531 τὴν
3514 1463 3882 1534 ἀνθρωπίνην

2283 1553 2446 1607 αὐτοῦ
2473 1553 2724 1622 γέννησιν
2765 1555 2865 1604 οὐκ
2891 1555 3222 1622 ἠγνοηκότες
3251 1554 3520 1622 ἔφασκον
3583 1575 3600 1604 ι
3643 1557 3788 1620 Δόξα
3828 1561 3884 1608 ἐν

2284 1644 2524 1713 ὑψίστοις
2562 1643 2714 1712 Θεῷ,
2748 1644 2841 1696 καὶ
2885 1644 2979 1695 ἐπὶ
3021 1647 3123 1712 γῆς
3175 1646 3402 1714 εἰρήνη,
3447 1649 3507 1698 ἐν
3559 1646 3884 1716 ἀνθρώποις

2283 1735 2520 1787 εὐδοκία.
2555 1753 2571 1784 ι
2619 1733 2928 1803 Ἑκηρύχθη
2957 1733 3015 1784 δὲ
3039 1735 3134 1785 καὶ
3159 1735 3215 1785 ἐν
3240 1734 3422 1786 ἔθνεσι
3449 1753 3462 1765 θ
3493 1738 3593 1789 καὶ
3622 1739 3712 1789 ὅτι
3737 1741 3884 1789 κατὰ

606 1840 712 1885 tem
751 1832 867 1896 ejus
895 1830 1190 1882 secundum
1221 1842 1435 1882 carnem
1471 1842 1574 1880 non
1607 1827 1916 1894 ignorantes
1947 1843 1959 1877 :
1991 1842 2009 1874 ι
2047 1824 2171 1877 Glo-

2281 1828 2532 1896 ἀλήθειάν
2575 1829 2719 1879 ἐστιν
2746 1829 2773 1878 ὁ
2817 1825 2944 1887 Υἱὸς
2987 1824 3082 1876 τοῦ
3116 1825 3251 1876 Θεοῦ
3278 1826 3375 1878 καὶ
3403 1828 3660 1898 Πατρός,
3699 1831 3796 1881 καὶ
3829 1830 3885 1880 ὲν

603 1922 684 1974 ria
717 1923 766 1973 in
801 1921 1077 1974 altissimis
1111 1920 1237 1980 Deo,
1275 1928 1325 1971 et
1359 1919 1409 1970 in
1448 1927 1588 1970 terra
1625 1932 1749 1983 pax,
1777 1917 1829 1970 iu
1867 1915 2171 1969 hominibus

2281 1919 2444 1988 σαρκὶ
2475 1917 2732 1988 πεφηνὼς
2751 1957 2765 1980 ,
2791 1915 2942 1986 παρὰ
2966 1917 3077 1978 τοῖς
3107 1917 3165 1969 ὲν
3194 1915 3384 1986 κόσμῳ
3417 1919 3777 1972 πιστεύεται.

603 2012 746 2068 bena
797 2012 1146 2075 voluntas“,
1181 2030 1200 2062 ι
1248 2010 1658 2075 concinuerint;
1721 2011 2044 2078 prazdicatus
2095 2016 2178 2061 est
2215 2009 2338 2061 etin
2376 2011 2629 2077 gentibus
2686 2024 2950 2080 quoque:
2999 2007 3231 2075 denique
3287 2022 3477 2060 verum
3517 1997 3674 2062 illum
3731 2020 3885 2063 natu-

605 2101 885 2169 ralemque
917 2099 1008 2152 Dei
1052 2099 1227 2153 Patris
1267 2097 1460 2152 Filium
1500 2112 1641 2163 esse,
1696 2099 1785 2166 qui
1857 2095 2224 2150 manifestatus
2263 2097 2334 2150 sit
2383 2099 2435 2151 in
2503 2115 2689 2166 carne,
2753 2099 3018 2153 creditum
3067 2106 3150 2150 est
3193 2097 3262 2151 ab
3308 2096 3394 2152 his
3447 2099 3543 2168 qui
3611 2103 3882 2154 mundum

605 2193 748 2247 hunc
781 2190 1040 2244 incolunt.

674 2278 915 2333 XXXIV.
983 2298 1000 2330 ι
1037 2280 1098 2331 Et
1158 2280 1525 2333 testimonium
1577 2280 1849 2347 perhibuit
1906 2251 2188 2346 Joannes,

605 2372 791 2426 dicens
823 2388 836 2424 :
867 2371 1000 2435 Quia
1042 2370 1148 2423 vidi
1180 2371 1438 2438 Spiritum
1470 2370 1886 2424 descendentem
1911 2372 2062 2438 quasi
2091 2384 2180 2424 co-

603 2462 839 2517 lumbam
881 2463 949 2514 de
975 2461 1133 2524 coelo,
1157 2472 1212 2514 et
1253 2461 1451 2513 mansit
1489 2475 1650 2529 super
1675 2475 1820 2512 eum.
1864 2460 1929 2512 Et
1966 2476 2062 2529 ego
2091 2476 2180 2514 ne-

607 2551 845 2607 sciebam
877 2566 1022 2615 eum,
1060 2553 1154 2605 sed
1183 2551 1274 2619 qui
1307 2551 1456 2604 misit
1494 2565 1579 2603 me
1613 2551 1887 2618 baptizare
1924 2552 1973 2603 in
2012 2567 2174 2620 aqua,

605 2642 694 2697 ille
742 2643 872 2696 mihi
921 2642 1058 2694 dixit
1087 2659 1100 2694 :
1127 2642 1300 2708 Super
1340 2655 1499 2709 quem
1532 2641 1728 2694 videris
1777 2641 2033 2708 Spiritum
2078 2643 2172 2696 de-

604 2733 948 2788 scendentem
991 2741 1043 2786 et
1070 2741 1376 2785 manentem
1422 2746 1584 2797 super
1621 2745 1762 2794 eum,
1792 2730 1948 2799 155
1975 2732 2061 2784 hic
2092 2742 2176 2785 est

604 2824 694 2894 qui
731 2826 966 2892 baptizat
1013 2824 1064 2876 in
1108 2823 1311 2891 Spiritu
1354 2833 1560 2874 sancto.
1603 2821 1666 2874 Et
1705 2837 1804 2889 ego
1839 2825 1967 2887 vidi,
2012 2834 2064 2877 et
2094 2835 2174 2878 te-

604 2918 920 2971 stimonium
971 2915 1246 2984 perhibui,
1295 2914 1418 2984 quia
1474 2914 1559 2968 hic
1610 2923 1692 2967 est
1735 2914 1902 2967 Filius
1936 2914 2027 2968 Dei
2055 2915 2118 2969 ⁵⁸.
2150 2933 2170 2967 ι

2354 2283 2476 2336 ΛΔ’.
2522 2299 2540 2332 ι
2582 2281 2693 2334 Καὶ
2736 2281 3121 2351 ἐμαρτύρησεν
3178 2280 3432 2350 Ἰωάννης
3478 2279 3670 2348 λέγων
3697 2297 3711 2309 ·
3765 2285 3883 2334 Ὅτι

2282 2372 2545 2442 τεθέαμαι
2586 2372 2647 2445 τὸ
2693 2371 2920 2440 Πνεῦμα
2977 2371 3304 2425 καταϐαῖνον
3353 2371 3487 2423 ὡσεὶ
3538 2379 3884 2445 περιστερὰν

2283 2465 2342 2528 ἐξ
2373 2463 2639 2533 οὐρανοῦ,
2677 2465 2773 2516 καὶ
2817 2463 3028 2532 ἔμεινεν
3061 2463 3148 2515 ἐπ’
3189 2463 3372 2516 αὐτόν.
3432 2464 3583 2532 Ἐγὼ
3624 2466 3686 2517 δὲ
3719 2470 3736 2502 ί
3790 2469 3882 2518 οὐκ

2283 2555 2431 2624 ᾔδειν
2457 2553 2617 2606 αὐτόν
2639 2569 2652 2582 ·
2699 2553 2814 2605 ἀλλ’
2839 2556 2868 2605 6
2901 2553 3121 2622 πέμψας
3160 2570 3227 2622 με
3273 2553 3560 2620 βαπτίζειν
3596 2557 3660 2607 ὲν
3708 2557 3880 2617 ὕδατι,

2283 2645 2443 2707 αὑτός
2474 2662 2561 2714 μοι
2605 2639 2757 2696 εἶπεν
2779 2660 2794 2675 ο
2853 2645 2967 2711 Ἐφ’
2997 2644 3056 2696 ὃν
3084 2644 3150 2695 ἂν
3189 2644 3304 2712 ἴδῃς
3329 2643 3391 2695 τὸ
3434 2645 3675 2714 Πνεῦμα
3718 2666 3882 2700 κατα-

2282 2736 2486 2798 ϐαῖνον,
2512 2735 2604 2787 καὶ
2639 2735 2797 2804 μένον
2836 2736 2921 2786 ἐπ’
2947 2735 3109 2788 αὑτὸν
3128 2775 3142 2798 ,
3173 2729 3328 2798 οὗτός
3356 2738 3505 2788 ἐστιν
3533 2737 3565 2787 6
3596 2737 3883 2806 βαπτίζων

2281 2826 2338 2877 ὲν
2368 2826 2642 2894 Πνεύματι
2669 2823 2743 2894 τῷ
2770 2825 2930 2894 ἁγίῳ,
2970 2824 3141 2891 Κάγὼ
3169 2825 3392 2894 ἑώρακα
3412 2867 3426 2889 ,
3456 2828 3557 2878 καὶ
3587 2830 3884 2899 μεμαρτέι-

2285 2933 2427 2987 ρηκα
2449 2956 2462 2978 ,
2492 2918 2572 2968 ὃτι
2600 2911 2751 2978 οὗτός
2785 2918 2930 2969 ἐστιν
2970 2918 2997 2968 6
3035 2916 3161 2979 Υἱὸς
3199 2915 3294 2968 τοῦ
3327 2916 3490 2969 Θεοῦ.
3551 2937 3570 2967 ι
3613 2919 3765 2971 Ἕνα
3800 2919 3877 2971 λέ-

604 3008 736 3064 Cum
772 3024 935 3062 unum
967 3006 1654 3062 duntaxatEmmanuelem
1687 3007 2044 3075 assiguemus,
2080 3021 2174 3062 nc-

2281 3025 2466 3076 γοντες
2509 3007 2602 3059 τὸν
2651 3007 3028 3078 Ἐμμανουὴλ,
3074 3007 3169 3059 καὶ
3212 3006 3320 3059 τῶν
3353 3009 3434 3069 είς
3479 3008 3577 3061 δύο
3603 3011 3881 3078 Χριστοίς

607 3116 711 3170 que
757 3115 851 3153 eos
894 3097 985 3169 qui
1040 3098 1257 3153 unicum
1303 3098 1579 3151 Christum
1630 3098 1680 3151 iu
1731 3099 1864 3154 duos
1896 3099 2173 3165 divellunt,

606 3194 866 3256 feramus,
909 3193 1036 3261 quid
1079 3192 1342 3254 dicemus,
1376 3206 1495 3243 cum
1552 3190 1816 3259 Spiritum
1857 3201 2102 3245 sanctum
2148 3208 2178 3246 e

607 3284 747 3339 caelo
779 3298 942 3352 super
986 3282 1132 3335 illum
1177 3282 1544 3342 descendisse,
1591 3295 1798 3333 necnon
1840 3295 2002 3348 super
2030 3297 2180 3334 eum-

607 3375 726 3427 dem
755 3373 1020 3427 mansisse
1048 3372 1335 3425 audimus?
1359 3369 1835 3439 Suspicabimurne
1871 3370 1961 3422 Dei
2001 3370 2177 3426 Patris

617 3465 847 3519 Verbum
902 3463 1136 3532 Spiritus
1179 3463 1348 3517 sancti
1394 3462 1805 3530 participatione
1855 3462 2178 3530 indiguisse?

607 3558 678 3611 At
710 3557 836 3625 quid
883 3557 986 3609 hoc
1032 3565 1122 3608 aut
1155 3555 1474 3623 excogitari,
1521 3565 1612 3606 aut
1660 3554 1762 3607 dici
1795 3563 1954 3622 queat
1984 3555 2177 3608 absur-

608 3647 763 3700 dius?
815 3645 1053 3712 Spiritus
1095 3645 1238 3698 enim
1287 3659 1439 3711 atque
1483 3644 1730 3712 preprius
1781 3653 1865 3696 est
1907 3643 2049 3696 illius
2097 3654 2176 3696 at-

606 3751 713 3807 que
757 3736 848 3789 Dei
889 3735 1088 3789 Patris.
1119 3753 1137 3786 ι
1186 3732 1447 3799 Quoniam
1495 3735 1625 3788 esus
1682 3734 1773 3786 filii
1807 3734 2004 3802 (inquit
2050 3735 2177 3786 bea-

609 3838 694 3879 tus
723 3823 966 3892 Paulus),
1006 3822 1316 3878 misitDeus
1349 3823 1605 3892 Spiritum
1641 3825 1758 3878 Filii
1799 3826 1878 3877 sui
1925 3825 1976 3877 in
2013 3827 2174 3878 corda

607 3928 788 3969 vestra
814 3915 1136 3968 clamantem
1164 3915 1370 3978 :Abba,
1393 3913 1551 3967 Pater
1572 3916 1636 3969 ⁸⁵.
1668 3934 1685 3966 ι
1708 3914 1931 3980 [inpium
1957 3915 2177 3983 proinde

607 4006 766 4062 fuerit
797 4008 879 4061 vel
909 4007 1080 4062 solum
1117 4006 1377 4074 cogitare,
1411 4008 1584 4074 ipsum
1623 4007 1716 4060 Dei
1744 4007 1918 4059 Patris
1947 4006 2174 4059 Verbum

608 4097 843 4164 Spiritus
901 4099 1069 4152 sancti
1135 4099 1624 4151 communicatione
1671 4098 1916 4166 eguisse;
1973 4102 2173 4150 fatuum

606 4204 755 4252 vero,
793 4189 842 4240 in
888 4204 998 4240 rem
1037 4203 1205 4255 usque
1245 4188 1378 4240 adeo
1408 4187 1620 4254 planam
1653 4197 1705 4239 et
1748 4188 2051 4239 evidentem
2085 4203 2177 4239 cu-

606 4280 805 4333 riosius
842 4278 974 4330 velle
1011 4278 1318 4345 inquirere.
1351 4279 1421 4330 At
1459 4280 1727 4344 quomodo
1762 4293 1889 4346 ergo
1937 4279 2172 4345 Spiritus

2278 3097 2728 3166 ἀποδιοριζὸντων
2774 3098 2873 3149 οὐκ
2911 3097 3258 3166 ἀνεχόμενοι,
3310 3097 3364 3149 τί
3412 3095 3478 3166 δὴ
3529 3093 3651 3168 ἆρά
3703 3118 3880 3169 φαμεν

2279 3189 2655 3250 καταπτάντος
2696 3189 2781 3238 ἐπ’
2825 3188 2989 3240 αὑτὸν
3031 3186 3089 3250 ἐξ
3113 3185 3346 3256 ούρανοῦ
3377 3187 3473 3238 τοῦ
3503 3189 3671 3253 ἁγίου
3710 3191 3880 3243 Uva-J-

2282 3296 2465 3347 ματος,
2504 3279 2598 3331 καὶ
2629 3278 2916 3348 μείναντος
2937 3279 3025 3330 ἐπ’
3065 3277 3227 3329 αὐτόν
3255 3293 3269 3341 ;
3302 3273 3409 3346 ἆρα
3452 3277 3755 3348 δεδεῆσθαι
3791 3281 3878 3332 τοῦ

2282 3371 2602 3439 μεταλαχεϊν
2655 3369 2810 3436 ἁγίου
2867 3370 3186 3438 Πνεύματος
3227 3369 3318 3421 τὸν
3363 3372 3427 3421 ἐκ
3471 3370 3616 3423 Θεοῦ
3665 3374 3878 3442 Πατρός

2276 3460 2447 3528 Λόγον
2482 3460 2909 3528 ὑποτοπὰσωμεν
2936 3475 2949 3522 ;
2974 3459 3162 3511 Καίτοι
3204 3459 3321 3520 πῶς
3352 3460 3453 3511 οὐκ
3497 3460 3566 3513 ἂν
3592 3465 3830 3532 αἰσχρὸν
3854 3472 3877 3497 υ

2277 3551 2491 3622 ἀληθῶς
2534 3552 2593 3602 τὸ
2627 3545 2731 3603 ὦδε
2757 3553 2993 3621 φρονεῖν,
3037 3550 3068 3619 ἢ
3108 3549 3329 3618 λέγειν;
3377 3551 3508 3603 ἴδιον
3551 3554 3668 3623 γὰρ
3716 3554 3876 3607 αὺτεῑ

2276 3643 2336 3694 τὸ
2372 3642 2594 3711 Πνεῦμα
2633 3645 2771 3704 ἑστι,
2808 3641 3057 3710 καθάπερ
3101 3641 3293 3711 ἀμέλει
3343 3643 3438 3694 καὶ
3475 3644 3571 3695 τοῦ
3600 3647 3745 3698 Θεοῦ
3791 3647 3879 3697 καὶ

2278 3734 2509 3803 Πατρός.
2543 3733 2651 3784 Καὶ
2675 3733 2803 3798 γοῦν
2836 3735 2862 3784 6
2889 3734 3154 3801 μακάριος
3187 3733 3415 3796 Παῦλοςο
3461 3754 3480 3783 σ
3512 3735 3642 3785 "Ott
3669 3736 3730 3786 δέ
3759 3739 3876 3786 ἐστε

2278 3826 2404 3886 υἱοὶ,
2427 3820 2503 3886 οἷς
2521 3821 2897 3886 ἐξαπέστειλεν
2920 3825 2946 3874 6
2964 3823 3095 3883 Θεὸς
3110 3823 3170 3874 τὸ
3190 3823 3408 3890 Πνεῦμα
3434 3825 3529 3874 τοῦ
3552 3825 3691 3876 Υίοῦ
3712 3828 3877 3878 αὑτοῦ

2279 3917 2356 3976 εἰς
2395 3915 2494 3976 τὰς
2530 3914 2756 3980 καρδίας
2789 3913 2972 3980 ὑμῶν,
3005 3913 3238 3981 κρᾶζον·
3295 3913 3500 3978 Ἀϐϐἅ,
3529 3916 3558 3966 6
3589 3917 3812 3987 Πατήρ.
3854 3937 3873 3968 ›

2290 4007 2508 4066 Ἀσεϐὲς
2551 4002 2642 4056 οὖν
2683 4003 2791 4074 ἄρα
2824 4006 2882 4056 τὸ
2921 4004 3021 4057 κᾶν
3050 4005 3178 4072 γοῦν
3225 4007 3520 4074 ὑπονοῆσαι
3569 4009 3740 4076 μόνον
3781 4011 3876 4077 τῆς

2275 4097 2370 4148 τοῦ
2422 4096 2738 4164 Πνεύματος
2778 4096 3074 4166 μετουσίας
3113 4097 3391 4167 δεδεῆσθαι
3436 4100 3532 4152 καλ¹
3575 4102 3748 4154 αὑτὸν
3790 4105 3874 4154 τὲν

2277 4189 2341 4240 ὲκ
2363 4188 2496 4240 Θεοῦ
2529 4189 2739 4256 Πατρὸς
2770 4189 2940 4256 Λόγον
2962 4204 2975 4216 ⁶
3017 4189 3111 4241 καὶ
3150 4189 3209 4241 τὸ
3246 4189 3389 4242 οὕτω
3416 4195 3565 4260 σαφῆ
3613 4194 3719 4262 τὴν
3752 4196 3874 4246 ἁπό-

2277 4278 2441 4341 δειξιν
2489 4277 2607 4347 ελον
2656 4280 2976 4349 περιεργίας
3019 4279 3223 4344 ἀξιοῦν,
3279 4278 3474 4348 εὔηθες
3513 4283 3613 4333 καὶ
3651 4285 3868 4352 κομιδῗ.

607 4383 830 4428 sanctus
887 4387 1048 4438 super
1103 4371 1250 4424 illum
1304 4370 1622 4424 descendit?
1676 4371 1884 4438 Accipit
1937 4387 2170 4440 namque

2281 4371 2404 4432 Πῶς
2441 4366 2532 4422 οὖν
2581 4370 2667 4421 ἐπ’
2720 4371 2878 4422 αὑτὸν
2917 4371 3161 4438 κατέπτη
3212 4371 3273 4422 τὸ
3325 4372 3592 4439 Πνεῦμα;
3647 4375 3872 4442 Δέχεται

604 4463 898 4517 secundum
940 4463 1235 4514 humanam
1286 4470 1559 4523 naturain,
1607 4461 2004 4528 dispensatione
2052 4477 2173 4514 cum

605 4570 768 4608 carne
809 4554 1091 4616 efﬁciente,
1142 4563 1200 4604 ut
1242 4553 1379 4606 citra
1434 4567 1647 4606 omnem
1703 4553 2173 4620 reprehensionem

607 4644 869 4709 Spiritum
903 4642 1204 4710 acciperet;
1238 4642 1347 4694 imo
1378 4643 1686 4694 neceSsariu
1715 4642 1780 4694 ad
1811 4643 1910 4694 hoc
1931 4645 2174 4694 ducente.

609 4735 847 4803 Suscipit
877 4743 1055 4787 autem
1089 4733 1242 4786 nobis
1275 4733 1457 4787 verius
1493 4748 1652 4802 quam
1699 4731 1801 4785 sibi
1837 4749 1849 4784 :
1883 4748 1985 4798 quo
2030 4731 2180 4784 nimi-

609 4841 746 4888 rum,
797 4835 1147 4892 posteaquam
1196 4823 1262 4876 ab
1309 4822 1637 4884 hominibus,
1677 4837 1741 4875 eo
1772 4822 1911 4890 quod
1959 4821 2174 4874 illorum

607 4930 758 4969 mens
782 4930 811 4968 a
844 4915 1129 4983 juvenlute
1159 4915 1224 4967 ad
1255 4913 1518 4966 malitiam
1553 4928 1717 4981 prona
1751 4927 1968 4980 semper
2001 4915 2178 4965 inten-

609 5017 768 5075 taque
817 5016 956 5059 esset
981 5005 1049 5069 ⁸⁸,
1091 5005 1257 5059 semel
1305 5004 1570 5065 avolarat,
1618 5005 1848 5056 nuncin
1895 5003 2169 5057 Christum

606 5097 769 5149 veluti
799 5097 848 5149 in
883 5098 1109 5149 alterum
1139 5094 1353 5166 generis
1395 5095 1564 5148 nostri
1595 5095 1920 5164 principium
1956 5095 2170 5147 desceno

607 5191 756 5250 deus,
791 5189 1082 5257 sedemque
1112 5189 1348 5256 capiens,
1393 5188 1588 5240 iterum
1634 5188 1687 5240 in
1732 5188 1886 5241 nobis
1919 5196 2168 5256 tanquam

607 5281 887 5349 rectejam
923 5279 1288 5347 operantibus,
1337 5288 1390 5333 et
1437 5279 1600 5330 vitam
1647 5294 1674 5330 a
1712 5287 1955 5344 peccato,
1998 5279 2168 5330 omni-

683 5437 735 5467 "
772 5429 958 5488 Matth.
993 5449 1180 5495 xxviii,
1227 5433 1311 5485 19.
1391 5429 1434 5460 ⁵³
1464 5429 1592 5482 Luc.
1626 5444 1688 5492 ιι,
1727 5431 1808 5482 Μ.

1890 5432 1935 5461 ⁸*
1980 5429 2135 5483 Joan.
2169 5441 2209 5490 l,
2253 5425 2438 5482 326$.

2282 4460 2386 4531 γὰρ
2420 4460 2793 4530 ἀνθρωπίνως,
2819 4461 3203 4514 ἀκαταιτίατον
3232 4461 3382 4529 αὐτῷ
3416 4461 3479 4512 τὸ
3511 4461 3706 4514 λαϐεῖν
3741 4466 3871 4514 ἀπο-

2283 4552 2577 4620 φαινούσης
2623 4547 2679 4604 εὖ
2735 4553 2878 4621 μάλα
2926 4553 3023 4622 τῆς
3076 4551 3214 4621 μετὰ
3271 4552 3474 4621 σαρκὸς
3525 4555 3867 4622 οἰκονομίας,

2281 4643 2477 4711 μᾶλλον
2512 4644 2566 4694 δὲ
2601 4644 2692 4694 καὶ
2719 4643 3028 4710 ἀναγκαίως
3062 4644 3140 4704 είς
3169 4641 3328 4694 τοῦτο
3361 4642 3667 4712 φερούσης.
3707 4648 3867 4713 Δέχε-

2276 4750 2363 4785 ται
2396 4732 2504 4800 γὰρ
2535 4733 2628 4800 οὐχ
2661 4731 2837 4801 ἑαυτῷ
2869 4732 3066 4800 μᾶλλον
3091 4771 3104 4793 ,
3137 4731 3252 4783 ἀλλ’
3290 4731 3452 4799 ἡμῖν·
3495 4732 3585 4783 ἵνα
3635 4734 3865 4802 ἐπείπερ

2276 4821 2489 4890 ὰπέπτη
2524 4821 2631 4872 τῶν
2661 4823 2751 4872 ἐπὶ
2779 4822 2876 4888 τῆς
2899 4823 3002 4890 γῆς
3022 4863 3036 4885 ,
3065 4822 3152 4873 διὰ
3180 4822 3240 4873 τὸ
3263 4821 3545 4890 ἐπιμελῶς
3583 4825 3867 4889 ἐγκεῖσθαι

2276 4912 2372 4983 τὴν
2403 4912 2639 4965 διάνοιαν
2661 4911 2754 4964 τοῦ
2787 4910 3074 4981 ἀνθρώπου
3110 4913 3203 4964 ἐπὶ
3235 4913 3303 4966 τὰ
3333 4913 3548 4981 πονηρὰ
3583 4916 3650 4966 ἐκ
3681 4917 3864 4982 νεότη-

2277 5021 2387 5067 τος,
2418 5006 2821 5072 καταφοιτῆσαν
2850 5003 2936 5054 ἐπ’
2969 5003 3151 5066 αὑτὸν,
3185 5005 3258 5067 ὡς
3290 5005 3348 5056 ὲν
3383 5007 3613 5074 ἀπαρχῇ
3644 5007 3738 5058 τοῦ
3773 5009 3865 5072 γέ-

2277 5110 2397 5154 νους
2431 5091 2684 5162 δευτέρᾳ,
2730 5092 3007 5164 καταλύσῃ
3043 5095 3135 5145 καὶ
3167 5094 3556 5164 ἀναπαύσηται
3613 5098 3771 5149 πάλιν
3809 5098 3864 5146 ἐν

2275 5185 2423 5252 ἡμῖν,
2479 5183 2552 5245 ὡς
2601 5184 3024 5252 κατωρθωκόσιν
3096 5185 3196 5254 ἤδη
3250 5186 3310 5236 τὸ
3364 5187 3756 5255 ἀναμάρτητον
3809 5189 3862 5237 ἐν

2276 5275 2513 5344 Χριστῷ,
2543 5276 2634 5326 καὶ
2658 5276 2756 5345 τὴν
2777 5274 2954 5336 αἰτίας
2975 5274 3194 5343 ἁπάσης
3219 5277 3656 5348 ἀπηλλαγμένην
3682 5280 3863 5347 έχουσι

2513 5431 2556 5460 ⁸⁸
2597 5429 2771 5484 Galat.
2804 5445 2875 5493 tv,
2906 5429 2958 5482 6.
3041 5428 3084 5458 ⁸⁸
3116 5427 3252 5482 Gen.
3284 5443 3402 5490 \‘llt,
3429 5428 3520 5483 2|.

1675 5586 1844 5638 Varia:
1880 5585 2140 5640 lectiones
2174 5585 2376 5639 codicis
2411 5584 2768 5654 chuieriani.

681 5722 699 5758 ὶ
729 5717 899 5785 κάγώ.
978 5731 1000 5756 ιι
1034 5718 1092 5769 οὐ
1130 5719 1478 5783 πάναισχρον,
1514 5716 1550 5781 ἢ
1584 5719 1688 5767 πῖν
1722 5716 1956 5785 αἰσχρόν.
