4042 6464
174 399 304 455 1381

982 393 1071 448 AD
1113 391 1411 448 REGINAS
1453 389 1539 446 DE
1580 392 1801 449 RECTA
1844 394 2001 449 FIDE
2037 390 2297 449 ORATIO
2337 391 2634 447 ALTERA.

3270 392 3412 449 1382

158 512 330 585 ζωήν.
370 514 515 584 Πλὴν
563 513 613 565 εἰ
652 513 744 565 καὶ
790 511 1143 580 ἀνθρωπίνως
1185 511 1397 581 δέχεται
1443 512 1509 563 δι’
1554 514 1733 582 ἡμᾶς,

1841 527 1945 581 que
1997 513 2225 568 crimine
2262 511 2556 565 immunem
2604 509 2656 562 in
2712 507 2829 578 ipso
2883 510 3227 575 ducentibus,
3278 524 3411 564 con-

156 605 275 658 ἀλλ⁹
331 605 431 675 ὅρα
476 602 685 655 διδόντα
746 600 960 663 θεῖὸιῶς.
1019 619 1037 652 ι
1099 602 1213 669 Ἐφ’
1260 602 1319 653 ὃν
1372 602 1481 673 γὰρ
1539 604 1651 674 ἴδῃς
1679 605 1737 656 16

158 693 386 763 Πνεῦμα
415 692 761 756 καταὸαῖνον,
795 690 928 761 φησὶ
953 730 966 753 ,
1000 689 1092 743 καὶ
1129 690 1287 759 μένον
1320 691 1405 743 ἐπ’
1441 691 1619 756 αὑτὸν,
1645 685 1737 744 οῦ-

155 788 251 848 τός
281 789 425 838 ἐστιν
456 788 483 838 6
512 784 789 853 βαπτίζων
830 786 887 836 ὲν
921 782 1197 852 Πνεύματι
1220 783 1297 852 τῷ
1325 784 1486 852 ἁγίῳ.
1519 803 1537 834 ›
1573 784 1740 837 Τοῦτο

155 879 218 930 δέ
245 881 390 931 ὲστιν
420 878 699 948 ἐνέργημα
744 876 951 929 θεῖκόν’
989 875 1165 944 ἐνίησι
1198 875 1303 945 γὰρ
1343 878 1455 939 τοῖς
1485 876 1741 945 βαπτιζο-

161 971 347 1037 μένοις
386 970 414 1021 ὁ
465 969 667 1039 Κύριος
719 967 873 1037 ἡμῶν
935 968 1141 1034 Ἰησοῦς
1187 968 1421 1038 Χριστὸς
1469 968 1545 1030 ὡς
1604 968 1730 1020 [διον

159 1062 386 1131 Πνεῦμα
435 1062 495 1113 τὸ
538 1060 632 1113 τοῦ
673 1060 903 1131 Πατρός.
947 1059 1056 1111 Kal
1107 1059 1243 1129 πρός
1286 1075 1350 1126 γε
1388 1060 1545 1111 τοῦτο
1587 1060 1733 1127 ἡμᾶς

156 1155 391 1224 ἐμπεδοῖ
443 1150 736 1224 γεγραφὼς
797 1152 825 1202 6
884 1150 1169 1213 Θεσπέσιος
1226 1151 1472 1215 Παῦλος·
1521 1171 1539 1202 ι
1574 1153 1636 1203 Oi
1678 1152 1734 1202 ὲν

158 1248 325 1316 σαρκὶ
371 1246 542 1306 ὄντες,
589 1242 707 1312 Θεῴ
767 1242 961 1312 ἀρέσαι
1021 1244 1081 1294 οὐ
1140 1240 1415 1296 δύνανται.
1457 1242 1646 1311 Ὑμεῖς
1677 1241 1735 1293 δὲ

153 1336 257 1387 οὐκ
292 1335 413 1386 ἐστὲ
440 1335 497 1385 ὲν
536 1332 701 1403 σαρκὶ
720 1371 733 1394 ,
772 1333 885 1385 ἀλλ’
913 1333 970 1385 ἐν
1001 1332 1302 1402 πνεύματι,
1329 1333 1485 1404 εἴπερ
1512 1331 1734 1402 Πνεῦμα

152 1426 293 1478 Θεοῦ
324 1426 524 1477 ἐνοικεῖ
552 1427 609 1477 ὲν
636 1425 783 1493 ὑμῖν.
817 1424 881 1477 Εἰ
920 1424 977 1477 δέ
1006 1442 1087 1487 τις
1121 1425 1343 1495 Πνεῦμα
1368 1427 1603 1497 Χριστοῦ
1634 1428 1734 1481 οὐκ

150 1516 291 1587 ἔχει,
328 1508 482 1577 οὗτος
526 1515 625 1566 οὐκ
663 1514 811 1567 ἔστιν
850 1513 1035 1567 αὑτοῦ.
1085 1533 1101 1564 ι
1149 1516 1592 1585 Μεμαρτύρηκεν
1640 1514 1731 1570 οὖν

163 1607 440 1677 Ἰωάννης,
470 1608 551 1659 ὅτι
587 1626 605 1656 ι
640 1598 810 1669 Οὗτός
837 1606 981 1657 ἐστιν
1005 1613 1031 1658 6
1058 1606 1183 1669 Υἱὸς
1218 1606 1312 1660 τοῦ
1338 1608 1493 1661 Θεοῦ.
1530 1628 1547 1657 ι

1836 606 2104 673 quiescat.
2157 604 2637 659 Verumenitnvero
2676 601 2799 656 licet
2835 611 2890 655 ιιι
2947 602 3107 656 homo
3146 600 3408 670 Spiritum

1836 705 2082 749 sanctum
2132 704 2353 764 prepter
2412 710 2509 749 nos
2567 694 2858 763 suscipiat;
2922 702 2980 747 ut
3028 692 3169 746 Deus
3228 700 3406 745 tamen

1836 789 2081 842 eumdem
2114 788 2377 855 impertiri
2406 788 2561 842 solet.
2599 806 2617 837 ι
2653 784 2827 854 Super
2860 800 3017 853 quem
3040 784 3237 853 (inquit
3264 784 3405 836 idem

1838 878 1945 949 ille)
1976 881 2174 934 videris
2208 880 2468 949 Spiritum
2503 880 2945 941 descendentem,
2987 886 3040 929 et
3074 884 3405 937 manentem,

1839 972 1928 1025 hic
1953 982 2034 1027 est
2061 974 2150 1041 qui
2178 973 2416 1041 baptizat
2446 972 2497 1024 in
2531 972 2737 1040 Spiritu
2772 980 2962 1024 sancto
2986 970 3050 1020 °".
3082 986 3099 1017 ι
3129 967 3410 1035 Baptizare

1841 1074 2019 1117 antem
2069 1064 2121 1117 in
2175 1064 2379 1133 Spiritu
2433 1074 2643 1127 sancto,
2694 1077 2829 1131 opus
2871 1062 3112 1115 divinum
3165 1059 3407 1113 exsistit.

1843 1155 2003 1222 Atqui
2034 1156 2296 1209 Dominus
2324 1166 2509 1210 noster
2534 1154 2689 1208 .lesus
2715 1153 2964 1208 Christus
2995 1152 3077 1206 his
3110 1151 3199 1220 qui
3233 1148 3409 1218 bapti-

1840 1255 2055 1311 zantnr,
2089 1246 2349 1315 Spiritum
2376 1246 2551 1300 Patris
2590 1247 2663 1300 uti
2697 1244 2975 1315 proprium
3007 1240 3258 1295 infundit.
3300 1242 3402 1293 At-

1839 1353 1944 1407 que
1970 1339 2074 1392 lntc
2110 1340 2279 1393 tendit
2306 1340 2520 1393 divinus
2541 1338 2759 1401 Paulus,
2789 1338 2915 1392 dum
2948 1337 3089 1389 inter
3115 1344 3304 1388 extera
3333 1332 3407 1386 ita

1839 1430 2061 1484 scribit:
2095 1447 2112 1480 ‹
2144 1429 2242 1495 Qui
2288 1431 2339 1483 in
2376 1444 2541 1483 carne
2572 1439 2717 1493 sunt,
2751 1429 2861 1482 Deo
2894 1426 3106 1497 placere
3138 1440 3243 1480 non
3290 1440 3409 1494 pos-

1837 1529 1979 1573 sunt.
2007 1520 2112 1574 Vos
2136 1531 2313 1573 autem
2333 1519 2385 1572 in
2408 1534 2573 1573 carne
2600 1534 2701 1572 non
2721 1519 2873 1581 estis,
2892 1518 2985 1571 sed
3019 1517 3071 1569 in
3100 1516 3291 1583 spiritu
3313 1552 3329 1578 ,
3359 1512 3405 1565 si

1842 1620 2019 1665 tamen
2052 1613 2283 1681 Spiritus
2316 1612 2408 1666 Dei
2439 1611 2643 1665 habitat
2695 1611 2744 1663 in
2776 1609 2945 1663 vobis.
2982 1608 3036 1661 Si
3071 1608 3190 1676 quis
3225 1616 3406 1659 autem

146 1698 413 1766 Spiritum
444 1698 639 1752 Christi
661 1715 765 1752 tmn
787 1699 964 1761 habet,
987 1700 1073 1753 hic
1094 1715 1196 1753 non
1220 1710 1297 1753 est
1320 1701 1437 1769 ejus
1458 1700 1524 1753 “.
1556 1719 1573 1750 ι
1609 1700 1760 1755 llttnc
1787 1703 1967 1773 itaque
1998 1706 2088 1759 Dei
2122 1705 2314 1758 Filium
2345 1718 2485 1768 esse,
2511 1712 2698 1773 aperte
2722 1710 2971 1754 testatum
3004 1698 3401 1754 facitJoannes.

226 1791 348 1841 AE’.
404 1789 799 1843 Ἀναπυθέσθαι
846 1790 901 1843 δὲ
951 1791 1112 1843 πάλιν
1158 1791 1389 1862 ἐθέλοιμ’
1417 1793 1482 1845 ἂν
1514 1793 1622 1845 τῶν
1653 1796 1732 1856 εἰς

1911 1798 2128 1853 XXXV.
2170 1800 2237 1851 At
2277 1799 2522 1851 lubenter
2554 1797 2797 1865 equidem
2842 1796 2929 1848 hic
2968 1793 3088 1848 illos
3117 1802 3404 1862 perconta-

145 1880 246 1932 δύο
276 1881 621 1949 διοριζόντων
655 1884 803 1945 υἱοὺς
849 1882 939 1934 τὸν
986 1884 1080 1935 ἕνα
1111 1883 1315 1950 Κύριον
1346 1884 1555 1955 Ἰησοῦν
1598 1887 1729 1955 Χρι-

146 1972 281 2023 στὸν
326 1972 451 2040 (ἕνα
489 1973 725 2043 δέδειχεν
768 1976 796 2025 6
835 1974 1054 2044 Πατὴρ,
1104 1976 1198 2028 καὶ
1239 1976 1365 2045 περὶ
1415 1976 1531 2039 ἑνός
1566 1993 1729 2046 φησιν

141 2066 175 2117 ὀ
215 2065 484 2134 μακάριος
515 2065 904 2135 εὐαγγελιστής
927 2083 938 2094 ·
980 2086 996 2116 t
1030 2062 1196 2131 Οὗτός
1232 2070 1376 2121 ἐστιν
1409 2070 1436 2121 ό
1465 2069 1591 2131 Υἱὸς
1635 2068 1728 2121 τοῦ

142 2154 289 2206 Θεοῦ
318 2154 391 2223 ι)’
421 2150 546 2225 Ἆρ’
578 2151 672 2208 οὖν
702 2156 822 2208 είπέ
858 2174 969 2226 μοι,
1000 2159 1128 2229 περὶ
1152 2159 1297 2221 τίνος
1320 2159 1470 2213 ἔσται
1498 2160 1557 2212 τὸ
1588 2162 1731 2231 εἰρη-

144 2249 351 2316 μένον;
388 2246 448 2298 Ei
480 2248 577 2316 μὲν
610 2244 701 2300 οὖν
732 2248 913 2311 ίδικῶς
942 2249 1036 2301 καὶ
1069 2251 1211 2301 κατὰ
1243 2251 1412 2320 μόνας
1439 2252 1532 2304 τοῦ
1556 2253 1729 2304 Μονο-

140 2338 311 2408 γενοῦ
326 2357 367 2403 ς,
398 2339 641 2391 τουτέστι
673 2338 767 2391 τοῦ
798 2340 862 2390 ὲκ
892 2338 1106 2407 Πατρὸς
1133 2340 1282 2403 ὄντος
1306 2342 1501 2410 Λόγου’
1534 2343 1651 2405 πῶς
1670 2343 1731 2395 τὺ

142 2432 381 2499 Πνεῦμα
424 2432 658 2500 δέχεται,
706 2431 881 2484 καίτοι
927 2430 1057 2494 Θεὸς
1119 2433 1193 2483 ὢν
1239 2434 1421 2500 φύσει,
1453 2436 1546 2486 καὶ
1601 2436 1729 2487 ῐδιον

137 2524 290 2591 ἔχων
324 2523 492 2588 αὐτός
526 2524 589 2575 Εἰ
624 2522 678 2578 δὲ
705 2523 807 2575 ἀνὰ
836 2523 1001 2593 μέρος
1029 2524 1123 2575 καὶ
1155 2523 1357 2587 ὶδικῶς,
1400 2526 1567 2595 ἠγουν
1589 2527 1729 2579 κατὰ

141 2614 345 2683 μόνας,
392 2613 482 2665 τὸν
532 2615 594 2665 ὲκ
648 2613 905 2680 γυναικὸς
939 2612 1225 2683 ἄνθρωπον
1272 2614 1556 2683 δεδεῆσθαι
1599 2633 1729 2682 φασι

132 2706 250 2774 τῆς
279 2705 375 2758 τοῦ
405 2705 723 2775 Πνεύματος
759 2706 1010 2775 μετοχῆςο
1045 2706 1162 2767 πῶς
1188 2706 1350 2767 αὑτός
1376 2708 1523 2758 ἐστιν
1558 2710 1585 2759 6
1634 2707 1730 2775 βα-

135 2797 358 2860 πτίζων
389 2798 445 2848 ὲν
479 2796 646 2865 αὐτῷ,
673 2797 845 2848 καίτοι
880 2798 1015 2867 μόνῃ
1040 2797 1342 2865 πρέποντος
1369 2800 1432 2865 τῇ
1470 2797 1728 2849 ἀνωτάτω

134 2888 312 2957 φύσει
358 2887 451 2940 τοῦ
504 2889 598 2940 καὶ
649 2887 967 2954 ἀποφαίνειν
1018 2886 1273 2939 δύνασθαι
1325 2887 1727 2957 μετεσχηκότας

131 2979 241 3032 τοῦ
277 2979 593 3048 Πνεῦματος
622 2979 745 3041 τοὺς
776 2979 1099 3047 προσιόντας
1121 2980 1256 3049 αὐτῇ
1284 2994 1299 3045 ;
1340 2979 1400 3031 Ei
1428 2978 1485 3030 δὲ
1513 2978 1727 3047 δέχεται

133 3070 243 3121 καὶ
279 3068 494 3121 δίδωσιν
524 3070 551 3120 6
583 3068 765 3130 αὐτὸς,
807 3068 1071 3139 πρόδηλον
1103 3070 1185 3121 ὅτι
1216 3069 1356 3121 κατά
1392 3085 1453 3135 γε
1478 3069 1603 3131 τοὺς
1630 3069 1728 3138 τῆς

1834 1903 1948 1951 rer,
2017 1890 2107 1957 qui
2174 1905 2337 1942 unum
2400 1888 2682 1941 Dominum
2733 1885 2891 1956 156
2931 1894 3171 1939 nostrum
3217 1882 3402 1937 Jesum

1829 1979 2103 2033 Christum
2138 1982 2188 2033 in
2217 1984 2351 2034 duos
2384 1980 2525 2034 ﬁlios
2548 1979 2808 2033 divellnnt
2839 1984 2981 2046 (nam
3008 1993 3166 2029 unum
3195 1986 3400 2028 tantttm

1831 2071 1992 2127 Pater
2033 2071 2457 2135 demonstravit;
2512 2079 2565 2123 et
2598 2072 2664 2122 de
2721 2084 2828 2122 uno
2886 2068 3055 2121 solum
3088 2085 3099 2120 :
3131 2085 3148 2118 ‹
3180 2065 3279 2119 Hic
3318 2074 3405 2119 est

1830 2163 1998 2217 Filius
2026 2164 2116 2216 Dei
2142 2163 2210 2225 ",
2243 2181 2261 2213 ι
2298 2163 2485 2217 beatus
2518 2162 2851 2231 evangelista
2888 2160 3123 2231 retulit),
3156 2160 3220 2212 de
3254 2169 3405 2212 utro-

1833 2271 1953 2309 natn
2007 2256 2243 2318 illorum,
2289 2256 2431 2325 qttod
2478 2255 2770 2323 allegatum
2821 2264 2927 2319 est,
2961 2253 3129 2319 accipi
3168 2252 3404 2307 debeat?

1831 2343 1964 2397 Nam
2011 2344 2056 2399 si
2097 2359 2276 2399 sermo
2319 2355 2403 2398 est
2438 2344 2503 2398 de
2546 2342 2838 2413 Unigenito
2875 2343 2965 2396 Dei
3018 2342 3193 2397 Patris
3222 2338 3402 2393 Verbo

1832 2452 2076 2490 seorsum
2126 2452 2222 2506 per
2250 2452 2309 2491 se
2342 2446 2581 2505 sumpto,
2622 2436 2894 2506 quomodo
2920 2434 3182 2502 Spiritum
3218 2445 3402 2487 susce-

1831 2528 1932 2593 pit,
1962 2542 2084 2581 cum
2132 2528 2204 2581 sit
2242 2538 2435 2580 natura
2481 2526 2641 2591 Deus,
2674 2536 2729 2580 et
2764 2527 2932 2595 ipsum
2969 2522 3232 2591 Spiritum
3278 2535 3403 2590 pro-

1833 2619 2007 2686 pritnn
2039 2619 2273 2671 haheat?
2294 2619 2446 2684 Quod
2472 2618 2514 2670 si
2550 2617 2823 2670 hominem
2865 2630 2929 2667 ex
2960 2614 3187 2667 muliere
3223 2624 3403 2666 ortum

1832 2722 2073 2762 seorsum
2117 2722 2181 2760 ac
2210 2724 2306 2775 per
2335 2723 2392 2761 se
2426 2708 2660 2773 positum
2711 2705 2915 2773 Spiritu
2962 2714 3150 2758 sancto
3190 2705 3405 2774 eguisse

1832 2800 2087 2863 dixerint,
2121 2801 2391 2867 quomodo
2445 2799 2532 2852 hic
2589 2812 2803 2850 rursum
2858 2798 2908 2850 in
2955 2796 3160 2867 Spiritu
3215 2805 3405 2849 sancto

1830 2888 2105 2958 haptizet?
2153 2890 2590 2958 quandoquidem
2656 2888 2891 2957 Spiritus
2949 2889 3121 2942 sancti
3174 2887 3400 2958 gratiam

1830 2981 2216 3035 accedentibus
2269 2995 2427 3048 posse
2478 2979 2741 3048 dilargiri,
2790 2981 2839 3031 id
2886 2995 3013 3033 vere
3065 2990 3271 3033 natura:
3322 2990 3407 3033 est

1832 3074 2072 3127 omnium
2111 3087 2376 3140 supremae
2405 3087 2466 3123 ac
2490 3073 2972 3138 prmstantissimaa.
3004 3073 3157 3135 Quod
3195 3073 3237 3124 si
3268 3087 3406 3125 unus

136 3162 293 3232 μετὰ
325 3161 526 3231 σαρκὸς
560 3135 871 3231 οἰκονομίας
915 3135 1125 3232 λόγους,
1157 3163 1249 3215 καὶ
1282 3162 1418 3215 καθὸ
1448 3162 1604 3231 φύσει
1637 3135 1729 3215 καὶ

1837 3164 2084 3231 idemque
2123 3161 2282 3216 simul
2318 3163 2409 3216 dat
2448 3171 2500 3216 et
2551 3163 2767 3232 recipit,
2820 3160 3167 3215 manifestum
3223 3171 3304 3214 est
3354 3161 3404 3214 id

132 3254 368 3324 ἀληθῶς
425 3257 539 3305 ἐστι
593 3254 745 3316 Θεός.
802 3255 1025 3323 Δέχεται
1079 3257 1178 3324 μὲν
1227 3256 1581 3325 ἀνθρωπίνως
1634 3258 1733 3326 οὐχ

132 3345 330 3414 ἑαυτῷ
384 3344 607 3414 μᾶλλον,
637 3345 771 3397 ἀλλὰ
828 3350 892 3415 τῇ
943 3346 1049 3398 τῶν
1101 3346 1402 3417 ἀνθρώπων
1456 3347 1613 3416 φύσει
1654 3348 1733 3399 δι’

132 3438 346 3492 ἑαυτοῦ
382 3438 475 3490 καὶ
500 3440 555 3489 ἐν
585 3438 764 3507 ἑαυτῴ
797 3438 872 3506 τῷ
909 3438 1109 3509 πρώτῳ
1136 3438 1412 3509 προξενῶν
1440 3442 1569 3492 αὑτό
1595 3456 1608 3470 ⁸
1655 3441 1734 3494 δὶ-

130 3532 284 3582 δωσι
318 3528 374 3579 δὲ
420 3526 615 3589 θεῖκῶς
663 3526 721 3590 ἐξ
772 3526 904 3589 ἰδίας
954 3526 1119 3579 αὑτοῦ
1164 3526 1396 3595 φῦσεως,
1426 3532 1538 3591 τοῖς
1564 3528 1733 3593 ἀξίοις

129 3622 245 3677 τοῦ
290 3621 473 3673 λαόεῖν
518 3616 816 3684 ὲνιείςΪΗν
855 3620 952 3690 μὲν
986 3617 1077 3673 οὖν
1099 3622 1176 3690 τῷ
1210 3624 1554 3693 προκειμένῳ
1586 3622 1733 3693 ρητῷ

132 3715 515 3787 προσεοικότα
549 3731 608 3766 τε
643 3714 736 3767 καὶ
766 3714 855 3767 τὸν
897 3714 1010 3766 ἴσον
1042 3712 1231 3782 ἔχοντα
1260 3713 1385 3767 νοῦν
1408 3713 1731 3782 παραθεῖναι

131 3810 244 3862 καὶ
293 3808 489 3878 ἕτερα·
545 3808 605 3860 τὸ
637 3808 695 3860 δέ
734 3824 797 3874 γε
831 3809 1153 3859 ταυτοεπεῖν
1201 3807 1457 3877 φορτικὸν
1508 3806 1728 3872 εἰδότες,

130 3901 330 3954 ἐκεῖνό
365 3917 565 3969 φαμεν,
602 3900 677 3962 ὡς
714 3900 926 3970 ἀπόχρη
959 3903 1069 3962 τοῖς
1104 3899 1533 3970 νουνεχεστέροις
1563 3900 1733 3969 ὴὲνὺς

130 3995 412 4062 ἐξήγησις
437 3993 515 4053 εἰς
542 3992 639 4061 τὴν
678 3992 785 4041 τῶν
817 3993 1017 4059 ὁμοίως
1044 3992 1276 4060 ἐχόντων
1313 3992 1516 4063 ἀκριϐῆ
1550 3992 1733 4045 διασάι

131 4101 338 4155 φησιν.
369 4082 576 4134 Οὐκοῦν
604 4082 794 4144 ὁσάκις
818 4081 883 4134 ἂν
916 4082 1383 4150 λέγοιτο-Χριστὸς
1413 4083 1734 4151 ἀγιάζεσθαι

131 4176 337 4247 τυχὸν,
377 4176 541 4245 ἧγουν
572 4174 631 4226 τὸ
660 4174 883 4243 Πνεῦμα
912 4174 1121 4235 λαΰεῖν,
1159 4174 1299 4226 κατὰ
1347 4174 1534 4227 τοῦτον
1572 4175 1735 4227 αὐτὸν

130 4274 241 4327 τὸν
296 4270 497 4340 τρόπον
543 4268 810 4339 προσήκει
856 4270 1012 4321 νοεῖν.
1057 4266 1311 4319 Εὑσεϐεἰν
1359 4267 1467 4337 γὰρ
1516 4268 1734 4337 ἄμεινον

133 4360 592 4430 περιτρέποντας
634 4357 873 4419 εὐσεϐῶς
906 4359 984 4420 είς
1016 4357 1073 4409 τὸ
1105 4358 1419 4427 ἀμωμήτως
1464 4357 1585 4427 ἔχον
1628 4359 1734 4410 τῶν

136 4453 320 4523 ἱερῶν
340 4451 683 4521 Γραμμάτων
704 4451 793 4502 τὸν
816 4450 960 4513 νοῦν,
989 4451 1155 4519 ἤγουν
1176 4450 1309 4501 ἱέναι
1328 4450 1468 4501 κατὰ
1496 4450 1731 4519 πετρῶν,

136 4540 386 4601 ἀνοσίως
418 4538 845 4607 ὲπιτειχίζοντας
888 4544 955 4610 τῇ
1004 4538 1127 4609 δόξῃ
1164 4537 1400 4609 Χριστοῦ
1451 4538 1519 4591 τὰ
1562 4539 1736 4610 ὀρθῶς

135 4627 447 4701 εἰρημένα.

224 4907 373 4971 ΔΕΓ.
423 4901 667 4972 «Ἰησοῦς
717 4900 773 4953 δὲ
828 4899 1037 4970 πλήρης
1088 4899 1399 4969 Πνεῦματος
1444 4899 1599 4967 ἁγίου
1630 4900 1728 4952 ὑπο

141 4998 424 5067 έστρεψεν
460 4994 565 5048 ἀπὸ
600 4992 866 5064 Ἰορδάνου
886 5006 900 5021 ·
940 4991 1034 5044 καὶ
1069 4991 1231 5060 ἧγετο
1264 4992 1323 5044 ὲν
1356 4990 1433 5061 τῷ
1460 4990 1737 5062 Πνεύματι

139 5090 238 5149 εἰς
268 5088 369 5155 τὴν
399 5088 604 5155 ἔρημον
637 5084 1042 5155 τεσσαράκοντα
1082 5082 1314 5153 ἡμέρας,
1345 5082 1739 5156 πειραζόμενος

140 5176 266 5227 ὑπὸ
314 5174 409 5225 τοῦ
448 5175 725 5226 διαϐόλου*
779 5175 870 5226 καὶ
918 5173 1015 5225 οὐκ
1064 5171 1263 5240 ἔφαγεν
1315 5172 1465 5225 οὐδὲν
1518 5174 1575 5225 ἐν
1622 5175 1739 5234 ταῖς

139 5266 401 5337 ἡμέραις
435 5266 703 5327 ἐκείναιςυ
740 5269 831 5319 καὶ
881 5262 1332 5318 συντελεσθεισῶν
1368 5265 1567 5327 αὐτῶν,
1598 5264 1743 5315 ἐπεί-

136 5374 346 5411 νασεν.
385 5356 564 5408 »Ἔδει
617 5357 671 5407 δὲ
721 5360 882 5411 πάλιν
923 5359 1061 5426 ὑπὲρ
1109 5356 1263 5427 ἡμῶν
1316 5355 1629 5426 ἀντιστῆναι
1657 5370 1737 5416 τε,

144 5448 449 5520 μονονουχὶ
468 5448 523 5499 δὲ
546 5449 638 5498 καὶ
666 5448 1135 5503 ἀνταποδύσασθαι
1164 5449 1242 5519 τῷ
1265 5449 1429 5502 πάλαι
1460 5450 1739 5517 νικήσαντι

137 5542 399 5608 Σατανᾷ,
433 5538 522 5589 τὸν
551 5538 637 5589 διὰ
670 5539 828 5592 τοῦτο
864 5542 1192 5611 καθιγμένον
1230 5543 1308 5601 είς
1358 5542 1603 5591 ἑκούσιον
1650 5536 1739 5587 κέ-

136 5650 349 5693 νωσιν,
393 5632 477 5682 ἵνα
527 5632 673 5700 ἡμᾶς
724 5634 973 5703 ἀποφήνῃ
1022 5632 1421 5703 μετεσχηκότας
1463 5631 1554 5682 τοῦ
1610 5630 1738 5682 ἰδίου

232 5792 278 5823 ⁸⁷
315 5788 474 5843 Jnan.
512 5803 547 5851 ι,
580 5788 664 5841 33.

746 5788 790 5816 “
834 5787 988 5839 llum.
1028 5803 1143 5851 tm,
1186 5790 1237 5852 8,
1264 5791 1313 5845 9.
1391 5792 1433 5822 ⁶⁹
1472 5788 1623 5845 Joan.
1656 5806 1693 5853 t,
1726 5789 1815 5841 54.

1837 3256 2121 3325 provenire
2180 3256 2389 3309 ratione
2449 3256 2874 3324 dispensationis
2932 3254 3228 3309 secundum
3284 3268 3406 3307 car-

1834 3366 1979 3415 nem,
2013 3358 2067 3402 et
2101 3360 2368 3415 quatenus
2403 3356 2688 3399 naturaet
2723 3362 2846 3400 vere
2876 3346 3016 3401 Deus
3039 3348 3274 3401 exsistit.
3305 3350 3409 3401 Ac-

1812 3442 1963 3508 cipit
1990 3440 2153 3509 igitur
2182 3449 2238 3492 ttt
2274 3440 2451 3505 homo,
2484 3454 2589 3491 non
2626 3449 2732 3492 tam
2762 3440 2862 3491 sibi
2899 3454 3059 3507 quam
3094 3438 3187 3491 toti
3221 3439 3405 3506 generi

1836 3534 2072 3587 humano
2102 3547 2195 3599 per
2227 3533 2483 3601 seipsum,
2530 3541 2583 3584 et
2621 3532 2672 3583 itt
2713 3531 2889 3597 seipso
2925 3532 3100 3598 primo
3131 3547 3144 3583 :
3174 3546 3236 3583 ex
3278 3544 3405 3597 pro-

1834 3623 1947 3691 pria
1982 3637 2111 3675 vero
2157 3622 2208 3674 vi
2259 3631 2313 3675 et
2355 3620 2546 3675 natura
2586 3631 2642 3674 ιιι
2692 3622 2830 3675 Deus
2879 3636 2983 3685 est,
3031 3621 3135 3675 illis
3168 3623 3277 3684 dat,
3316 3622 3405 3689 qui

1836 3714 2006 3780 ipsum
2042 3714 2288 3781 accipere
2320 3714 2464 3783 digni
2498 3724 2643 3766 sunt.
2673 3713 2931 3767 Poterant
2973 3713 3074 3765 alia
3107 3728 3321 3781 quoque
3353 3714 3406 3765 in

1834 3807 2080 3857 eamdem
2121 3806 2451 3859 sententiam
2489 3820 2593 3857 non
2627 3818 2795 3871 pauca
2834 3804 3014 3857 afferri
3051 3805 3182 3857 :sed
3214 3818 3408 3873 super-

1837 3911 2135 3949 vacaneum
2209 3896 2575 3964 judicavimus
2653 3894 2792 3947 idem
2848 3895 3044 3961 saepius
3096 3895 3405 3955 inculcare,

1837 3989 2073 4041 maxime
2100 4001 2228 4040 vero
2268 4002 2387 4039 cum
2436 3984 2887 4053 ingeniosioribns
2925 3986 2989 4035 ad
3024 3984 3277 4038 similium
3332 3986 3409 4038 lo-

1837 4094 2021 4132 corum
2075 4080 2438 4148 cognitionem
2489 4079 2571 4130 vel
2618 4077 2777 4131 unius
2813 4077 3119 4146 explanatio
3164 4087 3250 4131 sat
3290 4093 3410 4133 esse

1838 4170 2027 4237 possit.
2063 4170 2425 4233 Quamobrem
2460 4168 2889 4236 quotiescunque
2924 4167 3173 4221 Christus
3211 4169 3409 4221 sancti-

1838 4258 2010 4322 ﬁcari,
2062 4258 2163 4311 hoc
2200 4266 2281 4311 est
2316 4256 2575 4324 Spiritum
2617 4266 2862 4310 sanctum
2907 4258 3150 4323 accipere
3186 4258 3407 4319 dicitur,

1838 4364 2054 4417 semper
2101 4350 2244 4402 istud
2296 4350 2361 4401 ad
2409 4350 2550 4401 hunc
2595 4350 2812 4400 modum
2865 4347 3262 4414 intelligendum
3302 4358 3407 4403 est.

1844 4440 2027 4494 Satius
2057 4440 2200 4492 enim
2235 4447 2318 4493 est
2351 4438 2605 4507 pietatem
2646 4438 2917 4506 amplecti,
2951 4439 3073 4491 dum
3108 4440 3193 4507 pie
3232 4454 3409 4491 sacra-

1840 4545 1958 4584 rum
2012 4528 2337 4581 Litterarum
2384 4541 2603 4579 sensum
2662 4525 2724 4579 ad
2782 4538 2982 4579 rectam
3048 4527 3410 4593 pertrabimus

1838 4619 2357 4687 interpretationem,
2394 4631 2554 4684 quam
2599 4616 2763 4683 impie
2815 4617 3138 4683 denegantes
3168 4633 3283 4683 qua:
3320 4633 3408 4671 re-

1836 4720 1921 4764 cte
1951 4710 2016 4761 de
2040 4706 2239 4760 Christi
2272 4707 2443 4773 gloria
2481 4706 2829 4774 prOnuntiata
2865 4716 3016 4771 sunt,
3048 4707 3199 4761 abire
3225 4708 3414 4775 praeci-

1836 4801 1992 4868 pites.

1916 4889 2155 4945 XXXVI.
2205 4910 2222 4943 ι
2253 4889 2408 4947 Jesns
2445 4903 2621 4947 autem
2653 4893 2843 4961 plenus
2868 4892 3070 4961 Spiritu
3110 4904 3297 4945 sancto
3332 4909 3414 4947 re-

1846 4995 2200 5056 gressnsesta
2220 4984 2455 5039 Jordane
2474 5002 2487 5038 :
2508 4995 2561 5038 et
2583 4986 2838 5053 agebatur
2858 4985 2907 5035 in
2931 4982 3130 5050 Spiritu
3156 4984 3206 5036 in
3230 4986 3414 5039 deser-

1847 5090 1958 5132 ῑιιιιι
1993 5078 2180 5131 diebus
2212 5076 2584 5145 quadraginta,
2620 5084 2671 5124 et
2702 5073 3013 5126 tentabatnr
3038 5090 3065 5127 a
3099 5076 3333 5142 diabolo,
3363 5090 3417 5132 et

1852 5170 1983 5223 nihil
2031 5168 2368 5221 manducavit
2414 5166 2465 5217 in
2518 5165 2703 5217 diebus
2745 5164 2851 5217 illis
2887 5183 2899 5220 :
2933 5176 2983 5219 et
3030 5171 3418 5223 consummatis

1852 5264 1980 5324 illis,
2026 5269 2209 5329 postea
2242 5256 2517 5311 esuriit".
2550 5274 2566 5305 ι
2603 5253 2841 5311 Decebat
2870 5272 3022 5322 sane,
3050 5267 3106 5311 nt
3136 5260 3223 5312 ille
3248 5263 3415 5313 nosu'i

1852 5367 2012 5406 causa
2059 5351 2273 5403 Satana:
2306 5362 2364 5401 se
2413 5348 2733 5415 objectaret,
2783 5360 3105 5419 partamque
3141 5351 3249 5418 jam
3289 5352 3415 5404 olim

1851 5443 2082 5511 palmam
2116 5441 2215 5507 ipsi
2261 5440 2517 5509 eriperet,
2546 5441 2637 5510 qui
2674 5456 2734 5494 ea
2771 5443 2835 5494 de
2872 5455 3034 5494 causa
3071 5444 3120 5492 in
3165 5440 3416 5497 volunta-

1851 5538 1986 5587 riam
2031 5534 2460 5588 exinanitionem
2508 5551 2628 5591 sese
2671 5534 2999 5597 demiserat,
3057 5540 3114 5585 ut
3163 5548 3273 5587 sua:
3321 5552 3419 5589 nos

1851 5626 2203 5696 plenitudinis
2230 5627 2521 5696 participes
2549 5626 2814 5691 emccret;
2850 5625 3163 5695 fractosque
3192 5640 3242 5683 et
3272 5629 3420 5684 debi-

1886 5786 1930 5816 ⁷⁰
1963 5785 2092 5841 Lttr.
2130 5802 2202 5851 tv,
2238 5788 2286 5848 l,
2317 5788 2367 5843 2.
