4042 6454
617 361 754 418 1585

1605 351 1664 406 5.
1698 347 1980 405 CYRILLI
2018 345 2490 405 ALEXANDRINI
2534 342 2861 404 ARCIHEP.

3772 345 3900 399 1584

615 475 798 528 litatos
819 470 1090 542 quondam
1124 468 1177 524 iu
1203 467 1432 530 Adamo,
1458 466 1702 537 spiritale
1723 467 1996 536 quoddam
2024 465 2191 526 robur

2302 461 2662 534 πληρώματος
2682 477 2696 491 ·
2729 460 2823 514 καλ⁷
2845 459 3253 532 ὰσθενήσαντας
3280 457 3341 516 ἐν
3372 459 3902 532 Ἀδὰμ,ιεύρωστίαιι

613 566 838 632 adeptos
864 561 1215 617 ostenderet:
1250 558 1688 628 quandoquidem
1732 567 1841 612 tam
1875 573 2190 628 corporum,

613 669 776 723 quam
794 653 1096 708 animorum
1111 651 1482 722 aegritudines,
1507 649 1662 720 157
1689 649 2008 718 protoplasti
2035 650 2189 718 culpa

613 743 667 797 in
702 743 978 797 hominum
1017 751 1269 794 naturam
1303 741 1550 804 invectae,
1594 755 1690 808 per
1715 739 1994 795 Christum
2020 755 2050 794 e
2082 755 2190 793 me-

614 834 703 888 dio
732 844 857 887 sunt
885 833 1130 888 sublatae.
1167 832 1320 886 Sicut
1353 833 1497 886 enim
1532 830 1693 898 hujus
1720 832 2028 887 obeditioue
2050 829 2187 899 justi

614 926 998 980 constituimur
1046 924 1222 986 multi,
1266 923 1479 978 etiamsi
1541 931 1764 992 propter
1825 923 1968 976 illius
2012 922 2196 976 inube-

615 1017 872 1072 dientiam
899 1017 970 1079 τί,
1005 1016 1056 1068 in
1103 1015 1575 1069 condemnationis
1621 1015 1948 1070 sententiam
1988 1015 2196 1070 incide-

614 1111 824 1178 rimus;
867 1108 938 1162 ita
991 1123 1202 1161 rursum
1247 1107 1480 1177 spiritali
1536 1105 1733 1161 robore
1781 1120 1878 1175 per
1920 1107 2233 1169 Christum,

616 1201 774 1256 nobis
814 1200 997 1263 allato,
1045 1214 1073 1253 a
1109 1209 1348 1254 veterum
1399 1197 1714 1252 morborum
1749 1198 2092 1252 detrimentis
2127 1199 2195 1252 li-

615 1291 869 1348 beramur
899 1310 912 1345 :
947 1299 1000 1345 et
1049 1291 1135 1359 qui
1184 1291 1235 1344 in
1277 1290 1447 1344 Adam
1486 1289 1614 1342 victi
1661 1290 2099 1354 concideramus,
2142 1293 2193 1342 iu

617 1382 837 1438 Christo
858 1381 1139 1437 victoriam
1165 1381 1527 1435 obtinuimus.
1554 1377 1821 1448 Objicitur
1846 1380 2028 1446 itaque
2054 1379 2194 1432 hosti

616 1487 716 1540 pro
749 1471 901 1526 nobis
933 1481 990 1522 ιιι
1027 1470 1212 1533 homo,
1245 1467 1413 1521 vincit
1441 1477 1620 1520 autem
1651 1477 1706 1521 ut
1737 1469 1900 1540 Deus.
1932 1469 2199 1522 Tentatur

619 1577 860 1625 rursum,
917 1561 1121 1615 Satana-
1167 1560 1394 1629 perinde
1447 1560 1521 1614 illi
1571 1559 1959 1618 insultanteac
2004 1560 2095 1613 uni
2131 1575 2197 1613 ex

621 1653 800 1716 nobis,
832 1661 1091 1719 certoque
1120 1651 1222 1704 sibi
1263 1651 1551 1719 pollicente
1587 1649 1699 1705 fore
1741 1661 1797 1704 ut
1826 1653 2006 1705 carnis
2040 1661 2196 1720 petu-

620 1742 784 1795 lantia
831 1741 898 1794 ad
935 1741 1084 1793 illum
1113 1741 1561 1810 prosternendum
1594 1741 1794 1794 sociam
1834 1756 1953 1795 sese
1999 1741 2194 1808 adjun-

2297 556 2519 626 ἔχοντας
2569 553 2825 626 ἀποδείξῃ
2874 557 3288 625 πνευματικήν·
3346 553 3635 607 πέπαυται
3690 551 3806 622 γὰρ
3849 553 3900 603 ὲν

2296 646 2518 718 Χριστῷ
2546 647 2612 698 τὰ
2647 648 2705 699 ἐν
2729 647 2808 716 τῷ
2837 646 3250 718 πρωτοπλάστῳ
3291 650 3358 718 τῇ
3393 645 3705 716 ἀνθρώπου
3750 644 3902 712 φύσει

2297 739 2682 808 συμϐεϐηκότα
2732 739 3024 808 σωματικά
3069 757 3129 792 τε
3165 740 3262 793 καὶ
3295 739 3508 808 ψυχικὰ
3555 737 3676 790 τῶν
3725 739 3903 808 ἀρρω-

2299 850 2396 902 στη
2408 834 2594 899 μάτων
2629 833 3224 904 ὲνεργὴματα.“Ωσπερ
3253 835 3364 902 γὰρ
3391 833 3481 886 διὰ
3511 832 3621 901 τῆς
3652 831 3902 898 ὑπακοῆς

2297 923 2463 978 αὑτοῦ
2496 924 2694 976 δίκαιοι
2723 926 3066 995 κατέστημεν
3098 927 3148 978 οἱ
3175 925 3380 988 πολλοὶ,
3413 924 3600 976 καίτοι
3628 922 3900 975 πεπονθό-

2296 1032 2386 1078 τες
2421 1014 2510 1066 διὰ
2535 1015 2634 1083 τῆς
2666 1016 2874 1068 ἐκείνου
2904 1017 3195 1086 παρακοῆς
3221 1017 3318 1086 τὴν
3353 1016 3696 1086 κατάκρισιν
3718 1028 3734 1042 ·
3768 1014 3907 1067 οὕτω

2297 1105 2362 1174 δὴ
2402 1103 2566 1158 πάλιν
2598 1104 2686 1157 διὰ
2713 1105 2810 1175 τῆς
2855 1107 2913 1159 ὲν
2946 1108 3170 1178 Χριστῷ
3203 1108 3510 1176 νοουμένης
3561 1105 3906 1166 εὐσθενείας,

2298 1196 2455 1267 δῆλον
2477 1196 2534 1249 δὲ
2563 1197 2645 1249 ὅτι
2671 1198 3066 1266 πνευματικῆς,
3095 1196 3166 1248 τὰ
3189 1197 3284 1248 ἐπὶ
3305 1198 3428 1258 ταῖς
3457 1194 3718 1266 πρώταις
3753 1195 3912 1247 ἀσθε-

2299 1288 2470 1351 νείαις
2501 1287 2938 1357 διεκρουσάμεθα
2970 1287 3172 1356 βλάϐη·
3226 1289 3322 1340 καὶ
3366 1289 3417 1339 οἱ
3456 1287 3829 1348 πεπτωκότες
3854 1288 3909 1338 ὲν

2312 1379 2503 1450 Ἀδὰμ,
2533 1380 2899 1450 νενικήκαμεν
2929 1380 2985 1431 ὲν
3019 1378 3262 1450 Χριστῷ.
3282 1379 3701 1432 ’Λντιτάττεται
3734 1380 3910 1431 τοίνυν

2299 1469 2439 1539 ὑπὲρ
2478 1469 2635 1541 ἡμῶν
2673 1469 2749 1532 ῶς
2783 1469 3090 1540 ἅνθρωπος,
3123 1470 3219 1522 καὶ
3256 1473 3383 1540 νικᾷ
3411 1469 3618 1532 θεῖκῶς
3657 1473 3757 1523 καὶ
3793 1488 3909 1522 πει-

2303 1559 2525 1631 ράζεται
2556 1560 2674 1630 μὲν,
2709 1561 2784 1622 ὡς
2817 1563 2899 1613 ἐνὶ
2932 1561 3039 1612 τῶν
3069 1560 3194 1614 καθ’
3226 1561 3375 1629 ἡμᾶς
3403 1560 3799 1629 ὲπιπηδῶντος
3823 1560 3911 1612 τοῦ

2299 1653 2534 1716 Σατανᾶ,
2566 1652 2661 1704 καὶ
2713 1651 3009 1719 οἰηθέντος,
3043 1652 3123 1704 ὅτι
3165 1652 3233 1704 τὸ
3279 1651 3523 1721 ἀκρατὲς
3557 1651 3669 1720 τῆς
3714 1653 3915 1720 σαρκὸς

2303 1740 2830 1810 συνεκπολεμήσειεν
2894 1740 2962 1794 ἂν
3024 1739 3173 1810 αὗτῴ
3235 1740 3326 1793 τὸν
3394 1739 3911 1811 ὲκπειραζόμενον·

620 1843 770 1901 geret
801 1851 814 1887 :
846 1847 1034 1886 verum
1072 1833 1117 1886 is
1153 1832 1474 1900 pudefactus
1507 1833 1798 1898 abscessit,
1836 1848 1957 1888 cum
1995 1844 2190 1887 natura

2302 1834 2574 1902 ἀναχωρεῖ
2617 1833 2672 1885 δὲ
2720 1831 3200 1903 κατῃσχυμμένος,
3248 1832 3706 1903 καινοτομούσης
3756 1834 3914 1886 αὐτὸν

621 1925 854 1977 humana
921 1937 1060 1976 novo
1112 1923 1346 1991 quodam
1418 1923 1579 1978 modo
1638 1922 1690 1976 in
1755 1922 1975 1978 Christo
2023 1923 2194 1994 legem

619 2015 857 2085 peccati,
910 2030 1028 2082 quae
1076 2015 1283 2080 pridem
1337 2014 1391 2066 in
1442 2015 1703 2068 membris
1747 2016 1931 2068 carnis
1964 2013 2195 2069 ferocie-

619 2105 826 2168 bat",
887 2104 1212 2159 exstinctam
1272 2103 1761 2172 tuortilicatamque
1825 2119 1945 2158 sese
1998 2105 2199 2159 habere

619 2199 935 2256 ostenderet
965 2214 980 2251 :
1010 2195 1211 2251 abolita
1255 2205 1339 2250 est
1371 2197 1516 2251 enim
1570 2196 1652 2250 lex
1704 2197 1820 2250 hanc
1865 2197 1916 2250 in
1958 2197 2195 2250 Christo.

618 2287 791 2342 Porro
825 2298 1007 2342 autem
1055 2302 1178 2342 cum
1240 2292 1502 2354 quantum
1537 2295 1624 2340 sat
1665 2295 1783 2340 erat
1815 2285 1928 2355 jam
1961 2285 2196 2355 iejunaso

620 2391 725 2444 set,
760 2382 1053 2449 divinaque
1083 2380 1286 2434 virtute
1313 2379 1518 2447 absque
1553 2378 1678 2433 cibo
1707 2386 1762 2432 et
1792 2387 1920 2448 potu
1953 2378 2200 2432 incorru-

621 2482 765 2540 ptam
809 2485 1032 2524 carnem
1077 2479 1482 2535 conservasset,
1516 2472 1612 2522 vix
1647 2472 1886 2534 tandem,
1919 2484 2040 2538 qua:
2074 2485 2199 2537 pro-

619 2563 738 2630 pria
785 2560 931 2615 illius
981 2569 1145 2624 sunt.
1190 2561 1300 2629 pati
1345 2574 1464 2615 eam
1515 2559 1663 2614 sivit.
1729 2560 1998 2615 Esuriisse
2052 2561 2195 2614 enim

620 2653 823 2709 dicitur
852 2670 866 2707 :
893 2652 989 2708 sed
1024 2667 1185 2722 quam
1237 2652 1305 2707 ob
1346 2667 1595 2716 causam,
1644 2667 1848 2722 quaeso,
1888 2653 2095 2708 esurit?
2117 2651 2199 2708 Ob

619 2761 740 2801 eam
774 2745 1053 2812 nimirum,
1088 2759 1191 2812 qua
1227 2753 1350 2812 apte
1388 2758 1484 2812 per
1514 2753 1804 2813 utrmnque
1835 2742 2004 2799 Deu-m
2033 2746 2196 2800 simul

620 2847 675 2892 et
710 2838 982 2892 hominem
1038 2849 1097 2890 se
1141 2850 1262 2892 esse
1290 2835 1618 2901 declararet,
1654 2852 1901 2906 unusque
1943 2847 1999 2892 et
2029 2839 2194 2899 idem.

621 2937 888 2996 quatenus
917 2923 1084 2985 Deus.
1121 2941 1283 2995 supra
1317 2941 1416 2980 nos
1446 2941 1605 2993 esse;
1633 2934 1689 2980 et
1717 2938 1982 2996 quatenus
2011 2927 2194 2990 homo,

621 3019 782 3073 nobis
825 3016 1020 3072 similis
1055 3028 1468 3085 agnosceretur.
1515 3017 1724 3070 Virtute
1761 3033 1925 3085 porro
1958 3018 2196 3086 Spiritus

624 3115 676 3167 iu
701 3114 970 3167 desertum
1001 3113 1084 3180 agi
1119 3113 1337 3173 dicitur,
1367 3127 1472 3164 nou
1498 3113 1638 3178 quod
1672 3110 1754 3178 agi
1786 3111 1924 3166 idem
1957 3111 2028 3163 sit
2055 3110 2193 3176 quod

625 3204 848 3266 deferri,
892 3203 985 3258 sed
1023 3204 1188 3255 vitam
1241 3201 1544 3261 traducere.
1597 3213 1692 3255 seu
1733 3201 1930 3254 morari
1961 3217 1973 3253 :
2009 3216 2198 3269 quem-

625 3295 915 3350 admodum
972 3309 1071 3348 nos
1111 3308 1326 3362 quoque
1379 3292 1560 3345 dicere
1605 3290 1879 3345 interdum
1919 3290 2200 3346 consuevi-

625 3402 766 3451 mus,
790 3387 933 3440 hunc
965 3385 1044 3439 vel
1080 3384 1224 3438 illum
1257 3382 1424 3452 probe
1463 3381 1699 3448 seipsum
1733 3395 1916 3448 agerc,
1956 3381 2056 3435 hoc
2091 3391 2198 3443 est,

625 3477 952 3544 inculpatam
1011 3476 1174 3527 vitam
1245 3473 1483 3542 exigere.
1534 3472 1865 3526 Versabatur
1918 3472 2084 3542 igitur
2146 3473 2198 3526 iu

624 3563 861 3624 deserto,
906 3563 1006 3615 hoc
1042 3569 1147 3624 est,
1183 3561 1348 3613 vitam
1387 3560 1497 3613 illic
1537 3559 1802 3628 agitabat,
1839 3575 1944 3613 non
1983 3561 2198 3630 quidem

627 3668 776 3705 more
826 3666 1090 3720 corporeo
1125 3669 1138 3704 :
1172 3641 1294 3704 nam
1347 3649 1554 3717 absque
1598 3649 1722 3703 cibo
1768 3659 1823 3704 et
1858 3652 2201 3718 p0tu,_rebus

625 3745 812 3812 utique
864 3745 1105 3797 humano
1155 3742 1370 3810 corpori
1434 3741 1800 3807 necessariis,
1847 3743 1918 3795 ibi
1972 3742 2202 3811 degebat

626 3834 864 3903 Spiritus
904 3833 1104 3886 virtute
1127 3841 1391 3897 armatus,
1434 3841 1491 3885 et
1520 3846 1687 3901 supra
1724 3833 1967 3886 humanae
1994 3844 2202 3887 natura:

625 3926 989 3980 conditionem
1021 3925 1072 3978 in
1107 3923 1363 3978 continuo
1387 3922 1595 3992 jejunio
1624 3924 1818 3977 ibidem
1853 3925 2198 3991 persistehat.

623 4017 892 4071 Caeterum
922 4025 1182 4070 accurate
1217 4015 1616 4068 observandum
1643 4016 1889 4083 estquod
1922 4017 2008 4070 hic
2036 4017 2204 4070 tradi-

625 4118 753 4161 tur:
785 4117 869 4160 est
918 4107 1063 4159 enim
1110 4103 1398 4173 ejusmodi,
1449 4104 1502 4158 in
1552 4120 1658 4172 quo
1689 4105 1922 4158 salubris
1957 4107 2200 4174 quazdam

623 4197 884 4252 doctrinm
916 4199 996 4250 vis
1032 4196 1216 4249 lateat.
1267 4194 1383 4248 Non
1414 4196 1561 4249 cnim
1597 4205 1725 4249 ante
1751 4207 1995 4250 sanctum
2030 4197 2217 4265 bapti-‘

625 4304 742 4343 sma
806 4299 1116 4356 susceptum
1177 4287 1526 4352 tentabatur;
1600 4286 1694 4339 sed
1767 4301 1939 4357 neque
1998 4287 2201 4355 Spiritu

625 4392 844 4448 quoque
888 4379 938 4431 in
973 4379 1252 4431 desertum
1287 4377 1568 4445 agebatur.
1601 4377 1826 4448 Ecquid,
1872 4394 2077 4446 quaeso,
2118 4395 2204 4434 res

2297 1927 2395 1992 τῆς
2423 1922 2710 1991 ἀνθρώπου
2745 1923 2960 1991 φύσεως
2984 1925 3042 1977 ὲν
3069 1923 3314 1995 Χριστῷ,
3345 1926 3442 1978 καὶ
3492 1925 3914 1996 νενεκρωμένον

2297 2014 2527 2085 ἐχούσης
2565 2014 2668 2083 τῆς
2698 2015 2976 2085 ἁμαρτίας
3002 2015 3096 2068 τὸν
3128 2017 3312 2086 νόμον,
3343 2016 3438 2069 τὸν
3470 2017 3534 2070 ὲν
3567 2018 3695 2080 τοῖς
3732 2016 3913 2086 μέλεσι

2296 2107 2394 2176 τῆς
2425 2106 2626 2177 σαρκὸς
2647 2107 2998 2177 ἀγριαίνοντα
3017 2125 3030 2139 ·
3057 2109 3408 2178 κατήργηται
3431 2108 3548 2179 γὰρ
3580 2110 3647 2161 ἐν
3670 2108 3914 2179 Χριστιῖ).

2297 2199 2700 2267 Νηστεύσαςῗγε
2734 2201 2843 2270 μὴν
2867 2198 3255 2270 ἀποχρώντως,
3282 2199 3380 2252 καὶ
3409 2200 3660 2270 δυνάμει
3689 2202 3916 2272 θεοπρε-

2299 2291 2391 2342 πεῖ
2417 2285 2579 2342 ποτοῦ
2615 2287 2708 2342 καὶ
2743 2288 2928 2342 σιτίων
2961 2288 3084 2359 δίχα
3112 2288 3210 2358 τὴν
3245 2289 3430 2359 σάρκα
3459 2291 3735 2361 τηρήσας
3769 2292 3917 2344 ἀδιά-

2298 2380 2515 2451 φθορον,
2551 2382 2738 2451 ἐφίησι
2775 2381 2926 2451 μόλις
2967 2381 3035 2434 τὰ
3079 2383 3256 2434 οἰκεῖα
3291 2381 3493 2435 παθεῖν
3558 2385 3738 2455 αὐτῇ.
3797 2386 3916 2438 Πει-

2297 2469 2458 2538 νῆσαι
2503 2469 2612 2540 γὰρ
2653 2469 2902 2538 λέγεται·
2945 2471 3044 2524 καὶ
3085 2470 3174 2524 διὰ
3213 2472 3374 2524 ποίαν
3417 2474 3657 2538 αίτίαν;
3697 2477 3821 2527 Ἵνα
3849 2476 3919 2528 δι’

2298 2558 2500 2628 ἀμφοῖν
2533 2559 2802 2629 εὐτέχνως
2827 2561 2961 2623 Θεός
2995 2578 3055 2614 τε
3084 2561 3222 2630 ὁμοῦ
3257 2563 3352 2614 καὶ
3399 2563 3718 2634 ἄνθρωπος
3752 2567 3918 2637 ὑπάρ-

2298 2667 2409 2719 χων
2458 2649 2886 2720 ὲπιγινώσκηται
2933 2646 3015 2714 εἷς
3064 2651 3158 2705 καὶ
3203 2652 3232 2704 ὁ
3281 2653 3448 2717 αὐτὸς
3494 2654 3791 2724 δηλονότι,
3834 2659 3919 2711 καὶ

2298 2741 2494 2805 θεῖκῶς
2529 2742 2669 2813 ὑπὲρ
2693 2743 2863 2812 ἡμᾶς,
2891 2743 2985 2796 καὶ
3015 2743 3138 2796 καθ’
3166 2746 3315 2815 ἡμᾶς
3342 2745 3919 2816 άνθρωπίνως.’ᾼγε-

2300 2835 2424 2888 σθαι
2455 2834 2510 2886 δὲ
2539 2834 2754 2898 λέγεται
2792 2837 2858 2905 τῇ
2895 2834 3127 2906 δυνάμει
3177 2835 3271 2889 τοῦ
3323 2836 3670 2906 Πνεύματος
3708 2842 3794 2903 είς
3832 2840 3918 2909 τὴν

2298 2924 2522 2995 ἔρημον,
2567 2924 2662 2976 τοῦ
2711 2924 2944 2992 ἄγεσθαι
2978 2923 3268 2993 δηλοῦντος
3299 2926 3361 2977 ού
3410 2925 3474 2977 τὸ
3524 2927 3918 2998 ἀποφέρεσθαι

2305 3016 2525 3085 μᾶλλον,
2559 3015 2696 3068 ἀλλὰ
2745 3015 2806 3068 τὸ
2854 3015 3080 3082 διάγειν,
3118 3015 3237 3084 ἦτοι
3293 3016 3604 3069 διατελεῖν·
3668 3019 3918 3089 καθάπερ

2304 3104 2494 3173 ἀμέλει
2543 3105 2637 3157 καὶ
2684 3106 2769 3173 ἐφ’
2800 3105 2959 3174 ἡμῶν
3002 3104 3218 3173 λέγεται
3267 3106 3640 3172 πλειστάκις·
3690 3111 3756 3164 Ὀ
3784 3111 3918 3165 δεῖνα

2303 3192 2462 3262 τυχὸν
2514 3195 2705 3248 ἑαυτὸν
2753 3195 2930 3267 ὀρθῶς
2977 3196 3120 3265 ἄγει,
3156 3199 3439 3253 τουτέστιν
3495 3201 3832 3271 ἀμέμπτως
3855 3203 3916 3270 Cf.

2304 3287 2397 3339 καὶ
2427 3285 2788 3341 πολιτεύεται.
2809 3289 3197 3360 Ἀνεστρέφετο
3223 3291 3404 3343 τοίνυν
3436 3292 3523 3354 εἰς
3551 3293 3916 3364 τὴνιὲρημον.

2303 3376 2471 3445 ἤγουν
2503 3379 2738 3431 ἐποιεῖτο
2765 3378 2860 3442 τὰς
2894 3380 3197 3452 διατριϐὰς,
3222 3382 3283 3434 οὐ
3326 3383 3678 3450 σωματικῶς
3704 3401 3720 3414 ·
3761 3384 3919 3438 ποτοῦ

2303 3467 2411 3536 γὰρ
2443 3468 2564 3537 δίχα
2595 3471 2689 3522 καὶ
2717 3470 2816 3539 τῆς
2842 3474 2954 3535 τοῖς
2986 3471 3236 3541 σώμασιν
3261 3473 3579 3541 ἀναγκαίας
3613 3477 3833 3544 τροφῆς
3868 3478 3921 3527 ἐν

2302 3557 2530 3628 δυνάμει
2578 3559 2894 3631 Πνεύματος
2941 3563 3082 3634 ὑπὲρ
3122 3564 3284 3631 φύσιν
3320 3567 3420 3635 τὴν
3473 3565 3607 3619 καθ’
3643 3569 3803 3636 ἡμᾶς
3847 3568 3921 3619 δι-

2303 3651 2592 3721 εκαρτέρει
2636 3653 2774 3721 πρὸς
2807 3654 2908 3724 τὴν
2953 3655 3230 3725 νηστείαν.
3271 3656 3423 3726 Πλὴν
3471 3658 3665 3712 ἐκεῖνο
3720 3660 3914 3728 ἄθρει·

2303 3742 2724 3815 ὲπωφελεστάτη
2775 3745 2884 3817 γὰρ
2933 3746 3033 3816 τῆς
3081 3747 3289 3811 ἐννοίας
3321 3751 3355 3819 ἡ
3395 3749 3667 3820 δύναμις.
3704 3755 3784 3806 Οὐ
3816 3753 3918 3822 πρέΙ

2302 3833 2396 3886 τοῦ
2438 3835 2592 3900 ἁγίου
2627 3835 3005 3906 βαπτίσματος
3035 3838 3379 3910 ὲπειράζετο,
3421 3840 3546 3894 ἀλλ’
3576 3843 3712 3896 οὐδὲ
3758 3846 3916 3914 ἤγετο

2301 3925 2381 3994 τῷ
2419 3927 2695 3996 Πνεύματι
2726 3929 2805 3990 εἰς
2835 3927 2934 3998 τὴν
2967 3928 3194 4000 ἔρημον,
3227 3931 3397 3984 τύπον
3433 3935 3576 4002 ἡμῖν
3624 3937 3692 3988 τὸ
3727 3937 3917 4008 χρῆμα

2303 4018 2506 4081 τιθείς·
2559 4020 2840 4090 ἀμήχανον
2885 4021 2994 4090 γὰρ
3039 4023 3164 4084 τοὺς
3198 4022 3352 4076 οὔπω
3403 4023 3914 4098 βεδαπτισμένοκ.

2303 4109 2396 4162 τοῦ
2429 4110 2776 4180 πειράζοντος
2803 4112 3021 4166 Σατανᾶ
3051 4111 3332 4167 δύσοιστον
3361 4109 3534 4168 οὖσαν
3583 4119 3692 4188 τὴν
3747 4137 3916 4190 προσ-

2306 4200 2466 4272 ϐολὴν
2498 4203 2818 4269 ὑπενεγκεῖν
2855 4203 3114 4258 δύνασθαι
3143 4207 3428 4272 νεανικῶς,
3465 4208 3644 4277 ἦγουν
3679 4213 3915 4278 ἄγεσθαι

2307 4293 2693 4361 πνευματικῶς
2715 4311 2728 4324 ·
2777 4296 2968 4366 καιρὸς
3001 4296 3056 4349 δὲ
3099 4298 3127 4351 ὁ
3161 4299 3390 4368 πρέπων
3428 4303 3549 4363 τοῖς
3596 4301 3752 4355 οὕτω
3782 4305 3914 4372 λαμ-

2305 4385 2462 4453 προῖς
2510 4385 2604 4436 καὶ
2653 4384 3003 4453 ἁξιαγάστοις
3057 4388 3505 4458 κατορθώμασιν,
3565 4393 3596 4444 ὁ
3658 4393 3808 4460 μετὰ.
3858 4395 3914 4444 τὶ

627 4474 742 4526 hare
792 4467 946 4522 uobis
997 4469 1393 4521 adumbrabat?
1439 4468 1551 4522 Non
1601 4469 1746 4522 aliud
1788 4473 1992 4534 utique,
2040 4486 2198 4539 quam

2305 4475 2459 4543 ἅγιον
2503 4475 2818 4544 βάπτισμα·
2872 4479 3305 4547 κραταιωθέντες
3349 4479 3460 4549 γὰρ
3513 4480 3669 4535 οὕτω
3719 4489 3788 4554 τῇ
3822 4485 3913 4538 τοῦ

626 4563 741 4618 fieri
779 4576 884 4615 non
919 4574 1100 4628 posse,
1135 4568 1191 4610 ut
1221 4558 1254 4609 ii
1285 4558 1377 4626 qui
1411 4559 1664 4625 baptismi
1696 4562 1926 4628 gratiam
1973 4564 2199 4614 necdum

625 4654 859 4709 assecuti
904 4662 1051 4715 sunt,
1089 4649 1434 4718 gravissimis
1470 4652 1728 4703 teutautis
1768 4651 1985 4706 Satanae
2026 4652 2200 4706 insul-

628 4747 774 4799 tibus
800 4745 1030 4798 viriliter
1059 4741 1353 4803 obsistaut,
1379 4752 1469 4792 aut
1493 4743 1754 4808 spiritalis
1787 4743 1909 4796 vita:
1941 4743 2204 4796 rationem

629 4838 769 4892 inire
804 4847 1025 4906 queant.
1068 4835 1307 4903 Tempus
1351 4843 1530 4886 autem
1567 4833 1871 4887 obtinenda:
1905 4834 2067 4903 158
2095 4844 2202 4887 tam

633 4927 856 4979 illustris
881 4926 1120 4979 victoriae
1145 4935 1267 4994 post
1295 4939 1513 4979 sacrum
1543 4923 1810 4992 baptisma
1843 4931 2201 4990 opportunum

629 5024 736 5070 cst.
763 5013 837 5068 lta
864 5016 1005 5068 enim
1035 5018 1272 5084 Spiritus
1293 5018 1466 5072 sancti
1499 5014 1914 5082 participatione
1942 5015 2201 5076 roborati,

630 5118 684 5163 ct
733 5121 966 5175 superna
1012 5111 1184 5174 gratia
1241 5110 1309 5162 ad
1371 5107 1617 5179 spiritale
1656 5106 1829 5160 robur‘
1872 5104 2199 5167 conﬁrmati,

631 5200 847 5253 Satanae
882 5197 1094 5251 insidiis
1137 5201 1254 5267 capi
1292 5218 1395 5255 uou
1437 5202 1774 5269 poterimus;
1814 5199 1906 5252 scd
1948 5207 2202 5265 tanquam

633 5293 688 5345 in
749 5291 952 5343 virtute
1003 5287 1236 5356 Spiritus
1290 5293 1551 5357 vivemus,
1605 5295 1758 5362 quasi
1819 5294 1870 5345 in
1929 5293 2204 5344 desertum

631 5383 903 5451 quoddam
941 5383 1282 5444 secedentes,
1318 5382 1442 5434 dum
1492 5387 1677 5450 procul
1732 5403 1760 5438 a
1814 5383 1999 5438 mundi
2047 5383 2206 5449 hujus

633 5476 953 5529 tumultibus
993 5475 1155 5527 vitam
1187 5473 1396 5541 placide
1433 5477 1797 5542 transigimus.
1844 5477 2202 5542 Quamobrem

630 5566 758 5621 licet
805 5565 1230 5634 cunctipotcntis
1273 5563 1363 5618 Dci
1413 5564 1588 5617 Verbo
1634 5579 1818 5631 parum
1860 5569 2082 5622 omnino
2133 5568 2205 5622 sit

705 5742 748 5771 τί
776 5739 930 5794 Rom.
969 5741 1137 5804 ι·,19.
1207 5745 1253 5776 τ’
1290 5741 1445 5800 Rom.
1477 5757 1570 5806 \'ll,
1609 5740 1688 5794 13.

2311 4568 2464 4634 ἁγίου
2498 4566 2812 4634 Πνεύματος
2844 4573 3066 4638 μετοχῇ,
3101 4571 3194 4622 καὶ
3223 4575 3290 4640 τῇ
3316 4570 3526 4624 ἄνωθεν
3566 4575 3766 4646 χάριτι
3793 4596 3916 4630 κατ-

2311 4655 2766 4725 εσφραγισμένοι,
2805 4655 2942 4726 πρὸς
3008 4659 3307 4726 εὐρωστίαν
3371 4661 3429 4713 δὲ
3491 4661 3749 4731 δηλονότι
3819 4669 3914 4734 τὴν

2313 4745 2708 4812 πνευματικὴν,
2755 4745 3017 4799 άνάλωτοί
3046 4765 3105 4799 τε
3139 4751 3378 4817 ἐσόμεθα
3407 4753 3488 4822 τῷ
3522 4755 3756 4826 Σατανᾷ
3777 4799 3792 4813 .
3827 4759 3916 4808 καὶ

2313 4837 2385 4899 ὡς
2414 4837 2471 4888 ὲν
2497 4834 2724 4904 δυνάμει
2757 4836 3074 4909 Πνεύματος
3099 4841 3449 4914 διαζήσομεν,
3480 4846 3700 4916 ἔρημον
3724 4849 3916 4919 ὥσπερ

2309 4927 2430 4980 τινὰ
2466 4927 2972 4998 καταλαμϐάνοντες
2996 4933 3171 5002 χῶρον
3196 4935 3256 4987 τὸ
3279 4935 3382 4998 ἔξω
3401 4937 3621 5005 τύρὸης
3653 4941 3914 5004 γενέσθαι

2312 5019 2853 5091 κοσμικῆς.Σμικρὸν
2881 5025 2979 5092 μὲν
2999 5021 3092 5077 οὖν
3123 5026 3316 5093 κομιδῇ
3346 5025 3424 5094 τῷ
3458 5028 3648 5080 πάντα
3673 5033 3912 5099 ἰσχύοντι

2311 5112 2472 5180 Λόγῳ
2503 5112 2563 5164 τὸ
2598 5118 2815 5183 νικῆσαι
2842 5117 2933 5169 τὸν
2965 5118 3231 5178 Σατανᾶν,
3276 5118 3419 5186 μέγα
3464 5120 3521 5172 δὲ
3561 5124 3733 5177 πάλιν
3785 5129 3913 5196 ἡμῖν

2310 5204 2368 5256 τὸ
2395 5205 2486 5256 καὶ
2521 5206 2706 5257 τούτου
2737 5210 2923 5275 τυχεῖν
2948 5207 3035 5258 διὰ
3076 5208 3172 5276 τῆς
3213 5209 3695 5282 ὲνανθρωπήσεως
3719 5219 3909 5278 αὑτοῦ,

2312 5295 2454 5349 καθὰ
2485 5298 2576 5348 καὶ
2603 5299 2662 5350 τὸ
2693 5299 3140 5370 ἀνακαινισθῆναι
3175 5303 3310 5370 πρὸς
3343 5304 3912 5378 ἁφθαρσίαν.”Ωσπερ

2313 5390 2420 5458 γάρ
2445 5389 2530 5441 διὰ
2553 5391 2650 5460 τῆς
2679 5394 2742 5445 ἐκ
2767 5391 2974 5460 νεκρῶν
3018 5395 3366 5458 ἀναστάσεως
3404 5399 3578 5450 αὑτοῦ
3624 5404 3912 5471 κρείττους

2313 5483 2475 5550 ἡμεῖς
2520 5483 2825 5551 γεγόναμεν
2876 5484 2978 5550 τῆς
3013 5483 3237 5554 φθορᾶς,
3283 5487 3427 5540 οὓτω
3476 5490 3564 5541 διὰ
3604 5491 3706 5559 τῆς
3744 5495 3804 5546 ἑν
3841 5496 3910 5564 τῷ

2315 5573 2671 5642 πειράζεσθαι
2703 5575 2858 5642 νίκης
2887 5574 3044 5628 πάλιν
3076 5579 3236 5646 ἡμεῖς
3271 5583 3728 5652 κεκρατήκαμεν.
