4042 6466
80 406 212 475 1385

868 406 961 461 ΑΙ)
1001 404 1299 463 REGINAS
1338 404 1425 461 DE
1463 403 1694 460 RECTA
1735 402 1891 459 FIDE
1929 400 2188 459 ORATIO
2228 401 2529 459 ALTERA.

3178 402 3316 460 i386

80 514 319 572 Satanam
353 516 640 583 devicisse,
705 515 864 573 nobis
932 527 1114 573 tamen
1179 533 1532 589 permagnum
1599 516 1867 586 quoddam
1917 526 2021 582 est,
2065 515 2208 586 quod
2257 531 2357 587 per
2399 516 2520 585 ejus
2563 514 2992 571 incarnationem
3039 512 3316 568 victoriam

79 608 313 665 adversus
342 608 490 663 illum
514 611 910 666 obtinuerimus
940 630 953 666 :
981 612 1122 666 sicut
1153 622 1207 667 et
1231 612 1361 666 illud
1386 625 1621 680 quoque,
1663 608 1805 677 quod
1842 625 1938 678 per
1994 610 2239 664 eamdem
2275 609 2341 663 ad
2386 609 2846 681 incorruptionem
2883 622 2981 661 nos
3043 606 3318 662 instaura-

78 703 166 757 vit.
218 702 363 757 Sicut
442 704 585 757 enim
634 715 732 771 per
781 702 924 756 illius
976 703 1428 756 resurrectionem
1508 698 1857 767 corruptione
1905 700 2219 766 superiores
2270 697 2589 760 evasimus,
2652 696 2764 758 ita,
2820 692 3048 751 vietoria
3132 702 3329 749 contra

80 805 353 851 tentantem
390 794 644 849 Satanam
686 810 780 864 per
808 795 954 849 illum
996 799 1244 861 obtenta,
1296 810 1394 851 nos
1421 808 1635 865 quoque
1674 792 1909 848 victores
1942 794 2141 848 reddit.

143 888 256 942 AZ'.
300 907 317 938 ι
354 889 610 958 Ἔχοντες
643 884 736 941 οῦν
763 887 1027 960 ἀρχιερέα
1066 890 1244 958 ’μέγαν
1293 887 1638 955 διεληλυθότα
1669 892 1684 943 l

1814 885 2082 942 XXXVII.
2133 905 2151 937 ι
2187 887 2454 941 Habentes
2500 901 2631 955 ergo
2680 884 2991 953 pontiﬁcem
3044 897 3323 952 magnum,

79 976 195 1045 τοῦς
223 980 499 1047 οὐρανοὺς,
518 978 726 1049 Ἰησοῦν
754 978 844 1031 τὸν
874 980 1002 1032 Υίὸν
1028 978 1121 1033 τοῦ
1156 976 1323 1044 Θεοῦ,
1352 979 1640 1049 κρατῶμεν

79 1070 170 1139 τῆς
197 1058 497 1138 ὁμολογίας.
530 1069 604 1122 Οὐ
640 1069 748 1139 γὰρ
777 1069 973 1139 ἔχομεν
1008 1070 1269 1139 ἀρχιερέα
1307 1071 1378 1140 μὴ
1418 1069 1642 1139 δυνάμε-

78 1176 160 1211 νον
189 1158 534 1227 συμπαθῆσαι
559 1160 680 1220 ταῖς
707 1154 1012 1221 ἀσθενείαις
1037 1160 1213 1229 ἡμῶν,
1246 1158 1644 1227 πεπειραμένον

78 1251 131 1305 δὲ
162 1251 292 1305 κατὰ
320 1249 497 1327 πάντα
534 1249 654 1301 καθ’
676 1251 988 1320 ὁμοιότητα,
1026 1252 1193 1321 χωρίς
1224 1251 1517 1321 ἁμαρτίας.
1543 1270 1560 1302 ι
1580 1251 1644 1303 ’11

77 1343 172 1413 τῆς
203 1342 361 1413 ὀρθῆς
390 1341 625 1403 πίστεως
659 1342 918 1410 ὁμολογία
964 1344 1263 1413 πράττεται
1308 1342 1442 1412 πρὸς
1491 1342 1646 1410 ἡμῶν

77 1436 151 1496 εἰς
178 1434 267 1487 ἕνα
294 1432 424 1485 Θεὸν
450 1432 670 1502 Πατέρα
698 1434 1116 1505 παντοκράτορα
1138 1476 1151 1499 ,
1182 1435 1275 1486 καὶ
1306 1436 1382 1497 εἰς
1410 1434 1505 1486 ’ἐνα
1532 1433 1647 1487 Κῦ-

78 1540 190 1592 ριον
225 1521 426 1592 Ἰησοῦν
482 1524 719 1593 Χριστὸν
764 1524 857 1577 τὸν
910 1523 1034 1576 Υίὸν
1086 1523 1292 1589 αὐτοῦ,
1345 1526 1439 1576 καὶ
1478 1526 1557 1587 είς
1591 1524 1649 1576 ἓν

76 1616 225 1680 ᾶγιον
253 1612 493 1684 Πνεῦμα.
516 1613 734 1685 Ταύτης
762 1614 909 1685 ἡμᾶς
936 1616 1037 1684 τῆς
1056 1615 1344 1683 ὁμολογίας
1367 1615 1650 1685 ἐξέχεσθαι

73 1706 181 1759 δεῖν
222 1706 249 1757 6
293 1705 579 1767 θεσπέσιος
613 1708 815 1776 γράφει
859 1706 1091 1769 Παῦλος.
1129 1706 1344 1776 Ἐπειδὴ
1393 1706 1449 1759 δέ
1504 1710 1650 1762 ἐστιν

73 1798 513 1877 ὁμολογουμένως
538 1796 616 1863 εἷς
648 1800 773 1862 Tib;
802 1798 893 1852 τοῦ
929 1798 1065 1861 Θεοῦ
1100 1800 1193 1851 καὶ
1223 1800 1457 1870 Πατρὸς,
1491 1799 1652 1870 δῆλον

73 1889 130 1941 δὲ
179 1890 258 1943 ὅτι
308 1891 544 1960 Χριστὸς
579 1890 817 1959 Ἰησοῦς,
867 1891 898 1943 6
956 1878 1312 1960 συμπαθῆσαι
1358 1892 1651 1960 δυνάμενος

78 1984 191 2044 ταῖς
238 1983 537 2046 ἀσθενείαις
568 1983 742 2055 ἡμῶν,
774 1984 866 2038 καὶ
896 1984 1035 2037 κατὰ
1094 1985 1273 2038 πάντα
1324 1988 1654 2057 πεπειραμέ-

74 2089 163 2136 νος
210 2074 327 2127 καθ’
367 2074 681 2143 ὁμοιότητα,
732 2078 902 2147 χωρίς
950 2076 1258 2149 ἁμαρτίας·
1319 2079 1403 2141 τίς
1453 2080 1520 2131 ἂν
1568 2082 1653 2150 εἴη

73 2166 259 2219 λοιπὸν
290 2169 315 2221 6
350 2168 523 2237 μέγας
558 2168 715 2237 ἡμῶν
752 2170 1078 2240 ἀρχιερεύς;
1114 2166 1202 2240 ἆρ’
1227 2172 1325 2241 οὐχ
1357 2174 1386 2226 6
1415 2172 1655 2239 γεγονὼς

1744 980 1834 1049 qui
1876 979 2182 1046 penetravit
2225 978 2416 1040 caelos,
2450 976 2631 1034 Jesum
2664 975 2856 1030 Filium
2905 974 3018 1039 Dei,
3049 982 3329 1029 teneamus

1746 1070 2164 1125 confessionem.
2206 1070 2320 1123 Non
2370 1068 2516 1123 enim
2560 1069 2820 1123 habemus
2866 1066 3198 1137 pontiﬁcem,
3232 1066 3328 1135 qui

1748 1176 1850 1215 non
1901 1164 2071 1229 possit
2115 1161 2356 1231 compati
2406 1159 2815 1215 inﬁrmitatibus
2862 1158 3068 1214 nostris
3103 1174 3116 1211 :
3151 1167 3329 1212 tenta-

1750 1261 1863 1305 tum
1921 1262 2102 1308 autem
2147 1268 2244 1324 per
2307 1253 2496 1308 omnia
2558 1251 2855 1307 secundum
2919 1249 3333 1305 similitudinem

1749 1344 1964 1418 absque
1988 1352 2215 1414 peccato
2242 1344 2311 1398 ⁷³.
2345 1362 2363 1394 ι
2400 1342 2486 1397 Fit
2517 1358 2543 1395 a
2574 1342 2733 1398 nobis
2766 1351 2932 1397 recta:
2963 1340 3084 1395 ﬁdei
3119 1338 3334 1393 confes-

1750 1434 1854 1498 sio,
1893 1448 2085 1505 nempe
2132 1443 2195 1489 ut
2242 1435 2535 1489 credamus
2583 1433 2635 1488 in
2685 1447 2855 1486 unum
2898 1431 3066 1485 Deum
3112 1430 3332 1486 Patrem

1750 1527 2196 1596 omnipotentem,
2242 1535 2297 1579 et
2332 1525 2386 1579 in
2426 1540 2593 1579 unum
2624 1523 2908 1579 Dominum
2942 1518 3132 1576 Iesum
3171 1519 3334 1573 Cbri-

1752 1629 1896 1673 stum
1937 1618 2129 1673 Filium
2162 1619 2308 1686 ejus,
2349 1626 2404 1671 et
2440 1617 2493 1671 in
2546 1631 2712 1670 unum
2748 1614 3014 1684 Spiritum
3062 1620 3333 1667 sanctum.

1753 1711 1928 1782 Ilnjns
1962 1721 2143 1766 autem
2191 1710 2311 1763 lidei
2364 1707 2696 1763 confessioni
2734 1706 3000 1760 iuberem
3043 1690 3144 1758 nos
3168 1717 3334 1773 opor-

1756 1813 1872 1857 tere
1909 1803 2126 1858 divinus
2146 1801 2352 1855 Paulus
2392 1801 2672 1854 admonet.
2717 1796 2987 1863 Quoniam
3016 1809 3149 1850 vero
3184 1804 3339 1848 certo

1754 1902 1973 1949 constat
2051 1910 2218 1947 unum
2266 1894 2531 1947 duntaxat
2577 1906 2698 1946 esse
2746 1889 2841 1943 Dei
2886 1887 3066 1941 Patris
3116 1887 3342 1949 Filium,

1754 1999 1951 2055 nempe
1991 1986 2271 2041 Christum
2309 1985 2519 2048 Jesnm,
2551 1985 2643 2053 qui
2678 1994 2734 2037 et
2768 1981 2973 2036 nostris
3005 1978 3345 2035 inﬁrmitati-

1757 2076 1859 2131 bus
1889 2078 2129 2145 compati
2162 2086 2367 2144 potest,
2400 2087 2455 2129 et
2490 2090 2585 2144 per
2611 2074 2792 2127 omnia
2828 2072 3125 2129 secundum
3160 2068 3345 2125 simili-

1760 2170 2000 2223 tudinem
2030 2170 2231 2237 absque
2261 2176 2485 2237 peccato
2522 2176 2763 2221 tentatus
2806 2175 2924 2229 est;
2953 2164 3076 2233 quis
3121 2164 3347 2218 tandem

75 2258 197 2310 καθ’
220 2260 251 2328 ὴ
262 2235 385 2327 μᾶς,
412 2235 587 2323 οὗτος,
602 2235 711 2312 καὶ
734 2235 899 2330 σα
920 2235 1117 2313 παθὼν
1142 2235 1281 2333 ῦπὲρ
1350 2235 1466 2334 μων
1482 2282 1496 2331 ;
1524 2235 1657 2317 Τότε

1772 2274 1989 2330 magnus
2032 2260 2121 2315 ille
2147 2235 2393 2328 pontifex
2464 2268 2649 2313 noster
2688 2256 2813 2311 est?
2858 2258 3051 2311 Annon
3093 2262 3181 2311 est
3236 2253 3345 2318 bic,

74 2346 183 2415 γὰρ
210 2347 363 2417 ἡμῶν
385 2349 795 2421 κεχρημάτικεν
817 2349 1129 2420 ἀρχιερεὺς,
1156 2352 1254 2423 οὐχ
1275 2352 1350 2416 ὠς
1375 2353 1661 2422 ἀλλογενὲς

73 2439 281 2492 ὀθνεῖόν
314 2457 371 2493 τε
417 2442 711 2511 προσάγων
741 2440 891 2512 θῦμα
924 2442 1065 2496 κατά
1109 2460 1173 2511 γε
1222 2444 1283 2497 τὸ
1313 2446 1503 2509 εἰωθὸς
1551 2450 1662 2510 τοῖς

72 2530 282 2593 ἄλλοις,
308 2530 422 2583 ἀλλ’
448 2531 523 2584 ὢν
551 2525 715 2597 αὐτὸς
740 2536 767 2586 ὁ
798 2535 987 2603 ἀμνὸς,
1025 2537 1059 2603 ἡ
1090 2537 1432 2608 εὑοσμοτὰτη
1478 2539 1660 2599 θυσία,

70 2623 137 2674 τὸ
184 2624 374 2689 νοητὸν
397 2623 777 2694 ὁλοκαύτωμα,
810 2628 842 2696 ἡ
878 2626 1171 2698 λαλιστάτη
1212 2629 1449 2698 τρυγὼν,
1477 2633 1509 2700 ή
1539 2633 1666 2685 ἀκέ-

74 2730 236 2782 ραιος
283 2716 603 2783 περιστερὰ,
637 2718 663 2767 ὁ
699 2716 863 2784 ἄρτος
894 2719 921 2767 ὁ
954 2717 1083 2780 ζῶν,
1111 2719 1173 2769 τὸ
1202 2723 1438 2787 χρυσοῦν
1464 2719 1665 2789 θυμια-

70 2804 573 2875 τήριον.‹Χριστοῦ
602 2805 710 2875 γάρ
740 2808 906 2875 ἐσμεν
931 2808 1126 2860 εὐωδία
1151 2808 1415 2878 abeam,»
1442 2812 1580 2863 κατὰ
1605 2812 1666 2861 τὸ

73 2894 493 2965 γεγραμμένον.
520 2895 710 2966 ’Λθρει
732 2895 789 2950 δέ
818 2914 907 2966 μοι
928 2897 1035 2950 τῶν
1066 2899 1436 2965 ἁποστολικῶν
1452 2902 1665 2956 ἐννοιῶν

67 2987 133 3040 τὸ
168 2985 353 3056 βάθος.
383 3006 400 3038 t
432 2987 547 3041 Οὐκ
572 2986 791 3058 ἔχομεν,
819 2990 1006 3060 φησὶν,
1037 2993 1301 3063 ἀρχιερέα
1329 2994 1402 3063 μὴ
1432 2994 1665 3065 δυνάμε-

66 3098 170 3133 νον
195 3080 557 3151 συμπαθῆσαι
579 3084 699 3143 ταῖς
727 3081 1033 3146 ἀσθενείαις
1060 3084 1239 3154 ἡμῶν,
1265 3089 1669 3157 πεπειραμένον

64 3171 129 3222 δὲ
165 3170 313 3224 κατὰ
349 3171 527 3225 πάντα
564 3171 683 3224 καθ’
716 3174 1034 3244 ὁμοιότητα,
1062 3176 1232 3247 χωρὶς
1257 3177 1582 3247 ἁμαρτία;.›
1606 3180 1668 3231 Ei

64 3264 189 3334 γὰρ
230 3265 398 3333 μήπω
430 3264 642 3331 γέγονε,
674 3265 862 3333 φησιν,
903 3266 1190 3335 ἄνθρωπος
1220 3270 1247 3321 ὁ
1277 3269 1372 3322 τοῦ
1401 3270 1535 3322 Θεοῦ
1566 3272 1671 3323 A6-

63 3372 197 3423 γος,
231 3355 349 3424 ᾔδει
378 3354 498 3423 μὲν,
530 3355 646 3425 ᾔδει
676 3357 769 3407 καὶ
802 3356 947 3409 οὕτω
989 3358 1085 3428 τὴν
1124 3360 1477 3431 ἀνθρωπίνην
1505 3364 1670 3415 ἀσθέ-

64 3464 233 3499 νειαν
275 3444 350 3507 ὡς
378 3444 722 3513 Δημιουργός
746 3461 759 3474 ·
799 3464 815 3495 ι
847 3446 1015 3509 Αὐτὸς
1051 3447 1159 3515 γὰρ
1186 3449 1327 3515 ἔγνω
1360 3450 1419 3501 τὸ
1448 3450 1672 3520 πλάσμα

60 3537 266 3608 ἡμῶν,
301 3554 317 3585 ι
362 3535 501 3588 κατὰ
547 3536 605 3588 τὸ
639 3536 1046 3605 γεγραμμένον.
1082 3539 1221 3590 Ἀλλ’
1246 3540 1406 3610 εἴπερ
1460 3560 1512 3593 τι
1562 3543 1671 3594 τῶν

60 3627 445 3698 ἀνθρωπίνων
478 3628 571 3679 καὶ
618 3628 704 3679 ἐπ’
736 3627 899 3680 αὑτοῦ
949 3630 1115 3697 φάναι
1167 3630 1347 3699 θέμις,
1380 3630 1533 3684 οὔπω
1577 3634 1670 3686 καὶ

62 3722 155 3783 εἰς
188 3716 365 3787 αὐτὴν
392 3716 654 3785 ἐκέκλητο
684 3719 879 3787 πεῖραν
904 3715 1011 3768 τῶν
1038 3716 1323 3786 ἡμετέρων
1351 3716 1666 3771 ἀσθενειῶν.

75 3805 323 3875 Ἐπειδὴ
368 3804 423 3857 δὲ
457 3804 554 3877 τὴν
584 3805 738 3875 ἡμῶν
766 3805 1082 3876 ἠμπέσχετο
1116 3806 1314 3876 σάρκα,
1345 3808 1671 3878 πεπείραται

66 3898 230 3953 κατὰ
266 3897 467 3949 πάντα.
490 3897 600 3949 Καὶ
628 3898 687 3949 οῦ
718 3900 889 3968 δήπου
920 3898 1097 3968 φαμὲν
1117 3898 1191 3962 ὡς
1222 3898 1528 3968 ἡγνοηκὼς,
1548 3899 1674 3953 ἀλλ’

68 3993 156 4043 Ξτι
207 3991 280 4059 τῇ
316 3986 514 4055 γνώσει
544 3990 609 4057 τῇ
638 3988 834 4058 θεῖκῇν
871 3992 1314 4062 προῦποκειμένῃ
1346 3992 1437 4046 καὶ
1489 3992 1549 4045 τὺ
1587 3993 1677 4048 διὰ

70 4079 290 4149 πείρας
341 4076 512 4144 αὐτῆς
563 4076 760 4146 συνέϐη
801 4078 1013 4146 μαθεῖν.
1042 4080 1235 4148 Γέγονε
1283 4082 1340 4133 δὲ
1387 4084 1677 4154 συμπαθὴς

72 4174 180 4226 ῑῦκ
211 4169 329 4223 ἀπό
357 4186 420 4237 γε
449 4168 543 4221 τοῦ
577 4170 947 4238 πεπειρᾶσθαί
980 4171 1142 4224 ποθεν
1168 4190 1179 4200 ·
1212 4167 1279 4241 ἦν
1304 4173 1411 4242 γὰρ
1432 4174 1680 4243 ἐλεήμων

76 4266 276 4335 pom,
314 4261 410 4313 καὶ
436 4259 603 4322 ἔστιν,
634 4260 708 4322 ὡς
737 4261 869 4324 Θεός
891 4277 907 4293 ο
938 4261 1206 4331 ἐπειδὴδὲ
1248 4264 1385 4332 μετὰ
1418 4262 1508 4315 τοῦ
1538 4260 1679 4316 εἶναι

76 4362 83 4407 ὶ
132 4358 297 4417 ἐστι,
332 4351 524 4419 γέγονε
571 4351 665 4402 καὶ
714 4352 836 4405 καθ’
867 4354 1033 4422 ἡμᾶς,
1071 4354 1551 4423 ἀνθρωποπρεπῶς
1588 4355 1683 4406 καὶ

80 4448 263 4503 ἀὕτα
324 4443 543 4509 λέγεται
594 4443 722 4512 περὶ
769 4444 953 4498 αὑτοῦ.
986 4445 1245 4513 Διαϐἧναι
1287 4444 1344 4496 δέ
1380 4462 1512 4512 φησι
1556 4446 1681 4506 τοὺς

86 4538 356 4613 ὐρανοὺς
389 4534 551 4587 αὑτὸν
591 4535 917 4603 σωματικῶς
962 4554 1019 4587 τε
1068 4537 1183 4606 ἅμα
1217 4538 1309 4588 καί
1342 4536 1679 4604 θεοπρεπῶς.

111 4630 339 4698 ’Λνέὄη
370 4628 468 4697 μὲν
502 4627 629 4697 γὰρ,
664 4628 737 4687 ὡς
774 4629 936 4690 αὐτὸς
980 4628 1080 4680 ποῦ
1114 4646 1277 4699 φησιν
1314 4630 1340 4680 6
1376 4628 1683 4697 σοφώτατος

86 4723 334 4785 [αὖλος,
367 4720 463 4773 νῦν
506 4720 909 4789 ἐμφανισθῆναι
955 4720 1032 4788 τῷ
1085 4722 1362 4791 προσώπῳ
1409 4721 1501 4772 τοῦ
1550 4722 1683 4773 Θεοῦ

88 4822 226 4892 πὲρ
262 4814 451 4887 ήμῶν.
485 4833 503 4865 ι
535 4812 705 4865 Δίεισί
738 4828 800 4878 γε
844 4810 950 4880 μὴν
982 4812 1074 4864 καὶ
1117 4813 1237 4865 καθ’
1271 4813 1455 4883 ἕτερον
1485 4800 1695 4884 τρόπον’

1764 2351 1855 2419 qui
1898 2351 2041 2406 sicut
2070 2359 2126 2405 et
2157 2365 2257 2405 nos
2290 2364 2417 2405 vere
2451 2350 2627 2403 factus
2675 2358 2783 2410 est,
2824 2356 2879 2402 et
2921 2348 2975 2402 in
3015 2360 3183 2403 carne
3210 2360 3338 2415 pro-

1765 2454 1886 2515 pter
1916 2458 2016 2499 nos
2043 2443 2208 2497 etiam
2244 2442 2478 2512 passus?
2510 2440 2663 2495 Tunc
2691 2440 2837 2495 enim
2869 2438 3142 2509 pontiﬁcis
3175 2437 3347 2493 nostri

1768 2535 1979 2590 titulum
2022 2536 2325 2604 assumpsit
2356 2551 2367 2587 :
2404 2548 2507 2587 non
2556 2533 2627 2587 ita
2668 2540 2869 2595 tamen,
2900 2542 2959 2584 nt
2988 2531 3216 2585 aliorum
3260 2545 3351 2584 sa-

1766 2624 2045 2678 cerdotum
2084 2638 2252 2686 more,
2310 2633 2619 2687 externum,
2657 2623 2757 2675 boc
2796 2630 2901 2684 est,
2948 2636 2977 2672 a
3022 2636 3083 2675 se
3116 2620 3353 2674 alienum

1766 2714 2095 2768 sacriﬁcium
2149 2713 2408 2766 obtulerit
2454 2715 2595 2766 :sed
2654 2714 2769 2780 ipse
2806 2713 2907 2765 fuit
2972 2728 3177 2780 agnus,
3240 2712 3356 2781 ipse

1770 2803 2204 2873 fragrantissima
2249 2802 2337 2856 illa
2376 2803 2554 2857 hostia
2588 2815 2642 2856 et
2678 2804 2925 2873 spiritale
2952 2788 3351 2866 boiOcautoma,

1768 2905 1817 2947 et
1844 2896 1959 2964 ipse
1984 2902 2163 2948 turtur
2193 2894 2279 2947 ille
2306 2894 2705 2963 gemebundus,
2736 2904 2791 2949 et
2812 2895 3041 2963 simplex
3067 2895 3352 2958 columba;

1771 2988 1887 3056 ipse
1932 2986 2088 3054 panis
2136 2988 2311 3050 vivus,
2353 2995 2408 3039 et
2446 2986 2777 3041 tburibulum
2820 3003 3064 3043 aureum.
3102 3005 3121 3039 ι
3150 2986 3357 3042 Christi

1770 3079 1913 3133 enim
1958 3080 2129 3132 bonus
2177 3078 2309 3131 odor
2349 3092 2539 3130 sumus
2574 3075 2822 3131 Deo“'"
2845 3116 2858 3140 ,
2891 3096 2908 3127 ι
2943 3087 3000 3129 ut
3041 3078 3213 3132 sacris
3245 3077 3362 3132 Lit-

1775 3172 1905 3226 teris
1959 3172 2232 3240 proditnui
2282 3179 2387 3223 est.
2472 3167 2645 3225 Porro
2708 3168 3020 3238 apostolica:
3077 3169 3362 3225 sententia:

1772 3262 2194 3335 profunditatem
2229 3262 2319 3316 hic
2360 3262 2650 3332 diligenter
2685 3261 2933 3317 observa.
2986 3279 3005 3312 ε
3041 3260 3153 3315 Non
3191 3261 3361 3317 babe-

1776 3370 1937 3418 mus,
1989 3354 2201 3422 inquit,
2249 3353 2559 3422 pontiﬁcem
2617 3353 2707 3420 qui
2751 3368 2858 3405 non
2902 3354 3080 3423 possit
3126 3355 3361 3423 compati

1776 3448 2181 3502 inﬁrmitatibus
2228 3446 2452 3507 nosuis,
2492 3453 2759 3497 tentatum
2803 3454 2981 3496 autem
3040 3459 3138 3514 per
3179 3447 3362 3499 omnia

1775 3539 2073 3595 secundum
2130 3536 2543 3592 similitudinem
2593 3534 2800 3603 absque
2854 3544 3099 3604 peccato.
3138 3554 3157 3588 ι
3197 3536 3364 3607 159

1776 3626 2103 3693 Antequam,
2148 3622 2241 3685 ait,
2296 3622 2385 3676 Dei
2440 3619 2675 3674 Verbum
2727 3619 2891 3675 homo
2939 3619 3142 3675 factum
3191 3631 3360 3683 esset,

1782 3713 2033 3766 humana:
2061 3721 2245 3765 tamen
2272 3720 2475 3763 natura:
2501 3708 2869 3763 inﬁrmitatem
2896 3718 3147 3777 tanquam
3177 3725 3361 3766 rerum

1781 3802 2042 3857 Conditor
2088 3813 2283 3857 exacte
2323 3802 2662 3871 exploratam
2708 3802 2961 3859 habebat.
2996 3819 3015 3853 ι
3049 3802 3165 3875 Ipse
3192 3805 3366 3872 enim,

1784 3906 1843 3951 ut
1876 3896 2141 3965 scriptum
2176 3906 2279 3962 est,
2319 3896 2637 3967 ﬁgmentum
2677 3906 2919 3951 nostrum
2962 3897 3305 3967 cognovit".
3339 3917 3358 3949 ι

1786 3990 2139 4045 Verumenim
2180 4005 2326 4054 vero,
2393 3998 2452 4043 ut
2486 3989 2723 4044 maxime
2768 3999 2976 4057 nosset,
3013 3991 3251 4046 nondum
3282 3999 3367 4046 ta-

1788 4099 1910 4139 men
1961 4086 2043 4152 (ut
2096 4082 2299 4151 aliquid
2360 4082 2579 4136 interim
2639 4082 2936 4137 humanum
2984 4083 3141 4139 nobis
3192 4084 3259 4139 de
3300 4098 3369 4139 eo

1786 4178 2110 4245 depromere
2146 4174 2348 4241 liceat),
2384 4176 2644 4242 nondum,
2688 4176 2929 4246 inquam,
2971 4188 3187 4231 nostros
3218 4193 3369 4233 mor-

1787 4267 1889 4322 bos
1942 4267 2278 4336 experientia
2324 4278 2784 4335 cognoveranat
2832 4285 2959 4324 vero
3015 4279 3369 4339 posteaquam

1789 4373 2010 4414 carnem
2048 4368 2287 4412 nostram
2326 4358 2519 4423 induit,
2548 4360 2729 4414 omnia
2766 4371 3023 4431 expertus
3054 4372 3157 4417 est.
3183 4362 3371 4432 Neque

1792 4461 1973 4504 tamen
2024 4449 2257 4504 dicimus
2324 4461 2480 4504 antea
2533 4454 2829 4522 quidquam
2904 4454 3127 4508 omnino
3178 4471 3368 4509 eorum

1790 4541 2032 4597 omnium
2071 4542 2375 4611 ignorasse,
2404 4542 2496 4598 sed
2535 4544 2782 4599 scientite
2819 4544 3014 4599 divinae
3046 4561 3205 4614 quam
3232 4548 3373 4601 obti-

1795 4634 1977 4696 nebat,
2004 4648 2127 4687 eani
2156 4648 2371 4701 quoque
2406 4634 2676 4698 notitiam,
2713 4635 2872 4702 quam
2904 4635 3054 4692 εὕει-ι
3083 4638 3372 4706 experien-

1796 4724 1892 4788 tia,
1947 4738 2270 4777 accessisse.
2346 4722 2527 4792 Itaque
2581 4724 2672 4778 Dei
2738 4725 2974 4780 Vcrbum
3022 4726 3223 4779 factum
3288 4738 3376 4781 cst

1795 4818 2171 4885 compaticns,
2233 4832 2336 4869 non
2376 4817 2518 4884 quod
2570 4830 2688 4869 eam
2737 4816 3097 4887 sympathiam
3145 4831 3209 4869 ex
3259 4816 3372 4886 ipsa

90 4916 208 4975 δὺς
266 4908 560 4979 οὐρανοὺς,
609 4902 937 4975 ἡττωμένων
1003 4902 1243 4971 δηλονότι
1303 4906 1395 4957 καὶ
1460 4905 1684 4959 κατόπιν

1796 4913 2010 4967 demum
2048 4911 2349 4965 tentatione
2376 4910 2456 4964 vel
2484 4911 2819 4979 experientia
2847 4909 3203 4976 assumpserit
3232 4911 3376 4978 (erat

92 5009 284 5056 ῖντων
337 4999 441 5069 τῆς
496 4996 654 5068 δόξης
712 4992 877 5049 αὐτοῦ
928 4992 1035 5044 τῶν
1086 4993 1372 5063 μακαρίων
1419 4997 1685 5063 ἀγγέλων.

94 5102 250 5151 ἐστι
298 5094 437 5163 γὰρ,
476 5112 494 5144 ί
533 5092 680 5146 ἐστιν
713 5089 783 5153 ὡς
831 5088 961 5149 Θεὸς
988 5086 1241 5156 ὑπεράνω
1277 5088 1457 5155 πάσης
1490 5089 1690 5157 ’Λρχῆς

96 5191 161 5243 ιὶ
214 5185 513 5248 Ἐξουσίας
540 5203 599 5238 τε
630 5184 724 5237 καὶ
750 5182 1103 5252 κυριότητος,
1136 5180 1230 5230 καὶ
1260 5179 1457 5241 παντὸς
1488 5181 1689 5248 ὀνόμα-

100 5300 146 5344 ις
190 5276 649 5346 ὀνομαζομένου,
682 5278 790 5329 εἴτε
828 5278 884 5329 ἐν
929 5274 1005 5344 τῷ
1052 5274 1205 5325 αἰῶνι
1249 5269 1444 5340 τούτῳ,
1486 5272 1595 5323 εἴτε
1631 5273 1689 5323 ἐν

180 5368 485 5440 μέλλοντι.
520 5386 537 5418 ι
592 5369 905 5440 Συνεδρεύει
940 5369 1047 5437 γὰρ
1076 5366 1149 5428 ὡς
1180 5363 1306 5424 Υἱὸς
1332 5362 1409 5431 τῷ
1435 5361 1548 5431 ἰδίῳ
1576 5363 1684 5413 Πα-

118 5527 189 5560 ἰδ
240 5521 423 5575 Ilebr.
454 5536 526 5582 tv,
569 5522 652 5585 1-1,
685 5522 767 5575 15.

1795 5003 1940 5058 enim
1969 5003 2080 5072 jam
2134 5012 2260 5056 ante
2289 5011 2343 5055 et
2391 5010 2476 5055 est
2509 5010 2700 5068 suapte
2732 5008 2921 5051 natura
2968 4998 3281 5056 misericors
3318 5014 3377 5056 ut

1799 5093 1987 5163 Deus),
2023 5097 2115 5149 sed
2161 5096 2284 5163 quia
2321 5102 2667 5161 posteaquam
2708 5090 2809 5144 hoc
2837 5090 3014 5158 ipsum
3046 5093 3189 5163 quod
3229 5103 3373 5155 erat.

1796 5194 2113 5240 constanter
2148 5200 2393 5245 In'dliCllS,
2437 5180 2637 5233 faCllllll
2668 5191 2754 5235 εει
2795 5182 2962 5238 etiam
3006 5184 3169 5240 homo
3200 5185 3370 5239 nostri

1796 5276 2015 5339 similis,
2054 5289 2117 5327 ea
2165 5285 2289 5343 apte
2332 5273 2501 5326 etiam
2539 5273 2605 5329 de
2641 5272 2729 5327 illo
2773 5273 3113 5328 aﬁirmantur
3160 5290 3277 5343 qua:
3318 5274 3371 5327 iu

1798 5374 2048 5419 naturam
2092 5365 2380 5418 buuianam
2414 5367 2764 5423 conveniunt.
2807 5367 3015 5422 Dicitur
3041 5381 3166 5423 vero
3204 5365 3374 5422 caios

844 5523 965 5553 7W5
1001 5523 1038 5575 Il
1068 5522 1191 5575 Cor.
1227 5517 1397 5582 n.15.
1474 5516 1520 5547 ⁷⁵
1560 5515 1702 5571 Psal-
1734 5533 1829 5583 CII.
1866 5519 1950 5572 H-

1221 5676 1395 5733 V'ariae
1428 5674 1690 5732 lectiones
1723 5676 1929 5731 codicns
1964 5676 2326 5748 Seguieriani.

117 5836 161 5863 σ
214 5816 565 5874 θεοποεπεῖ.

432 5912 703 5972 ῬΑἹἩΟῘ..
756 5911 870 5970 Gn.
939 5913 1028 5970 LX
1044 5914 1189 5973 XVI.

2978 5912 3056 5974 44
