4042 6450
648 347 791 405 I387
1639 351 1694 407 S.
1741 348 2020 406 CYRILL’I
2063 348 2531 406 ALEXANDRINI
2574 347 2885 406 ARCIIIEP.
3805 343 3931 405 1588

641 473 962 536 penetrasse
1000 473 1056 519 et
1107 465 1466 535 corporaliter
1507 465 1664 519 simul
1704 475 1762 519 et
1802 467 2058 519 decenter
2090 463 2217 517 Deo.

2002 480 2058 518 er
2090 463 2217 517 Deo.
2255 471 2298 527 Α
2329 465 2441 534 τρὶ,
2475 465 2568 518 καὶ
2601 465 2648 516 εἱ
2679 463 2866 533 γέγονε
2899 462 3020 515 καθ’
3054 463 3202 533 ἡμᾶς
3225 459 3598 529 οἰκονομικῶς

642 555 779 610 Nam
812 555 1333 625 utsapientissimus
1356 554 1550 609 Paulus
1578 563 1778 618 monet,
1821 574 1838 605 ι
1869 554 2149 620 Ascendit,
2182 560 2240 607 ut
2275 566 2531 626 appareat
2598 571 2741 610 nunc
2761 556 2926 609 vultui
2959 555 3050 609 Dei
3092 569 3190 624 pro
3215 553 3374 607 nobis
3395 553 3464 606 ⁷⁷.
3502 572 3522 605 ι
3565 551 3720 619 Quin
3746 561 3802 607 et
3832 552 3930 604 alio

643 663 856 718 quoque
902 664 1065 704 sensu
1124 648 1293 703 caelos
1345 651 1742 704 transcendisse
1786 651 2021 715 dicitur,
2072 651 2212 716 quod
2254 650 2536 704 beatorum
2580 652 2898 717 angelorum
2968 651 3197 718 gloriam
3252 647 3412 719 longo
3445 659 3579 717 post
3651 661 3719 702 se
3765 649 3904 701 inter

643 743 785 799 vallo
825 742 1110 812 reliquisse
1142 752 1294 798 certo
1342 743 1693 813 dignoscatur
1729 761 1742 797 :
1775 744 2210 812 quandoquidem
2252 753 2312 798 ut
2350 745 2492 800 Deus
2524 763 2544 796 ι
2575 745 2751 813 Super
2773 760 2988 800 omnem
3023 755 3104 800 est
3135 744 3513 813 Principatum
3591 753 3651 797 et
3679 739 3929 797 Potesta-

643 845 751 891 tern
785 846 839 888 et
867 834 1405 898 Dominatiouem,et
1437 850 1600 890 omne
1667 851 1864 889 nomen
1906 836 2050 904 quod
2092 836 2400 892 nominatur
2469 853 2574 892 non
2621 837 2794 893 solum
2836 841 2888 893 in
2939 839 3044 893 hoc
3113 836 3335 902 smeulo,
3384 835 3481 890 sed
3526 835 3709 886 etiam
3762 834 3815 887 in
3851 834 3930 886 fu-

643 938 764 982 turo
782 927 849 983 ⁷³.
883 946 902 980 ι
963 925 1096 980 Nam
1144 937 1202 981 ut
1243 926 1409 983 Filius
1440 937 1694 982 eamdem
1751 943 1872 983 cum
1919 927 2080 984 Patre
2123 943 2221 985 suo
2260 931 2488 1000 gloriam
2546 940 2602 986 et
2670 941 2992 999 potestatem
3069 931 3302 992 obtinet,
3349 929 3571 984 etiarnsi
3646 929 3934 996 diSpenszi-

641 1020 781 1077 torie
813 1020 986 1074 nostri
1015 1019 1208 1076 similis
1239 1019 1418 1076 factus
1451 1021 1542 1076 sit.

708 1108 1001 1165 XXXVIII.
1047 1128 1067 1162 ι
1095 1109 1207 1166 Nec
1242 1110 1532 1180 quisquam
1581 1112 1747 1165 sumit
1787 1113 1890 1168 sibi
1935 1113 2218 1180 honorem,

2395 1115 2527 1168 ΑΠ’.
2579 1133 2597 1164 ι
2630 1113 2740 1166 Καὶ
2771 1113 2870 1184 οὐχ
2910 1114 3088 1186 ἑαυτῷ
3135 1132 3218 1178 τις
3267 1113 3543 1183 λαμϐάνει
3591 1113 3700 1181 τὴν
3746 1113 3932 1182 τιμὴν,

639 1204 735 1259 sed
782 1202 875 1274 qui
933 1211 1160 1257 vocatur
1213 1219 1241 1256 ε
1284 1202 1419 1270 Βεο,
1473 1211 1730 1272 tanquam
1780 1205 1984 1260 Aaron.
2032 1203 2122 1260 Sic
2164 1213 2220 1259 et

2338 1206 2440 1260 ὶλλ⁹
2477 1208 2505 1259 6
2533 1206 2868 1277 καλούμενος
2894 1209 2998 1261 ὑπὸ
3021 1208 3116 1261 τοῦ
3141 1208 3298 1270 Θεοῦ,
3331 1207 3526 1276 ὥσπερ
3559 1207 3662 1258 καὶ
3701 1207 3934 1277 Ἀαρών.

638 1295 890 1350 Christus
936 1309 1040 1349 non
1092 1293 1415 1349 clariﬁcavit
1458 1295 1810 1364 semetipsum
1865 1303 1924 1349 ut
1974 1293 2217 1364 pontifex

2340 1297 2480 1352 )ῦτω
2513 1299 2609 1352 καὶ
2660 1301 2688 1352 6
2739 1300 2975 1369 Χριστὸς
3007 1301 3103 1370 οὐχ
3136 1301 3329 1352 ἑαυτὸν
3371 1300 3602 1362 ὲδόξασε
3634 1299 3936 1368 γενηθῆναι

639 1387 816 1452 tleret,
851 1385 947 1441 sed
984 1385 1075 1454 qui
1107 1385 1323 1441 locutus
1352 1394 1439 1441 est
1479 1385 1547 1442 ad
1574 1401 1696 1441 eum
1728 1403 1741 1441 :
1773 1385 1943 1441 Filius
1974 1402 2128 1441 meus
2158 1401 2218 1441 es

2340 1392 2612 1463 ἱρχιερεὺς
2633 1400 2680 1456 ι,
2715 1392 2831 1444 ἀλλ’
2860 1395 2889 1445 6
2936 1392 3177 1462 λαλήσας
3226 1393 3365 1462 πρὸς
3410 1393 3619 1444 αὑτὸν·
3669 1391 3805 1452 Υἱός
3841 1409 3936 1456 μου

640 1487 718 1542 tu,
768 1491 868 1546 ego
908 1476 1068 1530 hodie
1096 1476 1257 1546 genui
1301 1484 1354 1529 te
1373 1476 1443 1531 ".
1475 1494 1494 1529 ι
1539 1476 1640 1544 Qui
1676 1477 1912 1546 seipsmn
1963 1476 2107 1532 ultro
2149 1479 2215 1531 ad

2342 1482 2376 1537 :i
2409 1487 2496 1548 σὺ,
2522 1484 2634 1553 ἐγὼ
2666 1485 2910 1554 σήμερον
2939 1484 3248 1554 γεγέννηκά
3279 1501 3360 1538 σε.
3385 1503 3402 1535 ι
3424 1486 3484 1536 Ὀ
3510 1483 3715 1546 καθεὶς
3749 1484 3938 1534 ἑαυτὸν

638 1567 1061 1623 exinanitionem
1100 1566 1414 1635 demiserat,
1462 1567 1509 1623 is
1545 1579 1828 1637 paternam
1874 1568 2215 1622 vocationem

2340 1577 2402 1638 εἰς
2429 1575 2680 1638 κένωσιν,
2715 1576 3002 1646 περιμένει
3033 1576 3226 1646 κλῆσιν
3263 1578 3363 1645 τὴν
3388 1577 3453 1630 ὲκ
3483 1576 3721 1647 Πατρδς
3755 1579 3936 1644 ᾳέρςυ-

638 1660 706 1714 ad
755 1659 1009 1714 usitatam
1063 1659 1421 1728 apprimeque
1463 1659 1880 1713 convenientem
1927 1655 2216 1712 sacerdotii

2343 1675 2471 1721 raw!
2518 1669 2596 1731 εἰς
2651 1667 2953 1738 ἱερωσύνην
2986 1669 3068 1722 ὅτι
3110 1668 3174 1739 δὴ
3227 1668 3465 1738 μάλιστα
3496 1668 3726 1739 συνήθη
3759 1686 3820 1720 τε
3855 1672 3939 1721 καὶ

637 1751 975 1806 functionem
1001 1749 1290 1805 ducentem
1328 1752 1648 1820 opperitur;
1681 1751 2096 1807 convenientem
2127 1766 2222 1804 au-

2342 1758 2806 1830 TPSMEGtétnv,
2832 1758 2894 1811 οὐ
2925 1761 2990 1830 τῇ
3028 1759 3196 1813 αὑτοῦ
3227 1759 3388 1829 φύσει
3419 1760 3666 1827 μᾶλλον,
3698 1759 3839 1812 ἀλλὰ

639 1855 750 1898 tem
795 1858 904 1899 non
939 1857 1052 1898 suae
1085 1842 1256 1912 ipsius
1302 1852 1534 1910 natura,
1585 1843 1683 1901 sed
1727 1852 1948 1908 nostrae,
2001 1843 2104 1898 hoc
2137 1853 2222 1897 cst

2344 1848 2449 1902 ιαθ’
2482 1850 2650 1919 ἡμᾶς,
2679 1848 2927 1902 τουτέστι
2957 1852 3025 1921 τῇ
3057 1849 3378 1922 ἀνθρωπίνῃ
3397 1866 3411 1880 ο
3442 1845 3517 1921 ἦς
3550 1849 3808 1918 ἐπείπερ
3839 1851 3940 1910 ἴσος

640 1935 914 2001 humanae,
952 1948 1116 2005 quam
1173 1935 1265 1990 ubi
1301 1935 1568 2002 integram
1615 1936 1932 2004 assumpsit,
1980 1950 2102 2004 qua:
2145 1933 2219 1988 illi

2346 1941 2570 2009 Γέγονεν,
2606 1940 2871 2011 ὑπομένει
2929 1940 2999 1994 τὰ
3043 1942 3239 2012 αὐτῆς,
3283 1940 3668 2012 ἀδικούμενος
3699 1940 3942 1995 ἐντεῦθεν

637 2026 968 2081 conveniunt
998 2025 1262 2095 suscepit,
1285 2025 1493 2080 nullum
1532 2027 1750 2081 interim
1780 2027 2081 2083 secundum
2118 2040 2220 2080 na-

2346 2033 2384 2086 :6
2424 2032 2646 2103 σύμπαν
2674 2033 2849 2096 οὐδὲν,
2893 2034 3162 2105 εὐτέχνως
3194 2033 3250 2086 δὲ
3285 2033 3493 2104 μᾶλλον
3525 2037 3598 2104 τῇ
3642 2033 3793 2103 μετὰ
3819 2050 3942 2102 σαρ-

640 2128 818 2173 turam
861 2117 1138 2187 propriam
1184 2116 1571 2173 detrimentum
1607 2119 1900 2188 accipiens,
1963 2120 2058 2172 sed
2105 2117 2218 2172 dis-

2348 2123 2419 2184 ιὸς
2437 2123 2721 2194 οἰκονομίᾳ
2747 2123 3273 2195 χρώμενος.Ὥσπερ
3293 2124 3404 2194 γὰρ
3428 2123 3534 2177 καὶ
3563 2124 3632 2176 τὸ
3659 2125 3770 2194 τὴν
3794 2123 3944 2192 φύσιν

636 2207 957 2279 pensatione
986 2209 1287 2265 secundum
1310 2223 1531 2265 carnem
1549 2209 1684 2264 scite
1724 2211 2223 2276 convenienterque

2347 2212 2533 2283 (ύριος
2571 2213 2647 2267 ὢν
2702 2215 3014 2286 μεμένηκεν
3047 2217 3185 2286 ὅπερ
3220 2212 3312 2287 ἦν,
3355 2217 3453 2270 καὶ
3509 2218 3562 2270 εἰ
3615 2216 3943 2284 γέγονεν’ὲν

639 2311 818 2356 υιεηε.
867 2301 940 2357 Ut
994 2301 1049 2355 id
1102 2301 1246 2355 enim
1289 2301 1431 2369 quod
1483 2309 1622 2365 erat,
1675 2301 1778 2356 hoc
1828 2309 1913 2356 est
1960 2301 2220 2354 Dominus

2346 2308 2388 2377 τῇ
2421 2305 2514 2358 τοῦ
2547 2306 2733 2359 δούλου
2765 2311 2948 2379 μορφῇ
2970 2325 2986 2341 ο
3008 2307 3152 2361 οὕτω
3185 2309 3366 2378 φαμὲν
3390 2309 3474 2362 ὅτι
3498 2309 3702 2362 καίτοι
3728 2310 3942 2380 μυρίους

638 2392 935 2447 secundum
985 2399 1237 2446 naturam
1282 2393 1625 2460 permansit,
1683 2392 1900 2447 etiamsi
1962 2389 2217 2445 servilem

2353 2415 2464 2467 χων
2485 2400 2542 2450 ὲν
2566 2399 2782 2468 οὐρανῷ
2806 2400 2932 2462 τοὺς
2960 2399 3380 2470 ἱερουργοῦντας
3406 2400 3594 2470 αὐτῷ,
3620 2401 3736 2464 τὰς
3763 2401 3945 2470 νοητὰς

640 2481 870 2534 formam
927 2480 1330 2534 subiissetzita
1387 2482 1736 2549 quantumvis
1790 2482 2106 2536 innumeros
2163 2481 2217 2535 in

2348 2487 2565 2558 ἰηλονότι
2606 2488 2698 2541 καὶ
2727 2489 3101 2558 ἀναιμάκτους
3131 2488 3344 2552 θυσίας,
3381 2488 3606 2558 ὕμνους
3658 2492 3766 2542 καὶ
3811 2490 3944 2552 δοξο-

638 2572 778 2627 coelo
807 2570 966 2641 160
988 2570 1238 2638 haberet,
1262 2571 1352 2641 qui
1382 2574 1612 2642 hymnos
1643 2572 1958 2640 laudesque,
1986 2574 2087 2627 hoc
2111 2583 2214 2637 est,

2344 2577 2530 2645 .ογίας,
2551 2577 2647 2629 καὶ
2674 2576 2772 2648 τὴν
2798 2577 2919 2630 καθ’
2937 2578 3088 2647 ἡμᾶς
3112 2575 3418 2647 ἱερωσύνην
3447 2580 3706 2633 ποιεῖτα-
3738 2579 3940 2648 δεκτήν,

637 2661 905 2731 Spiritalia
949 2662 1340 2732 incruentaque
1388 2663 1658 2719 sacriﬁcia
1695 2664 1770 2718 illi
1805 2665 2084 2728 offerrent,
2135 2665 2215 2718 ni-

2345 2668 2623 2731 ἱποσώζων
2653 2667 2930 2739 πανταχοῦ
2959 2671 3074 2733 τοῖς
3102 2671 3200 2740 τῆς
3232 2670 3692 2741 ἀνθρωπότητος
3734 2674 3941 2742 μέτροις

638 2754 933 2810 hilominus
957 2769 1078 2824 quae
1117 2755 1367 2810 humanas
1397 2765 1605 2811 naturae
1633 2758 1964 2810 conveniunt
2006 2754 2219 2809 eidem-

2347 2757 2391 2809 τὰ
2437 2758 2721 2824 πρέποντά
2762 2775 2821 2810 τε
2857 2759 2950 2811 καὶ
2983 2759 3202 2812 ἐοικότα
3231 2760 3393 2829 αὐτῇ.
3427 2759 3744 2829 Κέκληται
3780 2761 3943 2812 τοίνυν

637 2862 742 2918 que
786 2858 1154 2902 (30058013903
1207 2857 1357 2914 sunt,
1387 2864 1657 2919 nusquam
1697 2864 1801 2904 [1011
1838 2850 2050 2918 integre
2085 2863 2221 2902 0011·-

2348 2844 2466 2896 εαθά
2488 2847 2581 2897 καὶ
2610 2846 2843 2916 Ἀαρὼν,
2864 2847 3001 2916 πλὴν
3027 2848 3128 2899 ούκ
3157 2849 3216 2901 ὲν
3241 2847 3342 2916 ἱσῳ
3369 2848 3591 2918 τρόπῳ.
3612 2848 3681 2901 Ὀ
3722 2849 3825 2918 μὲν
3850 2850 3944 2915 γὰρ

639 2951 889 3003 servans,
955 2936 1250 2990 humanum
1297 2952 1514 3007 quoque
1567 2938 1936 2993 sacerdotium
1984 2950 2090 2990 non
2137 2945 2222 2990 est

2347 2935 2538 3002 ,χρίετο
2583 2934 2720 3004 πρὸς
2769 2936 3104 3004 ἱερουργίαν,
3136 2939 3232 2988 καὶ
3271 2932 3341 3006 ἦν
3392 2938 3673 3007 οἱκέτηςο
3715 2940 3746 2990 6
3790 2938 3846 2991 δὲ
3879 2939 3943 2997 ὡς

639 3038 987 3099 aspernatus.
1043 3024 1282 3082 Vocatus
1326 3039 1413 3082 est
1460 3029 1646 3097 itaque
1695 3039 1755 3082 ut
1800 3029 2004 3090 Aaron,
2059 3028 2220 3080 modo

2348 3025 2455 3088 Γὶὸς
2489 3025 2756 3090 καλεῖται,
2794 3026 2886 3078 καὶ
2924 3027 3066 3080 κατὰ
3116 3027 3214 3098 τὴν
3267 3027 3425 3094 τάξιν
3455 3029 3827 3098 Μελχισεδὲκ
3877 3030 3944 3081 ἱε-

642 3130 820 3176 tamen
853 3118 1122 3175 dissimili.
1157 3117 1250 3174 Ille
1276 3120 1419 3174 enim
1445 3128 1704 3190 tanquam
1729 3133 1921 3174 servus
1967 3119 2220 3172 inunctus

2351 3118 2551 3186 νουργεί
2586 3115 2663 3185 τῷ
2712 3116 2906 3186 Πατρί.
2955 3118 3065 3170 Καὶ
3100 3120 3193 3170 τόν
3227 3135 3291 3185 γε
3325 3117 3428 3188 τῆς
3484 3121 3835 3192 ἱερουργίας
3870 3121 3947 3183 ἐξ·

639 3226 724 3273 est
773 3218 840 3271 ad
890 3215 1293 3282 ministerium;
1331 3215 1419 3271 hic
1453 3230 1585 3272 vero
1628 3216 1927 3272 secundum
1973 3214 2221 3269 ordinem

2350 3210 2542 3277 ιγεῖται
2573 3208 2776 3278 τρόπον
2816 3212 2844 3263 6
2888 3208 3176 3272 θεσπέσιος
3229 3210 3463 3275 Παῦλος,
3498 3211 3608 3265 ὡδὶ
3647 3215 3946 3285 γεγραφὼς

641 3307 1003 3364 IIelchisedec
1031 3317 1364 3376 assumptus,
1396 3316 1654 3376 tanquam
1683 3306 1854 3362 Filius
1876 3304 2224 3361 administrat

2349 3301 2454 3370 rapi.
2502 3300 2595 3354 τοῦ
2641 3301 2861 3354 πάντων
2907 3302 3063 3372 ἡμῶν
3097 3303 3351 3373 Σωτῆρος
3381 3304 3642 3373 Χριστοῦ
3664 3323 3680 3336 ο
3724 3307 3860 3368 «⁸ος
3891 3306 3945 3356 οὑ

641 3399 809 3454 Patri.
843 3397 1212 3454 Sacerdotalis
1235 3411 1398 3467 porro
1433 3395 1727 3452 ministerii
1756 3397 1975 3449 modum
2008 3394 2221 3449 divinus

2352 3391 2473 3446 ιατὰ
2523 3393 2686 3463 νόμον
2737 3394 2960 3464 ἐντολῆς
3009 3395 3274 3464 σαρκίνης
3326 3394 3583 3463 γέγονεν,
3617 3397 3775 3451 ἀλλὰ
3811 3399 3948 3450 κατὰ

642 3490 870 3555 Paulus,
924 3489 992 3542 de
1039 3488 1264 3544 Christo
1331 3489 1573 3544 omnium
1643 3495 1886 3541 nostrum
1942 3485 2224 3541 Salvatore

2351 3485 2556 3554 ῐύναμιν
2608 3484 2756 3553 ζωῆς
2813 3486 3180 3538 ἀκαταλύτου.
3220 3505 3239 3537 ι
3300 3484 3524 3542 Οὐκοῦν
3586 3491 3947 3561 ἀσυγκρίτως

646 3579 918 3642 scribens,
971 3577 1113 3631 hunc
1146 3577 1200 3631 iu
1247 3577 1463 3632 modum
1505 3576 1770 3646 exponit:
1800 3594 1819 3626 ι
1845 3576 1946 3641 Qui
1987 3590 2094 3630 non
2135 3589 2224 3628 se-

2351 3574 2569 3645 ιμεὶνων
2610 3577 2637 3628 6
2682 3575 2784 3643 τῆς
2825 3577 3139 3646 ἱερουργίας
3179 3578 3401 3647 τρόπος.
3465 3579 3587 3632 Καὶ
3623 3583 3656 3632 6
3701 3583 3826 3650 μὲν,
3879 3581 3947 3634 iii;

643 3671 880 3725 cuiidum
930 3669 1102 3742 legem
1183 3667 1425 3722 mandati
1469 3667 1706 3723 carnalis
1752 3667 1926 3723 factus
1968 3675 2078 3731 est,
2128 3665 2224 3721 sed

2347 3666 2485 3735 Ξφην,
2512 3665 2731 3736 οἰκέτης
2760 3662 2850 3735 ἦν,
2879 3667 3058 3719 καίτοι
3091 3668 3430 3738 κεκλημένος
3465 3669 3552 3733 εἱς
3597 3672 3943 3742 ἱερωσύνην·

646 3764 942 3818 secundum
979 3762 1232 3815 virtutem
1265 3760 1387 3815 vitae
1429 3757 1824 3814 indissolubilis
1846 3758 1914 3810 ⁸ο.
1946 3776 1964 3809 ι
1997 3757 2093 3812 Est
2125 3758 2225 3809 ita-

2349 3757 2442 3809 ἰδὲ
2474 3759 2569 3810 καὶ
2597 3756 2770 3819 οὕτως
2809 3756 2937 3820 Υἱὸς
2969 3755 3064 3809 τοῦ
3105 3756 3242 3809 Θεοῦ
3291 3757 3387 3810 καὶ
3427 3758 3686 3829 Πατρὸς,
3721 3761 3801 3824 ὡς
3853 3762 3945 3831 μὲν

640 3870 751 3924 que
801 3852 1092 3909 sacerdotii
1130 3851 1273 3908 illius
1317 3851 1454 3906 ritus
1495 3850 1602 3904 ritu
1647 3848 1924 3903 Aaronico
1965 3846 2083 3901 sine
2115 3846 2223 3900 ulla

2351 3849 2493 3916 φύσει
2522 3849 2654 3913 Θεὸς
2680 3851 2774 3904 καὶ
2801 3850 2975 3919 Λόγος
3005 3850 3146 3903 κατὰ
3173 3849 3273 3920 τὴν
3293 3849 3635 3919 προαιώνιον
3659 3854 3947 3924 γέννησιν·

647 3946 1056 4014 comparatione
1090 3943 1454 4014 praestantior.
1478 3940 1614 3996 Nam
1637 3939 1742 3996 etsi
1776 3939 1868 3994 ille
1888 3938 1953 3993 ad
1971 3938 2229 3993 sacerdo—

2351 3938 2405 4001 ὒς
2444 3938 2500 3991 δὲ
2529 3938 2816 4009 ἄνθρωπος
2846 3939 2970 3994 καθ’
2999 3941 3149 4010 ἡμᾶς
3178 3939 3320 3992 κατὰ
3365 3939 3465 4010 τὴν
3514 3943 3818 4013 νεωτάτην
3859 3959 3947 3994 και

647 4036 784 4090 tium
817 4044 1039 4089 vocatus
1087 4043 1192 4097 est,
1227 4042 1491 4099 attamen,
1543 4042 1600 4084 ut
1646 4033 1805 4086 modo
1838 4030 2073 4094 aiebam,
2111 4039 2230 4084 erat

2350 4028 2617 4100 Ξνσαρκον,
2642 4026 2710 4103 ἧς
2740 4031 2908 4102 ἂνεῖη
2938 4033 3208 4086 δεικτικὸν
3247 4033 3341 4085 καὶ
3372 4033 3453 4097 τὸ,
3486 4033 3804 4103 σήμερον·
3836 4054 3946 4088 και-

647 4143 881 4194 servus;
923 4127 1010 4183 hic
1054 4141 1184 4182 vero
1235 4126 1286 4181 in
1335 4140 1402 4181 eo
1446 4139 1663 4196 quoque
1707 4133 1851 4181 statu
1905 4123 1997 4178 Dei
2048 4121 2228 4177 Patris

2350 4121 2427 4175 36v
2477 4122 2586 4192 γὰρ
2634 4123 2767 4194 ἡμῖν
2814 4124 3071 4196 σημαίνει
3098 4125 3191 4178 τὸν
3225 4125 3590 4195 ἐνεστηκότα.
3622 4126 3946 4180 Otum-312'.

650 4220 820 4276 Filius
855 4229 998 4286 erat,
1031 4229 1226 4276 natura
1264 4219 1483 4290 quidem
1536 4228 1848 4287 aeternaque
1880 4215 2230 4287 generatione

2347 4215 2398 4286 ἰὴ
2439 4211 2534 4270 οὖν
2576 4217 2672 4270 καὶ
2717 4216 2815 4288 τὴν
2853 4218 3126 4289 σαρκικὴν
3155 4216 3322 4271 αὑτοῦ
3353 4219 3621 4288 γέννησιν
3649 4223 3680 4273 6
3715 4220 3943 4289 Πατήρ·

649 4321 706 4368 nt
764 4312 907 4368 Deus
949 4323 1004 4367 et
1045 4310 1316 4377 Verbum;
1369 4319 1428 4364 ut
1473 4320 1673 4366 nostrae
1724 4323 1855 4363 vero
1900 4307 2228 4361 conditionis

2350 4304 2439 4359 ›ῐδε
2472 4306 2601 4378 γὰρ,
2635 4304 2776 4361 οἶδεν
2814 4309 2944 4364 ἴδιον
2973 4309 3100 4362 ὄντα
3135 4309 3261 4364 Υἱὸν
3278 4309 3372 4362 τὸν
3401 4309 3464 4374 ἐξ
3490 4306 3700 4364 ἑαυτοῦ
3729 4312 3946 4372 Θεῖκῶς,

650 4406 810 4458 Ιιοιηο
850 4402 1146 4458 secundum
1194 4401 1545 4457 novissimam
1604 4401 1656 4454 in
1710 4415 1876 4455 carne
1922 4399 2230 4468 generatio-

1612 4401 1656 4454 in
1710 4415 1876 4455 carne
1922 4399 2230 4468 generatio-
2335 4400 2430 4452 καὶ
2457 4399 2522 4453 ὲκ
2548 4401 2809 4468 γυναικὸς
2833 4402 3208 4472 ἀνθρωπίνως.

648 4513 793 4562 nem,
818 4512 938 4566 qua:
969 4509 1063 4564 per
1087 4494 1238 4560 illud,
1270 4496 1445 4560 hodie,
1472 4495 1614 4563 quod
1644 4493 1930 4563 prmsentis
1965 4492 2223 4562 temporis
2262 4502 2387 4548 nota
2430 4493 2670 4556 exsiStit,
2743 4493 2903 4549 nobis
2969 4494 3348 4548 adumbratur.
3384 4491 3562 4563 Igitur
3594 4495 3770 4552 Pater
3813 4497 3952 4551 nati-

645 4587 868 4642 vitatem
921 4586 974 4640 in
1022 4599 1186 4640 carne
1224 4587 1291 4640 ad
1337 4600 1397 4641 se
1446 4599 1662 4656 quoque
1731 4585 2008 4654 pertinere
2069 4587 2297 4656 jndicat,
2340 4597 2607 4655 quatenus
2660 4585 2808 4641 illum
2863 4602 3021 4642 suum
3079 4586 3328 4657 agnoscit
3373 4585 3584 4643 Filium
3637 4593 3949 4645 secundum

649 4678 886 4733 divinam
921 4675 1139 4746 quidem
1189 4684 1438 4730 naturam
1490 4691 1556 4731 ex
1606 4677 1743 4745 ipso,
1789 4677 2085 4731 secundum
2119 4676 2410 4730 humanam
2445 4691 2573 4730 vero
2614 4690 2679 4729 ex
2711 4676 2956 4730 muliere.

716 4769 941 4824 XXXIX
982 4788 1000 4820 ι
1037 4766 1139 4834 Qui
1177 4767 1230 4822 in
1276 4767 1467 4822 diebus
1511 4769 1690 4822 carnis
1739 4783 1848 4821 suae
1881 4783 2071 4836 preces
2101 4781 2230 4835 sup-
2258 4781 2309 4839 ι)

2405 4766 2529 4819 ΛΘ’.
2568 4787 2586 4818 ι
2626 4767 2719 4829 Ὃς
2773 4768 2830 4820 ὲν
2879 4769 3000 4830 ταῖς
3038 4768 3282 4836 ἡμέραις
3330 4767 3431 4837 τῆς
3489 4771 3707 4840 capacia;
3760 4769 3949 4826 αὖτεῖ,

653 4859 1207 4937 ρὶίεειίοιιεεῳιρμιιιὶ.
1250 4873 1397 4923 eum,
1449 4857 1538 4927 qui
1601 4859 1775 4927 possit
1829 4858 1974 4911 illum
2026 4859 2231 4912 salvum

2355 4858 2554 4926 δεήσεις
2587 4875 2644 4910 τε
2677 4859 2770 4911 καὶ
2801 4859 3082 4931 ἱκετηρίας
3113 4859 3252 4931 πρὸς
3281 4860 3371 4912 τὸν
3399 4860 3722 4929 δυνάμενον
3756 4862 3951 4922 σώζειν

655 4955 836 5008 facere
878 4967 907 5006 a
952 4938 1146 5018 merte,
1193 4967 1316 5008 cum
1367 4951 1606 5008 clamore
1656 4951 1835 5004 valido
1890 4960 1943 5004 el
1980 4949 2234 5020 lacrymis

2357 4949 2506 5001 ιύτδν
2539 4951 2602 5002 ἐκ
2651 4950 2907 5018 θανάτου,
2957 4952 3095 5023 μετὰ
3139 4952 3669 5023 κραυγῆςὶσχυρᾶς
3721 4955 3821 5005 καὶ
3865 4955 3953 5006 δα-

653 5043 913 5108 oﬂereus,
937 5044 1223 5099 exauditus
1262 5054 1343 5100 est
1370 5059 1468 5114 pro
1519 5058 1617 5098 sua
1659 5042 1982 5096 reverentia.
2020 5041 2083 5094 Et
2115 5041 2235 5109 qui-

2359 5039 2526 5110 ιρύων
2571 5042 2967 5110 προσενέγκας,
3007 5044 3099 5096 καὶ
3133 5037 3514 5102 εἱσακουσθεὶς
3567 5043 3687 5094 ἀπὸ
3723 5043 3832 5113 τῆς
3875 5045 3955 5095 E5-

656 5141 778 5197 dem
815 5149 939 5192 cum
980 5143 1125 5189 esset
1162 5134 1352 5202 Filius,
1415 5136 1603 5192 didicit
1650 5151 1714 5191 ex
1766 5135 1833 5189 iis
1873 5149 1994 5204 quae
2041 5148 2233 5203 passus

2359 5133 2582 5196 διαϐείας,
2624 5134 2829 5204 καίπερ
2857 5133 2933 5187 ὢν
2957 5134 3104 5196 Υἱὸς,
3129 5126 3361 5200 ἔμαθεν,
3389 5131 3488 5201 ἀφ’
3521 5124 3604 5184 ὧν
3627 5133 3832 5200 ἔπαθε,
3864 5137 3955 5205 τὴ)

655 5240 742 5286 est
771 5225 1133 5284 obedientiam
1183 5243 1196 5278 :
1237 5235 1292 5279 et
1324 5238 1731 5282 consummatus
1770 5227 1948 5281 Iactus
2003 5235 2087 5280 est
2119 5241 2234 5278 om-

2360 5226 2629 5295 5πακοήνο
2689 5229 2783 5278 καὶ
2833 5223 3146 5286 τελειωθεὶς
3197 5223 3418 5291 ἐγένετο
3486 5227 3630 5280 sti-It
3683 5233 3801 5292 τοῖς
3861 5232 3956 5281 ὑπ-

659 5322 817 5376 nibus
862 5316 1362 5386 obtemperantibus
1396 5318 1496 5372 sibi
1543 5335 1706 5374 causa
1755 5318 1945 5374 salutis
1992 5329 2232 5382 :Jetcrna‘,

2359 5316 2631 5368 ικούουσιν
2665 5314 2817 5383 αὐτῷ
2853 5315 3026 5377 αἴτιος
3067 5317 3341 5387 σωτηρίας
3371 5320 3606 5374 αἰωνίου
3629 5340 3642 5352 ·
3673 5339 3955 5392 προσαγο-

729 5471 774 5503 τ⁷
810 5469 974 5528 Hebr.
1013 5488 1095 5539 Ix,
1121 5468 1212 5524 2i.
1290 5469 1333 5500 ⁷⁸
1363 5468 1558 5536 Ephcs.
1590 5487 1627 5534 ι,
1658 5470 1746 5525 2|.
1827 5471 1869 5502 το
1905 5471 2066 5528 llcbr.
2093 5486 2148 5540 v,
2186 5472 2240 5532 4,
2278 5469 2330 5522 5.
2411 5467 2456 5497 ⁸⁰
2487 5467 2650 5523 Ilebr.
2678 5483 2774 5533 vn,
2811 5469 2896 5523 16.

1761 5627 1934 5683 Varia:
1966 5629 2224 5684 lectiones
2254 5628 2457 5683 codicis
2494 5626 2849 5699 Seguicriani.

735 5775 764 5807 ι
792 5769 1069 5839 ἀρχιερέα.
1152 5779 1175 5819 7
1211 5768 1606 5838 ἀποφέρουσαν.
