4042 6520
129 449 248 505 1389

905 445 997 501 AD
1039 443 1338 498 RECINAS
1382 444 1465 497 DE
1505 441 1736 496 RECTA
1778 442 1936 496 FIDE
1973 440 2234 497 ORATIO
2269 441 2565 495 ALTERA.

3212 442 3348 498 l390

128 570 460 643 peuﬂsig’bn‘o
517 569 607 621 τοῦ
647 566 782 618 Θεοῦ
830 570 1118 638 ἀρχιερεὺς
1172 567 1313 620 κατὰ
1367 567 1464 635 τὴν
1518 565 1702 628 τάξιν,

1790 565 2073 634 ιρῃοΙιιιιιιε
2105 581 2131 617 a
2169 563 2280 617 Deo
2329 561 2570 632 pontifex
2604 563 2901 618 secundum
2927 565 3172 620 ordinem
3215 567 3347 619 Mcl-

124 660 441 731 Μελχισεδὲχ.
485 678 503 709 ι
546 659 602 708 ’0
634 657 904 724 πάνσοφος
953 658 1161 718 Παῦλος
1193 654 1534 713 ἐπιστέλλει,
1576 652 1666 704 καί

122 771 243 822 φησι
267 756 361 816 τοῖς
388 756 444 804 ἐν
475 751 653 802 πίστει
702 749 1142 819 δεδικαιωμένοις
1165 764 1178 779 ·
1219 767 1237 796 ι
1275 747 1525 815 Μιμηταί
1565 763 1664 814 μου

121 843 335 911 γίνεσθε,
366 842 546 902 καθὼς
573 839 726 908 κάγὼ
757 839 1011 912 Χριστοῦ.
1052 859 1068 890 ι
1114 837 1221 889 Καὶ
1260 834 1365 904 μὴν
1401 836 1493 888 καὶ
1523 838 1549 888 ὁ
1582 835 1666 887 Οεο

124 934 541 1002 σπέσιοςῐιέτρος
563 949 576 963 ·
618 957 634 982 ι
661 935 815 986 Ποῖον
849 933 956 1001 γὰρ
991 931 1166 992 κλέος,
1200 928 1383 996 φησιν,
1419 929 1464 979 εξ
1493 929 1670 995 ἁμαρο

121 1030 352 1087 τάνοντες
408 1026 500 1078 καὶ
545 1025 958 1094 κολαφιζόμενοι
1009 1023 1362 1089 ὑπομενεῖτε;
1422 1020 1564 1072 Ἀλλ’
1624 1021 1672 1070 εί

120 1115 554 1184 ἀγαθοποιοῦντες
601 1119 694 1171 καὶ
743 1117 1044 1184 πάσχοντες
1097 1113 1455 1182 ὑπομενεῖτε,
1515 1111 1674 1162 τοῦτο

118 1209 266 1278 χάρις
289 1209 428 1277 παρὰ
455 1209 594 1278 Θεῷ.
625 1209 748 1260 ’Ότι
774 1206 1007 1276 Χριστὸς
1037 1204 1306 1258 ἀπέθανεν
1331 1207 1468 1276 ὑπὲρ
1493 1207 1672 1275 ἡμῶν,

121 1301 242 1368 ὑμῖν
291 1301 679 1369 ἀπολιμπάνων
728 1298 1113 1369 ὑπογραμμὸν,
1163 1297 1251 1351 ἵνα
1300 1295 1675 1365 ἐπακολουθή-

119 1408 242 1461 σητε
282 1396 385 1455 τοῖς
435 1395 636 1461 ἴχνεσιν
671 1388 858 1442 αὑτοῦ.
900 1409 917 1440 ι
956 1389 1182 1457 Γέγονεν
1215 1391 1322 1460 ἄρα
1363 1389 1564 1448 σκοπὸς
1601 1386 1677 1455 τῷ

117 1484 395 1551 Μονογενεῖ
437 1482 534 1548 τὴν
580 1481 714 1550 πρὸς
749 1482 894 1550 ἡμᾶς
935 1481 1194 1549 ὁμοίωσιν
1238 1481 1435 1549 ἔχοντι,
1487 1477 1677 1529 παθεῖν

109 1576 480 1647 ἀνθρωπίνως,
514 1573 608 1625 καὶ
636 1573 840 1636 διδάξαι
872 1573 970 1644 μὲν
998 1575 1125 1635 τοὺς
1159 1571 1308 1640 αὑτῷ
1343 1571 1675 1642 γνωρίμους,

116 1666 229 1720 τίνα
261 1668 318 1735 δὴ
356 1666 557 1735 τρόπον
587 1668 703 1728 ταῖς
733 1665 842 1717 τῶν
888 1665 1210 1734 πειρασμῶν
1254 1664 1462 1731 ἐφόδοις
1510 1679 1680 1733 προσ-

110 1760 356 1830 έρχεσθαι
384 1756 511 1829 χρὴ,
551 1757 646 1809 καὶ
673 1756 889 1820 ὁποίους
919 1752 1059 1809 εἶναι
1092 1757 1353 1826 προσήκει
1397 1755 1522 1816 τοὺς
1551 1755 1678 1807 διωη

114 1851 369 1921 κομένους
401 1850 501 1918 τῆς
533 1850 611 1911 είς
642 1849 774 1900 Θεὸν
828 1848 1110 1910 εὑσεᾰείας
1157 1847 1337 1910 ἕνεκα,
1367 1847 1460 1897 καὶ
1498 1843 1680 1897 κινδύ-

1773 657 2018 710 chisedcc
2038 655 2106 707 λι.
2142 675 2157 705 ι
2183 653 2629 724 Sapientissimus
2658 654 2854 710 Paulus
2891 657 2955 709 ad
2989 671 3105 722 eos,
3128 657 3219 725 qui
3251 674 3347 726 per

1776 749 1933 801 fidem
1977 747 2262 814 justiﬁcati
2323 747 2557 806 fuerant,
2596 744 2668 798 ita
2717 748 2944 802 scribit:
2991 769 3009 800 ‹
3048 749 3353 804 imitatores

1779 841 1880 894 mei
1908 848 2099 899 estote,
2126 840 2266 892 sicut
2298 849 2352 893 et
2378 854 2476 908 ego
2505 837 2709 892 Christi
2733 839 2798 893 θ’,
2837 859 2854 889 ι
2892 840 3030 906 Quin
3057 851 3111 897 et
3138 842 3353 896 divinus

1778 944 1993 999 quoque
2039 926 2268 984 Petrus:
2313 949 2329 980 ι
2375 930 2521 995 Quae,
2566 930 2761 997 inquit,
2813 939 2896 985 est
2925 932 3114 1001 gloria,
3148 933 3190 986 si
3225 947 3354 1002 pcc-

1775 1032 1982 1082 cantes,
2007 1029 2062 1074 et
2091 1020 2409 1088 colaphizati
2455 1021 2727 1076 suffertis?
2762 1021 2868 1076 Sed
2900 1023 2943 1077 si
2980 1024 3115 1078 bene
3149 1024 3354 1078 facien-

1779 1122 1883 1174 tes,
1911 1114 2180 1179 patienter
2208 1113 2507 1177 sustinetis,
2533 1115 2644 1166 haec
2671 1123 2749 1167 est
2771 1113 2946 1182 gratia
2977 1115 3114 1182 apud
3146 1116 3310 1169 Deum
3339 1135 3355 1170 :

1778 1205 1903 1270 quia
1944 1213 1998 1257 et
2027 1205 2274 1259 Christus
2322 1219 2511 1271 passus
2543 1215 2628 1260 est
2665 1221 2763 1275 pro
2797 1205 2972 1268 nubis,
3006 1207 3158 1261 vobis
3187 1207 3357 1262 relin-

1780 1312 1952 1364 quens
2003 1296 2332 1367 exemplum,
2370 1307 2428 1349 ut
2460 1299 2762 1364 sequamini
2801 1300 3025 1369 vestigia
3064 1300 3179 1366 ejus
3214 1302 3283 1352 ⁸³.
3333 1323 3352 1354 ι

1782 1389 1991 1455 Scopus
2038 1403 2166 1456 ergo
2201 1390 2494 1458 Unigenito
2545 1402 2784 1444 nostram
2821 1393 3227 1448 similitudinem
3256 1397 3358 1449 ha-

1783 1480 1929 1533 benti
1995 1480 2114 1542 fuit,
2184 1484 2480 1534 secundum
2542 1485 2833 1535 humanam
2897 1495 3144 1538 naturam
3223 1488 3358 1556 pati,

1781 1581 2015 1638 suosque
2054 1569 2344 1624 familiares
2385 1572 2634 1634 cdocere,
2675 1575 2827 1645 161
2867 1591 2972 1644 qua
3003 1577 3212 1632 ratione
3240 1588 3364 1641 ten-

1785 1663 2056 1713 tationum
2108 1663 2398 1716 insultihus
2440 1663 2654 1716 obviam
2709 1667 2787 1718 ire
2836 1675 3107 1735 oporteat,
3141 1668 3364 1737 quales-

1784 1765 1889 1819 que
1941 1752 2012 1804 illi
2071 1768 2190 1807 cssc
2245 1756 2476 1809 debeant
2532 1756 2623 1823 qui
2679 1756 2874 1810 divinae
2928 1759 3146 1826 pietatis
3200 1777 3363 1816 causa

1787 1845 2191 1910 persecutiones
2273 1847 2584 1915 patiuntur,
2653 1847 2734 1901 vel
2785 1864 2906 1902 cum
2955 1851 3368 1922 quibuscumque

109 1961 220 2006 νοις
246 1941 618 2011 ἐμϐεϐηκότας
643 1943 755 2002 τοῖς
774 1951 795 1977 τ
815 1942 944 2011 περὶ
967 1939 1144 2010 ψυχῆς
1171 1939 1263 1992 καὶ
1298 1939 1569 2007 σώματος’
1587 1937 1682 1989 καὶ

1790 1932 1949 1984 animi
1984 1933 2331 2002 corporisque
2356 1935 2606 2002 periculis
2636 1935 3018 1992 conﬂictantur
3047 1957 3058 1991 :
3091 1951 3200 1995 tum
3229 1959 3367 2013 prat-

114 2034 336 2105 προσὲτι
368 2032 546 2101 τούτῳ
589 2032 902 2096 καταδεῖξαι
937 2032 1035 2099 τῆς
1073 2031 1320 2098 ὑπακοῆς
1355 2030 1575 2091 εὐκλεὲς
1621 2028 1682 2079 τὸ

106 2129 279 2190 τέλος,
313 2125 394 2179 ἵνα
423 2127 513 2178 καὶ
556 2127 717 2196 ἡμεῖς
741 2123 950 2194 ἄριστοί
981 2139 1041 2175 τε
1086 2123 1179 2173 καὶ
1214 2122 1368 2189 σοφοὶ
1398 2120 1506 2173 τῶν
1536 2119 1683 2188 αὑτῷ

106 2216 511 2286 πεπραγμένων
564 2212 922 2282 οἰκονομικῶς
972 2210 1358 2282 εὑρισκώμεθα
1421 2209 1681 2277 μιμηταὶ,

101 2310 218 2370 τοῖς
249 2324 306 2359 τε
337 2306 538 2376 ἴχνεσιν
589 2304 753 2359 αὑτοῦ
802 2301 1224 2357 κατακολουθεῖν
1269 2301 1682 2365 σπουδάζοντες,

98 2402 196 2452 τὸν
224 2400 508 2469 εὐδόκιμον
538 2399 752 2469 ἀληθῶς
793 2398 1140 2467 διαζήσωμεν
1186 2396 1325 2466 βίον.
1356 2396 1475 2448 Ὅτι
1502 2396 1684 2447 τοίνυν

97 2493 406 2563 ἄθραυστον
441 2491 582 2561 ἔχειν
618 2492 884 2561 προσήκει
923 2490 983 2542 τὸ
1032 2489 1286 2558 φρόνημα
1333 2488 1458 2548 τοὺς
1502 2481 1580 2550 οἷς
1618 2487 1684 2539 ἂν

95 2587 240 2648 ὅλως
277 2585 564 2654 προκέοιτο
597 2585 789 2636 παθεῖν
837 2583 975 2652 ὑπέρ
1007 2598 1067 2647 γε
1103 2581 1200 2647 τῆς
1229 2582 1308 2640 είς
1355 2579 1517 2632 αὐτὸν
1551 2580 1686 2646 ἁγά-

99 2696 235 2747 πης,
269 2676 488 2728 καὶιτὸν
528 2675 667 2744 ὑπὲρ
700 2675 797 2743 τῆς
846 2672 1128 2733 εὐσεϐείας
1163 2671 1405 2723 κίνδυνον
1430 2670 1685 2739 ἡγεῖσθαι

95 2769 274 2838 ζωὴν,
324 2767 383 2831 ἐξ
413 2759 490 2821 ὧν
527 2766 822 2836 ὑπέμεινεν
855 2764 1038 2826 αὐτὸς.
1073 2763 1329 2833 πέπραχέ
1357 2780 1415 2814 τε
1443 2763 1509 2814 δι’
1539 2763 1688 2830 ἡμᾶς

95 2858 485 2929 ἀνθρωπίνως,
532 2857 806 2926 διδάσκειν
841 2854 1112 2925 βούλεται,
1167 2853 1312 2922 Πλὴν
1359 2854 1460 2904 οὐκ
1495 2853 1688 2921 ἀφίησι

87 2953 232 3014 τοὺς
265 2950 687 3020 ἀνδριζομένους
719 2950 842 3017 είκῆ
892 2947 1298 3017 παραρῤίπτειν
1339 2945 1437 3006 τὰς
1478 2945 1687 2996 ἑαυτῶν

85 3044 307 3115 ψυχὰς,
340 3041 461 3094 οὑδὲ
511 3035 623 3093 οἷον
676 3039 941 3109 μεθέντας
988 3038 1274 3106 ἀτημελῶς
1309 3038 1367 3089 τὸ
1417 3036 1689 3106 πρακτέον

90 3136 196 3190 καὶ
223 3135 298 3185 τὰ
327 3132 394 3185 δι’
425 3124 500 3185 ὧν
529 3126 596 3199 ἦν
642 3128 788 3190 εἰκὸς
819 3126 1105 3190 σώζεσθαι,
1140 3128 1268 3195 παρ’
1299 3125 1489 3177 ἐλπίδα
1529 3125 1689 3194 μόνον

88 3223 427 3295 ἐκδέχεσθαι
472 3222 533 3274 τὸ
568 3223 679 3282 τοῖς
711 3216 1095 3271 ἐθελοκακοῦσι
1129 3215 1336 3268 δοκοῦν.
1358 3214 1690 3268 ’Λναπείθων

79 3319 148 3372 δὲ
183 3315 397 3388 μᾶλλον
424 3311 792 3366 συντείνεσθαι
822 3309 1150 3379 προσευχὰς,
1181 3308 1276 3360 καὶ
1309 3306 1686 3376 ὰκατάληκτον

83 3407 381 3460 ποιεῖσθαι
401 3405 497 3473 τὴν
519 3401 703 3474 [πρὸς]
734 3401 865 3453 Θεὸν
900 3399 1135 3452 ἱκετείαν
1153 3411 1201 3464 ιι,
1225 3397 1398 3451 ταῦτα
1424 3397 1685 3461 διδάσκει,

68 3502 320 3571 δεήσεις
349 3515 407 3549 τε
442 3498 534 3548 καὶ
557 3492 838 3563 ἱκετηρίας
868 3493 925 3543 έν
949 3493 1067 3552 ταῖς
1097 3489 1333 3559 ἡμέραις
1365 3489 1463 3558 τῆς
1489 3489 1691 3561 σαρκὸς

75 3591 270 3644 αὑτοῦ
305 3585 701 3656 προσαγηοχὼς
732 3583 865 3653 πρὸς
910 3582 999 3634 τὸν
1032 3582 1330 3651 δυνάμενον
1357 3578 1552 3642 σώζειν
1590 3579 1691 3631 αὑ-

68 3684 181 3735 τὸν
224 3682 294 3730 ἐκ
322 3679 574 3730 Θανάτου.

157 3867 266 3923 Μ’.
315 3867 461 3935 Ὅρα
496 3866 552 3917 δὲ
591 3867 738 3927 ὅπως
775 3864 868 3916 καὶ
897 3859 1270 3930 ἁγιοπρεποῦς
1305 3857 1606 3919 ἐπιεικείας
1630 3858 1692 3908 τὸ

68 3963 297 4033 χρῆμα
353 3957 722 4028 μεμέστωται.
775 3955 848 4007 Τὸ
902 3956 998 4025 μὲν
1038 3954 1147 4023 γὰρ
1183 3949 1694 4021 καταθρασύνεσθαι

68 4057 201 4110 τῶν
240 4049 594 4122 πειρασμῶν,
634 4047 858 4117 ἀνδρίας
904 4047 1002 4116 μὲν
1050 4045 1162 4114 ἔχει
1213 4043 1390 4108 δόξαν,
1443 4042 1590 4094 δοκεῖ
1638 4039 1693 4091 δέ

68 4165 210 4209 πως
243 4142 556 4213 ὑπεροψίας
585 4142 685 4192 οὐκ
713 4141 791 4201 εὶς
817 4139 961 4191 ἆπαν
991 4135 1358 4206 ὴμοιρηκέναι
1376 4149 1388 4161 ·
1410 4133 1471 4185 τό
1494 4149 1555 4200 γε
1590 4130 1694 4202 μὴν

68 4234 340 4291 δεδιέναι
378 4233 474 4303 μὲν
511 4232 606 4283 καὶ
655 4226 1077 4282 ὑποστέλλεσθαι
1110 4225 1307 4307 δοκεῖν,
1345 4225 1438 4276 καὶ
1484 4225 1694 4276 δεῖσθαι.

68 4328 233 4384 Θεοῦ
291 4325 394 4377 τοῦ
450 4323 642 4386 σώζειν
707 4321 1020 4391 ἰσχύοντος,
1075 4318 1362 4380 εὐλαϐείας
1425 4315 1696 4386 ὑπόληψιν

68 4423 230 4493 ἔχει.
273 4417 436 4470 Ἐπεὶ
478 4415 565 4468 διὰ
593 4415 751 4466 ποίαν
782 4413 960 4465 αἰτίαν
993 4415 1105 4474 τοῖς
1138 4410 1315 4479 ἁγίοις
1352 4409 1690 4480 προστέταχε

68 4513 416 4582 ααΘηταῖςέ
456 4528 473 4558 ι
508 4508 677 4561 Ὅταν
725 4507 780 4559 δὲ
823 4506 1093 4558 διώκωσιν
1126 4505 1270 4572 ὑμᾶς
1317 4503 1374 4554 ἐν
1420 4504 1484 4571 τῇ
1542 4500 1690 4552 πόλει

1786 2024 1994 2076 clarum
2027 2039 2243 2093 quoque
2267 2025 2590 2080 obedientiu:
2627 2028 2784 2083 linem
2813 2030 2882 2084 ob
2907 2031 3094 2086 oculos
3126 2047 3328 2102 ponere
3348 2074 3366 2099 ,

1786 2131 1893 2184 quo
1940 2124 1995 2168 et
2055 2129 2151 2169 nos
2211 2131 2428 2184 quoque
2474 2120 2679 2172 strenui
2737 2120 3138 2192 prudentesque
3180 2140 3366 2179 eorum

1787 2224 1908 2276 qua:
1938 2211 2233 2264 secundum
2280 2211 2464 2264 carnis
2497 2212 2958 2279 dispensationem
2995 2215 3082 2269 ille
3114 2220 3366 2286 patravit,

1789 2300 2092 2353 imitatores
2146 2301 2373 2364 inventi,
2439 2303 2790 2372 vestigiisque
2837 2306 3075 2374 ejusdem
3131 2311 3372 2366 studiose

1789 2391 2121 2459 insistentes,
2166 2393 2330 2446 vitam
2363 2407 2488 2448 vere
2514 2395 2796 2464 probatam
2836 2399 3225 2467 transigamus.
3266 2401 3372 2457 Per

1786 2495 1849 2534 ea
1902 2481 2066 2551 igitur
2113 2498 2234 2552 quae
2287 2485 2400 2554 ipse
2447 2495 2508 2538 ut
2542 2488 2711 2540 homo
2743 2497 2970 2558 prept-er
2999 2505 3096 2545 nos
3126 2490 3255 2546 fecit
3310 2511 3375 2548 ac

1788 2576 2033 2643 pertulit,
2089 2578 2376 2632 ostendere
2447 2578 2616 2632 voluit
2701 2579 2839 2644 illos,
2903 2582 3099 2650 quibus
3155 2595 3376 2654 propter

1792 2667 1907 2733 ejus
1936 2666 2280 2720 dilectionem
2330 2668 2607 2736 quidpiam
2660 2670 2947 2724 adversum
2986 2673 3226 2741 perferre
3249 2691 3377 2743 pro—

1793 2758 2024 2824 positum
2066 2768 2171 2823 est,
2215 2771 2448 2812 mentem
2506 2759 2755 2814 obtinere
2796 2759 2994 2816 debere
3060 2765 3269 2820 firmam
3323 2781 3378 2820 et

1793 2848 2201 2913 inconcussam,
2260 2865 2324 2902 ac
2375 2851 2647 2916 pericula,
2701 2867 2820 2919 quae
2883 2854 3161 2924 religionis
3211 2873 3375 2914 causa

1793 2939 2184 3007 suscipiuntur,
2237 2941 2401 2993 vitam
2451 2943 2742 2998 aestimare.
2814 2945 3195 3001 Verumtamen
3260 2967 3367 3003 non

1793 3032 2056 3099 permittit
2083 3031 2220 3085 virili
2260 3033 2453 3087 robore
2485 3035 2743 3101 praeditos
2769 3037 2981 3093 animas
3014 3051 3139 3094 suas
3169 3049 3375 3094 temere

1795 3123 2049 3190 abjicere,
2101 3134 2192 3176 aut
2238 3126 2381 3193 quod
2429 3127 2697 3196 agendum
2738 3129 3030 3194 incumbit,
3076 3147 3171 3200 per
3207 3134 3379 3203 negli-

1721 3245 1765 3304 Ο
1797 3218 2032 3284 gentiam
2061 3219 2382 3286 omittendo,
2411 3229 2466 3274 et
2497 3234 2592 3288 per
2631 3236 2753 3291 quae
2788 3223 2932 3277 salus
2975 3224 3256 3294 obtingere
3286 3241 3378 3295 po-

1799 3319 1937 3370 test,
1987 3322 2304 3380 exspectare
2335 3313 2508 3366 solum
2544 3323 2742 3382 praeter
2787 3330 2934 3384 spem
2987 3317 3130 3384 quod
3165 3318 3377 3373 libitum

1797 3403 1901 3455 erit
1930 3402 2162 3472 maligne
2189 3404 2492 3473 agentibus,
2549 3406 2641 3460 sed
2671 3407 2935 3462 hortando
2966 3408 3164 3476 potius.
3186 3419 3244 3463 ut
3272 3411 3377 3463 im-

1799 3493 1950 3562 pigre
1995 3494 2254 3564 precibus
2303 3496 2642 3562 incumbant,
2697 3497 2915 3568 Deoque
2943 3499 3065 3555 sine
3095 3500 3378 3556 intermis-

1798 3587 1951 3641 sione
1981 3587 2303 3656 supplicent,
2359 3589 2473 3643 haec
2502 3590 2677 3656 docet,
2711 3590 2835 3646 dum
2870 3592 2926 3646 in
2970 3592 3167 3648 diebus
3197 3595 3379 3650 carnis

1793 3690 1907 3732 suae
1951 3678 2018 3732 ad
2062 3692 2208 3744 eum,
2264 3681 2355 3748 qui
2402 3681 2618 3735 salvare
2651 3697 2680 3734 a
2718 3691 2890 3737 morte
2931 3683 3081 3738 illum
3143 3690 3377 3753 poterat,

1795 3783 1986 3839 preces
2019 3778 2072 3824 et
2110 3771 2532 3839 supplicationes
2569 3773 2809 3829 oﬂ‘erret.

1867 3860 1981 3916 XL.
2012 3861 2309 3916 Considera
2356 3879 2517 3930 porro
2549 3874 2606 3920 ut
2650 3878 2870 3924 sanctos
2897 3870 3232 3928 condecente
3262 3888 3380 3928 moo

1799 3953 1970 4007 deStia
2036 3953 2422 4009 documentum
2484 3957 2586 4011 hoc
2648 3969 2880 4014 scateat.
2962 3961 3379 4020 Tentationibus

1798 4046 1940 4098 enim
1989 4046 2274 4101 audentius
2321 4048 2533 4102 obviam
2575 4049 2678 4114 ire,
2717 4049 3051 4109 fortitudinis
3081 4065 3168 4111 est
3217 4072 3380 4128 argu-

1802 4142 2063 4197 mentum,
2113 4136 2378 4204 superbiae
2427 4145 2607 4191 tamen
2660 4139 2970 4208 suspicione
3011 4159 3117 4197 non
3158 4146 3380 4201 omnino

1800 4238 1991 4277 carere
2036 4224 2283 4290 videtur;
2334 4230 2428 4280 sed
2461 4242 2678 4296 pavere,
2723 4239 2774 4283 et
2811 4228 3101 4289 formidine
3132 4238 3381 4292 contrahi

1797 4316 1992 4378 videri,
2023 4325 2078 4370 et
2114 4331 2304 4385 preces
2355 4318 2422 4371 ad
2468 4334 2591 4372 eum
2640 4320 2868 4378 fundere
2915 4323 3006 4392 qui
3044 4325 3255 4381 salvare
3288 4342 3382 4396 po-

1800 4415 1923 4471 test,
1960 4408 2060 4462 hoc
2093 4407 2367 4477 religionis
2398 4418 2482 4462 est
2513 4425 2668 4480 opus.
2702 4412 2915 4483 Alioqui
2946 4415 3091 4470 enim
3123 4431 3221 4470 cur
3269 4419 3384 4489 ipse

1798 4498 2006 4551 sanctis
2049 4498 2310 4567 apostolis
2341 4500 2639 4567 praecepit:
2693 4520 2710 4551 ι
2743 4501 2876 4556 Cum
2910 4518 3004 4557 vos
3045 4517 3383 4575 persequen-

68 4606 304 4674 ταύτῃ,
339 4600 571 4671 φεύγετε
604 4601 683 4660 είς
711 4597 807 4668 τὴν
838 4597 1062 4667 ἑτέραν;
1104 4614 1121 4644 ι
1162 4593 1285 4655 Πῶς
1321 4593 1378 4644 δὲ
1407 4593 1503 4644 καὶ
1524 4591 1691 4653 αὐτὸς

1803 4597 1888 4640 tur
1917 4588 1967 4638 iu
2001 4603 2103 4640 una
2151 4588 2391 4652 civitate,
2444 4591 2610 4656 Fugite
2655 4591 2706 4644 in
2755 4591 2914 4646 aliam
2949 4594 3034 4648 “?
3068 4615 3086 4646 ι
3128 4611 3226 4650 cur
3253 4600 3381 4654 item

68 4704 79 4753 ι
127 4698 448 4762 πάνσοφος
494 4692 727 4754 Παῦλος,
780 4690 959 4743 καίτοι
1003 4688 1176 4755 λέγων
1221 4687 1353 4755 ἡμῖν
1404 4684 1688 4754 ἐναργῶς·

68 4813 74 4843 l
131 4790 261 4851 Τίς
305 4787 461 4855 ἡμᾶς
495 4783 722 4852 χωρίσει
748 4780 984 4855 ἀπὸγτῆς
1029 4777 1249 4844 ἀγάπης
1280 4774 1374 4827 τοῦ
1412 4773 1689 4842 Χριστοῦς

68 4883 308 4950 ιλίῲις,
368 4879 401 4947 ἢ
452 4874 816 4944 στενοχωρία,
866 4872 897 4940 ἢ
928 4869 1207 4940 διωγμὸς,
1245 4869 1275 4938 ἢ
1307 4866 1497 4936 λιμὸς,
1529 4867 1561 4935 ἦ
1597 4883 1686 4933 γυ.
1736 4886 1738 4888 τ

68 4975 311 5041 ινότης
335 5010 350 5033 ,
381 4969 413 5038 ἢ
447 4966 688 5026 κίνδυνος
710 5005 724 5029 ,
756 4964 787 5033 ἢ
821 4964 1064 5034 μάχαιρα
1086 4979 1100 5026 ;
1130 4981 1147 5012 ι
1169 4961 1258 5014 τὸν
1279 4960 1378 5029 τῆς
1395 4959 1687 5028 Δαμασκοῦ

78 5060 506 5130 ιαὸιδράσκων
552 5057 876 5127 ἡγούμενον,
929 5056 1018 5108 διὰ
1059 5056 1158 5125 τῆς
1202 5054 1416 5121 θυρίδος
1456 5053 1689 5122 ὲχαλᾶτο

77 5161 153 5215 ιὰ
223 5152 342 5208 τοῦ
391 5149 634 5220 τείχουςς
668 5149 815 5200 Ἔδει
849 5147 1028 5200 τοίνυν
1066 5145 1268 5208 παντὸς
1319 5143 1525 5212 ἀγαθοῦ
1560 5143 1694 5197 καθ-

81 5247 320 5321 γητὴν
359 5243 450 5296 καὶ
477 5241 796 5294 διδάσκαλον
826 5239 987 5291 αὑτὸν
1011 5241 1142 5308 ἡμῖν
1175 5236 1573 5304 ἀναφανεῖσθαι
1604 5235 1693 5288 τὸν

68 5338 370 5414 ἰριστόν.
422 5333 658 5404 Προσῄει
696 5332 794 5400 μὲν
832 5330 939 5399 γὰρ
977 5330 1114 5398 μετὰ
1160 5327 1411 5395 κραυγῆς
1466 5326 1692 5394 ἰσχυρᾶς

75 5438 158 5489 αὶ
210 5425 543 5496 ἱκετηρίας,
588 5425 662 5486 ώς
693 5420 814 5475 καθ’
862 5421 1006 5489 ἡμᾶς
1056 5416 1325 5486 γεγονώς·
1360 5415 1691 5485 εἰσηκούσθη

68 5593 130 5624 ⁸⁸
187 5583 395 5641 Hebr.
426 5596 479 5646 v,
515 5579 633 5633 7-9.
711 5579 754 5608 ⁸³
783 5575 803 5628 ι
833 5575 959 5630 Cor.
991 5590 1066 5640 tu,
1097 5576 1148 5628 ί.

1224 5573 1268 5604 ⁸³
1304 5573 1321 5626 l
1352 5572 1498 5626 Petr.
1540 5588 1601 5637 ιι,
1631 5571 1720 5624 20.

1803 4679 2234 4749 sapientissimus
2257 4678 2480 4746 Paulus,
2511 4682 2598 4749 qui
2626 4681 2831 4736 diserte
2864 4683 2995 4739 dicit
3022 4703 3035 4739 :
3071 4704 3089 4738 ι
3124 4685 3260 4752 Quis
3288 4705 3386 4743 nos

1803 4773 2136 4841 separabita
2189 4772 2458 4825 charitate
2505 4773 2748 4827 Christi?
2802 4777 3117 4844 tribulatio,
3164 4796 3230 4834 an
3284 4797 3383 4835 an-

1798 4866 2012 4935 gustia,
2052 4881 2118 4918 an
2162 4866 2499 4935 persecutio,
2548 4881 2614 4918 an
2659 4866 2858 4934 fames,
2909 4885 2975 4923 an
3030 4872 3279 4939 nuditas,
3317 4890 3384 4928 an

1801 4958 2123 5028 periculum,
2164 4974 2230 5010 an
2263 4957 2474 5027 gladius
2499 4958 2586 5010 "‘3
2621 4977 2639 5010 ι
2703 4961 3156 5017 Damascenorum
3204 4965 3386 5033 praefe-

1799 5061 1942 5104 ctum
1987 5051 2219 5118 fugiens,
2251 5065 2281 5105 e
2304 5065 2459 5103 muro
2483 5066 2578 5119 per
2608 5051 2899 5108 fenestram
2935 5070 3126 5124 passus
3155 5068 3237 5110 est
3267 5073 3386 5112 sese

1806 5142 2013 5195 demitti
2045 5141 2093 5171 ⁸⁶
2115 5140 2289 5195 ?Cum
2324 5141 2486 5211 igitur
2525 5146 2889 5198 necessarium
2923 5157 3067 5201 esset
3117 5157 3175 5201 ut
3249 5149 3387 5218 ipse-

1807 5241 1917 5285 met
1946 5230 2196 5285 Christus
2230 5231 2296 5285 ad
2329 5233 2555 5299 quodvis
2587 5233 2780 5287 bonum
2812 5249 2950 5302 Opus
2979 5235 3166 5292 ducem
3195 5253 3254 5292 se
3284 5256 3382 5294 no-

1804 5321 1888 5374 bis
1920 5333 2421 5390 praeceptoremque
2469 5325 2774 5387 exhiberet,
2827 5326 3002 5381 valido
3045 5328 3280 5382 clamore
3332 5341 3389 5385 et

1804 5414 2195 5484 supplicatione
2248 5424 2503 5484 tanquam
2545 5418 2706 5472 homo
2751 5419 2816 5472 ad
2850 5416 3016 5474 Deum
3049 5425 3312 5488 accessit,
3353 5439 3391 5477 ιι,

1797 5570 1843 5601 ⁸⁸
1877 5570 2064 5625 Matth.
2096 5585 2151 5635 ι,
2183 5571 2275 5625 23.
2355 5572 2398 5602 ⁸⁵
2435 5571 2592 5626 Rom.
2633 5589 2753 5639 vm,
2783 5575 2873 5628 55.
2955 5575 3148 5632 “Act.
3186 5594 3260 5644 ιιι,
3289 5581 3385 5639 ‘25.

1227 5707 1402 5761 Variae
1441 5707 1702 5762 lectiones
1726 5706 1926 5761 codicis
1952 5703 2314 5772 Seguicriani.

109 5848 549 5913 ἐκδεδωκότας
584 5847 810 5909 ἑαυτοὺς
835 5848 968 5908 τοῖς.
1045 5857 1068 5884 ﬂ
1104 5843 1262 5896 αὑτὸν
1292 5843 1521 5896 ίκεσίαν.
