4042 6452
669 363 796 418 IS!”

1628 363 1686 418 S.
1726 355 2006 427 CYRILLI
2047 358 2519 421 ALEXANDRINI
2559 363 2870 418 ARCIIIEP.

3821 361 3942 418 1399

667 495 774 547 quo
820 478 980 534 etiam
1035 487 1290 550 tanquam
1328 494 1487 538 verus
1529 484 1895 552 naturalisque
1927 483 2116 545 Filius,
2153 486 2246 553 qni

2351 486 2426 550 δὲ,
2479 487 2554 549 ὡς
2603 486 2759 554 φύσει
2791 487 2885 540 καὶ
2917 484 3132 554 ἀληθῶς
3169 487 3296 549 Υἱὸς
3351 488 3414 540 οὐ
3463 485 3941 557 παρακουόμενος.

666 571 936 640 repulsam
998 571 1104 640 pati
1165 586 1270 628 non
1318 584 1527 644 posset,
1584 576 1865 630 exauditus
1917 585 2022 630 est.
2087 578 2245 648 162

671 683 690 714 ι
731 663 838 731 Ego
879 663 1046 725 enim,
1097 663 1292 733 inquit,
1333 669 1568 721 sciebam
1616 666 1738 733 quia
1788 680 2003 734 semper
2032 684 2118 721 me
2147 685 2245 722 au-

667 759 752 809 dis
782 756 850 809 “7.
887 774 905 806 ›
954 755 1023 812 Ut
1053 759 1195 812 enim
1247 770 1462 813 nostras
1493 771 1678 826 preces
1720 756 1830 811 Deo
1864 759 2112 814 redderet
2155 776 2247 816 ac-

666 859 871 917 ceptas,
911 849 1024 920 ipse
1050 851 1256 919 primus
1283 865 1392 902 rem
1419 863 1644 903 exorsus
1666 858 1768 916 est,
1801 859 2056 918 paternas
2085 866 2244 906 aures

668 948 770 1002 hac
800 949 1007 1002 ratione
1041 950 1291 1001 humana:
1325 955 1532 1000 natura:
1566 944 1966 1014 quodammodo
1997 944 2244 1014 aperiens

665 1042 1030 1110 dilatansque,
1073 1049 1128 1095 et
1175 1054 1362 1094 eorum
1421 1036 1586 1100 votis,
1627 1036 1718 1106 qui
1764 1036 1906 1091 illius
1942 1051 2101 1089 causa
2146 1033 2243 1085 ali-

663 1132 878 1202 quando
935 1132 1390 1200 periclitarentur,
1441 1127 1629 1182 faciles
1687 1137 2074 1198 promptasmie
2130 1123 2243 1177 elli-

661 1226 832 1278 cicns.
868 1223 976 1278 Nos
1023 1223 1203 1290 itaque
1246 1221 1362 1289 ipso
1410 1219 1574 1273 veluti
1609 1221 1660 1273 in
1689 1220 1859 1273 altero
1904 1215 2118 1285 generis
2145 1227 2241 1265 no-

662 1316 758 1369 stri
813 1315 1080 1383 principio
1112 1329 1350 1375 eramus,
1394 1313 1484 1381 qui
1518 1311 1697 1366 valido
1725 1326 1846 1364 cum
1894 1308 2132 1361 clamore
2188 1314 2244 1359 et

665 1408 915 1478 lacrymis
938 1446 953 1469 ,
982 1416 1039 1460 ut
1074 1405 1262 1458 mortis
1295 1404 1580 1472 imperium
1611 1403 1663 1455 in
1693 1401 1848 1454 nobis
1891 1398 2200 1451 aboleretur
2222 1436 2240 1462 ,

663 1513 713 1556 et
749 1503 852 1554 vita
891 1510 1096 1553 natura:
1145 1506 1345 1552 nostra:
1372 1498 1644 1565 quondam
1684 1495 1880 1550 donata
1924 1492 2102 1547 denuo
2146 1491 2240 1545 llr-

666 1603 926 1656 maretnr,
957 1590 1116 1644 enixe
1144 1588 1590 1658 elﬂagitabamus.

737 1679 868 1732 XLI.
905 1678 1074 1732 Porro
1112 1688 1314 1739 autem,
1355 1675 1498 1745 quod
1543 1675 1952 1744 obtemperandi
1986 1673 2095 1727 Deo
2130 1683 2243 1728 slu-

662 1773 805 1825 dimn
875 1770 1134 1839 praeclara
1215 1770 1462 1823 mercede
1525 1777 1803 1838 pensetur,
1867 1768 2241 1836 illustremque

661 1862 862 1915 exitum
919 1860 1202 1925 sortiatur,
1257 1860 1359 1913 hoc
1395 1873 1462 1914 ex
1496 1859 1613 1927 ipso
1660 1860 1850 1914 eodem
1901 1873 2118 1913 rursum
2162 1858 2244 1911 di-

659 1966 812 2006 scere
841 1951 988 2005 licel.
1038 1969 1056 2001 (
1090 1951 1168 2004 Ex
1218 1951 1322 2015 his,
1361 1951 1556 2020 inquit,
1591 1967 1709 2020 qua:
1740 1965 1932 2021 passus
1965 1961 2068 2013 est,
2101 1951 2243 2005 didi-

660 2045 735 2098 cit
758 2043 1116 2098 obedientiam
1149 2042 1216 2094 ⁸⁸.
1257 2061 1277 2093 ι
1308 2041 1459 2107 Quod
1492 2043 1715 2110 perinde
1745 2054 1847 2106 est,
1881 2058 1945 2097 ac
1979 2045 2021 2098 si
2053 2044 2198 2097 dicat
2225 2060 2238 2096 :

667 2155 684 2188 ι
727 2135 1043 2189 Humiliavit
1077 2134 1448 2203 semetipsum,
1481 2135 1654 2188 lactus
1681 2135 1938 2187 obediens
1974 2148 2142 2203 usque
2175 2134 2242 2188 ad

659 2233 914 2285 mortem,
965 2231 1191 2275 mortem
1237 2234 1416 2275 autem
1465 2224 1642 2277 crucis
1673 2223 1740 2276 ".
1796 2242 1814 2275 ι
1858 2220 2242 2278 Verumtamen

659 2316 712 2369 in
745 2329 806 2368 ea
838 2314 1142 2382 abjectione
1174 2322 1228 2366 ct
1262 2312 1569 2367 humilitate
1598 2330 1701 2365 non
1741 2315 2035 2382 permansit
2067 2331 2080 2368 :
2117 2330 2238 2369 nam

659 2407 1095 2474 superexaltatus
1147 2415 1251 2469 est,
1295 2406 1533 2469 nomine,
1584 2407 1728 2474 quod
1764 2419 1925 2472 super
1960 2421 2119 2460 omne
2147 2423 2243 2459 no-

657 2513 805 2570 men,
857 2507 1077 2566 accepto
1104 2496 1170 2551 ".
1206 2498 1450 2549 llmnana
1492 2497 1709 2565 qurdem
1740 2509 1823 2550 est
1855 2499 2010 2566 hujus
2053 2499 2245 2553 dictio-

658 2589 743 2642 nis
783 2587 950 2654 ligura
977 2604 990 2639 :
1019 2601 1203 2640 verum
1235 2587 1446 2639 illustre
1471 2589 1624 2640 nobis
1651 2587 1956 2655 exemplum
1992 2588 2078 2641 hic
2116 2605 2242 2656 pro-

657 2682 909 2750 ponitur;
950 2680 1256 2733 ostenditur
1285 2679 1428 2732 enim
1459 2679 1821 2732 obedientiam
1853 2688 1909 2733 et
1946 2679 2240 2746 gloriosam

658 2781 713 2825 et
734 2771 1090 2825 admiratione
1121 2770 1337 2837 dignam
1394 2779 1448 2822 et
1482 2769 1744 2822 bonorum
1779 2769 2016 2822 omnium
2059 2770 2242 2823 conci-

658 2861 922 2915 liatricem
969 2874 1111 2915 esse.
1141 2858 1292 2924 Quod
1326 2859 1490 2929 igitur
1516 2860 1832 2914 Emmanuel
1863 2877 1969 2916 non
2010 2871 2134 2915 ante
2165 2863 2245 2915 in-

657 2952 1052 3028 carnationem,
1107 2953 1202 3005 sed
1253 2951 1305 3004 in
1361 2951 1551 3004 diebus
1592 2951 1774 3004 carnis
1833 2967 1942 3006 sua:
1989 2950 2244 3022 (quando

658 3045 939 3108 nimirum,
972 3044 1107 3098 citra
1145 3043 1306 3097 ullam
1352 3056 1558 3107 notam,
1595 3043 1842 3113 citraque
1879 3060 2095 3099 omnem
2128 3061 2244 3099 om-

2357 599 2373 630 ι
2400 578 2541 647 Ἐγὼ
2571 579 2700 651 γὰρ,
2737 579 2920 649 φησὶν,
2953 576 3100 648 ᾔδειν
3131 578 3214 631 ὅτι
3255 581 3492 632 πάντοτὲ
3523 597 3632 648 μου
3664 577 3940 639 ἀκούεις.»

2350 671 2470 725 Ἵνα
2512 673 2622 742 γὰρ
2653 673 2746 725 καὶ
2789 672 2887 735 τὰς
2913 669 3072 741 ἡμῶν
3103 674 3417 742 προσευχὰς
3451 673 3657 734 δεκτὰς
3695 671 3944 738 γενέσοπι

2349 766 2780 837 παρασκευάσῃ,
2817 763 2979 816 πάλιν
3014 761 3178 826 αύτὸς
3209 763 3523 834 ἀπάρχεται
3551 765 3653 818 τοῦ
3686 767 3945 832 πράγμα-

2346 870 2459 916 τος,
2513 855 2794 926 μονονουχί⁵
2826 847 3176 923 κατευρύνων
3205 857 3271 924 τῇ
3303 856 3605 926 ἀνθρώπου
3655 856 3825 927 φύσει
3855 859 3946 921 τὴν

2345 945 2442 998 τοῦ
2473 947 2683 1016 Πατρὸς
2719 948 2907 1019 ἀκοὴν,
2941 944 3038 1000 καὶ
3075 937 3186 998 οἷον
3213 946 3582 1018 ἑτοιμοτάτην
3618 949 3945 1020 παρατιθεὶς

2345 1039 2465 1099 ταῖς
2508 1038 2615 1090 τῶν
2668 1041 2736 1093 δι’
2782 1041 2946 1095 αὐτὸν
2996 1038 3420 1092 κινδυνευόντων
3464 1039 3687 1108 εὐχαῖς.
3746 1041 3948 1095 Οὐκοῦν

2346 1126 2508 1195 ἡμεῖς
2550 1123 2694 1198 ἦμεν
2739 1134 2797 1183 ἐν
2830 1128 3002 1201 αύτῷ,
3044 1130 3296 1200 καθάπερ
3341 1130 3399 1182 ὲν
3434 1131 3677 1199 ἀπαρχῇ
3721 1132 3946 1203 δευτέρᾳ

2342 1215 2440 1269 τοῦ
2482 1219 2694 1285 γένους,
2743 1223 2792 1273 οί
2822 1223 2960 1292 μετὰ
2995 1223 3244 1293 κραυγῆς
3277 1221 3509 1290 ίσχυρᾶς
3544 1222 3648 1273 καὶ
3683 1223 3796 1274 οὐκ
3832 1226 3947 1276 ἁδα-

2344 1309 2504 1380 κρυτὶ
2551 1313 3002 1384 προσευχόμενοι,
3053 1315 3147 1366 καὶ
3206 1312 3267 1365 τὺ
3301 1309 3397 1364 τοῦ
3447 1313 3701 1364 θανάτου
3756 1316 3946 1383 κράτος

2345 1404 2759 1474 καταργηοῆναι
2790 1406 3261 1477 παρακαλοῦντες,
3293 1407 3515 1475 ἰσχύσαι
3547 1407 3609 1458 δὲ
3650 1405 3758 1476 τὴν
3794 1406 3946 1476 ζωὴν,

2343 1496 2443 1568 τὴν
2471 1497 2566 1549 καὶ
2599 1498 2770 1552 πάλαι
2797 1503 2864 1572 τῇ
2905 1499 3065 1570 φύσει
3100 1496 3510 1571 δεδωρημένην.

2415 1671 2694 1726 ΜΛ¹.⁸Ὀτι
2720 1672 2776 1726 δὲ
2808 1674 2872 1726 τὸ
2907 1673 3217 1728 ὑπακοῦσαι
3247 1671 3369 1743 Θεῷ
3397 1675 3676 1746 λαμπρὰν
3709 1674 3812 1726 καὶ
3842 1675 3948 1727 ἀπό·

2347 1763 2577 1817 ὀλεπτον
2621 1763 2733 1834 ἔχει
2780 1766 2840 1818 τὸ
2873 1767 3068 1837 πέρας,
3110 1765 3188 1827 ὡς
3230 1766 3287 1816 ὲν
3318 1765 3472 1835 αὐτῷ
3503 1766 3572 1836 δὴ
3613 1767 3793 1819 πάλιν
3838 1766 3945 1833 ἁζό-

2275 1823 2322 1884 B
2350 1857 2510 1929 μεθα.
2544 1875 2562 1908 ι
2606 1823 2723 1924 ‘A'qn‘
2757 1851 2833 1912 ὧν
2865 1823 2996 1929 γὰρ,
3029 1823 3222 1928 ⁷(ρησὶν,
3252 1823 3476 1920 ἔπαθεν,
3501 1823 3690 1927 ἔμαθε
3727 1861 3837 1929 τὴν

2345 1950 2532 2018 ακοήν.
2568 1967 2589 2001 ι
2619 1948 2846 2016 Ὅμοιον
2887 1951 2993 2021 γὰρ
3021 1949 3098 2011 ὡς
3147 1950 3194 2000 εἰ
3223 1947 3370 2014 λέγοι
3401 1949 3573 2017 τυχόν
3592 1967 3609 1979 ο
3653 1971 3672 1999 ε
3699 1951 3949 2002 Teum!-

2344 2058 2518 2096 νωκεν
2567 2039 2777 2104 ἑαυτὸν,
2829 2040 3123 2110 γενόμενος
3171 2039 3413 2109 ὑπήκοος
3465 2040 3643 2109 μέχρι
3700 2040 3946 2106 Θανάτου,

2346 2133 2576 2185 θανάτου
2607 2130 2663 2182 δὲ
2695 2130 2954 2200 σταυροῦ.
2993 2150 3011 2181 ι
3055 2130 3195 2183 Ἀλλ’
3225 2131 3286 2182 ού
3318 2131 3616 2201 μεμένηκε
3655 2133 3946 2192 ταπεινός

2347 2220 2681 2293 ύπερυψὼθη
2731 2221 2839 2292 γὰρ
2879 2221 3062 2274 λαϐὼν
3096 2223 3267 2292 ὄνομα
3300 2223 3361 2273 τὸ
3403 2223 3551 2294 ὑπὲρ
3602 2225 3724 2276 πᾶν
3773 2223 3948 2291 δνομι.

2359 2312 2723 2384 ’Ᾱνθρὼπινον
2750 2313 2850 2380 μὲν
2871 2311 2964 2364 τοῦ
2990 2312 3152 2379 λόγου
3176 2312 3236 2364 τδ
3264 2313 3472 2383 σχῆμα,
3502 2315 3751 2385 ἄριστός
3770 2328 3831 2382 γε
3860 2313 3948 2383 μὴν

2347 2407 2427 2467 εἰς
2474 2404 2621 2474 ἡμᾶς
2667 2404 2694 2454 ὁ
2745 2401 2841 2454 τοῦ
2878 2402 3208 2472 πράγματος
3255 2403 3452 2466 τύπος,
3502 2407 3722 2459 εὐκλεᾶ
3773 2420 3830 2457 τε
3870 2407 3950 2456 καὶ

2346 2493 2679 2560 ἀξιάγαστον
2711 2492 3031 2560 ἀποφαίνων
3065 2490 3162 2561 τὴν
3193 2492 3465 2562 ὑπακοὴν,
3495 2497 3730 2550 καὶτοῦ
3765 2496 3949 2554 παντὸς

2347 2586 2478 2653 ἡμῖν
2511 2585 2768 2653 πρόξενον
2798 2581 3026 2651 ἀγαθοῦ.
3061 2581 3244 2645 Τύπος
3260 2580 3354 2635 οὖν
3385 2585 3500 2653 ἆρα
3533 2588 3636 2638 καὶ
3668 2589 3950 2658 ὑπογραμ-

2350 2676 2449 2744 μὸς
2482 2676 2562 2736 εἰς
2589 2678 2738 2743 ἡμᾶς
2763 2676 2824 2728 τὸ
2861 2675 2997 2744 μετᾶ
3031 2676 3279 2745 κραυγῆς
3312 2676 3554 2745 ἰσχυρᾶς
3579 2680 3688 2730 καὶ
3716 2681 3952 2747 δακρύων

2347 2763 2744 2834 προσεύχεσθαι
2776 2765 3172 2835 πειραζόμενον
3202 2767 3293 2818 τὸν
3337 2767 3748 2838 Ἐμμανουήλ,
3781 2773 3836 2820 0-3
3863 2769 3953 2839 πρὸ

2347 2863 2443 2929 τῆς
2478 2858 2975 2930 ἑνανθρωπήσεως,
3008 2861 3121 2912 ἀλλ’
3153 2861 3212 2911 ἐν
3242 2861 3364 2921 ταῖς
3403 2860 3668 2931 ἡμέραις
3701 2865 3808 2931 τῆς
3837 2879 3955 2932 σαρ-

2347 2952 2441 3015 κὸς
2471 2952 2661 3018 αὐτοῦ,
2687 2954 2773 3005 ὅτε
2802 2954 2898 3006 καὶ
2924 2952 3081 3006 τοῦτο
3111 2953 3246 3022 δρᾷν
3282 2952 3659 3024 ἀνεγκλήτως
3695 2957 3848 3027 ἐξῆν,
3877 2957 3954 3010 οὖα

2347 3047 2435 3100 δὲν
2462 3047 2542 3108 εἰς
2572 3047 2671 3116 τὴν
2700 3045 2801 3115 τῆς
2854 3045 3114 3115 Θεότητος
3143 3043 3510 3113 ἀδικούμενον
3545 3046 3753 3114 δόξαν,
3791 3049 3949 3116 ἀφεείο

659 3134 791 3186 nino
825 3133 1018 3187 divina!
1054 3133 1238 3202 gloriae
1271 3149 1382 3187 suae
1424 3133 1674 3203 iniuriam
1711 3129 1890 3190 facere
1925 3135 1976 3188 id
2011 3135 2241 3201 licebat;

2351 3156 2451 3209 σης
2485 3139 2542 3191 δὲ
2576 3138 2781 3209 μᾶλλον
2815 3139 2946 3191 αὖτό
2971 3137 3131 3190 τοῦτο
3162 3136 3295 3206 δρᾷν
3324 3136 3426 3203 τῆς
3459 3140 3614 3206 μετὰ
3652 3140 3863 3208 σαρκὸς
3889 3141 3954 3188 οἰ-

659 3226 767 3279 imo
797 3240 922 3279 vero
950 3227 1166 3294 quando
1209 3226 1538 3294 dispensatio
1582 3240 1704 3280 eum
1739 3240 1907 3280 carne
1949 3226 2062 3280 ﬁeri
2102 3227 2245 3280 istud

657 3317 1041 3387 permittebat:
1089 3317 1288 3385 alioqui
1331 3319 1473 3370 enim
1521 3319 1791 3385 quomodo
1844 3317 1955 3371 vita
2009 3328 2242 3372 mortem

661 3395 965 3463 timuisset?
1014 3414 1033 3476 )
1083 3418 1324 3462 tentatus
1376 3410 1850 3478 impugnatusque,
1898 3410 2076 3464 valido
2117 3421 2241 3464 cum

659 3500 898 3554 clamore
921 3509 975 3554 et
1020 3500 1273 3571 lacrymis
1306 3501 1483 3554 oravit
1518 3515 1532 3554 :
1567 3497 1618 3554 id
1650 3500 1805 3556 nobis
1839 3501 1906 3555 ad
1933 3502 2240 3571 exemplum

659 3595 802 3662 quod
847 3594 1119 3646 imitemur
1150 3632 1166 3658 ,
1203 3593 1533 3662 propositum
1570 3608 1691 3648 esse
1724 3593 2040 3648 existimare
2079 3593 2243 3646 debe-

662 3701 802 3741 mus.
858 3684 992 3738 Nam
1047 3700 1168 3738 cum
1223 3686 1337 3753 ipse
1382 3700 1478 3738 nos
1525 3685 1576 3738 in
1635 3685 1891 3753 periculis
1938 3684 2068 3737 velit
2122 3698 2245 3738 esse

660 3791 822 3843 quam
851 3775 1296 3839 animosissimos,
1327 3790 1623 3843 eorumque
1665 3775 1840 3829 minas
1872 3794 1890 3826 ι
1923 3770 2014 3845 qui
2045 3787 2245 3842 corpus

664 3879 871 3921 tantum
902 3863 1259 3933 occidunt°°',
1288 3886 1306 3917 ι
1340 3877 1692 3922 contemnere
1714 3867 1902 3937 jubeat
1933 3885 1944 3920 :
1974 3864 2243 3935 quomodo

663 3960 1030 4028 deprehensus
1061 3972 1204 4014 esset
1240 3955 1376 4014 aliici
1407 3960 1636 4013 timore?
1681 3968 1774 4012 aut
1809 3955 2078 4028 quomodo
2103 3958 2244 4011 vires

659 4066 767 4104 non
813 4053 1094 4105 habuisset
1124 4060 1349 4105 mortem
1390 4066 1416 4103 a
1448 4051 1661 4120 propria
1698 4062 1862 4104 carne
1915 4049 2239 4119 depellendi,

2349 3231 2642 3300 κονομίας·
2696 3231 2819 3281 ἐπεὶ
2852 3230 2973 3282 τίνα
3006 3229 3207 3298 τρόπον
3239 3227 3603 3298 κατεπτοήθη
3661 3229 3897 3283 Θάνατον
3930 3233 3956 3297 ἡ

2348 3320 2498 3390 {ibi};
2540 3320 2596 3370 ’0
2624 3319 2682 3370 δὲ
2714 3320 2809 3371 καὶ
2840 3317 2986 3388 ἡμᾶς
3017 3317 3211 3377 αὐτοὺς
3242 3315 3578 3384 ἀποφαίνων
3624 3318 3956 3387 εὐτολμοτά-

2343 3421 2492 3474 τους,
2524 3411 2619 3462 καὶ
2648 3410 2821 3478 λέγων
2842 3428 2856 3441 ’
2894 3431 2910 3460 ι
2955 3410 3049 3480 Μὴ
3078 3408 3332 3478 φοϐεῖσθε
3365 3409 3475 3460 ἀπὸ
3528 3409 3649 3460 τῶν
3702 3412 3956 3463 ἀποκτει-

2351 3503 2551 3556 νόντων
2577 3502 2638 3553 τὸ
2666 3503 2857 3571 σῶμα·
2894 3522 2914 3552 ι
2955 3503 3072 3563 πῶς
3113 3502 3180 3553 ἂν
3211 3501 3327 3570 ἥλω
3355 3501 3553 3552 παθὼν
3589 3502 3698 3572 τὴν
3729 3503 3954 3558 δειλίανὶ

2349 3592 2385 3662 ἢ
2417 3591 2534 3654 πῶς
2561 3592 2627 3644 ἂν
2657 3592 2888 3661 ὴτόνησε
2927 3592 3025 3661 τῆς
3067 3591 3204 3652 ἰδίας
3239 3589 3446 3661 σαρκὸς
3477 3593 3849 3662 ἀποσοϐῆσαι
3878 3595 3958 3644 τὶν

2353 3683 2604 3749 Θάνατον,
2636 3685 2665 3736 ό
2697 3684 2916 3737 πάντων
2947 3682 3112 3735 αὑτὸν
3144 3683 3412 3750 ἀφιστὰς,
3445 3685 3474 3735 ὁ
3509 3685 3615 3754 μιᾷ
3650 3690 3813 3754 φωνῇ
3845 3688 3956 3743 τοὺς

2349 3778 2409 3829 ὲν
2444 3778 2560 3839 τοῖς
2615 3776 2903 3846 μνημείοις
2933 3775 3174 3844 ἐγείρειν
3208 3774 3684 3844 ὑπισχνούμενος,
3733 3780 3833 3830 καὶ
3870 3779 3957 3828 οἰκ

2346 3864 2642 3935 ἀνέφικτον
2692 3866 2843 3936 αὑτῴ
2893 3869 2952 3920 τὸ
3001 3867 3194 3937 χρῆμα
3233 3866 3535 3930 δεικνύων;
3596 3869 3956 3938 Προσεφὼνει

2351 3959 2452 4029 μὲν
2499 3959 2608 4027 γὰρ
2654 3957 2898 4029 Λαζάρῳ
2968 3960 3102 4029 μέν·
3138 3977 3156 4008 ι
3187 3959 3359 4028 Δεῦρο
3394 3957 3534 4022 ἔξω·
3575 3979 3593 4008 ι
3630 3959 3722 4030 τῷ
3774 3962 3832 4014 δὲ
3873 3961 3957 4028 τῆς

2346 4051 2524 4123 χήρας
2558 4052 2690 4105 υίῶο
2727 4073 2743 4103 ι
2790 4050 3088 4118 Νεανίσκε,
3123 4053 3207 4104 σοι
3235 4051 3404 4120 λέγω,
3435 4053 3741 4124 ἐγέρθητι,
3787 4071 3805 4106 ι

659 4149 750 4218 qui
786 4146 854 4201 ab
900 4145 1152 4200 omnibus
1191 4144 1337 4197 illam
1385 4144 1660 4208 amolitnr,
1697 4143 1789 4210 qui
1826 4143 1942 4197 sola
1985 4158 2118 4196 voce
2152 4158 2248 4196 eos
2285 4144 2378 4212 qui
2426 4145 2478 4198 in
2522 4146 2890 4198 monumentis
2931 4154 3080 4210 sunt,
3152 4158 3212 4198 se
3254 4143 3631 4198 excitaturum
3691 4145 3955 4214 promisit.

662 4249 716 4293 et
742 4254 801 4294 re
847 4241 959 4306 ipsa
1018 4237 1068 4290 id
1121 4249 1180 4290 se
1230 4249 1394 4305 posse
1440 4233 1738 4288 declaravit
1783 4234 1871 4287 9‘?
1927 4226 2249 4288 Acclamans
2288 4236 2432 4288 enim
2489 4235 2746 4289 Lazaro:
2823 4254 2842 4286 ι
2876 4234 3010 4290 Veni
3073 4235 3218 4290 foras
3247 4237 3330 4300 ";
3363 4255 3382 4287 ι
3436 4243 3492 4290 et
3546 4239 3738 4293 vidua:
3818 4240 3919 4292 ﬁlio

668 4351 686 4382 ι
719 4331 1072 4394 Adolescens,
1111 4327 1208 4382 tibi
1241 4326 1382 4389 dico,
1420 4341 1581 4393 surge
1620 4326 1667 4356 ’³
1700 4343 1712 4379 :
1756 4343 1774 4376 ›
1818 4335 2111 4393 utrumque
2142 4327 2326 4379 statim
2361 4326 2414 4380 in
2455 4327 2621 4380 vitam
2671 4329 2974 4382 revocavit.

733 4408 893 4478 XLII.
939 4420 1091 4487 Quod
1119 4420 1164 4474 si
1214 4419 1306 4489 qui
1355 4427 1500 4481 sunt,
1547 4417 1636 4486 qui
1684 4426 1870 4471 contra
1909 4413 2246 4484 Scripturam
2282 4419 2326 4473 D

664 4514 970 4570 temeritate
1024 4509 1257 4580 quadam
1317 4506 1474 4577 163
1527 4521 1693 4574 prave
1742 4505 2057 4569 sentientes,
2095 4502 2245 4555 illum

664 4622 762 4678 per
789 4622 848 4660 se
889 4604 1167 4673 vulgarem
1206 4610 1409 4656 tantum
1453 4600 1726 4652 hominem
1760 4597 2036 4652 exstitisse
2066 4595 2248 4650 dicere

666 4699 918 4761 audeant,
968 4693 1057 4764 qui
1105 4708 1170 4746 cx
1203 4706 1358 4747 sacra
1403 4689 1626 4759 Virgine
1667 4700 1820 4743 ortus
1849 4704 1970 4741 cum
2011 4688 2248 4740 clamore

666 4791 844 4845 valido
883 4797 940 4842 et
981 4787 1236 4858 lacrymis
1268 4798 1458 4854 preces
1497 4793 1551 4836 et
1577 4781 2002 4851 supplicationes
2053 4778 2249 4834 obtulit

668 4885 743 4937 illi
783 4883 873 4951 qui
910 4896 1031 4936 eum
1065 4895 1092 4932 a
1139 4885 1317 4931 morte
1376 4876 1603 4929 liberare
1659 4883 1885 4939 poterat,
1939 4888 2006 4928 ne
2055 4874 2248 4927 merito

667 4976 956 5045 quemdam
985 4988 1049 5026 ex
1083 4970 1286 5024 sanctis
1331 4968 1584 5035 apostolis
1620 4968 1731 5018 lucc
1776 4966 1876 5019 sibi
1907 4965 2245 5018 occinentem

669 5065 970 5122 audiverim
1026 5083 1039 5117 :
1080 5083 1097 5115 ι
1149 5063 1210 5117 lli
1259 5073 1383 5117 sunt
1431 5061 1520 5127 qui
1578 5065 1862 5127 segregant
1904 5059 2249 5124 semetipsos,

670 5159 953 5220 animales,
990 5156 1236 5226 spiritum
1262 5171 1364 5208 non
1394 5152 1653 5206 habentes
1687 5151 1751 5202 ".
1790 5171 1806 5201 ι
1845 5149 2038 5214 Quaero
2069 5159 2248 5203 autem

670 5268 738 5306 ex
777 5251 902 5316 illis,
933 5252 1022 5320 qui
1072 5249 1184 5302 haec
1230 5247 1442 5300 elfutire
1508 5258 1615 5298 non
1665 5243 2014 5305 erubescunt,
2072 5250 2251 5294 utrum

675 5343 1078 5398 Emmanuelem
1110 5357 1300 5411 purum
1341 5348 1545 5392 tantum
1574 5339 1846 5392 hominem
1879 5350 1998 5388 esse
2030 5334 2255 5387 omnino

674 5438 932 5498 sentiant,
983 5434 1071 5504 qui
1119 5433 1188 5487 ob
1233 5434 1283 5487 id
1333 5447 1495 5484 unum
1543 5444 1725 5499 parem
1770 5443 1891 5483 cum
1945 5429 2053 5487 Deo
2083 5427 2249 5481 Verbi

677 5528 992 5596 dignitatem
1037 5537 1090 5578 et
1130 5525 1504 5578 auctoritatem
1563 5525 1787 5576 sortitus
1835 5522 2065 5582 dicatur,
2113 5519 2257 5591 quod

1279 5699 1515 5754 “Hebr.
1579 5713 1630 5758 ν,
1688 5698 1739 5750 8.

1228 5771 1271 5803 ⁹³
1302 5770 1429 5824 Luc.
1462 5786 1555 5833 \‘ll,
1595 5770 1678 5820 li.

745 5704 786 5732 ’τ
825 5701 1080 5762 Joan.x1,
1111 5701 1198 5752 Η..

683 5773 734 5808 ⁸⁸
767 5772 919 5828 Joan.
958 5788 1030 5834 χι,
1064 5773 1150 5824 45.
1228 5771 1271 5803 ⁸³
1302 5770 1429 5824 Luc.
1462 5786 1555 5833 vn,
1595 5770 1678 5820 li.
1758 5768 1799 5799 ‘3"
1839 5766 1987 5821 lude:
2025 5767 2107 5818 l9.

1847 5697 1889 5727 ⁸9
1930 5695 2157 5764 Philipp.
2209 5713 2265 5758 ιι,
2311 5698 2363 5752 8.

2427 4415 2562 4468 MB’.
2596 4417 2658 4468 Ei
2697 4413 2752 4468 δὲ
2784 4415 2847 4485 δή
2875 4435 3019 4482 τινες
3054 4405 3164 4470 εἷεν
3206 4420 3257 4471 οἱ
3299 4418 3617 4490 τολμῶντες
3648 4422 3864 4492 λέγειν,
3897 4427 3958 4487 εἴης

2355 4508 2503 4560 ἔστιν
2544 4507 2832 4579 ἄνθρωπος
2883 4508 3064 4572 ἰδικῶς
3109 4511 3137 4562 ὁ
3183 4512 3246 4564 ἐκ
3290 4512 3387 4581 τῆς
3436 4514 3610 4578 ἁγίας
3654 4517 3954 4586 Παρθένου.

2356 4599 2569 4668 δεήσεις
2599 4617 2655 4651 τε
2683 4600 2778 4651 καὶ
2821 4602 3105 4671 ἱκετηρίας
3137 4603 3276 4672 μετὰ
3303 4603 3560 4672 κραυγῆς
3597 4608 3842 4676 ἰσχυρᾶς
3881 4613 3958 4660 καὶ

2355 4687 2611 4758 δακρύων
2656 4691 3034 4760 προσενέγκας
3083 4693 3216 4762 πρὸς
3260 4693 3353 4746 τὸν
3408 4694 3727 4766 δυνάμενον
3779 4699 3957 4761 σώζει.

2358 4782 2523 4834 αὑτὸν
2558 4783 2622 4835 ὲκ
2648 4783 2901 4845 Θανάτου,
2939 4784 3172 4853 μάλιστα
3204 4786 3303 4853 μὲν
3336 4788 3452 4849 τοῖς
3481 4788 3656 4857 ἱεροῖς
3691 4791 3958 4843 exeso-i1:

2357 4877 2652 4946 γράμμασι
2715 4875 2935 4945 φρονεῖν
2987 4877 3278 4946 ᾑρημένοι,
3338 4879 3575 4942 δικαίως
3633 4882 3958 4935 ἀκούσονται

2358 4967 2613 5034 λέγοντος
2638 4967 2822 5027 αὐτοῖς
2854 4967 2972 5030 ἐνὸς
3009 4969 3120 5019 τῶν
3145 4968 3317 5036 ἁγίων
3353 4971 3687 5024 ἀποστόλων
3707 4985 3724 5004 ⁸
3758 4993 3777 5025 ι
3814 4967 3958 5027 Οὖτττιί

2361 5059 2499 5111 εἰσιν
2525 5059 2574 5109 οἱ
2596 5058 3033 5128 ἀποδιορίζοντες
3061 5059 3303 5129 ψυχικοῖ,
3323 5063 3550 5132 πνεῦμα
3581 5065 3662 5135 μὴ
3693 5065 3925 5133 ἔχοντες.
3943 5085 3956 5105 ι

2360 5145 2494 5202 Εἶτα
2543 5148 2680 5219 πρὸς
2708 5150 2883 5220 τούτῳ
2933 5153 3250 5221 φραζόντων
3283 5156 3465 5206 ἐκεῖνο
3488 5171 3501 5183 ·
3557 5157 3804 5225 πότερόν
3841 5174 3957 5208 ποτε

2359 5241 2514 5309 ψιλὸν
2560 5240 2848 5310 ἄνθρωπον
2879 5237 3018 5294 εἷναί
3052 5261 3216 5312 φασιν
3251 5245 3438 5308 αὑτὸν,
3488 5245 3665 5315 ἤγουν
3718 5248 3959 5308 καθάπερ.

2358 5337 2535 5388 εἰπεῖν
2569 5336 2998 5406 τεϐαρῤήκασιν,
3025 5338 3168 5407 ἔχειν
3193 5337 3290 5408 τὴν
3316 5337 3543 5408 ἰσότητα
3573 5343 3673 5409 τῆς
3697 5339 3859 5404 ἀξῖας
3881 5354 3958 5389 γε.

2357 5429 2457 5496 τῆς
2492 5428 2798 5490 αύθεντίας,
2835 5429 2933 5498 τῆς
2960 5430 3093 5498 πρός
3122 5447 3208 5497 γε,
3238 5431 3406 5497 φημὶ,
3438 5431 3534 5481 τὸν
3567 5433 3631 5482 ἐκ
3665 5431 3804 5482 Θεοῦ
3840 5433 3952 5481 Θεὶ.

2360 5521 2555 5589 Λόγον,
2590 5521 2664 5584 ὡς
2694 5520 2840 5590 αὐτῷ
2869 5521 3250 5592 συνημμένον;
3288 5521 3350 5573 Εἰ
3394 5524 3493 5575 υὲν
3543 5519 3639 5576 οὖν
3683 5525 3953 5592 ἆκίὲρειῖιι

2469 5700 2513 5729 °°
2544 5699 2669 5753 ibid.
2710 5699 2761 5754 9.

2870 5701 2938 5732 ”'
2998 5699 3188 5755 Matth.
3228 5717 3282 5766 Χ,
3319 5703 3411 5756 9.8.
3498 5705 3538 5735 ⁹¹
3578 5703 3734 5758 Joan.
3771 5720 3826 5766 ι’,
3873 5700 3955 5757 i8-
