4042 6468
113 377 239 434 i393

907 387 999 440 AD
1041 387 1343 444 REGINAS
1388 389 1472 443 DE
1515 391 1738 448 llECTA
1781 391 1936 449 FIDE
1978 391 2241 450 ORATIO
2281 393 2584 450 ALTERA.

3214 398 3349 453 1594

109 489 236 548 ε’ίναί
293 513 420 564 φασι
486 498 608 552 καθ’
659 499 807 569 ἡμᾶς
875 503 1058 574 ψιλὸν,
1116 505 1662 579 άνθρωπολατροῦσιν

1771 509 2023 564 familiari
2067 510 2303 579 quodam
2368 511 2790 566 necessitudinis
2844 510 3055 566 vinculo
3095 512 3167 565 illi
3220 531 3350 567 con-

107 588 578 658 ὁμολογουμένως.
626 595 1060 661 προσκυνοῦντες
1121 597 1290 666 αὐτῷ.
1349 598 1662 670 Γέγραπται

1771 605 1984 672 iunctus
2028 603 2137 657 sit?
2169 604 2324 669 Quod
2381 604 2425 657 si
2473 617 2686 672 purum,
2735 604 2995 672 nobisque
3042 619 3137 674 per
3167 607 3350 659 omnia

104 681 220 750 γὰρ.
257 681 334 735 ὅτι
375 700 392 731 ι
433 681 640 753 Κύριον
687 685 781 740 τδν
810 687 943 741 Θεόν
973 706 1067 742 σου
1096 691 1528 761 προσκυνήσεις,
1569 693 1665 745 καὶ

103 771 242 842 αὑτῴ
269 773 409 843 μόνῳ
439 773 777 846 λατρεύσεις.
813 797 832 830 ι
855 780 919 832 Ei
947 779 1004 833 δέ
1034 780 1098 849 δὴ
1137 782 1316 848 φαῖεν,
1346 782 1429 834 ὅτι
1463 782 1665 852 κέκλη-

99 880 181 916 ται
221 863 352 932 πρὸς
404 865 627 938 ἰσότητα
678 869 778 940 τῆς
814 870 991 936 ἀξίας,
1039 872 1212 942 ἧγουν
1242 872 1531 938 αὐθεντίας
1566 875 1666 944 τῆς

102 953 229 1024 πρὸς
258 954 386 1009 θεὸν
433 958 636 1027 Λόγον·
687 956 807 1013 εἶτα
836 963 1085 1032 πρόσεισι
1115 962 1192 1034 τῷ
1219 964 1338 1035 Θεῷ
1368 966 1460 1020 καὶ
1491 966 1668 1036 Πατρὶ

97 1045 232 1113 μετὰ
259 1049 504 1119 κραυγῆς
541 1052 772 1121 ἰσχυρᾶς
796 1053 888 1104 καὶ
909 1052 1334 1123 δεδακρυμένος,
1362 1057 1457 1108 καὶ
1491 1055 1665 1108 δεῖται

98 1135 186 1188 τοῦ
223 1137 482 1205 σώζοντος
503 1157 516 1169 ·
547 1143 700 1196 οὐδὲν
732 1144 847 1196 ἐστι
879 1144 941 1197 τὸ
982 1145 1193 1199 κωλύον
1239 1149 1334 1202 καὶ
1364 1147 1531 1202 αὑτοῦ
1567 1146 1664 1201 τοῦ

95 1226 265 1296 Λόγου
283 1231 339 1283 τὸ
357 1232 556 1303 μέτρον
571 1232 822 1288 τοσοῦτον
838 1235 1104 1308 ὑπάρχειν
1133 1238 1401 1304 ὑπονοεῖν,
1432 1241 1665 1312 ὅσονπερ

93 1318 156 1372 ἂν
209 1318 341 1376 εἷναι
398 1324 708 1379 πιστεύοιτο
758 1329 851 1381 καὶ
897 1329 958 1382 τὸ
1000 1331 1093 1384 τοῦ
1127 1331 1262 1401 πρὸς
1307 1333 1468 1388 αὑτὸν
1514 1332 1667 1403 ἔχον-

91 1428 181 1474 τος
224 1413 318 1484 τὴν
365 1416 592 1486 ίσότητα
623 1417 722 1488 τῆς
760 1419 938 1485 ἀξίας,
988 1422 1156 1492 ἤγουν
1200 1421 1302 1489 τῆς
1353 1425 1663 1488 αὑθεντίας.

89 1503 297 1557 Οὐκοῦν
323 1506 521 1576 πρέποι
549 1507 615 1562 ἂν
651 1512 742 1563 καὶ
789 1512 939 1582 αὑτῷ
968 1513 1029 1565 τὸ
1061 1514 1293 1569 δεδιέναι
1324 1515 1578 1580 θάνατον,
1606 1517 1668 1571 τὸ

91 1593 330 1649 κίνδυνον
362 1597 688 1669 ὑφορᾶσθαι,
717 1603 779 1654 τὸ
812 1602 1024 1658 κλαίειν
1053 1605 1111 1658 ἐν
1151 1611 1500 1679 πειρασμοῖς.
1532 1608 1667 1663 καθ-

87 1686 307 1739 εστάναι
329 1687 386 1742 δέ
418 1691 512 1744 καὶ
542 1691 600 1743 ἐν
625 1691 806 1765 ἐνδείᾳ
828 1693 927 1764 τῆς
964 1697 1094 1766 παρ’
1135 1697 1323 1770 ἐτέρου
1356 1699 1558 1770 χειρὸς,
1578 1699 1666 1754 ἵνα

87 1778 185 1864 καὶ
207 1778 446 1850 σώζηται
468 1783 604 1864 ’καὶ⁸
634 1784 770 1853 πρὸς
788 1786 999 1852 τούτοις
1023 1788 1104 1842 ἐτι
1134 1790 1228 1843 καὶ
1250 1791 1548 1860 μανθάνειν
1569 1791 1668 1864 τὴν

1767 693 1997 747 similem
2061 695 2334 749 hominem
2407 705 2614 750 tantum
2677 710 2800 751 esse
2867 697 3126 762 dixerint,
3201 707 3353 752 certe

1767 794 1959 850 aperto
2013 787 2459 856 anthropolatria:
2506 787 2734 844 crimine
2785 789 3150 852 tenebuntur,
3199 789 3350 842 illum

1768 875 2074 932 adorantes.
2094 875 2368 948 Scriptum
2382 881 2618 935 estenim
2640 899 2653 934 :
2682 899 2701 932 ι
2716 881 2996 935 Dominum
3026 882 3188 935 Deum
3205 893 3351 934 tuum

1768 967 2041 1033 adorabis,
2073 977 2129 1024 et
2167 970 2240 1023 illi
2282 970 2379 1025 soli
2411 972 2615 1027 servies
2642 973 2709 1026 ".
2757 992 2775 1025 ι
2815 972 2965 1038 Quod
2993 973 3036 1026 si
3077 973 3250 1041 ipsum
3283 972 3348 1025 ad

1768 1060 2129 1128 aequalitatem
2155 1060 2433 1131 dignitatis
2464 1071 2518 1117 et
2545 1064 2880 1120 auctoritatis
2904 1078 3023 1117 eum
3057 1063 3146 1116 Dei
3172 1057 3354 1117 Verbo

1769 1161 2014 1206 evectum
2063 1156 2442 1222 respondeant,
2497 1171 2596 1210 nec
2639 1155 2708 1209 ob
2749 1156 2801 1209 id
2845 1167 3022 1210 tamen
3074 1153 3354 1224 prohiberi

1768 1243 2057 1312 quominus
2107 1244 2322 1299 Patrem
2363 1245 2537 1300 valido
2567 1260 2690 1301 cum
2736 1247 2977 1301 clamore
3011 1257 3064 1299 et
3101 1245 3355 1315 lacrymis

1769 1334 1949 1398 adeat,
1985 1334 2171 1404 illique
2224 1336 2313 1404 qui
2348 1338 2558 1391 salvare
2595 1347 2771 1407 potest
2806 1337 3026 1406 supplex
3062 1337 3182 1399 ﬁat;
3220 1333 3356 1388 nihil

1769 1427 1992 1482 Omnino
2050 1429 2286 1483 obstabit
2349 1429 2637 1497 quominus
2701 1429 2874 1498 ipsius
2927 1443 3141 1497 quoque
3195 1425 3355 1482 Verbi

1770 1519 2012 1575 cenditio
2062 1526 2211 1573 tanta
2255 1519 2622 1583 existimetur,
2670 1529 2870 1588 quanta
2927 1517 3044 1585 ejus
3103 1517 3192 1586 qui
3232 1531 3355 1571 cum

1776 1610 1949 1666 Verbo
1994 1611 2359 1680 aequalitatem
2401 1611 2684 1682 dignitatis
2732 1612 2848 1666 sive
2891 1611 3234 1664 auctoritatis
3258 1610 3357 1664 ha-

1772 1705 1881 1759 bet.
1924 1704 2102 1770 Quare
2132 1713 2186 1759 et
2216 1703 2292 1758 illi
2323 1719 2541 1774 quoque
2573 1704 2858 1759 conveniet
2889 1715 3114 1758 mortem
3153 1703 3355 1758 exhor-

1773 1811 2008 1862 rescere,
2039 1796 2335 1866 periculum
2368 1798 2580 1862 timere,
2613 1797 2665 1851 in
2701 1798 3091 1852 tentationibus
3119 1797 3355 1865 plorare,

85 1863 334 1957 ﬁliai—Oﬂv
361 1866 430 1920 δι’
478 1861 556 1924 ὧν
598 1870 838 1926 πέπονθε
882 1878 1216 1947 πειρασθείς.
1279 1880 1442 1948 nam
1489 1861 1663 1954 οῐμαι,

1771 1888 2000 1943 alterius
2039 1861 2144 1957 ope
2176 1895 2234 1942 ut
2258 1895 2504 1941 servetur
2531 1861 2798 1956 indigere,
2832 1901 3086 1955 expressa
3124 1886 3357 1954 denique

82 1954 244 2009 τοῦτό
285 1957 430 2013 ἐστιν
453 1961 485 2031 ἢ
519 1967 734 2033 φρονεῖν
759 1965 790 2034 ἢ
816 1965 999 2034 λέγειν
1026 1970 1306 2042 ἀσύφηλον
1345 1975 1628 2038 παντελῶς
1646 1990 1661 2006 ⁸

80 2047 370 2116 παναλκὴς
397 2050 506 2123 γάρ
539 2054 686 2106 ἐστιν
713 2055 741 2107 ό
766 2055 860 2108 τοῦ
892 2057 1028 2111 Θεοῦ
1063 2060 1237 2129 Λόγος
1261 2104 1276 2128 ,
1309 2065 1405 2118 καὶ
1431 2065 1663 2122 θανάτου

79 2136 371 2206 κρείττων,
401 2143 496 2196 καὶ
529 2143 720 2198 παθῶν
747 2147 1033 2216 ἐπέκεινα,
1077 2154 1171 2205 καὶ
1216 2152 1419 2221 δειλίας
1450 2158 1665 2229 ἀνθρω-

76 2231 404 2321 ποπρεπούς
434 2234 704 2306 ἀμέτοχος
738 2239 1041 2306 παντελῶς.
1070 2241 1232 2299 Ἀλλά
1265 2245 1373 2318 μὴν
1397 2248 1540 2303 οὑτω
1566 2252 1664 2321 μὲν

70 2318 299 2391 φύσεως
335 2319 496 2392 ἔχων,
543 2325 813 2381 πέπονθεν
857 2329 998 2402 ὑπὲρ
1047 2334 1224 2404 ἡμῶν.
1274 2338 1487 2393 Οὐκοῦν
1535 2318 1660 2402 οὑτε

70 2410 238 2480 ψιλὸς
282 2412 564 2485 ἄνθρωπος
605 2419 637 2472 ό
684 2419 960 2490 Χριστὸς,
1000 2421 1124 2478 οὔτε
1174 2412 1416 2499 ἄσαρκος
1457 2432 1661 2502 Δόγος’

69 2503 305 2595 ἐνωθεὶς
335 2506 392 2559 δὲ
427 2509 631 2578 μᾶλλον
659 2515 728 2589 τῇ
767 2515 892 2569 καθ’
927 2519 1078 2589 ἡμᾶς
1103 2520 1506 2595 ἁνθρωπότητι,
1555 2527 1663 2580 πά-

67 2594 160 2686 θοι
203 2595 272 2650 ἂν
299 2598 524 2664 ἀπαθῶς
556 2603 723 2674 σαρκὶ
754 2607 820 2679 τῇ
855 2607 966 2679 ίδίᾳ
994 2609 1064 2664 τά
1096 2594 1434 2682 ἀνθρώπιναι
1468 2616 1664 2686 Γέγονε

63 2685 263 2739 τοίνυν
283 2689 362 2754 είς
395 2689 746 2750 ὑποτύπωσιν
778 2697 859 2760 είς
888 2698 1036 2768 ἡμᾶς
1067 2700 1425 2772 ἀνθρωπίνως
1454 2685 1662 2770 ἐκεῖνα.

61 2779 334 2852 καθάπερ
357 2782 494 2854 ἔφην
519 2786 577 2840 ἐν
601 2786 819 2858 ἀρχαῖς,
849 2790 937 2842 ἵνα
967 2795 1080 2854 τοῖς
1112 2793 1314 2864 ἴχνεσιν
1343 2799 1510 2852 αὑτοῦ
1563 2802 1663 2852 ἐπ-

56 2871 560 2944 ακολουθήσωμεν.
580 2877 750 2932 Τοῦτο
776 2880 886 2953 γάρ
915 2883 1190 2954 ἐποίησεν,
1222 2888 1440 2957 ἐφάπαξ
1469 2892 1662 2944 ἐαυτὸν

55 2965 477 3040 προσενέγκας.
538 2968 595 3025 '0
647 2970 810 3042 νόμος
858 2972 968 3045 γὰρ
1013 2976 1336 3048 καθίστησιν
1386 2982 1662 3055 ἀρχιερεῖς

50 3057 306 3127 ἔχοντας
333 3058 653 3116 ἀσθένειαν·
691 3065 719 3118 ὁ
759 3063 917 3137 λόγος
949 3066 1007 3122 δέ
1036 3068 1136 3139 τῆς
1178 3070 1527 3142 ὁρκωμοσίας
1559 3075 1661 3147 τῆς

45 3148 224 3218 μετά
270 3148 360 3206 τὸν
399 3151 587 3223 νόμον,
624 3153 754 3210 Υἰὸν
786 3158 868 3220 είς
895 3157 986 3212 τὸν
1016 3161 1189 3215 αἰῶνα
1219 3163 1659 3239 τετελειωμένον,

1777 1981 2074 2036 tentatione
2097 1979 2459 2035 obedientiam
2500 1980 2730 2035 discere.
2761 1977 2924 2047 Atqui
2968 1987 3229 2033 extremae
3262 1990 3358 2029 ve-

1773 2072 1941 2127 sania:
1988 2071 2150 2127 fuerit
2203 2072 2317 2126 haec
2366 2071 2571 2126 sentire
2597 2071 2681 2125 vel
2713 2071 2933 2126 dicere:
2968 2080 3052 2125 est
3075 2069 3218 2123 enim
3260 2067 3355 2122 Dei

1775 2163 2011 2224 Verbum
2051 2162 2412 2232 omnipotens,
2458 2172 2634 2218 morte
2662 2161 2935 2231 superius,
2986 2162 3157 2231 majus
3200 2159 3356 2217 deni—

1768 2270 1879 2324 que
1921 2270 2081 2324 quam
2129 2264 2188 2308 ut
2233 2255 2530 2324 perpessio,
2580 2261 2679 2308 aut
2725 2251 2831 2308 ulla
2863 2252 3085 2306 omnino
3122 2252 3358 2306 humana

1779 2347 2012 2401 formido
2061 2347 2112 2400 iu
2165 2347 2336 2416 ipsum
2386 2347 2583 2400 cadere
2630 2343 2828 2402 valeat.
2865 2344 3062 2399 Verum
3107 2343 3232 2397 licet
3258 2355 3360 2399 sua

1779 2449 1968 2493 natura
1999 2437 2263 2508 ejusmodi
2294 2438 2386 2503 sit,
2417 2438 2588 2492 nostri
2620 2447 2798 2492 tamen
2832 2453 2994 2492 causa
3023 2453 3120 2491 eas
3151 2436 3361 2505 passio-

1774 2546 1871 2585 nes
1902 2529 2176 2585 sustinuit.
2217 2529 2400 2598 itaque
2427 2544 2604 2599 neque
2643 2544 2810 2599 purus
2846 2539 3054 2583 tantum
3085 2531 3246 2584 homo
3274 2537 3359 2584 est

1774 2622 2047 2688 Christus,
2076 2636 2260 2690 ,neque
2287 2619 2523 2675 Verbum
2560 2629 2762 2676 nostrae
2796 2622 2980 2676 carnis
3010 2636 3226 2691 expers,
3261 2620 3357 2676 sed

1775 2713 2011 2768 Verbum
2066 2722 2265 2766 nosme
2313 2722 2519 2766 natura:
2549 2712 2782 2777 unitum,
2812 2713 3106 2767 secundum
3136 2727 3194 2768 se
3239 2711 3362 2781 qui-

1777 2805 1897 2859 dem
1970 2805 2289 2873 impatibile,
2353 2804 2585 2858 htuuana
2647 2815 2826 2860 autem
2878 2806 3089 2873 patiens
3150 2805 3203 2858 in
3260 2818 3360 2858 sua

1778 2911 1962 2950 carne.
2013 2897 2142 2961 Quae
2177 2897 2338 2964 igitur
2371 2906 2428 2949 ut
2470 2887 2636 2950 homo
2688 2896 2911 2965 pertulit
2961 2911 3022 2952 ea
3058 2897 3159 2966 (ut
3193 2897 3357 2966 paulo

1773 2999 1901 3042 ante
1940 2987 2300 3056 dicebamus),
2337 2988 2490 3044 nobis
2515 2988 2568 3043 in
2617 2989 2920 3056 exemplum
2964 2999 3355 3060 proponuntur,

1773 3095 1880 3151 quo
1915 3080 2170 3135 nimirum
2218 3081 2460 3151 vestigiis
2511 3081 2653 3137 illius
2702 3082 3016 3136 insistatnus
3041 3083 3155 3151 qui,
3191 3083 3357 3138 semel

1773 3187 1836 3228 se
1864 3171 2116 3238 oll'erens,
2149 3187 2261 3228 rem
2290 3181 2458 3227 totam
2487 3171 2743 3227 confecit.
2780 3175 2923 3227 Sane
2956 3172 3038 3226 lex
3075 3175 3358 3242 pontitices

44 3241 179 3335 μιᾷ
224 3241 331 3311 μὲν
371 3249 680 3335 προσφορᾷ,
725 3248 881 3321 δῆλον
928 3251 983 3306 δὲ
1014 3253 1097 3307 ὅτι
1141 3255 1206 3326 τῇ
1248 3254 1336 3310 διά
1379 3257 1474 3312 τοῦ
1517 3260 1653 3315 ἰδίου

1771 3265 2069 3333 infirmitati
2117 3265 2380 3321 obnoxios
2454 3264 2771 3319 instituebat
2803 3305 2818 3328 ,
2874 3241 3086 3319 verum,
3128 3266 3352 3335 jurisju-

46 3331 355 3402 σώματος,
371 3328 452 3408 ]
472 3355 489 3386 ι
509 3338 857 3395 τετελείωκεν
875 3345 951 3408 είς
968 3345 1028 3398 τὸ
1036 3346 1283 3419 διηνεκὲς
1297 3352 1423 3416 τοὺς
1438 3353 1660 3423 ἁγιαζο-

44 3423 315 3514 μένουςό
331 3426 534 3497 Κύριος
549 3430 705 3500 ἡμῶν
721 3432 929 3504 Ἰησοῦς
945 3437 1200 3508 Χριστός.
1216 3461 1336 3494 ι--ι
1348 3444 1661 3514 Προσκεκό-

44 3527 204 3603 Euge
239 3510 577 3603 γάρ-ἐαυτὸν
609 3518 746 3590 ὑπὲρ
784 3522 1099 3592 ήμῶνδείς
1128 3527 1304 3598 ὀσμὴν
1330 3510 1559 3594 εὐωδίας
1584 3531 1663 3603 τῷ

44 3597 193 3669 Θεῷ
217 3599 317 3652 καὶ
347 3601 574 3673 Πατρὶ,›
596 3607 689 3658 καὶ
716 3610 1037 3666 τετελείωκε
1071 3616 1275 3684 νοητῶς
1305 3617 1395 3670 διὰ
1421 3597 1663 3685 πίστεως

44 3690 180 3742 καὶ
207 3689 510 3764 ἀγιασμοῦ,
539 3696 717 3750 καίτοι
741 3699 840 3770 τῆς
870 3705 1100 3777 νομικῆς
1128 3707 1390 3780 λατρείας
1420 3711 1659 3766 τελειού-

1769 3359 1927 3414 randi
1957 3373 2138 3415 sermo
2179 3369 2301 3427 post
2352 3358 2522 3428 legem
2575 3359 2771 3422 editus,
2825 3359 2985 3431 164
3018 3357 3215 3413 Filium
3249 3373 3354 3414 una

1771 3450 2047 3521 oblatione
2077 3451 2130 3504 in
2165 3459 2425 3504 aeternum
2469 3459 2907 3507 consummatum
2939 3452 3256 3518 pronuntiat
3283 3450 3351 3516 ";

1769 3555 1832 3594 ca
1892 3541 2007 3610 ipsa
2072 3540 2343 3605 videlicet,
2397 3555 2501 3610 qua
2559 3559 2580 3592 ι
2643 3540 2904 3595 Dominus
2962 3550 3149 3595 noster
3198 3541 3354 3596 Jesus

1769 3631 2020 3687 Christus
2047 3633 2414 3689 sanctiﬁcatos
2455 3646 2551 3703 per
2576 3632 2852 3703 proprium
2892 3647 3088 3701 corpus
3132 3633 3182 3686 in
3211 3647 3354 3686 sent-

1771 3723 2040 3793 piternum
2081 3724 2477 3779 consummavit
2502 3724 2571 3779 ".
2621 3743 2642 3779 ι
2674 3751 2746 3765 -
2779 3742 2797 3775 ι
2837 3724 3039 3779 Obtulit
3066 3724 3213 3778 enim
3260 3740 3350 3777 se-

44 3799 171 3852 σης
207 3781 387 3839 οὐδέν.
435 3786 726 3861 Τοιγάρτοι
759 3793 1061 3864 κατέληξαν
1107 3798 1205 3868 μὲν
1247 3801 1298 3853 οἱ
1331 3801 1527 3868 τύποι,
1565 3805 1661 3858 καὶ

1771 3781 1942 3883 ipsum
1959 3830 2058 3885 pro
2074 3815 2230 3871 nobis
2257 3817 2308 3870 in
2327 3817 2548 3873 odorem
2565 3818 2847 3875 suavitatis
2870 3818 2979 3873 Deo
2999 3818 3213 3874 etPatri
3235 3819 3305 3883 ’⁸,
3326 3837 3346 3870 ι

44 3877 358 3978 πέπαυται
393 3881 510 3978 ’τῆς
550 3881 802 3953 Λρχαίας
835 3886 1113 3960 Διαθήκης
1169 3890 1230 3944 τὸ
1284 3893 1542 3966 ἀνόνητον
1601 3899 1661 3952 ἐν

1771 3877 2102 3976 perfecitque
2137 3922 2236 3961 nos
2269 3923 2363 3977 per
2397 3909 2555 3964 tidem
2598 3917 2654 3964 et
2705 3909 3004 3978 spiritalem
3041 3877 3354 3966 sanctiﬁca-

44 3969 262 4069 σκιαῖς
283 3968 534 4069 ’.Αγέγονε
564 3972 620 4069 δὲ
650 3976 966 4046 ἀναγκαίως
1012 3982 1366 4057 ἐπεισαγωγὴ
1410 3990 1660 4059 κρείττο-

1771 3997 1993 4064 tionem,
2038 4012 2159 4052 cum
2201 3998 2334 4069 legis
2373 3999 2610 4068 antiqua;
2651 3999 2827 4055 cultus
2876 4000 3084 4055 nullum
3129 4003 3352 4056 omnino

44 4077 151 4161 ὀἱ
186 4058 441 4162 ξξπίδοςί
473 4063 540 4116 δι’
566 4060 638 4162 ἦς
664 4069 957 4142 ἐγγίζομεν
975 4071 1067 4144 mp
1096 4074 1236 4146 Θεῷ,
1275 4058 1656 4148 μεσιτεύοντος

1771 4087 1831 4141 ad
1865 4058 2588 4158 periectionemvadduceret
2623 4091 2692 4144 ⁸³.
2728 4089 2881 4146 Unde
2910 4099 2964 4144 et
3002 4090 3188 4160 figurae
3218 4107 3354 4159 quo-

44 4151 154 4249 :oi'a
194 4151 478 4249 Χριστοῦ,
504 4157 614 4249 *καὶ
651 4158 720 4212 ,ἐν
765 4161 918 4228 τάξει
963 4167 1247 4234 γεγονότος
1294 4171 1653 4249 ἀρχιερατικῇ

1771 4194 1870 4248 que
1895 4190 2201 4247 cessarunt,
2231 4189 2286 4235 et
2314 4181 2620 4236 umbratilis
2649 4179 2739 4236 illa
2775 4181 2987 4236 Veteris
3016 4181 3350 4239 Testamenti

44 4242 145 4296 ἱιά
186 4259 276 4347 τοι
300 4243 400 4315 τὴν
423 4246 560 4317 πρὸς
595 4249 742 4319 ἡμᾶς
771 4252 1050 4322 ὁμοίωσιν.
1341 4242 1345 4243 ί
1458 4242 1467 4243 7
1626 4242 1653 4249 ﬂ

1771 4271 2105 4341 imperfectio
2146 4288 2177 4327 e
2221 4273 2403 4328 medio
2449 4275 2663 4328 sublata
2701 4283 2804 4329 est.
2837 4274 3117 4330 Successit
3143 4285 3348 4341 autem,

44 4347 92 4437 ιι
129 4336 372 4437 (ru-idern
403 4343 1008 4437 necessarioptneljoris
1039 4350 1154 4415 spei
1211 4351 1559 4422 introductio,
1629 4374 1726 4429 per
1763 4336 1949 4431 quam,
1997 4362 2394 4420 interveniente
2445 4363 2667 4420 Christo
2716 4366 2807 4436 qui
2858 4375 3078 4437 propter
3141 4336 3349 4423 naturae

49 4428 484 4528 imilitudinent
522 4434 584 4528 in
619 4436 955 4504 pontiﬁcium
1009 4444 1252 4498 ordinem
1300 4457 1516 4503 evectus
1552 4428 1654 4518 est,
1695 4428 1804 4510 Deo
1834 4458 2352 4528 appropinquamus.
2729 4428 2752 4436 -
2859 4428 2875 4437 ν
2959 4428 2974 4436 “
3297 4505 3305 4514 -

105 4522 276 4578 MP.
320 4525 470 4595 Πλὴν
515 4527 692 4581 ἐκεῖνο
723 4530 903 4602 ἄθρει·
937 4531 1073 4604 Περὶ
1103 4537 1271 4590 αὑτοῦ
1309 4557 1473 4610 φησιν
1506 4543 1535 4594 ὁ
1575 4544 1663 4597 θε-

1835 4547 2022 4604 XLlll.
2061 4548 2540 4611 Verumenitnvcro
2593 4569 2717 4610 cum
2743 4554 2938 4612 Paulus
2973 4557 3118 4613 illum
3157 4574 3227 4614 ex
3262 4559 3347 4614 in-

51 4617 302 4680 πὲσιος
335 4618 580 4686 Παύλος,
608 4621 689 4674 ὅτι
732 4623 1053 4698 ἐσταυρώθη
1088 4628 1146 4695 ἐξ
1179 4630 1484 4698 ἀσθενείας.
1522 4633 1657 4692 Εἶτα

1771 4639 2016 4697 lirmitale
2077 4643 2394 4700 cruciﬁxum
2451 4647 2834 4714 prouuntiet‘,
2892 4652 3161 4718 quomodo
3218 4650 3347 4720 (in-

44 4710 182 4771 πῶς
206 4711 237 4761 ὁ
258 4710 557 4810 μὲνινόμος
588 4713 908 4787 καθίστησιν
935 4719 1214 4791 ἀρχιερεῖς
1247 4723 1471 4794 ἔχοντας
1489 4728 1654 4782 ἀσθέ-

1771 4731 1904 4803 quis)
1959 4733 2043 4788 lex
2089 4736 2399 4790 sacerdotes
2441 4738 2741 4797 inﬁrmitati
2769 4741 3061 4797 obstrictos
3100 4710 3342 4810 ordinat,

44 4816 239 4865 ειαν,
280 4801 314 4852 ό
339 4799 397 4853 δὲ
430 4801 588 4876 λόγος
626 4805 725 4874 τῆς
753 4807 1098 4879 ὁρκωμοσίας
1140 4813 1239 4881 τῆς
1274 4815 1412 4883 μετὰ
1441 4817 1532 4869 τὸν
1571 4819 1656 4872 νό-

1771 4824 2132 4892 ‘yusjurandum
2163 4841 2290 4881 vero
2318 4836 2440 4896 post
2465 4827 2640 4897 legem
2669 4832 3085 4900 promulgatum,
3121 4799 3340 4900 Filium,

44 4913 185 4963 ον,
235 4893 374 4948 Υἰὸν
426 4897 506 4961 εἰς
560 4897 653 4950 τὸν
697 4900 872 4954 αίῶνα
924 4902 1369 4976 τετελειωμένον,
1427 4909 1502 4974 ῶς
1555 4912 1654 4964 οὐκ

1771 4916 1916 4984 quasi
1953 4915 2098 4970 nulla
2135 4917 2188 4971 in
2235 4917 2383 4973 illum
2427 4919 2717 4976 inﬁrmitas
2766 4927 2940 4989 cadat,
2977 4926 3030 4978 iu
3075 4937 3341 4981 internum

44 5003 264 5061 (οντα
297 4986 545 5056 δηλονότι
573 4989 635 5041 τὸ
650 4990 896 5045 ἀσθενεῖν
912 5010 932 5059 ς
955 4994 1126 5054 Τοῦτο
1158 4996 1288 5068 γὰρ,
1321 4995 1498 5070 οἶμαι,
1533 5003 1655 5055 ἐστὶ

1771 5013 2191 5060 consummatum
2224 5006 2633 5080 perfectumque
2656 4999 2887 5067 atIirmat
2923 4986 2983 5067 5‘!
3007 5013 3141 5069 illud
3171 5018 3339 5084 enim,

44 5087 72 5138 5
132 5077 369 5149 ἀρτίως
397 5079 541 5148 ἕχον,
567 5080 734 5150 ἤγουν
757 5082 817 5135 τὸ
840 5084 898 5135 ἐν
927 5086 1090 5143 παντὶ
1119 5087 1268 5159 καλῷ
1294 5091 1654 5163 τετελειωμέ-

1771 5098 1971 5167 opinor,
2009 5099 2304 5169 perlectum
2337 5077 2560 5168 dicitur,
2593 5105 2738 5175 quod
2777 5107 2929 5162 omni
2957 5107 3221 5164 bonorum
3249 5077 3342 5181 ge;

44 5192 124 5229 γλ
153 5189 173 5199 ο
214 5172 307 5226 ὅτι
340 5171 415 5243 μὴ
449 5175 572 5227 κατ’
601 5175 841 5241 ἐκείνους
867 5178 987 5232 ἐστὶ
1012 5181 1138 5244 τοὺς
1171 5183 1314 5236 κατά
1341 5183 1431 5253 τὸν
1462 5186 1648 5256 νόμον,

1771 5205 1889 5248 aere
1918 5192 2249 5250 cumulatum
2291 5203 2396 5249 est.
2439 5193 2709 5262 Quoniam
2736 5213 2841 5254 non
2867 5199 2992 5254 talis
3025 5211 3164 5266 erat,
3203 5171 3338 5272 qlia-

44 5268 106 5333 ῖς
159 5264 280 5317 οὐκ
314 5264 584 5337 ἀσύνηθες
623 5269 800 5323 εἰπεῖν
837 5270 898 5324 τὸ
928 5273 1020 5327 καὶ
1045 5284 1066 5314 ο
1113 5274 1509 5333 ἀσθενεῖν’ἔσθ’
1530 5281 1647 5336 ὅτε.

1771 5286 1835 5340 Les
1860 5285 2061 5340 veteris
2099 5285 2230 5356 legis
2261 5288 2598 5355 sacerdotes,
2630 5291 2829 5362 quibus
2873 5293 3186 5351 inusitatum
3221 5264 3335 5351 non

71 5420 171 5455 95
212 5418 377 5472 Dent.
407 5435 481 5482 vr,
518 5421 616 5489 15;
649 5422 833 5477 Matth.
870 5442 940 5490 tv,
976 5427 1061 5481 it).
1138 5431 1184 5464 ⁸⁸
1218 5432 1382 5490 Hebr.
1424 5450 1519 5502 vn,
1551 5436 1639 5494 28.

55 5491 133 5549 II
183 5491 320 5544 Cor.
354 5505 474 5556 xm,
500 5491 555 5546 4.
633 5496 652 5525 ¹
687 5493 848 5550 liebr.
879 5511 975 5564 vit,
1000 5499 1089 5552 ‘28.

1792 5438 1955 5496 llebr.
1985 5455 2038 5507 x,
2072 5441 2159 5496 14.
2270 5441 2315 5475 ³⁸
2353 5442 2550 5514 Ephes.
2577 5461 2628 5514 ν,
2658 5447 2712 5503 2.
2829 5449 2874 5483 ⁹⁹
2915 5449 3082 5507 iiebr.
3117 5468 3216 5518 vn,
3245 5454 3330 5509 lt).

1168 5658 1340 5717 Variae
1372 5662 1633 5721 lectiones
1663 5664 1861 5723 codicis
1887 5666 2244 5738 Seguieriani.

79 5791 134 5830 b
197 5782 412 5843 αὐτῶν.
493 5796 514 5825 ε
550 5783 581 5864 ᾖ
619 5786 829 5854 πάντως
862 5793 972 5846 καί.
