4042 6490
641 368 780 426 1595
1670 368 1726 423 S.
1773 371 2054 428 CYRILLI
2093 375 2564 434 ALEXANDRINI
2609 381 2935 438 ARCHIEP.
3801 381 3931 437 £396

636 499 777 555 erat,
820 489 872 543 in
902 486 1242 543 inﬁrmitates
1280 488 1602 557 quandoque
1647 488 1907 545 incidere.
1939 492 2043 546 Sed
2074 509 2210 560 quo-

2347 495 2442 557 Ιῶς
2474 493 2568 548 οὖν
2601 500 2629 549 ὁ
2664 501 2824 562 αὐτὸς
2856 499 2948 552 καὶ
2987 497 3274 560 ἀσθενείας
3328 498 3608 568 κρείττων
3656 492 3802 549 εἶναι
3847 516 3934 550 πε-

637 581 799 635 modo
829 580 968 634 idem
999 589 1053 634 et
1087 579 1404 635 inﬁrmitate
1433 581 1603 648 major
1623 582 1882 649 creditur,
1927 596 2110 652 utpote
2141 586 2221 638 Fi-

635 669 742 726 lius
780 671 1022 726 numeris
1059 674 1310 728 omnibus
1347 671 1615 742 perfectus
1638 712 1654 736 ,
1686 683 1742 726 et
1787 689 1854 728 ex
1901 677 2220 733 inﬁrmitate

635 775 854 815 rursum
901 761 1191 816 cruciﬁxus
1230 762 1491 816 docetur?
1540 762 1610 817 Ut
1655 778 1873 818 crucem
1922 771 2217 823 secundum

635 866 857 908 carnem
900 843 1154 917 sustinet,
1206 853 1402 907 merito
1451 853 1697 906 inﬁrmus
1737 859 2099 925 praedicatur;
2159 871 2220 915 ut

637 953 816 1000 autem
866 944 1010 1000 Deus
1049 954 1152 1010 est,
1203 946 1395 1012 quavis
1437 945 1753 1000 inﬁrmitate
1797 950 2042 1016 superior
2076 961 2221 1005 recte

635 1034 935 1088 asseritur:
999 1053 1018 1085 ι
1049 1035 1283 1103 Spiritus
1320 1036 1464 1088 enim
1515 1048 1800 1104 promptus
1831 1049 1932 1103 est,
1964 1054 2092 1092 raro
2125 1056 2218 1094 au-

635 1135 745 1180 tem
791 1127 1000 1181 inﬁrma
1031 1127 1073 1180 ⁸.
1111 1146 1128 1177 ι
1166 1125 1319 1192 Quod
1357 1128 1399 1180 si
1439 1129 1530 1196 qui
1578 1139 1725 1195 sunt,
1767 1133 1858 1198 qui
1890 1130 2220 1188 inﬁrmitatis

636 1219 856 1271 nomine
905 1218 958 1273 id
1007 1234 1171 1271 unum
1209 1220 1296 1273 hic
1341 1221 1608 1275 insinuari
1648 1223 1998 1284 contendant,
2029 1239 2220 1290 nempe

635 1310 780 1377 quod
812 1308 1010 1380 legales
1041 1310 1273 1364 ministri
1307 1326 1413 1364 non
1444 1312 1561 1365 sine
1593 1313 1826 1380 peccatis
1852 1315 2014 1365 vitam
2043 1324 2221 1368 trans-

634 1402 884 1469 igebant;
941 1417 1050 1456 non
1098 1418 1336 1473 repugno
1386 1403 1537 1473 (imo
1601 1405 1650 1456 iu
1712 1405 1852 1457 hanc
1894 1409 2218 1462 sententiain

635 1494 867 1549 libenter
911 1495 1194 1565 concedo)
1228 1506 1382 1550 recte
1425 1497 1526 1548 hoc
1567 1506 1724 1562 pacto
1761 1500 1964 1552 sentire
1991 1500 2220 1553 volenti-

634 1587 757 1641 bus.
797 1586 956 1655 Legis
991 1588 1218 1656 proinde
1257 1587 1489 1640 ministri
1542 1603 1647 1641 non
1696 1605 1823 1656 uno,
1855 1594 1947 1646 sed
1981 1593 2222 1662 pluribus

635 1678 922 1734 sacriﬁciis
949 1679 1286 1750 indigebant,
1314 1691 1523 1749 utquos
1546 1683 1788 1748 quotidie
1817 1693 1923 1737 tam
1961 1702 2057 1754 pro
2081 1690 2218 1755 suis,

636 1786 799 1840 quam
846 1785 944 1840 pro
1007 1772 1188 1842 populi
1247 1773 1567 1841 ignorantiis
1619 1773 1816 1830 offerre
1864 1788 2142 1844 oporteret
2173 1779 2221 1842 δ,

2323 585 2610 642 πίστευται
2638 631 2651 652 ,
2686 593 2778 644 καὶ
2823 591 2899 653 ὡς
2930 589 3057 649 Υἱὸς
3095 588 3551 651 τετελειωμένος,
3592 588 3931 658 σταυροῦται

2321 679 2381 731 δὲ
2413 679 2505 730 καὶ
2542 681 2602 744 ἐξ
2647 682 2969 748 ἀσθενείας;
3003 680 3217 733 Οὐκοῦν
3243 677 3554 734 ἀκδλουθον
3584 683 3823 741 ἐννοεῖν,
3865 683 3935 743 ὡς

2321 768 2588 840 ἠσθένησε
2632 774 2752 841 μὲν,
2805 772 3086 845 ωρκικῶς
3118 771 3354 840 σταυρὸν
3417 772 3776 842 ὑπομείνας’
3825 771 3934 823 ἐστι

2321 879 2385 928 γε
2428 863 2534 931 μὴν
2581 863 2658 924 ὡς
2699 865 2831 929 Θεὸς
2877 865 2970 918 τοῦ
3021 864 3270 917 ἀσθενεῖν
3309 864 3608 918 ἐπέκεινα·
3653 884 3674 916 ι
3722 866 3796 918 Τὸ
3831 865 3935 932 γάρ

2323 955 2538 1024 πνεῦμα
2583 955 2885 1026 πρόθυμον,
2920 959 2953 1027 ἡ
2983 957 3039 1009 δὲ
3077 955 3214 1027 σὰρξ
3258 953 3523 1024 ἀσθενής-
3563 974 3582 1004 ³
3645 957 3716 1009 Εἰ
3769 957 3824 1010 δὲ
3877 956 3936 1024 δὴ

2323 1046 2556 1114 λέγοιεν,
2610 1048 2712 1114 τὴν
2759 1049 3048 1103 ἀσθένειαν
3089 1051 3147 1103 ὲν
3181 1047 3358 1116 τούτῳ
3401 1047 3484 1114 τῷ
3519 1050 3584 1098 ἐν
3632 1047 3937 1118 ἁμαρτίαις

2324 1135 2461 1191 εἶναι
2510 1136 2705 1204 δηλοῦν
2735 1139 2863 1202 τοὺς
2914 1141 3062 1195 κατά
3109 1141 3273 1211 νόμον
3327 1139 3806 1210 ἱερατεύονταςά,
3847 1144 3938 1193 οἰκ

2324 1229 2704 1298 ἀντιτάξομαι⁹
2731 1228 2991 1300 σύμφημι
3018 1233 3075 1283 δὲ
3105 1231 3306 1302 μᾶλλον
3331 1229 3471 1299 ὀρθά
3493 1232 3601 1282 καὶ
3624 1230 3780 1283 οὕτω
3801 1235 3937 1284 νοεῖν

2327 1323 2643 1391 ᾑρημένοις.
2673 1320 2884 1373 Οὐκοῦν
2913 1323 2970 1373 οἱ·
3002 1323 3102 1392 μὲν
3135 1325 3275 1376 κατά
3309 1323 3478 1392 νόμον
3510 1322 3814 1391 ἱερουργοὶ
3844 1324 3936 1374 Θυ-

2326 1412 2448 1473 σίας
2477 1410 2708 1482 ἔχρῃζον
2749 1412 2810 1462 οὐ
2860 1413 3012 1480 μιᾶς,
3050 1413 3315 1466 πλειόνων
3345 1412 3402 1465 δὲ
3442 1411 3688 1481 μᾶλλον,
3743 1412 3840 1464 ἅτε
3881 1414 3934 1482 δὴ

2324 1504 2692 1570 προσάγοντες
2720 1501 2840 1553 καθ’
2865 1503 3080 1571 ἡμέραν
3102 1503 3242 1574 ὑπέρ
3269 1521 3329 1556 τε
3356 1503 3547 1556 αὐτῶν
3587 1505 3689 1555 καὶ
3716 1504 3827 1555 τῶν
3851 1504 3935 1554 τοῦ

2325 1591 2456 1644 λαοῦ
2508 1591 2893 1661 ἀγνοημάτων,
2945 1590 3031 1642 διὰ
3063 1591 3125 1642 τὸ
3155 1592 3480 1653 πλειστάκις
3509 1589 3806 1653 ἀσθενεῖν,
3853 1591 3937 1641 καὶ

2326 1683 2617 1752 ὑπομένειν
2666 1682 3009 1752 μαλακισμὸν
3051 1683 3147 1734 τὸν
3194 1686 3274 1744 είς
3335 1683 3705 1753 πολύτροπον
3763 1686 3936 1753 ἀμαρ-

2324 1774 2482 1826 τίαν⁸
2527 1777 2556 1827 ὁ
2600 1774 2657 1827 δὲ
2706 1776 2972 1845 κρείττων
3007 1775 3282 1843 ἁμαρτίας
3333 1776 3643 1847 ὑπάρχων,
3680 1779 3762 1842 ὡς
3791 1779 3933 1840 Θεὸς,

634 1871 927 1930 propterea
979 1863 1235 1916 nimirum
1285 1864 1432 1930 quod
1472 1863 1703 1917 subinde
1745 1865 1794 1917 in
1842 1867 1975 1922 alias
2008 1878 2060 1922 et
2090 1871 2224 1923 alias

635 1951 985 2007 inﬁrmitates
1010 1953 1448 2021 prolaberentur,
1481 1969 1656 2023 eoque
1683 1957 1944 2024 languore
1976 1968 2225 2013 teneren-

639 2054 746 2106 tur,
777 2046 866 2112 qui
894 2043 946 2096 in
984 2044 1264 2112 multiplex
1316 2053 1598 2112 peccatum
1643 2047 1880 2100 ahducit.
1919 2048 2011 2103 Ille
2045 2060 2222 2104 autem

636 2133 812 2201 major
837 2149 1000 2204 quam
1030 2135 1120 2203 qui
1167 2149 1393 2204 peccare
1430 2137 1619 2203 possit,
1667 2146 1855 2204 utpote
1889 2138 2054 2203 Deus,
2093 2156 2226 2209 pou-

636 2225 771 2281 tifex
803 2236 989 2282 noster
1011 2225 1256 2288 eﬂ‘eetus,
1301 2241 1365 2280 ac
1396 2227 1692 2280 secundum
1731 2229 2022 2282 humanam
2066 2241 2227 2284 natu-

636 2330 754 2367 ram
814 2314 1072 2369 sacerdos
1140 2315 1463 2385 appellatus,
1528 2314 1671 2368 Patri
1743 2331 1901 2370 suum
1951 2320 2225 2385 proprimn

635 2420 838 2475 corpus
883 2406 1087 2461 obtulit
1123 2417 1181 2462 et
1229 2409 1591 2462 consecravit.
1625 2407 1932 2464 Secundum
1976 2419 2226 2463 naturam

635 2498 866 2564 proinde
916 2498 1157 2552 divinam
1187 2499 1242 2553 in
1289 2511 1568 2567 peceatum
1603 2501 1812 2568 prolabi
1850 2517 1956 2556 non
1993 2513 2227 2570 poterat,

635 2604 764 2642 cum
799 2604 906 2644 non
935 2599 1080 2644 esset
1110 2601 1319 2645 natum
1354 2603 1570 2655 ereataa,
1607 2609 1725 2661 quae
1771 2608 1866 2661 per
1904 2608 1963 2646 se
1991 2607 2094 2647 non
2133 2595 2228 2647 hl-

2332 1867 2774 1936 προσκεκόμικεν
2799 1865 3010 1929 ἑαυτὸν,
3042 1867 3134 1917 καὶ
3159 1865 3386 1934 γέγονεν
3417 1868 3594 1936 ἡμῶν
3622 1871 3934 1940 ἀρχιερεὺς,

2332 1958 2694 2026 ἀνθρωπίνως
2729 1960 2828 2029 μὲν
2862 1959 3155 2027 λεγόμενος
3204 1957 3581 2026 λειτουργεῖν,
3644 1961 3940 2031 ίερατεύων

2332 2049 2388 2101 δὲ
2421 2051 2501 2120 τῷ
2530 2052 2706 2116 Πατρὶ
2727 2053 2789 2104 τὸ
2817 2052 2946 2104 ἴδιον
2976 2051 3155 2120 σῶμα.
3187 2051 3532 2120 Θεοπρεπῶς
3562 2047 3672 2106 οὖν
3704 2055 3820 2124 ἄρα
3850 2073 3937 2106 πα-

2334 2141 2448 2193 θεῖν
2481 2144 2582 2196 ούκ
2619 2145 2872 2214 ἀνέχεται
2907 2145 3005 2214 τὴν
3042 2143 3342 2212 ἁμαρτίαν,
3378 2143 3467 2196 ὅτι
3507 2144 3592 2214 μὴ
3629 2145 3855 2214 φύσεως
3881 2144 3938 2217 ἦν

2332 2234 2591 2303 γενητῆς,
2624 2237 2724 2286 οὐκ
2758 2236 2994 2304 ἐχούσης
3019 2234 3295 2298 ούσιωδῶς
3326 2235 3389 2287 τὸ
3419 2235 3746 2306 ἄτρεπτον,
3772 2241 3864 2292 καὶ

2333 2327 2410 2387 εἰς
2437 2325 2586 2378 ἅπαν
2604 2325 3000 2395 διαδιδράσκειν
3017 2326 3281 2380 δύνασθαι
3297 2327 3400 2395 τὴν
3427 2328 3760 2396 ἁμαρτίαν.
3781 2329 3902 2392 Θεὸς
3918 2342 3937 2367 ⁸

2332 2416 2424 2471 οὖν
2459 2418 2566 2488 ἄρα
2611 2420 2727 2472 ἐστὶ
2764 2420 3102 2485 παντέλειος,
3130 2418 3586 2488 ἀνεπικούρητον
3621 2420 3775 2490 ἔχων
3827 2425 3936 2491 παρ’

2334 2511 2523 2578 ἐτέρου
2552 2513 2614 2563 τὸ
2643 2513 2981 2590 ἀκράδαντον
3016 2514 3096 2576 εἰς
3131 2513 3434 2580 ἁγιασμὸν,
3469 2514 3716 2580 φύσεώς
3741 2533 3802 2567 τε
3828 2533 3940 2585 καρ-

2335 2597 2438 2648 πον
2468 2598 2603 2660 ἰδίας
2629 2599 2769 2668 ἔχων
2795 2601 2854 2652 τὸ
2885 2601 3269 2670 ἀπλημμελὲς.

637 2683 732 2736 bet
780 2681 1298 2746 immutabilitatem,
1346 2695 1446 2749 nec
1495 2697 1654 2750 posse
1703 2684 1922 2736 omnino
1956 2683 2112 2753 165
2152 2685 2326 2739 vitare
2393 2697 2696 2753 peccatum.
2744 2691 2884 2743 Deus
2931 2691 3114 2758 itaque
3181 2699 3266 2744 est
3331 2691 3486 2744 omni
3511 2706 3583 2746 ex
3623 2703 3792 2760 parte
3835 2710 3938 2762 per-

640 2776 838 2840 fectus,
872 2786 928 2830 et
966 2775 1116 2830 nullo
1151 2775 1405 2842 praesidio
1447 2776 1672 2846 indiget,
1718 2786 1776 2830 ut
1823 2778 1874 2830 in
1906 2791 2002 2830 sua
2028 2781 2318 2835 sanctitate
2351 2781 2540 2837 ﬁrmus
2609 2783 2889 2852 persistat,
2944 2799 3066 2838 cum
3140 2785 3215 2841 sit
3279 2796 3493 2841 natura:
3523 2787 3657 2855 ejus
3709 2790 3944 2858 proprius

641 2869 852 2924 fructus
883 2871 1326 2940 impeccahilitas.

717 2964 903 3021 κων.
961 2983 981 3018 ι
1031 2966 1335 3036 Capitulum
1385 2978 1564 3021 autem
1596 2982 1764 3038 super
1793 2985 1857 3022 ea
1897 2972 2234 3040 quzedicuu-

2412 2973 2544 3027 MA'.
2597 2994 2614 3025 ι
2649 2974 2959 3043 Κεφάλαιον
2987 2974 3042 3026 δὲ
3076 2973 3170 3025 ἐπὶ
3208 2973 3323 3035 τοῖς
3350 2971 3734 3041 λεγομένοις·
3767 2972 3938 3024 Tasci-

647 3070 769 3114 tur:
825 3059 1010 3115 Talem
1043 3062 1304 3116 habemus
1357 3062 1687 3129 pontiﬁcem,
1739 3065 1830 3131 qui
1878 3067 2126 3118 conSedit
2178 3064 2233 3117 in

647 3152 873 3206 dextera
902 3153 1047 3208 sedis
1077 3155 1464 3221 magnitudinis
1501 3154 1553 3206 iu
1581 3155 1755 3212 caelis.
1784 3165 2095 3210 sanctorum
2133 3157 2238 3207 mi-

649 3245 842 3309 nister,
873 3245 1294 3300 et'tabernaculi
1339 3246 1474 3310 veri,
1523 3246 1665 3312 quod
1699 3246 1821 3298 ﬁxit
1869 3245 2148 3309 Dominus,
2185 3259 2240 3300 et

649 3351 757 3391 non
806 3337 971 3391 homo
1005 3338 1048 3390 ⁵.
1091 3355 1110 3386 ι
1166 3335 1336 3390 Vetus
1379 3335 1510 3389 illud
1561 3337 1974 3390 tabernaculum
2006 3352 2103 3405 per
2147 3352 2236 3390 sa-

650 3427 1052 3496 pientissimum
1099 3427 1320 3498 Moysen
1365 3429 1417 3482 iu
1443 3428 1660 3480 deserto
1709 3430 2100 3483 exaediﬁcatum
2133 3437 2237 3491 est,

651 3519 816 3588 idque
849 3520 916 3573 ad
955 3520 1186 3573 formam
1238 3523 1292 3574 in
1345 3532 1529 3575 lltOttle
1577 3522 1652 3575 illi
1693 3523 2140 3574 demonstratam.
2177 3520 2240 3573 Et

654 3614 874 3682 quidem
909 3611 1124 3667 Veteris
1157 3613 1489 3667 Testamenti
1537 3613 1913 3666 sacerdotibus
1960 3620 2078 3666 erat
2111 3611 2239 3665 illud

654 3704 1000 3773 aptissimum
1035 3721 1050 3759 :
1105 3714 1160 3758 at
1207 3707 1337 3759 vero
1376 3703 1745 3758 habitaculum
1793 3704 2013 3758 Christo
2043 3719 2241 3758 conve-

653 3797 813 3850 niens
847 3807 945 3851 cst-
975 3811 1208 3864 superna
1256 3798 1345 3851 illa
1390 3806 1730 3865 venustaque
1765 3799 1984 3859 civitas,
2022 3798 2125 3850 hoc
2160 3805 2246 3850 est

655 3890 877 3951 caelum,
910 3887 1150 3941 divinum
1187 3905 1319 3942 sane
1364 3906 1745 3959 summumque
1801 3890 2240 3953 tabernaculum,

657 3994 765 4033 non
811 3979 946 4034 artis
997 3981 1244 4034 humana:
1302 3982 1599 4044 inventum,
1648 3984 1741 4034 sed
1781 3993 2054 4045 sanctum,
2116 3993 2171 4034 et
2215 3998 2243 4034 a

656 4071 770 4126 Deo
810 4071 1204 4136 labrel’actum;
1260 4073 1311 4124 in
1355 4073 1499 4139 quod
1543 4072 1629 4125 ille
1683 4072 1885 4137 illatus,
1925 4089 2019 4127 eos
2056 4073 2146 4141 qui
2192 4074 2243 4125 in

657 4162 833 4231 ipsum
882 4160 1132 4224 credunt,
1181 4162 1780 4231 sauctiﬁcationemque
1833 4178 1926 4228 per
1980 4163 2245 4230 Spiritum

657 4253 938 4307 consecuti
977 4263 1122 4315 sunt,
1143 4251 1252 4306 Deo
1278 4253 1504 4307 etPatri
1535 4252 1715 4305 oﬁ'ert.
1751 4273 1769 4303 ι
1811 4253 2001 4318 Nemo,
2038 4256 2240 4323 inquit,

2339 3083 2430 3118 τον
2456 3067 2651 3136 ἔχομεν
2675 3067 2956 3138 ἀρχιερέα,
2986 3066 3043 3127 ὃς
3074 3063 3328 3117 ἐκάθισεν
3351 3065 3410 3115 ὲν
3441 3063 3606 3133 δεξιᾷ
3634 3064 3741 3115 τοῦ
3774 3064 3945 3132 deveu

2341 3155 2440 3223 τῆς
2470 3155 2862 3224 μεγαλωσύνης
2906 3155 2965 3205 ὲν
3010 3156 3124 3215 τοῖς
3153 3153 3428 3223 οὐρανοῖς,
3474 3152 3597 3203 τῶν
3636 3152 3819 3220 ἁγίων
3853 3152 3948 3201 λει-

2341 3244 2592 3315 τουργὸς,
2628 3247 2722 3298 καὶ
2756 3245 2856 3314 τῆς
2888 3245 3094 3315 σκηνῆς
3124 3244 3222 3314 τῆς
3246 3242 3554 3313 ἀληθινῆς,
3594 3243 3672 3312 ἣν
3708 3244 3900 3313 ἔπηξεν
3927 3245 3952 3292 ὁ

2343 3336 2570 3404 Κύριος,
2595 3336 2688 3388 καὶ
2715 3336 2812 3388 οὐκ
2833 3335 3140 3407 ἄνθρωπος.
3165 3354 3182 3385 ι
3206 3334 3518 3402 Ἐγήγερτο
3549 3335 3661 3404 μὲν
3695 3335 3838 3387 κατὰ
3863 3335 3949 3400 τὴν

2342 3427 2604 3496 ἕρημονὴ
2644 3428 2846 3497 ἀρχαία
2874 3429 3050 3496 σκηνὴ
3076 3427 3164 3480 διὰ
3186 3425 3280 3478 τού
3309 3426 3608 3492 πάνσοφον
3653 3428 3947 3487 Μωΰσέως.

2343 3519 2643 3588 πεποίηται.
2673 3520 2727 3570 δὲ
2759 3518 2904 3572 κατὰ
2933 3519 3025 3570 τὸν
3060 3518 3230 3570 τύπον
3257 3518 3352 3571 τὸν
3391 3518 3703 3588 δειχθέντα
3729 3517 3873 3586 αὐτῷ
3903 3521 3950 3567 ἐν

2343 3609 2422 3680 τῷ
2451 3604 2568 3680 ὄρει.
2592 3627 2607 3640 ·
2649 3612 2744 3663 καὶ
2783 3614 2893 3674 τοῖς
2926 3609 3026 3680 μὲν
3060 3609 3207 3677 κατὰ
3237 3609 3329 3662 τὸν
3361 3611 3535 3678 νόμον
3575 3610 3956 3680 ἱερατεύουαεν

2346 3703 2530 3771 ὲκείνη
2580 3704 3048 3774 πρεπωδεστάτη·
3099 3703 3426 3772 ἐνδιαίτημα
3482 3703 3545 3755 δὲ
3597 3704 3686 3770 τῷ
3743 3701 3951 3772 Χριττῷ

2348 3797 2559 3865 πρέπον
2588 3812 2647 3848 τε
2680 3795 2774 3848 καὶ
2805 3794 2980 3857 ἐοικὸς
3011 3797 3044 3864 ἡ
3079 3796 3188 3848 ἅνω
3229 3792 3580 3854 καλλίπολις,
3614 3793 3902 3844 τουτέστιν
3929 3793 3952 3840 ὁ

2347 3887 2598 3957 οὐρανὸς,
2632 3887 2665 3954 ή
2697 3886 2819 3938 θεία
2850 3903 2909 3938 τε
2951 3887 3042 3938 καὶ
3070 3886 3335 3937 ἀνωτάτω
3367 3883 3576 3953 σκηνὴ,
3606 3885 3712 3935 καί
3736 3886 3838 3934 οὐκ
3868 3884 3949 3932 ἀν-

2350 3978 2629 4047 θρωπίνης
2652 3976 2866 4046 εὕρεμα
2893 3976 3115 4046 τέχνης,
3150 3976 3264 4030 ἀλλ’
3297 3976 3420 4046 ἱερὰ
3455 3978 3556 4028 καὶ
3603 3976 3947 4033 θεοτευκτος.

2362 4069 2512 4121 Ἐκεῖ
2536 4067 2776 4135 γεγονὼς
2804 4068 3168 4137 προσκομίζει
3214 4066 3293 4136 τῷ
3336 4065 3456 4136 Θεῷ
3487 4069 3590 4119 καὶ
3621 4068 3809 4137 Πατρ“ι
3839 4067 3949 4124 τοὺς

2351 4160 2432 4219 εξς
2458 4158 2620 4210 αὐτὸν
2668 4156 3049 4220 πιστεύοντας,
3090 4157 3463 4226 ἡγιασμένους
3492 4155 3554 4207 δὲ
3588 4156 3848 4224 δηλονότι
3877 4153 3953 4206 διὰ

2350 4248 2445 4300 τοῦ
2483 4247 2826 4317 Πνεύματος.
2863 4267 2880 4297 ι
2920 4247 3110 4308 Οὐδεὶς
3153 4244 3265 4316 γάρ
3299 4245 3552 4313 ἔρχεται,
3603 4246 3787 4312 φησὶ,
3829 4242 3950 4308 πρὸς

657 4346 821 4398 venit
848 4344 914 4398 ad
953 4343 1190 4408 Patrem,
1234 4345 1337 4397 nisi
1382 4360 1480 4413 per
1511 4361 1594 4399 me
1625 4347 1667 4401 ⁸.
1709 4365 1727 4397 ι
1762 4346 2066 4400 Istiusmodi
2117 4361 2234 4415 ergo

2355 4341 2444 4392 τὸν
2476 4340 2696 4411 Πατέρα
2726 4380 2739 4403 ,
2775 4341 2822 4390 εἰ
2856 4339 2930 4408 μὴ
2959 4337 3025 4390 δι’
3073 4338 3228 4407 ἐμοῦ.
3269 4357 3287 4388 ›
3324 4338 3439 4389 Καὶ
3472 4328 3636 4397 οὗτος
3677 4335 3830 4402 αὐτῷ
3869 4333 3950 4401 τῆς

661 4434 806 4488 illius
831 4445 916 4488 est
945 4435 1329 4498 ministerium,
1355 4435 1420 4489 de
1449 4449 1557 4504 quo
1588 4436 1674 4489 hic
1705 4435 1934 4504 agimus.
1972 4434 2036 4489 Et
2063 4450 2250 4503 quam-

660 4527 744 4580 vis
776 4540 865 4581 res
902 4527 1014 4580 haec
1040 4526 1264 4592 nostris,
1297 4528 1400 4581 hoc
1430 4537 1534 4590 est,
1571 4529 1820 4580 humanis
1851 4526 2033 4580 verbis
2062 4527 2246 4594 expri-

668 4627 877 4682 matur,
914 4627 998 4671 est
1034 4626 1214 4672 tamen
1263 4619 1552 4672 admodum
1606 4619 1806 4672 dit-ina.
1835 4619 2052 4681 Annon,
2087 4620 2246 4671 obse-

663 4725 781 4776 cro,
823 4710 1069 4764 divinum
1111 4708 1366 4776 quiddam
1419 4720 1523 4775 eSI,
1549 4710 1831 4764 credentes
1861 4710 2082 4777 proprio
2124 4709 2249 4774 Spi-

666 4804 771 4856 ritu
818 4815 982 4869 posse
1029 4799 1406 4865 sanctiﬁcare;
1457 4799 1939 4867 misericordiaque
1980 4808 2034 4852 et
2077 4800 2252 4866 gratia

655 4892 1010 4960 justiﬁcatos,
1062 4893 1260 4944 mundo
1318 4900 1617 4953 emortuos,
1671 4889 1874 4957 Spiritu
1934 4889 2252 4952 viriﬁcatos,

670 4986 781 5036 vita
809 4983 1026 5037 tandem
1083 4997 1401 5050 morumque
1435 4983 1719 5037 honestate
1748 4984 2070 5049 conspicuos
2144 4982 2254 5036 Deo

668 5074 889 5137 otlerre,
943 5086 998 5127 et
1019 5078 1171 5143 quasi
1205 5075 1564 5128 consecrare?
1604 5075 1754 5139 Quod
1797 5086 1978 5127 autem
2006 5077 2023 5144 (
2052 5076 2258 5129 etiam-.

669 5169 716 5219 si
750 5167 1066 5220 ministrare
1112 5167 1363 5236 dicatur)
1405 5168 1566 5222 Patre
1608 5183 1783 5235 neque
1818 5169 1993 5222 mindr
2025 5170 2117 5230 sit,
2157 5183 2250 5222 ne-

671 5270 778 5327 que
817 5258 1003 5327 glorias
1035 5256 1178 5312 lilius
1209 5259 1313 5312 ulla
1344 5276 1408 5314 ex
1451 5268 1602 5327 parte
1636 5259 1815 5323 cedat,
1861 5260 1911 5311 id
1963 5262 2085 5313 inde
2112 5259 2256 5313 clare

675 5359 928 5405 constare
999 5358 1196 5418 potest,
1260 5351 1404 5420 quod
1457 5351 1648 5405 divinae
1703 5351 2001 5416 maiestatis
2057 5351 2253 5404 solium

748 5508 771 5540 ⁸
797 5507 988 5565 Matth.
1021 5524 1170 5572 χχιιι,
1199 5510 1285 5563 41.
1368 5509 1387 5540 ⁸
1415 5509 1578 5564 Hebr.
1607 5524 1705 5575 vn,
1732 5509 1825 5562 27.

1904 5510 1924 5540 '
1964 5509 2129 5566 Hebr.
2157 5525 2254 5564 vut

2265 5508 2448 5579 .1,2.

2359 4433 2551 4484 ἐνθάδε
2581 4433 2883 4501 λεγομένης
2918 4431 3263 4499 λειτουργίας
3297 4429 3325 4480 ὁ
3357 4428 3590 4496 τρόπος.
3641 4425 3949 4496 Θεοπρεττὲς

2358 4525 2414 4576 δὲ
2449 4525 2510 4576 τὸ
2539 4523 2756 4594 χρῆμα,
2801 4520 2902 4574 κᾶν
2931 4523 2980 4572 εἰ
3013 4523 3126 4583 τοῖς
3163 4518 3283 4572 καθ’
3316 4521 3489 4587 ἡμᾶς,
3522 4519 3706 4587 ἤγουν
3755 4517 3950 4584 ἀνθρω-

2362 4617 2535 4678 πίνοις
2572 4615 2893 4684 σημαίνοιτο
2921 4613 3123 4679 λόγοις.
3157 4612 3230 4663 Τὸ
3265 4610 3374 4679 γάρ
3410 4611 3676 4677 ἀγιάζειν
3707 4607 3952 4662 δύνασθαι

2360 4707 2438 4778 τῷ
2475 4707 2590 4776 ἰδίῳ
2619 4706 2902 4774 Πνεύματι
2943 4705 3072 4765 τοὺς
3121 4700 3486 4762 πιστεύοντας
3511 4742 3525 4762 ,
3560 4701 3708 4770 ἐλέῳ
3738 4702 3836 4753 καὶ
3873 4698 3953 4766 χά-

2365 4817 2473 4868 ριτι
2504 4797 2962 4866 δεδικαιωμένους
2989 4834 3004 4857 ,
3061 4795 3154 4847 καὶ
3188 4791 3298 4844 οἷον
3333 4793 3653 4860 ἱερουργεῖν
3704 4792 3787 4859 τῷ
3827 4788 3952 4853 Θεᾷ.

2362 4892 2556 4960 κόσμῳ
2587 4891 2685 4958 μὲν
2711 4889 3181 4958 ἀποθνήσκοντας,
3200 4885 3466 4949 ζωοποιου
3479 4883 3686 4953 μένους
3716 4884 3774 4935 δὲ
3795 4881 3952 4937 Husc-

2369 4999 2519 5050 ματι,
2563 4980 2657 5032 καὶ
2684 4981 2764 5040 εἰς
2790 4979 3082 5046 εὐδόκιμον
3113 4974 3333 5044 ἀληθῶς
3358 4975 3806 5044 ἀναλάμποντας
3833 4973 3953 5041 βίον.

2362 5072 2480 5134 πῶς
2507 5073 2609 5124 οὐκ
2635 5070 2702 5125 ἂν
2730 5069 2815 5140 εἴη
2845 5067 3182 5139 θεοπρεπές;
3214 5068 3339 5121 Ὅτι
3360 5066 3440 5130 δὲ,
3463 5066 3648 5119 καίτοι
3675 5066 3952 5133 λεγόμενος

2361 5166 2720 5234 λειτουργεῖν,
2773 5162 2834 5214 οὐ
2888 5164 3058 5230 μείων
3101 5161 3220 5212 ἐστὶ
3267 5158 3361 5212 τοῦ
3398 5158 3644 5236 Πατρὸς,
3694 5158 3821 5210 οὗτε
3865 5155 3952 5222 μέτε

2365 5259 2592 5311 κατόπιν
2620 5257 2841 5326 ἔρχεται
2883 5256 2982 5324 τῆς
3017 5253 3244 5323 ἐνούσης
3269 5251 3525 5314 εὐκλείας
3581 5250 3759 5320 αὐτῷ,
3801 5263 3952 5316 :90:-

2366 5348 2750 5402 αποδείκνυσιν
2786 5345 3031 5416 ἐναργῶς
3062 5345 3124 5398 τὸ
3151 5347 3264 5407 τοῖς
3317 5343 3486 5405 (istos;
3530 5343 3700 5395 αὑτὸν
3752 5339 3954 5407 ἔπερ,

2561 5508 2581 5539 ⁸
2615 5507 2769 5563 Joan.
2803 5523 2913 5574 x-tv,
2945 5506 2996 5561 G.

1767 5644 1939 5699 Variae
1963 5645 2224 5702 lectiones
2252 5646 2450 5702 codicis
2478 5643 2812 5715 Seguieriani

759 5783 785 5830 θ
809 5783 1244 5860 ἱερουργούντας,
1288 5779 1417 5846 [vel]
1449 5782 1816 5850 ἱερατουντας,
1899 5789 1923 5820 9
1955 5779 2100 5840 Υἱός.
