4042 6458
120 349 258 406 1597

933 351 1024 406 AD
1067 352 1369 411 llEClNAS
1408 355 1495 410 DE
1536 355 1764 412 RECTA
1804 354 1962 410 FIDE
2002 353 2263 411 ORATIO
2304 352 2602 410 ALTERA.

3247 344 3385 403 1398

118 469 248 525 σθαι
277 469 474 534 θώκοις
499 510 514 535 ,
547 473 640 526 καὶ
673 473 731 526 ὲν
757 473 906 544 δεξιᾷ
937 476 1213 546 καθῆσθαι
1243 477 1334 530 τοῦ
1363 479 1402 530 Γ
1405 478 1696 548 εγεννηκόο

1804 478 2062 542 obtineat,
2113 488 2276 547 atque
2339 477 2476 531 adeo
2519 474 2620 545 ipsi
2661 472 2806 528 Patri
2854 472 3074 526 dextera
3123 466 3378 522 assideat.

115 581 230 626 τος.
269 563 330 615 Εἰ
364 564 471 634 γάρ
510 566 657 618 ἐστιν
692 565 910 636 ἀληθὲς,
963 569 1044 622 ὅτι
1087 571 1196 633 πᾶς
1247 570 1424 637 ἱερεὺς
1465 571 1697 640 ἕστηκεν

116 654 204 705 ἀεὶ
257 653 605 725 λειτουργῶν,
648 658 742 711 καὶ
779 659 882 712 οὐκ
926 659 993 712 ἂν
1039 662 1211 713 νοοίτό
1262 679 1391 714 ποτε
1440 662 1698 731 σύνεδρός

114 761 171 795 τε
205 745 304 797 καὶ
340 746 586 818 ίσοκλεὴς
620 741 772 820 ᾧπερ
800 748 865 803 ἂν
894 750 1212 822 λατρεύσεις.
1244 752 1385 822 Θεῷ,
1441 753 1559 816 πῶς
1597 753 1699 806 οὐκ

116 836 409 908 ἀσυνήθης
455 838 739 910 ἱερουργὺς
772 842 800 893 ὁ
839 843 1097 910 Χριστὸς,
1133 845 1161 896 ὁ
1205 845 1298 897 καὶ
1350 847 1406 896 ὲν
1445 848 1559 900 τοῖς
1599 845 1700 914 τῆς

118 928 377 997 θεότητος
441 929 639 995 θώκοις
690 932 766 995 ὡς
819 933 990 996 Θεὸς,
1057 937 1150 988 καὶ
1204 937 1535 1009 λειτουργῶν
1604 939 1698 990 ἀνα

117 1020 446 1090 θρωπίνως;
481 1024 544 1076 El
575 1023 630 1077 δὲ
660 1023 722 1094 δή
749 1041 833 1088 τις
862 1025 1009 1094 λέγοι
1056 1028 1411 1096 συκοφαντῶν
1439 1028 1537 1099 τὴν
1569 1029 1700 1099 ἀλή-

117 1109 174 1163 θε
186 1129 296 1177 ιαν,
321 1113 403 1164 ὅτι
426 1114 534 1166 Nai
556 1114 850 1168 κεκάθικεν
878 1118 936 1169 ὲν
963 1117 1115 1188 δεξιᾷ
1137 1117 1231 1171 τοῦ
1264 1120 1478 1190 Πατρὸς
1515 1120 1698 1183 ίδικῶς

116 1204 409 1275 ἄνθρωπος
454 1207 802 1277 συνημμένος
832 1208 908 1278 τῷ
938 1209 1055 1278 Θεῷ
1086 1211 1226 1263 κατά
1261 1214 1428 1280 μόνην
1460 1211 1558 1282 τὴν
1587 1213 1698 1264 ἰσό-

115 1314 262 1364 τητα
289 1299 382 1368 τῆς
412 1298 566 1362 ἀξίας
590 1315 603 1329 ⁸
645 1301 828 1353 οὐκέτι
871 1303 1036 1372 μόνης
1071 1299 1210 1356 εἷναί
1242 1322 1374 1373 φησι
1402 1307 1500 1375 τῆς
1540 1305 1699 1373 ἁγίας

119 1385 356 1454 Τριῶος
403 1388 494 1440 τὸν
559 1388 820 1443 ἀνωτάτω
873 1391 968 1444 καὶ
1026 1395 1164 1465 μόνῃ
1216 1395 1353 1465 αὐτῇ
1422 1397 1701 1466 πρέποντα

115 1480 332 1550 θρόνον,
360 1481 475 1532 ἀλλ’
501 1481 599 1551 ήδη
633 1499 715 1545 τις
747 1484 881 1553 ἡμῖν
909 1485 1168 1556 τέταρτος
1196 1488 1397 1552 ούτοσὶ,
1448 1491 1700 1559 πρόσφα-

114 1571 211 1635 τός
259 1590 317 1625 τε
357 1573 451 1624 καὶ
482 1575 707 1640 γενητὸς
759 1577 1168 1648 ὲπεισκρίνεται
1221 1582 1374 1644 Θεὸς,
1427 1583 1564 1652 μετά
1604 1583 1704 1655 τὴν

115 1663 406 1732 ὁμοούσιον
437 1663 529 1715 καὶ
563 1664 725 1731 άγίαν
753 1666 980 1737 Τριάδα.

1803 567 1859 623 Si
1915 571 2059 623 enim
2107 583 2292 622 vermu
2356 574 2439 620 est
2491 578 2705 618 onmem
2756 562 2978 618 omnino
3045 559 3380 614 sacerdotem

1801 668 1968 724 Stare,
2013 668 2072 712 ut
2113 655 2442 712 sacriﬁcium
2482 653 2672 709 oﬁ‘erat
2699 653 2750 719 7;
2796 665 2968 721 neque
3019 649 3259 704 assidere
3289 656 3384 699 aut

1801 751 1952 821 paris
1979 765 2212 818 unquam
2245 748 2428 818 gloria:
2455 762 2576 802 cum
2610 746 2744 810 Deo,
2773 745 2857 799 cui
2889 742 3178 805 sacriﬁcat,
3221 738 3382 792 intel-

1803 846 1892 913 ligi
1937 853 2106 912 potest
2136 860 2150 896 :
2183 856 2292 912 quo
2341 849 2498 909 pacto
2528 837 2778 892 Christus
2812 850 2953 890 novo
3005 833 3161 886 modo
3191 844 3379 885 sacer-

1803 935 1950 987 dotio
1995 949 2099 987 non
2154 932 2411 1002 ταμιείων,
2452 930 2543 999 ιιιιί
2587 929 2658 982 ita
2690 940 2747 982 ut
2791 927 2955 981 homo
2983 923 3274 983 ministrat.
3325 929 3384 971 ut.

1803 1037 1983 1081 tamen
2017 1026 2069 1080 in
2116 1025 2419 1080 divinitatis
2452 1022 2600 1078 soliis
2639 1018 2965 1076 consideat?
2998 1016 3149 1083 Quod
3179 1015 3222 1070 si
3259 1013 3384 1084 quis

1803 1121 2085 1190 improbus
2124 1117 2383 1172 adversus
2418 1115 2704 1170 veritatem
2738 1110 3071 1184 sycophanta
3108 1107 3382 1163 hominem

1802 1213 2098 1267 secundum
2151 1210 2322 1265 solam
2364 1207 2642 1279 dignitatis
2675 1205 3042 1275 aequalitatem
3091 1202 3199 1256 Deo
3246 1215 3383 1255 con-

1798 1303 2070 1370 junctum,
2105 1302 2171 1354 ad
2205 1299 2381 1354 Patris
2423 1300 2699 1354 dexteram
2733 1295 3016 1350 considere
3063 1291 3379 1353 contendat,

1805 1396 1850 1447 is
1879 1408 2010 1447 sane
2045 1403 2275 1453 asseret.
2316 1407 2421 1445 non
2471 1390 2703 1457 amplius
2742 1389 2908 1442 solius
2948 1391 3150 1440 sancta:
3195 1380 3382 1435 Trini-

1808 1485 1933 1538 tatis
1954 1499 2076 1538 esse
2099 1499 2408 1550 supremmn
2435 1483 2603 1539 illum.
2623 1491 2786 1549 atque
2811 1479 2909 1547 ipsi
2929 1475 3028 1531 soli
3053 1475 3385 1530 convenien-

1808 1587 1912 1632 tem
1938 1576 2098 1646 166
2133 1576 2409 1629 thronum.
2433 1575 2543 1628 Sed
2562 1573 2672 1641 jam
2707 1581 2934 1641 quartus
2961 1568 3182 1638 quidam
3201 1565 3386 1630 nobis,

1808 1682 1994 1723 recens
2024 1665 2280 1721 et’factus
2315 1664 2676 1719 introducitur
2726 1663 2885 1725 Deus,
2919 1670 3115 1733 praeter
3147 1657 3386 1715 consub—

1808 1757 2116 1815 stantialem
2141 1766 2196 1812 et
2224 1765 2470 1811 sanctam
2499 1753 2846 1809 Trinitatem.

187 1841 327 1895 ME'.
373 1859 391 1892 ι
425 1841 660 1911 Χριστὸς
685 1843 740 1895 δὲ
779 1847 1223 1917 παραγενόμενος
1259 1851 1552 1919 ἀρχιερεὺς
1589 1852 1698 1906 τῶν

1879 1849 2039 1907 XLV.
2090 1867 2108 1900 ι
2143 1848 2390 1904 Christus
2427 1856 2606 1901 autem
2663 1846 2925 1899 assistens
2973 1840 3208 1913 pontifex
3244 1833 3388 1894 futu-

117 1931 428 1997 μελλόντων
460 1931 701 1998 ἀγαθῶν,
733 1933 820 1986 διά
848 1936 945 2004 τῆς
979 1937 1226 2005 μείζονος
1243 1941 1336 1992 καὶ
1357 1941 1698 2013 τελειοτέρας

113 2025 362 2090 σκηνῆς,
410 2024 470 2076 οὐ
510 2025 916 2093 χειροποιήτου,
949 2029 1227 2082 τουτέστιν
1262 2033 1324 2083 οὐ
1359 2033 1561 2103 ταύτης
1599 2033 1700 2103 τῆς

112 2115 375 2177 κτίσεως,
422 2115 544 2168 οὐδὲ
587 2116 654 2168 δι’
695 2117 932 2186 αἵματος
966 2119 1188 2190 τράγων
1223 2123 1314 2175 κατι
1346 2123 1584 2194 μόσχων,
1610 2125 1698 2178 διὰ

108 2206 172 2260 δὲ
212 2205 309 2257 τοῦ
341 2207 472 2259 ίδίου
505 2208 738 2276 αἵματος
768 2210 1018 2279 εἰσῆλθεν
1057 2213 1279 2281 ἐφάπαξ
1320 2217 1399 2279 είς
1440 2216 1509 2269 τά
1541 2217 1694 2285 ἅγια,

109 2297 343 2348 αἰωνίαν
377 2297 644 2366 λύτρωσιν
688 2299 1008 2371 εὑράμενος.
1053 2323 1072 2354 ι
1114 2304 1246 2357 Τίνα
1278 2305 1336 2357 δὲ
1377 2308 1577 2376 τρόπον
1610 2308 1698 2362 διὰ

109 2387 214 2454 τῆς
277 2387 522 2455 μείζονος
558 2390 655 2442 καὶ
703 2391 1048 2464 τελειοτέρας
1084 2396 1288 2466 σκηνῆς
1338 2397 1563 2465 γέγονεν
1611 2401 1696 2469 ἐφ’

110 2480 268 2546 ἡμᾶς
310 2480 339 2530 ὁ
387 2479 589 2551 Κύριος
635 2482 793 2553 ἡμῶν
851 2484 1057 2554 Ἰησοῦς
1106 2487 1340 2557 Χριστὸς
1383 2491 1695 2563 ἀρχιερεὺς,

108 2570 514 2641 προαπέδειξεν
563 2575 694 2644 ἡμῖν
752 2576 953 2644 ἀρτίως
1000 2578 1028 2629 ό
1075 2577 1257 2646 λόγος.
1315 2581 1436 2634 Ὅτι
1492 2581 1549 2636 δὲ
1601 2583 1700 2654 τῆς

111 2663 435 2734 ἱερουργίας
465 2665 493 2715 ὁ
524 2666 726 2734 τρόπος
745 2667 918 2737 αύτῷ,
953 2669 1048 2720 καὶ
1083 2669 1324 2738 ἀμείνων
1354 2673 1699 2744 ἀσυγκρίτως

105 2753 214 2822 τῆς
253 2754 395 2806 κατὰ
429 2755 519 2806 τὸν
553 2755 738 2824 νόμον,
797 2759 894 2808 καὶ
949 2759 1084 2812 πολὺ
1133 2760 1253 2814 λίαν
1303 2764 1699 2834 ὑπερκείμενος

105 2845 226 2898 τῶν
260 2845 335 2909 ὡς
374 2847 431 2899 ὲν
475 2846 629 2916 τύπῳ
664 2848 759 2900 καὶ
810 2851 937 2918 σκιᾷ
985 2851 1102 2920 (καὶ
1146 2855 1254 2923 γάρ
1294 2856 1441 2907 ἐστιν
1475 2856 1635 2919 αὐτὸς
1664 2860 1697 2927 ὴ

105 2934 347 3003 ἀλήθεια
382 2936 476 2988 καὶ
512 2935 571 2988 τὸ
601 2935 832 3005 ἄμωμον
868 2938 1109 3007 ἱερεῖον),
1151 2943 1474 2996 ἐνδοιάσειεν
1504 2944 1570 2997 ἂν
1604 2946 1699 2998 ού-

103 3023 249 3087 δείς.
305 3025 580 3096 Ἐπιτήρει
636 3025 724 3090 δὲ,
787 3028 936 3092 ὅπως
977 3049 994 3080 ι
1058 3031 1116 3083 'O
1163 3031 1491 3100 ἀξιάγαστος
1539 3035 1698 3104 ἡμῶν

106 3116 436 3186 ἀρχιερεὺς,
470 3115 528 3179 ὃς
567 3116 819 3171 ἐκάθισεν
849 3121 906 3171 ὲν
939 3119 1088 3192 δεξιᾷ
1116 3122 1210 3175 τοῦ
1252 3122 1445 3194 θρόνου
1473 3124 1572 3195 τῆς
1606 3142 1700 3196 με·

106 3207 442 3279 γαλωσύνης
476 3209 534 3261 ὲν
568 3211 681 3272 τοῖς
719 3211 988 3280 οὐρανοῖς,
1030 3214 1119 3268 διὰ
1162 3216 1256 3269 τοῦ
1299 3217 1431 3270 ἰδίου
1472 3217 1702 3288 αἵματος

105 3298 373 3365 εἰσῆλθεν
407 3299 624 3367 ἐφάπαξ
671 3303 750 3369 εἰς
796 3303 864 3356 τά
893 3302 1045 3372 ἅγια,
1091 3307 1360 3377 λύτρωσιν
1395 3311 1704 3382 εὑράμενος

105 3390 370 3444 αἰωνίαν.
414 3409 432 3441 ι
470 3390 594 3454 Πῶς
621 3387 714 3446 οὖν
747 3395 775 3446 ό
804 3397 862 3447 ὲν
892 3394 1042 3468 δεξιᾷ
1071 3400 1162 3454 τοῦ
1191 3401 1404 3472 Πατρὸς
1443 3405 1520 3466 ὡς
1549 3403 1700 3468 Θεὸς,

109 3482 252 3535 ἰδιον
288 3481 431 3552 ἔχειν
464 3477 602 3553 αἷμα
637 3484 834 3553 λέγοιτ’
888 3488 976 3552 ἂν,
1012 3492 1060 3542 εί
1112 3492 1187 3564 μὴ
1231 3495 1700 3567 πεπιστεύκαμεν,

105 3575 200 3629 ὅτι
231 3575 262 3626 ὁ
291 3573 354 3626 ὲκ
383 3574 518 3628 Θεοῦ
551 3578 765 3648 Πατρὸς
795 3580 937 3638 κατὰ
976 3583 1138 3651 φύσιν
1166 3585 1292 3650 Υἱὸς
1323 3588 1702 3658 κεχρημάτικε

105 3667 215 3719 καὶ
250 3665 379 3730 Υἱὸς
402 3667 714 3739 ἀνθρώπου,
748 3673 842 3726 καὶ
872 3673 933 3726 τὸ
968 3674 1096 3728 ι’διον
1136 3671 1275 3748 αἷμα
1313 3679 1411 3749 τῆς
1445 3681 1703 3736 ἀπάντων

105 3758 270 3827 ζωῆς
305 3758 661 3830 ἀντάλλαγμα
705 3761 850 3826 δοὺς,
895 3764 1100 3836 ταύτην
1144 3768 1346 3840 εὕρατο
1389 3769 1468 3842 τῷ
1510 3773 1702 3844 κόσμῳ

102 3851 214 3921 τὴν
246 3850 329 3913 εἰς
376 3851 551 3906 αἰῶνα
580 3852 877 3925 λύτρωσιν;
925 3858 999 3910 Ού
1029 3859 1139 3930 γάρ
1178 3878 1280 3914 που
1315 3862 1448 3933 φαίη
1480 3880 1563 3928 τις
1610 3865 1699 3931 ἂν,

101 3943 188 4005 ὡς
223 3937 296 4013 ἦν
326 3942 620 3998 ἀκόλουθόν
660 3963 719 3998 τε
750 3948 844 3999 καλ⁸
879 3949 1111 4019 πρέπον,
1169 3953 1419 4026 καθάπερ
1464 3957 1523 4010 ὲν
1553 3959 1701 4024 τάξει

102 4035 226 4088 τῶν
258 4034 468 4104 ἀλόγων
495 4036 649 4100 ζώων
678 4039 978 4106 σφάζεσθαι
1012 4043 1332 4110 πλειστάκις
1361 4048 1453 4101 τὸν
1491 4050 1700 4122 Ἐμμα-

102 4126 304 4196 νουήλ,
357 4128 708 4200 ἀποχρῶντος
755 4131 836 4194 εἰς
888 4131 1158 4203 λύτρωσιν
1208 4136 1311 4205 τῆς
1356 4138 1448 4192 ὑπ’
1473 4143 1701 4211 οὐρανὸν

101 4221 210 4275 τοῦ
248 4220 341 4273 καὶ
367 4219 514 4285 ἅπαξ
534 4222 725 4273 παθεῖν
747 4221 931 4277 αὐτόν.
959 4225 1019 4278 El
1045 4226 1120 4290 δὲ,
1156 4229 1299 4281 καθὰ
1322 4235 1700 4304 πεφρονήκασί

101 4330 288 4374 τινες,
323 4311 610 4384 ἄνθρωπος
651 4307 720 4382 ἦν
767 4314 972 4380 ίδικῶς,
1003 4319 1210 4389 ἰσότητι
1243 4321 1341 4391 μὲν
1387 4323 1488 4393 τῆς
1519 4327 1696 4393 ἀξίας,

101 4406 289 4473 ἤγουν
336 4403 644 4468 αὑθεντίας,
703 4408 1055 4478 συνημμένος
1089 4409 1230 4482 Θεῷ,
1275 4413 1608 4486 διῃρημένος
1641 4418 1698 4471 δὲ

1810 1959 1992 2000 rorum
2027 1944 2290 1998 bonorum
2313 1980 2329 2007 ,
2385 1954 2480 2008 per
2509 1938 2741 2008 amplius
2774 1946 2828 1991 et
2888 1935 3181 2005 perfectius
3215 1933 3390 1990 taber-

1811 2035 2058 2090 naculum
2099 2048 2204 2088 non
2239 2031 2602 2086 manufactum
2625 2070 2641 2096 ,
2678 2029 2729 2083 id
2761 2039 2878 2092 est,
2914 2043 3017 2081 non
3049 2026 3206 2095 hujus
3233 2040 3390 2080 crea-

1809 2127 2012 2192 tionis;
2053 2140 2226 2194 neque
2260 2139 2356 2192 per
2406 2122 2728 2192 sanguinem
2786 2119 3058 2174 hircorum
3099 2127 3154 2172 et
3194 2116 3388 2171 vitulo.

1810 2234 1925 2272 rum
1953 2259 1968 2283 ,
1999 2217 2092 2271 sed
2127 2222 2223 2286 per
2253 2215 2530 2285 proprium
2569 2210 2886 2282 sanguinem
2933 2208 3180 2266 introivit
3218 2205 3390 2264 semel

1809 2311 1862 2365 in
1930 2318 2116 2363 sancta
2146 2346 2160 2371 ,
2194 2315 2394 2361 aeterna
2455 2304 2828 2373 redemptione
2878 2301 3095 2356 inventa
3116 2301 3160 2354 ⁸.
3197 2317 3216 2352 ι
3269 2297 3388 2366 Qua

1810 2403 2018 2457 ratione
2066 2397 2324 2453 Dominus
2372 2404 2555 2451 noster
2605 2393 2764 2450 Jesus
2793 2393 3040 2450 Christus
3071 2407 3167 2463 per
3216 2391 3390 2461 maius

1807 2505 1862 2550 et
1907 2490 2202 2564 perfectius
2280 2485 2682 2544 tabernaculum
2759 2485 3032 2554 ingressus
3063 2523 3080 2549 ,
3144 2481 3389 2555 pontifex

1809 2594 1993 2638 noster
2015 2579 2278 2636 exstiterit
2304 2620 2320 2645 ,
2350 2578 2510 2632 verba
2543 2575 2701 2631 modo
2726 2575 2947 2629 recitata
2982 2573 3201 2642 planum
3231 2570 3388 2626 nobis

1812 2675 2034 2728 faciunt.
2083 2671 2233 2737 Quod
2293 2679 2473 2722 autem
2527 2665 2816 2720 sacerdotii
2872 2664 3015 2718 illius
3046 2664 3180 2719 ritus
3225 2663 3386 2733 legali

1808 2763 2113 2821 sacerdotio
2144 2762 2365 2815 omnino
2399 2755 2740 2827 praestiterit,
2774 2755 3174 2824 plurimumque
3205 2770 3267 2809 ea
3289 2769 3387 2808 ex-

1807 2852 2054 2907 celluerit
2103 2864 2223 2918 quae
2271 2857 2475 2901 tantum
2532 2847 2584 2899 in
2617 2843 2807 2899 umbra
2857 2851 2911 2900 et
2969 2844 3137 2914 ﬁgura
3167 2844 3388 2900 contin-

1808 2941 2005 3012 gebant
2048 2941 2203 3010 (ipse
2236 2937 2380 2993 enim
2439 2951 2534 3006 per
2584 2951 2644 2992 se
2682 2951 2810 2993 vera
2861 2935 2952 2990 illa
3006 2945 3059 2992 et
3108 2934 3387 3005 impolluta

1808 3035 1984 3090 hostia
2013 3031 2291 3100 exstitit),
2323 3044 2482 3084 nemo
2510 3068 2526 3093 ,
2572 3031 2803 3098 opinor,
2839 3028 3048 3084 inﬁcias
3079 3028 3254 3083 iverit.
3284 3027 3391 3084 0b-

1807 3141 1960 3181 scrva
1996 3125 2083 3178 hic
2119 3133 2303 3177 autem
2358 3120 2676 3191 praeclarum
2732 3118 2880 3172 illum
2917 3128 2970 3172 et
3007 3117 3383 3172 admirabilem

1811 3239 1829 3274 ι
1876 3217 2193 3274 Pontiﬁeem
2243 3226 2488 3271 nostrum
2517 3253 2532 3278 ,
2568 3211 2741 3280 quiin
2791 3211 3013 3267 dextera
3066 3209 3244 3264 throni
3275 3223 3388 3262 ma-

1797 3311 2014 3380 jeStatis
2046 3310 2136 3364 Dei
2165 3311 2315 3363 sedet
2351 3307 2406 3360 in
2447 3305 2785 3370 cmlestihus,
2828 3319 2925 3374 per
2955 3302 3229 3372 proprium
3259 3317 3387 3356 sau-

1801 3404 2019 3474 guinem
2070 3399 2236 3455 semel
2292 3407 2502 3453 tantum
2554 3397 2605 3451 in
2641 3407 2828 3449 sancta
2877 3395 3130 3448 introisse
3163 3433 3178 3457 ,
3230 3403 3389 3448 aeter-

1803 3510 2040 3564 namque
2087 3492 2512 3560 redemptionem
2549 3488 2839 3542 invenisse.
2876 3504 2895 3537 ι
2937 3488 3004 3540 At
3028 3485 3298 3554 quomodo
3320 3484 3386 3544 is,

1802 3585 1890 3653 qui
1930 3591 1989 3637 ut
2047 3581 2186 3636 Deus
2235 3579 2345 3635 Deo
2391 3577 2538 3633 Patri
2568 3576 2622 3632 in
2687 3577 2908 3633 dextera
2967 3576 3210 3640 assidet,
3263 3589 3389 3643 pro-

1802 3677 1977 3745 prium
2006 3671 2328 3743 sanguinem
2377 3671 2576 3726 habere
2611 3677 2758 3725 recte
2803 3670 2906 3725 dici
2962 3677 3174 3736 potest,
3207 3667 3254 3723 si
3299 3681 3390 3720 na-

1803 3766 2030 3822 turalem
2087 3763 2183 3822 Dei
2221 3762 2438 3826 Filium,
2472 3761 2706 3817 hominis
2756 3773 2975 3830 quoque
3019 3757 3187 3814 ﬁlium
3217 3759 3389 3812 exsti-

1805 3859 1934 3914 tisse
1963 3899 1980 3924 ,
2029 3855 2419 3927 propriumque
2459 3851 2778 3921 sanguinem
2821 3851 3052 3921 pretium
3083 3864 3180 3919 pro
3205 3850 3390 3904 omni-

1803 3949 1901 4003 bus
1937 3945 2298 4015 impendisse,
2343 3951 2400 3998 et
2460 3950 2716 3997 aeternam
2774 3942 2876 3996 hac
2937 3940 3146 3995 ratione
3188 3939 3390 3994 mundo

1802 4040 2030 4094 salutem
2068 4038 2366 4109 reperisse,
2416 4045 2566 4091 certo
2599 4043 2918 4104 persuasum
2977 4048 3081 4088 non
3119 4031 3389 4088 habueri-

1803 4131 1962 4186 mus?
2019 4129 2206 4200 Neque
2251 4128 2395 4183 enim
2440 4128 2638 4183 dixerit
2683 4126 2947 4197 quispiam
3027 4125 3276 4180 decuisse
3330 4135 3392 4177 ut

1803 4222 2142 4287 Emmanuel,
2182 4230 2435 4291 tanquam
2506 4234 2670 4290 pecus
2739 4218 2985 4286 aliquod,
3019 4218 3220 4286 saepius
3273 4231 3388 4270 ma-

1802 4325 2085 4380 ctaretur;
2121 4315 2319 4386 quippe
2353 4327 2476 4364 cum
2517 4313 2582 4365 ad
2616 4320 2782 4364 totum
2817 4308 3006 4362 orbem
3044 4307 3385 4362 liberandqu

1802 4405 1883 4461 vel
1919 4405 2088 4460 semel
2122 4406 2298 4474 ipsqu
2339 4413 2566 4457 mortem
2623 4399 2858 4455 subiisse
2895 4397 3111 4456 abunde
3141 4408 3228 4456 sat
3258 4398 3383 4455 fue-

101 4495 238 4549 καθ⁹
276 4493 595 4560 ὑπόστασιν,
625 4498 719 4549 καὶ
747 4498 851 4551 ἀνά
899 4499 1064 4571 μέρος
1091 4498 1232 4556 εἶναι
1269 4508 1693 4578 πιστευόμενος,
1731 4523 1774 4576 ι)
1803 4499 1894 4554 τίῑ·
1953 4496 2106 4563 Ουοά
2163 4495 2208 4552 εί
2235 4535 2250 4561 ν
2302 4502 2363 4546 υι
2415 4491 2656 4548 nonnum
2730 4492 3006 4559 εθηῐίυηίς
3048 4508 3218 4564 Purus
3289 4507 3388 4563 Per

97 4585 214 4639 οὐκ
247 4579 318 4653 ἦν
358 4583 488 4636 ἴδιον
522 4579 660 4656 αἷμα
706 4587 801 4642 τοῦ
847 4591 1256 4662 συνεδρεύοντος
1295 4595 1374 4665 τῷ
1422 4598 1598 4670 ﬂat-pl
1638 4598 1699 4651 τὺ

98 4680 194 4740 εἰς
224 4674 500 4747 λύτρωσιν
533 4677 628 4732 τοῦ
665 4681 874 4752 κόσμου
916 4684 1088 4750 δοθὲν,
1123 4685 1237 4738 ἀλλ’
1269 4686 1458 4757 ἐτέρου
1495 4689 1695 4757 μᾶλλον

101 4767 380 4838 σχετικὴν
405 4766 620 4838 ἔχοντος
645 4771 782 4840 πρὸς
806 4772 967 4826 αὑτὸν
996 4774 1094 4842 τὴν
1139 4775 1455 4842 συνάφειαν.
1486 4775 1694 4841 ’Ὠσπερ

100 4858 223 4928 γὰρ
263 4857 357 4911 δύο
386 4861 528 4923 τινες
558 4862 816 4931 ἄρχοντες
858 4866 922 4933 τῇ
959 4864 1070 4915 τῶν
1111 4864 1439 4934 ἀξιωμάτων
1489 4864 1694 4932 ἰσότητι

99 4947 235 5001 κατ’
261 4947 412 5002 οὐδὲν
436 4950 677 5021 ἀλλήλων
695 4950 1062 5019 διενεγκόντες
1097 4951 1252 5015 ὅλως,
1275 4952 1370 5022 οὐχ
1398 4946 1478 5015 εἷς
1510 4953 1694 5004 νοοῦν-

96 5056 197 5092 ταν
231 5043 250 5081 τ
289 5040 667 5108 μᾶλλον,ἁλλά
682 5043 774 5096 δύο
805 5043 944 5097 κατὰ
966 5043 1024 5095 τὸ
1054 5043 1270 5114 ἀληθές·
1304 5042 1446 5096 οὕτω
1475 5044 1534 5096 τὸ
1565 5062 1694 5097 συν-

104 5128 366 5197 ημμένον
403 5132 509 5184 τινὶ
553 5136 693 5188 κατὰ
725 5134 823 5206 τὴν
852 5134 1028 5201 ἀξίαν,
1071 5133 1413 5206 διῃρημένων
1442 5135 1549 5187 τῶν
1596 5134 1695 5204 :96-

102 5235 280 5274 σίων,
321 5219 488 5288 ἤγουν
520 5224 890 5293 ὑποστάσεων,
922 5227 1020 5296 οὐχ
1044 5219 1123 5288 εἷς
1151 5220 1260 5275 εἷεν
1289 5225 1374 5289 ἂν,
1407 5225 1542 5278 ἀλλὰ
1564 5226 1655 5281 δύο
1679 5246 1691 5258 ·

100 5310 208 5362 καὶ
243 5307 304 5361 τὸ
333 5309 451 5376 ἑνὸς
491 5309 632 5383 αἷμα
681 5317 841 5386 τυχὸν
880 5319 1042 5373 αὑτοῦ
1072 5317 1135 5388 δὴ
1179 5316 1395 5381 πάντως
1426 5320 1559 5388 ἐστὶ,
1605 5324 1695 5376 καὶ

186 5463 208 5492 ’ί
242 5463 410 5520 llcbr.
447 5469 638 5529 vm,3.
720 5473 739 5498 ’³
769 5471 929 5528 llcbr.
970 5492 1042 5541 ιι,
1081 5476 1159 5538 Η,
1200 5474 1279 5527 12.

1807 4605 1866 4643 se
1901 4598 2106 4641 tantum
2145 4586 2306 4639 homo
2338 4595 2455 4639 erat
2484 4624 2499 4650 ,
2551 4585 2659 4640 Deo
2712 4586 2930 4655 quidem
2977 4586 3275 4641 sccumlum
3304 4585 3388 4638 di-

1805 4677 2023 4745 gnitatis
2077 4675 2163 4729 vel
2213 4675 2551 4730 auctoritatis
2606 4675 2965 4747 tequalitatem
3025 4675 3385 4743 conjunctus,

1798 4768 2096 4823 secundum
2148 4768 2482 4839 hypostasim
2520 4783 2648 4824 vero
2704 4768 2772 4824 ab
2812 4769 2998 4824 eodem
3074 4767 3383 4833 sejunctus,

1800 4870 1853 4915 et
1914 4877 2159 4917 seorsum
2220 4877 2316 4932 per
2379 4877 2439 4918 se
2491 4864 2745 4933 positus;
2798 4858 3037 4929 profecto
3110 4858 3332 4929 sanguis
3367 4897 3384 4922 ,

1799 4956 1891 5026 qui
1950 4957 2004 5010 in
2056 4956 2242 5012 mundi
2271 4956 2696 5024 redemptionem
2747 4950 2948 5007 ell‘usus
2995 4960 3100 5018 est,
3133 4966 3240 5006 non
3267 4961 3386 5004 erat

1800 5047 1943 5103 illius
1988 5047 2081 5116 qui
2130 5047 2196 5102 ad
2225 5047 2501 5101 dexteram
2540 5043 2633 5098 Dei
2667 5041 2845 5098 Patris
2885 5042 3071 5109 sedet,
3117 5043 3213 5097 sed
3253 5040 3386 5096 alte-

1805 5139 1918 5194 rius
1984 5137 2326 5209 cujuspiam,
2375 5135 2469 5205 qui
2530 5132 2811 5189 relativam
2871 5133 3048 5204 potius
3105 5147 3227 5187 curn
3268 5131 3383 5200 ipso

1806 5233 1969 5287 habet
2019 5229 2473 5298 conjunctioneni.
2539 5227 3001 5294 Quemadmodum
3059 5223 3202 5279 enim
3274 5221 3391 5278 duo

1807 5324 2076 5394 principes
2116 5321 2301 5376 eadem
2356 5319 2680 5376 auctoritate
2728 5319 2946 5376 omnino
3001 5315 3390 5386 pra:diti,non

1200 5629 1366 5687 Varta'
1402 5638 1656 5691 ιρςιὲοιιρε
1691 5635 1886 5691 codicis
1919 5633 2272 5703 Seguicriani.

204 5763 219 5802 ί
255 5762 312 5815 ἓν
347 5767 562 5818 νοεῖται.
