4042 6466
614 329 753 389 I399

1613 332 1670 389 S.
1706 332 1980 388 CYRILLI
2022 331 2498 387 ALEXANDRINI
2529 329 2854 385 ARCIHEP.

3784 321 3909 377 H00

615 464 753 503 unus
787 489 802 515 ,
839 449 934 504 sed
969 449 1074 506 duo
1129 464 1319 505 revera
1372 459 1497 506 sunt
1526 451 1811 517 homines;
1854 452 1927 506 ita
1959 451 2192 521 cuipiam

2305 451 2422 522 οὐχὶ
2457 450 2521 522 δὴ
2576 449 2777 519 μᾶλλον
2835 447 3044 518 ἐτέρου.
3080 447 3289 504 Οὐκοῦν
3334 447 3438 497 οὐκ
3489 445 3729 514 ἀπόχρη
3787 449 3910 512 πρὸς

614 540 873 609 dignitate
925 556 1103 610 parem
1140 556 1303 609 esse,
1355 542 1562 596 naturis
1625 541 1884 605 interim.
1940 542 2192 598 videlicet

612 631 863 701 personis
933 632 1242 698 distinctis,
1293 647 1398 688 non
1451 633 1583 688 sinit
1629 649 1828 702 unum,
1880 634 2035 704 167
2097 636 2191 689 sed

613 727 722 778 duo
764 738 934 779 esse:
994 735 1049 781 et
1095 726 1255 782 unius
1341 728 1562 797 sanguis
1636 731 1713 784 ita
1750 734 1836 785 est
1914 729 2072 798 hujus
2106 768 2124 795 ,
2175 738 2232 783 ut
2273 729 2418 783 nullo
2472 730 2634 784 modo
2687 729 2758 783 sit
2796 728 3042 782 alterius.
3114 727 3193 780 Ad
3239 741 3426 780 veram
3477 727 3684 794 itaque

2295 541 2492 596 ἕνωσιν
2541 541 2716 612 ἀληθῆ
2752 541 2813 594 τὸ
2857 541 2932 604 ώς
2978 542 3038 593 ἐν
3085 540 3290 610 ἰσότητι
3343 539 3444 608 τῆς
3496 537 3696 601 ἀξίας,
3752 541 3909 608 ἤγουν

2298 633 2615 698 αὐθεντίας,
2647 632 2919 702 συνῆφθαι
2950 631 3132 701 λέγειν
3161 630 3452 701 ἄνθρωπον
3482 629 3638 698 Θεῷ.

3757 725 3906 780 unio-

612 828 733 869 nem
788 830 894 871 non
923 825 1008 871 sat
1068 827 1196 881 est,
1246 817 1518 874 hominem
1581 818 1690 874 Deo
1734 821 2072 876 auctoritatis
2130 821 2214 876 vel
2251 820 2531 890 dignitatis
2574 820 2898 889 aequalitate.
2927 821 3234 888 cepnlatum
3281 832 3561 872 asserere.

686 906 867 963 XLVI.
907 927 926 959 s
953 906 1069 962 Non
1108 910 1256 962 enim
1295 909 1346 962 in
1381 919 1570 965 sancta
1605 911 1913 967 manufacta
1946 912 2194 967 Christus

614 998 894 1065 introivit,
931 1014 1107 1068 neque
1145 1000 1197 1054 in
1239 1001 1571 1070 exemplaria
1632 1016 1932 1070 verorum,
1992 1003 2086 1058 sed
2134 1002 2188 1057 in

614 1091 789 1158 ipsum
833 1089 1077 1154 calum.
1115 1099 1172 1144 ut
1219 1100 1478 1161 appareat
1529 1107 1676 1148 nunc
1738 1093 1905 1148 vultui
1943 1093 2034 1150 Dei
2091 1109 2189 1164 pro

614 1183 833 1238 uobis’.
872 1202 894 1236 ι
922 1212 993 1225 -
1019 1184 1304 1250 «leum,
1344 1186 1521 1256 inquit
1569 1186 1731 1252 Deus,
1780 1190 1910 1244 mihi
1967 1191 2193 1246 thronus

613 1283 698 1328 est
721 1275 804 1328 '°:
845 1293 864 1327 ι
894 1290 1064 1345 quare
1115 1285 1168 1330 et
1212 1277 1385 1346 ipsum
1432 1293 1646 1348 quoque
1692 1279 1886 1335 Filium
1944 1284 2194 1351 supernis

613 1365 905 1432 spiritibus.
948 1367 1334 1437 conquiescere
1362 1409 1378 1436 ,
1407 1369 1714 1440 cmlumqne
1744 1371 1907 1428 veluti
1948 1382 2192 1428 sanctum

615 1460 884 1526 quoddam
921 1460 1326 1518 tabernaculum
1356 1463 1602 1519 obtinere
1630 1465 1862 1520 dicimus
1907 1482 2016 1522 non
2044 1482 2196 1523 more

618 1556 970 1606 terrenorum.
1013 1552 1420 1621 ministrorum,
1475 1557 1565 1624 qui
1598 1557 1951 1625 corporaliter
2022 1558 2196 1614 sacris

616 1651 954 1711 Operantur,
990 1644 1362 1714 sanguineque
1417 1647 1709 1701 secundum
1748 1647 1885 1718 legis
1938 1649 2196 1717 prtescri-

2371 912 2528 978 Μετ’.
2566 930 2591 963 s.
2625 911 2698 964 Οὐ
2732 911 2842 982 γὰρ
2897 912 2977 974 εἰς
3009 909 3367 980 χειροποίητα
3405 907 3674 978 εἰσῆλθεν
3731 908 3910 973 ἆγιαο

2297 1003 2556 1074 Χριστὸς,
2592 1002 2714 1056 οὐδὲ
2761 1003 2840 1066 είς
2870 1003 3138 1058 ἀντίτυπα
3163 1001 3271 1056 τῶν
3312 1001 3625 1071 ἀληθινῶν,
3658 1000 3782 1054 ἀλλ’
3833 1003 3907 1064 είς

2297 1097 2458 1152 αὐτὸν
2496 1096 2588 1152 τὸν
2627 1096 2877 1168 οὐρανὸν,
2924 1097 3018 1150 νῦν
3063 1095 3470 1167 ἐμφανισθῆναι
3507 1095 3592 1164 τῷ
3625 1095 3910 1164 προσώπῳ

2296 1187 2390 1241 τοῦ
2417 1185 2554 1240 Θεοῦ
2591 1187 2733 1258 ὑπὲρ
2762 1186 2918 1257 ἡμῶν
2939 1203 2952 1216 ·
2993 1206 3015 1239 ι
3036 1187 3131 1240 τοῦ
3165 1186 3300 1241 Θεοῦ
3327 1187 3591 1256 λέγοντος
3612 1203 3627 1215 ·
3657 1205 3676 1238 ι
3731 1187 3793 1239 Ὀ
3825 1188 3909 1239 οὐ·

2302 1279 2464 1351 ρανός
2501 1294 2592 1348 μοι
2627 1277 2847 1348 θρόνος·
2890 1295 2908 1328 ι
2957 1277 3410 1336 ἐπαναπαύεσθαι
3458 1277 3560 1336 καὶ
3587 1275 3764 1329 αὑτὸν
3802 1280 3909 1338 τοῖς

2303 1371 2416 1426 ἀνω
2445 1369 2722 1441 πνεύμασι
2753 1385 2937 1439 φαμεν
2959 1368 3051 1420 τὸν
3081 1369 3229 1431 Υἱὸν,
3264 1368 3475 1439 σκηνὴν
3512 1368 3722 1437 ὥσπερ
3751 1369 3910 1434 ἁγίαν

2304 1461 2497 1532 ἔχοντα
2530 1460 2623 1514 τὸν
2666 1459 2918 1531 οὐρανὸν,
2953 1460 3046 1511 καὶ
3085 1460 3144 1511 οὐ
3203 1459 3347 1512 κατά
3383 1477 3449 1527 γε
3493 1461 3629 1522 τοὺς
3676 1461 3777 1511 ἐπὶ
3812 1460 3910 1526 γῆς

2305 1555 2726 1628 ίερουργοῦντας
2755 1555 3104 1624 σωματικῶς,
3135 1555 3229 1608 καὶ
3267 1555 3366 1618 τὰς
3412 1554 3480 1606 δι’
3531 1555 3801 1623 αἱμάτων
3830 1570 3909 1604 τε·

2303 1648 2529 1712 λοῦντας
2571 1647 2784 1710 θυσίας,
2823 1647 2904 1708 είς
2930 1645 3200 1698 ἀντίτυπα
3238 1645 3345 1696 τῶν
3373 1643 3662 1715 ἀληθινῶν
3698 1644 3909 1713 εἰστρέ-

615 1744 766 1802 ptum
809 1735 876 1788 ad
944 1750 1195 1795 verorum
1229 1737 1633 1806 expressionem
1691 1738 1865 1792 litant.
1917 1737 2023 1794 Sed
2055 1753 2195 1809 quo,

2305 1756 2471 1809 χοντα
2505 1737 2648 1792 κατά
2673 1737 2733 1788 τὸ
2756 1735 2834 1806 τῷ
2864 1735 3014 1804 νόμῳ
3040 1734 3249 1788 δοκοῦν.
3299 1733 3711 1803 Ἐμφανίζεται
3739 1734 3797 1785 δὲ
3821 1732 3907 1785 νῦν

615 1840 842 1892 quaeso.
895 1825 1054 1878 modo
1095 1825 1264 1879 vultui
1303 1825 1394 1878 Dei
1430 1842 1574 1880 ltllttc
1615 1842 1714 1896 pro
1752 1827 1905 1883 nobis
1936 1830 2198 1898 apparet?

616 1917 808 1972 Nonne
863 1932 1079 1986 semper
1115 1918 1277 1972 etiam
1334 1927 1462 1973 ante
1503 1918 1934 1973 incarnationem
1988 1919 2200 1975 exstitit

615 2023 878 2076 apparens
921 2020 977 2063 et
1025 2008 1388 2077 conspicuus?
1422 2009 1580 2078 idque
1621 2009 1780 2064 facile
1831 2019 1912 2064 est
1937 2010 2192 2080 cognitu,

615 2099 759 2166 quod
805 2097 920 2163 ipse
958 2108 1048 2154 est
1105 2097 1285 2168 cpilex
1329 2100 1602 2169 sapientia
1656 2099 1754 2155 Dei
1826 2109 1880 2155 et
1929 2099 2196 2164 Patris“.

613 2207 712 2260 per
748 2205 910 2260 quam
963 2191 1031 2246 ad
1067 2205 1189 2248 esse
1235 2193 1496 2262 producta
1560 2202 1687 2247 sunt
1717 2193 1918 2246 omnia.
1957 2191 2023 2245 Et
2050 2200 2199 2246 certe

613 2290 672 2334 ut
711 2279 988 2348 Sapientia
1029 2281 1203 2337 dicit:
1240 2300 1259 2334 ι
1291 2281 1402 2352 Ego
1453 2296 1605 2336 eram
1640 2297 1745 2350 qua
1809 2283 2197 2337 delectabatur.

613 2372 717 2428 Per
763 2372 1007 2441 singulos
1067 2383 1249 2428 autem
1310 2374 1426 2428 dies
1472 2374 1772 2438 gaudebam
1803 2374 1854 2426 in
1906 2385 2196 2442 conspectu

611 2462 730 2530 ejus
788 2462 935 2516 omni
1009 2473 1284 2532 tempore,
1348 2464 1570 2533 quando
1647 2465 1918 2532 gaudebat
2000 2465 2200 2518 mutulo

615 2552 905 2620 perfecto,
926 2563 983 2607 et
1039 2554 1310 2624 gaudebat
1370 2555 1510 2608 inter
1561 2555 1699 2608 ﬁlios
1775 2555 2138 2609 haminum”.
2173 2575 2191 2608 ι

611 2647 746 2699 Cum
792 2646 862 2700 ab
906 2646 1063 2702 initio
1101 2646 1265 2715 igitur
1317 2645 1481 2700 Pater
1526 2647 1600 2700 illi
1653 2648 2193 2715 adblandiretur,ex

611 2751 785 2806 eoque
841 2737 1256 2799 oblectationem
1303 2738 1544 2807 quotidie
1578 2749 1852 2808 'caperet,
1902 2742 2054 2811 isque
2112 2743 2195 2796 vi-

614 2829 797 2883 cissim
861 2829 1189 2899 voluptatem
1247 2830 1392 2884 Patri
1448 2830 1704 2896 alierret,
1742 2833 2010 2899 quomodo
2051 2848 2196 2888 nunc

613 2920 832 2974 domum
862 2920 1034 2974 vultui
1064 2921 1156 2976 Dei
1205 2935 1470 2990 apparere
1519 2923 1763 2976 dicitur?
1788 2922 1930 2977 Sane
1961 2923 2194 2978 Verbum

617 3008 714 3062 Dei
771 3014 918 3065 nbvo.
958 3025 1100 3064 nunc
1145 3011 1310 3066 modo
1352 3021 1607 3079 apparet,
1665 3028 1772 3066 non
1816 3013 2043 3082 amplius
2071 3030 2194 3069 car-

2308 1831 2448 1902 ὑπὲρ
2477 1829 2635 1899 ἡμῶν
2687 1826 2766 1897 τῷ
2797 1825 3079 1897 προσώπῳ
3127 1825 3222 1878 τοῦ
3273 1825 3431 1890 Θεοῦ,
3501 1827 3617 1878 τίνι
3679 1825 3908 1894 τρόπῳ;

2306 1919 2454 1993 Ἀρα
2479 1922 2590 1992 γὰρ
2617 1921 2717 1973 οὐκ
2737 1920 2825 1972 ἀεὶ
2852 1920 2945 1971 καὶ
2971 1918 3078 1991 πρὸ
3099 1919 3194 1988 τῆς
3223 1917 3713 1989 ἐνανθρωπήσεως
3737 1917 3910 1985 ὑπάρ-

2309 2033 2396 2086 χει
2445 2014 2732 2083 ἐμφανήςς
2783 2011 2975 2065 Καίτοι
3040 2012 3385 2082 καταθρῆσαι
3423 2013 3583 2080 ῥᾷον,
3625 2010 3710 2071 ὡς
3757 2009 3910 2070 αὐτός

2303 2109 2456 2159 ἐστιν
2487 2107 2518 2172 ἡ
2558 2101 2889 2172 δημιουργὸς
2930 2102 3090 2170 σοφία
3122 2101 3216 2154 τοῦ
3249 2100 3385 2153 θεοῦ
3423 2101 3524 2154 καὶ
3557 2099 3809 2170 Πατρὸς,
3847 2099 3910 2151 δι’

2306 2189 2372 2266 ἦς
2396 2192 2465 2246 τὰ
2491 2193 2669 2246 πάντα
2688 2191 3096 2260 προσεκομίσθη
3125 2190 3168 2228 ί·
3191 2189 3326 2260 πρὸς
3352 2189 3624 2258 ὓπαρξιν.
3649 2190 3766 2243 Καὶ
3787 2188 3913 2257 γοῦν

2305 2285 2381 2347 ὡς
2447 2282 2615 2350 Σοφία
2649 2282 2838 2351 φησίν·
2879 2301 2896 2329 α
2940 2281 3081 2349 Ἐγὼ
3105 2282 3253 2351 ἥμην
3359 2281 3742 2350 προσέχαιρε.
3781 2280 3912 2332 Καθ’

2305 2374 2520 2446 ἡμέραν
2552 2373 2610 2425 δὲ
2633 2371 3006 2442 εὐφραινόμην
3036 2373 3095 2428 ἐν
3129 2370 3410 2442 προσώπῳ
3446 2369 3629 2423 αὑτοῦ
3666 2372 3728 2422 ὲν
3759 2370 3911 2421 παντὶ

2307 2463 2516 2534 καιρῷο
2549 2463 2636 2516 ὅτε
2665 2460 3049 2530 ἐνευφραίνετο
3071 2460 3170 2530 τὴν
3191 2460 3526 2529 οἰκουμένην
3557 2459 3909 2519 συντελέσας,

2307 2556 2404 2610 καὶ
2438 2555 2824 2623 ἐνευφραξνετο
2853 2554 2911 2627 ἐν
2941 2552 3076 2616 υίοῖς
3113 2552 3440 2623 ἀνθρώπων.
3502 2573 3521 2604 ι
3568 2554 3715 2605 Ὅτε
3741 2553 3913 2605 τοίνυν

2305 2647 2446 2716 αὐτῇ
2476 2645 2840 2716 προσέχαιρεν
2874 2645 2902 2696 ὁ
2936 2643 3148 2714 Πατὴρ,
3180 2645 3276 2696 καὶ
3305 2640 3372 2716 ἦν
3407 2647 3468 2698 ἐν
3494 2643 3798 2716 προσώπῳ
3826 2644 3913 2696 αὑ-

2303 2739 2398 2791 τοῦ
2428 2737 2550 2792 καθ’
2582 2737 2799 2807 ἡμέραν
2830 2736 3237 2805 εὐφραινομένη
3264 2753 3324 2789 τε
3366 2737 3463 2788 καὶ
3511 2737 3911 2806 εὐφραίνουσα.

2308 2830 2426 2893 πῶς
2449 2830 2814 2900 ἐμφανίζεται
2835 2831 2954 2881 νυνὶ
2981 2829 3060 2898 τῷ
3088 2827 3478 2898 προσώπῳτοῦ
3495 2829 3687 2890 Θεοῦ;
3716 2829 3914 2880 Οὐκοῦν

2304 2921 2664 2990 ἐμφανίζεται
2705 2917 2892 2984 ξένως.
2928 2919 3116 2973 οὐκέτι
3153 2920 3362 2989 γυμνὸς
3400 2919 3498 2972 καὶ
3523 2920 3790 2990 ἄσαρκος
3825 2930 3913 2971 λο-

2305 3030 2420 3080 γος,
2474 3011 2726 3081 καθάπερ
2779 3013 2972 3081 ἀμέλει
3019 3013 3115 3064 καὶ
3172 3014 3229 3063 ἐν
3277 3013 3474 3080 ἀρχαῖς
3530 3007 3630 3079 ἦν,
3698 3011 3817 3062 ἀλλ’
3867 3012 3914 3061 ἐν

616 3099 700 3158 nis
747 3113 944 3167 expers
1004 3112 1058 3154 et
1109 3103 1350 3167 nudum,
1383 3102 1523 3155 sicut
1571 3101 1624 3154 in
1663 3103 1970 3170 principio,
2027 3105 2119 3158 sed
2144 3105 2195 3158 in

2307 3105 2489 3174 μορφῇ
2519 3120 2579 3155 τε
2606 3105 2699 3156 καὶ
2730 3105 2891 3172 φύσει
2923 3108 2990 3176 τῇ
3021 3104 3143 3157 καθ’
3178 3106 3325 3173 ἡμᾶς
3345 3122 3356 3135 ·
3392 3104 3585 3173 φαμὲν
3612 3103 3735 3172 γὰρ
3758 3102 3915 3162 οὕτως

617 3190 787 3245 forma
823 3199 885 3244 et.
921 3201 1118 3244 natura
1155 3191 1408 3246 humana.
1441 3191 1522 3245 Ad
1565 3192 1708 3247 hunc
1742 3194 1924 3263 itaque
1975 3195 2195 3249 modum

620 3297 718 3350 pro
757 3281 914 3337 nobis
950 3297 1216 3352 apparere
1239 3321 1256 3348 ,
1323 3285 1720 3355 humanamque
1771 3297 2015 3340 naturam
2043 3289 2064 3357 (
2085 3297 2202 3342 csto

620 3375 708 3439 illa
789 3384 1012 3446 propter.
1054 3376 1247 3431 Adami
1324 3379 1824 3447 praevaricationem
1879 3379 2202 3448 quandoque

618 3482 779 3522 exosa
839 3469 1250 3539 proscriptaque
1298 3468 1499 3541 fuerit)
1542 3472 1592 3524 in
1643 3481 1934 3538 conspectu
1974 3470 2063 3525 Dei
2095 3470 2198 3525 Pa-

619 3560 719 3613 tris
755 3558 956 3614 oﬂcrre
1014 3561 1264 3617 traditur.
1327 3562 1560 3619 Verbum
1621 3564 1890 3632 proinde,
1928 3574 1987 3619 ut
2039 3565 2202 3620 homo

619 3650 818 3706 factum
876 3660 992 3716 cst,
1030 3653 1201 3708 oculis
1253 3655 1494 3721 paternis
1540 3655 1690 3709 velut.
1734 3656 1785 3708 in
1814 3658 1994 3724 scipso
2023 3658 2201 3726 primo

620 3757 717 3805 nos
767 3742 954 3808 sistit;
1016 3759 1122 3811 quo
1168 3745 1424 3798 nimirum
1465 3745 1606 3800 Patri
1643 3751 2051 3803 ronmteudatos
2103 3765 2201 3804 uos

619 3835 846 3899 reddat,
893 3836 1167 3890 veteribus
1218 3839 1374 3891 noxis
1413 3840 1697 3906 expiatos,
1757 3848 1918 3905 atque
1976 3841 2042 3892 ad
2078 3841 2200 3894 vita:

619 3927 908 3991 novitatem
955 3941 1050 3994 per
1102 3926 1367 3995 Spiritum
1413 3930 1778 3991 instauratos,
1855 3945 1918 3982 ac
1982 3934 2197 3986 tandem

616 4019 806 4085 dignos
829 4018 1051 4072 cﬂectos
1101 4019 1189 4087 qui
1235 4021 1286 4072 in
1341 4029 1630 4085 conspectu
1681 4021 1858 4076 Patris
1890 4024 2059 4077 simus
2086 4023 2196 4090 jam

617 4112 669 4175 in
727 4111 862 4164 ﬁlios
918 4114 1175 4178 cooptati.

647 4239 810 4310 168
851 4239 924 4294 De
957 4258 1015 4295 eo
1055 4245 1195 4310 quod
1233 4243 1486 4297 Dominus
1520 4256 1691 4298 uoster
1730 4246 1884 4300 Jestts
1918 4245 2162 4300 Christus

985 4315 1209 4381 gloriam
1245 4317 1504 4383 accepisse
1540 4317 1810 4368 scribitur.

2307 3195 2470 3249 αὑτὸν
2518 3194 2925 3265 ἐμφανισθῆναι
2964 3196 3102 3258 νυνὶ,
3161 3195 3257 3248 καὶ
3293 3189 3405 3248 οἷον
3441 3197 3535 3247 ἐπ’
3584 3195 3721 3265 ὕψει
3771 3197 3795 3234 ε
3831 3192 3914 3244 τοῦ

2303 3281 2441 3340 Θεοῦ
2475 3286 2571 3340 καὶ
2605 3286 2818 3357 Πατρὶς
2840 3286 2933 3339 τοῦ
2961 3285 3251 3356 ἀνθρώπου
3292 3289 3456 3355 φύσιν
3492 3288 3774 3355 ἀγαγεῖν,
3803 3287 3913 3338 καί·

2302 3395 2384 3431 τοι
2427 3377 2730 3449 γενομένην
2768 3378 2827 3430 ἐν
2858 3377 3177 3447 ἀποστροφῇ
3213 3378 3302 3430 διὰ
3337 3377 3438 3450 τὴν
3485 3381 3552 3432 ἐν
3604 3380 3794 3449 Ἀδὰμ
3821 3396 3915 3429 παρ

2307 3470 2556 3542 ράϐασιν.
2602 3470 2781 3540 Ἦμᾶς
2815 3463 2909 3522 οὖν
2949 3467 3059 3538 ἄρα
3105 3468 3438 3539 παρίστησιν
3482 3471 3547 3521 ἐν
3607 3470 3912 3538 ὀφθαλμοῖς

2303 3560 2398 3615 τοῦ
2435 3562 2648 3632 Πατρὸς
2679 3561 2755 3624 ὼς
2781 3561 2840 3633 ἐν
2871 3559 3050 3628 ἑαυτῷ
3080 3561 3174 3613 καὶ
3215 3559 3438 3630 πρώτῳ,
3486 3561 3634 3612 καθὸ
3674 3562 3914 3629 πέφηνεν

2302 3653 2608 3725 ἄνθρωπος,
2644 3653 2710 3705 ἶν’
2743 3654 2894 3722 ἡμᾶς
2935 3653 3264 3723 προσαγάγῃ
3307 3651 3384 3721 τῷ
3424 3652 3634 3721 Πατρὶ,
3681 3654 3782 3705 καὶ
3814 3653 3912 3702 τῶν

2303 3746 2547 3815 ἀρχαίων
2593 3743 2910 3806 ἀπαλλάξας
2951 3743 3318 3812 αἰτιαμάτων,
3364 3746 3460 3795 καὶ
3497 3745 3583 3806 εἰς
3613 3743 3912 3809 καινότητα

2302 3840 2449 3909 ζωῆς
2522 3838 3020 3909 μεταστοιχειώσας
3090 3839 3150 3889 ἐν
3205 3837 3526 3906 Πνεῦματι·
3602 3837 3757 3890 ὥστε
3827 3838 3911 3888 καὶ

2301 3931 2485 3997 ἀξίους
2537 3929 2768 3998 ὁρᾶσθαι
2821 3929 3004 3982 λοιπὸν
3050 3927 3150 3997 τῆς
3192 3929 3343 3997 παρὰ
3387 3927 3487 3980 τοῦ
3541 3930 3774 4000 Πατρός
3823 3932 3911 3982 ἐπ-

2301 4022 2543 4084 οπτείας,
2575 4021 2648 4085 ὡς
2681 4022 2738 4074 ἐν
2769 4021 2902 4074 υίῶν
2935 4020 3086 4087 τάξει
3127 4020 3648 4091 παρειλημμένους.

2303 4237 2441 4307 Περὶ
2473 4239 2581 4292 τοῦ
2602 4238 2883 4307 λέγεσθαι
2909 4239 3097 4301 δόξαν
3124 4242 3334 4292 ,λαϐειν
3350 4245 3459 4292 τὸν
3481 4241 3719 4307 Κύριον
3750 4237 3908 4306 ἠμώι·

2813 4310 3060 4375 Ἰησοῦν
3089 4311 3348 4374 Χριστόν

689 4420 895 4475 XLV-ll.
934 4440 954 4473 s
1016 4422 1215 4475 Paulus
1248 4426 1524 4491 apostolus
1587 4441 1692 4479 non
1736 4429 1803 4479 ah
1851 4429 2194 4490 hominibus,

2374 4428 2509 4478 MZ'.
2547 4443 2561 4475 t
2594 4422 2807 4486 Παῦλος
2838 4422 3136 4484 ἀπόστολος
3165 4422 3264 4474 οὐκ
3286 4423 3377 4474 ἀπη
3413 4424 3767 4492 ανθρωπων,
3795 4423 3905 4475 οὐδὲ

615 4530 795 4583 nequc
848 4529 946 4583 per
1001 4513 1243 4568 homines
1267 4554 1280 4576 ,
1311 4516 1403 4568 sed
1447 4532 1541 4583 per
1603 4517 1784 4571 Jesum
1817 4517 2115 4581 Christum,
2145 4529 2198 4572 et

616 4607 785 4661 Deum
827 4604 1050 4660 Patrem
1090 4604 1182 4672 qui
1224 4605 1506 4659 suscitavit
1550 4623 1671 4661 cum
1706 4623 1772 4664 ex
1813 4611 2038 4663 mortuis
2065 4611 2128 4663 ¹³.
2168 4629 2189 4662 ι

612 4699 693 4753 Ad
761 4699 1157 4753 ostendendum
1211 4695 1494 4750 Dominum
1530 4710 1770 4752 nostrum
1825 4699 2005 4754 Jcsum
2036 4701 2194 4755 Chri-

614 4795 756 4845 stum
811 4801 1034 4844 externa
1095 4789 1499 4856 adventitiaque
1557 4787 1720 4854 gloria
1766 4790 1988 4844 minimc
2051 4791 2194 4844 indi-

617 4881 800 4948 guisse
825 4921 840 4945 ,
892 4888 977 4935 sat
1019 4891 1136 4938 erat
1169 4882 1476 4944 indicasse,
1517 4883 1690 4948 ipsum
1739 4896 1892 4948 teque
1922 4898 1983 4936 ac
2028 4883 2194 4937 Deum

619 4969 835 5026 Patrem
877 4973 1090 5026 mittere
1137 4975 1448 5040 ministros,
1505 4974 1596 5042 qui
1666 4973 1813 5032 illum
1862 4975 2196 5041 deprtedica-

617 5074 781 5118 rent:
821 5079 997 5131 neque
1045 5068 1188 5118 cnim
1238 5069 1592 5137 semctipsos,
1649 5068 1739 5137 qui
1809 5067 2198 5132 mittebantur,

613 5155 1020 5225 pra-dicabant,
1111 5160 1206 5211 sed
1283 5157 1465 5214 Jesum
1537 5161 1807 5216 Christum
1865 5159 1917 5213 in
1974 5159 2197 5230 gloriam

618 5246 710 5304 Dei
767 5249 965 5304 Patris.
1011 5248 1147 5316 Quia
1179 5264 1308 5304 vero
1354 5265 1540 5309 sacras
1572 5255 1806 5311 Litteras
1863 5253 2062 5311 sectari
2099 5268 2201 5308 nos

736 5431 902 5497 ltebr.
931 5448 1006 5497 ιι,
1034 5431 1124 5485 24.
1207 5431 1248 5461 ¹⁰
1275 5430 1376 5485 lsa.
1409 5445 1552 5493 ιινι,
1587 5432 1636 5484 l.
1717 5435 1755 5465 ¹¹
1788 5434 1804 5488 l
1832 5435 1959 5489 Cor.
1991 5449 2029 5500 ι,
2059 5432 2150 5488 24.

2233 5431 2274 5461 ¹²
2304 5429 2466 5486 Prov.
2500 5446 2618 5495 vm,
2657 5431 2746 5496 30,
2775 5431 2864 5487 5|.

2305 4521 2369 4572 δι’
2405 4517 2732 4591 ἀνθρώπων,
2783 4515 2917 4569 ἀλλά
2966 4515 3053 4568 διὰ
3102 4513 3278 4584 Ἰησοῦ
3318 4516 3591 4586 Χριστοῦ,
3636 4517 3736 4569 καὶ
3779 4516 3904 4569 Θεοῦ

2305 4613 2516 4683 Πατρὸς
2547 4611 2641 4665 τοῦ
2669 4611 2982 4681 ἐγείραντος
3016 4609 3179 4662 αὑτὸν
3209 4609 3276 4662 ἐκ
3298 4608 3534 4678 νεκρῶν.
3589 4627 3609 4659 ι
3666 4611 3904 4677 Ἀπόγρη

2306 4706 2406 4776 μὲν
2441 4705 2518 4767 είς
2549 4703 2824 4770 ἀπόδειξιν
2852 4702 2945 4755 τοῦ
2983 4702 3056 4772 μὴ
3081 4701 3364 4770 δεδεῆσθαι
3385 4701 3549 4770 δόξης
3578 4703 3683 4770 τῆς
3711 4699 3906 4765 ἔξωθεν

2305 4798 2394 4850 καὶ
2431 4795 2958 4867 εἰσκεκριμένηςτὺν
2984 4793 3185 4864 Κύριον
3214 4793 3371 4860 ἡμῶν
3403 4793 3625 4861 Ἰησοῦν
3649 4795 3900 4864 Χριστὸν,

2303 4890 2363 4940 τὸ
2396 4888 2848 4940 συναποστέλλειν
2882 4887 2960 4956 τῷ
2987 4886 3107 4956 Θεῷ
3135 4885 3230 4938 καὶ
3261 4885 3439 4954 Πατρὶ
3474 4885 3594 4936 τῶν
3631 4886 3901 4954 περὶέαυ-

2303 4980 2398 5031 τοῦ
2437 4980 2809 5049 κηρυγμάτων
2853 4981 2979 5041 τοὺς
3020 4977 3370 5048 ἱερτλυργοὺςο
3401 4976 3464 5027 οὐ
3523 4975 3637 5046 γὰρ
3683 4977 3902 5036 ἑαυτοὺς

2304 5071 2622 5140 ἐκήρυττον,
2667 5072 2801 5124 ἀλλὰ
2833 5071 3068 5142 Χριστὸν
3121 5067 3334 5136 Ἰησοῦν
3385 5067 3601 5140 Κύριον
3640 5072 3722 5134 εἰς
3755 5070 3900 5133 δὸξυ

2305 5163 2441 5215 Θεοῦ
2473 5165 2700 5235 Πατρός.
2749 5164 2965 5233 Ἐπειδὴ
3000 5164 3055 5215 δὲ
3084 5166 3192 5223 τοῖς
3232 5163 3398 5232 ἱεροῖς
3429 5163 3670 5217 ’ἔπεσθαι
3719 5166 3897 5233 F5151-

2311 5272 2475 5325 μασιν
2515 5255 2808 5326 ἀναγκαῖον
2842 5259 3009 5326 ἡμᾶς,
3043 5253 3281 5324 οὐδαμοῦ
3318 5259 3809 5330 παρεκτρέχοντας
3847 5257 3899 5307 τὸ

2945 5431 2986 5463 ’³
3009 5429 3184 5486 Galat.
3219 5447 3256 5497 ι,
3307 5433 3354 5486 l.

1720 5587 1892 5647 Variae
1923 5592 2186 5649 lectiones
2219 5589 2420 5650 codicis
2448 5586 2810 5658 Seguicriaui.

703 5742 744 5786 ί·
777 5743 836 5798 F.
875 5759 1141 5815 παρεκομ.
1227 5750 1248 5786 ε
1279 5749 1331 5803 ἐν
1367 5746 1505 5816 ὄψει.
