4042 6476
180 383 307 437 ιιοι

174 501 355 561 αὐτοῖς
386 496 596 561 δοκοῦν,
633 496 765 566 φέρε
799 495 1068 564 λέγωμεν,
1092 498 1222 553 sive:
1252 496 1315 567 δὴ
1345 498 1543 568 τρόπον
1565 498 1592 549 6
1618 498 1747 561 Θεὸς
1776 506 1820 560 Α
1852 511 2103 567 oportet,

174 594 267 644 xui
306 590 496 660 Πατήρ
521 589 649 657 δόξῃ
672 588 891 655 λέγεται
928 588 1227 654 στεφανοῦν
1246 589 1337 641 τὸν
1363 590 1507 644 Υἱόν,
1531 589 1742 642 Οὐκοῦν

170 681 339 743 αὐτός
398 680 501 732 πού
558 697 724 751 φησιν
778 682 807 733 6
860 680 1133 749 μακάριος
1192 681 1401 743 Παῦλος
1452 683 1581 753 περὶ
1634 682 1742 735 τῶν

165 773 444 841 ἀρχόντων
470 770 564 824 τοῦ
601 772 797 835 αἰῶνος
820 773 1010 823 τούτου
1032 788 1048 805 ι
1077 792 1099 822 ί
1135 773 1196 825 Ei
1227 774 1335 841 γὰρ
1354 772 1617 841 ἔγνωσαν,
1640 774 1741 827 οὑκ

166 864 234 914 ἂν
285 862 375 914 τὸν
418 861 623 933 Κύριον
667 864 766 931 τῆς
796 862 953 930 δόξης
996 862 1368 932 ἐσταύρωσαν.
1410 883 1429 916 ι
1469 862 1620 919 Οἶδεν
1648 863 1739 920 οῦν

161 952 274 1021 ἄρα
308 954 398 1005 xui
428 954 634 1024 Κύριον
668 954 795 1007 ὄντα
827 954 928 1024 τῆς
956 954 1114 1025 δόξης
1160 956 1250 1008 τὸν
1291 957 1737 1028 ἐσταυρωμένονο

162 1044 280 1106 πῶς
314 1042 406 1098 οὖν
440 1046 653 1114 δέχεται
684 1044 841 1109 δόξαν
881 1046 1036 1117 παρὰ
1060 1046 1154 1099 τοῦ
1180 1048 1393 1119 Πατρὸς
1414 1051 1441 1101 ὀ
1464 1051 1563 1120 τῆς
1583 1051 1740 1120 δόξης

160 1136 398 1204 Κύριος;
439 1138 511 1190 Ἢ
541 1138 720 1207 δῆλον,
750 1138 832 1191 δτι
863 1139 1153 1207 πεποίηται
1185 1139 1349 1191 πάλιν
1379 1141 1737 1210 οἰκονομικῶς

154 1227 361 1295 ὁλόγος
391 1227 569 1299 αὑτῷ;
602 1229 827 1297 Δέχεται
865 1229 965 1298 μὲν
988 1228 1094 1299 γὰρ
1127 1227 1503 1299 ἀνθρωπίνως,
1533 1230 1647 1284 ἔστι
1676 1232 1733 1284 δὲ

154 1319 254 1369 καὶ
299 1320 441 1373 οὕτω
478 1320 575 1390 τῆς
613 1320 772 1389 δόξης
807 1320 1013 1391 Κύριος
1054 1319 1268 1384 Θεῖκῶς.
1297 1322 1409 1375 Καὶ
1452 1323 1480 1373 ὁ
1508 1323 1604 1392 μὲν
1636 1324 1734 1393 τῆς

154 1407 312 1472 θείας
346 1411 512 1465 αὑτοῦ
551 1412 767 1481 φύσεως
815 1411 1042 1475 πλοῦτος
1084 1412 1256 1482 ὁρῷτο
1292 1412 1359 1465 ἂν
1397 1413 1533 1482 πρὸς
1580 1414 1736 1483 ήμῶν

152 1501 355 1563 ἐντοῖς
395 1502 536 1572 ὑπὲρ
585 1502 764 1557 κτίσιν
823 1502 1296 1571 πλεονεκτήμασι·
1347 1501 1452 1569 τῆς
1506 1502 1561 1555 δὲ
1610 1502 1733 1556 καθ’

152 1592 305 1657 ἡμᾶς
338 1594 611 1667 πτωχείας
644 1594 703 1646 τὸ
749 1594 949 1663 μέτρον
983 1597 1041 1646 ὲν
1081 1595 1159 1664 τῷ
1209 1595 1465 1663 λέγεσθαι.
1510 1594 1728 1647 λαϐεῖν’

151 1702 182 1731 ‹
221 1683 327 1735 Καὶ
354 1686 402 1736 εί
430 1684 683 1746 πλούσιος
721 1685 819 1748 ὣν,
849 1685 917 1738 δι’
940 1688 1088 1756 ἡμᾶς
1128 1686 1487 1757 ἐπτώχευσεν.
1527 1704 1545 1735 ι
1592 1685 1730 1738 Ἀλλ’

145 1767 249 1823 οὖν
292 1773 526 1840 ἀγαθαῖς
570 1774 800 1836 ἐννοίαις
840 1776 975 1843 πρὸς
1028 1776 1295 1845 ὀρθότητα
1350 1774 1726 1845 διοικούμενοι,

992 379 1081 433 AD
1119 378 1418 435 REGINAS
1459 379 1543 435 DE
1585 380 1809 437 RECTA
1849 382 2007 438 FIDE
2046 382 2306 440 ORATIO
2347 381 2625 437 ALTERA

3283 375 3425 434 I603

2182 513 2356 570 neque
2406 501 2472 555 ab
2512 513 2697 554 carum
2747 499 2977 553 decretis
3027 497 3109 552 vel
3145 498 3423 552 minimum

1847 591 2123 646 discedere
2158 592 2313 652 nobis
2368 592 2526 657 licet;
2577 590 2803 659 agedum
2875 589 3096 659 paucis,
3155 590 3425 658 quomodo

1849 679 1990 733 Deus
2032 677 2195 733 Pater
2234 678 2429 732 Filium
2472 693 2628 731 suum
2669 676 2836 746 gloria
2884 676 3421 741 eoronassedicatur,

1839 769 2063 837 planum
2114 770 2395 824 faciamus.
2456 767 2653 821 Beatus
2695 767 2891 822 Paulus
2934 768 3000 821 de
3048 767 3226 821 saeculi
3266 766 3424 835 hujus

1839 861 2182 929 principibus
2233 860 2464 929 quodam
2507 859 2558 911 iu
2596 860 2713 913 loco
2756 860 2829 913 ita
2863 858 3050 913 scribit
3084 877 3097 913 :
3130 877 3148 909 ι
3192 858 3249 912 Si
3276 860 3420 911 enim

1840 953 2256 1021 cognovissent,
2318 965 2592 1018 nunquam
2647 948 2932 1005 Dominum
2988 950 3174 1019 gloria:
3237 949 3418 1004 cruci-

1846 1026 2223 1097 lixisseut".t
2282 1042 2447 1097 Norat
2498 1042 2717 1110 itaque,
2765 1057 2889 1095 emn
2945 1043 3035 1111 qui
3082 1041 3257 1096 crucis
3286 1055 3419 1109 sup-

1839 1134 2055 1208 plicium
2125 1134 2404 1198 subierat,
2474 1134 2657 1201 glorim
2742 1133 3030 1188 Dominum
3083 1148 3223 1190 esse.
3299 1131 3417 1184 Jam

1838 1227 2107 1294 quomodo
2144 1228 2402 1281 Dominus
2426 1227 2611 1297 gloria:
2648 1226 2871 1297 gloriam
2910 1242 2936 1279 a
2969 1226 3127 1281 Patre
3178 1224 3419 1293 accipit?

1840 1317 2006 1385 lIujus
2057 1319 2377 1388 quaestionis
2422 1319 2621 1372 nodum
2669 1318 3093 1381 dispensationis
3142 1320 3280 1373 ratio
3303 1319 3415 1372 dis-

1829 1409 2017 1464 solvit.
2087 1409 2302 1477 Accipit
2385 1408 2528 1461 euim
2598 1406 2825 1475 gloriam
2901 1418 2961 1460 ut
2994 1408 3198 1475 homo;
3242 1406 3416 1477 pergit

1834 1510 2017 1555 autem
2063 1501 2249 1570 gloria:
2301 1499 2555 1553 Dominus
2599 1514 2721 1554 esse
2759 1507 2819 1551 ιιι
2858 1498 3022 1571 Deus.
3075 1498 3142 1552 Et
3193 1499 3412 1566 quidem

1833 1589 2028 1644 divina:
2073 1589 2215 1642 illius
2277 1596 2479 1642 natura:
2530 1602 2659 1658 epes
2712 1602 2780 1642 ex
2832 1588 2896 1642 iis
2960 1587 3330 1657 pratrogativis
3379 1601 3411 1639 a

1828 1681 1989 1735 nobis
2023 1681 2538 1749 deprehenduntur,
2605 1694 2727 1749 quas
2777 1687 3043 1734 creatura:
3098 1678 3409 1732 facultatem

1830 1783 2194 1842 exsuperant;
2241 1782 2299 1826 at
2337 1786 2466 1826 vero
2507 1772 2755 1825 humana:
2802 1771 3062 1840 egestatis
3089 1770 3323 1825 conditio
3344 1786 3410 1825 ex

144 1863 247 1914 xui
297 1864 364 1915 τὰ
398 1865 582 1916 εἰκότα
620 1867 837 1933 φρονεῖν
869 1866 955 1917 ἐπ’
988 1868 1135 1936 αὐτῷ
1179 1864 1589 1929 σπουδάζοντες,
1627 1865 1727 1917 οὐκ

1827 1880 1891 1919 eo
1928 1866 2083 1920 nobis
2120 1866 2179 1919 Iit
2214 1867 2425 1933 palam,
2474 1864 2618 1934 quod
2682 1864 2929 1932 quaedam
2978 1862 3255 1931 accepisse
3284 1877 3410 1930 per-

138 1952 489 2022 ἀγνοήσομεν
519 1956 677 2025 ἡμεῖς
718 1956 811 2007 τὸν
844 1958 937 2009 καὶ
954 1959 1016 2009 ὲν
1041 1961 1108 2029 τῇ
1151 1959 1273 2013 καθ’
1310 1960 1458 2030 ἡμᾶς
1486 1957 1728 2029 πτωχείᾳ

137 2042 404 2095 πλούσιον
434 2045 515 2107 ὡς
542 2045 693 2097 Θεὸν.

1834 1957 2125 2011 hibeatur:
2171 1952 2362 2011 {Cum
2413 1956 2557 2010 enim
2597 1955 2747 2010 dives
2783 1963 2928 2009 esset
2965 1992 2981 2019 ,
3045 1964 3262 2024 propter
3312 1970 3411 2008 nos

1828 2046 2009 2101 factus
2058 2055 2141 2101 est
2184 2062 2388 2113 egenus
2428 2048 2490 2103 ¹⁸.
2523 2066 2542 2098 ι
2594 2044 2820 2101 Nostras
2859 2048 3081 2117 proinde
3130 2048 3412 2117 cogitatio~

132 2149 244 2189 nes
289 2136 354 2189 ad
408 2144 567 2189 recta:
607 2135 728 2190 ﬁdei
761 2151 1005 2191 normam
1078 2137 1463 2204 instituentes,
1493 2147 1548 2193 et
1597 2152 1716 2208 quae
1788 2152 1887 2206 par
1944 2146 2029 2191 est
2080 2136 2146 2190 de
2200 2136 2318 2205 ipso
2366 2138 2570 2190 sentire
2616 2149 2965 2206 satagentes,
3034 2138 3105 2192 ita
3156 2139 3301 2193 illum
3352 2140 3405 2193 iu

132 2238 384 2282 nostram
431 2237 803 2297 paupertatem
836 2244 893 2282 se
942 2230 1226 2285 demisisse
1282 2241 1617 2298 statuemus,
1655 2240 1716 2286 ut
1754 2238 1935 2286 tamen
2012 2236 2271 2298 tanquam
2325 2227 2492 2282 Deum
2537 2244 2813 2297 nunquam
2882 2230 3102 2284 divitem
3140 2246 3261 2285 esse
3310 2237 3407 2286 de-

128 2319 299 2373 siisse
355 2330 505 2373 certe
538 2319 696 2374 nobis
743 2322 1189 2389 persuadeamus.

207 2413 351 2467 MH'.
386 2432 404 2464 ι
449 2412 506 2467 '0
540 2414 732 2489 Πατὴρ
762 2415 952 2486 ἀγαπᾷ
983 2415 1073 2468 τὸν
1102 2416 1250 2482 Υἰὸν,
1287 2417 1383 2470 xui
1411 2419 1590 2472 πάντα
1624 2417 1713 2471 δέ·

121 2505 313 2557 δωκεν
348 2507 404 2557 ὲν
432 2508 497 2576 τῇ
532 2506 675 2575 χειρὶ
701 2506 889 2559 αὑτοῦ.
925 2526 942 2557 ι
975 2507 1199 2576 Δέχεται
1221 2508 1381 2561 πάλιν
1412 2508 1486 2571 ὡς
1508 2508 1717 2578 ἄνθρω-

122 2613 238 2659 πος
270 2597 298 2648 6
334 2597 454 2660 Υἱός
476 2612 489 2625 ο
526 2596 666 2667 πλὴν
725 2598 825 2650 οὐκ
869 2598 973 2663 ἔξω
1008 2598 1169 2651 πάλιν
1205 2598 1416 2667 τίθησιν
1465 2599 1656 2652 ἑαυτὸν
1686 2600 1714 2652 6

119 2685 327 2755 Πατὴρ
356 2687 447 2739 τοῦ
480 2688 657 2740 πάντα
683 2688 827 2756 ἔχειν
859 2689 949 2755 ὑφ’
979 2689 1187 2756 ἑαυτῷ·
1228 2688 1405 2749 διδοὺς
1436 2690 1539 2758 γὰρ
1568 2688 1711 2741 αὐτὰ

114 2778 208 2845 τῷ
247 2777 385 2847 Υἱῷ,
423 2780 518 2831 σὺν
563 2778 711 2846 αὑτῷ
764 2781 1030 2849 κατάρχει
1080 2778 1187 2830 τῶν
1234 2778 1399 2840 ὅλων,
1448 2781 1559 2840 τοῖς
1609 2778 1711 2847 τῆς

115 2868 385 2937 θεότητος
432 2870 736 2938 σκήπτροις
783 2869 1075 2940 ὑποςέρων
1104 2869 1175 2922 δι’
1211 2868 1375 2921 αὑτοῦ
1418 2884 1477 2920 τε
1528 2868 1620 2920 καὶ
1650 2870 1710 2921 ἐν

112 2960 283 3029 αὑτῷ
333 2960 396 3012 τὸ
442 2961 536 3013 ἐπὶ
585 2960 682 3027 τῆς
723 2959 830 3028 γῆς
881 2960 1072 3028 γένος,
1128 2962 1303 3014 καίτοι.
1372 2960 1711 3024 διανενευκὸς

113 3050 402 3121 ἁχαλίνως
434 3053 514 3113 εἰς
557 3051 879 3103 ἀπόστασιν.
925 3052 1009 3113 Ὠς
1040 3052 1150 3123 γὰρ
1187 3052 1348 3115 αὑτός
1395 3051 1496 3104 πού
1545 3069 1711 3120 φησιν

1893 2416 2130 2472 XLVIII.
2156 2433 2175 2468 ι
2207 2414 2371 2470 Pater
2400 2416 2571 2487 diligit
2610 2415 2829 2484 Filium,
2877 2427 2933 2472 et
2959 2418 3139 2473 omnia
3178 2418 3325 2473 dedit
3352 2419 3403 2473 iu

1824 2523 2014 2563 manus
2066 2508 2300 2577 ejus".»
2348 2507 2517 2562 Filius
2580 2509 2781 2577 accipit
2822 2519 2886 2563 ut
2936 2510 3135 2563 homo;
3187 2510 3406 2565 interim

1819 2596 1978 2651 Pater
2027 2613 2055 2650 a
2087 2597 2233 2651 nullo
2277 2612 2463 2651 eormn
2549 2614 2610 2653 se
2643 2600 2919 2663 excludit,
2950 2602 3078 2671 quin
3120 2602 3307 2657 omnia
3352 2603 3405 2656 in

1818 2695 2085 2751 potestate
2143 2687 2383 2739 habeat:
2428 2702 2489 2741 ea
2520 2688 2663 2741 enim
2709 2690 2843 2742 dans
2896 2689 3054 2754 Filio,
3119 2707 3223 2744 una
3280 2707 3404 2745 cum

1816 2775 1907 2828 illo
1959 2774 2213 2829 euntibus
2275 2775 2604 2851 dominatur.
2673 2776 2779 2832 Sed
2830 2790 2887 2832 et
2944 2781 3120 2849 ipsum
3190 2796 3405 2851 quoque

1814 2863 2128 2917 mortalium
2168 2878 2337 2932 genus
2396 2844 2695 2920 secundum
2748 2882 2806 2922 se
2855 2868 3020 2937 aliqui
3055 2869 3301 2933 iul’rcne,
3349 2881 3405 2927 et

1814 2958 1878 3009 ad
1941 2955 2289 3010 rebellionem
2337 2971 2659 3026 propensum
2711 2959 3016 3016 divinitatis
3049 2964 3276 3031 sceptris
3307 2978 3403 3033 per

1817 3045 1968 3099 illum
1999 3046 2101 3100 sibi
2155 3047 2422 3101 submittit
2450 3066 2462 3101 :
2490 3050 2927 3118 quandoquidem
2958 3089 2974 3116 ,
3027 3061 3084 3105 ut
3115 3055 3402 3121 sapientis-

109 3147 145 3197 6
187 3143 502 3212 σοφώτατος
536 3142 775 3208 Παῦλος,
812 3162 829 3193 ι
860 3144 991 3207 Θεὸς
1028 3142 1095 3215 ἦν
1138 3148 1194 3197 ὲν
1234 3144 1472 3215 Χριστῷ,
1502 3147 1704 3215 κόσμον

1815 3136 1977 3190 siums
2007 3136 2201 3191 Paulus
2223 3138 2421 3193 alicubi
2449 3140 2703 3195 admonet
2730 3159 2743 3195 :
2786 3159 2805 3192 ι
2837 3142 2977 3195 Deus
3014 3152 3131 3197 erat
3162 3146 3213 3198 in
3239 3146 3399 3200 Chri-

110 3235 521 3290 καταλλάσσων
550 3234 748 3303 ἑαυτῷ.
787 3254 804 3285 ι
838 3236 948 3287 Καὶ
979 3237 1039 3289 οὐ
1070 3237 1131 3307 δή
1173 3236 1274 3290 πού
1308 3254 1509 3305 φαμεν,
1545 3236 1619 3300 ὡς
1647 3240 1704 3291 ὲν

104 3324 402 3394 ἀνθρώπῳ
424 3325 763 3392 κατοικήσας
793 3326 1025 3393 Χριστὸς
1052 3327 1236 3396 ἕτερος
1262 3327 1413 3397 παρά
1444 3345 1505 3395 γε
1528 3327 1619 3379 τὸν
1641 3330 1706 3382 ἐκ

103 3415 226 3485 τῆς
268 3416 431 3483 ἁγίας
473 3416 749 3485 Παρθένου
809 3420 1228 3487 γεγεννημένον,
1282 3420 1485 3489 κόσμον
1525 3421 1703 3491 ἑαυτῷ

104 3505 462 3574 κατήλλαττε
503 3505 781 3575 (φρονοῦσι
810 3508 918 3577 γὰρ
962 3502 1062 3562 ὧδέ
1092 3528 1232 3575 τινες
1258 3512 1365 3564 τῶν
1395 3512 1700 3581 άμαθεστέ·

104 3595 261 3667 ρων)
284 3610 297 3624 '
335 3597 514 3647 ἐκεῖνο
536 3596 592 3647 δὲ
628 3596 851 3663 μᾶλλον,
885 3599 968 3651 ὅτι
1016 3600 1383 3669 κατήλλαττεν
1404 3602 1585 3672 ἐαυτῷ
1610 3604 1701 3656 τὸν

101 3687 331 3755 κόσμον
356 3687 386 3737 ὁ
426 3684 556 3747 Θεὸς
600 3687 691 3739 xui
727 3688 913 3759 Πατὴρ
964 3691 1021 3741 ὲν
1082 3690 1329 3760 Χριστῴ-
1372 3692 1563 3760 γέγονε
1592 3697 1701 3765 γὰρ

98 3778 281 3847 ἡμῶν
321 3776 547 3846 μεσίτης
594 3778 1025 3851 ὲνανθρωπήσας
1058 3784 1084 3834 6
1111 3782 1255 3844 Υἱὸς,
1292 3784 1385 3836 xui
1407 3780 1518 3838 οἷον
1551 3787 1699 3839 δια).-

94 3869 325 3938 λακτὴς
351 3869 426 3930 εἰς
460 3869 707 3940 εἰρήνην,
744 3872 842 3941 οὐχ
869 3873 1040 3943 ἑτέρῳ
1090 3874 1365 3943 προξενῶν
1394 3878 1503 3929 τῶν
1533 3880 1589 3929 ὲν
1623 3879 1699 3949 τῷ

95 3965 313 4030 κόσμῳ
335 3959 433 4029 τὴν
468 3960 773 4033 ὑποταγὴν,
810 3964 926 4014 ἀλλ’
954 3966 1029 4027 ὡς
1054 3967 1110 4017 ἐν
1140 3966 1254 4035 ἰδίῳ
1292 3968 1591 4039 προσώπῳ,
1620 3970 1699 4040 τῷ

91 4053 239 4123 Θεῷ
266 4054 357 4105 καὶ
385 4053 579 4122 Πατρί.
615 4054 836 4125 Χριστῷ
867 4055 979 4124 γὰρ
1008 4058 1465 4128 κατηλλαγμένοι,
1498 4063 1699 4131 κατηλ-

91 4143 366 4213 λάγμεθα
393 4144 461 4195 δι’
498 4144 663 4197 αὐτοῦ
695 4163 751 4197 τε
789 4146 883 4198 καὶ
911 4147 967 4197 ἐν
1001 4146 1148 4215 αῦτῷ
1180 4148 1257 4216 τῷ
1290 4149 1505 4202 πάντων
1543 4153 1697 4221 ήμῶν

89 4236 331 4305 Σωτῆρι
356 4234 493 4305 Θεῷ.
531 4236 821 4305 Τοιγάρτοι
856 4236 947 4287 xui
977 4234 1183 4303 ἔφασκε
1212 4254 1223 4266 '
1253 4260 1269 4288 ι
1308 4238 1472 4292 Δεῦτε
1498 4242 1696 4305 πάντες

87 4328 251 4398 πρός
296 4344 381 4396 με,
412 4328 462 4379 οἱ
504 4327 892 4387 κεκοπιακότες
928 4327 1023 4379 xui
1064 4332 1513 4399 πεφορτισμένοι,
1539 4333 1697 4401 κάγὼ

82 4416 411 4471 ἀναπαύσω
439 4419 603 4487 ὑμᾶς,
648 4436 665 4466 ι
702 4418 823 4469 ’Ότι
849 4418 904 4469 δὲ
932 4420 1043 4480 τοῖς
1071 4419 1205 4490 πρὸς
1236 4422 1399 4476 αὐτὸν
1432 4423 1602 4477 ἰοῦσιν
1630 4424 1691 4478 ού

83 4510 247 4577 πρὸς
286 4510 473 4579 ἔτερόν
499 4526 619 4561 τινα
657 4509 855 4575 γένοιτ’
890 4510 955 4563 ἂν
992 4512 1031 4581 Η)
1064 4514 1401 4585 καταλλαγὴ,
1435 4517 1574 4587 πλὴν
1610 4519 1691 4571 ὅτι

82 4601 248 4670 πρὸς
297 4602 430 4652 Θεὸν
462 4600 552 4651 τὸν
586 4599 745 4666 φύσει
788 4602 881 4653 xui
915 4596 1150 4673 ἀληθῶς,
1204 4609 1692 4681 πεπληροφὸρηκεν

80 4690 315 4742 εἰπών’
360 4708 379 4740 ι
426 4690 484 4742 Ὀ
512 4690 782 4743 πιστεύων
814 4695 894 4756 είς
928 4696 1027 4762 ἐμὲ
1068 4698 1128 4748 οῦ
1172 4699 1413 4752 πιστεύει
1446 4703 1525 4761 είς
1565 4702 1683 4768 ἐμὲ,

79 4783 217 4839 ἀλλ’
246 4781 330 4844 εἰς
364 4782 457 4835 τὸν
488 4783 782 4852 πέμψαντά
820 4803 909 4855 με.
945 4789 1050 4841 Καὶ
1077 4791 1105 4841 6
1143 4790 1364 4859 θεωρῶν
1414 4788 1513 4858 ἐμὲ
1550 4790 1683 4842 θεω-

83 4877 189 4947 ρεῖ
212 4874 308 4926 τὸν
335 4873 625 4943 πέμψαντά
657 4893 742 4945 με.
760 4897 777 4929 ι
815 4878 933 4929 Ὀτὲ
963 4877 1018 4929 δὲ
1048 4878 1228 4931 πάλιν·
1254 4898 1270 4928 ι
1293 4878 1580 4930 Πιστεύετε
1607 4880 1687 4940 είς

75 4970 192 5022 τὸν
228 4967 384 5033 Θεὸν,
418 4967 511 5019 xui
532 4968 610 5031 εις
641 4969 740 5038 ἐμὲ
767 4968 1071 5021 πιστεύετε.
1097 4987 1115 5019 ι

165 5223 311 5275 ιιιθι.
350 5239 370 5270 ο
418 5224 620 5293 Πάτερ,
647 5226 905 5295 ἐλήλυθεν
950 5224 1149 5296 ἠῶρα,
1195 5223 1415 5289 δόξασόν
1458 5244 1552 5278 σου
1591 5228 1684 5282 τὸν

74 5315 256 5375 Υὶδν,
303 5312 387 5364 ἵνα
431 5319 528 5364 καὶ
555 5315 582 5365 6
612 5314 739 5377 Υἱός
774 5334 866 5368 σου
890 5317 1086 5385 δοξάσῃ
1130 5332 1209 5368 σε.
1252 5314 1448 5377 Καθὼς
1476 5316 1682 5383 ἔδωκας

69 5402 253 5472 αὐτῷ
304 5402 553 5483 ἐξουσίαν
594 5406 773 5473 πάσης
823 5408 1043 5475 σαρκὸς,
1088 5408 1171 5459 ἵνα
1224 5409 1331 5459 πᾶν
1374 5407 1401 5460 ὃ
1441 5408 1681 5475 δέδωκας

71 5493 275 5565 abuit,
308 5493 454 5565 δὼσῃ
494 5495 676 5557 αὐτοῖς
708 5495 1115 5566 ζωὴνάἰώνιον.
1146 5517 1164 5549 ι
1196 5498 1545 5573 Παράκλητος
1578 5505 1680 5574 μὲν

170 5670 213 5699 ’⁸
256 5668 270 5719 1
308 5668 431 5722 Cor.
467 5670 602 5730 tt,:!.
686 5669 726 5697 ”
761 5666 797 5719 Il
825 5667 948 5722 Cor.
985 5686 1100 5726 vnt.
1130 5670 1179 5723 9.

70 5741 184 5801 44,
220 5740 317 5793 £5.
395 5739 437 5769 ¹⁰
465 5737 620 5795 Jouu.
651 5755 758 5805 xw,
796 5740 844 5795 I.
912 5745 965 5773 ‘“
1006 5741 1158 5796 Joan.
1189 5760 1316 5811 xvu,
1351 5750 1397 5810 ι,
1438 5749 1489 5801 2.

1786 5334 1845 5377 ιιι
1890 5334 1943 5378 ct
1998 5325 2165 5380 Filius

1266 5671 1305 5701 "
1338 5671 1492 5729 Joan.
1524 5695 1604 5743 ιιι,
1642 5681 1726 5737 55.

1810 3240 1916 3292 sto,
1946 3230 2202 3283 mundqu
2232 3231 2583 3285 reconcilians
2606 3232 2707 3287 sibi
2734 3233 2798 3289 ".
2827 3252 2847 3285 ι
2872 3234 2966 3288 llic
2998 3247 3173 3291 autem
3196 3254 3400 3307 nequa-

1808 3336 1969 3388 quam
2017 3323 2336 3387 asserimus,
2378 3324 2427 3377 id
2460 3326 2602 3393 quod
2639 3326 2887 3383 rudiorcs
2924 3330 3141 3398 quidam
3168 3331 3397 3394 faciunt.

1807 3410 1968 3464 alium
2036 3412 2105 3465 ab
2155 3427 2220 3466 eo
2271 3428 2429 3482 quem
2476 3430 2628 3471 sacra
2672 3415 2848 3487 Virgo
2896 3421 3057 3491 169
3108 3422 3163 3475 iu
3220 3424 3394 3479 lucem

1804 3503 2006 3567 edidit,
2038 3503 2313 3558 Christum
2365 3507 2416 3559 in
2454 3508 2671 3562 homine
2705 3510 3074 3579 inhabitasse,
3109 3519 3397 3570 mundum-

1803 3613 1909 3666 que
1961 3597 2068 3651 sibi
2109 3599 2535 3664 recouciliasse;
2581 3600 2675 3655 sed
2722 3602 3009 3670 ipsumutet
3070 3606 3235 3661 Deum
3290 3608 3392 3661 ιδη.

1803 3695 1938 3739 trem
1971 3688 2022 3738 in
2086 3686 2302 3743 Christo
2353 3691 2609 3743 mundum
2653 3692 2755 3746 sibi
2790 3695 3251 3753 recouciliarisse.
3308 3700 3392 3754 Fi-

1802 3780 1903 3834 lius
1946 3795 2177 3848 namque
2231 3794 2347 3850 post
2381 3784 2676 3837 humanam
2746 3797 2994 3841 naturam
3057 3802 3389 3860 assumptatu

1802 3868 1976 3922 Iactus
2037 3879 2120 3923 est
2187 3871 2492 3935 mediator,
2566 3883 2622 3925 et
2680 3876 2746 3927 ad
2777 3890 2965 3944 pacem
3041 3880 3387 3934 obtinendam

1800 3961 2205 4028 quodammodo
2266 3965 2683 4028 reconciliatur,
2720 3982 2826 4020 non
2876 3968 3039 4021 alteri
3074 3970 3305 4038 cuipiam
3334 3972 3386 4026 in

1800 4052 1999 4106 mundo
2043 4052 2408 4108 obedientiam
2445 4057 2773 4121 concilians,
2810 4061 2906 4113 sed
2934 4072 2998 4114 ut
3064 4063 3115 4115 in
3168 4066 3386 4131 propria

1798 4157 2027 4209 persona
2057 4144 2167 4198 Deo
2213 4145 2359 4199 Patri
2393 4165 2406 4200 :
2458 4149 2897 4218 quandoquidem
2953 4152 3170 4208 Christo
3202 4171 3389 4209 recou~

1797 4233 1967 4286 ciliati
1990 4272 2005 4297 ,
2042 4249 2139 4303 per
2168 4235 2344 4304 ipsum
2389 4248 2443 4291 ct
2473 4240 2524 4291 iu
2560 4241 2676 4309 ipso
2699 4281 2715 4303 ,
2769 4244 2879 4296 Deo
2904 4260 3117 4313 quoque
3144 4249 3385 4301 omnium

1799 4322 2063 4378 Salvatori
2126 4330 2564 4383 reconciliantur.
2619 4331 2754 4385 IIinc
2791 4334 2963 4388 illud:
3005 4354 3022 4384 ι
3060 4335 3249 4389 Venite
3321 4341 3387 4393 ad

1798 4430 1902 4479 nte,
1940 4432 2127 4470 omnes
2171 4419 2261 4484 qui
2293 4419 2553 4472 laboratis
2602 4433 2653 4474 et
2694 4424 2903 4475 onerati
2963 4424 3118 4489 estis,
3174 4436 3228 4479 et
3284 4445 3387 4498 ego

1802 4504 2039 4559 reﬁciam
2082 4506 2269 4559 vos".
2302 4524 2319 4555 ι
2374 4506 2527 4570 Quod
2565 4508 2597 4561 ii
2653 4519 2834 4561 autem
2881 4512 2971 4578 qui
3021 4513 3086 4566 ad
3142 4515 3293 4569 illum
3328 4534 3393 4573 se

1799 4594 2134 4661 adjuuguut,
2218 4609 2323 4647 non
2381 4595 2539 4650 alteri
2599 4599 2831 4667 cuipiam
2915 4579 3393 4676 reconcilientur,

1797 4697 1957 4749 quam
1992 4697 2121 4735 vero
2184 4686 2526 4756 naturalique
2587 4687 2733 4753 Deo,
2793 4690 2921 4746 illud
2962 4694 3101 4747 idem
3160 4697 3271 4765 ipse
3302 4700 3388 4752 his

1796 4771 1975 4825 verbis
2047 4775 2388 4843 perspicuqu
2460 4779 2593 4834 facit
2625 4798 2637 4809 '
2679 4798 2697 4831 ι
2736 4780 2876 4848 Qui,
2948 4783 3158 4853 inquit,
3210 4788 3390 4845 credit

1795 4861 1850 4915 in
1911 4878 2033 4927 me,
2070 4881 2175 4919 non
2207 4870 2380 4924 credit
2412 4870 2463 4925 in
2501 4888 2587 4927 me
2614 4912 2629 4935 ,
2662 4875 2755 4927 scd
2824 4874 2874 4927 iu
2920 4891 3047 4928 eum
3088 4877 3179 4943 qui
3237 4878 3389 4933 misit.

1794 4969 1899 5011 me.
1942 4956 2008 5012 Et
2048 4961 2137 5029 qui
2173 4961 2315 5016 videt
2347 4979 2465 5029 me,
2503 4966 2645 5018 videt
2674 4982 2796 5019 cum
2845 4968 2933 5033 qui
2990 4968 3137 5021 misit
3167 4983 3248 5023 me
3278 4972 3338 5023 ".
3358 4992 3385 5025 ι.

1795 5046 1859 5101 Et
1912 5065 2171 5127 rursum;
2210 5072 2229 5105 ι
2291 5055 2507 5111 Credite
2564 5056 2615 5110 iu
2671 5055 2885 5121 Deum,
2925 5058 3055 5113 etin
3111 5077 3199 5117 me
3254 5078 3379 5117 crc-

1791 5140 1900 5194 dite
1922 5142 1982 5195 ¹⁰.
2001 5163 2019 5195 ι

1860 5230 2046 5286 XLIX.
2081 5252 2099 5285 ι
2137 5237 2315 5300 Pater,
2348 5246 2494 5289 venit
2523 5252 2677 5301 nora,
2713 5239 2947 5293 clariﬁca
2977 5239 3167 5293 Filium
3204 5252 3372 5307 tuum,

2238 5337 2364 5381 tuus
2429 5328 2691 5383 clariﬁcet
2734 5341 2805 5385 te.
2864 5332 3014 5386 Sicut
3072 5334 3265 5388 dedisti
3320 5336 3375 5389 ei

1790 5422 2106 5481 potestatem
2144 5418 2321 5471 omnis
2352 5419 2564 5479 carnis,
2604 5431 2661 5473 ut
2692 5438 2852 5476 omne
2898 5426 3038 5491 quod
3068 5422 3262 5476 dedisti
3294 5426 3367 5491 ei,

1788 5506 1877 5560 det
1900 5506 1979 5561 eis
2026 5507 2190 5560 vitam
2236 5512 2581 5566 :cternam“.
2615 5532 2633 5565 ι
2677 5512 2980 5567 Advocatus
3021 5523 3073 5567 ct
3104 5514 3363 5583 propitia-

1834 5683 1870 5713 ”
1911 5682 1949 5736 Il
1976 5682 2097 5737 Cur.
2136 5699 2183 5750 ν,
2226 5685 2305 5740 I9.
2419 5688 2458 5717 ¹⁸
2489 5688 2675 5743 Matth.
2710 5705 2783 5756 xl,
2815 5688 2906 5743 ‘28.
2990 5690 3029 5721 ¹⁹
3062 5690 3214 5747 Joau.
3260 5708 3361 5761 xtl,
