  <div class='ocr_page' id='page_1' title='image "/cluster/home/n/w/nwhite01/storage/ocr_20150623/76/ien.35556001661040/713.png"; bbox 0 0 4042 6486; ppageno 0'>
   <div class='ocr_carea' id='block_1_1' title="bbox 644 353 783 409">
    <p class='ocr_par' dir='ltr' id='par_1_1' title="bbox 644 353 783 409">
     <span class='ocr_line' id='line_1_1' title="bbox 644 353 783 409; baseline -0.014 -1"><span class='ocrx_word' id='word_1_1' title='bbox 644 353 783 409; x_wconf 72' lang='grc'><strong>1405</strong></span> 
     </span>
    </p>
   </div>
   <div class='ocr_carea' id='block_1_2' title="bbox 641 470 2291 542">
    <p class='ocr_par' dir='ltr' id='par_1_2' title="bbox 641 470 2291 542">
     <span class='ocr_line' id='line_1_2' title="bbox 641 470 2291 542; baseline 0.003 -18"><span class='ocrx_word' id='word_1_2' title='bbox 641 480 728 525; x_wconf 91' lang='lat' dir='ltr'><strong>tor</strong></span> <span class='ocrx_word' id='word_1_3' title='bbox 783 471 1082 541; x_wconf 76' lang='lat' dir='ltr'><strong>appellatur</strong></span> <span class='ocrx_word' id='word_1_4' title='bbox 1135 470 1387 524; x_wconf 77' lang='lat' dir='ltr'><strong>Filius“.</strong></span> <span class='ocrx_word' id='word_1_5' title='bbox 1429 470 1542 539; x_wconf 86' lang='lat' dir='ltr'><strong>Ipse</strong></span> <span class='ocrx_word' id='word_1_6' title='bbox 1589 472 1732 525; x_wconf 90' lang='lat' dir='ltr'><strong>enim</strong></span> <span class='ocrx_word' id='word_1_7' title='bbox 1767 475 2074 528; x_wconf 86' lang='lat' dir='ltr'><strong>horninibus</strong></span> <span class='ocrx_word' id='word_1_8' title='bbox 2116 490 2219 529; x_wconf 81' lang='lat' dir='ltr'><strong>coe-</strong></span> <span class='ocrx_word' id='word_1_9' title='bbox 2249 491 2291 542; x_wconf 76' lang='grc' dir='ltr'><strong>Α</strong></span> 
     </span>
    </p>
   </div>
   <div class='ocr_carea' id='block_1_3' title="bbox 642 563 2213 635">
    <p class='ocr_par' dir='ltr' id='par_1_3' title="bbox 642 563 2213 635">
     <span class='ocr_line' id='line_1_3' title="bbox 642 563 2213 635; baseline 0.004 -21"><span class='ocrx_word' id='word_1_10' title='bbox 642 563 831 616; x_wconf 85' lang='lat' dir='ltr'><strong>testem</strong></span> <span class='ocrx_word' id='word_1_11' title='bbox 890 563 1104 617; x_wconf 81' lang='lat' dir='ltr'><strong>Patrem</strong></span> <span class='ocrx_word' id='word_1_12' title='bbox 1186 563 1500 617; x_wconf 86' lang='lat' dir='ltr'><strong>benevolum</strong></span> <span class='ocrx_word' id='word_1_13' title='bbox 1551 567 1944 635; x_wconf 89' lang='lat' dir='ltr'><strong>propitiumque</strong></span> <span class='ocrx_word' id='word_1_14' title='bbox 1997 569 2213 631; x_wconf 89' lang='lat' dir='ltr'><strong>reddit,</strong></span> 
     </span>
    </p>
   </div>
   <div class='ocr_carea' id='block_1_4' title="bbox 641 652 2216 718">
    <p class='ocr_par' dir='ltr' id='par_1_4' title="bbox 641 652 2216 718">
     <span class='ocr_line' id='line_1_4' title="bbox 641 652 2216 718; baseline 0.006 -15"><span class='ocrx_word' id='word_1_15' title='bbox 641 662 804 718; x_wconf 88' lang='lat' dir='ltr'><strong>atque</strong></span> <span class='ocrx_word' id='word_1_16' title='bbox 844 652 964 707; x_wconf 89' lang='lat' dir='ltr'><strong>ideo</strong></span> <span class='ocrx_word' id='word_1_17' title='bbox 999 654 1235 707; x_wconf 90' lang='lat' dir='ltr'><strong>omnium</strong></span> <span class='ocrx_word' id='word_1_18' title='bbox 1283 655 1540 707; x_wconf 88' lang='lat' dir='ltr'><strong>bonorum</strong></span> <span class='ocrx_word' id='word_1_19' title='bbox 1577 658 1730 710; x_wconf 89' lang='lat' dir='ltr'><strong>nobis</strong></span> <span class='ocrx_word' id='word_1_20' title='bbox 1763 668 1951 712; x_wconf 89' lang='lat' dir='ltr'><strong>auctor</strong></span> <span class='ocrx_word' id='word_1_21' title='bbox 1984 667 2083 712; x_wconf 92' lang='lat' dir='ltr'><strong>est.</strong></span> <span class='ocrx_word' id='word_1_22' title='bbox 2124 660 2216 713; x_wconf 85' lang='lat' dir='ltr'><strong>Ve-</strong></span> 
     </span>
    </p>
   </div>
   <div class='ocr_carea' id='block_1_5' title="bbox 641 743 2212 816">
    <p class='ocr_par' dir='ltr' id='par_1_5' title="bbox 641 743 2212 816">
     <span class='ocr_line' id='line_1_5' title="bbox 641 743 2212 816; baseline 0.006 -22"><span class='ocrx_word' id='word_1_23' title='bbox 641 753 944 796; x_wconf 83' lang='lat' dir='ltr'><strong>rumtamen</strong></span> <span class='ocrx_word' id='word_1_24' title='bbox 1021 743 1369 812; x_wconf 74' lang='lat' dir='ltr'><strong>inquisitione</strong></span> <span class='ocrx_word' id='word_1_25' title='bbox 1408 745 1630 814; x_wconf 82' lang='lat' dir='ltr'><strong>(lignum</strong></span> <span class='ocrx_word' id='word_1_26' title='bbox 1663 756 1782 812; x_wconf 86' lang='lat' dir='ltr'><strong>est,</strong></span> <span class='ocrx_word' id='word_1_27' title='bbox 1836 764 2068 816; x_wconf 88' lang='lat' dir='ltr'><strong>quanam</strong></span> <span class='ocrx_word' id='word_1_28' title='bbox 2123 765 2212 802; x_wconf 90' lang='lat' dir='ltr'><strong>ra-</strong></span> 
     </span>
    </p>
   </div>
   <div class='ocr_carea' id='block_1_6' title="bbox 639 832 2213 908">
    <p class='ocr_par' dir='ltr' id='par_1_6' title="bbox 639 832 2213 908">
     <span class='ocr_line' id='line_1_6' title="bbox 639 832 2213 908; baseline 0.006 -26"><span class='ocrx_word' id='word_1_29' title='bbox 639 832 784 886; x_wconf 80' lang='lat' dir='ltr'><strong>tione</strong></span> <span class='ocrx_word' id='word_1_30' title='bbox 819 832 975 886; x_wconf 83' lang='lat' dir='ltr'><strong>Pater</strong></span> <span class='ocrx_word' id='word_1_31' title='bbox 1005 833 1263 902; x_wconf 80' lang='lat' dir='ltr'><strong>gloriﬁcet</strong></span> <span class='ocrx_word' id='word_1_32' title='bbox 1294 834 1484 889; x_wconf 84' lang='lat' dir='ltr'><strong>Filium</strong></span> <span class='ocrx_word' id='word_1_33' title='bbox 1533 845 1586 890; x_wconf 90' lang='lat' dir='ltr'><strong>et</strong></span> <span class='ocrx_word' id='word_1_34' title='bbox 1633 835 1802 890; x_wconf 83' lang='lat' dir='ltr'><strong>Filius</strong></span> <span class='ocrx_word' id='word_1_35' title='bbox 1833 839 2068 892; x_wconf 87' lang='lat' dir='ltr'><strong>vicissim</strong></span> <span class='ocrx_word' id='word_1_36' title='bbox 2098 839 2213 908; x_wconf 77' lang='lat' dir='ltr'><strong>glo-</strong></span> 
     </span>
    </p>
   </div>
   <div class='ocr_carea' id='block_1_7' title="bbox 640 922 2214 996">
    <p class='ocr_par' dir='ltr' id='par_1_7' title="bbox 640 922 2214 996">
     <span class='ocr_line' id='line_1_7' title="bbox 640 922 2214 996; baseline 0.006 -21"><span class='ocrx_word' id='word_1_37' title='bbox 640 922 812 978; x_wconf 89' lang='lat' dir='ltr'><strong>rillcet</strong></span> <span class='ocrx_word' id='word_1_38' title='bbox 853 923 1090 979; x_wconf 89' lang='lat' dir='ltr'><strong>Patrem.</strong></span> <span class='ocrx_word' id='word_1_39' title='bbox 1123 926 1212 979; x_wconf 83' lang='lat' dir='ltr'><strong>Ait</strong></span> <span class='ocrx_word' id='word_1_40' title='bbox 1239 941 1368 996; x_wconf 80' lang='lat' dir='ltr'><strong>ergo</strong></span> <span class='ocrx_word' id='word_1_41' title='bbox 1402 929 1685 982; x_wconf 82' lang='lat' dir='ltr'><strong>advenisse</strong></span> <span class='ocrx_word' id='word_1_42' title='bbox 1735 930 1956 995; x_wconf 86' lang='lat' dir='ltr'><strong>horam,</strong></span> <span class='ocrx_word' id='word_1_43' title='bbox 1991 932 2091 984; x_wconf 90' lang='lat' dir='ltr'><strong>hoc</strong></span> <span class='ocrx_word' id='word_1_44' title='bbox 2131 939 2214 985; x_wconf 87' lang='lat' dir='ltr'><strong>est</strong></span> 
     </span>
    </p>
   </div>
   <div class='ocr_carea' id='block_1_8' title="bbox 641 1015 2213 1089">
    <p class='ocr_par' dir='ltr' id='par_1_8' title="bbox 641 1015 2213 1089">
     <span class='ocr_line' id='line_1_8' title="bbox 641 1015 2213 1089; baseline 0.005 -24"><span class='ocrx_word' id='word_1_45' title='bbox 641 1023 884 1083; x_wconf 88' lang='lat' dir='ltr'><strong>tempus,</strong></span> <span class='ocrx_word' id='word_1_46' title='bbox 943 1015 996 1069; x_wconf 92' lang='lat' dir='ltr'><strong>in</strong></span> <span class='ocrx_word' id='word_1_47' title='bbox 1046 1033 1152 1086; x_wconf 90' lang='lat' dir='ltr'><strong>quo</strong></span> <span class='ocrx_word' id='word_1_48' title='bbox 1181 1017 1351 1086; x_wconf 90' lang='lat' dir='ltr'><strong>ipsum</strong></span> <span class='ocrx_word' id='word_1_49' title='bbox 1385 1019 1542 1087; x_wconf 81' lang='lat' dir='ltr'><strong>plane</strong></span> <span class='ocrx_word' id='word_1_50' title='bbox 1579 1034 1677 1089; x_wconf 91' lang='lat' dir='ltr'><strong>pro</strong></span> <span class='ocrx_word' id='word_1_51' title='bbox 1719 1023 1902 1074; x_wconf 87' lang='lat' dir='ltr'><strong>mundi</strong></span> <span class='ocrx_word' id='word_1_52' title='bbox 1955 1022 2061 1075; x_wconf 86' lang='lat' dir='ltr'><strong>vita</strong></span> <span class='ocrx_word' id='word_1_53' title='bbox 2092 1038 2213 1075; x_wconf 83' lang='lat' dir='ltr'><strong>cru-</strong></span> 
     </span>
    </p>
   </div>
   <div class='ocr_carea' id='block_1_9' title="bbox 637 1101 2208 1177">
    <p class='ocr_par' dir='ltr' id='par_1_9' title="bbox 637 1101 2208 1177">
     <span class='ocr_line' id='line_1_9' title="bbox 637 1101 2208 1177; baseline 0.006 -23"><span class='ocrx_word' id='word_1_54' title='bbox 637 1101 717 1155; x_wconf 89' lang='lat' dir='ltr'><strong>cis</strong></span> <span class='ocrx_word' id='word_1_55' title='bbox 757 1102 1294 1170; x_wconf 77' lang='lat' dir='ltr'><strong>supplicittmsubire</strong></span> <span class='ocrx_word' id='word_1_56' title='bbox 1342 1116 1640 1176; x_wconf 83' lang='lat' dir='ltr'><strong>oporteret.</strong></span> <span class='ocrx_word' id='word_1_57' title='bbox 1692 1109 1796 1162; x_wconf 84' lang='lat' dir='ltr'><strong>Par</strong></span> <span class='ocrx_word' id='word_1_58' title='bbox 1822 1119 1938 1163; x_wconf 87' lang='lat' dir='ltr'><strong>erat</strong></span> <span class='ocrx_word' id='word_1_59' title='bbox 1988 1120 2166 1165; x_wconf 89' lang='lat' dir='ltr'><strong>autem</strong></span> <span class='ocrx_word' id='word_1_60' title='bbox 2193 1154 2208 1177; x_wconf 88' lang='lat'><strong>,</strong></span> 
     </span>
    </p>
   </div>
   <div class='ocr_carea' id='block_1_10' title="bbox 636 1190 2213 1266">
    <p class='ocr_par' dir='ltr' id='par_1_10' title="bbox 636 1190 2213 1266">
     <span class='ocr_line' id='line_1_10' title="bbox 636 1190 2213 1266; baseline 0.006 -22"><span class='ocrx_word' id='word_1_61' title='bbox 636 1201 697 1244; x_wconf 92' lang='lat' dir='ltr'><strong>ut</strong></span> <span class='ocrx_word' id='word_1_62' title='bbox 739 1190 898 1246; x_wconf 84' lang='lat' dir='ltr'><strong>l’ater</strong></span> <span class='ocrx_word' id='word_1_63' title='bbox 939 1191 1131 1247; x_wconf 87' lang='lat' dir='ltr'><strong>Filiutn</strong></span> <span class='ocrx_word' id='word_1_64' title='bbox 1161 1210 1259 1265; x_wconf 89' lang='lat' dir='ltr'><strong>per</strong></span> <span class='ocrx_word' id='word_1_65' title='bbox 1287 1198 1735 1251; x_wconf 76' lang='lat' dir='ltr'><strong>resurrecdonem</strong></span> <span class='ocrx_word' id='word_1_66' title='bbox 1765 1214 1828 1251; x_wconf 78' lang='lat' dir='ltr'><strong>ex</strong></span> <span class='ocrx_word' id='word_1_67' title='bbox 1860 1201 2081 1253; x_wconf 76' lang='lat' dir='ltr'><strong>mortuis</strong></span> <span class='ocrx_word' id='word_1_68' title='bbox 2107 1201 2213 1266; x_wconf 81' lang='lat' dir='ltr'><strong>glo-</strong></span> 
     </span>
    </p>
   </div>
   <div class='ocr_carea' id='block_1_11' title="bbox 637 1281 2207 1355">
    <p class='ocr_par' dir='ltr' id='par_1_11' title="bbox 637 1281 2207 1355">
     <span class='ocr_line' id='line_1_11' title="bbox 637 1281 2207 1355; baseline 0.004 -20"><span class='ocrx_word' id='word_1_69' title='bbox 637 1281 911 1351; x_wconf 84' lang='lat' dir='ltr'><strong>rilicaret,</strong></span> <span class='ocrx_word' id='word_1_70' title='bbox 963 1285 1174 1354; x_wconf 87' lang='lat' dir='ltr'><strong>sibique</strong></span> <span class='ocrx_word' id='word_1_71' title='bbox 1219 1288 1735 1343; x_wconf 77' lang='lat' dir='ltr'><strong>consubstantialem</strong></span> <span class='ocrx_word' id='word_1_72' title='bbox 1791 1299 1846 1343; x_wconf 89' lang='lat' dir='ltr'><strong>et</strong></span> <span class='ocrx_word' id='word_1_73' title='bbox 1891 1290 2158 1344; x_wconf 80' lang='lat' dir='ltr'><strong>vivificum</strong></span> <span class='ocrx_word' id='word_1_74' title='bbox 2192 1330 2207 1355; x_wconf 87' lang='lat'><strong>,</strong></span> 
     </span>
    </p>
   </div>
   <div class='ocr_carea' id='block_1_12' title="bbox 632 1378 2211 1451">
    <p class='ocr_par' dir='ltr' id='par_1_12' title="bbox 632 1378 2211 1451">
     <span class='ocr_line' id='line_1_12' title="bbox 632 1378 2211 1451; baseline 0.007 -25"><span class='ocrx_word' id='word_1_75' title='bbox 632 1381 686 1426; x_wconf 91' lang='lat' dir='ltr'><strong>et</strong></span> <span class='ocrx_word' id='word_1_76' title='bbox 740 1384 913 1428; x_wconf 90' lang='lat' dir='ltr'><strong>morte</strong></span> <span class='ocrx_word' id='word_1_77' title='bbox 963 1378 1334 1443; x_wconf 83' lang='lat' dir='ltr'><strong>superiorem,</strong></span> <span class='ocrx_word' id='word_1_78' title='bbox 1379 1389 1434 1432; x_wconf 92' lang='lat' dir='ltr'><strong>et</strong></span> <span class='ocrx_word' id='word_1_79' title='bbox 1484 1387 1725 1434; x_wconf 89' lang='lat' dir='ltr'><strong>naturam</strong></span> <span class='ocrx_word' id='word_1_80' title='bbox 1781 1396 1807 1432; x_wconf 91' lang='lat' dir='ltr'><strong>a</strong></span> <span class='ocrx_word' id='word_1_81' title='bbox 1865 1383 2211 1451; x_wconf 75' lang='lat' dir='ltr'><strong>corruptione</strong></span> 
     </span>
    </p>
   </div>
   <div class='ocr_carea' id='block_1_13' title="bbox 631 1463 2209 1528">
    <p class='ocr_par' dir='ltr' id='par_1_13' title="bbox 631 1463 2209 1528">
     <span class='ocr_line' id='line_1_13' title="bbox 631 1463 2209 1528; baseline 0.009 -13"><span class='ocrx_word' id='word_1_82' title='bbox 631 1463 861 1518; x_wconf 88' lang='lat' dir='ltr'><strong>alienam</strong></span> <span class='ocrx_word' id='word_1_83' title='bbox 895 1467 1144 1520; x_wconf 89' lang='lat' dir='ltr'><strong>sortitum</strong></span> <span class='ocrx_word' id='word_1_84' title='bbox 1200 1469 1436 1522; x_wconf 84' lang='lat' dir='ltr'><strong>evidenti</strong></span> <span class='ocrx_word' id='word_1_85' title='bbox 1504 1472 1807 1525; x_wconf 88' lang='lat' dir='ltr'><strong>testimonio</strong></span> <span class='ocrx_word' id='word_1_86' title='bbox 1863 1473 2209 1528; x_wconf 79' lang='lat' dir='ltr'><strong>demonstra-</strong></span> 
     </span>
    </p>
   </div>
   <div class='ocr_carea' id='block_1_14' title="bbox 632 1553 2206 1633">
    <p class='ocr_par' dir='ltr' id='par_1_14' title="bbox 632 1553 2206 1633">
     <span class='ocr_line' id='line_1_14' title="bbox 632 1553 2206 1633; baseline 0.006 -27"><span class='ocrx_word' id='word_1_87' title='bbox 632 1563 735 1606; x_wconf 86' lang='lat' dir='ltr'><strong>ret.</strong></span> <span class='ocrx_word' id='word_1_88' title='bbox 772 1553 911 1618; x_wconf 85' lang='lat' dir='ltr'><strong>Quin</strong></span> <span class='ocrx_word' id='word_1_89' title='bbox 948 1557 1062 1624; x_wconf 89' lang='lat' dir='ltr'><strong>ipse</strong></span> <span class='ocrx_word' id='word_1_90' title='bbox 1119 1572 1332 1627; x_wconf 87' lang='lat' dir='ltr'><strong>quoque</strong></span> <span class='ocrx_word' id='word_1_91' title='bbox 1366 1559 1523 1614; x_wconf 85' lang='lat' dir='ltr'><strong>Pater</strong></span> <span class='ocrx_word' id='word_1_92' title='bbox 1573 1563 1671 1615; x_wconf 89' lang='lat' dir='ltr'><strong>hoc</strong></span> <span class='ocrx_word' id='word_1_93' title='bbox 1706 1562 1819 1630; x_wconf 90' lang='lat' dir='ltr'><strong>ipso</strong></span> <span class='ocrx_word' id='word_1_94' title='bbox 1852 1564 2206 1633; x_wconf 84' lang='lat' dir='ltr'><strong>gloriﬁcatur,</strong></span> 
     </span>
    </p>
   </div>
   <div class='ocr_carea' id='block_1_15' title="bbox 630 1643 2208 1723">
    <p class='ocr_par' dir='ltr' id='par_1_15' title="bbox 630 1643 2208 1723">
     <span class='ocr_line' id='line_1_15' title="bbox 630 1643 2208 1723; baseline 0.008 -28"><span class='ocrx_word' id='word_1_95' title='bbox 630 1645 773 1710; x_wconf 85' lang='lat' dir='ltr'><strong>quod</strong></span> <span class='ocrx_word' id='word_1_96' title='bbox 808 1643 1002 1698; x_wconf 85' lang='lat' dir='ltr'><strong>Filium</strong></span> <span class='ocrx_word' id='word_1_97' title='bbox 1056 1647 1248 1702; x_wconf 90' lang='lat' dir='ltr'><strong>decore</strong></span> <span class='ocrx_word' id='word_1_98' title='bbox 1273 1687 1290 1713; x_wconf 92' lang='lat'><strong>,</strong></span> <span class='ocrx_word' id='word_1_99' title='bbox 1347 1651 1549 1718; x_wconf 81' lang='lat' dir='ltr'><strong>gloria,</strong></span> <span class='ocrx_word' id='word_1_100' title='bbox 1587 1655 1930 1721; x_wconf 72' lang='lat' dir='ltr'><strong>potentiaque.</strong></span> <span class='ocrx_word' id='word_1_101' title='bbox 1964 1656 2065 1708; x_wconf 87' lang='lat' dir='ltr'><strong>sibi</strong></span> <span class='ocrx_word' id='word_1_102' title='bbox 2114 1670 2208 1723; x_wconf 90' lang='lat' dir='ltr'><strong>per</strong></span> 
     </span>
    </p>
   </div>
   <div class='ocr_carea' id='block_1_16' title="bbox 628 1735 2208 1810">
    <p class='ocr_par' dir='ltr' id='par_1_16' title="bbox 628 1735 2208 1810">
     <span class='ocr_line' id='line_1_16' title="bbox 628 1735 2208 1810; baseline 0.009 -24"><span class='ocrx_word' id='word_1_103' title='bbox 628 1735 811 1788; x_wconf 88' lang='lat' dir='ltr'><strong>omnia</strong></span> <span class='ocrx_word' id='word_1_104' title='bbox 847 1737 1077 1791; x_wconf 90' lang='lat' dir='ltr'><strong>similem</strong></span> <span class='ocrx_word' id='word_1_105' title='bbox 1115 1739 1326 1793; x_wconf 86' lang='lat' dir='ltr'><strong>habeat.</strong></span> <span class='ocrx_word' id='word_1_106' title='bbox 1362 1743 1540 1809; x_wconf 83' lang='lat' dir='ltr'><strong>Atque</strong></span> <span class='ocrx_word' id='word_1_107' title='bbox 1569 1743 1708 1796; x_wconf 90' lang='lat' dir='ltr'><strong>istud</strong></span> <span class='ocrx_word' id='word_1_108' title='bbox 1745 1744 1945 1810; x_wconf 85' lang='lat' dir='ltr'><strong>liquido</strong></span> <span class='ocrx_word' id='word_1_109' title='bbox 1972 1748 2208 1800; x_wconf 87' lang='lat' dir='ltr'><strong>ostendit</strong></span> 
     </span>
    </p>
   </div>
   <div class='ocr_carea' id='block_1_17' title="bbox 627 1822 2281 1904">
    <p class='ocr_par' dir='ltr' id='par_1_17' title="bbox 627 1822 2281 1904">
     <span class='ocr_line' id='line_1_17' title="bbox 627 1822 2281 1904; baseline 0.01 -29"><span class='ocrx_word' id='word_1_110' title='bbox 627 1822 828 1892; x_wconf 81' lang='lat' dir='ltr'><strong>Filius,</strong></span> <span class='ocrx_word' id='word_1_111' title='bbox 857 1841 976 1881; x_wconf 88' lang='lat' dir='ltr'><strong>cum</strong></span> <span class='ocrx_word' id='word_1_112' title='bbox 1030 1830 1218 1884; x_wconf 93' lang='lat' dir='ltr'><strong>mortis</strong></span> <span class='ocrx_word' id='word_1_113' title='bbox 1252 1831 1476 1900; x_wconf 90' lang='lat' dir='ltr'><strong>imperio</strong></span> <span class='ocrx_word' id='word_1_114' title='bbox 1507 1833 1761 1888; x_wconf 89' lang='lat' dir='ltr'><strong>demolito</strong></span> <span class='ocrx_word' id='word_1_115' title='bbox 1787 1874 1802 1898; x_wconf 94' lang='lat'><strong>,</strong></span> <span class='ocrx_word' id='word_1_116' title='bbox 1855 1853 2008 1888; x_wconf 90' lang='lat' dir='ltr'><strong>suum</strong></span> <span class='ocrx_word' id='word_1_117' title='bbox 2036 1837 2204 1904; x_wconf 84' lang='lat' dir='ltr'><strong>ipsius</strong></span> <span class='ocrx_word' id='word_1_118' title='bbox 2240 1838 2281 1894; x_wconf 78' lang='grc' dir='ltr'><strong><em>Β</em></strong></span> 
     </span>
    </p>
   </div>
   <div class='ocr_carea' id='block_1_18' title="bbox 629 1916 2208 1984">
    <p class='ocr_par' dir='ltr' id='par_1_18' title="bbox 629 1916 2208 1984">
     <span class='ocr_line' id='line_1_18' title="bbox 629 1916 2208 1984; baseline 0.008 -18"><span class='ocrx_word' id='word_1_119' title='bbox 629 1916 884 1984; x_wconf 90' lang='lat' dir='ltr'><strong>templum</strong></span> <span class='ocrx_word' id='word_1_120' title='bbox 947 1931 976 1970; x_wconf 86' lang='lat' dir='ltr'><strong>a</strong></span> <span class='ocrx_word' id='word_1_121' title='bbox 1035 1919 1258 1972; x_wconf 88' lang='lat' dir='ltr'><strong>mortuis</strong></span> <span class='ocrx_word' id='word_1_122' title='bbox 1303 1923 1678 1976; x_wconf 81' lang='lat' dir='ltr'><strong>exsuscitavit.</strong></span> <span class='ocrx_word' id='word_1_123' title='bbox 1726 1923 2208 1978; x_wconf 76' lang='lat' dir='ltr'><strong>Vcrumentmvero</strong></span> 
     </span>
    </p>
   </div>
   <div class='ocr_carea' id='block_1_19' title="bbox 625 2005 2207 2080">
    <p class='ocr_par' dir='ltr' id='par_1_19' title="bbox 625 2005 2207 2080">
     <span class='ocr_line' id='line_1_19' title="bbox 625 2005 2207 2080; baseline 0.007 -22"><span class='ocrx_word' id='word_1_124' title='bbox 625 2005 754 2060; x_wconf 88' lang='lat' dir='ltr'><strong>licet</strong></span> <span class='ocrx_word' id='word_1_125' title='bbox 805 2017 863 2060; x_wconf 92' lang='lat' dir='ltr'><strong>ut</strong></span> <span class='ocrx_word' id='word_1_126' title='bbox 921 2008 1079 2061; x_wconf 88' lang='lat' dir='ltr'><strong>bonto</strong></span> <span class='ocrx_word' id='word_1_127' title='bbox 1107 2008 1194 2075; x_wconf 87' lang='lat' dir='ltr'><strong>jus</strong></span> <span class='ocrx_word' id='word_1_128' title='bbox 1257 2019 1690 2080; x_wconf 76' lang='lat' dir='ltr'><strong>potestatemque</strong></span> <span class='ocrx_word' id='word_1_129' title='bbox 1733 2014 1791 2070; x_wconf 89' lang='lat' dir='ltr'><strong>in</strong></span> <span class='ocrx_word' id='word_1_130' title='bbox 1835 2029 2023 2068; x_wconf 89' lang='lat' dir='ltr'><strong>omnes</strong></span> <span class='ocrx_word' id='word_1_131' title='bbox 2050 2030 2207 2069; x_wconf 85' lang='lat' dir='ltr'><strong>acce-</strong></span> 
     </span>
    </p>
   </div>
   <div class='ocr_carea' id='block_1_20' title="bbox 628 2097 2206 2166">
    <p class='ocr_par' dir='ltr' id='par_1_20' title="bbox 628 2097 2206 2166">
     <span class='ocr_line' id='line_1_20' title="bbox 628 2097 2206 2166; baseline 0.006 -18"><span class='ocrx_word' id='word_1_132' title='bbox 628 2097 774 2166; x_wconf 88' lang='lat' dir='ltr'><strong>pisse</strong></span> <span class='ocrx_word' id='word_1_133' title='bbox 827 2098 1214 2165; x_wconf 86' lang='lat' dir='ltr'><strong>perltibeatur,</strong></span> <span class='ocrx_word' id='word_1_134' title='bbox 1286 2110 1344 2154; x_wconf 92' lang='lat' dir='ltr'><strong>ut</strong></span> <span class='ocrx_word' id='word_1_135' title='bbox 1395 2101 1531 2155; x_wconf 88' lang='lat' dir='ltr'><strong>Deus</strong></span> <span class='ocrx_word' id='word_1_136' title='bbox 1575 2113 1750 2157; x_wconf 87' lang='lat' dir='ltr'><strong>tamen</strong></span> <span class='ocrx_word' id='word_1_137' title='bbox 1802 2105 2071 2160; x_wconf 83' lang='lat' dir='ltr'><strong>universis</strong></span> <span class='ocrx_word' id='word_1_138' title='bbox 2123 2121 2206 2158; x_wconf 79' lang='lat' dir='ltr'><strong>rc-</strong></span> 
     </span>
    </p>
   </div>
   <div class='ocr_carea' id='block_1_21' title="bbox 629 2190 2202 2249">
    <p class='ocr_par' dir='ltr' id='par_1_21' title="bbox 629 2190 2202 2249">
     <span class='ocr_line' id='line_1_21' title="bbox 629 2190 2202 2249; baseline 0.004 -8"><span class='ocrx_word' id='word_1_139' title='bbox 629 2205 746 2241; x_wconf 89' lang='lat' dir='ltr'><strong>rum</strong></span> <span class='ocrx_word' id='word_1_140' title='bbox 789 2190 996 2245; x_wconf 86' lang='lat' dir='ltr'><strong>naturis</strong></span> <span class='ocrx_word' id='word_1_141' title='bbox 1047 2191 1298 2248; x_wconf 81' lang='lat' dir='ltr'><strong>absolute</strong></span> <span class='ocrx_word' id='word_1_142' title='bbox 1340 2194 1739 2248; x_wconf 87' lang='lat' dir='ltr'><strong>dominabatur.</strong></span> <span class='ocrx_word' id='word_1_143' title='bbox 1777 2194 1936 2249; x_wconf 87' lang='lat' dir='ltr'><strong>Pater</strong></span> <span class='ocrx_word' id='word_1_144' title='bbox 1990 2211 2202 2248; x_wconf 88' lang='lat' dir='ltr'><strong>rursum</strong></span> 
     </span>
    </p>
   </div>
   <div class='ocr_carea' id='block_1_22' title="bbox 624 2279 2202 2353">
    <p class='ocr_par' dir='ltr' id='par_1_22' title="bbox 624 2279 2202 2353">
     <span class='ocr_line' id='line_1_22' title="bbox 624 2279 2202 2353; baseline 0.005 -21"><span class='ocrx_word' id='word_1_145' title='bbox 624 2279 690 2333; x_wconf 88' lang='lat' dir='ltr'><strong>iis</strong></span> <span class='ocrx_word' id='word_1_146' title='bbox 739 2280 828 2347; x_wconf 89' lang='lat' dir='ltr'><strong>qui</strong></span> <span class='ocrx_word' id='word_1_147' title='bbox 869 2280 1004 2335; x_wconf 87' lang='lat' dir='ltr'><strong>Filio</strong></span> <span class='ocrx_word' id='word_1_148' title='bbox 1038 2281 1147 2335; x_wconf 84' lang='lat' dir='ltr'><strong>dati</strong></span> <span class='ocrx_word' id='word_1_149' title='bbox 1195 2293 1323 2337; x_wconf 91' lang='lat' dir='ltr'><strong>sunt</strong></span> <span class='ocrx_word' id='word_1_150' title='bbox 1351 2286 1515 2338; x_wconf 83' lang='lat' dir='ltr'><strong>vitam</strong></span> <span class='ocrx_word' id='word_1_151' title='bbox 1548 2294 1801 2338; x_wconf 71' lang='lat' dir='ltr'><strong>tl&#39;lel&#39;llﬂlll</strong></span> <span class='ocrx_word' id='word_1_152' title='bbox 1855 2289 2202 2353; x_wconf 89' lang='lat' dir='ltr'><strong>impertitur:</strong></span> 
     </span>
    </p>
   </div>
   <div class='ocr_carea' id='block_1_23' title="bbox 623 2368 2201 2444">
    <p class='ocr_par' dir='ltr' id='par_1_23' title="bbox 623 2368 2201 2444">
     <span class='ocr_line' id='line_1_23' title="bbox 623 2368 2201 2444; baseline 0.005 -25"><span class='ocrx_word' id='word_1_153' title='bbox 623 2377 680 2420; x_wconf 88' lang='lat' dir='ltr'><strong>at</strong></span> <span class='ocrx_word' id='word_1_154' title='bbox 731 2368 817 2420; x_wconf 92' lang='lat' dir='ltr'><strong>ille</strong></span> <span class='ocrx_word' id='word_1_155' title='bbox 868 2369 1079 2423; x_wconf 89' lang='lat' dir='ltr'><strong>interim</strong></span> <span class='ocrx_word' id='word_1_156' title='bbox 1105 2379 1188 2424; x_wconf 90' lang='lat' dir='ltr'><strong>est</strong></span> <span class='ocrx_word' id='word_1_157' title='bbox 1240 2372 1326 2424; x_wconf 89' lang='lat' dir='ltr'><strong>illa</strong></span> <span class='ocrx_word' id='word_1_158' title='bbox 1369 2374 1600 2440; x_wconf 86' lang='lat' dir='ltr'><strong>ipsamet</strong></span> <span class='ocrx_word' id='word_1_159' title='bbox 1630 2375 1758 2426; x_wconf 87' lang='lat' dir='ltr'><strong>vita.</strong></span> <span class='ocrx_word' id='word_1_160' title='bbox 1792 2375 1951 2443; x_wconf 75' lang='lat'><strong>170</strong></span> <span class='ocrx_word' id='word_1_161' title='bbox 1999 2393 2016 2424; x_wconf 73' lang='grc' dir='ltr'><em>α</em></span> <span class='ocrx_word' id='word_1_162' title='bbox 2055 2377 2201 2444; x_wconf 78' lang='lat' dir='ltr'><strong>Ego,</strong></span> 
     </span>
    </p>
   </div>
   <div class='ocr_carea' id='block_1_24' title="bbox 622 2457 2205 2529">
    <p class='ocr_par' dir='ltr' id='par_1_24' title="bbox 622 2457 2205 2529">
     <span class='ocr_line' id='line_1_24' title="bbox 622 2457 2205 2529; baseline 0.004 -20"><span class='ocrx_word' id='word_1_163' title='bbox 622 2457 841 2526; x_wconf 89' lang='lat' dir='ltr'><strong>inquit,</strong></span> <span class='ocrx_word' id='word_1_164' title='bbox 891 2474 1008 2512; x_wconf 90' lang='lat' dir='ltr'><strong>sum</strong></span> <span class='ocrx_word' id='word_1_165' title='bbox 1066 2462 1397 2514; x_wconf 84' lang='lat' dir='ltr'><strong>resurrectio</strong></span> <span class='ocrx_word' id='word_1_166' title='bbox 1453 2472 1506 2515; x_wconf 92' lang='lat' dir='ltr'><strong>et</strong></span> <span class='ocrx_word' id='word_1_167' title='bbox 1553 2463 1788 2515; x_wconf 67' lang='lat' dir='ltr'><strong>vita”.t</strong></span> <span class='ocrx_word' id='word_1_168' title='bbox 1843 2464 2022 2529; x_wconf 82' lang='lat' dir='ltr'><strong>Quare</strong></span> <span class='ocrx_word' id='word_1_169' title='bbox 2080 2465 2205 2516; x_wconf 80' lang='lat' dir='ltr'><strong>licet</strong></span> 
     </span>
    </p>
   </div>
   <div class='ocr_carea' id='block_1_25' title="bbox 622 2548 2202 2622">
    <p class='ocr_par' dir='ltr' id='par_1_25' title="bbox 622 2548 2202 2622">
     <span class='ocr_line' id='line_1_25' title="bbox 622 2548 2202 2622; baseline 0.004 -23"><span class='ocrx_word' id='word_1_170' title='bbox 622 2548 849 2616; x_wconf 75' lang='lat' dir='ltr'><strong>gloriam</strong></span> <span class='ocrx_word' id='word_1_171' title='bbox 893 2559 946 2603; x_wconf 91' lang='lat' dir='ltr'><strong>et</strong></span> <span class='ocrx_word' id='word_1_172' title='bbox 989 2565 1210 2617; x_wconf 86' lang='lat' dir='ltr'><strong>regnum</strong></span> <span class='ocrx_word' id='word_1_173' title='bbox 1241 2590 1256 2615; x_wconf 91' lang='lat'><strong>,</strong></span> <span class='ocrx_word' id='word_1_174' title='bbox 1288 2563 1341 2605; x_wconf 90' lang='lat' dir='ltr'><strong>et</strong></span> <span class='ocrx_word' id='word_1_175' title='bbox 1371 2567 1533 2619; x_wconf 84' lang='lat' dir='ltr'><strong>super</strong></span> <span class='ocrx_word' id='word_1_176' title='bbox 1582 2568 1768 2606; x_wconf 88' lang='lat' dir='ltr'><strong>omnes</strong></span> <span class='ocrx_word' id='word_1_177' title='bbox 1802 2567 1855 2607; x_wconf 89' lang='lat' dir='ltr'><strong>et</strong></span> <span class='ocrx_word' id='word_1_178' title='bbox 1896 2559 2075 2609; x_wconf 87' lang='lat' dir='ltr'><strong>omnia</strong></span> <span class='ocrx_word' id='word_1_179' title='bbox 2109 2572 2202 2622; x_wconf 87' lang='lat' dir='ltr'><strong>pu-</strong></span> 
     </span>
    </p>
   </div>
   <div class='ocr_carea' id='block_1_26' title="bbox 624 2643 2200 2710">
    <p class='ocr_par' dir='ltr' id='par_1_26' title="bbox 624 2643 2200 2710">
     <span class='ocr_line' id='line_1_26' title="bbox 624 2643 2200 2710; baseline 0.004 -19"><span class='ocrx_word' id='word_1_180' title='bbox 624 2649 872 2694; x_wconf 87' lang='lat' dir='ltr'><strong>testatem</strong></span> <span class='ocrx_word' id='word_1_181' title='bbox 906 2643 1180 2710; x_wconf 81' lang='lat' dir='ltr'><strong>accepisse</strong></span> <span class='ocrx_word' id='word_1_182' title='bbox 1232 2643 1488 2706; x_wconf 89' lang='lat' dir='ltr'><strong>dicatur;</strong></span> <span class='ocrx_word' id='word_1_183' title='bbox 1541 2645 1638 2698; x_wconf 90' lang='lat' dir='ltr'><strong>hoc</strong></span> <span class='ocrx_word' id='word_1_184' title='bbox 1687 2654 1863 2698; x_wconf 83' lang='lat' dir='ltr'><strong>tamen</strong></span> <span class='ocrx_word' id='word_1_185' title='bbox 1918 2648 1981 2698; x_wconf 83' lang='lat' dir='ltr'><strong>ad</strong></span> <span class='ocrx_word' id='word_1_186' title='bbox 2020 2647 2200 2699; x_wconf 83' lang='lat' dir='ltr'><strong>incar-</strong></span> 
     </span>
    </p>
   </div>
   <div class='ocr_carea' id='block_1_27' title="bbox 619 2735 2223 2794">
    <p class='ocr_par' dir='ltr' id='par_1_27' title="bbox 619 2735 2223 2794">
     <span class='ocr_line' id='line_1_27' title="bbox 619 2735 2223 2794; baseline 0.001 -6"><span class='ocrx_word' id='word_1_187' title='bbox 619 2735 854 2788; x_wconf 87' lang='lat' dir='ltr'><strong>nationis</strong></span> <span class='ocrx_word' id='word_1_188' title='bbox 901 2735 1264 2790; x_wconf 87' lang='lat' dir='ltr'><strong>conditionem</strong></span> <span class='ocrx_word' id='word_1_189' title='bbox 1308 2748 1392 2792; x_wconf 89' lang='lat' dir='ltr'><strong>est</strong></span> <span class='ocrx_word' id='word_1_190' title='bbox 1454 2739 1816 2792; x_wconf 86' lang='lat' dir='ltr'><strong>retercndum.</strong></span> <span class='ocrx_word' id='word_1_191' title='bbox 1853 2741 2072 2794; x_wconf 88' lang='lat' dir='ltr'><strong>Certum</strong></span> <span class='ocrx_word' id='word_1_192' title='bbox 2119 2753 2223 2794; x_wconf 68' lang='lat' dir='ltr'><strong>est,</strong></span> 
     </span>
    </p>
   </div>
   <div class='ocr_carea' id='block_1_28' title="bbox 617 2824 2196 2900">
    <p class='ocr_par' dir='ltr' id='par_1_28' title="bbox 617 2824 2196 2900">
     <span class='ocr_line' id='line_1_28' title="bbox 617 2824 2196 2900; baseline 0.002 -22"><span class='ocrx_word' id='word_1_193' title='bbox 617 2825 762 2879; x_wconf 83' lang='lat' dir='ltr'><strong>enim</strong></span> <span class='ocrx_word' id='word_1_194' title='bbox 821 2824 1045 2890; x_wconf 86' lang='lat' dir='ltr'><strong>Filium,</strong></span> <span class='ocrx_word' id='word_1_195' title='bbox 1079 2835 1134 2881; x_wconf 90' lang='lat' dir='ltr'><strong>ut</strong></span> <span class='ocrx_word' id='word_1_196' title='bbox 1197 2825 1336 2882; x_wconf 92' lang='lat' dir='ltr'><strong>Deus</strong></span> <span class='ocrx_word' id='word_1_197' title='bbox 1365 2839 1487 2893; x_wconf 86' lang='lat' dir='ltr'><strong>est,</strong></span> <span class='ocrx_word' id='word_1_198' title='bbox 1541 2837 1594 2881; x_wconf 87' lang='lat' dir='ltr'><strong>ct</strong></span> <span class='ocrx_word' id='word_1_199' title='bbox 1645 2828 1826 2900; x_wconf 72' lang='lat' dir='ltr'><strong>gloria:</strong></span> <span class='ocrx_word' id='word_1_200' title='bbox 1884 2830 2196 2898; x_wconf 83' lang='lat' dir='ltr'><strong>Dominum,</strong></span> 
     </span>
    </p>
   </div>
   <div class='ocr_carea' id='block_1_29' title="bbox 618 2914 2194 2986">
    <p class='ocr_par' dir='ltr' id='par_1_29' title="bbox 618 2914 2194 2986">
     <span class='ocr_line' id='line_1_29' title="bbox 618 2914 2194 2986; baseline 0.004 -21"><span class='ocrx_word' id='word_1_201' title='bbox 618 2914 904 2967; x_wconf 85' lang='lat' dir='ltr'><strong>eteadem</strong></span> <span class='ocrx_word' id='word_1_202' title='bbox 960 2930 1080 2969; x_wconf 90' lang='lat' dir='ltr'><strong>cum</strong></span> <span class='ocrx_word' id='word_1_203' title='bbox 1140 2916 1298 2970; x_wconf 87' lang='lat' dir='ltr'><strong>Patre</strong></span> <span class='ocrx_word' id='word_1_204' title='bbox 1352 2918 1634 2986; x_wconf 84' lang='lat' dir='ltr'><strong>majestate</strong></span> <span class='ocrx_word' id='word_1_205' title='bbox 1703 2919 1982 2983; x_wconf 75' lang='lat' dir='ltr'><strong>praeditum</strong></span> <span class='ocrx_word' id='word_1_206' title='bbox 2037 2935 2194 2983; x_wconf 88' lang='lat' dir='ltr'><strong>esse;</strong></span> 
     </span>
    </p>
   </div>
   <div class='ocr_carea' id='block_1_30' title="bbox 619 3007 2196 3076">
    <p class='ocr_par' dir='ltr' id='par_1_30' title="bbox 619 3007 2196 3076">
     <span class='ocr_line' id='line_1_30' title="bbox 619 3007 2196 3076; baseline 0.003 -20"><span class='ocrx_word' id='word_1_207' title='bbox 619 3020 832 3073; x_wconf 87' lang='lat' dir='ltr'><strong>neque,</strong></span> <span class='ocrx_word' id='word_1_208' title='bbox 882 3008 1022 3076; x_wconf 89' lang='lat' dir='ltr'><strong>quod</strong></span> <span class='ocrx_word' id='word_1_209' title='bbox 1062 3007 1276 3075; x_wconf 85' lang='lat' dir='ltr'><strong>quidem</strong></span> <span class='ocrx_word' id='word_1_210' title='bbox 1323 3011 1388 3062; x_wconf 91' lang='lat' dir='ltr'><strong>ad</strong></span> <span class='ocrx_word' id='word_1_211' title='bbox 1444 3010 1741 3062; x_wconf 84' lang='lat' dir='ltr'><strong>divinitatis</strong></span> <span class='ocrx_word' id='word_1_212' title='bbox 1783 3019 2026 3062; x_wconf 86' lang='lat' dir='ltr'><strong>naturam</strong></span> <span class='ocrx_word' id='word_1_213' title='bbox 2076 3025 2196 3076; x_wconf 85' lang='lat' dir='ltr'><strong>spe-</strong></span> 
     </span>
    </p>
   </div>
   <div class='ocr_carea' id='block_1_31' title="bbox 616 3095 2197 3167">
    <p class='ocr_par' dir='ltr' id='par_1_31' title="bbox 616 3095 2197 3167">
     <span class='ocr_line' id='line_1_31' title="bbox 616 3095 2197 3167; baseline 0.001 -18"><span class='ocrx_word' id='word_1_214' title='bbox 616 3105 752 3161; x_wconf 88' lang='lat' dir='ltr'><strong>ctat,</strong></span> <span class='ocrx_word' id='word_1_215' title='bbox 785 3095 960 3152; x_wconf 86' lang='lat' dir='ltr'><strong>Patris</strong></span> <span class='ocrx_word' id='word_1_216' title='bbox 1003 3098 1172 3167; x_wconf 78' lang='lat' dir='ltr'><strong>gloria</strong></span> <span class='ocrx_word' id='word_1_217' title='bbox 1210 3110 1263 3152; x_wconf 91' lang='lat' dir='ltr'><strong>et</strong></span> <span class='ocrx_word' id='word_1_218' title='bbox 1295 3100 1583 3153; x_wconf 85' lang='lat' dir='ltr'><strong>eminentia</strong></span> <span class='ocrx_word' id='word_1_219' title='bbox 1627 3100 1730 3151; x_wconf 92' lang='lat' dir='ltr'><strong>ulla</strong></span> <span class='ocrx_word' id='word_1_220' title='bbox 1767 3117 1828 3153; x_wconf 81' lang='lat' dir='ltr'><strong>ex</strong></span> <span class='ocrx_word' id='word_1_221' title='bbox 1873 3109 2022 3167; x_wconf 87' lang='lat' dir='ltr'><strong>parte</strong></span> <span class='ocrx_word' id='word_1_222' title='bbox 2058 3098 2197 3151; x_wconf 84' lang='lat' dir='ltr'><strong>inl‘e-</strong></span> 
     </span>
    </p>
   </div>
   <div class='ocr_carea' id='block_1_32' title="bbox 618 3175 2265 3258">
    <p class='ocr_par' dir='ltr' id='par_1_32' title="bbox 618 3175 2265 3258">
     <span class='ocr_line' id='line_1_32' title="bbox 618 3175 2265 3258; baseline 0.001 -18"><span class='ocrx_word' id='word_1_223' title='bbox 618 3189 815 3242; x_wconf 85' lang='lat' dir='ltr'><strong>riorem</strong></span> <span class='ocrx_word' id='word_1_224' title='bbox 851 3203 991 3244; x_wconf 87' lang='lat' dir='ltr'><strong>esse.</strong></span> <span class='ocrx_word' id='word_1_225' title='bbox 1047 3189 1127 3242; x_wconf 76' lang='lat' dir='ltr'><strong>Ad</strong></span> <span class='ocrx_word' id='word_1_226' title='bbox 1163 3189 1304 3244; x_wconf 91' lang='lat' dir='ltr'><strong>hunc</strong></span> <span class='ocrx_word' id='word_1_227' title='bbox 1374 3190 1556 3258; x_wconf 87' lang='lat' dir='ltr'><strong>itaque</strong></span> <span class='ocrx_word' id='word_1_228' title='bbox 1606 3191 1820 3242; x_wconf 89' lang='lat' dir='ltr'><strong>modum</strong></span> <span class='ocrx_word' id='word_1_229' title='bbox 1861 3190 2191 3257; x_wconf 84' lang='lat' dir='ltr'><strong>comparati,</strong></span> <span class='ocrx_word' id='word_1_230' title='bbox 2222 3175 2265 3229; x_wconf 58' lang='grc' dir='ltr'><strong>(ἶ</strong></span> 
     </span>
    </p>
   </div>
   <div class='ocr_carea' id='block_1_33' title="bbox 616 3279 2191 3349">
    <p class='ocr_par' dir='ltr' id='par_1_33' title="bbox 616 3279 2191 3349">
     <span class='ocr_line' id='line_1_33' title="bbox 616 3279 2191 3349; baseline 0.001 -17"><span class='ocrx_word' id='word_1_231' title='bbox 616 3290 672 3332; x_wconf 85' lang='lat' dir='ltr'><strong>ct</strong></span> <span class='ocrx_word' id='word_1_232' title='bbox 720 3279 789 3349; x_wconf 88' lang='lat' dir='ltr'><strong>pii</strong></span> <span class='ocrx_word' id='word_1_233' title='bbox 819 3280 1023 3333; x_wconf 87' lang='lat' dir='ltr'><strong>erimus</strong></span> <span class='ocrx_word' id='word_1_234' title='bbox 1052 3319 1068 3343; x_wconf 96' lang='lat'><strong>,</strong></span> <span class='ocrx_word' id='word_1_235' title='bbox 1117 3290 1172 3334; x_wconf 88' lang='lat' dir='ltr'><strong>et</strong></span> <span class='ocrx_word' id='word_1_236' title='bbox 1204 3294 1417 3334; x_wconf 88' lang='lat' dir='ltr'><strong>omnem</strong></span> <span class='ocrx_word' id='word_1_237' title='bbox 1472 3280 1802 3335; x_wconf 85' lang='lat' dir='ltr'><strong>intellectum</strong></span> <span class='ocrx_word' id='word_1_238' title='bbox 1870 3283 1922 3332; x_wconf 88' lang='lat' dir='ltr'><strong>itt</strong></span> <span class='ocrx_word' id='word_1_239' title='bbox 1991 3280 2191 3333; x_wconf 83' lang='lat' dir='ltr'><strong>Christi</strong></span> 
     </span>
    </p>
   </div>
   <div class='ocr_carea' id='block_1_34' title="bbox 614 3368 2257 3439">
    <p class='ocr_par' dir='ltr' id='par_1_34' title="bbox 614 3368 2257 3439">
     <span class='ocr_line' id='line_1_34' title="bbox 614 3368 2257 3439; baseline -0.002 -17"><span class='ocrx_word' id='word_1_240' title='bbox 614 3368 932 3436; x_wconf 87' lang='lat' dir='ltr'><strong>obsequium</strong></span> <span class='ocrx_word' id='word_1_241' title='bbox 981 3377 1402 3432; x_wconf 83' lang='lat' dir='ltr'><strong>convertentes,</strong></span> <span class='ocrx_word' id='word_1_242' title='bbox 1450 3379 1505 3424; x_wconf 87' lang='lat' dir='ltr'><strong>et</strong></span> <span class='ocrx_word' id='word_1_243' title='bbox 1546 3384 1737 3424; x_wconf 84' lang='lat' dir='ltr'><strong>omnes</strong></span> <span class='ocrx_word' id='word_1_244' title='bbox 1790 3369 2188 3439; x_wconf 78' lang='lat' dir='ltr'><strong>cogitationes,</strong></span> <span class='ocrx_word' id='word_1_245' title='bbox 2239 3386 2257 3419; x_wconf 84' lang='lat'><strong>(</strong></span> 
     </span>
    </p>
   </div>
   <div class='ocr_carea' id='block_1_35' title="bbox 613 3459 1466 3516">
    <p class='ocr_par' dir='ltr' id='par_1_35' title="bbox 613 3459 1466 3516">
     <span class='ocr_line' id='line_1_35' title="bbox 613 3459 1466 3516; baseline -0.001 -4"><span class='ocrx_word' id='word_1_246' title='bbox 613 3459 960 3514; x_wconf 84' lang='lat' dir='ltr'><strong>extollentem</strong></span> <span class='ocrx_word' id='word_1_247' title='bbox 1006 3469 1312 3516; x_wconf 84' lang='lat' dir='ltr'><strong>everteutes</strong></span> <span class='ocrx_word' id='word_1_248' title='bbox 1331 3461 1420 3514; x_wconf 71' lang='grc' dir='ltr'><strong>η’.</strong></span> <span class='ocrx_word' id='word_1_249' title='bbox 1448 3478 1466 3511; x_wconf 75' lang='grc' dir='ltr'><strong>ι</strong></span> 
     </span>
    </p>
   </div>
   <div class='ocr_carea' id='block_1_36' title="bbox 684 3552 2190 3626">
    <p class='ocr_par' dir='ltr' id='par_1_36' title="bbox 684 3552 2190 3626">
     <span class='ocr_line' id='line_1_36' title="bbox 684 3552 2190 3626; baseline 0.003 -20"><span class='ocrx_word' id='word_1_250' title='bbox 684 3552 798 3606; x_wconf 83' lang='lat' dir='ltr'><strong>L.t</strong></span> <span class='ocrx_word' id='word_1_251' title='bbox 836 3554 1064 3607; x_wconf 80' lang='lat' dir='ltr'><strong>Dextera</strong></span> <span class='ocrx_word' id='word_1_252' title='bbox 1115 3554 1279 3622; x_wconf 82' lang='lat' dir='ltr'><strong>igitur</strong></span> <span class='ocrx_word' id='word_1_253' title='bbox 1337 3553 1430 3609; x_wconf 90' lang='lat' dir='ltr'><strong>Dei</strong></span> <span class='ocrx_word' id='word_1_254' title='bbox 1488 3555 1780 3610; x_wconf 81' lang='lat' dir='ltr'><strong>exaltatus.</strong></span> <span class='ocrx_word' id='word_1_255' title='bbox 1847 3564 1902 3610; x_wconf 90' lang='lat' dir='ltr'><strong>et</strong></span> <span class='ocrx_word' id='word_1_256' title='bbox 1956 3571 2190 3626; x_wconf 86' lang='lat' dir='ltr'><strong>promts-</strong></span> 
     </span>
    </p>
   </div>
   <div class='ocr_carea' id='block_1_37' title="bbox 614 3644 2190 3718">
    <p class='ocr_par' dir='ltr' id='par_1_37' title="bbox 614 3644 2190 3718">
     <span class='ocr_line' id='line_1_37' title="bbox 614 3644 2190 3718; baseline 0.004 -20"><span class='ocrx_word' id='word_1_257' title='bbox 614 3644 823 3698; x_wconf 88' lang='lat' dir='ltr'><strong>sionem</strong></span> <span class='ocrx_word' id='word_1_258' title='bbox 878 3644 1112 3714; x_wconf 85' lang='lat' dir='ltr'><strong>Spiritus</strong></span> <span class='ocrx_word' id='word_1_259' title='bbox 1159 3646 1335 3699; x_wconf 87' lang='lat' dir='ltr'><strong>sancti</strong></span> <span class='ocrx_word' id='word_1_260' title='bbox 1373 3648 1646 3718; x_wconf 78' lang='lat' dir='ltr'><strong>accipiens</strong></span> <span class='ocrx_word' id='word_1_261' title='bbox 1684 3663 1711 3699; x_wconf 91' lang='lat' dir='ltr'><strong>a</strong></span> <span class='ocrx_word' id='word_1_262' title='bbox 1762 3648 1950 3711; x_wconf 84' lang='lat' dir='ltr'><strong>Patre,</strong></span> <span class='ocrx_word' id='word_1_263' title='bbox 2003 3648 2190 3705; x_wconf 80' lang='lat' dir='ltr'><strong>ell‘udit</strong></span> 
     </span>
    </p>
   </div>
   <div class='ocr_carea' id='block_1_38' title="bbox 615 3737 2183 3806">
    <p class='ocr_par' dir='ltr' id='par_1_38' title="bbox 615 3737 2183 3806">
     <span class='ocr_line' id='line_1_38' title="bbox 615 3737 2183 3806; baseline 0.003 -16"><span class='ocrx_word' id='word_1_264' title='bbox 615 3737 718 3791; x_wconf 90' lang='lat' dir='ltr'><strong>hoc</strong></span> <span class='ocrx_word' id='word_1_265' title='bbox 747 3777 762 3801; x_wconf 93' lang='lat'><strong>,</strong></span> <span class='ocrx_word' id='word_1_266' title='bbox 800 3741 946 3806; x_wconf 87' lang='lat' dir='ltr'><strong>quod</strong></span> <span class='ocrx_word' id='word_1_267' title='bbox 990 3752 1084 3805; x_wconf 63' lang='lat' dir='ltr'><strong>vos</strong></span> <span class='ocrx_word' id='word_1_268' title='bbox 1117 3739 1312 3793; x_wconf 80' lang='lat' dir='ltr'><strong>videtis</strong></span> <span class='ocrx_word' id='word_1_269' title='bbox 1345 3750 1398 3792; x_wconf 90' lang='lat' dir='ltr'><strong>et</strong></span> <span class='ocrx_word' id='word_1_270' title='bbox 1444 3741 1662 3794; x_wconf 88' lang='lat' dir='ltr'><strong>auditis.</strong></span> <span class='ocrx_word' id='word_1_271' title='bbox 1714 3739 1828 3795; x_wconf 84' lang='lat' dir='ltr'><strong>Non</strong></span> <span class='ocrx_word' id='word_1_272' title='bbox 1879 3743 2022 3795; x_wconf 89' lang='lat' dir='ltr'><strong>enim</strong></span> <span class='ocrx_word' id='word_1_273' title='bbox 2079 3742 2183 3794; x_wconf 87' lang='lat' dir='ltr'><strong>Da-</strong></span> 
     </span>
    </p>
   </div>
   <div class='ocr_carea' id='block_1_39' title="bbox 615 3830 2187 3900">
    <p class='ocr_par' dir='ltr' id='par_1_39' title="bbox 615 3830 2187 3900">
     <span class='ocr_line' id='line_1_39' title="bbox 615 3830 2187 3900; baseline 0.005 -21"><span class='ocrx_word' id='word_1_274' title='bbox 615 3830 703 3882; x_wconf 73' lang='lat' dir='ltr'><strong>vid</strong></span> <span class='ocrx_word' id='word_1_275' title='bbox 742 3830 986 3894; x_wconf 81' lang='lat' dir='ltr'><strong>ascendit</strong></span> <span class='ocrx_word' id='word_1_276' title='bbox 1029 3831 1080 3882; x_wconf 90' lang='lat' dir='ltr'><strong>in</strong></span> <span class='ocrx_word' id='word_1_277' title='bbox 1131 3831 1371 3895; x_wconf 75' lang='lat' dir='ltr'><strong>cmlum;</strong></span> <span class='ocrx_word' id='word_1_278' title='bbox 1434 3833 1562 3884; x_wconf 83' lang='lat' dir='ltr'><strong>dicit</strong></span> <span class='ocrx_word' id='word_1_279' title='bbox 1601 3843 1776 3884; x_wconf 90' lang='lat' dir='ltr'><strong>autem</strong></span> <span class='ocrx_word' id='word_1_280' title='bbox 1830 3833 1942 3900; x_wconf 89' lang='lat' dir='ltr'><strong>ipse</strong></span> <span class='ocrx_word' id='word_1_281' title='bbox 1979 3853 1991 3887; x_wconf 94' lang='lat'><strong>:</strong></span> <span class='ocrx_word' id='word_1_282' title='bbox 2045 3834 2187 3887; x_wconf 81' lang='lat' dir='ltr'><strong>Dixit</strong></span> 
     </span>
    </p>
   </div>
   <div class='ocr_carea' id='block_1_40' title="bbox 614 3918 2183 3986">
    <p class='ocr_par' dir='ltr' id='par_1_40' title="bbox 614 3918 2183 3986">
     <span class='ocr_line' id='line_1_40' title="bbox 614 3918 2183 3986; baseline 0.006 -17"><span class='ocrx_word' id='word_1_283' title='bbox 614 3918 869 3975; x_wconf 87' lang='lat' dir='ltr'><strong>Dominus</strong></span> <span class='ocrx_word' id='word_1_284' title='bbox 905 3921 1130 3974; x_wconf 88' lang='lat' dir='ltr'><strong>Domino</strong></span> <span class='ocrx_word' id='word_1_285' title='bbox 1181 3936 1302 3974; x_wconf 88' lang='lat' dir='ltr'><strong>meo</strong></span> <span class='ocrx_word' id='word_1_286' title='bbox 1340 3941 1354 3975; x_wconf 90' lang='lat'><strong>:</strong></span> <span class='ocrx_word' id='word_1_287' title='bbox 1385 3922 1523 3975; x_wconf 84' lang='lat' dir='ltr'><strong>Sede</strong></span> <span class='ocrx_word' id='word_1_288' title='bbox 1561 3938 1588 3973; x_wconf 89' lang='lat' dir='ltr'><strong>a</strong></span> <span class='ocrx_word' id='word_1_289' title='bbox 1646 3924 1849 3976; x_wconf 75' lang='lat' dir='ltr'><strong>dextris</strong></span> <span class='ocrx_word' id='word_1_290' title='bbox 1888 3925 2020 3977; x_wconf 91' lang='lat' dir='ltr'><strong>meis</strong></span> <span class='ocrx_word' id='word_1_291' title='bbox 2044 3963 2058 3986; x_wconf 91' lang='lat'><strong>,</strong></span> <span class='ocrx_word' id='word_1_292' title='bbox 2091 3926 2183 3978; x_wconf 84' lang='lat' dir='ltr'><strong>do-</strong></span> 
     </span>
    </p>
   </div>
   <div class='ocr_carea' id='block_1_41' title="bbox 612 4012 2189 4082">
    <p class='ocr_par' dir='ltr' id='par_1_41' title="bbox 612 4012 2189 4082">
     <span class='ocr_line' id='line_1_41' title="bbox 612 4012 2189 4082; baseline 0.006 -21"><span class='ocrx_word' id='word_1_293' title='bbox 612 4025 712 4062; x_wconf 81' lang='lat' dir='ltr'><strong>nec</strong></span> <span class='ocrx_word' id='word_1_294' title='bbox 772 4026 968 4080; x_wconf 87' lang='lat' dir='ltr'><strong>ponam</strong></span> <span class='ocrx_word' id='word_1_295' title='bbox 1024 4012 1275 4066; x_wconf 88' lang='lat' dir='ltr'><strong>inimicos</strong></span> <span class='ocrx_word' id='word_1_296' title='bbox 1323 4022 1440 4065; x_wconf 91' lang='lat' dir='ltr'><strong>tuos</strong></span> <span class='ocrx_word' id='word_1_297' title='bbox 1491 4013 1780 4066; x_wconf 88' lang='lat' dir='ltr'><strong>scabellum</strong></span> <span class='ocrx_word' id='word_1_298' title='bbox 1835 4015 2026 4082; x_wconf 76' lang='grc' dir='ltr'>νθιιιιιη</span> <span class='ocrx_word' id='word_1_299' title='bbox 2070 4025 2189 4070; x_wconf 92' lang='lat' dir='ltr'><strong>tuo-</strong></span> 
     </span>
    </p>
   </div>
   <div class='ocr_carea' id='block_1_42' title="bbox 611 4101 2186 4175">
    <p class='ocr_par' dir='ltr' id='par_1_42' title="bbox 611 4101 2186 4175">
     <span class='ocr_line' id='line_1_42' title="bbox 611 4101 2186 4175; baseline 0.005 -23"><span class='ocrx_word' id='word_1_300' title='bbox 611 4101 855 4154; x_wconf 72' lang='lat' dir='ltr'><strong>rum“.i</strong></span> <span class='ocrx_word' id='word_1_301' title='bbox 920 4101 1241 4156; x_wconf 87' lang='lat' dir='ltr'><strong>Universum</strong></span> <span class='ocrx_word' id='word_1_302' title='bbox 1303 4104 1568 4157; x_wconf 86' lang='lat' dir='ltr'><strong>incarnati</strong></span> <span class='ocrx_word' id='word_1_303' title='bbox 1621 4103 1778 4158; x_wconf 88' lang='lat' dir='ltr'><strong>Verbi</strong></span> <span class='ocrx_word' id='word_1_304' title='bbox 1867 4109 2186 4175; x_wconf 91' lang='lat' dir='ltr'><strong>mysterium</strong></span> 
     </span>
    </p>
   </div>
   <div class='ocr_carea' id='block_1_43' title="bbox 609 4191 2187 4264">
    <p class='ocr_par' dir='ltr' id='par_1_43' title="bbox 609 4191 2187 4264">
     <span class='ocr_line' id='line_1_43' title="bbox 609 4191 2187 4264; baseline 0.004 -18"><span class='ocrx_word' id='word_1_305' title='bbox 609 4207 675 4246; x_wconf 87' lang='lat' dir='ltr'><strong>ex</strong></span> <span class='ocrx_word' id='word_1_306' title='bbox 734 4191 818 4246; x_wconf 85' lang='lat' dir='ltr'><strong>his</strong></span> <span class='ocrx_word' id='word_1_307' title='bbox 882 4195 1190 4262; x_wconf 86' lang='lat' dir='ltr'><strong>perspicere</strong></span> <span class='ocrx_word' id='word_1_308' title='bbox 1247 4195 1394 4248; x_wconf 90' lang='lat' dir='ltr'><strong>licet.</strong></span> <span class='ocrx_word' id='word_1_309' title='bbox 1435 4195 1646 4247; x_wconf 86' lang='lat' dir='ltr'><strong>Etenim</strong></span> <span class='ocrx_word' id='word_1_310' title='bbox 1701 4197 2044 4264; x_wconf 86' lang='lat' dir='ltr'><strong>omnipotens</strong></span> <span class='ocrx_word' id='word_1_311' title='bbox 2097 4200 2187 4252; x_wconf 87' lang='lat' dir='ltr'><strong>illa</strong></span> 
     </span>
    </p>
   </div>
   <div class='ocr_carea' id='block_1_44' title="bbox 607 4284 2187 4355">
    <p class='ocr_par' dir='ltr' id='par_1_44' title="bbox 607 4284 2187 4355">
     <span class='ocr_line' id='line_1_44' title="bbox 607 4284 2187 4355; baseline 0.003 -19"><span class='ocrx_word' id='word_1_312' title='bbox 607 4284 849 4348; x_wconf 79' lang='lat' dir='ltr'><strong>dextera,</strong></span> <span class='ocrx_word' id='word_1_313' title='bbox 882 4286 1232 4354; x_wconf 89' lang='lat' dir='ltr'><strong>omniumque</strong></span> <span class='ocrx_word' id='word_1_314' title='bbox 1288 4287 1468 4355; x_wconf 77' lang='lat' dir='ltr'><strong>opifex</strong></span> <span class='ocrx_word' id='word_1_315' title='bbox 1503 4301 1718 4351; x_wconf 88' lang='lat' dir='ltr'><strong>manus,</strong></span> <span class='ocrx_word' id='word_1_316' title='bbox 1782 4287 1923 4343; x_wconf 86' lang='lat' dir='ltr'><strong>Deus</strong></span> <span class='ocrx_word' id='word_1_317' title='bbox 1954 4289 2187 4344; x_wconf 82' lang='lat' dir='ltr'><strong>Verbum</strong></span> 
     </span>
    </p>
   </div>
   <div class='ocr_carea' id='block_1_45' title="bbox 607 4366 2262 4448">
    <p class='ocr_par' dir='ltr' id='par_1_45' title="bbox 607 4366 2262 4448">
     <span class='ocr_line' id='line_1_45' title="bbox 607 4366 2262 4448; baseline 0.002 -19"><span class='ocrx_word' id='word_1_318' title='bbox 607 4376 660 4429; x_wconf 83' lang='lat' dir='ltr'><strong>in</strong></span> <span class='ocrx_word' id='word_1_319' title='bbox 705 4375 882 4429; x_wconf 85' lang='lat' dir='ltr'><strong>Patris</strong></span> <span class='ocrx_word' id='word_1_320' title='bbox 913 4374 1082 4428; x_wconf 77' lang='lat' dir='ltr'><strong>forma</strong></span> <span class='ocrx_word' id='word_1_321' title='bbox 1118 4388 1174 4430; x_wconf 87' lang='lat' dir='ltr'><strong>et</strong></span> <span class='ocrx_word' id='word_1_322' title='bbox 1213 4379 1517 4447; x_wconf 72' lang='lat' dir='ltr'><strong>mqualilate</strong></span> <span class='ocrx_word' id='word_1_323' title='bbox 1563 4393 1681 4431; x_wconf 88' lang='lat' dir='ltr'><strong>cum</strong></span> <span class='ocrx_word' id='word_1_324' title='bbox 1725 4389 1868 4432; x_wconf 79' lang='lat' dir='ltr'><strong>esset</strong></span> <span class='ocrx_word' id='word_1_325' title='bbox 1902 4418 1914 4439; x_wconf 85' lang='lat'><strong>,</strong></span> <span class='ocrx_word' id='word_1_326' title='bbox 1969 4390 2185 4448; x_wconf 86' lang='lat' dir='ltr'><strong>propter</strong></span> <span class='ocrx_word' id='word_1_327' title='bbox 2219 4366 2262 4419; x_wconf 81' lang='lat' dir='ltr'><strong>D</strong></span> 
     </span>
    </p>
   </div>
   <div class='ocr_carea' id='block_1_46' title="bbox 607 4469 2183 4537">
    <p class='ocr_par' dir='ltr' id='par_1_46' title="bbox 607 4469 2183 4537">
     <span class='ocr_line' id='line_1_46' title="bbox 607 4469 2183 4537; baseline 0.003 -18"><span class='ocrx_word' id='word_1_328' title='bbox 607 4469 899 4520; x_wconf 88' lang='lat' dir='ltr'><strong>humanam</strong></span> <span class='ocrx_word' id='word_1_329' title='bbox 958 4476 1205 4518; x_wconf 88' lang='lat' dir='ltr'><strong>naturam</strong></span> <span class='ocrx_word' id='word_1_330' title='bbox 1263 4470 1592 4531; x_wconf 86' lang='lat' dir='ltr'><strong>exinanitus,</strong></span> <span class='ocrx_word' id='word_1_331' title='bbox 1640 4481 1693 4522; x_wconf 89' lang='lat' dir='ltr'><strong>et</strong></span> <span class='ocrx_word' id='word_1_332' title='bbox 1736 4469 2002 4522; x_wconf 82' lang='lat' dir='ltr'><strong>exaltatus</strong></span> <span class='ocrx_word' id='word_1_333' title='bbox 2048 4485 2183 4537; x_wconf 76' lang='lat' dir='ltr'><strong>prae-</strong></span> 
     </span>
    </p>
   </div>
   <div class='ocr_carea' id='block_1_47' title="bbox 604 4556 2182 4623">
    <p class='ocr_par' dir='ltr' id='par_1_47' title="bbox 604 4556 2182 4623">
     <span class='ocr_line' id='line_1_47' title="bbox 604 4556 2182 4623; baseline 0.005 -18"><span class='ocrx_word' id='word_1_334' title='bbox 604 4557 921 4611; x_wconf 78' lang='lat' dir='ltr'><strong>dicatur”:</strong></span> <span class='ocrx_word' id='word_1_335' title='bbox 977 4570 1080 4607; x_wconf 89' lang='lat' dir='ltr'><strong>non</strong></span> <span class='ocrx_word' id='word_1_336' title='bbox 1127 4556 1266 4621; x_wconf 92' lang='lat' dir='ltr'><strong>quod</strong></span> <span class='ocrx_word' id='word_1_337' title='bbox 1310 4557 1359 4609; x_wconf 91' lang='lat' dir='ltr'><strong>itt</strong></span> <span class='ocrx_word' id='word_1_338' title='bbox 1401 4559 1621 4623; x_wconf 73' lang='lat' dir='ltr'><strong>gloriam</strong></span> <span class='ocrx_word' id='word_1_339' title='bbox 1669 4569 1983 4613; x_wconf 76' lang='lat' dir='ltr'><strong>extraneam</strong></span> <span class='ocrx_word' id='word_1_340' title='bbox 2014 4598 2029 4622; x_wconf 95' lang='lat'><strong>,</strong></span> <span class='ocrx_word' id='word_1_341' title='bbox 2082 4559 2182 4613; x_wconf 89' lang='lat' dir='ltr'><strong>hoc</strong></span> 
     </span>
    </p>
   </div>
   <div class='ocr_carea' id='block_1_48' title="bbox 604 4643 2178 4718">
    <p class='ocr_par' dir='ltr' id='par_1_48' title="bbox 604 4643 2178 4718">
     <span class='ocr_line' id='line_1_48' title="bbox 604 4643 2178 4718; baseline 0.003 -20"><span class='ocrx_word' id='word_1_342' title='bbox 604 4656 724 4709; x_wconf 88' lang='lat' dir='ltr'><strong>est,</strong></span> <span class='ocrx_word' id='word_1_343' title='bbox 763 4647 814 4698; x_wconf 91' lang='lat' dir='ltr'><strong>in</strong></span> <span class='ocrx_word' id='word_1_344' title='bbox 878 4660 998 4699; x_wconf 91' lang='lat' dir='ltr'><strong>eam</strong></span> <span class='ocrx_word' id='word_1_345' title='bbox 1078 4659 1239 4711; x_wconf 89' lang='lat' dir='ltr'><strong>quam</strong></span> <span class='ocrx_word' id='word_1_346' title='bbox 1299 4643 1422 4697; x_wconf 91' lang='lat' dir='ltr'><strong>olim</strong></span> <span class='ocrx_word' id='word_1_347' title='bbox 1481 4650 1794 4701; x_wconf 82' lang='lat' dir='ltr'><strong>naturaliter</strong></span> <span class='ocrx_word' id='word_1_348' title='bbox 1841 4666 1944 4701; x_wconf 88' lang='lat' dir='ltr'><strong>non</strong></span> <span class='ocrx_word' id='word_1_349' title='bbox 2005 4651 2178 4718; x_wconf 86' lang='lat' dir='ltr'><strong>possi-</strong></span> 
     </span>
    </p>
   </div>
   <div class='ocr_carea' id='block_1_49' title="bbox 604 4733 2182 4806">
    <p class='ocr_par' dir='ltr' id='par_1_49' title="bbox 604 4733 2182 4806">
     <span class='ocr_line' id='line_1_49' title="bbox 604 4733 2182 4806; baseline 0.003 -18"><span class='ocrx_word' id='word_1_350' title='bbox 604 4738 775 4797; x_wconf 89' lang='lat' dir='ltr'><strong>deret,</strong></span> <span class='ocrx_word' id='word_1_351' title='bbox 807 4747 1028 4790; x_wconf 88' lang='lat' dir='ltr'><strong>evectus</strong></span> <span class='ocrx_word' id='word_1_352' title='bbox 1082 4733 1185 4798; x_wconf 91' lang='lat' dir='ltr'><strong>sit,</strong></span> <span class='ocrx_word' id='word_1_353' title='bbox 1222 4733 1313 4786; x_wconf 89' lang='lat' dir='ltr'><strong>sed</strong></span> <span class='ocrx_word' id='word_1_354' title='bbox 1345 4737 1483 4802; x_wconf 88' lang='lat' dir='ltr'><strong>quod</strong></span> <span class='ocrx_word' id='word_1_355' title='bbox 1529 4739 1592 4788; x_wconf 85' lang='lat' dir='ltr'><strong>ad</strong></span> <span class='ocrx_word' id='word_1_356' title='bbox 1654 4741 1920 4806; x_wconf 81' lang='lat' dir='ltr'><strong>propriam</strong></span> <span class='ocrx_word' id='word_1_357' title='bbox 1962 4750 2182 4793; x_wconf 88' lang='lat' dir='ltr'><strong>natura-</strong></span> 
     </span>
    </p>
   </div>
   <div class='ocr_carea' id='block_1_50' title="bbox 605 4828 2176 4897">
    <p class='ocr_par' dir='ltr' id='par_1_50' title="bbox 605 4828 2176 4897">
     <span class='ocr_line' id='line_1_50' title="bbox 605 4828 2176 4897; baseline 0.002 -15"><span class='ocrx_word' id='word_1_358' title='bbox 605 4831 836 4897; x_wconf 83' lang='lat' dir='ltr'><strong>literque</strong></span> <span class='ocrx_word' id='word_1_359' title='bbox 884 4829 990 4884; x_wconf 89' lang='lat' dir='ltr'><strong>sibi</strong></span> <span class='ocrx_word' id='word_1_360' title='bbox 1027 4829 1245 4882; x_wconf 86' lang='lat' dir='ltr'><strong>insitam</strong></span> <span class='ocrx_word' id='word_1_361' title='bbox 1294 4838 1348 4881; x_wconf 92' lang='lat' dir='ltr'><strong>et</strong></span> <span class='ocrx_word' id='word_1_362' title='bbox 1382 4828 1746 4896; x_wconf 81' lang='lat' dir='ltr'><strong>ingettcratatn</strong></span> <span class='ocrx_word' id='word_1_363' title='bbox 1784 4832 2022 4883; x_wconf 88' lang='lat' dir='ltr'><strong>redierit.</strong></span> <span class='ocrx_word' id='word_1_364' title='bbox 2066 4834 2176 4886; x_wconf 88' lang='lat' dir='ltr'><strong>llo-</strong></span> 
     </span>
    </p>
   </div>
   <div class='ocr_carea' id='block_1_51' title="bbox 608 4919 2176 4991">
    <p class='ocr_par' dir='ltr' id='par_1_51' title="bbox 608 4919 2176 4991">
     <span class='ocr_line' id='line_1_51' title="bbox 608 4919 2176 4991; baseline 0 -18"><span class='ocrx_word' id='word_1_365' title='bbox 608 4939 694 4973; x_wconf 88' lang='lat' dir='ltr'><strong>tuo</strong></span> <span class='ocrx_word' id='word_1_366' title='bbox 725 4924 906 4991; x_wconf 88' lang='lat' dir='ltr'><strong>itaque</strong></span> <span class='ocrx_word' id='word_1_367' title='bbox 937 4923 1128 4986; x_wconf 80' lang='lat' dir='ltr'><strong>lactus,</strong></span> <span class='ocrx_word' id='word_1_368' title='bbox 1153 4919 1422 4976; x_wconf 78' lang='lat' dir='ltr'><strong>exaltatus</strong></span> <span class='ocrx_word' id='word_1_369' title='bbox 1452 4931 1535 4971; x_wconf 91' lang='lat' dir='ltr'><strong>est</strong></span> <span class='ocrx_word' id='word_1_370' title='bbox 1561 4919 1854 4971; x_wconf 80' lang='lat' dir='ltr'><strong>secundum</strong></span> <span class='ocrx_word' id='word_1_371' title='bbox 1890 4919 2176 4974; x_wconf 87' lang='lat' dir='ltr'><strong>humanam</strong></span> 
     </span>
    </p>
   </div>
   <div class='ocr_carea' id='block_1_52' title="bbox 608 5010 2180 5076">
    <p class='ocr_par' dir='ltr' id='par_1_52' title="bbox 608 5010 2180 5076">
     <span class='ocr_line' id='line_1_52' title="bbox 608 5010 2180 5076; baseline 0 -13"><span class='ocrx_word' id='word_1_372' title='bbox 608 5021 851 5064; x_wconf 88' lang='lat' dir='ltr'><strong>naturam</strong></span> <span class='ocrx_word' id='word_1_373' title='bbox 884 5050 898 5075; x_wconf 90' lang='lat'><strong>,</strong></span> <span class='ocrx_word' id='word_1_374' title='bbox 941 5013 1146 5065; x_wconf 87' lang='lat' dir='ltr'><strong>tametsi</strong></span> <span class='ocrx_word' id='word_1_375' title='bbox 1217 5010 1512 5066; x_wconf 85' lang='lat' dir='ltr'><strong>secundum</strong></span> <span class='ocrx_word' id='word_1_376' title='bbox 1553 5018 1795 5059; x_wconf 86' lang='lat' dir='ltr'><strong>naturam</strong></span> <span class='ocrx_word' id='word_1_377' title='bbox 1849 5022 2061 5076; x_wconf 84' lang='lat' dir='ltr'><strong>semper</strong></span> <span class='ocrx_word' id='word_1_378' title='bbox 2099 5019 2180 5063; x_wconf 84' lang='lat' dir='ltr'><strong>cst</strong></span> 
     </span>
    </p>
   </div>
   <div class='ocr_carea' id='block_1_53' title="bbox 608 5100 2178 5163">
    <p class='ocr_par' dir='ltr' id='par_1_53' title="bbox 608 5100 2178 5163">
     <span class='ocr_line' id='line_1_53' title="bbox 608 5100 2178 5163; baseline -0.001 -9"><span class='ocrx_word' id='word_1_379' title='bbox 608 5100 922 5154; x_wconf 84' lang='lat' dir='ltr'><strong>altissimus.</strong></span> <span class='ocrx_word' id='word_1_380' title='bbox 976 5101 1041 5153; x_wconf 87' lang='lat' dir='ltr'><strong>Et</strong></span> <span class='ocrx_word' id='word_1_381' title='bbox 1071 5102 1212 5154; x_wconf 90' lang='lat' dir='ltr'><strong>hunc</strong></span> <span class='ocrx_word' id='word_1_382' title='bbox 1259 5116 1380 5156; x_wconf 86' lang='lat' dir='ltr'><strong>esse</strong></span> <span class='ocrx_word' id='word_1_383' title='bbox 1425 5100 1663 5154; x_wconf 89' lang='lat' dir='ltr'><strong>arbitror</strong></span> <span class='ocrx_word' id='word_1_384' title='bbox 1707 5100 1919 5151; x_wconf 83' lang='lat' dir='ltr'><strong>modum</strong></span> <span class='ocrx_word' id='word_1_385' title='bbox 1955 5109 2178 5163; x_wconf 74' lang='lat' dir='ltr'><strong>naturre,</strong></span> 
     </span>
    </p>
   </div>
   <div class='ocr_carea' id='block_1_54' title="bbox 606 5189 2180 5260">
    <p class='ocr_par' dir='ltr' id='par_1_54' title="bbox 606 5189 2180 5260">
     <span class='ocr_line' id='line_1_54' title="bbox 606 5189 2180 5260; baseline 0.001 -19"><span class='ocrx_word' id='word_1_386' title='bbox 606 5201 659 5243; x_wconf 74' lang='lat' dir='ltr'><strong>rt</strong></span> <span class='ocrx_word' id='word_1_387' title='bbox 703 5206 866 5260; x_wconf 89' lang='lat' dir='ltr'><strong>quam</strong></span> <span class='ocrx_word' id='word_1_388' title='bbox 913 5205 1167 5244; x_wconf 83' lang='lat' dir='ltr'><strong>vocamus</strong></span> <span class='ocrx_word' id='word_1_389' title='bbox 1207 5193 1648 5245; x_wconf 80' lang='lat' dir='ltr'><strong>cxiuanitionem.</strong></span> <span class='ocrx_word' id='word_1_390' title='bbox 1692 5190 1828 5242; x_wconf 84' lang='lat' dir='ltr'><strong>Deus</strong></span> <span class='ocrx_word' id='word_1_391' title='bbox 1862 5189 2041 5256; x_wconf 79' lang='lat' dir='ltr'><strong>itaque</strong></span> <span class='ocrx_word' id='word_1_392' title='bbox 2086 5191 2180 5243; x_wconf 81' lang='lat' dir='ltr'><strong>lto-</strong></span> 
     </span>
    </p>
   </div>
   <div class='ocr_carea' id='block_1_55' title="bbox 608 5282 2178 5351">
    <p class='ocr_par' dir='ltr' id='par_1_55' title="bbox 608 5282 2178 5351">
     <span class='ocr_line' id='line_1_55' title="bbox 608 5282 2178 5351; baseline -0.004 -15"><span class='ocrx_word' id='word_1_393' title='bbox 608 5299 695 5337; x_wconf 89' lang='lat' dir='ltr'><strong>mo</strong></span> <span class='ocrx_word' id='word_1_394' title='bbox 721 5285 919 5345; x_wconf 76' lang='lat' dir='ltr'><strong>lactus,</strong></span> <span class='ocrx_word' id='word_1_395' title='bbox 955 5282 1076 5335; x_wconf 88' lang='lat' dir='ltr'><strong>licet</strong></span> <span class='ocrx_word' id='word_1_396' title='bbox 1118 5282 1215 5334; x_wconf 84' lang='lat' dir='ltr'><strong>hoc</strong></span> <span class='ocrx_word' id='word_1_397' title='bbox 1263 5284 1430 5350; x_wconf 79' lang='lat' dir='ltr'><strong>ipsum</strong></span> <span class='ocrx_word' id='word_1_398' title='bbox 1458 5284 1628 5337; x_wconf 84' lang='lat' dir='ltr'><strong>solum</strong></span> <span class='ocrx_word' id='word_1_399' title='bbox 1661 5283 1802 5351; x_wconf 89' lang='lat' dir='ltr'><strong>quod</strong></span> <span class='ocrx_word' id='word_1_400' title='bbox 1834 5282 2178 5342; x_wconf 77' lang='lat' dir='ltr'><strong>cernebatur,</strong></span> 
     </span>
    </p>
   </div>
   <div class='ocr_carea' id='block_1_56' title="bbox 679 5435 2257 5500">
    <p class='ocr_par' dir='ltr' id='par_1_56' title="bbox 679 5435 2257 5500">
     <span class='ocr_line' id='line_1_56' title="bbox 679 5435 2257 5500; baseline -0.003 -8"><span class='ocrx_word' id='word_1_401' title='bbox 679 5441 724 5470; x_wconf 79' lang='grc'><strong>²²</strong></span> <span class='ocrx_word' id='word_1_402' title='bbox 759 5438 774 5492; x_wconf 96' lang='grc' dir='ltr'><strong>Ι</strong></span> <span class='ocrx_word' id='word_1_403' title='bbox 806 5437 960 5493; x_wconf 79' lang='lat' dir='ltr'><strong>Joutt.</strong></span> <span class='ocrx_word' id='word_1_404' title='bbox 994 5453 1051 5500; x_wconf 88' lang='lat' dir='ltr'><strong>tt,</strong></span> <span class='ocrx_word' id='word_1_405' title='bbox 1087 5437 1132 5500; x_wconf 84' lang='lat' dir='ltr'><strong>l,</strong></span> <span class='ocrx_word' id='word_1_406' title='bbox 1167 5438 1219 5490; x_wconf 71' lang='grc' dir='ltr'><strong>εὶ.</strong></span> <span class='ocrx_word' id='word_1_407' title='bbox 1301 5437 1342 5465; x_wconf 73' lang='grc'><strong>²³</strong></span> <span class='ocrx_word' id='word_1_408' title='bbox 1370 5436 1520 5489; x_wconf 73' lang='lat' dir='ltr'><strong>Joan.</strong></span> <span class='ocrx_word' id='word_1_409' title='bbox 1551 5454 1609 5500; x_wconf 89' lang='lat' dir='ltr'><strong>ll,</strong></span> <span class='ocrx_word' id='word_1_410' title='bbox 1633 5438 1720 5494; x_wconf 74' lang='lat'><strong>‘23.</strong></span> <span class='ocrx_word' id='word_1_411' title='bbox 1799 5438 1863 5469; x_wconf 76' lang='grc'><strong>²³⁸</strong></span> <span class='ocrx_word' id='word_1_412' title='bbox 1896 5435 1934 5489; x_wconf 91' lang='lat' dir='ltr'><strong>ll</strong></span> <span class='ocrx_word' id='word_1_413' title='bbox 1964 5436 2087 5490; x_wconf 90' lang='lat' dir='ltr'><strong>Cor.</strong></span> <span class='ocrx_word' id='word_1_414' title='bbox 2122 5451 2173 5500; x_wconf 77' lang='grc' dir='ltr'>Χ,</span> <span class='ocrx_word' id='word_1_415' title='bbox 2201 5435 2257 5487; x_wconf 72' lang='lat'><strong>9..</strong></span> 
     </span>
    </p>
   </div>
   <div class='ocr_carea' id='block_1_57' title="bbox 1642 344 2875 412">
    <p class='ocr_par' dir='ltr' id='par_1_57' title="bbox 1642 344 2875 412">
     <span class='ocr_line' id='line_1_57' title="bbox 1642 344 2875 412; baseline 0.001 -5"><span class='ocrx_word' id='word_1_416' title='bbox 1642 356 1697 410; x_wconf 89' lang='lat' dir='ltr'><strong>s.</strong></span> <span class='ocrx_word' id='word_1_417' title='bbox 1733 355 2008 412; x_wconf 72' lang='lat' dir='ltr'><strong>(ZYRILLI</strong></span> <span class='ocrx_word' id='word_1_418' title='bbox 2047 344 2516 411; x_wconf 75' lang='lat' dir='ltr'><strong>ALEXANDRINI</strong></span> <span class='ocrx_word' id='word_1_419' title='bbox 2548 351 2875 408; x_wconf 71' lang='lat' dir='ltr'><strong>Attcttttar.</strong></span> 
     </span>
    </p>
   </div>
   <div class='ocr_carea' id='block_1_58' title="bbox 3789 353 3910 406">
    <p class='ocr_par' dir='ltr' id='par_1_58' title="bbox 3789 353 3910 406">
     <span class='ocr_line' id='line_1_58' title="bbox 3789 353 3910 406; baseline -0.017 0"><span class='ocrx_word' id='word_1_420' title='bbox 3789 353 3910 406; x_wconf 73' lang='lat' dir='ltr'><strong>HM</strong></span> 
     </span>
    </p>
   </div>
   <div class='ocr_carea' id='block_1_59' title="bbox 2326 469 3909 540">
    <p class='ocr_par' dir='ltr' id='par_1_59' title="bbox 2326 469 3909 540">
     <span class='ocr_line' id='line_1_59' title="bbox 2326 469 3909 540; baseline -0.002 -17"><span class='ocrx_word' id='word_1_421' title='bbox 2326 471 2416 523; x_wconf 73' lang='grc' dir='ltr'><strong>καὶ</strong></span> <span class='ocrx_word' id='word_1_422' title='bbox 2452 472 2763 539; x_wconf 79' lang='grc' dir='ltr'><strong>ἱλαστήριον</strong></span> <span class='ocrx_word' id='word_1_423' title='bbox 2811 473 2839 522; x_wconf 99' lang='lat'><strong>6</strong></span> <span class='ocrx_word' id='word_1_424' title='bbox 2883 470 3010 534; x_wconf 81' lang='grc' dir='ltr'>Υἱὸς</span> <span class='ocrx_word' id='word_1_425' title='bbox 3049 485 3383 539; x_wconf 80' lang='grc' dir='ltr'>ωνομασται.</span> <span class='ocrx_word' id='word_1_426' title='bbox 3436 469 3762 539; x_wconf 70' lang='grc' dir='ltr'>Καθίστησι</span> <span class='ocrx_word' id='word_1_427' title='bbox 3815 471 3909 540; x_wconf 64' lang='grc' dir='ltr'>γὰρ</span> 
     </span>
    </p>
   </div>
   <div class='ocr_carea' id='block_1_60' title="bbox 2322 558 3909 629">
    <p class='ocr_par' dir='ltr' id='par_1_60' title="bbox 2322 558 3909 629">
     <span class='ocr_line' id='line_1_60' title="bbox 2322 558 3909 629; baseline -0.001 -19"><span class='ocrx_word' id='word_1_428' title='bbox 2322 561 2433 619; x_wconf 85' lang='grc' dir='ltr'>τοῖς</span> <span class='ocrx_word' id='word_1_429' title='bbox 2464 559 2557 610; x_wconf 73' lang='grc' dir='ltr'><strong>ἐπὶ</strong></span> <span class='ocrx_word' id='word_1_430' title='bbox 2595 560 2692 628; x_wconf 82' lang='grc' dir='ltr'>τῆς</span> <span class='ocrx_word' id='word_1_431' title='bbox 2727 558 2830 626; x_wconf 81' lang='grc' dir='ltr'>γῆς</span> <span class='ocrx_word' id='word_1_432' title='bbox 2875 559 3081 628; x_wconf 82' lang='grc' dir='ltr'><strong>εὐμενῆ</strong></span> <span class='ocrx_word' id='word_1_433' title='bbox 3127 559 3220 612; x_wconf 82' lang='grc' dir='ltr'><strong>τὸν</strong></span> <span class='ocrx_word' id='word_1_434' title='bbox 3267 559 3513 629; x_wconf 79' lang='grc' dir='ltr'><strong>Πατέρα,</strong></span> <span class='ocrx_word' id='word_1_435' title='bbox 3567 560 3669 610; x_wconf 73' lang='grc' dir='ltr'><strong>καὶ</strong></span> <span class='ocrx_word' id='word_1_436' title='bbox 3717 560 3909 621; x_wconf 59' lang='lat' dir='ltr'><strong>nam;</strong></span> 
     </span>
    </p>
   </div>
   <div class='ocr_carea' id='block_1_61' title="bbox 2321 648 3912 719">
    <p class='ocr_par' dir='ltr' id='par_1_61' title="bbox 2321 648 3912 719">
     <span class='ocr_line' id='line_1_61' title="bbox 2321 648 3912 719; baseline 0 -20"><span class='ocrx_word' id='word_1_437' title='bbox 2321 652 2454 718; x_wconf 85' lang='grc' dir='ltr'>ἡμῖν</span> <span class='ocrx_word' id='word_1_438' title='bbox 2480 648 2793 718; x_wconf 82' lang='grc' dir='ltr'>εὑρίσκεται</span> <span class='ocrx_word' id='word_1_439' title='bbox 2819 648 3078 719; x_wconf 74' lang='grc' dir='ltr'><strong>πρόξενος</strong></span> <span class='ocrx_word' id='word_1_440' title='bbox 3108 649 3334 717; x_wconf 79' lang='grc' dir='ltr'><strong>ἀγαθοῦ.</strong></span> <span class='ocrx_word' id='word_1_441' title='bbox 3369 649 3516 719; x_wconf 79' lang='grc' dir='ltr'><strong>Πλὴν</strong></span> <span class='ocrx_word' id='word_1_442' title='bbox 3541 651 3733 701; x_wconf 80' lang='grc' dir='ltr'>ἐκεῖνο</span> <span class='ocrx_word' id='word_1_443' title='bbox 3757 667 3912 700; x_wconf 77' lang='grc' dir='ltr'>κατα-</span> 
     </span>
    </p>
   </div>
   <div class='ocr_carea' id='block_1_62' title="bbox 2322 738 3909 809">
    <p class='ocr_par' dir='ltr' id='par_1_62' title="bbox 2322 738 3909 809">
     <span class='ocr_line' id='line_1_62' title="bbox 2322 738 3909 809; baseline 0.001 -19"><span class='ocrx_word' id='word_1_444' title='bbox 2322 738 2634 809; x_wconf 85' lang='grc' dir='ltr'>θρήσωμεν,</span> <span class='ocrx_word' id='word_1_445' title='bbox 2662 740 2778 802; x_wconf 84' lang='grc' dir='ltr'>πῶς</span> <span class='ocrx_word' id='word_1_446' title='bbox 2810 739 2876 792; x_wconf 85' lang='grc' dir='ltr'><strong>ἂν</strong></span> <span class='ocrx_word' id='word_1_447' title='bbox 2903 738 3178 804; x_wconf 83' lang='grc' dir='ltr'>δοξάσειεν</span> <span class='ocrx_word' id='word_1_448' title='bbox 3212 742 3239 792; x_wconf 87' lang='lat'><strong>6</strong></span> <span class='ocrx_word' id='word_1_449' title='bbox 3275 739 3466 808; x_wconf 78' lang='grc' dir='ltr'>Πατὴρ</span> <span class='ocrx_word' id='word_1_450' title='bbox 3497 740 3593 791; x_wconf 81' lang='grc' dir='ltr'><strong>τὸν</strong></span> <span class='ocrx_word' id='word_1_451' title='bbox 3639 740 3797 804; x_wconf 80' lang='grc' dir='ltr'>Υῐδν,</span> <span class='ocrx_word' id='word_1_452' title='bbox 3829 741 3909 792; x_wconf 80' lang='grc' dir='ltr'>δο-</span> 
     </span>
    </p>
   </div>
   <div class='ocr_carea' id='block_1_63' title="bbox 2320 827 3908 901">
    <p class='ocr_par' dir='ltr' id='par_1_63' title="bbox 2320 827 3908 901">
     <span class='ocr_line' id='line_1_63' title="bbox 2320 827 3908 901; baseline 0.004 -23"><span class='ocrx_word' id='word_1_453' title='bbox 2320 827 2649 896; x_wconf 80' lang='grc' dir='ltr'>ξασθήσεται</span> <span class='ocrx_word' id='word_1_454' title='bbox 2698 829 2754 880; x_wconf 81' lang='grc' dir='ltr'>δὲ</span> <span class='ocrx_word' id='word_1_455' title='bbox 2785 829 2878 881; x_wconf 72' lang='grc' dir='ltr'>καὶ</span> <span class='ocrx_word' id='word_1_456' title='bbox 2912 830 3073 893; x_wconf 84' lang='grc' dir='ltr'>αὑτὸς</span> <span class='ocrx_word' id='word_1_457' title='bbox 3121 831 3253 901; x_wconf 79' lang='grc' dir='ltr'>παρ’</span> <span class='ocrx_word' id='word_1_458' title='bbox 3300 830 3468 882; x_wconf 82' lang='grc' dir='ltr'>αὑτοῦ</span> <span class='ocrx_word' id='word_1_459' title='bbox 3509 829 3638 881; x_wconf 83' lang='grc' dir='ltr'>τίνα</span> <span class='ocrx_word' id='word_1_460' title='bbox 3685 830 3908 898; x_wconf 77' lang='grc' dir='ltr'>τρόπον.</span> 
     </span>
    </p>
   </div>
   <div class='ocr_carea' id='block_1_64' title="bbox 2322 918 3909 991">
    <p class='ocr_par' dir='ltr' id='par_1_64' title="bbox 2322 918 3909 991">
     <span class='ocr_line' id='line_1_64' title="bbox 2322 918 3909 991; baseline 0.001 -21"><span class='ocrx_word' id='word_1_461' title='bbox 2322 919 2531 971; x_wconf 86' lang='grc' dir='ltr'>Οὑκοῦν</span> <span class='ocrx_word' id='word_1_462' title='bbox 2574 919 2674 988; x_wconf 79' lang='grc' dir='ltr'><strong>τὴν</strong></span> <span class='ocrx_word' id='word_1_463' title='bbox 2729 918 2901 989; x_wconf 80' lang='grc' dir='ltr'>ὤραν,</span> <span class='ocrx_word' id='word_1_464' title='bbox 2956 922 3124 991; x_wconf 74' lang='grc' dir='ltr'>ἤγουν</span> <span class='ocrx_word' id='word_1_465' title='bbox 3177 922 3267 974; x_wconf 82' lang='grc' dir='ltr'><strong>τὸν</strong></span> <span class='ocrx_word' id='word_1_466' title='bbox 3327 921 3520 990; x_wconf 80' lang='grc' dir='ltr'>καιρὸν</span> <span class='ocrx_word' id='word_1_467' title='bbox 3585 921 3909 989; x_wconf 76' lang='grc' dir='ltr'><strong>ἐληλυθέναί</strong></span> 
     </span>
    </p>
   </div>
   <div class='ocr_carea' id='block_1_65' title="bbox 2319 1009 3910 1082">
    <p class='ocr_par' dir='ltr' id='par_1_65' title="bbox 2319 1009 3910 1082">
     <span class='ocr_line' id='line_1_65' title="bbox 2319 1009 3910 1082; baseline 0.001 -22"><span class='ocrx_word' id='word_1_468' title='bbox 2319 1011 2473 1078; x_wconf 63' lang='grc' dir='ltr'>φησι,</span> <span class='ocrx_word' id='word_1_469' title='bbox 2505 1010 2627 1062; x_wconf 83' lang='grc' dir='ltr'>καθ’</span> <span class='ocrx_word' id='word_1_470' title='bbox 2657 1009 2716 1062; x_wconf 82' lang='grc' dir='ltr'>ὃν</span> <span class='ocrx_word' id='word_1_471' title='bbox 2760 1012 2868 1063; x_wconf 74' lang='grc' dir='ltr'>ἔδει</span> <span class='ocrx_word' id='word_1_472' title='bbox 2906 1013 3122 1074; x_wconf 86' lang='grc' dir='ltr'>πάντως</span> <span class='ocrx_word' id='word_1_473' title='bbox 3151 1013 3315 1064; x_wconf 77' lang='grc' dir='ltr'>αὑτὸν</span> <span class='ocrx_word' id='word_1_474' title='bbox 3350 1011 3440 1063; x_wconf 82' lang='grc' dir='ltr'><strong>τὸν</strong></span> <span class='ocrx_word' id='word_1_475' title='bbox 3482 1012 3631 1082; x_wconf 81' lang='grc' dir='ltr'>ὑπὲρ</span> <span class='ocrx_word' id='word_1_476' title='bbox 3673 1012 3780 1080; x_wconf 75' lang='grc' dir='ltr'>τῆς</span> <span class='ocrx_word' id='word_1_477' title='bbox 3821 1013 3910 1062; x_wconf 74' lang='grc' dir='ltr'>τοῦ</span> 
     </span>
    </p>
   </div>
   <div class='ocr_carea' id='block_1_66' title="bbox 2320 1096 3913 1170">
    <p class='ocr_par' dir='ltr' id='par_1_66' title="bbox 2320 1096 3913 1170">
     <span class='ocr_line' id='line_1_66' title="bbox 2320 1096 3913 1170; baseline -0.003 -18"><span class='ocrx_word' id='word_1_478' title='bbox 2320 1101 2526 1168; x_wconf 75' lang='grc' dir='ltr'>κόσμου</span> <span class='ocrx_word' id='word_1_479' title='bbox 2561 1099 2704 1168; x_wconf 82' lang='grc' dir='ltr'>ζωῆς</span> <span class='ocrx_word' id='word_1_480' title='bbox 2734 1100 3029 1169; x_wconf 84' lang='grc' dir='ltr'>ὑπομεῖναι</span> <span class='ocrx_word' id='word_1_481' title='bbox 3056 1100 3289 1169; x_wconf 85' lang='grc' dir='ltr'>σταυρόν</span> <span class='ocrx_word' id='word_1_482' title='bbox 3309 1115 3322 1128; x_wconf 73' lang='grc' dir='ltr'><strong><em>ο</em></strong></span> <span class='ocrx_word' id='word_1_483' title='bbox 3355 1099 3471 1151; x_wconf 79' lang='grc' dir='ltr'><strong>ἀλλ’</strong></span> <span class='ocrx_word' id='word_1_484' title='bbox 3498 1096 3568 1170; x_wconf 76' lang='grc' dir='ltr'>ἦν</span> <span class='ocrx_word' id='word_1_485' title='bbox 3607 1099 3913 1164; x_wconf 69' lang='grc' dir='ltr'>ἀναγκαῖον</span> 
     </span>
    </p>
   </div>
   <div class='ocr_carea' id='block_1_67' title="bbox 2317 1189 3913 1260">
    <p class='ocr_par' dir='ltr' id='par_1_67' title="bbox 2317 1189 3913 1260">
     <span class='ocr_line' id='line_1_67' title="bbox 2317 1189 3913 1260; baseline -0.003 -17"><span class='ocrx_word' id='word_1_486' title='bbox 2317 1191 2636 1256; x_wconf 73' lang='grc' dir='ltr'>δοξάζεσθαι</span> <span class='ocrx_word' id='word_1_487' title='bbox 2677 1191 2766 1243; x_wconf 78' lang='grc' dir='ltr'>τὸν</span> <span class='ocrx_word' id='word_1_488' title='bbox 2793 1192 2920 1244; x_wconf 78' lang='grc' dir='ltr'>Υἱὸν</span> <span class='ocrx_word' id='word_1_489' title='bbox 2951 1191 3102 1260; x_wconf 67' lang='grc' dir='ltr'>παρὰ</span> <span class='ocrx_word' id='word_1_490' title='bbox 3144 1191 3239 1243; x_wconf 82' lang='grc' dir='ltr'>τοῦ</span> <span class='ocrx_word' id='word_1_491' title='bbox 3273 1191 3508 1260; x_wconf 72' lang='grc' dir='ltr'>Πατρὸς,</span> <span class='ocrx_word' id='word_1_492' title='bbox 3544 1192 3644 1241; x_wconf 68' lang='grc' dir='ltr'>καὶ</span> <span class='ocrx_word' id='word_1_493' title='bbox 3681 1189 3776 1240; x_wconf 65' lang='grc' dir='ltr'><strong>διὰ</strong></span> <span class='ocrx_word' id='word_1_494' title='bbox 3822 1193 3913 1257; x_wconf 71' lang='grc' dir='ltr'>τῆς</span> 
     </span>
    </p>
   </div>
   <div class='ocr_carea' id='block_1_68' title="bbox 2315 1372 3913 1442">
    <p class='ocr_par' dir='ltr' id='par_1_68' title="bbox 2315 1372 3913 1442">
     <span class='ocr_line' id='line_1_68' title="bbox 2315 1372 3913 1442; baseline -0.004 -17"><span class='ocrx_word' id='word_1_495' title='bbox 2315 1372 2603 1442; x_wconf 76' lang='grc' dir='ltr'>ὀμοούσιος</span> <span class='ocrx_word' id='word_1_496' title='bbox 2629 1373 2778 1442; x_wconf 86' lang='grc' dir='ltr'>αὑτῷ</span> <span class='ocrx_word' id='word_1_497' title='bbox 2800 1375 2892 1426; x_wconf 80' lang='grc' dir='ltr'>καὶ</span> <span class='ocrx_word' id='word_1_498' title='bbox 2910 1372 3195 1437; x_wconf 79' lang='grc' dir='ltr'>ζωοποιδς,</span> <span class='ocrx_word' id='word_1_499' title='bbox 3223 1375 3317 1425; x_wconf 79' lang='grc' dir='ltr'>καὶ</span> <span class='ocrx_word' id='word_1_500' title='bbox 3340 1373 3580 1426; x_wconf 84' lang='grc' dir='ltr'>θανάτου</span> <span class='ocrx_word' id='word_1_501' title='bbox 3615 1372 3913 1442; x_wconf 76' lang='grc' dir='ltr'><strong>κρείττων,</strong></span> 
     </span>
    </p>
   </div>
   <div class='ocr_carea' id='block_1_69' title="bbox 2317 1462 3916 1535">
    <p class='ocr_par' dir='ltr' id='par_1_69' title="bbox 2317 1462 3916 1535">
     <span class='ocr_line' id='line_1_69' title="bbox 2317 1462 3916 1535; baseline -0.003 -19"><span class='ocrx_word' id='word_1_502' title='bbox 2317 1464 2412 1516; x_wconf 82' lang='grc' dir='ltr'><strong>καὶ</strong></span> <span class='ocrx_word' id='word_1_503' title='bbox 2460 1464 2666 1534; x_wconf 79' lang='grc' dir='ltr'>φθορᾶς</span> <span class='ocrx_word' id='word_1_504' title='bbox 2700 1465 2910 1533; x_wconf 77' lang='grc' dir='ltr'>ἀμείνω</span> <span class='ocrx_word' id='word_1_505' title='bbox 2961 1463 3058 1535; x_wconf 77' lang='grc' dir='ltr'><strong>τὴν</strong></span> <span class='ocrx_word' id='word_1_506' title='bbox 3107 1464 3273 1532; x_wconf 81' lang='grc' dir='ltr'>φύσιν</span> <span class='ocrx_word' id='word_1_507' title='bbox 3314 1463 3762 1532; x_wconf 78' lang='grc' dir='ltr'>διεκληρώσατο.</span> <span class='ocrx_word' id='word_1_508' title='bbox 3810 1462 3916 1513; x_wconf 71' lang='grc' dir='ltr'><strong>Καὶ</strong></span> 
     </span>
    </p>
   </div>
   <div class='ocr_carea' id='block_1_70' title="bbox 2314 1554 3918 1626">
    <p class='ocr_par' dir='ltr' id='par_1_70' title="bbox 2314 1554 3918 1626">
     <span class='ocr_line' id='line_1_70' title="bbox 2314 1554 3918 1626; baseline -0.003 -18"><span class='ocrx_word' id='word_1_509' title='bbox 2314 1554 2595 1621; x_wconf 77' lang='grc' dir='ltr'>δοξάζεται</span> <span class='ocrx_word' id='word_1_510' title='bbox 2623 1555 2795 1608; x_wconf 78' lang='grc' dir='ltr'>δὲκαὶ</span> <span class='ocrx_word' id='word_1_511' title='bbox 2825 1555 2990 1618; x_wconf 85' lang='grc' dir='ltr'>αὑτὸς</span> <span class='ocrx_word' id='word_1_512' title='bbox 3016 1556 3046 1607; x_wconf 90' lang='lat'><strong>6</strong></span> <span class='ocrx_word' id='word_1_513' title='bbox 3074 1555 3283 1626; x_wconf 83' lang='grc' dir='ltr'>Πατὴρ,</span> <span class='ocrx_word' id='word_1_514' title='bbox 3312 1555 3387 1618; x_wconf 84' lang='grc' dir='ltr'><strong>ὡς</strong></span> <span class='ocrx_word' id='word_1_515' title='bbox 3410 1554 3554 1624; x_wconf 78' lang='grc' dir='ltr'>ἔχων</span> <span class='ocrx_word' id='word_1_516' title='bbox 3582 1555 3723 1606; x_wconf 74' lang='grc' dir='ltr'>Υῐδν</span> <span class='ocrx_word' id='word_1_517' title='bbox 3775 1554 3918 1607; x_wconf 65' lang='grc' dir='ltr'>κατὰ</span> 
     </span>
    </p>
   </div>
   <div class='ocr_carea' id='block_1_71' title="bbox 2314 1645 3914 1715">
    <p class='ocr_par' dir='ltr' id='par_1_71' title="bbox 2314 1645 3914 1715">
     <span class='ocr_line' id='line_1_71' title="bbox 2314 1645 3914 1715; baseline -0.001 -17"><span class='ocrx_word' id='word_1_518' title='bbox 2314 1648 2423 1698; x_wconf 80' lang='grc' dir='ltr'>πᾶν</span> <span class='ocrx_word' id='word_1_519' title='bbox 2443 1645 2622 1699; x_wconf 73' lang='grc' dir='ltr'>ὁτιοῦν</span> <span class='ocrx_word' id='word_1_520' title='bbox 2639 1647 2856 1700; x_wconf 82' lang='grc' dir='ltr'>ἐοικότα</span> <span class='ocrx_word' id='word_1_521' title='bbox 2873 1663 2929 1698; x_wconf 89' lang='grc' dir='ltr'><strong>τε</strong></span> <span class='ocrx_word' id='word_1_522' title='bbox 2948 1648 3040 1699; x_wconf 77' lang='grc' dir='ltr'><strong>καὶ</strong></span> <span class='ocrx_word' id='word_1_523' title='bbox 3059 1646 3278 1698; x_wconf 79' lang='grc' dir='ltr'>ἰσοκλεᾶ</span> <span class='ocrx_word' id='word_1_524' title='bbox 3297 1647 3393 1699; x_wconf 76' lang='grc' dir='ltr'>καὶ</span> <span class='ocrx_word' id='word_1_525' title='bbox 3414 1646 3684 1715; x_wconf 73' lang='grc' dir='ltr'>ἰσουργδν</span> <span class='ocrx_word' id='word_1_526' title='bbox 3711 1645 3914 1712; x_wconf 70' lang='grc' dir='ltr'>ἐαυτῷ.</span> 
     </span>
    </p>
   </div>
   <div class='ocr_carea' id='block_1_72' title="bbox 2314 1737 3916 1807">
    <p class='ocr_par' dir='ltr' id='par_1_72' title="bbox 2314 1737 3916 1807">
     <span class='ocr_line' id='line_1_72' title="bbox 2314 1737 3916 1807; baseline -0.006 -14"><span class='ocrx_word' id='word_1_527' title='bbox 2314 1740 2426 1793; x_wconf 77' lang='grc' dir='ltr'><strong>Καὶ</strong></span> <span class='ocrx_word' id='word_1_528' title='bbox 2453 1738 2614 1790; x_wconf 83' lang='grc' dir='ltr'>τοῦτο</span> <span class='ocrx_word' id='word_1_529' title='bbox 2642 1738 2880 1806; x_wconf 83' lang='grc' dir='ltr'>δέδειχεν</span> <span class='ocrx_word' id='word_1_530' title='bbox 2910 1740 2937 1790; x_wconf 90' lang='lat'><strong>6</strong></span> <span class='ocrx_word' id='word_1_531' title='bbox 2968 1737 3094 1800; x_wconf 76' lang='grc' dir='ltr'>Υἱὸς</span> <span class='ocrx_word' id='word_1_532' title='bbox 3126 1739 3487 1807; x_wconf 79' lang='grc' dir='ltr'><strong>καταργήσας</strong></span> <span class='ocrx_word' id='word_1_533' title='bbox 3516 1737 3615 1788; x_wconf 76' lang='grc' dir='ltr'><strong>τὸν</strong></span> <span class='ocrx_word' id='word_1_534' title='bbox 3654 1737 3916 1798; x_wconf 72' lang='grc' dir='ltr'>θάνατον,</span> 
     </span>
    </p>
   </div>
   <div class='ocr_carea' id='block_1_73' title="bbox 2313 1827 3918 1900">
    <p class='ocr_par' dir='ltr' id='par_1_73' title="bbox 2313 1827 3918 1900">
     <span class='ocr_line' id='line_1_73' title="bbox 2313 1827 3918 1900; baseline -0.003 -18"><span class='ocrx_word' id='word_1_535' title='bbox 2313 1832 2405 1882; x_wconf 75' lang='grc' dir='ltr'><strong>καὶ</strong></span> <span class='ocrx_word' id='word_1_536' title='bbox 2435 1829 2750 1898; x_wconf 79' lang='grc' dir='ltr'>ἀναστήσας</span> <span class='ocrx_word' id='word_1_537' title='bbox 2777 1830 2840 1880; x_wconf 83' lang='grc' dir='ltr'><strong>ἐκ</strong></span> <span class='ocrx_word' id='word_1_538' title='bbox 2869 1827 3080 1900; x_wconf 82' lang='grc' dir='ltr'>νεκρῶν</span> <span class='ocrx_word' id='word_1_539' title='bbox 3124 1829 3213 1880; x_wconf 69' lang='grc' dir='ltr'><strong>τδν</strong></span> <span class='ocrx_word' id='word_1_540' title='bbox 3243 1829 3440 1882; x_wconf 80' lang='grc' dir='ltr'>ἐαυτοῦ</span> <span class='ocrx_word' id='word_1_541' title='bbox 3485 1829 3644 1881; x_wconf 81' lang='grc' dir='ltr'>ναόν.</span> <span class='ocrx_word' id='word_1_542' title='bbox 3684 1829 3918 1896; x_wconf 75' lang='grc' dir='ltr'>Δέχεται</span> 
     </span>
    </p>
   </div>
   <div class='ocr_carea' id='block_1_74' title="bbox 2310 1917 3917 1990">
    <p class='ocr_par' dir='ltr' id='par_1_74' title="bbox 2310 1917 3917 1990">
     <span class='ocr_line' id='line_1_74' title="bbox 2310 1917 3917 1990; baseline -0.002 -18"><span class='ocrx_word' id='word_1_543' title='bbox 2310 1921 2365 1972; x_wconf 83' lang='grc' dir='ltr'>δὲ</span> <span class='ocrx_word' id='word_1_544' title='bbox 2402 1921 2502 1990; x_wconf 81' lang='grc' dir='ltr'><strong>τὴν</strong></span> <span class='ocrx_word' id='word_1_545' title='bbox 2539 1920 2684 1973; x_wconf 84' lang='grc' dir='ltr'><strong>κατὰ</strong></span> <span class='ocrx_word' id='word_1_546' title='bbox 2718 1920 2937 1972; x_wconf 85' lang='grc' dir='ltr'>πάντων</span> <span class='ocrx_word' id='word_1_547' title='bbox 2966 1919 3217 1983; x_wconf 79' lang='grc' dir='ltr'>ἐξουσίαν</span> <span class='ocrx_word' id='word_1_548' title='bbox 3238 1958 3252 1982; x_wconf 88' lang='grc'><strong>,</strong></span> <span class='ocrx_word' id='word_1_549' title='bbox 3297 1920 3418 1973; x_wconf 83' lang='grc' dir='ltr'>καθ’</span> <span class='ocrx_word' id='word_1_550' title='bbox 3453 1921 3608 1990; x_wconf 75' lang='grc' dir='ltr'>ἡμᾶς</span> <span class='ocrx_word' id='word_1_551' title='bbox 3643 1919 3712 1987; x_wconf 74' lang='grc' dir='ltr'>δὴ</span> <span class='ocrx_word' id='word_1_552' title='bbox 3755 1917 3917 1970; x_wconf 74' lang='grc' dir='ltr'>πάλιν</span> 
     </span>
    </p>
   </div>
   <div class='ocr_carea' id='block_1_75' title="bbox 2313 2007 3915 2078">
    <p class='ocr_par' dir='ltr' id='par_1_75' title="bbox 2313 2007 3915 2078">
     <span class='ocr_line' id='line_1_75' title="bbox 2313 2007 3915 2078; baseline 0 -18"><span class='ocrx_word' id='word_1_553' title='bbox 2313 2009 2405 2061; x_wconf 75' lang='grc' dir='ltr'><strong>καὶ</strong></span> <span class='ocrx_word' id='word_1_554' title='bbox 2429 2007 2784 2078; x_wconf 78' lang='grc' dir='ltr'>ἀνθρωπίνως</span> <span class='ocrx_word' id='word_1_555' title='bbox 2801 2022 2813 2034; x_wconf 90' lang='grc'><strong>·</strong></span> <span class='ocrx_word' id='word_1_556' title='bbox 2836 2007 3012 2059; x_wconf 83' lang='grc' dir='ltr'>καίτοι</span> <span class='ocrx_word' id='word_1_557' title='bbox 3043 2007 3346 2078; x_wconf 73' lang='grc' dir='ltr'>βασιλεύων</span> <span class='ocrx_word' id='word_1_558' title='bbox 3381 2009 3490 2059; x_wconf 82' lang='grc' dir='ltr'><strong>τῶν</strong></span> <span class='ocrx_word' id='word_1_559' title='bbox 3512 2009 3660 2059; x_wconf 70' lang='grc' dir='ltr'>ὅλων</span> <span class='ocrx_word' id='word_1_560' title='bbox 3689 2008 3915 2068; x_wconf 81' lang='grc' dir='ltr'>θεῖκῶς.</span> 
     </span>
    </p>
   </div>
   <div class='ocr_carea' id='block_1_76' title="bbox 2311 2097 3917 2169">
    <p class='ocr_par' dir='ltr' id='par_1_76' title="bbox 2311 2097 3917 2169">
     <span class='ocr_line' id='line_1_76' title="bbox 2311 2097 3917 2169; baseline -0.002 -17"><span class='ocrx_word' id='word_1_561' title='bbox 2311 2101 2420 2152; x_wconf 78' lang='grc' dir='ltr'>Καὶ</span> <span class='ocrx_word' id='word_1_562' title='bbox 2452 2100 2627 2169; x_wconf 79' lang='grc' dir='ltr'>ἐνίησι</span> <span class='ocrx_word' id='word_1_563' title='bbox 2683 2099 2780 2168; x_wconf 82' lang='grc' dir='ltr'><strong>μὲν</strong></span> <span class='ocrx_word' id='word_1_564' title='bbox 2812 2101 2840 2150; x_wconf 88' lang='grc' dir='ltr'>ὁ</span> <span class='ocrx_word' id='word_1_565' title='bbox 2886 2099 3077 2169; x_wconf 83' lang='grc' dir='ltr'>Πατὴρ</span> <span class='ocrx_word' id='word_1_566' title='bbox 3109 2102 3220 2161; x_wconf 85' lang='grc' dir='ltr'>τοῖς</span> <span class='ocrx_word' id='word_1_567' title='bbox 3275 2100 3479 2152; x_wconf 74' lang='grc' dir='ltr'>δοθεῖσι</span> <span class='ocrx_word' id='word_1_568' title='bbox 3525 2097 3609 2167; x_wconf 80' lang='grc' dir='ltr'>τῷ</span> <span class='ocrx_word' id='word_1_569' title='bbox 3644 2099 3770 2166; x_wconf 77' lang='grc' dir='ltr'><strong>Υἱῷ</strong></span> <span class='ocrx_word' id='word_1_570' title='bbox 3820 2100 3917 2165; x_wconf 72' lang='grc' dir='ltr'><strong>τὴν</strong></span> 
     </span>
    </p>
   </div>
   <div class='ocr_carea' id='block_1_77' title="bbox 2310 2186 3915 2258">
    <p class='ocr_par' dir='ltr' id='par_1_77' title="bbox 2310 2186 3915 2258">
     <span class='ocr_line' id='line_1_77' title="bbox 2310 2186 3915 2258; baseline 0.003 -20"><span class='ocrx_word' id='word_1_571' title='bbox 2310 2188 2453 2256; x_wconf 76' lang='grc' dir='ltr'>ζωὴν</span> <span class='ocrx_word' id='word_1_572' title='bbox 2485 2187 2585 2256; x_wconf 83' lang='grc' dir='ltr'>τὴν</span> <span class='ocrx_word' id='word_1_573' title='bbox 2615 2187 2864 2240; x_wconf 80' lang='grc' dir='ltr'>αἰώνιον·</span> <span class='ocrx_word' id='word_1_574' title='bbox 2909 2187 3047 2258; x_wconf 76' lang='grc' dir='ltr'>αὕτη</span> <span class='ocrx_word' id='word_1_575' title='bbox 3087 2188 3147 2240; x_wconf 79' lang='grc' dir='ltr'>δέ</span> <span class='ocrx_word' id='word_1_576' title='bbox 3190 2188 3340 2239; x_wconf 73' lang='grc' dir='ltr'>ἐστιν</span> <span class='ocrx_word' id='word_1_577' title='bbox 3379 2186 3550 2249; x_wconf 84' lang='grc' dir='ltr'>αὑτός</span> <span class='ocrx_word' id='word_1_578' title='bbox 3576 2204 3590 2216; x_wconf 86' lang='grc'><strong>·</strong></span> <span class='ocrx_word' id='word_1_579' title='bbox 3631 2186 3746 2256; x_wconf 75' lang='grc' dir='ltr'><strong>ἔφη</strong></span> <span class='ocrx_word' id='word_1_580' title='bbox 3778 2189 3915 2255; x_wconf 81' lang='grc' dir='ltr'>γάρ·</span> 
     </span>
    </p>
   </div>
   <div class='ocr_carea' id='block_1_78' title="bbox 2313 2277 3920 2350">
    <p class='ocr_par' dir='ltr' id='par_1_78' title="bbox 2313 2277 3920 2350">
     <span class='ocr_line' id='line_1_78' title="bbox 2313 2277 3920 2350; baseline -0.001 -22"><span class='ocrx_word' id='word_1_581' title='bbox 2313 2297 2331 2328; x_wconf 71' lang='grc' dir='ltr'><strong>ι</strong></span> <span class='ocrx_word' id='word_1_582' title='bbox 2392 2277 2531 2345; x_wconf 88' lang='grc' dir='ltr'><strong>Ἐγὼ</strong></span> <span class='ocrx_word' id='word_1_583' title='bbox 2562 2279 2677 2346; x_wconf 75' lang='grc' dir='ltr'>εἰμι</span> <span class='ocrx_word' id='word_1_584' title='bbox 2707 2280 2739 2346; x_wconf 83' lang='grc' dir='ltr'>ἡ</span> <span class='ocrx_word' id='word_1_585' title='bbox 2771 2278 3066 2341; x_wconf 77' lang='grc' dir='ltr'>ἀνάστασις</span> <span class='ocrx_word' id='word_1_586' title='bbox 3095 2279 3190 2332; x_wconf 67' lang='grc' dir='ltr'>καὶ</span> <span class='ocrx_word' id='word_1_587' title='bbox 3223 2281 3255 2350; x_wconf 81' lang='grc' dir='ltr'>ἡ</span> <span class='ocrx_word' id='word_1_588' title='bbox 3291 2279 3427 2348; x_wconf 80' lang='grc' dir='ltr'><strong>ζωή.</strong></span> <span class='ocrx_word' id='word_1_589' title='bbox 3459 2296 3478 2328; x_wconf 79' lang='grc' dir='ltr'><strong>ι</strong></span> <span class='ocrx_word' id='word_1_590' title='bbox 3535 2278 3768 2331; x_wconf 76' lang='grc' dir='ltr'>Οὐκοῦν</span> <span class='ocrx_word' id='word_1_591' title='bbox 3818 2278 3920 2330; x_wconf 72' lang='grc' dir='ltr'>κᾶν</span> 
     </span>
    </p>
   </div>
   <div class='ocr_carea' id='block_1_79' title="bbox 2306 2369 3916 2441">
    <p class='ocr_par' dir='ltr' id='par_1_79' title="bbox 2306 2369 3916 2441">
     <span class='ocr_line' id='line_1_79' title="bbox 2306 2369 3916 2441; baseline -0.003 -20"><span class='ocrx_word' id='word_1_592' title='bbox 2306 2371 2354 2421; x_wconf 84' lang='grc' dir='ltr'>εἰ</span> <span class='ocrx_word' id='word_1_593' title='bbox 2385 2369 2596 2434; x_wconf 72' lang='grc' dir='ltr'>λέγοιτο</span> <span class='ocrx_word' id='word_1_594' title='bbox 2638 2369 2820 2421; x_wconf 81' lang='grc' dir='ltr'>λαϐεῖν</span> <span class='ocrx_word' id='word_1_595' title='bbox 2855 2371 3004 2441; x_wconf 70' lang='grc' dir='ltr'>παρὰ</span> <span class='ocrx_word' id='word_1_596' title='bbox 3040 2370 3133 2422; x_wconf 83' lang='grc' dir='ltr'><strong>τοῦ</strong></span> <span class='ocrx_word' id='word_1_597' title='bbox 3180 2370 3394 2439; x_wconf 77' lang='grc' dir='ltr'>Πατρδς</span> <span class='ocrx_word' id='word_1_598' title='bbox 3441 2369 3608 2436; x_wconf 78' lang='grc' dir='ltr'>δόξαν</span> <span class='ocrx_word' id='word_1_599' title='bbox 3665 2369 3770 2420; x_wconf 74' lang='grc' dir='ltr'><strong>καὶ</strong></span> <span class='ocrx_word' id='word_1_600' title='bbox 3822 2371 3916 2434; x_wconf 63' lang='grc' dir='ltr'><strong>τὴν</strong></span> 
     </span>
    </p>
   </div>
   <div class='ocr_carea' id='block_1_80' title="bbox 2306 2459 3917 2529">
    <p class='ocr_par' dir='ltr' id='par_1_80' title="bbox 2306 2459 3917 2529">
     <span class='ocr_line' id='line_1_80' title="bbox 2306 2459 3917 2529; baseline -0.002 -17"><span class='ocrx_word' id='word_1_601' title='bbox 2306 2460 2448 2512; x_wconf 78' lang='grc' dir='ltr'>κατὰ</span> <span class='ocrx_word' id='word_1_602' title='bbox 2483 2460 2697 2511; x_wconf 83' lang='grc' dir='ltr'>πάντων</span> <span class='ocrx_word' id='word_1_603' title='bbox 2739 2460 2988 2524; x_wconf 79' lang='grc' dir='ltr'>ἐξουσίαν</span> <span class='ocrx_word' id='word_1_604' title='bbox 3013 2477 3072 2511; x_wconf 87' lang='grc' dir='ltr'><strong>τε</strong></span> <span class='ocrx_word' id='word_1_605' title='bbox 3112 2461 3207 2511; x_wconf 79' lang='grc' dir='ltr'>καὶ</span> <span class='ocrx_word' id='word_1_606' title='bbox 3255 2459 3564 2529; x_wconf 74' lang='grc' dir='ltr'>βασιλειαν,</span> <span class='ocrx_word' id='word_1_607' title='bbox 3612 2460 3917 2512; x_wconf 71' lang='grc' dir='ltr'>ἀναθετέον</span> 
     </span>
    </p>
   </div>
   <div class='ocr_carea' id='block_1_81' title="bbox 2309 2549 3916 2619">
    <p class='ocr_par' dir='ltr' id='par_1_81' title="bbox 2309 2549 3916 2619">
     <span class='ocr_line' id='line_1_81' title="bbox 2309 2549 3916 2619; baseline -0.001 -18"><span class='ocrx_word' id='word_1_608' title='bbox 2309 2551 2406 2618; x_wconf 88' lang='grc' dir='ltr'><strong>μὲν</strong></span> <span class='ocrx_word' id='word_1_609' title='bbox 2437 2550 2497 2601; x_wconf 80' lang='grc' dir='ltr'>τὸ</span> <span class='ocrx_word' id='word_1_610' title='bbox 2546 2549 2730 2601; x_wconf 74' lang='grc' dir='ltr'>λαϐεῖν</span> <span class='ocrx_word' id='word_1_611' title='bbox 2766 2552 2878 2610; x_wconf 86' lang='grc' dir='ltr'>τοῖς</span> <span class='ocrx_word' id='word_1_612' title='bbox 2917 2550 3014 2616; x_wconf 80' lang='grc' dir='ltr'>τῆς</span> <span class='ocrx_word' id='word_1_613' title='bbox 3061 2549 3349 2612; x_wconf 79' lang='grc' dir='ltr'>κενώσεως</span> <span class='ocrx_word' id='word_1_614' title='bbox 3392 2550 3652 2619; x_wconf 76' lang='grc' dir='ltr'>μέτροις.</span> <span class='ocrx_word' id='word_1_615' title='bbox 3717 2552 3916 2602; x_wconf 76' lang='grc' dir='ltr'>ἰστέον</span> 
     </span>
    </p>
   </div>
   <div class='ocr_carea' id='block_1_82' title="bbox 2303 2639 3918 2713">
    <p class='ocr_par' dir='ltr' id='par_1_82' title="bbox 2303 2639 3918 2713">
     <span class='ocr_line' id='line_1_82' title="bbox 2303 2639 3918 2713; baseline 0.001 -21"><span class='ocrx_word' id='word_1_616' title='bbox 2303 2640 2379 2705; x_wconf 80' lang='grc' dir='ltr'><strong>δὲ,</strong></span> <span class='ocrx_word' id='word_1_617' title='bbox 2415 2640 2496 2693; x_wconf 87' lang='grc' dir='ltr'>ὅτι</span> <span class='ocrx_word' id='word_1_618' title='bbox 2523 2641 2617 2692; x_wconf 72' lang='grc' dir='ltr'><strong>καὶ</strong></span> <span class='ocrx_word' id='word_1_619' title='bbox 2657 2641 2753 2709; x_wconf 81' lang='grc' dir='ltr'><strong>τῆς</strong></span> <span class='ocrx_word' id='word_1_620' title='bbox 2785 2639 2941 2708; x_wconf 80' lang='grc' dir='ltr'>δόξης</span> <span class='ocrx_word' id='word_1_621' title='bbox 2973 2640 3089 2691; x_wconf 80' lang='grc' dir='ltr'>ἐστὶ</span> <span class='ocrx_word' id='word_1_622' title='bbox 3119 2641 3322 2713; x_wconf 78' lang='grc' dir='ltr'>Κύριος</span> <span class='ocrx_word' id='word_1_623' title='bbox 3349 2641 3424 2703; x_wconf 83' lang='grc' dir='ltr'>ὡς</span> <span class='ocrx_word' id='word_1_624' title='bbox 3452 2643 3617 2704; x_wconf 76' lang='grc' dir='ltr'>Θεὸς,</span> <span class='ocrx_word' id='word_1_625' title='bbox 3659 2643 3760 2695; x_wconf 81' lang='grc' dir='ltr'>καὶ</span> <span class='ocrx_word' id='word_1_626' title='bbox 3795 2643 3918 2694; x_wconf 68' lang='grc' dir='ltr'>σύν-</span> 
     </span>
    </p>
   </div>
   <div class='ocr_carea' id='block_1_83' title="bbox 2304 2731 3918 2803">
    <p class='ocr_par' dir='ltr' id='par_1_83' title="bbox 2304 2731 3918 2803">
     <span class='ocr_line' id='line_1_83' title="bbox 2304 2731 3918 2803; baseline -0.001 -18"><span class='ocrx_word' id='word_1_627' title='bbox 2304 2734 2492 2803; x_wconf 83' lang='grc' dir='ltr'>θρονος</span> <span class='ocrx_word' id='word_1_628' title='bbox 2518 2732 2596 2801; x_wconf 82' lang='grc' dir='ltr'><strong>τῷ</strong></span> <span class='ocrx_word' id='word_1_629' title='bbox 2629 2731 2803 2801; x_wconf 73' lang='grc' dir='ltr'>Πατρὶ</span> <span class='ocrx_word' id='word_1_630' title='bbox 2830 2732 2922 2784; x_wconf 78' lang='grc' dir='ltr'><strong>καὶ</strong></span> <span class='ocrx_word' id='word_1_631' title='bbox 2948 2733 3068 2785; x_wconf 75' lang='grc' dir='ltr'>κατ’</span> <span class='ocrx_word' id='word_1_632' title='bbox 3093 2732 3284 2784; x_wconf 77' lang='grc' dir='ltr'>οὐδένα</span> <span class='ocrx_word' id='word_1_633' title='bbox 3307 2733 3515 2802; x_wconf 83' lang='grc' dir='ltr'>τρόπον</span> <span class='ocrx_word' id='word_1_634' title='bbox 3547 2735 3918 2802; x_wconf 81' lang='grc' dir='ltr'>μειονεκτοὺ-</span> 
     </span>
    </p>
   </div>
   <div class='ocr_carea' id='block_1_84' title="bbox 2308 2821 3919 2893">
    <p class='ocr_par' dir='ltr' id='par_1_84' title="bbox 2308 2821 3919 2893">
     <span class='ocr_line' id='line_1_84' title="bbox 2308 2821 3919 2893; baseline 0 -18"><span class='ocrx_word' id='word_1_635' title='bbox 2308 2841 2470 2893; x_wconf 88' lang='grc' dir='ltr'>μενος</span> <span class='ocrx_word' id='word_1_636' title='bbox 2495 2823 2595 2891; x_wconf 81' lang='grc' dir='ltr'>τῆς</span> <span class='ocrx_word' id='word_1_637' title='bbox 2614 2821 2708 2874; x_wconf 80' lang='grc' dir='ltr'>τοῦ</span> <span class='ocrx_word' id='word_1_638' title='bbox 2734 2822 2984 2884; x_wconf 81' lang='grc' dir='ltr'>τεκόντος</span> <span class='ocrx_word' id='word_1_639' title='bbox 3014 2822 3174 2874; x_wconf 86' lang='grc' dir='ltr'>αὑτὸν</span> <span class='ocrx_word' id='word_1_640' title='bbox 3197 2823 3476 2893; x_wconf 79' lang='grc' dir='ltr'>ὑπεροχῆς</span> <span class='ocrx_word' id='word_1_641' title='bbox 3509 2841 3571 2874; x_wconf 86' lang='grc' dir='ltr'><strong>τε</strong></span> <span class='ocrx_word' id='word_1_642' title='bbox 3609 2825 3707 2876; x_wconf 49' lang='grc' dir='ltr'>καῖ</span> <span class='ocrx_word' id='word_1_643' title='bbox 3735 2822 3919 2893; x_wconf 66' lang='grc' dir='ltr'>δόξῃς,</span> 
     </span>
    </p>
   </div>
   <div class='ocr_carea' id='block_1_85' title="bbox 2301 2911 3920 2985">
    <p class='ocr_par' dir='ltr' id='par_1_85' title="bbox 2301 2911 3920 2985">
     <span class='ocr_line' id='line_1_85' title="bbox 2301 2911 3920 2985; baseline -0.002 -17"><span class='ocrx_word' id='word_1_644' title='bbox 2301 2917 2359 2968; x_wconf 85' lang='grc' dir='ltr'><strong>τό</strong></span> <span class='ocrx_word' id='word_1_645' title='bbox 2405 2933 2468 2984; x_wconf 86' lang='grc' dir='ltr'><strong>γε</strong></span> <span class='ocrx_word' id='word_1_646' title='bbox 2506 2911 2641 2985; x_wconf 82' lang='grc' dir='ltr'>ἧκον</span> <span class='ocrx_word' id='word_1_647' title='bbox 2685 2916 2765 2977; x_wconf 82' lang='grc' dir='ltr'>εἰς</span> <span class='ocrx_word' id='word_1_648' title='bbox 2803 2917 2902 2983; x_wconf 84' lang='grc' dir='ltr'><strong>τὴν</strong></span> <span class='ocrx_word' id='word_1_649' title='bbox 2936 2914 3036 2983; x_wconf 82' lang='grc' dir='ltr'>τῆς</span> <span class='ocrx_word' id='word_1_650' title='bbox 3075 2913 3329 2984; x_wconf 80' lang='grc' dir='ltr'>θεότητος</span> <span class='ocrx_word' id='word_1_651' title='bbox 3377 2917 3574 2983; x_wconf 80' lang='grc' dir='ltr'>φύσιν.</span> <span class='ocrx_word' id='word_1_652' title='bbox 3637 2917 3920 2984; x_wconf 60' lang='grc' dir='ltr'>Ἐἰσόμεθα</span> 
     </span>
    </p>
   </div>
   <div class='ocr_carea' id='block_1_86' title="bbox 2302 3003 3919 3074">
    <p class='ocr_par' dir='ltr' id='par_1_86' title="bbox 2302 3003 3919 3074">
     <span class='ocr_line' id='line_1_86' title="bbox 2302 3003 3919 3074; baseline 0 -19"><span class='ocrx_word' id='word_1_653' title='bbox 2302 3005 2413 3073; x_wconf 78' lang='grc' dir='ltr'><strong>γὰρ</strong></span> <span class='ocrx_word' id='word_1_654' title='bbox 2445 3003 2619 3066; x_wconf 77' lang='grc' dir='ltr'>οὓτως</span> <span class='ocrx_word' id='word_1_655' title='bbox 2653 3003 2920 3067; x_wconf 75' lang='grc' dir='ltr'>εὐσεϐεῖς,</span> <span class='ocrx_word' id='word_1_656' title='bbox 2966 3006 3398 3073; x_wconf 76' lang='grc' dir='ltr'>περιτρέποντες</span> <span class='ocrx_word' id='word_1_657' title='bbox 3454 3007 3572 3057; x_wconf 78' lang='grc' dir='ltr'>πᾶν</span> <span class='ocrx_word' id='word_1_658' title='bbox 3609 3007 3805 3074; x_wconf 68' lang='grc' dir='ltr'>νόημα</span> <span class='ocrx_word' id='word_1_659' title='bbox 3844 3009 3919 3066; x_wconf 77' lang='grc' dir='ltr'>εἰς</span> 
     </span>
    </p>
   </div>
   <div class='ocr_carea' id='block_1_87' title="bbox 2299 3093 3919 3165">
    <p class='ocr_par' dir='ltr' id='par_1_87' title="bbox 2299 3093 3919 3165">
     <span class='ocr_line' id='line_1_87' title="bbox 2299 3093 3919 3165; baseline 0.001 -21"><span class='ocrx_word' id='word_1_660' title='bbox 2299 3095 2397 3163; x_wconf 79' lang='grc' dir='ltr'>τὴν</span> <span class='ocrx_word' id='word_1_661' title='bbox 2432 3095 2680 3162; x_wconf 78' lang='grc' dir='ltr'>ὑπακοὴν</span> <span class='ocrx_word' id='word_1_662' title='bbox 2725 3093 2914 3153; x_wconf 75' lang='grc' dir='ltr'>αὑτοῦ,</span> <span class='ocrx_word' id='word_1_663' title='bbox 2964 3094 3056 3144; x_wconf 74' lang='grc' dir='ltr'><strong>καὶ</strong></span> <span class='ocrx_word' id='word_1_664' title='bbox 3115 3096 3414 3164; x_wconf 71' lang='grc' dir='ltr'>λογισμοὺς</span> <span class='ocrx_word' id='word_1_665' title='bbox 3469 3096 3919 3165; x_wconf 65' lang='grc' dir='ltr'>κιαθαιροὺντες,</span> 
     </span>
    </p>
   </div>
   <div class='ocr_carea' id='block_1_88' title="bbox 2306 3182 3912 3252">
    <p class='ocr_par' dir='ltr' id='par_1_88' title="bbox 2306 3182 3912 3252">
     <span class='ocr_line' id='line_1_88' title="bbox 2306 3182 3912 3252; baseline 0.001 -18"><span class='ocrx_word' id='word_1_666' title='bbox 2306 3202 2324 3234; x_wconf 81' lang='lat' dir='ltr'><strong>t</strong></span> <span class='ocrx_word' id='word_1_667' title='bbox 2360 3185 2452 3234; x_wconf 74' lang='grc' dir='ltr'><strong>καὶ</strong></span> <span class='ocrx_word' id='word_1_668' title='bbox 2481 3185 2588 3234; x_wconf 81' lang='grc' dir='ltr'><strong>πᾶν</strong></span> <span class='ocrx_word' id='word_1_669' title='bbox 2636 3182 2835 3251; x_wconf 61' lang='grc' dir='ltr'>ὑψωμα</span> <span class='ocrx_word' id='word_1_670' title='bbox 2875 3183 3238 3252; x_wconf 78' lang='grc' dir='ltr'>ἐπαιρόμενον</span> <span class='ocrx_word' id='word_1_671' title='bbox 3292 3188 3438 3237; x_wconf 69' lang='grc' dir='ltr'>κατὰ</span> <span class='ocrx_word' id='word_1_672' title='bbox 3495 3185 3605 3252; x_wconf 76' lang='grc' dir='ltr'>τῆς</span> <span class='ocrx_word' id='word_1_673' title='bbox 3645 3187 3912 3252; x_wconf 70' lang='grc' dir='ltr'>γνώσεως</span> 
     </span>
    </p>
   </div>
   <div class='ocr_carea' id='block_1_89' title="bbox 2301 3273 2538 3328">
    <p class='ocr_par' dir='ltr' id='par_1_89' title="bbox 2301 3273 2538 3328">
     <span class='ocr_line' id='line_1_89' title="bbox 2301 3273 2538 3328; baseline -0.008 0"><span class='ocrx_word' id='word_1_674' title='bbox 2301 3273 2487 3328; x_wconf 80' lang='grc' dir='ltr'>αὑτοῦ.</span> <span class='ocrx_word' id='word_1_675' title='bbox 2523 3295 2538 3325; x_wconf 78' lang='grc' dir='ltr'><strong>ι</strong></span> 
     </span>
    </p>
   </div>
   <div class='ocr_carea' id='block_1_90' title="bbox 2294 3363 3920 3434">
    <p class='ocr_par' dir='ltr' id='par_1_90' title="bbox 2294 3363 3920 3434">
     <span class='ocr_line' id='line_1_90' title="bbox 2294 3363 3920 3434; baseline 0.002 -12"><span class='ocrx_word' id='word_1_676' title='bbox 2294 3381 2617 3434; x_wconf 85' lang='lat' dir='ltr'><strong>omnemque</strong></span> <span class='ocrx_word' id='word_1_677' title='bbox 2657 3363 2994 3417; x_wconf 85' lang='lat' dir='ltr'><strong>altitudinem</strong></span> <span class='ocrx_word' id='word_1_678' title='bbox 3044 3375 3230 3420; x_wconf 87' lang='lat' dir='ltr'><strong>contra</strong></span> <span class='ocrx_word' id='word_1_679' title='bbox 3303 3367 3398 3422; x_wconf 88' lang='lat' dir='ltr'><strong>Dei</strong></span> <span class='ocrx_word' id='word_1_680' title='bbox 3449 3373 3764 3424; x_wconf 80' lang='lat' dir='ltr'><strong>sueutiam</strong></span> <span class='ocrx_word' id='word_1_681' title='bbox 3799 3387 3920 3425; x_wconf 69' lang='lat' dir='ltr'><strong>sese</strong></span> 
     </span>
    </p>
   </div>
   <div class='ocr_carea' id='block_1_91' title="bbox 2369 3543 3920 3624">
    <p class='ocr_par' dir='ltr' id='par_1_91' title="bbox 2369 3543 3920 3624">
     <span class='ocr_line' id='line_1_91' title="bbox 2369 3543 3920 3624; baseline -0.008 -18"><span class='ocrx_word' id='word_1_682' title='bbox 2369 3554 2451 3608; x_wconf 83' lang='lat' dir='ltr'><strong>N&#39;.</strong></span> <span class='ocrx_word' id='word_1_683' title='bbox 2489 3571 2507 3605; x_wconf 83' lang='lat' dir='ltr'><strong>t</strong></span> <span class='ocrx_word' id='word_1_684' title='bbox 2550 3553 2628 3622; x_wconf 77' lang='grc' dir='ltr'><strong>Τῇ</strong></span> <span class='ocrx_word' id='word_1_685' title='bbox 2661 3548 2809 3619; x_wconf 75' lang='grc' dir='ltr'>δεξιᾷ</span> <span class='ocrx_word' id='word_1_686' title='bbox 2829 3543 2925 3601; x_wconf 76' lang='grc' dir='ltr'>οὖν</span> <span class='ocrx_word' id='word_1_687' title='bbox 2951 3547 3044 3601; x_wconf 77' lang='grc' dir='ltr'>τοῦ</span> <span class='ocrx_word' id='word_1_688' title='bbox 3075 3548 3210 3602; x_wconf 75' lang='grc' dir='ltr'>Θεοῦ</span> <span class='ocrx_word' id='word_1_689' title='bbox 3236 3551 3498 3620; x_wconf 75' lang='grc' dir='ltr'>ὑψωθεὶς,</span> <span class='ocrx_word' id='word_1_690' title='bbox 3527 3557 3637 3624; x_wconf 80' lang='grc' dir='ltr'>τήν</span> <span class='ocrx_word' id='word_1_691' title='bbox 3658 3574 3723 3609; x_wconf 87' lang='grc' dir='ltr'><strong>τε</strong></span> <span class='ocrx_word' id='word_1_692' title='bbox 3746 3559 3920 3623; x_wconf 58' lang='grc' dir='ltr'>ἐπαγ-</span> 
     </span>
    </p>
   </div>
   <div class='ocr_carea' id='block_1_92' title="bbox 2297 3634 3916 3716">
    <p class='ocr_par' dir='ltr' id='par_1_92' title="bbox 2297 3634 3916 3716">
     <span class='ocr_line' id='line_1_92' title="bbox 2297 3634 3916 3716; baseline 0.004 -21"><span class='ocrx_word' id='word_1_693' title='bbox 2297 3643 2483 3710; x_wconf 79' lang='grc' dir='ltr'>γελξαν</span> <span class='ocrx_word' id='word_1_694' title='bbox 2499 3644 2593 3697; x_wconf 82' lang='grc' dir='ltr'>τοῦ</span> <span class='ocrx_word' id='word_1_695' title='bbox 2629 3634 2787 3709; x_wconf 78' lang='grc' dir='ltr'>ἁγίου</span> <span class='ocrx_word' id='word_1_696' title='bbox 2814 3640 3326 3710; x_wconf 77' lang='grc' dir='ltr'>Πνεύματοςλαϐὼν</span> <span class='ocrx_word' id='word_1_697' title='bbox 3354 3645 3510 3714; x_wconf 79' lang='grc' dir='ltr'>παρὰ</span> <span class='ocrx_word' id='word_1_698' title='bbox 3539 3647 3641 3700; x_wconf 77' lang='grc' dir='ltr'>τοῦ</span> <span class='ocrx_word' id='word_1_699' title='bbox 3671 3650 3916 3716; x_wconf 52' lang='lat' dir='ltr'><strong>lla-:96;</strong></span> 
     </span>
    </p>
   </div>
   <div class='ocr_carea' id='block_1_93' title="bbox 2296 3732 3914 3806">
    <p class='ocr_par' dir='ltr' id='par_1_93' title="bbox 2296 3732 3914 3806">
     <span class='ocr_line' id='line_1_93' title="bbox 2296 3732 3914 3806; baseline 0.005 -22"><span class='ocrx_word' id='word_1_700' title='bbox 2296 3735 2480 3804; x_wconf 77' lang='grc' dir='ltr'>ἐξέχεε</span> <span class='ocrx_word' id='word_1_701' title='bbox 2519 3736 2700 3798; x_wconf 75' lang='grc' dir='ltr'>τοῦτο,</span> <span class='ocrx_word' id='word_1_702' title='bbox 2731 3734 2759 3786; x_wconf 86' lang='grc' dir='ltr'><strong>ὂ</strong></span> <span class='ocrx_word' id='word_1_703' title='bbox 2793 3734 2948 3802; x_wconf 86' lang='grc' dir='ltr'>ὑμεῖς</span> <span class='ocrx_word' id='word_1_704' title='bbox 2981 3732 3211 3800; x_wconf 80' lang='grc' dir='ltr'>βλέπετε</span> <span class='ocrx_word' id='word_1_705' title='bbox 3244 3735 3338 3786; x_wconf 72' lang='grc' dir='ltr'><strong>καὶ</strong></span> <span class='ocrx_word' id='word_1_706' title='bbox 3369 3736 3636 3789; x_wconf 74' lang='grc' dir='ltr'>ἀκούετε.</span> <span class='ocrx_word' id='word_1_707' title='bbox 3686 3739 3768 3791; x_wconf 73' lang='grc' dir='ltr'><strong>Οὐ</strong></span> <span class='ocrx_word' id='word_1_708' title='bbox 3799 3742 3914 3806; x_wconf 67' lang='grc' dir='ltr'><strong>γὰρ</strong></span> 
     </span>
    </p>
   </div>
   <div class='ocr_carea' id='block_1_94' title="bbox 2293 3824 3917 3899">
    <p class='ocr_par' dir='ltr' id='par_1_94' title="bbox 2293 3824 3917 3899">
     <span class='ocr_line' id='line_1_94' title="bbox 2293 3824 3917 3899; baseline 0.002 -23"><span class='ocrx_word' id='word_1_709' title='bbox 2293 3827 2455 3878; x_wconf 78' lang='grc' dir='ltr'>Δαυῖδ</span> <span class='ocrx_word' id='word_1_710' title='bbox 2486 3827 2651 3896; x_wconf 78' lang='grc' dir='ltr'>άνέδη</span> <span class='ocrx_word' id='word_1_711' title='bbox 2692 3827 2772 3888; x_wconf 80' lang='grc' dir='ltr'>εις</span> <span class='ocrx_word' id='word_1_712' title='bbox 2798 3826 2890 3878; x_wconf 82' lang='grc' dir='ltr'><strong>τὸν</strong></span> <span class='ocrx_word' id='word_1_713' title='bbox 2920 3825 3148 3894; x_wconf 73' lang='grc' dir='ltr'>οὐρανόν</span> <span class='ocrx_word' id='word_1_714' title='bbox 3171 3843 3183 3854; x_wconf 93' lang='grc'>·</span> <span class='ocrx_word' id='word_1_715' title='bbox 3227 3824 3376 3894; x_wconf 80' lang='grc' dir='ltr'>λέγει</span> <span class='ocrx_word' id='word_1_716' title='bbox 3407 3828 3462 3880; x_wconf 83' lang='grc' dir='ltr'>δὲ</span> <span class='ocrx_word' id='word_1_717' title='bbox 3485 3829 3917 3899; x_wconf 42' lang='lat' dir='ltr'><strong>aerea-£135»</strong></span> 
     </span>
    </p>
   </div>
   <div class='ocr_carea' id='block_1_95' title="bbox 2291 3916 3916 3991">
    <p class='ocr_par' dir='ltr' id='par_1_95' title="bbox 2291 3916 3916 3991">
     <span class='ocr_line' id='line_1_95' title="bbox 2291 3916 3916 3991; baseline 0.005 -23"><span class='ocrx_word' id='word_1_718' title='bbox 2291 3918 2319 3968; x_wconf 87' lang='lat'><strong>6</strong></span> <span class='ocrx_word' id='word_1_719' title='bbox 2352 3917 2554 3986; x_wconf 81' lang='grc' dir='ltr'>Κύριος</span> <span class='ocrx_word' id='word_1_720' title='bbox 2583 3917 2660 3985; x_wconf 82' lang='grc' dir='ltr'>τῷ</span> <span class='ocrx_word' id='word_1_721' title='bbox 2691 3917 2881 3986; x_wconf 81' lang='grc' dir='ltr'>Κυρῖω</span> <span class='ocrx_word' id='word_1_722' title='bbox 2916 3933 3048 3986; x_wconf 83' lang='grc' dir='ltr'>μου·</span> <span class='ocrx_word' id='word_1_723' title='bbox 3080 3916 3264 3969; x_wconf 78' lang='grc' dir='ltr'>Κάθου</span> <span class='ocrx_word' id='word_1_724' title='bbox 3291 3919 3354 3969; x_wconf 83' lang='grc' dir='ltr'><strong>ἐκ</strong></span> <span class='ocrx_word' id='word_1_725' title='bbox 3385 3919 3587 3982; x_wconf 79' lang='grc' dir='ltr'>δεξιῶν</span> <span class='ocrx_word' id='word_1_726' title='bbox 3635 3940 3768 3991; x_wconf 76' lang='grc' dir='ltr'>μου,</span> <span class='ocrx_word' id='word_1_727' title='bbox 3803 3924 3916 3984; x_wconf 72' lang='grc' dir='ltr'><strong>ἕως</strong></span> 
     </span>
    </p>
   </div>
   <div class='ocr_carea' id='block_1_96' title="bbox 2292 4006 3911 4077">
    <p class='ocr_par' dir='ltr' id='par_1_96' title="bbox 2292 4006 3911 4077">
     <span class='ocr_line' id='line_1_96' title="bbox 2292 4006 3911 4077; baseline 0.003 -17"><span class='ocrx_word' id='word_1_728' title='bbox 2292 4008 2358 4060; x_wconf 85' lang='grc' dir='ltr'>ἂν</span> <span class='ocrx_word' id='word_1_729' title='bbox 2395 4006 2471 4060; x_wconf 85' lang='grc' dir='ltr'>θῶ</span> <span class='ocrx_word' id='word_1_730' title='bbox 2491 4009 2618 4070; x_wconf 81' lang='grc' dir='ltr'>τοὺς</span> <span class='ocrx_word' id='word_1_731' title='bbox 2648 4007 2878 4077; x_wconf 84' lang='grc' dir='ltr'>ἐχθρούς</span> <span class='ocrx_word' id='word_1_732' title='bbox 2905 4024 2999 4059; x_wconf 84' lang='grc' dir='ltr'><strong>σου</strong></span> <span class='ocrx_word' id='word_1_733' title='bbox 3038 4009 3328 4061; x_wconf 85' lang='grc' dir='ltr'>ὑποπόδιον</span> <span class='ocrx_word' id='word_1_734' title='bbox 3351 4010 3464 4061; x_wconf 79' lang='grc' dir='ltr'><strong>τῶν</strong></span> <span class='ocrx_word' id='word_1_735' title='bbox 3502 4012 3697 4065; x_wconf 79' lang='grc' dir='ltr'>ποδῶν</span> <span class='ocrx_word' id='word_1_736' title='bbox 3727 4032 3849 4064; x_wconf 76' lang='grc' dir='ltr'>σου.</span> <span class='ocrx_word' id='word_1_737' title='bbox 3891 4035 3911 4065; x_wconf 73' lang='grc' dir='ltr'><strong>ι</strong></span> 
     </span>
    </p>
   </div>
   <div class='ocr_carea' id='block_1_97' title="bbox 2295 4099 3916 4173">
    <p class='ocr_par' dir='ltr' id='par_1_97' title="bbox 2295 4099 3916 4173">
     <span class='ocr_line' id='line_1_97' title="bbox 2295 4099 3916 4173; baseline 0.002 -22"><span class='ocrx_word' id='word_1_738' title='bbox 2295 4101 2457 4152; x_wconf 77' lang='grc' dir='ltr'><strong>Ὅλον</strong></span> <span class='ocrx_word' id='word_1_739' title='bbox 2487 4102 2542 4151; x_wconf 78' lang='grc' dir='ltr'><strong>ἐν</strong></span> <span class='ocrx_word' id='word_1_740' title='bbox 2580 4101 2793 4161; x_wconf 77' lang='grc' dir='ltr'>τούτοις</span> <span class='ocrx_word' id='word_1_741' title='bbox 2820 4099 3275 4169; x_wconf 80' lang='grc' dir='ltr'>καταθρήσαιμεν</span> <span class='ocrx_word' id='word_1_742' title='bbox 3300 4100 3365 4152; x_wconf 81' lang='grc' dir='ltr'>ἂν</span> <span class='ocrx_word' id='word_1_743' title='bbox 3391 4100 3495 4171; x_wconf 79' lang='grc' dir='ltr'>τῆς</span> <span class='ocrx_word' id='word_1_744' title='bbox 3533 4103 3916 4173; x_wconf 70' lang='grc' dir='ltr'>ἐνανθρωπή-</span> 
     </span>
    </p>
   </div>
   <div class='ocr_carea' id='block_1_98' title="bbox 2295 4190 3918 4266">
    <p class='ocr_par' dir='ltr' id='par_1_98' title="bbox 2295 4190 3918 4266">
     <span class='ocr_line' id='line_1_98' title="bbox 2295 4190 3918 4266; baseline 0.005 -25"><span class='ocrx_word' id='word_1_745' title='bbox 2295 4207 2433 4252; x_wconf 86' lang='grc' dir='ltr'>σεως</span> <span class='ocrx_word' id='word_1_746' title='bbox 2460 4190 2555 4242; x_wconf 79' lang='grc' dir='ltr'>τοῦ</span> <span class='ocrx_word' id='word_1_747' title='bbox 2588 4191 2928 4260; x_wconf 69' lang='grc' dir='ltr'>Μονογενοὺς</span> <span class='ocrx_word' id='word_1_748' title='bbox 2951 4191 3015 4243; x_wconf 84' lang='grc' dir='ltr'><strong>τὸ</strong></span> <span class='ocrx_word' id='word_1_749' title='bbox 3062 4193 3384 4262; x_wconf 80' lang='grc' dir='ltr'>μυστήριον.</span> <span class='ocrx_word' id='word_1_750' title='bbox 3439 4193 3532 4246; x_wconf 80' lang='grc' dir='ltr'>Ἐν</span> <span class='ocrx_word' id='word_1_751' title='bbox 3563 4202 3759 4266; x_wconf 63' lang='grc' dir='ltr'>μορφῇ</span> <span class='ocrx_word' id='word_1_752' title='bbox 3793 4200 3918 4266; x_wconf 71' lang='grc' dir='ltr'><strong>γὰρ</strong></span> 
     </span>
    </p>
   </div>
   <div class='ocr_carea' id='block_1_99' title="bbox 2293 4280 3916 4352">
    <p class='ocr_par' dir='ltr' id='par_1_99' title="bbox 2293 4280 3916 4352">
     <span class='ocr_line' id='line_1_99' title="bbox 2293 4280 3916 4352; baseline 0.005 -21"><span class='ocrx_word' id='word_1_753' title='bbox 2293 4281 2555 4349; x_wconf 78' lang='grc' dir='ltr'>ὑπάρχων</span> <span class='ocrx_word' id='word_1_754' title='bbox 2601 4283 2696 4335; x_wconf 64' lang='grc' dir='ltr'><strong>καὶ⁵</strong></span> <span class='ocrx_word' id='word_1_755' title='bbox 2746 4285 2952 4352; x_wconf 77' lang='grc' dir='ltr'>ἰσότητι</span> <span class='ocrx_word' id='word_1_756' title='bbox 3003 4280 3096 4334; x_wconf 81' lang='grc' dir='ltr'>τοῦ</span> <span class='ocrx_word' id='word_1_757' title='bbox 3130 4283 3346 4351; x_wconf 73' lang='grc' dir='ltr'>Πατρὸς</span> <span class='ocrx_word' id='word_1_758' title='bbox 3375 4286 3404 4336; x_wconf 90' lang='lat'><strong>6</strong></span> <span class='ocrx_word' id='word_1_759' title='bbox 3452 4285 3513 4350; x_wconf 77' lang='grc' dir='ltr'>ἐξ</span> <span class='ocrx_word' id='word_1_760' title='bbox 3547 4286 3724 4338; x_wconf 72' lang='grc' dir='ltr'>αὑτοῦ</span> <span class='ocrx_word' id='word_1_761' title='bbox 3767 4290 3916 4352; x_wconf 63' lang='lat'><strong>956;</strong></span> 
     </span>
    </p>
   </div>
   <div class='ocr_carea' id='block_1_100' title="bbox 2292 4371 3913 4451">
    <p class='ocr_par' dir='ltr' id='par_1_100' title="bbox 2292 4371 3913 4451">
     <span class='ocr_line' id='line_1_100' title="bbox 2292 4371 3913 4451; baseline 0.006 -28"><span class='ocrx_word' id='word_1_762' title='bbox 2292 4371 2488 4438; x_wconf 84' lang='grc' dir='ltr'>Λόγος,</span> <span class='ocrx_word' id='word_1_763' title='bbox 2521 4373 2553 4439; x_wconf 84' lang='grc' dir='ltr'>ἡ</span> <span class='ocrx_word' id='word_1_764' title='bbox 2584 4374 2888 4443; x_wconf 82' lang='grc' dir='ltr'>πανσθενὴς</span> <span class='ocrx_word' id='word_1_765' title='bbox 2909 4373 3079 4439; x_wconf 81' lang='grc' dir='ltr'>δεξιὰ,</span> <span class='ocrx_word' id='word_1_766' title='bbox 3097 4375 3190 4427; x_wconf 74' lang='grc' dir='ltr'><strong>καὶ</strong></span> <span class='ocrx_word' id='word_1_767' title='bbox 3217 4375 3342 4444; x_wconf 74' lang='grc' dir='ltr'>χεὶρ</span> <span class='ocrx_word' id='word_1_768' title='bbox 3367 4378 3400 4444; x_wconf 80' lang='grc' dir='ltr'>ὴ</span> <span class='ocrx_word' id='word_1_769' title='bbox 3424 4381 3831 4451; x_wconf 69' lang='grc' dir='ltr'>παντουργικὴ</span> <span class='ocrx_word' id='word_1_770' title='bbox 3856 4383 3913 4442; x_wconf 62' lang='lat' dir='ltr'><strong>h,</strong></span> 
     </span>
    </p>
   </div>
   <div class='ocr_carea' id='block_1_101' title="bbox 2290 4463 3914 4537">
    <p class='ocr_par' dir='ltr' id='par_1_101' title="bbox 2290 4463 3914 4537">
     <span class='ocr_line' id='line_1_101' title="bbox 2290 4463 3914 4537; baseline 0.002 -22"><span class='ocrx_word' id='word_1_771' title='bbox 2290 4463 2626 4515; x_wconf 79' lang='grc' dir='ltr'>κεκενῶσθαι</span> <span class='ocrx_word' id='word_1_772' title='bbox 2661 4463 2760 4530; x_wconf 78' lang='grc' dir='ltr'><strong>μὲν</strong></span> <span class='ocrx_word' id='word_1_773' title='bbox 2790 4463 3009 4531; x_wconf 78' lang='grc' dir='ltr'>λέγεται</span> <span class='ocrx_word' id='word_1_774' title='bbox 3036 4464 3123 4517; x_wconf 75' lang='grc' dir='ltr'><strong>διὰ</strong></span> <span class='ocrx_word' id='word_1_775' title='bbox 3151 4466 3211 4516; x_wconf 77' lang='grc' dir='ltr'>τὸ</span> <span class='ocrx_word' id='word_1_776' title='bbox 3241 4465 3591 4535; x_wconf 83' lang='grc' dir='ltr'>ἀνθρώπινον</span> <span class='ocrx_word' id='word_1_777' title='bbox 3613 4484 3627 4496; x_wconf 72' lang='grc' dir='ltr'><strong>ο</strong></span> <span class='ocrx_word' id='word_1_778' title='bbox 3658 4469 3914 4537; x_wconf 53' lang='grc' dir='ltr'>ὑψοῦται</span> 
     </span>
    </p>
   </div>
   <div class='ocr_carea' id='block_1_102' title="bbox 2287 4552 3916 4633">
    <p class='ocr_par' dir='ltr' id='par_1_102' title="bbox 2287 4552 3916 4633">
     <span class='ocr_line' id='line_1_102' title="bbox 2287 4552 3916 4633; baseline 0.005 -27"><span class='ocrx_word' id='word_1_779' title='bbox 2287 4553 2342 4606; x_wconf 78' lang='grc' dir='ltr'><strong>δὲ</strong></span> <span class='ocrx_word' id='word_1_780' title='bbox 2371 4552 2557 4617; x_wconf 75' lang='grc' dir='ltr'>πάλιν,</span> <span class='ocrx_word' id='word_1_781' title='bbox 2595 4553 2696 4605; x_wconf 80' lang='grc' dir='ltr'><strong>οὑκ</strong></span> <span class='ocrx_word' id='word_1_782' title='bbox 2729 4555 2809 4614; x_wconf 80' lang='grc' dir='ltr'>εἰς</span> <span class='ocrx_word' id='word_1_783' title='bbox 2834 4554 3037 4606; x_wconf 78' lang='grc' dir='ltr'>ὀθνεῖον</span> <span class='ocrx_word' id='word_1_784' title='bbox 3071 4555 3289 4624; x_wconf 74' lang='grc' dir='ltr'>ἀξίωμα</span> <span class='ocrx_word' id='word_1_785' title='bbox 3323 4558 3420 4609; x_wconf 78' lang='grc' dir='ltr'>καὶ</span> <span class='ocrx_word' id='word_1_786' title='bbox 3448 4559 3511 4609; x_wconf 87' lang='grc' dir='ltr'><strong>οὑ</strong></span> <span class='ocrx_word' id='word_1_787' title='bbox 3551 4560 3732 4614; x_wconf 82' lang='grc' dir='ltr'>πάλαι</span> <span class='ocrx_word' id='word_1_788' title='bbox 3758 4579 3916 4633; x_wconf 63' lang='grc' dir='ltr'>προ-</span> 
     </span>
    </p>
   </div>
   <div class='ocr_carea' id='block_1_103' title="bbox 2289 4642 3920 4716">
    <p class='ocr_par' dir='ltr' id='par_1_103' title="bbox 2289 4642 3920 4716">
     <span class='ocr_line' id='line_1_103' title="bbox 2289 4642 3920 4716; baseline 0.006 -24"><span class='ocrx_word' id='word_1_789' title='bbox 2289 4644 2531 4714; x_wconf 73' lang='grc' dir='ltr'>πεφυκὸς</span> <span class='ocrx_word' id='word_1_790' title='bbox 2563 4643 2710 4712; x_wconf 83' lang='grc' dir='ltr'>αὑτῷ</span> <span class='ocrx_word' id='word_1_791' title='bbox 2742 4642 3052 4707; x_wconf 80' lang='grc' dir='ltr'>διαϐαίνων,</span> <span class='ocrx_word' id='word_1_792' title='bbox 3093 4645 3210 4697; x_wconf 82' lang='grc' dir='ltr'><strong>ἀλλ’</strong></span> <span class='ocrx_word' id='word_1_793' title='bbox 3260 4647 3341 4707; x_wconf 82' lang='grc' dir='ltr'>εἰς</span> <span class='ocrx_word' id='word_1_794' title='bbox 3389 4647 3644 4716; x_wconf 75' lang='grc' dir='ltr'>ἔμφυτόν</span> <span class='ocrx_word' id='word_1_795' title='bbox 3692 4671 3755 4704; x_wconf 90' lang='grc' dir='ltr'><strong>τε</strong></span> <span class='ocrx_word' id='word_1_796' title='bbox 3810 4656 3920 4706; x_wconf 65' lang='grc' dir='ltr'><strong>καὶ</strong></span> 
     </span>
    </p>
   </div>
   <div class='ocr_carea' id='block_1_104' title="bbox 2287 4734 3920 4811">
    <p class='ocr_par' dir='ltr' id='par_1_104' title="bbox 2287 4734 3920 4811">
     <span class='ocr_line' id='line_1_104' title="bbox 2287 4734 3920 4811; baseline 0.004 -23"><span class='ocrx_word' id='word_1_797' title='bbox 2287 4739 2385 4808; x_wconf 82' lang='grc' dir='ltr'><strong>τὴν</strong></span> <span class='ocrx_word' id='word_1_798' title='bbox 2421 4736 2647 4788; x_wconf 78' lang='grc' dir='ltr'>ἐνοῦσαν</span> <span class='ocrx_word' id='word_1_799' title='bbox 2680 4736 2768 4787; x_wconf 72' lang='grc' dir='ltr'><strong>ἀεὶ</strong></span> <span class='ocrx_word' id='word_1_800' title='bbox 2801 4734 2958 4798; x_wconf 80' lang='grc' dir='ltr'>δόξαν</span> <span class='ocrx_word' id='word_1_801' title='bbox 2985 4753 3043 4787; x_wconf 87' lang='grc' dir='ltr'><strong>τε</strong></span> <span class='ocrx_word' id='word_1_802' title='bbox 3075 4735 3211 4805; x_wconf 76' lang='grc' dir='ltr'>ὁμοῦ</span> <span class='ocrx_word' id='word_1_803' title='bbox 3242 4739 3338 4789; x_wconf 73' lang='grc' dir='ltr'><strong>καὶ</strong></span> <span class='ocrx_word' id='word_1_804' title='bbox 3364 4740 3657 4811; x_wconf 77' lang='grc' dir='ltr'>ὑπεροχὴν</span> <span class='ocrx_word' id='word_1_805' title='bbox 3695 4746 3920 4796; x_wconf 67' lang='grc' dir='ltr'>ὑπονο-</span> 
     </span>
    </p>
   </div>
   <div class='ocr_carea' id='block_1_105' title="bbox 2288 4825 3921 4901">
    <p class='ocr_par' dir='ltr' id='par_1_105' title="bbox 2288 4825 3921 4901">
     <span class='ocr_line' id='line_1_105' title="bbox 2288 4825 3921 4901; baseline 0.002 -21"><span class='ocrx_word' id='word_1_806' title='bbox 2288 4830 2449 4881; x_wconf 83' lang='grc' dir='ltr'>στῶν.</span> <span class='ocrx_word' id='word_1_807' title='bbox 2489 4825 2756 4895; x_wconf 71' lang='grc' dir='ltr'>’Υψοῦται</span> <span class='ocrx_word' id='word_1_808' title='bbox 2779 4826 2888 4899; x_wconf 70' lang='grc' dir='ltr'><strong>γὰρ</strong></span> <span class='ocrx_word' id='word_1_809' title='bbox 2921 4826 3302 4898; x_wconf 81' lang='grc' dir='ltr'>ἀνθρωπίνως,</span> <span class='ocrx_word' id='word_1_810' title='bbox 3328 4830 3512 4884; x_wconf 83' lang='grc' dir='ltr'>καίτοι</span> <span class='ocrx_word' id='word_1_811' title='bbox 3546 4836 3697 4886; x_wconf 72' lang='grc' dir='ltr'>κατὰ</span> <span class='ocrx_word' id='word_1_812' title='bbox 3730 4836 3921 4901; x_wconf 67' lang='grc' dir='ltr'>φύσιν</span> 
     </span>
    </p>
   </div>
   <div class='ocr_carea' id='block_1_106' title="bbox 2286 4918 3922 4991">
    <p class='ocr_par' dir='ltr' id='par_1_106' title="bbox 2286 4918 3922 4991">
     <span class='ocr_line' id='line_1_106' title="bbox 2286 4918 3922 4991; baseline 0.002 -20"><span class='ocrx_word' id='word_1_813' title='bbox 2286 4921 2508 4988; x_wconf 53' lang='grc' dir='ltr'>ὕψιστος</span> <span class='ocrx_word' id='word_1_814' title='bbox 2540 4918 2615 4971; x_wconf 79' lang='grc' dir='ltr'>ὢν</span> <span class='ocrx_word' id='word_1_815' title='bbox 2646 4918 2752 4972; x_wconf 84' lang='grc' dir='ltr'>ἀεί.</span> <span class='ocrx_word' id='word_1_816' title='bbox 2799 4920 2994 4988; x_wconf 78' lang='grc' dir='ltr'>Γέγονε</span> <span class='ocrx_word' id='word_1_817' title='bbox 3045 4921 3155 4990; x_wconf 73' lang='grc' dir='ltr'><strong>γάρ</strong></span> <span class='ocrx_word' id='word_1_818' title='bbox 3197 4921 3511 4991; x_wconf 82' lang='grc' dir='ltr'>ἄνθρωπος,</span> <span class='ocrx_word' id='word_1_819' title='bbox 3559 4925 3657 4975; x_wconf 72' lang='grc' dir='ltr'><strong>καὶ</strong></span> <span class='ocrx_word' id='word_1_820' title='bbox 3706 4923 3922 4984; x_wconf 64' lang='grc' dir='ltr'>ταῦτα,</span> 
     </span>
    </p>
   </div>
   <div class='ocr_carea' id='block_1_107' title="bbox 2285 5007 3922 5083">
    <p class='ocr_par' dir='ltr' id='par_1_107' title="bbox 2285 5007 3922 5083">
     <span class='ocr_line' id='line_1_107' title="bbox 2285 5007 3922 5083; baseline 0.001 -21"><span class='ocrx_word' id='word_1_821' title='bbox 2285 5007 2457 5080; x_wconf 76' lang='grc' dir='ltr'>οἶμαι,</span> <span class='ocrx_word' id='word_1_822' title='bbox 2507 5010 2623 5062; x_wconf 75' lang='grc' dir='ltr'>ἐστὶ</span> <span class='ocrx_word' id='word_1_823' title='bbox 2659 5008 2720 5061; x_wconf 81' lang='grc' dir='ltr'><strong>τὸ</strong></span> <span class='ocrx_word' id='word_1_824' title='bbox 2748 5009 2846 5080; x_wconf 80' lang='grc' dir='ltr'>τῆς</span> <span class='ocrx_word' id='word_1_825' title='bbox 2890 5010 3103 5078; x_wconf 79' lang='grc' dir='ltr'>φύσεως</span> <span class='ocrx_word' id='word_1_826' title='bbox 3138 5011 3359 5077; x_wconf 79' lang='grc' dir='ltr'>μέτρον,</span> <span class='ocrx_word' id='word_1_827' title='bbox 3391 5012 3484 5062; x_wconf 73' lang='grc' dir='ltr'><strong>καὶ</strong></span> <span class='ocrx_word' id='word_1_828' title='bbox 3528 5013 3562 5079; x_wconf 77' lang='grc' dir='ltr'><strong>ἡ</strong></span> <span class='ocrx_word' id='word_1_829' title='bbox 3610 5011 3922 5083; x_wconf 67' lang='grc' dir='ltr'>λεγομένη</span> 
     </span>
    </p>
   </div>
   <div class='ocr_carea' id='block_1_108' title="bbox 2288 5100 3921 5172">
    <p class='ocr_par' dir='ltr' id='par_1_108' title="bbox 2288 5100 3921 5172">
     <span class='ocr_line' id='line_1_108' title="bbox 2288 5100 3921 5172; baseline 0.006 -24"><span class='ocrx_word' id='word_1_830' title='bbox 2288 5102 2537 5163; x_wconf 70' lang='grc' dir='ltr'>κένωςις.</span> <span class='ocrx_word' id='word_1_831' title='bbox 2596 5102 2663 5153; x_wconf 87' lang='grc' dir='ltr'>Ὂ</span> <span class='ocrx_word' id='word_1_832' title='bbox 2702 5117 2766 5168; x_wconf 87' lang='grc' dir='ltr'><strong>γε</strong></span> <span class='ocrx_word' id='word_1_833' title='bbox 2829 5104 2936 5172; x_wconf 77' lang='grc' dir='ltr'><strong>μὴν</strong></span> <span class='ocrx_word' id='word_1_834' title='bbox 2977 5100 3416 5170; x_wconf 76' lang='grc' dir='ltr'>ἐνανθρωπήσας</span> <span class='ocrx_word' id='word_1_835' title='bbox 3466 5101 3644 5166; x_wconf 76' lang='grc' dir='ltr'>Θεὸς,</span> <span class='ocrx_word' id='word_1_836' title='bbox 3705 5105 3921 5157; x_wconf 70' lang='grc' dir='ltr'>καίτοι</span> 
     </span>
    </p>
   </div>
   <div class='ocr_carea' id='block_1_109' title="bbox 2287 5189 3922 5268">
    <p class='ocr_par' dir='ltr' id='par_1_109' title="bbox 2287 5189 3922 5268">
     <span class='ocr_line' id='line_1_109' title="bbox 2287 5189 3922 5268; baseline 0.002 -24"><span class='ocrx_word' id='word_1_837' title='bbox 2287 5189 2562 5263; x_wconf 74' lang='grc' dir='ltr'>νομισθεὶς</span> <span class='ocrx_word' id='word_1_838' title='bbox 2603 5195 2754 5248; x_wconf 78' lang='grc' dir='ltr'>οὐδὲν</span> <span class='ocrx_word' id='word_1_839' title='bbox 2778 5195 2965 5263; x_wconf 74' lang='grc' dir='ltr'>ἕτερον</span> <span class='ocrx_word' id='word_1_840' title='bbox 2997 5190 3158 5256; x_wconf 79' lang='grc' dir='ltr'>εἶναι,</span> <span class='ocrx_word' id='word_1_841' title='bbox 3197 5193 3339 5263; x_wconf 82' lang='grc' dir='ltr'>πλὴν</span> <span class='ocrx_word' id='word_1_842' title='bbox 3360 5195 3444 5247; x_wconf 80' lang='grc' dir='ltr'>ὅτι</span> <span class='ocrx_word' id='word_1_843' title='bbox 3477 5196 3647 5265; x_wconf 82' lang='grc' dir='ltr'>μόνον</span> <span class='ocrx_word' id='word_1_844' title='bbox 3671 5197 3922 5268; x_wconf 74' lang='grc' dir='ltr'>ἅνθρω-</span> 
     </span>
    </p>
   </div>
   <div class='ocr_carea' id='block_1_110' title="bbox 2289 5284 3910 5359">
    <p class='ocr_par' dir='ltr' id='par_1_110' title="bbox 2289 5284 3910 5359">
     <span class='ocr_line' id='line_1_110' title="bbox 2289 5284 3910 5359; baseline 0.005 -24"><span class='ocrx_word' id='word_1_845' title='bbox 2289 5302 2406 5348; x_wconf 57' lang='grc' dir='ltr'>πκ,</span> <span class='ocrx_word' id='word_1_846' title='bbox 2440 5285 2570 5337; x_wconf 81' lang='grc' dir='ltr'>αὑτὸ</span> <span class='ocrx_word' id='word_1_847' title='bbox 2590 5284 2654 5338; x_wconf 65' lang='grc' dir='ltr'><strong>δυ</strong></span> <span class='ocrx_word' id='word_1_848' title='bbox 2680 5288 2831 5339; x_wconf 71' lang='grc' dir='ltr'>τουτὶ</span> <span class='ocrx_word' id='word_1_849' title='bbox 2859 5286 2918 5338; x_wconf 76' lang='grc' dir='ltr'>τὸ</span> <span class='ocrx_word' id='word_1_850' title='bbox 2943 5284 3273 5356; x_wconf 78' lang='grc' dir='ltr'>ὀρώμενον,ι</span> <span class='ocrx_word' id='word_1_851' title='bbox 3303 5289 3594 5359; x_wconf 72' lang='grc' dir='ltr'>ἐκηρύχθη</span> <span class='ocrx_word' id='word_1_852' title='bbox 3627 5293 3688 5341; x_wconf 81' lang='grc' dir='ltr'><strong>ἐν</strong></span> <span class='ocrx_word' id='word_1_853' title='bbox 3717 5291 3910 5344; x_wconf 63' lang='grc' dir='ltr'>ἔθνε-</span> 
     </span>
    </p>
   </div>
   <div class='ocr_carea' id='block_1_111' title="bbox 3340 5443 3866 5514">
    <p class='ocr_par' dir='ltr' id='par_1_111' title="bbox 3340 5443 3866 5514">
     <span class='ocr_line' id='line_1_111' title="bbox 3340 5443 3866 5514; baseline 0.013 -18"><span class='ocrx_word' id='word_1_854' title='bbox 3340 5444 3383 5473; x_wconf 67' lang='grc'><strong>²¹⁵</strong></span> <span class='ocrx_word' id='word_1_855' title='bbox 3414 5443 3648 5514; x_wconf 77' lang='lat' dir='ltr'><strong>Philipp.</strong></span> <span class='ocrx_word' id='word_1_856' title='bbox 3684 5462 3759 5512; x_wconf 88' lang='lat' dir='ltr'><strong>tt,</strong></span> <span class='ocrx_word' id='word_1_857' title='bbox 3792 5449 3866 5505; x_wconf 77' lang='lat'><strong>7.</strong></span> 
     </span>
    </p>
   </div>
   <div class='ocr_carea' id='block_1_112' title="bbox 2333 5437 3258 5509">
    <p class='ocr_par' dir='ltr' id='par_1_112' title="bbox 2333 5437 3258 5509">
     <span class='ocr_line' id='line_1_112' title="bbox 2333 5437 3258 5509; baseline 0.011 -22"><span class='ocrx_word' id='word_1_858' title='bbox 2333 5437 2375 5466; x_wconf 56' lang='lat'><strong>2&quot;</strong></span> <span class='ocrx_word' id='word_1_859' title='bbox 2410 5439 2526 5492; x_wconf 76' lang='lat' dir='ltr'><strong>Aet.</strong></span> <span class='ocrx_word' id='word_1_860' title='bbox 2559 5457 2622 5507; x_wconf 90' lang='lat' dir='ltr'><strong>tt,</strong></span> <span class='ocrx_word' id='word_1_861' title='bbox 2652 5442 2852 5509; x_wconf 75' lang='lat'><strong>55-55;</strong></span> <span class='ocrx_word' id='word_1_862' title='bbox 2891 5441 3170 5508; x_wconf 79' lang='lat' dir='ltr'><strong>Psal.t:t.\&#39;,</strong></span> <span class='ocrx_word' id='word_1_863' title='bbox 3208 5443 3258 5497; x_wconf 79' lang='lat' dir='ltr'><strong>l.</strong></span> 
     </span>
    </p>
   </div>
   <div class='ocr_carea' id='block_1_113' title="bbox 1703 5591 2790 5663">
    <p class='ocr_par' dir='ltr' id='par_1_113' title="bbox 1703 5591 2790 5663">
     <span class='ocr_line' id='line_1_113' title="bbox 1703 5591 2790 5663; baseline 0.006 -21"><span class='ocrx_word' id='word_1_864' title='bbox 1703 5593 1868 5652; x_wconf 63' lang='lat' dir='ltr'><strong>Varie</strong></span> <span class='ocrx_word' id='word_1_865' title='bbox 1906 5594 2162 5648; x_wconf 70' lang='lat' dir='ltr'><strong>lectiones</strong></span> <span class='ocrx_word' id='word_1_866' title='bbox 2201 5591 2402 5646; x_wconf 63' lang='lat' dir='ltr'><strong>codicis</strong></span> <span class='ocrx_word' id='word_1_867' title='bbox 2435 5593 2790 5663; x_wconf 70' lang='lat' dir='ltr'><strong>chttieriani.</strong></span> 
     </span>
    </p>
   </div>
   <div class='ocr_carea' id='block_1_114' title="bbox 685 5733 981 5803">
    <p class='ocr_par' dir='ltr' id='par_1_114' title="bbox 685 5733 981 5803">
     <span class='ocr_line' id='line_1_114' title="bbox 685 5733 981 5803; baseline 0.014 -22"><span class='ocrx_word' id='word_1_868' title='bbox 685 5744 704 5781; x_wconf 84' lang='lat' dir='ltr'><strong>h</strong></span> <span class='ocrx_word' id='word_1_869' title='bbox 745 5733 924 5801; x_wconf 63' lang='grc' dir='ltr'>ἀληθιν</span> 
     </span>
    </p>
   </div>
  </div>
