4042 6470
190 387 316 444 1405
982 391 1071 446 AD
1115 392 1417 449 REGINAS
1455 393 1541 448 DE
1584 394 1814 450 llECTA
1857 396 2012 451 FIDE
2051 393 2315 449 ORATIO
2355 393 2660 448 ALTERA.
3298 395 3438 453 “06

190 534 285 578 σιν,
308 517 592 588 ἐπιστεύθη
622 519 678 570 ἐν
711 517 920 586 κόσμῳ,
948 535 964 567 ι
993 519 1286 588 τετίμηται
1311 517 1366 570 δὲ
1384 518 1477 569 καὶ
1504 518 1580 582 ὡς
1610 519 1735 581 Υἱὸς
1769 528 1786 581 Α

1846 521 1948 573 hoc
1995 527 2118 584 est,
2181 533 2349 586 purus
2406 517 2568 569 homo
2642 528 2762 568 esse
2838 521 3156 583 putaretur,
3198 516 3437 582 «pradi-

184 607 379 677 ἀ).ηοὦς
400 609 494 661 τοῦ
522 609 659 661 Θεοῦ
684 609 779 660 καὶ
813 610 1046 679 Πατρὸς,
1091 611 1182 662 καὶ
1213 610 1309 677 τῆς
1345 609 1608 662 ἀνωτάτω
1644 629 1740 663 πα-

1842 619 1999 663 eatus
2023 617 2107 662 est
2131 617 2308 662 tamen
2345 609 2397 662 in
2426 608 2709 677 gentibus:
2737 607 2976 660 creditus
3006 614 3087 659 est
3119 605 3168 658 iu
3203 608 3425 673 mundo,

186 698 284 751 σῶν
324 700 567 762 εὐκλείας
616 701 914 769 ἀνεδήσατο
945 703 1010 752 τά
1061 702 1379 770 αὐχήματα.
1416 701 1548 762 Θεὸς
1599 698 1738 754 εἶναι

1846 701 2146 755 honoratus
2183 701 2355 765 est",
2379 718 2397 750 ι
2453 711 2510 752 ιιι
2552 714 2713 754 verus
2752 699 2841 751 Dei
2884 696 3062 752 Patris
3100 697 3268 752 Filius
3292 743 3306 762 ,
3340 700 3433 754 dc-

183 790 610 858 πεπιστευμένος.
666 790 775 842 Καὶ
808 792 907 843 οὐκ
935 790 1204 858 ἀσύνηθες
1247 791 1394 860 αὐτῷ
1447 793 1507 844 τό
1554 794 1742 865 χρῆμά

1843 793 2006 860 nique
2044 805 2256 848 summa
2296 792 2466 860 gloria
2507 804 2828 858 summaque
2855 789 3117 856 dignitate
3163 791 3431 844 condeco-

182 883 344 933 ἐστιν⁹
376 882 576 950 ἀληθὲς
605 882 661 935 δὲ
700 883 899 952 μᾶλλον
943 878 1083 934 εἷναί
1113 900 1294 952 φαμεν
1344 884 1405 936 τὸ
1450 886 1740 954 ὑφειμένον

1844 893 1994 937 ratus
2034 892 2138 947 est,
2172 893 2356 952 utpote
2405 882 2544 935 Deus
2581 891 2728 935 esset
2799 882 3057 934 creditus.
3127 879 3312 949 Neque
3369 895 3431 935 ea

179 973 234 1022 ἐν
263 971 654 1044 ἁνθρωπότητι,
695 977 786 1028 καὶ
815 976 872 1027 τὺ
897 974 1160 1042 ὑψοῦσθαι
1182 976 1378 1041 δοκεῖν,
1410 979 1592 1031 καίτοι
1620 982 1741 1042 ταῖς

1845 989 1932 1028 res
1974 974 2235 1027 inusitata
2288 973 2336 1026 ei
2397 982 2504 1026 est.
2555 972 2749 1025 Veram
2808 987 3042 1040 namque
3084 972 3136 1024 in
3197 973 3429 1025 humana

177 1066 250 1124 εἰς
285 1063 424 1131 λῆξιν
466 1063 840 1136 διαπρέποντα
864 1066 1066 1129 δόξαις.
1114 1065 1333 1137 Ἐπειδὴ
1358 1067 1409 1119 δὲ
1438 1069 1501 1136 τῇ
1527 1067 1739 1137 ἀνθρώ-

1844 1073 2033 1119 natura
2067 1065 2466 1128 humilitatem,
2512 1079 2694 1117 veram
2730 1077 2948 1117 rursum
3005 1065 3057 1117 in
3103 1064 3430 1117 exal‘tatioue

174 1169 272 1204 που
304 1152 477 1221 φύσει,
502 1159 597 1211 καὶ
630 1159 849 1228 μέτροις
877 1160 988 1220 τοῖς
1014 1157 1135 1211 καθ’
1174 1159 1349 1227 ἡμᾶς,
1379 1157 1560 1210 πάντα
1592 1157 1741 1210 ἐστὶν

1843 1155 2230 1211 sublimitatem
2262 1157 2604 1226 agnoscimus
2628 1193 2643 1220 ,
2687 1155 2813 1208 licet
2845 1169 2938 1209 sua
2985 1156 3099 1223 ipse
3135 1154 3308 1224 gloria
3336 1170 3429 1208 co-

170 1244 360 1296 ἀνωυεν
380 1246 475 1298 καὶ
512 1250 661 1316 παρὰ
692 1247 853 1310 Θεοῦ,
892 1246 1064 1318 ταύτῃ
1090 1265 1171 1300 τοι
1211 1247 1306 1300 καὶ
1339 1247 1483 1317 μάλα
1513 1247 1741 1311 εἰκότως

1843 1255 2110 1301 ruscaret.
2159 1247 2422 1313 Quoniam
2460 1261 2590 1298 vero
2665 1245 2916 1299 humana:
2956 1255 3195 1309 natum,
3249 1247 3429 1298 huma-

170 1335 234 1401 τῇ
265 1334 401 1406 δεξιᾷ
429 1337 523 1390 τοῦ
567 1338 781 1408 Πατρὶς
814 1338 1081 1407 ὑψοῦσθαι
1120 1339 1357 1406 λέγεται,
1399 1339 1577 1390 καίτοι
1620 1339 1738 1408 χεὶρ

1841 1349 2033 1403 meque
2063 1334 2392 1388 conditionis
2434 1341 2488 1386 et
2526 1331 2741 1386 modulo
2801 1332 2982 1384 omnia
3038 1333 3252 1383 coalitus
3301 1339 3355 1382 et
3401 1344 3427 1381 a

170 1421 414 1493 ὑπάρχων
448 1425 631 1489 αὐτὸς,
683 1427 777 1478 καὶ
805 1428 838 1495 ἡ
873 1427 982 1479 τῶν
1011 1427 1148 1478 ὅλων
1193 1428 1526 1496 δημιουργὸς
1565 1428 1735 1491 δεξιά.

1842 1427 1949 1481 Deo
1983 1428 2312 1492 ohvcniunt;
2359 1427 2479 1478 ideo
2533 1423 2745 1485 Filius,
2795 1439 3102 1491 quanquam
3151 1423 3196 1477 is
3243 1437 3429 1476 secun-

176 1512 350 1583 Ἀθρει
385 1514 441 1567 δέ
487 1533 578 1583 μοι
614 1515 778 1568 πάλιν
809 1517 899 1569 τὸν
930 1517 1135 1588 Κύριον
1175 1518 1331 1586 ἡμῶν
1382 1518 1592 1586 Ἰησοῦν
1648 1518 1736 1568 τὸν

1840 1520 1964 1570 dum
1996 1536 2054 1575 se
2083 1535 2273 1573 manus
2308 1522 2528 1572 dextera
2558 1527 2614 1570 et
2650 1517 2892 1570 omnium
2924 1515 3105 1584 opifex
3139 1517 3240 1578 sit,
3270 1514 3422 1582 17],

165 1605 388 1673 Χριστὸν
416 1606 773 1676 ἀνθρωπίνως
799 1609 896 1678 μὲν
924 1610 984 1662 τὸ
1015 1608 1241 1678 Πνεῦμα
1267 1609 1577 1678 δεχόμενον,
1601 1610 1738 1677 πλη-

1840 1619 1937 1671 per
1964 1605 2142 1658 Patris
2173 1605 2450 1659 dexteram
2489 1604 2610 1673 jure
2649 1604 2842 1655 merito
2889 1603 3158 1656 exaltatus
3197 1601 3427 1655 dicitur.

169 1696 349 1766 ροῦντα
381 1698 437 1751 δὲ
482 1699 684 1762 θεῖκῶς
723 1702 823 1769 τὴν
858 1702 1190 1768 ἐπαγγελίαν
1235 1701 1326 1752 τοῦ
1364 1701 1599 1772 Πατρὸς,
1649 1701 1738 1755 διὰ

1841 1696 2078 1751 Observa
2154 1696 2240 1751 hic
2300 1712 2512 1750 rursum
2597 1693 2885 1747 Dominum
2955 1705 3198 1747 nostrum
3245 1693 3425 1747 Jesuut

162 1787 258 1839 ’τοῦ
301 1791 405 1851 τοῖς
441 1791 790 1844 πιστεύουσιν
823 1792 1026 1843 ἐνιέναι
1054 1793 1114 1844 τ),
1145 1792 1383 1862 πνεῦμα,
1415 1793 1509 1845 καὶ
1537 1793 1634 1862 οὐχ
1661 1793 1736 1856 ὠς

1843 1788 2124 1844 Christum
2179 1791 2479 1843 secundum
2550 1789 2841 1842 humanam
2893 1788 3110 1855 quidem
3178 1797 3432 1840 naturam

162 1879 455 1950 ἀλλότριον,
501 1882 616 1935 ἀλλ’
651 1882 727 1945 ὡς
761 1882 892 1936 ἴδιον
928 1883 1114 1938 αὐτοῦ.
1171 1887 1314 1952 Ἔφη
1361 1885 1460 1954 μὲν
1489 1888 1598 1957 γάρ
1628 1903 1731 1939 που

1838 1878 2101 1948 Spiritum
2165 1881 2447 1947 accipere,
2507 1879 2802 1934 secundum
2858 1879 3104 1932 divinam
3143 1892 3270 1932 vero
3325 1877 3429 1931 hoc

157 1969 288 2033 Θεὸς
305 1971 497 2036 δι’ὲνδς
527 1973 636 2026 τῶν
663 1975 834 2043 ἀγίων
856 1976 1173 2046 προφητῶν.
1198 1977 1280 2030 ὅτι
1315 1994 1334 2026 ι
1381 1977 1590 2046 Ἐκχεῶ
1622 1978 1729 2030 ἀπὺ

1841 1972 1959 2039 ipso
2009 1970 2190 2026 Patris
2243 1973 2512 2040 promissa
2565 1972 2846 2025 exsolvere
2879 2010 2894 2034 ,
2956 1973 3097 2039 quod
3167 1969 3426 2040 Spiritum

157 2061 255 2114 ’τοῦ
280 2064 589 2134 Πνεύματός
623 2083 724 2134 μου
761 2067 853 2119 ἐπὶ
897 2070 1077 2121 πᾶσαν
1122 2069 1318 2139 σάρκα.
1359 2087 1378 2120 ι
1426 2068 1631 2139 Πληροῖ
1661 2070 1730 2122 ’δὲ

1839 2071 2086 2116 sanctum
2127 2078 2233 2116 nou
2293 2073 2548 2130 tanquam
2609 2062 2678 2114 ab
2718 2078 2776 2115 se
2819 2063 3105 2125 alienum,
3155 2063 3252 2116 sed
3308 2062 3427 2114 lan-

155 2154 314 2208 ιτοῦτο
338 2156 591 2228 Χριστὸς,
636 2158 711 2221 ὡς
744 2158 870 2212 ἴδιον
898 2160 1060 2222 ἐνιεὶς
1101 2163 1215 2223 τοῖς
1263 2161 1622 2230 κεκλημένοις
1667 2161 1730 2214 τὸ

1840 2168 2002 2222 quam
2049 2154 2151 2208 sibi
2184 2155 2463 2222 proprium
2539 2154 2788 2207 tidclibus
2856 2155 3041 2208 mittit.
3104 2155 3242 2208 Deus
3283 2153 3427 2208 enim

156 2245 398 2315 Πνεῦμα.
424 2249 618 2301 Καίτοι
637 2250 696 2302 τὸ
718 2249 980 2319 μετόχους
1005 2250 1292 2303 ἀποτελεῖν
1311 2249 1570 2304 δύνασθαί
1589 2267 1736 2315 τινας

1843 2262 1936 2315 per
1969 2249 2261 2315 quemdam
2295 2261 2360 2302 ex
2419 2248 2623 2301 sanctis
2655 2246 2935 2317 prophetis
2978 2248 3174 2301 alicubi
3207 2247 3277 2303 ita
3327 2248 3423 2301 ait:

153 2337 253 2389 τοῦ
283 2339 434 2404 ἀγίου
473 2339 818 2408 Πνεύματος,
846 2341 1048 2410 πρέποι
1075 2341 1140 2394 ἂν
1183 2343 1283 2394 οὐκ
1311 2341 1584 2413 ἀνθρώπῳ
1637 2361 1736 2397 πο-

1850 2355 1868 2388 ι
1913 2337 2198 2393 Effundam
2247 2338 2314 2392 de
2363 2339 2572 2409 Spiritu
2641 2354 2776 2392 meo.
2828 2354 2994 2408 super
3041 2354 3258 2393 omnem
3300 2355 3426 2392 car-

156 2429 280 2493 Οέν,
314 2430 427 2501 Θεῷ
454 2433 510 2485 δὲ
547 2433 749 2501 μᾶλλον
776 2434 854 2502 τῷ
885 2435 1027 2487 κατὰ
1057 2433 1241 2502 φύσιν.
1285 2436 1623 2506 Ἐνήργηκεν
1643 2433 1736 2488 οῦν

1844 2445 1964 2484 nem
1989 2431 2054 2485 ’⁷.
2089 2449 2107 2482 ι
2158 2429 2310 2486 llauc
2349 2439 2528 2484 autem
2580 2432 2997 2500 promissionem
3025 2431 3280 2485 Christus
3324 2431 3430 2485 Do-

149 2519 226 2570 τά
252 2519 340 2572 τοῦ
382 2521 516 2573 Θεοῦ
550 2523 645 2574 καὶ
689 2523 901 2593 Πατρὸς
943 2524 972 2574 ὁ
1019 2524 1168 2589 Υιίὺς,
1204 2525 1265 2577 τὸ
1307 2525 1531 2594 Πνεῦμα
1564 2525 1739 2586 διδοὺς

1843 2524 2022 2575 minus
2069 2532 2286 2590 pra-stat
2316 2564 2330 2586 ,
2378 2531 2498 2575 cum
2535 2521 2796 2590 Spiritum
2831 2531 2889 2575 ut
2939 2523 3214 2591 proprium
3251 2524 3316 2575 ad
3363 2523 3427 2574 ii-

149 2611 335 2672 αύτὸς.
379 2612 717 2682 ’Λνθρωπίνη
773 2615 954 2668 τοίνυν
1009 2617 1040 2684 ἡ
1092 2615 1276 2685 λῆψις,
1325 2615 1630 2685 θεοπρεπὲς
1679 2614 1736 2668 δὲ

1849 2616 1971 2667 dem
2051 2615 2256 2669 vocatis
2311 2614 2571 2669 immittit.
2619 2617 2800 2683 Atque
2853 2614 3122 2682 Spiritum
3177 2624 3431 2669 sanctum

147 2702 250 2754 καὶ
286 2702 422 2772 ὑπὲρ
451 2704 737 2774 ἄνθρωπον
769 2706 829 2758 τὸ
876 2706 933 2772 ἐξ
966 2707 1095 2759 ἰδίου
1130 2707 1502 2778 πληρώματος
1535 2708 1626 2759 καὶ
1658 2708 1738 2767 είς

1841 2707 2253 2773 quibuscunque
2318 2705 2527 2758 libitum
2557 2706 2720 2758 fuerit
2757 2719 2917 2775 posse
2951 2705 3214 2774 impertiri
3267 2706 3318 2759 id
3375 2707 3435 2760 in

145 2793 372 2863 ἑτέρους
402 2799 583 2865 ἐκχεῖν
628 2797 726 2866 τὴν
768 2799 859 2850 τοῦ
909 2799 1229 2867 Πνεῦματος
1267 2799 1432 2855 δόσιν,
1480 2798 1611 2858 Θεὸς
1644 2791 1737 2848 οὖν

1843 2797 2116 2850 hominem
2151 2811 2490 2865 nequaquam
2528 2797 2822 2858 convenit,
2863 2797 2958 2851 sed
3016 2806 3222 2851 tantum
3255 2797 3307 2850 iu
3338 2811 3432 2852 ve-

143 2881 262 2950 ἅρα
295 2884 442 2936 ἐστὶν
484 2886 540 2936 ἐν
587 2885 903 2957 ἀνθρωπεία
948 2890 1128 2956 μορφῇ
1163 2886 1421 2955 πεφηνὼς
1473 2889 1500 2939 ὁ
1542 2887 1734 2952 Λόγος,

1845 2901 1964 2940 rum
2024 2886 2436 2954 naturalemque
2499 2886 2690 2940 Deum.
2754 2886 2981 2952 Quando
3023 2887 3189 2956 igitur
3259 2885 3436 2940 Filius

143 2973 405 3042 σύνεδρος
431 2992 486 3027 τε
519 2975 606 3028 διά
633 2977 790 3030 τοῦτο
825 2979 900 3046 τῷ
927 2977 1045 3046 Θεῴ
1067 2979 1161 3030 καὶ
1193 2979 1385 3048 Πατρί.

1844 2977 2109 3046 Spiritum
2162 2989 2411 3032 sanctum
2446 2977 2776 3042 impertivit,
2833 2975 2976 3046 quod
3033 2977 3123 3031 Dei
3157 2986 3212 3031 et
3253 2975 3432 3031 l'atris

139 3076 275 3130 est,
306 3065 486 3122 ellicit.
536 3068 842 3123 Humanum
894 3074 1115 3138 proinde
1156 3073 1413 3139 quiddam
1455 3082 1579 3134 est,
1658 3070 1922 3138 Spiritum
1981 3071 2291 3137 suscipere;
2326 3070 2566 3124 divinum
2614 3085 2746 3123 vero
2810 3082 2866 3124 ct
2921 3083 3085 3137 supra
3129 3067 3428 3132 hominem,

137 3175 214 3213 cx
254 3162 468 3230 propria
523 3162 860 3230 plenitudine
905 3163 1167 3233 Spiritum
1215 3176 1463 3219 sanctum
1508 3167 1560 3219 in
1607 3167 1742 3219 alios
1782 3162 2081 3219 eﬂuudere.
2133 3165 2369 3218 Verbum
2437 3165 2645 3232 itaque,
2685 3165 2825 3233 quod
2869 3164 2920 3218 in
2981 3165 3216 3218 humana
3255 3162 3436 3216 forma

135 3257 429 3324 apparuit,
489 3257 629 3313 Deus
664 3269 788 3314 est-
837 3263 978 3315 unde
1034 3263 1388 3332 consequitur
1468 3273 1526 3316 ut
1569 3261 1811 3330 ejusdem
1850 3277 2069 3332 quoque
2102 3279 2223 3317 cum
2283 3262 2446 3316 Patre
2490 3261 2796 3332 maiestatis
2840 3262 2934 3316 sit.

130 3367 287 3435 Περὶ
314 3367 418 3420 τοῦ
443 3369 723 3444 λέγεσθαι
755 3372 1094 3444 ἀςναστῆιηαι
1125 3373 1382 3440 Χριστὸν
1401 3375 1468 3428 ἐκ
1503 3374 1726 3443 νεκρῶν

1842 3374 1920 3428 De
1948 3391 2008 3429 eo
2055 3376 2196 3443 quod
2240 3375 2485 3430 Christus
2523 3392 2614 3443 per
2647 3384 2925 3444 paternam
2960 3381 3204 3428 virtutem
3250 3387 3429 3427 resur-

555 3441 623 3492 ἐν
649 3441 897 3509 δυνάμει
932 3443 1036 3495 τοῦ
1067 3447 1317 3512 Πατρός.
1609 3441 1619 3443 ἡ
2070 3441 2078 3443 ἡ

1263 3449 1317 3511 “ς.
1609 3441 1619 3443 ἡ
2070 3441 2078 3443 ἡ
2413 3441 2607 3499 rexisse
2647 3441 2859 3498 dicitur.

216 3549 351 3603 NA'.
408 3552 464 3603 ’0
496 3552 784 3616 θεσπέσιος
820 3556 1024 3623 γράφει
1071 3555 1285 3619 Παῦλος
1319 3559 1448 3629 περὶ
1478 3559 1572 3612 τοῦ
1603 3577 1734 3628 προσ

1913 3555 1994 3609 Ll.
2037 3557 2258 3610 Divinus
2303 3556 2500 3611 Paulus
2545 3558 2611 3611 de
2653 3558 2964 3625 patriarcha
3023 3557 3301 3611 Abraham
3353 3555 3427 3611 ita

128 3641 389 3709 πάτορος
435 3642 703 3712 Ἁϐραάμ·
739 3663 756 3694 ι
795 3646 907 3696 Οὐκ
933 3647 1148 3716 ἐγράφη
1178 3648 1234 3702 δὲ
1266 3648 1333 3700 δι’
1361 3651 1522 3701 αὑτὸν
1551 3650 1724 3720 μόνον,

1842 3649 2064 3701 scribit:
2108 3669 2126 3700 ι
2168 3649 2283 3702 Non
2327 3661 2411 3703 est
2443 3659 2622 3704 autem
2671 3651 2932 3718 scriptum
2980 3659 3204 3720 propter
3251 3649 3428 3719 ipsum

124 3733 222 3782 ὅτι
275 3731 530 3800 ἐλογίσθη
573 3734 719 3802 αὐτῷ
764 3737 796 3803 η
844 3735 1025 3798 πίστις
1068 3739 1148 3800 είς
1181 3738 1562 3810 δικαιοσύνην·
1598 3741 1720 3794 am

1843 3747 2076 3804 tantum,
2108 3741 2229 3807 quia
2265 3751 2570 3808 reputatum
2603 3752 2684 3796 est
2711 3741 2782 3794 illi
2813 3741 2878 3796 ad
2911 3741 3215 3811 justitiam;
3249 3741 3344 3795 sed
3374 3749 3430 3795 et

125 3823 237 3876 καὶ
275 3823 344 3874 δι’
372 3826 517 3894 ἡμᾶς
540 3865 553 3888 ,
585 3819 664 3889 οἷς
697 3827 880 3896 μέλλει
909 3828 1216 3894 λογίζεσθαι
1249 3835 1359 3893 τοῖς
1384 3833 1721 3887 πιστεύουσιι

1843 3842 2065 3900 propter
2094 3849 2211 3897 nos,
2233 3834 2432 3900 quibus
2464 3834 2804 3901 reputabitur
2825 3834 3176 3889 credentibus
3198 3834 3249 3886 in
3279 3847 3427 3898 cum,

121 3915 235 3966 ἐπὶ
268 3914 362 3966 τὸν
393 3916 684 3984 ἐγείραντα
728 3917 934 3987 Ἰησοῦν
975 3921 1067 3972 τὸν
1118 3922 1321 3991 Κύριον
1353 3923 1512 3992 ἡμῶν
1553 3926 1617 3976 ὲκ
1648 3943 1717 3977 νε·

1840 3923 1930 3989 qui
1964 3923 2252 3975 suscitavit
2287 3923 2468 3978 Jesum
2504 3924 2791 3978 Dominum
2826 3934 3071 3978 nostrum
3103 3940 3130 3978 a
3167 3925 3430 3979 mortuis:

121 4006 324 4074 κρῶν·
362 4005 419 4069 ὃς
451 4009 719 4078 παρεδόθη
746 4010 835 4060 διὰ
862 4011 927 4062 τὰ
980 4013 1400 4083 παραπτώματα
1430 4015 1608 4085 ἡμῶν,
1639 4019 1717 4068 κα¹

1840 4015 1930 4082 qni
1956 4014 2187 4068 traditus
2212 4022 2296 4067 est
2329 4022 2549 4083 propter
2572 4015 2766 4068 delicta
2796 4024 3006 4081 nostra,
3040 4026 3095 4069 et
3126 4017 3428 4070 resurrexit

115 4097 353 4167 ἠγέρθη
397 4098 484 4151 διά
512 4099 610 4169 τὴν
650 4100 932 4154 δικαίωσιν
968 4103 1147 4173 ἡμῶν.
1191 4124 1208 4156 ι
1263 4104 1378 4158 Μία
1421 4106 1519 4174 μὲν
1546 4106 1711 4176 θεότη·

1840 4117 2062 4170 propter
2106 4104 2554 4172 justiticationem
2602 4107 2931 4160 nostram".
2969 4125 2987 4159 ι
3044 4107 3160 4162 Una
3211 4107 3427 4174 quidem

113 4206 224 4252 τος
259 4189 450 4256 φύσις,
469 4191 526 4242 ἐν
550 4191 881 4246 ὑποστάσεσι
907 4194 962 4246 δὲ
990 4198 1376 4264 προσκυνεῖται
1401 4199 1548 4265 τρισὶ
1579 4216 1709 4268 παρέ

1841 4194 2018 4246 deitas
2051 4195 2104 4246 in
2137 4195 2310 4249 tribus
2337 4197 2588 4262 personis
2611 4196 2873 4250 adoratur
2900 4208 3013 4250 tum
3049 4212 3076 4250 a
3109 4197 3285 4262 nobis,
3315 4206 3426 4250 tum

111 4295 187 4330 τε
227 4279 263 4345 ἠ
278 4277 400 4346 μῶν
433 4279 528 4330 καλ¹
566 4281 674 4332 τῶν
727 4280 838 4333 ἂνω
874 4283 1219 4350 πνευμάτων.
1264 4285 1411 4346 Μιᾶς
1457 4283 1512 4335 δὲ
1563 4283 1707 4353 οῦσηι

1837 4285 2001 4336 etiam
2043 4301 2071 4337 ιι
2115 4288 2370 4356 supernis
2410 4287 2516 4342 illis
2564 4288 2870 4356 spiritibus.
2909 4289 3043 4342 Cum
3091 4299 3271 4342 autem
3321 4302 3427 4342 una

111 4369 401 4437 Θεὸτητος
445 4372 683 4440 ἀπάσης,
730 4373 952 4435 εἰκότως
983 4374 1047 4443 δὴ
1076 4374 1234 4443 ἔργον
1269 4377 1334 4427 ἂν
1376 4376 1587 4442 γένοιτο
1620 4379 1707 4429 πᾶε

1838 4377 2104 4429 duntaxat
2136 4378 2392 4431 divinitas
2420 4381 2670 4440 exsistat,
2705 4379 2900 4432 merito
2938 4382 3104 4433 totius
3130 4395 3265 4450 opus
3303 4395 3428 4435 cen-

105 4457 319 4512 ὁτιοῦν
345 4461 451 4512 τῶν
472 4461 551 4514 ὅτι
581 4462 814 4530 μάλιστα
845 4463 1163 4532 πρεπόντων
1193 4466 1332 4533 αὐτῇ
1354 4482 1411 4515 τε
1443 4467 1536 4517 καὶ
1567 4467 1701 4536 μόνῃ

1839 4478 2011 4532 setur,
2056 4469 2316 4536 quidquid
2355 4478 2532 4538 potest
2559 4471 2626 4523 ab
2666 4469 2753 4523 illa
2793 4487 2899 4524 una
2937 4472 3250 4540 procedere.
3285 4470 3427 4524 Deus

105 4551 452 4622 Πράττεται
485 4553 592 4623 γὰρ
619 4553 796 4606 πάντα
825 4554 978 4624 παρᾶ
1003 4554 1095 4606 τοῦ
1127 4555 1261 4608 Θεοῦ
1296 4557 1389 4608 καὶ
1419 4557 1633 4627 Πατρὸς
1660 4559 1701 4608 δι

1840 4557 2003 4612 Pater
2042 4575 2281 4628 nutuque
2308 4561 2492 4614 omnia
2521 4577 2615 4629 per
2634 4561 2826 4615 Filium
2858 4575 3111 4631 operatur
3139 4563 3188 4615 in
3220 4562 3425 4630 Spiritu

105 4643 268 4694 Υἱοῦ
313 4643 374 4693 ὲν
425 4642 702 4711 Πνεύματι
727 4683 740 4695 .
779 4645 940 4695 Ὥστε
975 4643 1078 4696 κᾶν
1107 4647 1154 4695 εἰ
1211 4645 1422 4713 λέγοιτὸ
1457 4665 1558 4699 που
1591 4646 1699 4710 ζωο

1840 4661 2050 4703 sancto.
2088 4649 2268 4715 Quare
2307 4650 2351 4703 si
2391 4650 2553 4705 Pater
2601 4651 2878 4706 viviﬁcare
2921 4654 3138 4714 dicitur,
3190 4655 3424 4722 idipsum

101 4735 314 4787 ποιεῖν
349 4735 381 4784 ὁ
407 4733 616 4803 Πατὴρ,
649 4736 934 4806 ἐνεργήσει
963 4737 1177 4798 πάντως
1205 4737 1337 4789 αὐτὸ
1368 4738 1454 4791 διὰ
1476 4738 1570 4790 τοῦ
1597 4739 1694 4790 Υῐο

1838 4743 2062 4794 omnino
2090 4758 2187 4810 per
2215 4742 2413 4796 Filium
2445 4744 2496 4796 in
2534 4743 2740 4812 Spiritu
2774 4755 2963 4798 sancto
2987 4757 3245 4813 praestare
3268 4746 3425 4799 intel-

98 4826 175 4874 ἐν
207 4821 372 4890 ἁγίῳ
404 4822 697 4891 Πνεύματι.
750 4823 868 4876 Κᾶν
911 4826 1104 4894 ἐνεργῇ
1134 4825 1408 4894 τὴν-ζωὴν
1448 4827 1476 4878 ὁ
1513 4828 1638 4890 Υἱὸς
1671 4827 1694 4879 ἕ

1839 4833 2104 4902 ligitur”.
2138 4835 2371 4889 Rursum
2403 4836 2444 4888 si
2473 4835 2641 4889 Filius
2675 4837 2723 4888 in
2753 4837 2836 4892 his
2867 4838 2956 4907 qui
2989 4838 3094 4891 vita
3124 4839 3425 4893 destituun-

99 4932 180 4980 γε
241 4916 372 4976 τοῖς
403 4913 744 4983 δεόεημένοις
789 4915 888 4984 τῆς
937 4918 1123 4986 ζωῆς,
1174 4918 1289 4969 ἁλλ’
1340 4919 1399 4969 ού
1464 4918 1587 4988 δίχα
1633 4937 1693 4971 το

1841 4936 1949 4988 tur,
1992 4925 2157 4978 vitam
2196 4925 2411 4979 ellieere
2455 4927 2812 4996 pra-dicatur;
2851 4929 2952 4982 hoc
2998 4931 3171 4998 ipsum
3221 4931 3425 4998 absque

95 5005 430 5074 ὁμοουσίου
477 5007 726 5076 Πατρός·
769 5006 879 5077 ἔχει
914 5008 1022 5079 γάρ
1077 5011 1136 5061 ἐν
1186 5010 1363 5079 ἐαυτῷ
1391 5011 1482 5062 τὸν
1528 5012 1691 5080 Γεννή

1837 5018 2219 5072 coessentialis
2253 5018 2433 5072 Patris
2478 5021 2862 5089 cooperatione
2894 5021 3105 5074 eiliccre
3135 5037 3239 5076 non
3266 5030 3423 5090 pute-

96 5115 330 5150 σαντα.
387 5098 496 5150 Καὶ
552 5097 683 5166 γοῦν
730 5099 833 5170 ἔφη
880 5100 1096 5168 σαφῶς·
1154 5121 1172 5152 ‹
1240 5102 1358 5154 Ἀπ’
1393 5103 1632 5171 ἐμαυτοῦ
1666 5121 1692 5155 o

1839 5117 1945 5175 tur,
1974 5119 2035 5162 ut
2066 5109 2158 5176 qui
2187 5109 2337 5162 illum
2374 5111 2465 5177 qui
2491 5125 2616 5164 eum
2655 5113 2862 5180 genuit,
2891 5113 2942 5166 in
2982 5113 3166 5181 seipso
3199 5128 3424 5167 manen-

89 5187 314 5240 λαλῶ·
353 5189 384 5239 ὁ
413 5187 468 5239 δὲ
517 5189 705 5262 Πατὴρ
745 5189 772 5240 ὁ
800 5192 858 5242 ἐν
901 5191 1021 5261 ἐμοὶ
1072 5191 1268 5260 μένων,
1313 5195 1456 5244 ποιεῖ
1488 5193 1553 5245 τά
1591 5193 1685 5264 ἔργ

1840 5210 1946 5254 tem
1982 5215 2199 5269 semper
2240 5202 2477 5256 habeat:
2515 5203 2679 5272 «Ego,
2713 5204 2886 5274 inquit
2922 5215 3123 5273 aperte,
3160 5221 3188 5257 a
3217 5205 3424 5272 meipso

89 5278 318 5339 αὐτός.
363 5297 380 5326 ι
417 5279 534 5332 Κᾶν
563 5283 610 5333 εἰ
638 5283 697 5332 τὸ
725 5281 950 5349 Πνεῦμα
976 5282 1185 5349 λέγοιτο
1213 5283 1371 5336 τοῦτο
1398 5285 1552 5354 δρᾷν,
1580 5287 1685 5352 ἐνει

1835 5307 1939 5344 nou
1989 5291 2220 5361 loquor:
2269 5291 2430 5345 Pater
2476 5295 2568 5362 qui
2623 5295 2675 5348 in
2730 5310 2816 5350 me
2869 5307 3071 5362 manet,
3125 5298 3236 5365 ipse
3292 5295 3422 5350 facit

85 5372 291 5441 γήσει
339 5372 558 5433 πάντως
583 5371 658 5431 ὼς
683 5373 900 5443 πνεῦμα
931 5375 1093 5443 ζωῆς·
1122 5375 1268 5444 ζωὴν
1299 5377 1352 5428 δὲ
1382 5372 1520 5430 εἷναί
1549 5397 1681 5446 φαμι

1830 5397 1990 5449 Opera
2013 5383 2078 5437 ³ο.
2111 5401 2129 5433 ι
2169 5384 2326 5452 172
2357 5382 2594 5436 Tandem
2619 5387 2662 5439 si
2705 5387 2928 5455 Spiritus
2962 5389 3063 5441 hoc
3095 5389 3265 5457 ipsum
3289 5404 3419 5459 ope-

85 5462 271 5515 κοιτά
306 5462 479 5528 φύσιν
512 5464 600 5515 τὸν
627 5465 758 5516 Θεὸν
789 5467 880 5517 καὶ
917 5467 1134 5537 Πατέρα
1157 5507 1169 5527 ,
1215 5468 1308 5519 καὶ
1340 5469 1431 5520 τὸν
1463 5468 1520 5533 ἐξ
1558 5472 1681 5522 αύτι

1831 5484 2019 5538 ratur,
2069 5478 2292 5532 omnino
2336 5487 2388 5529 ιιι
2451 5477 2576 5530 vita‘.
2637 5479 2862 5548 spiritus
2933 5490 3207 5549 operatur.
3253 5480 3421 5550 Atqui-

83 5553 474 5620 γεννηθέντα
512 5555 658 5608 Υἰόν.
697 5555 907 5608 υύκοῦν
931 5557 1147 5625 λέγεται
1186 5558 1286 5627 μὲν
1313 5560 1342 5610 ὁ
1379 5561 1562 5629 Πατὴρ
1591 5562 1679 5613 dvo

1828 5566 1995 5619 Deum
2040 5567 2282 5631 Patrem,
2325 5578 2380 5622 ct
2431 5569 2622 5624 Filium
2657 5572 2744 5639 qui
2799 5588 2862 5625 ex
2914 5573 3002 5627 illo
3053 5575 3266 5642 genitus
3306 5583 3414 5638 cst,

83 5645 336 5712 στῆσαι
376 5647 609 5716 Χριστὸν
642 5649 702 5698 ἐκ
734 5648 942 5719 νεκρῶν
971 5669 982 5682 ·
1022 5651 1119 5719 οὐχ
1167 5651 1476 5722 εὑρήσομεν
1528 5652 1584 5704 δὲ
1633 5652 1679 5705 τέ

1824 5660 2120 5713 secundum
2176 5673 2426 5715 naturam
2477 5664 2635 5716 vitam
2684 5680 2804 5720 esse
2853 5666 3106 5720 dicimus.
3155 5668 3417 5737 Quamvis

175 5780 290 5835 κε
336 5779 554 5837 Timotli
612 5799 689 5852 ιιι,
736 5783 795 5836 16
921 5787 958 5814 ⁷⁷
1000 5783 1104 5844 locl
1141 5799 1199 5849 ιι,
1238 5786 1325 5840 28.
1407 5785 1449 5816 ³⁸
1484 5785 1771 5858 Rorit.1\-,‘

1484 5785 1639 5843 Rom.
1670 5805 1740 5858 μ’,
1770 5789 1859 5858 24,
1897 5792 1984 5849 25.
2070 5794 2108 5826 ⁸³
2138 5793 2287 5850 .loau.
2324 5811 2371 5849 γ.
2406 5797 2492 5851 il.
2576 5798 2613 5829 ’θ
2641 5797 2796 5855 ιοδη.
2831 5816 2936 5870 xtr,
2972 5801 3052 5857 lO.
