4042 6496
549 361 690 420 ΗΟΊ
1528 363 1584 416 S.
1629 361 1906 416 CYIlILLI
1950 361 2421 417 ALEXANDHINI
2460 363 2783 419 ARCHIEP.
3716 360 3858 418 1408

547 496 679 551 ergo
706 481 863 535 Pater
909 480 1186 534 Christum
1217 495 1280 533 ex
1314 473 1542 535 mortuis
1575 483 1943 538 cxsuscitasse
1992 483 2139 536 dira-

2277 483 2370 536 ’ἱὸν
2405 486 2672 555 ἀνενεργῆ
2724 481 2852 553 περὶ
2882 483 2983 551 τὴν
3017 483 3319 535 ἀνάστασιν
3349 478 3446 533 τοῦ
3481 477 3626 530 ἰδίου
3663 476 3856 547 σώμα-

551 583 662 634 tur.
695 573 888 626 Filium
926 580 1102 624 tamen
1139 573 1284 628 circa
1319 574 1520 642 proprii
1554 574 1801 641 corporis
1829 576 2134 631 exsuscita-

2274 591 2347 632 ac.
2386 577 2494 628 Καὶ
2521 576 2651 644 γοῦν
2696 574 2800 644 ἔφη
2856 573 2993 644 πρὸς
3057 572 3362 636 Ἰουδαίους
3409 592 3428 622 σ
3484 568 3716 622 Λύσατε
3767 567 3855 619 τὸν

552 665 752 717 tionem
781 677 885 715 non
918 662 1155 716 otiosum
1179 663 1461 718 exstitisse
1495 663 1860 731 inveniemus,
1889 684 2011 720 nam
2039 666 2134 721 Ju-

2274 665 2364 717 athv
2402 666 2613 733 τοῦτον,
2649 667 2741 719 καὶ
2771 666 2828 716 ὲν
2861 664 3042 732 τρισὶν
3083 663 3321 733 ἡμέραις
3367 660 3559 731 ἐγερῶ
3594 659 3788 712 αὐτόν.
3831 678 3851 708 ι

550 755 699 811 dmos
726 755 1009 809 hocinodo
1036 754 1302 809 allocutus
1328 754 1555 822 legitur:
1597 772 1614 804 ι
1638 753 1844 810 Solvite
1881 758 2136 825 templum

2274 755 2435 820 Λθρει
2470 755 2561 819 δὲ,
2605 757 2756 816 ὃπως
2801 753 2896 806 τοῦ
2945 752 3220 821 μακαρίου
3277 750 3497 804 Παύλου
3555 749 3852 816 λέγοντος·

555 847 678 908 hoc,
705 855 760 898 ct
789 846 841 898 in
885 845 1058 901 tribus
1089 847 1277 900 diebus
1305 844 1554 899 excitabo
1591 845 1808 901 illud".
1845 867 1862 898 ι
1901 849 1980 901 lta
2015 864 2137 901 curn

2320 849 2439 899 ’Ὁτι
2480 847 2864 918 λογισθήσεται
2895 849 3024 917 ἡμῖν
3077 847 3109 911 ή
3146 845 3330 906 πίστις
3369 847 3452 908 εἰς
3493 842 3856 909 δικαιοσύνην

551 935 743 989 beatus
778 934 980 990 Paulus
1013 938 1227 1000 doceat,
1264 955 1282 986 ι
1314 935 1468 1002 Quod
1507 947 1561 992 et
1599 938 1758 994 nobis
1796 955 2016 1008 quoque
2057 955 2144 993 re-

2277 942 2353 1002 οῖς
2386 938 2744 992 πιστεύσασιν
2780 941 2876 993 ἐπὶ
2904 938 2995 993 τὸν
3023 936 3315 1007 ἐγείραντα
3362 935 3582 1003 Ἰησοῦν
3615 935 3856 1001 Χριστὸν

553 1026 834 1095 potabitur
898 1028 963 1081 ad
1020 1027 1292 1098 justitiam
1343 1029 1692 1084 credentibus
1736 1035 1789 1083 in
1849 1044 1994 1096 eum,
2050 1031 2142 1099 qui

2277 1052 2310 1085 κ
2343 1026 2550 1100 νεκρῶν
2577 1047 2590 1060 ο
2644 1049 2662 1081 ι
2703 1032 2803 1084 οὐκ
2843 1031 2923 1094 είς
2974 1029 3134 1100 μόνον
3181 1029 3214 1097 ἡ
3258 1026 3446 1088 πίστις
3483 1025 3582 1078 τὸν
3630 1025 3858 1092 Πατέρα

552 1118 840 1172 suscitavit
866 1117 1051 1174 Jesum
1081 1118 1358 1173 Christum
1391 1135 1456 1175 ex
1487 1121 1751 1186 mortuis;
1775 1140 1792 1172 ι
1830 1136 1934 1175 non
1967 1121 2142 1176 solum

2274 1105 2437 1192 ’ἑγονε
2471 1121 2564 1174 καὶ
2594 1121 2747 1184 Θεὸν,
2783 1123 2920 1175 ἀλλά
2944 1123 3052 1192 γὰρ
3083 1120 3177 1173 καὶ
3209 1121 3290 1182 εἰς
3321 1117 3414 1171 τὸν
3448 1116 3668 1186 Κύριον
3702 1116 3860 1185 ἡμῶν

556 1211 608 1264 in
642 1210 807 1266 Deum
836 1210 1052 1266 Patrem
1078 1213 1435 1276 credidimus,
1454 1214 1548 1267 sed
1575 1215 1737 1268 etiam
1766 1213 1819 1266 in
1853 1213 2143 1271 Dominum

558 1314 802 1356 nostrum
863 1301 1052 1358 Jesnm
1110 1304 1411 1360 Christum.
1453 1305 1592 1372 Quin
1652 1314 1707 1359 et
1750 1305 1881 1359 illud
1929 1321 2147 1375 quoque

556 1393 981 1458 observandum,
1030 1405 1085 1448 ut
1134 1395 1392 1462 arbitror,
1430 1397 1529 1450 hoc
1575 1396 1692 1452 loco
1743 1398 1905 1459 venit,
1951 1413 2149 1467 nempe

559 1482 932 1554 Unigcnitttm,
971 1486 1243 1541 hominem
1279 1486 1506 1553 factum,
1547 1498 1776 1544 mortem
1809 1491 2030 1559 quidem
2061 1507 2150 1547 se-

556 1576 791 1628 cundum
852 1593 1075 1633 carnem
1130 1580 1436 1649 pertulisse,
1471 1581 1521 1635 vi
1556 1591 1738 1638 tanien
1793 1584 1999 1648 carnis,
2047 1585 2151 1640 hoc

556 1674 644 1718 est
679 1665 1053 1734 humanitatis,
1109 1671 1422 1740 neutiquam
1461 1675 1748 1740 revixisse,
1798 1677 1892 1730 sed
1951 1675 2153 1731 virtute

559 1757 794 1822 deitatis,
826 1777 844 1810 ι
872 1776 990 1828 qua:
1037 1762 1280 1819 vivil‘tcat
1335 1777 1601 1831 mortuos,
1633 1778 1687 1822 et
1725 1778 1886 1822 vocat
1923 1782 1988 1822 ea
2029 1783 2152 1837 quae

561 1863 666 1902 non
714 1859 862 1915 sunt,
907 1861 1163 1922 tanquam
1198 1868 1259 1908 ea
1301 1870 1423 1924 qua:
1469 1856 1682 1911 sunt“.
1722 1876 1738 1908 ο
1795 1859 1913 1927 Ipsa
1961 1859 2148 1926 itaque

558 1939 854 1995 vit-ilicatio
896 1958 1002 1996 non
1057 1944 1124 1997 ad
1171 1946 1347 2014 ipsam
1395 1948 1646 2015 corporis
1699 1958 1972 2013 naturam,
2024 1950 2151 2005 licet

562 2029 694 2085 illud
726 2030 906 2088 Verbo
929 2049 994 2089 ex
1027 2035 1135 2090 Deo
1174 2037 1360 2106 genito
1386 2039 1667 2108 proprium
1713 2040 2008 2105 exstiterit,
2052 2041 2149 2098 sed

562 2123 744 2190 potius
768 2125 834 2177 ad
859 2141 1169 2194 supremam
1200 2129 1347 2182 illam
1376 2129 1653 2196 virtutem,
1674 2132 1778 2186 hoc
1805 2140 1910 2198 est,
1929 2133 1997 2186 ad
2029 2147 2153 2188 eam

565 2221 816 2266 naturam
863 2217 987 2282 jure
1045 2218 1240 2272 merito
1294 2217 1578 2274 referenda
1616 2209 1741 2285 est,‘
1779 2237 1897 2291 quze
1935 2237 2154 2278 omnem

561 2305 777 2358 excedit
825 2319 1158 2374 creaturam,
1201 2310 1344 2364 sicut
1392 2312 1444 2364 in
1494 2328 1721 2378 persona
1777 2313 1870 2369 Dei
1939 2313 2156 2380 Patris,

564 2409 630 2447 ex
668 2410 780 2465 quo
814 2399 994 2464 prodit
1035 2399 1206 2456 Filius
1231 2417 1327 2468 per
1355 2404 1539 2458 omnia
1573 2405 1646 2458 illi
1695 2406 1918 2475 aqualis
1943 2418 1998 2462 et
2027 2423 2159 2463 con-

567 2489 949 2544 substantialis
1005 2494 1256 2559 procedit
1296 2507 1478 2550 autem
1518 2511 1615 2565 per
1643 2507 1903 2568 utrosque
1930 2511 1990 2553 et
2024 2501 2160 2554 vivi—

566 2575 702 2633 ﬁcus
733 2593 949 2649 quoque
983 2583 1239 2650 Spiritus.
1263 2585 1431 2648 Addit
1481 2600 1648 2653 porro
1714 2589 1989 2642 Christum
2038 2604 2162 2658 pro-

567 2681 689 2738 pter
727 2671 924 2727 delicta
955 2684 1139 2729 nostra
1174 2674 1433 2728 traditum
1463 2690 1620 2742 esse;
1658 2688 1881 2747 propter
1912 2688 2159 2734 nostram

569 2769 749 2815 autem
775 2759 1230 2831 justiﬁeationem
1252 2767 1674 2823 exsuscitatum.
1695 2767 2161 2834 Quemadmodum

566 2853 714 2906 enim
756 2852 956 2909 factum
1000 2863 1086 2911 est
1129 2864 1188 2909 ut
1237 2857 1350 2926 ipse
1397 2859 1565 2914 nostri
1602 2875 1764 2913 causa
1816 2860 1868 2913 in
1944 2860 2162 2928 propria

2261 1213 2467 1286 Ἰησοῦν
2496 1213 2749 1284 Χριστόν.
2789 1213 2998 1276 ’Ἄλλως
3031 1231 3091 1266 τε
3125 1213 3257 1282 (δεῖν
3286 1209 3398 1280 γὰρ
3431 1206 3597 1278 οἶμαι
3630 1210 3862 1261 κάκεῖνο

2253 1307 2423 1374 ἰδεῖν),
2457 1303 2679 1373 γέγονεν
2709 1303 3000 1374 ἄνθρωπος
3026 1305 3054 1356 ὁ
3081 1300 3398 1372 Μονογενης
3421 1340 3436 1362 ,
3465 1297 3562 1350 καὶ
3589 1299 3865 1365 ὑπέμεινε

2254 1398 2352 1468 μὲν
2390 1379 2665 1468 σαρκικῶς
2699 1395 2790 1447 τὸν
2820 1393 3084 1458 θάνατον,
3123 1394 3328 1448 ἀνεϐίω
3359 1409 3424 1460 γε
3459 1391 3571 1460 μὴν
3604 1390 3670 1441 οὐ
3722 1389 3865 1440 κατὰ

2254 1489 2490 1559 σαρκὸς,
2544 1488 2712 1558 ἡγουν
2748 1485 3175 1558 ἀνθρωπὸτητος
3207 1487 3467 1552 δύναμιν,
3522 1482 3646 1534 ἀλλ’
3696 1481 3776 1542 ὡς
3813 1482 3868 1530 ἐν

2256 1579 2402 1649 ίοχύῖ
2423 1579 2697 1650 θεότητος,
2732 1597 2750 1628 ‹
2780 1577 2878 1647 τῆς
2909 1578 3287 1650 ζωογονούσης
3315 1577 3446 1637 τοὺς
3471 1575 3743 1642 νεκροὺς,
3776 1573 3869 1623 καὶ

2255 1672 2528 1743 καλούσης
2556 1673 2622 1725 τὰ
2655 1669 2729 1743 μὴ
2759 1670 2888 1722 δντα
2915 1669 2989 1732 ὡς
3021 1669 3172 1723 ὄντα.
3203 1690 3224 1723 ι
3275 1665 3604 1722 Ἀναθετὲον
3637 1661 3739 1717 οὖν
3767 1663 3871 1733 ἄρα

2254 1764 2353 1833 τὴν
2401 1763 2730 1832 ζωοποίησιν
2775 1760 2870 1813 καὶ
2921 1759 3065 1830 μάλα
3111 1762 3370 1822 εικότως,
3421 1758 3526 1809 οὐκ
3575 1757 3728 1825 αὐτῇ
3770 1773 3871 1807 που

2255 1857 2472 1920 πάντως
2504 1859 2572 1928 τῇ
2601 1854 2696 1908 τοῦ
2729 1852 2982 1924 σώματος
3015 1854 3178 1923 φύσει
3201 1893 3218 1919 ,
3251 1855 3356 1908 κᾶν
3380 1853 3430 1904 εἰ
3461 1852 3708 1919 γέγονεν
3743 1849 3874 1901 [διον

2253 1947 2345 2001 τοῦ
2391 1950 2455 2001 ὲκ
2483 1945 2618 2002 Θεοῦ
2666 1949 2865 2017 φύντος
2913 1945 3088 2014 Λόγου
3113 1963 3126 1977 ’
3161 1946 3393 2016 δυνάμει
3435 1943 3496 1997 δὲ
3550 1941 3770 2012 μᾶλλον
3806 1945 3872 2010 τῇ

2254 2038 2564 2110 ὑπερτάτη,
2601 2037 2698 2091 καὶ
2746 2035 2905 2105 φύσει
2935 2039 3002 2106 τῇ
3045 2037 3187 2109 ὑπὲρ
3217 2038 3418 2099 κτίσιν,
3471 2033 3552 2096 ὡς
3601 2033 3666 2084 ὲν
3704 2049 3876 2101 προσ-

2253 2131 2390 2201 ώπῳ
2439 2131 2533 2184 τοῦ
2565 2129 2702 2184 Θεοῦ
2737 2130 2832 2183 καὶ
2863 2128 3080 2201 Πατρὸς
3104 2178 3119 2194 ,
3161 2130 3222 2200 ἐξ
3253 2125 3315 2184 οὒ
3357 2128 3610 2196 πέφηνεν
3643 2126 3674 2176 ὁ
3709 2124 3840 2185 Υἱὸς
3857 2164 3869 2182 .

2257 2221 2372 2284 ῐσος
2403 2239 2465 2274 τε
2493 2224 2587 2274 καί
2605 2221 2790 2290 ὅμοιος
2821 2219 2841 2258 ί
2874 2222 3014 2273 κατά
3045 2223 3223 2276 πάντα
3244 2221 3415 2291 αὐτῷ.
3452 2219 3690 2288 Πρόεισι
3725 2217 3784 2268 δὲ
3811 2217 3875 2268 δι’

2259 2313 2462 2382 ἀμφοῖν
2501 2310 2595 2363 καὶ
2626 2310 2688 2362 τὸ
2727 2309 2950 2381 Πνεῦμα
2980 2313 3040 2363 τὸ
3077 2311 3398 2374 ζωοποιουν.
3437 2307 3868 2379 Παραδεδὸσθαι

2258 2403 2316 2456 δέ
2357 2419 2489 2472 φησι
2518 2400 2610 2454 τὸν
2643 2400 2881 2471 Χριστὸν
2920 2401 3010 2455 διὰ
3062 2404 3132 2455 τὰ
3185 2401 3636 2472 παραπτώματα
3691 2399 3874 2468 ἡμῶν,

2262 2494 2354 2547 καὶ
2383 2491 2683 2564 ὲγηγέρθαι
2713 2491 2804 2545 διὰ
2829 2491 2929 2563 τὴν
2968 2493 3253 2546 δικαίωσιν
3285 2493 3468 2564 ἡμῶν.
3499 2492 3732 2562 Ὥσπερ
3773 2490 3878 2560 γὰρ

2262 2584 2452 2651 γέγονε
2481 2582 2623 2652 ὑπὲρ
2651 2583 2811 2652 ἡμῶν
2838 2583 2899 2636 τὸ
2929 2584 3122 2637 παθεῖν
3150 2585 3316 2637 αὑτὸν
3340 2586 3407 2653 τῇ
3439 2582 3552 2653 ἰδίᾳ
3585 2582 3766 2651 σαρκὶ
3793 2582 3881 2633 τὸν

2264 2671 2514 2735 θάνατον,
2551 2671 2642 2725 ῖνα
2669 2671 2855 2724 λοιπὸν
2880 2672 3121 2742 ἀτονὴσῃ
3153 2673 3249 2726 τοῦ
3275 2672 3514 2726 Θανάτου
3541 2672 3610 2725 τὸ
3650 2673 3878 2742 κράτος·

2263 2766 2406 2819 οὕτω
2437 2765 2532 2818 καὶ
2562 2764 2766 2819 ἀνεϐίω
2822 2764 2984 2818 πάλιν
3031 2767 3172 2834 ὑπὲρ
3204 2766 3385 2835 ἡμῶν,
3435 2764 3788 2833 ὲγκαινίζων
3831 2766 3883 2816 ὲν

2267 2859 2399 2930 ἡμῖν
2426 2856 2523 2927 τὴν
2549 2858 2630 2920 εἰς
2657 2855 2969 2926 ἀφθαρσίαν
2997 2856 3258 2910 ἐπάνοδον
3277 2896 3292 2921 ,
3335 2857 3429 2908 καὶ
3462 2857 3570 2924 τῆς
3610 2857 3674 2908 ἐν
3714 2857 3884 2925 Ἀδὰμ

572 2959 742 2998 carne
787 2957 1021 3000 mortem
1069 2958 1376 3015 pateretur.
1409 2963 1519 3018 quo
1551 2951 1742 3005 mortis
1788 2951 2074 3020 imperium
2111 2950 2166 3006 in

2274 2948 2633 3021 παραϐάσεως
2667 2943 2946 3015 ἀφανίζων
2967 2946 3034 2998 τὰ
3067 2945 3393 3015 ἐγκλήματα
3413 2961 3426 2974 ο
3455 2943 3884 3013 Δεδικαιὼμεθα

572 3046 850 3104 posterum
899 3037 1296 3094 dissolveretur
1333 3055 1348 3093 :
1392 3041 1479 3094 sic
1533 3057 1746 3096 rursum
1789 3046 1963 3097 nostri
2003 3058 2166 3100 causa

2274 3041 2378 3112 γὰρ
2423 3043 2481 3092 ὲν
2508 3037 2761 3109 Χριστῷ,
2793 3037 2896 3105 τῆς
2929 3037 3028 3106 μὲν
3077 3037 3311 3106 ἀρχαίας
3340 3033 3569 3103 ἐκείνης
3600 3037 3748 3102 ἀρᾶς
3795 3034 3885 3101 τὴν

577 3126 808 3192 revixit,
864 3129 1150 3199 culpisque
1209 3132 1675 3199 praevaricationis
1719 3134 1850 3188 Atla:
1908 3135 2164 3202 abolitis,

2274 3129 2502 3200 δύναμιν
2524 3126 2842 3196 ἀφανίζοντι
2869 3126 2956 3178 διὰ
2979 3126 3081 3195 τῆς
3108 3129 3189 3188 εἰς
3212 3125 3360 3178 ἅπαν
3392 3124 3685 3191 ὑπακοῆς,
3721 3123 3889 3176 ἀπαλ-

577 3217 815 3273 reditum
853 3221 1009 3276 nobis
1055 3224 1122 3277 ad
1160 3224 1623 3279 immortalitatem
1657 3225 1866 3294 primus
1904 3227 2163 3281 ostendit.

2274 3223 2518 3278 λάττοντι
2559 3221 2617 3273 δὲ
2644 3220 2752 3274 τῶν
2783 3220 3029 3290 ἀρχαίων
3064 3218 3409 3287 αἱτιαμάτων
3453 3215 3562 3286 τὴν
3599 3217 3793 3284 φύσινο
3829 3215 3886 3266 οὗ

576 3307 956 3365 Justilicamur
1019 3313 1163 3367 enim
1221 3329 1319 3381 per
1373 3315 1677 3378 Christum,
1732 3317 1971 3385 antiqua:
2023 3317 2166 3374 illius

2274 3315 2382 3388 γὰρ
2429 3313 2684 3383 ἐποίησεν
2732 3313 3012 3383 ἁμαρτίαν
3050 3312 3265 3382 (γέγονε
3315 3311 3374 3364 δὲ
3419 3309 3640 3380 μᾶλλον
3677 3309 3886 3362 εὑδόκιτ

579 3399 983 3460 maledictionis
1035 3403 1143 3458 vim
1210 3404 1592 3460 demolientem
1645 3421 1741 3476 per
1797 3408 2162 3463 obedientiam

2275 3423 2373 3477 μος
2402 3407 2459 3458 ἐν
2490 3406 2672 3475 αὐτῇ),
2697 3405 2875 3458 καίτοι
2905 3402 3386 3473 κατεγνωσμένην,
3431 3401 3710 3472 καθάπερ
3746 3400 3891 3453 sime

580 3493 752 3549 modis
781 3496 1038 3550 omnibus
1071 3496 1389 3565 perfectam,
1417 3507 1668 3551 naturam
1705 3514 1833 3554 vero
1867 3500 2162 3554 humanam

2274 3516 2395 3569 μεν,
2430 3501 2485 3554 ἐν
2526 3498 2696 3570 Ἀδάμ
2726 3497 2772 3552 i.

579 3584 905 3655 abantiquis
937 3586 1265 3643 criminibus
1298 3588 1645 3645 liberantem.
1689 3591 1981 3646 Peccatum
2014 3605 2251 3662 namque
2279 3592 2485 3646 nullmn
2527 3592 2769 3656 admisit,
2838 3593 2932 3645 sed
2972 3590 3118 3643 omni
3179 3590 3342 3643 laude
3406 3587 3618 3657 dignus
3696 3587 3752 3641 in
3783 3586 3889 3654 ipsa

582 3678 706 3744 fuit,
759 3678 975 3735 etiamsi
1025 3679 1082 3734 in
1129 3681 1424 3751 principio,
1481 3682 1583 3737 hoc
1629 3693 1714 3739 est
1771 3685 1825 3738 in
1882 3684 2169 3750 Adam,ut
2239 3693 2368 3741 ante
2406 3699 2625 3754 qunque
2671 3682 3076 3746 admonuimus,
3116 3680 3576 3737 condemnatioui
3619 3679 3891 3734 obnoxius

582 3773 768 3830 fuerit.

2182 1823 2224 1878 Β

656 3864 770 3919 Lll.
804 3881 823 3915 ι
859 3863 940 3918 An
972 3864 1254 3936 ignoratis,
1291 3866 1417 3934 quia
1455 3866 1769 3937 quicunque
1802 3869 2056 3939 haptizati
2085 3884 2179 3924 su-

585 3974 710 4012 mus
736 3959 788 4012 in
821 3957 1101 4013 ChriSIum
1137 3955 1348 4023 Iesum,
1383 3959 1435 4013 in
1465 3962 1881 4028 mortemipsius
1920 3962 2178 4031 baptizati

588 4049 824 4104 sumus?
855 4049 1172 4118 Consepulti
1202 4049 1348 4105 enim
1371 4064 1561 4106 sumus
1594 4051 1671 4105 illi
1717 4067 1814 4121 per
1846 4053 2175 4121 baptismum

589 4147 642 4196 in
682 4152 914 4198 mortem
943 4158 957 4207 ;
993 4142 1151 4211 1‘73
1183 4151 1240 4196 ut
1273 4144 1545 4212 quomodo
1583 4143 1837 4199 Christus
1876 4144 2180 4199 resurrexit

590 4249 618 4287 a
651 4233 882 4287 mortuis
914 4247 1011 4302 per
1041 4232 1268 4301 gloriare
1304 4230 1508 4295 Patris,
1543 4232 1615 4285 ita
1635 4241 1688 4286 et
1712 4247 1811 4286 nos
1849 4234 1900 4287 in
1939 4233 2178 4288 novitate

590 4325 713 4377 vitae
737 4323 1077 4378 ambulemus
1097 4323 1194 4377 ³³.»
1221 4322 1481 4377 Dominus
1505 4331 1688 4378 noster
1719 4321 1878 4378 Jesus
1904 4323 2175 4389 Christus,

594 4415 808 4470 inferno
846 4415 1168 4484 despoliato,
1223 4414 1621 4482 spirituumque
1662 4415 2028 4479 multitudine,
2060 4431 2180 4486 qua:

2353 3869 2483 3924 NB'.
2537 3890 2554 3922 ι
2602 3871 2674 3925 Ἦ
2719 3869 3002 3938 ἀγνοεῖτε,
3044 3868 3127 3920 ὅτι
3165 3867 3279 3918 ὅσοι
3333 3863 3779 3933 ἐϐαπτίσθημεν
3820 3864 3891 3925 εἰς

2282 3962 2517 4033 Χριστὸν
2560 3959 2785 4031 Ἰησοῦν,
2819 3962 2898 4021 εἰς
2938 3957 3029 4010 τὸν
3076 3957 3306 4010 θάνατον
3337 3954 3509 4008 αὐτοῦ
3547 3955 3893 4023 ἐϐαπτίσθηο

2287 4070 2417 4125 μεν;
2449 4051 2841 4120 Συνετάφημεν
2871 4044 2964 4103 οὖν
2994 4049 3145 4120 αύτῷ
3170 4047 3258 4101 διὰ
3277 4046 3372 4100 τοῦ
3403 4047 3802 4118 βαπτίσματος
3820 4047 3892 4107 εἱς

2280 4145 2372 4199 τὸν
2413 4144 2665 4196 θάνατον⁶
2693 4141 2784 4195 ἵνα
2817 4141 3007 4212 ὥσπερ
3035 4139 3247 4210 ἠγέρθη
3290 4137 3535 4211 Χριστὸς
3575 4139 3646 4190 ὲκ
3685 4136 3892 4207 νεκρῶν

2281 4236 2370 4290 διὰ
2394 4236 2494 4306 τῆς
2517 4235 2676 4305 δόξης
2698 4233 2791 4286 τοῦ
2829 4233 3071 4304 Πατρδς,
3103 4231 3246 4285 οὕτω
3291 4231 3388 4282 καὶ
3413 4233 3584 4300 ἡμεῖς
3619 4231 3684 4282 ὲν
3730 4228 3894 4281 statvo-

2281 4346 2404 4398 τητι
2452 4328 2597 4397 ζωῆς
2639 4327 3126 4400 περιπατήσωμεν.
3170 4343 3189 4376 ι
3234 4323 3293 4376 '0
3323 4321 3535 4392 Κύριος
3575 4321 3748 4391 ἡμῶν
3799 4321 3895 4386 Ἰηο

2286 4420 2410 4493 σοῦς
2450 4419 2686 4491 Χριστὸς
2736 4417 3042 4480 σκυλεύσας
3086 4417 3178 4470 τὸν
3218 4415 3376 4486 ᾅδην,
3423 4417 3519 4466 καὶ
3557 4414 3678 4465 τῶν
3722 4415 3894 4465 ἐκεῖσε

595 4506 649 4561 in
680 4505 1052 4560 subterraneis
1082 4505 1342 4559 claustris
1381 4506 1740 4570 detinebatur,
1775 4506 1903 4560 inde
1931 4506 2166 4560 liberata

2295 4511 2479 4584 μυχῶν
2513 4510 2610 4580 τὴν
2638 4509 2744 4562 τῶν
2775 4508 3209 4579 καθειρχθέντων
3237 4504 3579 4572 πνευμάτων
3614 4505 3897 4564 ἀπολύσας

598 4599 756 4655 tertia
788 4599 875 4653 die
904 4599 1299 4654 ressuscitatus
1328 4599 1548 4661 revixit,
1575 4599 1956 4671 redivivnsqne
1981 4601 2187 4655 sanctis

599 4689 858 4760 apostolis
921 4691 1061 4746 dixit
1105 4706 1118 4743 :
1159 4707 1177 4740 ι
1209 4691 1412 4743 Euntes
1465 4691 1659 4744 docete
1715 4707 1906 4744 omnes
1971 4705 2185 4759 gentes,

599 4779 947 4848 baptizantes
986 4794 1080 4835 eos
1121 4779 1176 4833 in
1223 4779 1445 4833 nomine
1478 4778 1681 4840 Patris.
1712 4789 1765 4834 et
1790 4779 1936 4846 Filii,
1971 4793 2025 4834 et
2060 4783 2186 4850 Spi-

604 4873 742 4925 ritus
772 4871 947 4926 sancti
969 4870 1033 4924 “.
1066 4869 1202 4924 Cum
1235 4871 1399 4941 igitur
1431 4880 1487 4924 ut
1524 4872 1575 4924 in
1615 4885 1727 4924 uno
1755 4871 1933 4928 Patris
1967 4875 2186 4928 nomine

603 4965 962 5034 baptizamnr.
1002 4964 1078 5017 ita
1110 4965 1161 5018 in
1195 4981 1300 5016 uno
1332 4978 1549 5032 quoque
1591 4962 1712 5017 Filii
1743 4965 1990 5029 nomine,
2040 4964 2187 5034 ejus-

605 5060 839 5124 demque
891 5067 1068 5111 morte
1126 5066 1182 5109 et
1229 5055 1435 5124 Spiritu
1498 5065 1689 5109 sancto
1738 5057 2056 5111 abluamur:
2094 5059 2185 5126 qui

607 5163 773 5202 unum
804 5146 1092 5203 Dominum
1133 5157 1374 5202 nostrum
1421 5145 1609 5201 Jesum
1640 5146 1919 5202 Christum
1960 5149 2013 5202 in
2055 5149 2189 5203 duos

610 5241 749 5300 ﬁlios
770 5239 1039 5304 dividunt,
1073 5239 1460 5309 hominemque
1486 5238 1782 5295 secundum
1813 5239 1982 5294 solam
2017 5240 2189 5309 digni-

612 5334 740 5388 tatis
780 5331 864 5387 vel
897 5331 1239 5387 auctoritatis
1286 5330 1648 5400 aequalitatem
1683 5330 1792 5386 Deo
1834 5327 2186 5400 coniunctum

681 5487 728 5521 δι
764 5483 923 5541 Joan.
947 5501 1008 5553 ιι,
1034 5485 1123 5542 l9.

2293 4601 2522 4670 πὶηθὺν,
2564 4599 2762 4653 ἀνεϐίω
2796 4600 3116 4668 τριήμερος.
3154 4593 3287 4649 Εἶτα
3330 4598 3446 4656 τοῖς
3474 4595 3668 4661 ἁγίοις
3697 4597 3897 4661 ἔφασκε

2296 4690 2601 4761 μαθηταῖς·
2662 4709 2679 4740 ι
2729 4687 3096 4758 Πορευθέντες
3140 4684 3526 4755 μαθητεύσατε
3594 4683 3784 4735 πάντα
3839 4681 3900 4731 τὸ.

2294 4781 2444 4851 ἔθνη,
2475 4780 2829 4850 βαπτίζοντες
2858 4777 3056 4840 αὐτοὺς
3085 4777 3166 4840 είς
3208 4775 3271 4828 τὸ
3315 4774 3486 4844 ὄνομα
3514 4773 3618 4828 τοῦ
3661 4774 3896 4842 Πατρὸς.

2292 4873 2386 4928 καὶ
2425 4872 2520 4925 τοῦ
2553 4870 2704 4936 Υίοῦ,
2736 4871 2829 4924 καὶ
2865 4868 2955 4922 τοῦ
3000 4867 3158 4934 ἁγίου
3184 4866 3529 4934 Πνεύματος.
3574 4885 3593 4918 ι
3627 4864 3898 4924 Battum-

2302 4961 2443 5032 μεθα
2479 4960 2659 5014 τοίνυν
2680 4959 2865 5031 ὥσπερ
2887 4959 2966 5021 εἰς
2992 4957 3049 5012 ἓν
3087 4955 3373 5026 ὄνοματοῦ
3413 4955 3659 5024 Πατρδς,
3699 4956 3797 5008 καὶ
3827 4954 3899 5011 εἰς

2300 5053 2359 5108 ἓν
2385 5053 2555 5122 ὄνομα
2571 5051 2663 5104 τοῦ
2691 5051 3055 5117 Υἱοῦ,κα“ιεὶς
3070 5049 3161 5102 τὸν
3190 5046 3425 5100 θάνατον
3459 5047 3658 5111 αὐτοῦ,
3693 5047 3792 5099 καὶ
3825 5046 3900 5105 εἰς

2291 5147 2353 5198 τὺ
2383 5145 2609 5214 Πνεῦμα
2638 5145 2698 5198 τὸ
2735 5143 2911 5212 ἆγιον.
2960 5141 3378 5195 Διδασκέτωσαν
3410 5139 3603 5193 τοίνυν
3642 5139 3694 5192 οἱ
3735 5137 3898 5208 διορί-

2293 5236 2477 5300 ζοντες
2511 5236 2592 5298 εἰς
2631 5235 2781 5298 υἱοὺς
2810 5235 2908 5288 δύο
2941 5235 3034 5288 τὸν
3054 5233 3150 5287 ἕνα
3180 5232 3419 5304 Χριστὸν
3460 5231 3560 5286 καὶ
3623 5231 3780 5295 Υίδν,
3816 5230 3902 5282 ἀν-

2295 5327 2516 5400 θρωπὸν
2561 5345 2620 5381 τε
2671 5325 2790 5399 Θεῷ
2827 5325 3167 5397 συναφθῆναι
3221 5323 3479 5396 λέγοντες
3523 5325 3675 5379 κατὰ
3733 5325 3899 5395 μόνην

1203 5486 1246 5518 θ’
1288 5484 1445 5540 Rom.
1476 5500 1548 5552 tv,
1587 5485 1670 5540 l7.
1749 5484 1794 5517 ³³
1819 5482 1977 5541 Rom.
2011 5499 2084 5549 vt,
2121 5483 2231 5538 1-4.
2311 5482 2359 5515 ³⁵
2389 5482 2580 5540 Matth.
2613 5498 2806 5550 xxvnt,
2864 5484 2954 5539 19.

1725 5623 1897 5679 Varia
1927 5621 2188 5679 lectiones
2220 5621 2424 5678 codicis
2455 5621 2822 5691 Seguieriani.

698 5756 1046 5831 ιόμοούσιος.
1127 5762 1141 5810 t'
1179 5761 1234 5815 ἐν
1269 5759 1434 5830 ﬁnxi»
