4042 6490
226 424 351 481 Μθθ

1027 419 1117 474 AD
1155 417 1450 476 REGINAS
1492 420 1575 474 DE
1619 416 1845 473 RECTA
1890 416 2044 472 FIDE
2080 415 2341 470 ORATIO
2380 413 2679 469 ALTERA.

3344 416 3481 472 Ηιθ

223 540 315 613 τὴν
347 538 563 607 ἰσότητα
590 537 685 606 τῆς
711 535 886 604 ἀξίας,
913 535 1079 602 ἤγουν
1108 536 1417 597 αῦθεντίας,
1449 534 1797 607 διῃρημένων

1908 531 2070 584 fuisse
2100 533 2455 595 contendunt,
2486 529 2697 584 naturis
2722 527 2938 582 interim
2966 531 3319 601 personisque
3338 534 3470 589 divi-

226 637 325 688 τῶν
353 632 589 701 φύσεων,
641 631 720 689 είς
752 626 844 677 τὸν
888 625 1034 688 τίνος
1070 627 1310 696 ,θάνατον
1358 627 1791 693 ἐϐαπτισθημεν.

227 727 284 779 El
317 725 410 795 μὲν
441 719 533 775 οὖν
571 718 752 780 ίδικῶς
791 718 870 780 εἰς
911 718 1001 770 τὸν
1033 719 1125 771 τοῦ
1166 720 1301 772 Θεοῦ
1330 720 1525 785 Λόγον.
1556 732 1795 785 κατηγο-

230 815 453 885 ρήσομεν
481 806 726 877 ἐναργῶς
750 808 845 874 τῆς
877 809 1155 878 ἀκηράτου
1181 810 1396 877 φύσεως
1432 808 1531 875 τὴν
1564 804 1795 874 φθορὰν,

226 904 313 959 καὶ
354 901 722 970 καθοριοῦμεν
766 900 992 953 θάνατον
1020 902 1118 969 τῆς
1158 901 1299 952 κατὰ
1344 899 1503 967 φύσιν
1537 899 1699 967 ζωῆς.
1734 898 1796 950 Et

224 995 275 1046 δὲ
300 993 359 1061 δὴ
411 993 588 1058 φαῖεν,
641 990 722 1041 ὅτι
766 990 860 1043 τοῦ
902 994 965 1045 ἐκ
1014 991 1272 1059 γυναικδς
1311 991 1415 1055 ἰδίᾳ
1454 1004 1510 1038 τε
1562 988 1654 1039 καὶ
1694 987 1797 1040 ἀνὰ

227 1084 383 1153 μέρος
430 1080 525 1130 καὶ
565 1080 686 1132 καθ’
726 1081 920 1133 ἑαυτὸν
964 1080 1294 1149 νοουμένου,
1329 1078 1446 1138 πῶς
1475 1077 1533 1128 οὐ
1575 1076 1798 1130 κάκεῖνό

222 1185 375 1237 φασιν
403 1166 725 1233 ἀναφανδὸν,
764 1169 848 1220 ὅτι
887 1168 1100 1227 πάντως
1137 1166 1299 1227 αὐτὸς
1333 1168 1417 1233 εἴη
1454 1166 1518 1217 ἂν
1548 1168 1575 1217 ό
1606 1181 1795 1218 συντε-

222 1256 481 1325 ταγμένος
528 1257 605 1326 τῷ
638 1260 811 1327 Πατρὶ
859 1257 952 1309 καί
983 1256 1061 1325 τῷ
1098 1257 1239 1324 ἁγίῳ
1290 1256 1605 1327 Πνεύματι,
1653 1257 1794 1325 τάχα

223 1366 318 1400 που
358 1348 451 1398 καὶ
501 1349 824 1413 ἐξωσθέντος
877 1347 977 1415 τῆς
1010 1346 1243 1417 ἀληθοῦς
1296 1348 1544 1417 υίότητος
1577 1346 1670 1399 τοῦ
1731 1346 1797 1398 ἐκ

222 1438 351 1489 Θεοῦ
377 1439 571 1506 φύντος
600 1440 774 1505 Λόγου
797 1476 810 1501 ,
848 1437 1009 1506 εἴπερ
1036 1437 1152 1489 ἐστὶ
1175 1436 1403 1490 Θανάτου
1433 1438 1701 1499 δεκτικὸς,
1736 1428 1798 1488 οὗ

222 1531 309 1580 καὶ
338 1533 416 1591 εἰς
462 1531 551 1582 τον
585 1530 817 1581 θάνατον
871 1527 1318 1599 βεϐαπτίσμεθα;
1383 1528 1523 1581 Ἀλλ’
1556 1530 1658 1599 ὁρᾷ
1692 1545 1797 1579 που

221 1620 433 1681 πάντως
467 1621 494 1670 ό
527 1618 650 1669 νοῦν
682 1618 822 1685 ἔχων
853 1616 1281 1688 διεγηγερμένον
1313 1617 1410 1687 τὴν
1436 1618 1543 1669 τῶν
1576 1615 1798 1670 ἐννοιῶν

220 1710 461 1762 ἀτοπίαν.
522 1706 729 1758 Οὐκοῦν
778 1707 991 1777 ἀνάγκη
1044 1709 1204 1771 νοεῖν,
1249 1708 1329 1759 ὅτι
1378 1708 1617 1774 γεγονὼς
1672 1706 1797 1760 καθ’

219 1802 361 1869 ἡμᾶς
391 1801 417 1849 ό
449 1797 540 1849 τοῦ
579 1796 713 1847 θεοῦ
750 1798 920 1865 Λόγος
947 1838 960 1859 ,
1006 1800 1172 1867 σαρκὶ
1203 1797 1472 1849 πέπονθεν
1505 1798 1666 1851 ἑκών.
1702 1798 1798 1849 Βε-

1910 621 2015 673 sim
2062 622 2501 693 subsistentibus,
2548 621 2583 676 ii
2634 635 2733 675 nos
2774 620 3025 685 doceant,
3069 623 3120 676 in
3174 623 3479 677 utriusnatn

1902 716 2127 759 mortem
2172 708 2427 774 baptizati
2468 712 2664 767 simus.
2694 707 2827 762 Nam
2864 711 2910 763 si
2943 711 2992 763 in
3022 712 3187 765 divini
3220 712 3401 772 Verbi,
3423 721 3483 766 ιιι

1908 811 2156 850 seorsum
2184 813 2277 866 per
2306 813 2365 852 se
2402 801 2584 857 animo
2614 801 2943 869 concipitur,
2979 814 3205 857 mortem
3238 806 3481 873 baptiza-

1900 894 1983 940 tos
2017 903 2113 941 nos
2150 891 2370 955 dicunt;
2399 891 2792 962 incorruptibili
2823 904 3035 947 natum
3076 896 3481 965 corruptionem

1901 979 2060 1049 plane
2089 982 2411 1045 tribuemus,
2451 994 2504 1035 et
2537 984 2609 1037 illi
2639 989 2729 1051 qui
2761 995 2955 1055 suapte
2999 995 3190 1038 natura
3226 988 3335 1042 vita
3374 998 3479 1052 est,

1903 1076 2132 1122 mortem
2183 1069 2537 1124 ascribemus.
2576 1068 2669 1125 Sin
2698 1084 2877 1126 autem
2922 1088 3020 1127 nos
3051 1072 3104 1125 itt
3151 1072 3291 1127 illius
3325 1090 3485 1127 mor-

1901 1164 2009 1211 tem
2040 1159 2252 1212 ablutos
2289 1158 2691 1227 responderint,
2740 1162 2833 1229 qui
2880 1163 3099 1231 proprie
3142 1175 3386 1215 seorsum
3429 1172 3485 1216 et

1902 1265 1997 1320 per
2057 1266 2115 1305 se
2180 1267 2243 1304 ex
2299 1266 2455 1305 sacra
2506 1249 2726 1321 Virgine
2781 1261 2934 1307 ortus
2985 1244 3355 1323 intelligitur;
3390 1252 3483 1322 qui

1905 1344 2019 1398 ﬁeri
2043 1354 2218 1413 potest
2244 1356 2326 1409 ut,
2361 1344 2506 1398 illum
2540 1345 2762 1399 oumino
2794 1360 2936 1409 esse,
2962 1346 3053 1414 qui
3083 1346 3327 1415 ejusdem
3360 1360 3485 1401 cum

1902 1430 2062 1486 Patre
2109 1442 2164 1486 et
2208 1432 2413 1501 Spiritu
2456 1441 2647 1487 sancto
2704 1434 2913 1487 ordinis
2956 1446 3007 1488 et
3050 1434 3331 1504 dignitatis
3376 1445 3486 1499 est,

1902 1524 2105 1579 diserte
2138 1540 2240 1576 non
2280 1525 2676 1592 proﬁteantur;
2712 1526 2945 1581 fortasse
2990 1527 3154 1580 etiam
3189 1526 3372 1594 genito
3413 1540 3485 1580 ex

1906 1616 2011 1668 Deo
2043 1614 2219 1668 Verbo
2258 1629 2384 1666 vera
2423 1616 2684 1668 tiliatione
2714 1616 2971 1683 spoliato,
3003 1618 3046 1670 si
3091 1617 3282 1670 mortis
3318 1632 3487 1684 capax

1904 1705 1991 1759 ille
2018 1716 2123 1770 est,
2154 1706 2205 1758 in
2253 1703 2409 1772 cujus
2445 1715 2672 1758 mortem
2712 1705 2970 1773 baptizati
2992 1706 3219 1761 sumus?
3246 1709 3313 1760 At
3341 1708 3490 1775 quis,

1903 1811 2107 1864 quaeso,
2132 1799 2217 1849 cui
2256 1798 2417 1849 modo
2450 1812 2602 1849 meus
2627 1798 2824 1864 vigeat.
2861 1800 3204 1854 manifestam
3230 1800 3490 1855 doctrina:

219 1885 562 1954 δαπτίσμεθα
614 1890 723 1955 γάρ
772 1887 944 1948 οὕτως
981 1888 1060 1948 είς
1099 1886 1189 1937 τὸν
1221 1886 1385 1939 αὑτοῦ
1424 1886 1671 1953 θάνατον,
1724 1885 1800 1950 ὡς

1908 1889 2067 1956 hujus
2102 1889 2495 1942 absurditatem
2546 1904 2651 1942 non
2688 1890 3131 1944 animadvertat?
3167 1891 3492 1947 Necessario

219 1981 332 2041 ἐνὸς
371 1980 520 2039 ὄντος
555 1979 721 2043 Υἱοῦ,
759 1979 901 2030 κατὰ
929 1979 1027 2047 μὲν
1061 1979 1159 2053 τῂν
1206 1979 1303 2041 τῆς
1345 1978 1594 2048 θεότητος
1632 1980 1796 2047 φύσιν

219 2070 461 2131 ἀπαθοῦς
486 2110 501 2135 ,
530 2070 775 2139 παθητοῦ
806 2070 861 2122 δὲ
894 2070 1033 2122 κατά
1053 2070 1151 2140 τὴν
1179 2073 1377 2140 σάρκα.
1417 2070 1537 2123 Ὅτι
1565 2071 1619 2122 δὲ
1646 2071 1796 2140 ἡμᾶς

217 2164 295 2222 εἰς
332 2160 625 2229 καινότητα
681 2160 828 2227 ζωῆς
879 2160 1248 2230 μεταπλάττει
1287 2161 1521 2229 Χριστὸς
1568 2159 1657 2213 διὰ
1693 2162 1795 2231 τῆς

216 2252 563 2311 ἀναστάσεως
588 2289 603 2314 ,
637 2248 753 2310 πῶς
787 2248 852 2301 ἂν
881 2249 1172 2302 ἐνδοιάσειέ
1204 2267 1290 2312 τις
1320 2266 1333 2313 ;
1364 2249 1661 2319 παρίστησι
1687 2254 1795 2322 γὰρ

214 2342 363 2408 ἡμᾶς
396 2339 571 2408 ἐαυτῷ
604 2357 663 2391 τε
695 2340 789 2391 καὶ
825 2339 901 2409 τῷ
936 2340 1111 2410 Πατρὶ
1142 2339 1273 2391 ὡσεὶ
1307 2340 1371 2391 ἐκ
1413 2340 1620 2409 νεκρῶν
1663 2341 1787 2404 ζῶν-

214 2450 334 2494 τας,
392 2434 529 2484 καθὰ
579 2432 933 2501 γέγραπται·
971 2454 988 2483 ι
1017 2434 1125 2486 Καὶ
1175 2431 1545 2495 ἀποθανόντας
1597 2432 1695 2503 μὲν
1730 2438 1796 2506 τῇ

213 2526 477 2593 ἁμαρτίᾳ,
510 2524 715 2586 ζῶντας
755 2524 810 2575 δὲ
835 2527 900 2593 τῇ
933 2523 1265 2595 δικαιοσύνῃ.
1313 2543 1331 2573 ι

1906 1982 2088 2050 itaque
2110 1981 2456 2034 statuendum
2507 1990 2593 2034 est
2638 1980 2731 2035 Dei
2761 1982 2990 2035 Verbum
3017 1982 3194 2037 simile
3230 1983 3383 2038 nobis
3412 1984 3491 2039 [ε-

1906 2082 2052 2127 ctum
2080 2086 2203 2127 esse
2256 2083 2595 2141 mortemque
2640 2073 2694 2126 in
2736 2089 2901 2127 carne
2933 2075 3074 2127 ultro
3098 2074 3351 2129 subiisse.
3379 2075 3491 2130 llac

1904 2163 2048 2216 enim
2078 2163 2291 2216 ratione
2326 2162 2379 2215 in
2418 2173 2644 2216 mortem
2674 2162 2819 2217 illius
2850 2164 3106 2232 baptizati
3130 2154 3339 2229 siunus,
3363 2181 3487 2219 cum

1905 2270 2010 2308 non
2051 2254 2152 2307 nisi
2178 2268 2315 2307 unus
2346 2263 2553 2306 tantum
2589 2253 2662 2307 sit
2697 2254 2887 2320 Filius,
2919 2256 3009 2324 qui
3044 2256 3263 2323 quidem
3296 2271 3493 2310 secun-

1903 2344 2029 2398 dum
2057 2345 2358 2398 divinitatis
2389 2355 2638 2397 naturam
2679 2344 2789 2413 pati
2813 2346 2945 2399 nihil
2973 2348 3170 2414 potuit,
3192 2348 3490 2401 secundum

1908 2440 2197 2491 humanam
2250 2445 2433 2490 autem
2500 2437 2694 2503 potuit.
2748 2437 2996 2490 Tandem
3059 2438 3204 2505 quod
3240 2436 3493 2491 Christus

1908 2545 2005 2597 per
2028 2529 2488 2582 resurrectionem
2524 2528 2575 2579 in
2610 2528 2736 2581 vitae
2774 2529 3071 2581 novitatem
3103 2542 3203 2581 nos
3228 2527 3492 2582 transfor-

214 2628 349 2675 met,
386 2617 433 2667 id
470 2617 518 2665 in
550 2616 909 2681 quaestionem
947 2630 1052 2667 non
1090 2618 1255 2668 cadit.
1305 2617 1459 2671 Sistit
1504 2617 1652 2670 enim
1696 2632 1793 2669 nos
1824 2618 1989 2670 veluti
2031 2633 2095 2671 cx
2134 2617 2361 2670 mortuis
2394 2618 2638 2671 viventes
2687 2630 2743 2671 et
2778 2619 2879 2671 sibi
2914 2629 2968 2671 et
3004 2618 3174 2675 Patri.
3216 2617 3494 2687 Scriptum

213 2713 300 2757 est
331 2718 561 2767 namque
610 2718 622 2752 :

286 2797 414 2851 NI".
456 2816 475 2848 ι
528 2798 589 2851 Εἰ
626 2797 683 2849 δὲ
723 2797 784 2849 τὸ
826 2797 1050 2867 Πνεῦμα
1079 2797 1171 2849 τοῦ
1218 2798 1532 2868 ἐγείραντος
1589 2797 1797 2866 Ἰησοῦν

208 2890 452 2961 Χριστὸν
489 2890 628 2941 οἰκεῖ
657 2890 714 2940 ἐν
739 2889 893 2957 ἡμῖν,
928 2889 957 2937 ό
996 2887 1215 2956 ἐγείρας
1246 2891 1311 2939 ἐκ
1343 2885 1553 2956 νεκρῶν
1593 2885 1802 2955 Ἰησοῦν

209 2980 452 3049 Χριστόν
488 2978 813 3046 ζωοποιήσει
848 2979 939 3029 καὶ
970 2979 1037 3029 τὰ
1068 2978 1238 3046 θνητὰ
1265 2977 1492 3045 σώματα
1524 2977 1681 3046 ἡμῶν
1715 2976 1804 3027 διὰ

205 3073 311 3125 τοῦ
351 3070 684 3131 ἐνοικοῦντος
729 3068 893 3119 αὑτοῦ
926 3068 1240 3137 Πνεῦματος
1284 3070 1340 3119 ὲν
1371 3069 1502 3137 ἡμῖν
1528 3068 1575 3121 ιι.
1620 3091 1636 3118 ι
1682 3066 1805 3138 Ζωὴ

212 3166 324 3234 μέν
357 3165 472 3214 ἐστι
520 3162 659 3214 κατὰ
702 3159 862 3228 φύσιν
895 3161 924 3210 ὁ
968 3161 1262 3228 μονογενὴς
1298 3158 1394 3210 τοῦ
1423 3158 1559 3211 Θεοῦ
1600 3158 1801 3226 Λόγος·

686 2721 704 2753 ι
731 2702 924 2756 Mortui
952 2702 1168 2769 quidem
1212 2713 1453 2771 peccato,
1518 2704 1762 2757 viventes
1807 2712 1986 2757 autem
2008 2702 2235 2769 justitiz
2257 2703 2324 2759 ³⁸.
2365 2721 2384 2754 ι

1979 2789 2115 2850 Llll.
2146 2815 2165 2847 ι
2189 2798 2341 2863 Quod
2368 2796 2413 2849 si
2449 2796 2683 2862 Spiritus
2712 2810 2830 2868 ejus
2864 2797 2954 2866 qni
2991 2796 3271 2850 suscitavit
3305 2796 3490 2852 Jesum

1908 2886 2181 2941 Christum
2217 2903 2244 2938 a
2281 2888 2527 2949 mortuis,
2568 2888 2775 2940 habitat
2813 2888 2865 2939 in
2913 2887 3087 2949 vobis,
3124 2889 3212 2955 qui
3251 2889 3491 2941 suscita-

1909 2979 1984 3032 vit
2014 2980 2197 3033 Jesum
2227 2977 2502 3031 Christum
2536 2994 2564 3030 a
2621 2977 2872 3041 mortuis,
2904 2977 3197 3031 viviﬁcahit
3241 2979 3494 3033 mortalia

1909 3086 2136 3140 corpora
2173 3082 2352 3123 vestra
2396 3086 2490 3138 per
2538 3069 2934 3123 inhabitantem
2971 3069 3237 3137 Spiritum
3267 3071 3386 3136 ejus
3440 3074 3494 3125 in

1909 3161 2147 3218 vobis“.
2185 3181 2203 3213 ›
2239 3159 2351 3215 Etsi
2398 3160 2738 3229 unigenitum
2782 3162 2872 3215 Dei
2909 3159 3143 3214 Verbum
3193 3164 3493 3216 secundum

208 3255 406 3323 ἐπειδὴ
426 3255 482 3308 δὲ
514 3253 592 3323 τῷ
624 3252 838 3321 θανάτῳ
877 3253 1104 3321 κάτοχον
1134 3251 1450 3322 ἠμπέσχετο
1481 3251 1639 3321 σῶμα
1663 3290 1678 3314 ,
1713 3252 1809 3303 καὶ

1912 3264 2161 3309 naturam
2187 3254 2293 3306 vita
2321 3263 2436 3306 est:
2466 3260 2703 3305 attamen
2733 3254 2875 3319 quod
2907 3266 3109 3321 corpus
3138 3253 3296 3306 morti
3319 3254 3493 3306 obno-

208 3348 404 3416 χάριτι
433 3344 533 3415 μὲν
580 3343 717 3395 Θεοῦ
754 3344 841 3395 διὰ
884 3342 985 3411 τῆς
1022 3343 1157 3407 ἰδίας
1190 3344 1390 3413 σαρκὸς
1437 3344 1577 3412 ὑπὲρ
1606 3342 1807 3404 παντὸς

208 3437 485 3503 ἐγεύσατο
514 3437 768 3499 θανάτου,
790 3435 987 3497 θεῖκῶς
1024 3452 1086 3503 γε
1118 3435 1223 3505 μὴν
1256 3434 1481 3495 ἀνεϐίω,
1522 3454 1538 3485 ι
1574 3433 1697 3487 καθ’
1723 3434 1805 3485 ὃτι

206 3530 320 3582 οὐκ
349 3525 413 3598 ἦν
442 3527 666 3580 δυνατὸν
694 3526 1013 3597 κρατεῖσθαι
1038 3526 1199 3579 αὐτὸν
1233 3526 1323 3576 ὑπ’
1350 3522 1513 3576 αὑτοῦ
1548 3522 1588 3576 ι.
1619 3548 1635 3574 ι
1660 3523 1807 3576 Ταύ-

206 3638 287 3693 τῃ
315 3638 417 3685 τοι,
445 3620 657 3688 κατάγε
681 3621 805 3682 τοὺς
836 3619 1038 3691 ἀρτίως
1056 3618 1190 3688 ἡμῖν
1209 3617 1571 3679 άποδοθέντας
1585 3612 1773 3684 λόγους
1790 3658 1804 3680 ,

206 3714 523 3782 ἐγηγέρθαι
565 3712 784 3780 λέγεται
808 3712 962 3780 παρὰ
986 3709 1079 3763 τοῦ
1105 3710 1339 3781 Πατρός.
1370 3709 1514 3780 Πλὴν
1542 3711 1715 3762 ἐκεῖνο
1743 3706 1808 3779 δὴ

206 3802 386 3856 πάλιν
444 3802 579 3871 φέρε
600 3800 701 3870 δὴ,
740 3799 873 3869 φέρε
905 3799 1357 3868 καταθρήσωμεν,
1385 3801 1433 3852 εί
1462 3799 1627 3851 δοκεῖ·
1661 3800 1803 3850 Ζωο-

205 3894 470 3962 ποιήσειν
492 3891 595 3961 ἔφη
621 3892 712 3943 τὸν
736 3890 953 3959 Πατέρα
976 3890 1068 3943 καὶ
1086 3890 1153 3941 τὰ
1178 3890 1334 3959 ἡμῶν
1358 3890 1586 3961 σώματα
1606 3889 1691 3941 διὰ
1712 3887 1805 3941 τοῦ

204 3980 541 4049 Πνεῦματος
570 3980 736 4033 αὐτοῦ
759 3978 1100 4041 ἐνοικοῦντος
1125 3980 1183 4029 ἐν
1212 3982 1363 4048 ἡμῖν·
1388 3981 1482 4031 καὶ
1511 3981 1709 4051 ἀληθὲς
1725 3981 1807 4032 ὅτι

203 4073 277 4125 τὸ
299 4071 491 4143 χρῆμά
509 4074 676 4135 ἐστιν,
695 4072 794 4122 οὑκ
819 4072 884 4123 ἂν
909 4070 1198 4122 ἐνδοιάσειέ
1227 4087 1328 4130 τις·
1366 4071 1481 4123 ἀλλ’
1508 4065 1638 4122 αὐτὸ
1662 4070 1725 4140 δὴ
1748 4070 1808 4121 τὸ

203 4162 449 4232 Πνεῦμα
464 4162 525 4213 τὸ
542 4160 863 4224 ζωοποιοῦν,
887 4161 980 4212 καὶ
996 4159 1158 4211 αὑτοῦ
1176 4158 1400 4229 Πνεῦμά
1416 4162 1531 4213 ἐστι
1546 4159 1803 4230 Χριστοῦ·

201 4253 531 4323 γέγραπται
563 4248 693 4322 γὰρ,
732 4252 814 4304 ἔτι
844 4270 863 4301 ι
887 4252 1075 4321 Ὑμεῖς
1109 4252 1206 4321 μὲν
1240 4253 1340 4303 οὐκ
1369 4251 1493 4303 ἐστέ
1524 4253 1579 4304 ἐν
1611 4251 1807 4321 σαρκὶ,

200 4342 341 4395 ἀλλ’
373 4340 429 4393 ἐν
465 4340 759 4411 πνεύματι,
800 4336 961 4409 εἴπερ
990 4336 1213 4410 Πνεῦμα
1240 4340 1371 4393 Θεοῦ
1400 4340 1540 4392 οίκεῖ
1572 4341 1630 4392 ἐν
1658 4341 1804 4411 ὑμῖν.

202 4432 280 4486 Εί
318 4432 378 4485 δέ
405 4450 487 4495 τις
511 4432 735 4503 Πνεῦμα
765 4428 1001 4502 Χριστοῦ
1028 4432 1126 4483 οὐκ
1160 4431 1294 4501 ἔχει,
1328 4424 1485 4494 οὗτος
1520 4432 1619 4484 οὐκ
1661 4432 1807 4484 ἐστιν

199 4525 413 4581 αὐτοῦ.
460 4546 478 4578 ι
532 4527 640 4578 Καὶ
686 4525 849 4579 πάλιν
896 4523 1024 4593 περὶ
1080 4523 1187 4576 τῶν
1242 4524 1412 4592 ἁγίων
1468 4523 1802 4577 ἀποστόλων

1914 3342 2064 3397 xium
2099 3342 2355 3406 induerit,
2404 3338 2563 3413 174
2604 3341 2776 3409 gratia
2823 3337 2912 3395 Dei
2942 3357 3037 3410 per
3070 3343 3343 3411 propriam
3375 3357 3495 3395 car-

1910 3448 2030 3487 nem
2058 3448 2155 3502 pro
2179 3433 2429 3487 omnibus
2451 3434 2687 3502 gustavit
2718 3443 2949 3487 mortem
2973 3427 3019 3465 "’
3046 3449 3061 3498 ;
3094 3446 3278 3486 verum
3310 3433 3494 3487 divina

1910 3526 2113 3578 virtute
2145 3526 2211 3578 ad
2243 3526 2407 3577 vitam
2442 3518 2621 3591 rediit,
2657 3543 2675 3575 ι
2705 3535 2977 3591 quatenus
3008 3524 3344 3594 impossibile
3374 3537 3496 3581 erat

1910 3630 1939 3667 a
1971 3625 2145 3669 morte
2177 3614 2324 3669 illum
2364 3614 2616 3670 teneri“.
2651 3634 2669 3667 ι
2701 3614 2783 3669 0b
2817 3616 2913 3670 has
2959 3616 3145 3684 itaque
3188 3616 3429 3671 rationes
3460 3635 3493 3672 a

1908 3706 2069 3760 Patre
2103 3721 2133 3760 e
2165 3707 2391 3761 mortuis
2430 3712 2797 3761 exsuscitatus
2823 3707 3049 3761 dicitur.
3100 3705 3219 3761 Iam
3248 3724 3375 3763 vero
3400 3725 3495 3764 ac-

1910 3807 2115 3861 curate,
2159 3797 2202 3849 si
2238 3794 2472 3863 videtur,
2524 3799 2920 3866 expendamus,
2964 3798 3239 3866 quomodo
3273 3797 3492 3853 Patrem

1911 3888 2162 3942 mortalia
2186 3904 2403 3958 quoque
2440 3900 2624 3944 nOSIra
2649 3904 2879 3958 corpora
2918 3905 3014 3958 per
3037 3888 3302 3957 Spiritum
3335 3906 3493 3943 suum

1909 3981 1999 4048 qui
2035 3981 2246 4033 habitat
2292 3980 2343 4033 itt
2380 3980 2557 4045 nobis,
2588 3978 2991 4035 viviﬁcaturum
3026 3981 3301 4050 pradicet.
3345 3979 3491 4035 Vivi-

1913 4069 2093 4123 ticabit
2128 4073 2332 4138 itaque,
2366 4086 2540 4139 neque
2575 4071 2641 4126 de
2675 4072 2836 4139 hujus
2866 4074 2940 4127 rei
2968 4073 3199 4130 Veritate
3244 4071 3495 4128 dubitare

1911 4163 2036 4217 licet
2078 4181 2089 4215 :
2149 4173 2525 4216 verumtamen
2569 4163 2708 4217 idem
2760 4164 2851 4218 ille
2909 4160 3170 4219 viviﬂcus.
3218 4162 3492 4233 Spiritus,

1910 4248 2111 4303 Christi
2150 4264 2369 4318 quoque
2408 4250 2654 4321 Spiritus
2684 4260 2788 4305 est.
2844 4247 3121 4321 Scriptum
3172 4261 3259 4308 est
3306 4255 3493 4309 enim:

1915 4359 1934 4391 ι
1971 4342 2079 4396 Vos
2116 4358 2218 4396 non
2252 4343 2387 4397 estis
2418 4343 2469 4396 in
2496 4359 2685 4408 carne,
2718 4347 2813 4399 sed
2867 4345 2922 4399 in
2971 4346 3202 4413 spiritu;
3234 4348 3278 4400 si
3313 4358 3495 4403 tamen

1911 4431 2148 4502 Spiritus
2174 4435 2263 4487 Dei
2299 4435 2513 4488 habitat
2543 4436 2595 4488 in
2635 4436 2807 4489 vobis.
2848 4437 2903 4489 Si
2941 4436 3066 4504 quis
3108 4449 3287 4490 autem
3321 4439 3497 4506 Spiri-

1911 4536 2020 4577 tum
2067 4524 2269 4580 Christi
2324 4543 2429 4579 non
2493 4526 2674 4587 habet,
2711 4528 2798 4580 hic
2832 4545 2939 4580 non
2975 4538 3055 4582 est
3112 4529 3229 4597 ejus
3249 4526 3312 4583 ³³⁵.
3356 4550 3374 4581 ι
3431 4532 3492 4584 Et

207 4640 233 4669 ι
289 4618 567 4680 Ἐλθόντες
596 4614 650 4670 δὲ
684 4613 823 4669 κατὰ
851 4618 951 4689 τὴν
987 4617 1219 4679 Μυσίαν,
1262 4616 1550 4686 ἐπείραζον
1584 4618 1663 4677 εἰς
1706 4620 1806 4684 τὴν

1914 4632 2126 4670 rursum
2166 4620 2229 4670 de
2284 4618 2489 4670 sanetis
2537 4619 2797 4687 aposmlis
2852 4620 2923 4673 ita
2984 4621 3260 4674 scribitur.
3308 4641 3324 4671 ι
3354 4620 3489 4675 Cum

201 4710 477 4763 Β.θυνίαν
530 4710 901 4779 πορευθῆναι,
953 4709 1048 4761 καὶ
1102 4710 1201 4759 οὐκ
1255 4710 1437 4760 εἴασεν
1491 4707 1686 4769 αὐτοὺς
1740 4706 1799 4756 τὸ

199 4800 449 4869 Πνεῦμα
500 4795 593 4851 τοῦ
656 4798 851 4867 Ἰησοῦ.
912 4818 928 4849 ›
991 4799 1122 4850 ’Ότε
1172 4800 1352 4850 τοίνυν
1407 4799 1537 4850 ἴδιόν
1588 4799 1703 4849 ἐστι
1742 4796 1803 4848 τὸ

197 4893 447 4962 Πνεῦμα
475 4893 568 4945 καὶ
594 4889 756 4943 αὑτοῦ
780 4890 873 4944 τοῦ
906 4892 1305 4961 ἐγηγερμένου,
1337 4892 1516 4943 καίτοι
1546 4890 1637 4943 τοῦ
1666 4890 1798 4942 Θεοῦ

195 4986 313 5039 καὶ
360 4980 570 5052 Πατρὸς
608 4981 999 5047 ζωοποιοῦντος
1048 4984 1196 5051 ἡμᾶς
1244 4984 1301 5034 ἐν
1334 4978 1644 5051 Πνεῦματι,
1684 4982 1801 5044 πῶς

195 5060 368 5129 ἐσ’τιν
407 5072 798 5145 ἀμφιϐάλλειν,
834 5076 914 5127 ὅτι
958 5076 1273 5145 πέπρακται
1310 5076 1406 5145 μὲν
1453 5076 1581 5144 περὶ
1614 5074 1674 5126 τὸ
1703 5076 1797 5127 άν-

197 5169 493 5239 Θρώπινον
533 5166 565 5237 ἡ
597 5166 911 5228 ἀνάστασις,
943 5168 1217 5239 ἐνήργηκε
1257 5169 1312 5220 δὲ
1343 5167 1402 5219 τὸ
1438 5167 1623 5236 χρῆμα
1661 5166 1799 5235 μετὰ

193 5262 310 5315 τοῦ
337 5258 466 5313 ἰδίου
495 5258 707 5330 Πατρδς
730 5259 757 5311 ὁ
784 5258 843 5325 ἐξ
881 5260 1046 5313 αὑτοῦ
1072 5259 1212 5313 κατὰ
1243 5260 1402 5328 φύσιν
1426 5259 1557 5322 Θεὸς
1590 5260 1763 5327 Λόγος
1783 5295 1799 5321 ,

191 5348 272 5410 οὗ
306 5356 403 5407 καὶ
430 5349 559 5406 ἴδιόν
592 5356 707 5406 ἐστι
736 5354 795 5405 τὸ
828 5346 1049 5422 Πνεῦμα
1080 5353 1140 5406 τὸ
1166 5349 1460 5417 ζωοποιοῦν
1486 5369 1500 5417 ;

286 5578 339 5610 ³⁸
366 5578 517 5629 Rom.
549 5591 624 5640 vr,
657 5574 743 5628 1'5.
842 5573 886 5603 ³⁸
909 5572 1063 5631 Rom.
1098 5586 1211 5634 vm,
1243 5571 1326 5624 ll.

1407 5570 1448 5599 ³⁷
1489 5568 1649 5621 llebr.
1694 5583 1752 5629 tt,
1792 5567 1850 5621 19

1906 4708 2188 4758 venissent
2220 4715 2397 4760 autem
2444 4708 2495 4759 in
2525 4703 2774 4776 Mysiam,
2804 4711 3085 4760 tentabant
3119 4709 3195 4759 ire
3218 4708 3269 4759 in
3305 4705 3493 4776 Bithy-

1911 4798 2091 4861 niam;
2128 4805 2180 4849 et
2216 4810 2317 4848 non
2357 4797 2606 4864 permisit
2636 4811 2731 4849 eos
2760 4796 3000 4863 Spiritus
3030 4796 3159 4851 Jesu
3180 4796 3250 4850 ‘°.
3296 4815 3315 4847 ›
3352 4795 3493 4851 Cum

1911 4887 2147 4956 Spiritus
2169 4902 2295 4957 ergo
2320 4888 2489 4954 ipsius
2518 4898 2739 4969 «pioque
2769 4887 3084 4941 exsuscitati
3115 4887 3368 4957 pr0prius
3396 4888 3485 4947 sit.

1907 4977 2257 5046 quantumvis
2310 4977 2451 5030 Deus
2496 4976 2658 5029 Pater
2701 4979 2753 5031 in
2797 4975 3007 5045 Spiritu
3069 4994 3168 5033 nos
3211 4977 3489 5032 viviﬁcare

1907 5068 2147 5131 dicatur;
2176 5067 2295 5133 quis
2328 5066 2571 5133 ambigat
2624 5070 3082 5121 resurrectionem
3112 5068 3162 5120 in
3192 5068 3488 5121 humanam

1906 5170 2151 5211 naturam
2188 5157 2252 5207 ad
2302 5172 2424 5210 eum
2465 5158 2677 5210 modum
2729 5158 3013 5221 cecidisse,
3054 5166 3113 5210 ut
3148 5172 3267 5209 eam
3308 5167 3486 5209 tamen

1906 5249 2047 5301 Deus
2085 5247 2323 5300 Verbum
2371 5263 2483 5301 una
2525 5264 2645 5302 cum
2687 5250 2975 5316 Patrehcx
3019 5264 3129 5317 quo
3166 5248 3486 5302 naturaliter

1903 5340 2168 5409 procedit.
2195 5338 2459 5400 ellecerit,
2496 5339 2650 5405 cujus
2679 5340 2926 5394 viviticus
2955 5340 3043 5395 ille
3083 5340 3320 5409 Spiritus
3361 5356 3485 5409 pro-

1905 5430 2053 5497 prius
2089 5442 2303 5496 quoque
2344 5428 2597 5483 exsistit?

1955 5566 1998 5595 ³⁸
2026 5566 2144 5617 Act.
2183 5579 2240 5624 II,
2271 5561 2359 5616 24.
2471 5564 2515 5594 ³⁹
2542 5564 2698 5617 Rotn.
2738 5580 2857 5629 vni,
2884 5564 2937 5617 9.
3052 5564 3097 5594 ‘°
3127 5565 3244 5619 Act.
3270 5576 3361 5617 XVI
3426 5562 3481 5619 7.

1322 5684 1496 5740 Variae
1520 5683 1780 5739 lectiones
1808 5678 2008 5735 codicis
2042 5676 2399 5747 Seguieriani.

286 5804 321 5846 κ
361 5805 505 5874 ὑμῖν.
587 5800 602 5839 ι
638 5802 743 5854 ὑπὸ
768 5800 860 5853 τοῦ
888 5798 1139 5854 θανάτου.
