4042 6458
595 343 732 401 NH

1585 338 1643 395 S.
1686 336 1959 392 CYRlLLI
1993 331 2469 401 ΑιΕΧΑΝῡῐιιΝι
2511 329 2832 385 ARCHIEP.

3763 320 3889 375 ιιιε

665 471 801 528 LIV.
834 490 851 523 ι
882 470 963 523 Au
994 467 1424 538 experimentum
1452 469 1691 536 quaeritis
1721 467 1859 535 ejus,
1879 470 1968 537 qui
2004 469 2054 520 in
2086 482 2169 520 me

2342 466 2466 519 NA'.
2511 486 2528 517 ι
2570 466 2632 517 Ei
2664 464 2719 517 δὲ
2764 460 2994 532 δοκιμὴν
3033 463 3249 529 ζητεῖτε
3278 458 3372 511 τοῦ
3424 458 3485 508 ἐν
3523 457 3665 525 ἐμοὶ
3714 468 3757 495 ιιι
3798 430 3891 507 ἀλα-

595 567 834 635 loquitur
860 562 1147 616 Christus:
1177 563 1269 630 qui
1299 563 1353 616 in
1390 561 1543 615 nobis
1581 574 1686 612 non
1716 560 2045 625 iniirtttntm',
2079 562 2172 613 sed

593 664 785 724 potens
806 662 886 705 est
919 652 973 704 in
1009 652 1209 707 vobis?
1240 652 1374 706 Nam
1406 650 1507 705 etsi
1539 648 1834 703 crucifixus
1868 658 1952 703 est
1983 666 2048 702 ex
2086 650 2171 703 in-

598 745 872 805 ﬁrmitate.
891 742 988 797 sed
1008 743 1142 797 vivit
1166 758 1231 797 ex
1256 742 1457 794 virtute
1485 739 1745 794 Dei.Nam
1774 746 1827 791 et
1852 752 1950 791 nos
1971 739 2169 790 intirini

595 849 781 891 smnus
809 833 861 887 in
906 834 1039 887 illo:
1071 838 1163 889 sed
1191 835 1435 887 vivemus
1469 846 1587 883 enm
1627 844 1693 884 eo
1736 844 1800 882 ex
1837 829 2037 880 virtute
2080 828 2170 881 Dei

596 927 649 980 in
672 924 824 979 vobis
848 924 915 977 “.
940 942 958 976 ι
981 922 1233 979 Nonnulli
1265 936 1453 977 eorum
1481 922 1571 990 qui
1611 921 1977 981 crediderunt,
2004 916 2173 969 offen-

594 1016 802 1072 sionem
830 1017 897 1071 de
939 1015 1169 1069 Domino
1198 1022 1387 1069 nostro
1415 1013 1542 1068 Jesn
1574 1014 1795 1068 Christo
1819 1026 1883 1063 ex
1914 1024 2173 1077 quorum-

594 1108 720 1160 dam
774 1107 1119 1161 sermonibus
1163 1106 1341 1173 passi,
1389 1106 1442 1159 in
1496 1106 1760 1175 ejusmodi
1815 1102 2173 1169 cogitationes

595 1199 902 1267 praecipites
927 1198 1175 1251 abierant
1205 1215 1219 1250 :
1260 1197 1315 1251 Si
1352 1213 1512 1251 verus
1538 1196 1681 1251 Deus
1715 1206 1853 1254 erat,
1885 1190 2175 1245 naturalis-

595 1302 700 1355 que
721 1288 1105 1357 omnipotentis
1126 1286 1216 1342 Dei
1240 1285 1939 1351 Filius,curhomicidarum
1982 1295 2174 1338 manus

598 1395 706 1433 non
738 1379 964 1449 eﬂ‘ugit?
997 1396 1118 1434 nam
1154 1380 1630 1448 probrosissimam
1660 1379 1711 1430 in
1741 1391 1901 1430 cruce
1945 1384 2172 1428 mortem

596 1470 940 1537 perferendo,
981 1470 1210 1535 intelligi
1268 1486 1372 1523 non
1424 1478 1618 1539 potest,
1645 1468 1916 1536 quomodo
1938 1476 1991 1519 et
2036 1465 2175 1518 Deus

595 1562 890 1624 exstiterit,
923 1571 979 1616 et
1007 1560 1442 1631 cruciﬁgentimn
1476 1571 1654 1611 tamen
1689 1556 1940 1611 manibus
1994 1572 2175 1611 cesse-

593 1652 683 1716 rit,
716 1652 1029 1719 nostrisque
1070 1650 1483 1703 inﬁrmitatibus
1530 1647 1826 1700 obstrictus
1879 1647 2061 1700 fuerit.
2095 1646 2172 1700 Ad

596 1740 900 1813 huiusmodi
945 1754 1124 1798 autem
1181 1744 1545 1811 cogitationes
1594 1743 1785 1810 beatus
1846 1742 2046 1795 Paulus
2102 1743 2170 1793 ita

2274 561 2493 623 λοῦντος
2537 554 2813 628 Χριστοῦ,
2863 554 2922 615 ὃς
2968 555 3049 616 εἰς
3095 555 3244 621 ἡμᾶς
3291 552 3394 605 οὐκ
3438 548 3721 608 ἀσθενεῖ,
3759 548 3889 600 ἄλλά

2272 652 2485 705 δυνατεῖ
2510 662 2535 689 ιι
2564 653 2620 703 ἐν
2652 651 2800 719 ἡμῖν.
2846 646 2954 698 Καὶ
2988 646 3097 714 γὰρ
3160 648 3208 698 εἰ
3246 642 3578 712 ἐσταυρώθη
3624 642 3689 704 ἐξ
3729 640 3890 693 ἀσθε-

2275 745 2457 809 νείας,
2496 744 2630 796 ἀλλὰ
2663 742 2728 810 ζῇ
2775 739 2839 790 ὲκ
2881 737 3165 805 δυνάμεως
3207 735 3367 790 Θεοῦ.
3403 736 3519 788 Καὶ
3571 734 3692 803 γὰρ
3732 734 3888 800 ἡμεῖς

2273 834 2608 903 ἀσθενοῦμεν
2647 834 2703 884 ὲν
2749 827 2935 898 αὐτῷ,
2987 826 3124 879 ἀλλά
3171 825 3415 897 ζήσομεν
3458 824 3563 877 σὺν
3617 820 3777 889 αὐτῷ
3829 822 3890 872 ὲκ

2272 924 2557 994 δυνάμεως
2601 923 2735 977 Θεοῦ
2788 923 2868 984 εἰς
2907 919 3071 989 ὑμᾶς.
3108 936 3135 968 .›
3188 916 3691 979 Ἐσκανδαλίζοντό
3743 928 3888 974 τινες

2272 1016 2382 1066 τῶν
2437 1014 2879 1075 πεπιστευκότων
2910 1010 2990 1073 εἰς
3045 1009 3138 1061 τὸν
3194 1008 3403 1078 Κύριον
3460 1009 3630 1079 ἡμῶν
3673 1003 3888 1074 Ἰησοῦν

2272 1105 2362 1158 τὸν
2388 1106 2641 1174 Χριστὸν,
2674 1108 2814 1176 τάχα
2857 1122 2956 1157 που
2984 1101 3160 1169 λόγοις
3188 1102 3301 1162 τοῖς
3335 1102 3491 1171 παρά
3516 1116 3691 1154 τινων
3728 1101 3889 1151 ἐπεν-

2273 1197 2591 1266 ηνεγμένοις
2616 1207 2638 1228 °
2694 1198 2829 1268 πρὸς
2901 1194 3109 1256 ἑννοίας
3148 1192 3445 1255 τοιαύτας⁸
3475 1208 3487 1220 ’
3512 1193 3583 1244 Εἰ
3631 1191 3775 1253 Θεὸς
3823 1185 3889 1257 ἦν

2273 1287 2521 1357 ἀληθῶς,
2564 1290 2658 1340 καὶ¹
2689 1288 2817 1351 Υἱὸς
2863 1286 3004 1340 κατά
3037 1288 3198 1350 φύσιν
3240 1282 3337 1335 τοῦ
3369 1286 3554 1336 πάντα
3600 1283 3891 1353 ἰσχύοντος

2274 1380 2440 1443 Θεοῦ,
2475 1379 2594 1443 πῶς
2627 1381 2689 1432 ού
2722 1381 2907 1450 διέδρα
2935 1380 3035 1442 τὰς
3066 1375 3177 1430 τῶν
3215 1374 3507 1442 φονώντων
3541 1373 3885 1435 ὲπιϐουλάς;

2274 1471 2390 1534 πῶς
2440 1469 2495 1522 δὲ
2524 1471 2619 1523 καὶ
2651 1472 2955 1539 ἀτιμότατα
2974 1482 3000 1521 P
3026 1470 3119 1522 τὸν
3150 1467 3245 1521 ἐπὶ
3275 1464 3435 1530 ξύλου
3471 1466 3721 1520 θάνατον
3752 1468 3886 1518 ἀνα·

2273 1566 2402 1625 τλὰς
2427 1606 2441 1628 ,
2473 1564 2573 1616 οὐκ
2628 1563 2693 1616 ἂν
2734 1566 2928 1616 νοοῖτο⁸
2957 1562 3051 1614 καὶ
3107 1550 3253 1629 μάλα
3308 1558 3539 1622 εἰκότως
3574 1558 3889 1624 ἀσθενῆσαι

2274 1656 2395 1711 καθ’
2433 1656 2581 1723 ἡμᾶς
2602 1696 2616 1717 ,
2639 1654 2735 1706 καὶ
2762 1653 2863 1722 τῆς
2893 1653 3003 1705 τῶν
3037 1649 3418 1713 σταυροῦντων
3454 1652 3742 1719 ἡττῆσθαι
3771 1667 3885 1719 χει-

2279 1750 2390 1820 ρὸςς
2415 1747 2559 1817 Πρὸς
2582 1745 2733 1815 δὴτά
2760 1746 2939 1798 τοιάδε
2972 1744 3135 1813 φησιν
3168 1745 3196 1794 ὀ
3229 1740 3521 1803 θεσπέσιος
3549 1743 3798 1805 Παῦλος·
3829 1742 3887 1792 li!

592 1840 917 1905 respondet:
950 1834 1006 1890 Si
1045 1834 1329 1889 volueritis
1366 1835 1503 1903 apud
1531 1835 1742 1888 animos
1788 1844 2002 1887 vestros
2032 1833 2171 1887 serio

2278 1840 2384 1911 γὰρ
2409 1838 2473 1910 δὴ
2502 1835 2778 1907 βούλοισθε
2820 1836 3136 1907 δοκιμάζειν
3171 1832 3349 1902 ὀρθῶς
3372 1874 3387 1895 ,
3425 1833 3509 1895 τίς
3536 1834 3609 1885 ἂν
3648 1836 3767 1902 εἴη,
3797 1834 3888 1885 καὶ

593 1930 967 1994 considerare,
991 1928 1307 1995 qnisnamet
1330 1928 1506 1994 qualis
1526 1926 1708 1994 sitqui
1729 1928 1781 1980 in
1810 1941 1894 1979 me
1915 1925 2173 1993 loquitur,

591 2036 655 2075 ea
682 2020 871 2075 sedulo
906 2027 1247 2089 reputantes,
1265 2032 1388 2085 qua:
1413 2018 1480 2071 ad
1505 2032 1603 2071 nos
1635 2026 1902 2087 spectant,
1927 2016 2173 2069 idoneam

593 2127 715 2165 mox
768 2113 894 2165 nodi
942 2111 1103 2180 hujus
1139 2109 1460 2163 solutionem
1510 2110 1810 2179 reperietis.
1863 2108 1978 2163 Non
2029 2108 2172 2161 enim

592 2205 842 2257 intirmus
862 2202 968 2257 fuit
996 2204 1048 2257 in
1069 2204 1246 2266 nobis,
1284 2202 1442 2273 175
1470 2205 1563 2256 sed
1594 2218 1691 2272 per
1721 2201 1979 2270 Spiritum
2015 2213 2172 2253 suum

592 2305 999 2364 praepotentem,
1053 2294 1309 2349 virtutem
1362 2294 1847 2362 etiicacitatemque
1892 2298 2171 2363 ostendit;

594 2388 751 2441 talem
796 2388 1077 2452 nimirum,
1103 2397 1159 2442 ut
1189 2389 1325 2442 citra
1358 2402 1570 2441 omnem
1608 2385 1980 2443 diﬂicultatem
2006 2388 2174 2459 quos-

590 2484 673 2537 vis
735 2483 1062 2537 irruentium
1126 2480 1485 2534 tentationmn
1543 2479 1774 2546 impetus
1831 2482 2170 2548 prepulsare,

590 2574 914 2643 cunctisque
960 2572 1316 2626 afﬂictionmn
1366 2569 1659 2625 insultibus
1720 2568 1968 2623 animose
2020 2572 2170 2626 obsi-

591 2678 735 2721 stere
779 2664 958 2719 liceat.
986 2663 1126 2730 Quid
1160 2663 1334 2733 ergo?
1373 2662 1516 2717 dicet
1542 2662 1763 2730 aliquis,
1794 2677 1827 2715 ο
1857 2662 2046 2729 Paule,
2102 2680 2169 2719 an

590 2773 698 2813 non
757 2757 1097 2811 infirmitatis
1141 2755 1400 2809 indicium
1449 2754 1551 2807 fuit
1604 2769 1821 2809 crucem
1862 2756 2174 2811 sustinere?

590 2850 741 2903 Itane
768 2863 899 2903 vero
926 2863 989 2902 ea
1025 2863 1111 2902 res
1156 2848 1374 2902 virtutis
1404 2848 1783 2916 argumentum
1814 2849 2069 2903 exstitit?
2103 2864 2170 2903 an

590 2940 823 2995 divinis?
873 2939 1090 2995 Minime
1140 2941 1405 3008 gentium,
1461 2938 1656 3007 inquit.
1719 2940 1973 3008 Agnosco
2026 2940 2169 2994 enim

592 3031 739 3087 illum
783 3046 951 3086 carne
989 3031 1320 3085 inﬁrmatam
1358 3045 1499 3095 esse,
1546 3046 1734 3086 rursus
1768 3040 1948 3086 autem
1988 3033 2169 3086 divina

590 3123 796 3177 virtute
826 3120 1125 3175 revixisse:
1164 3133 1287 3172 nam
1329 3120 1470 3175 Deus
1509 3131 1702 3175 natura
1749 3130 1890 3176 erat.
1935 3120 2045 3175 Cur
2075 3123 2171 3193 igi-

2282 1934 2443 1994 πόσος
2469 1933 2497 1983 ὁ
2534 1928 2711 1982 λαλῶν
2749 1930 2808 1980 ὲν
2837 1928 2961 1998 ἐμοὶ
2985 1967 3000 1992 ,
3029 1926 3098 1979 τὰ
3137 1926 3261 1978 καθ’
3301 1924 3446 1993 ὑμᾶς
3481 1926 3695 1988 αὐτοὺς
3733 1928 3887 1980 tvvs-

2279 2023 2533 2094 νοηκότες
2558 2060 2573 2084 ,
2607 2019 2938 2089 ἀποχρῶσαν
2977 2019 3237 2089 εὑρήσετε
3282 2016 3385 2084 τὴν
3414 2016 3765 2085 κατάληψιν.
3812 2016 3887 2067 Οὐ

2279 2115 2388 2186 γὰρ
2409 2113 2710 2184 ἠσθένησεν
2753 2112 2811 2162 ὲν
2847 2112 2999 2179 ἡμῖν,
3031 2109 3278 2178 ἀπέφηνε
3305 2107 3362 2159 δὲ
3399 2107 3609 2176 μᾶλλον
3637 2108 3889 2161 δυνατώ-

2276 2223 2437 2259 τατον
2482 2215 2510 2255 (ι
2554 2203 2640 2257 διὰ
2692 2201 2787 2254 τοῦ
2831 2202 2963 2255 ἰδίου
3008 2200 3364 2269 Πνεύματος,
3412 2198 3557 2251 ὥστε
3615 2200 3890 2253 δύνασθαι

2278 2297 2480 2360 παντὸς
2503 2294 2981 2363 κατευμεγεθῆσαι
3012 2290 3322 2361 πειρασμοῦ
3347 2292 3444 2344 καὶ
3471 2290 3627 2360 μάλα
3660 2292 3888 2362 ῥᾳδίως,

2277 2391 2371 2443 καὶ
2400 2393 2519 2452 ταῖς
2546 2388 2655 2440 τῶν
2687 2385 2877 2439 παθῶν
2917 2384 3128 2452 ἐφόδοις
3160 2382 3553 2453 ἀντιφέρεσθαι
3590 2386 3887 2447 νεανικῶς.

2276 2482 2341 2533 Τί
2371 2477 2484 2547 οὖν,
2512 2474 2558 2533 ὦ
2590 2478 2801 2542 Παῦλε,
2834 2479 2967 2547 φαίη
2998 2494 3083 2539 τις
3108 2475 3199 2541 ἂν,
3252 2478 3352 2529 οὐκ
3384 2476 3687 2540 ἀσθενείας
3726 2477 3890 2548 ἔργον

2275 2572 2382 2643 φὴς
2408 2567 2549 2625 εἶναι
2587 2572 2649 2623 τὸ
2678 2572 2970 2640 ὑπομεῖναι
3012 2567 3268 2639 σταυρὸν,
3307 2568 3425 2620 ἀλλ’
3460 2567 3704 2632 ἔνδειξιν
3745 2560 3886 2620 εἶναι

2273 2663 2337 2715 τὸ
2365 2662 2553 2732 χρῆμα
2580 2662 2896 2731 δυνάμεως;
2921 2656 2990 2713 Ἀ
3005 2677 3072 2730 ρα
3111 2659 3212 2728 τῆς
3242 2659 3639 2728 θεοπρεποῦς;
3668 2661 3893 2729 Οὑμεν-

2273 2751 2388 2817 οῦν,
2424 2751 2616 2820 φησίν.
2648 2750 2929 2820 Ὀμολογῶ
2956 2750 3063 2818 γὰρ
3091 2751 3255 2802 αὐτὸν
3284 2749 3667 2819 ἠώενηκέναι
3702 2755 3886 2821 σαρκὶ,

2274 2842 2440 2914 ζῆσαι
2462 2841 2519 2895 δὲ
2546 2841 2710 2895 πάλιν
2735 2842 2800 2894 ὲκ
2820 2841 3105 2910 δυνάμεως
3128 2838 3288 2893 Θεοῦ’
3311 2839 3447 2903 Θεὸς
3465 2841 3583 2912 γὰρ
3606 2837 3681 2913 ἦν
3707 2843 3887 2911 φύσει,

2276 2936 2400 2999 Πῶς
2421 2931 2512 2989 οῦν
2536 2934 2803 3004 ἠσθένησε
2828 2950 2842 2998 ;
2866 2933 3240 3005 Συγχωρήσας
3266 2932 3347 3002 τῷ
3380 2933 3502 3003 ἰδίῳ
3534 2934 3770 3005 σώματι
3804 2938 3896 2989 καὶ

2275 3027 2508 3080 θανάτου
2530 3026 2834 3094 γεύσασθαι
2861 3025 2929 3078 δι’
2978 3026 3164 3096 ἡμᾶς,
3202 3043 3220 3076 ι
3274 3024 3364 3078 ἵνα
3389 3024 3481 3078 διά
3516 3027 3620 3080 τοῦ
3658 3028 3895 3082 θανάτου

2275 3120 2597 3189 καταργήσῃ
2626 3118 2720 3171 τὸν
2750 3118 2810 3171 τὸ
2835 3118 3034 3189 κράτος
3068 3115 3260 3187 ἔχοντα
3292 3115 3387 3168 τοῦ
3416 3116 3670 3171 θανάτου
3691 3159 3707 3181 ,
3734 3136 3893 3171 τουτ-

598 3224 708 3279 tur,
736 3221 831 3268 aut
859 3212 1130 3282 quomodo
1159 3212 1465 3267 inﬁrmatus
1508 3212 1635 3267 est?
1675 3213 1954 3282 proprimn
2000 3214 2167 3269 etiam

2276 3208 2390 3262 ἐστι
2427 3209 2520 3263 τὸν
2576 3209 2849 3275 διάϐολον,
2882 3210 2976 3261 καὶ
3006 3207 3292 3277 ἀπαλλάξῃ
3323 3207 3558 3272 τούτους
3593 3211 3719 3262 ὅσοι
3745 3210 3895 3278 φόϐῳ

592 3320 789 3376 corpus
812 3312 1039 3359 mortem
1066 3305 1236 3359 nostri
1266 3318 1428 3358 causa
1459 3304 1746 3373 degustare
1778 3305 1987 3370 sinens,
2018 3324 2037 3357 ι
2063 3321 2171 3375 quo

593 3397 852 3451 nimirum
900 3408 997 3463 per
1035 3406 1264 3451 mortem
1299 3396 1601 3449 destrueret
1659 3410 1781 3449 eum
1842 3397 1931 3465 qui
1977 3399 2171 3453 mortis

593 3489 825 3544 habebat
863 3489 1175 3559 imperium,
1216 3488 1320 3543 hoc
1350 3497 1433 3543 est
1467 3487 1781 3542 diabolum:
1826 3498 1879 3542 et
1914 3489 2173 3543 liberaret

590 3594 687 3636 eos
708 3581 798 3649 qui
830 3580 1027 3636 timore
1049 3578 1242 3635 mortis
1264 3594 1361 3648 per
1386 3588 1555 3633 totam
1581 3579 1746 3631 vitam
1766 3579 1987 3634 obnoxii
2014 3591 2171 3635 erant

592 3671 921 3726 servituti“.
962 3689 982 3722 ι
1019 3671 1152 3726 Cum
1180 3671 1348 3740 igitur
1382 3668 1595 3725 modica
1620 3669 1915 3724 secundum
1950 3685 2169 3727 carnem

592 3760 882 3815 inﬁrmitas
915 3761 1001 3816 his
1042 3761 1235 3815 salutis
1257 3774 1424 3815 causa
1464 3760 1738 3814 exstiterit
1763 3761 1854 3830 qui
1887 3761 1988 3815 sub
2032 3761 2173 3816 coelo

589 3856 736 3913 sunt,
760 3849 1031 3916 quomodo
1060 3863 1163 3904 non
1208 3849 1409 3918 oppido
1441 3849 1665 3903 decebat
1716 3859 1773 3903 ut
1794 3864 1913 3902 eam
1946 3850 2171 3904 inﬁrmi-

592 3950 757 3993 tatem
823 3941 1053 4005 subiret,
1098 3956 1207 4010 quo
1269 3951 1502 3996 mortem
1544 3942 1889 3995 destrueret?
1952 3946 2171 4011 proprio

590 4031 791 4099 templo
825 4030 1022 4086 iterum
1053 4031 1346 4097 viviﬁcato,
1382 4031 1637 4087 omnibus
1684 4032 2029 4087 admirationi
2066 4044 2168 4100 est,

592 4138 702 4179 non
737 4138 832 4193 per
864 4125 1044 4178 carnis
1077 4123 1474 4187 inﬁrmitatem,
1522 4125 1616 4177 sed
1661 4139 1759 4193 per
1794 4125 2049 4179 virtutem
2086 4127 2172 4177 di-

588 4218 769 4269 vinam
799 4216 903 4270 hoc
925 4224 1222 4284 praestans:
1251 4233 1268 4265 ι
1295 4213 1391 4268 Est
1417 4214 1560 4267 enim
1591 4215 1680 4268 ille
1703 4215 1877 4270 Patris
1909 4216 2076 4270 virtus
2100 4219 2171 4281 ⁸³,

589 4318 641 4362 et
672 4307 1003 4361 resurrectio
1062 4314 1117 4359 et
1170 4305 1364 4359 vita“.
1396 4323 1415 4355 ι
1469 4303 1612 4359 Vivit
1669 4305 1854 4374 itaque
1923 4322 2169 4376 semper;

589 4402 700 4452 vita
734 4412 967 4466 namque
1013 4406 1115 4452 est.
1149 4397 1336 4467 Neque
1365 4398 1718 4453 dubitandum
1773 4409 1856 4452 est
1911 4402 2042 4470 quin
2073 4418 2171 4457 nos

592 4502 806 4558 quoque
836 4488 965 4541 olim
998 4490 1103 4542 vita
1146 4504 1269 4542 cum
1305 4488 1395 4542 illo
1425 4488 1640 4543 fruitnri
1680 4489 1872 4555 simus,
1908 4492 1996 4559 qui
2031 4508 2171 4547 nunc

2274 3300 2504 3353 θανάτου
2532 3300 2622 3353 διὰ
2651 3303 2855 3365 παντὸς
2879 3299 2975 3353 τοῦ
3012 3299 3115 3370 ζῇν
3149 3300 3325 3370 ἔνοχοι
3363 3294 3511 3370 ἦσαν
3544 3301 3830 3365 δουλείας.
3868 3322 3887 3353 δ

2275 3395 2404 3446 Ὅτε
2431 3392 2612 3445 τοίνυν
2652 3392 2711 3444 τὸ
2739 3392 3038 3470 ἀσθενῆσαι
3066 3392 3265 3463 βραχὺ,
3303 3391 3449 3445 κατά
3470 3409 3542 3459 γε
3575 3393 3688 3464 τὴν
3716 3396 3896 3465 σάρκα

2274 3485 2454 3554 φημὶ,
2488 3484 2765 3554 σωτηρίας
2807 3479 2876 3554 ἦν
2924 3483 3197 3556 πρόφασις
3241 3485 3354 3543 τοῖς
3385 3484 3495 3535 ἁνὰ
3549 3486 3748 3537 πᾶσαν
3798 3487 3897 3555 τὴν

2274 3577 2367 3628 ὑπ’
2398 3576 2649 3645 οὐρανὸν,
2699 3574 2820 3637 πῶς
2862 3573 2963 3627 οὒκ
3010 3574 3118 3626 ἔδει
3173 3573 3372 3626 παθεῖν
3422 3574 3529 3644 τὴν
3566 3576 3893 3635 ἀσθένειαν,

2274 3668 2360 3720 ἵνα
2392 3667 2457 3719 δι’
2488 3667 2660 3735 αὐτῆς
2695 3667 3025 3739 καταργήσῃ
3070 3666 3163 3719 τὸν
3210 3664 3479 3731 θάνατον;
3513 3668 3895 3739 Θαυμάςεται

2273 3760 2434 3812 πάλιν
2459 3759 2550 3813 τὸν
2582 3756 2775 3812 ἑαυτοῦ
2803 3757 3151 3829 ζωοποιήσας
3171 3756 3300 3809 ναὸν
3322 3796 3337 3819 ,
3363 3758 3469 3809 οὐκ
3493 3758 3559 3822 ἐξ
3593 3760 3895 3821 ἀσθενείας

2271 3848 2429 3901 τοῦτο
2482 3846 2765 3919 κατορθῶν
2816 3847 3126 3919 σαρκικῆς,
3170 3846 3285 3898 ἀλλ’
3336 3845 3412 3906 ὡς
3461 3848 3534 3898 ὲκ
3588 3849 3895 3919 δυνάμεως

2272 3941 2431 3995 Θεοῦ“
2467 3939 2659 3994 ιἘστι
2683 3940 2739 3991 δὲ
2767 3939 2927 4002 αὐτὸς
2957 3940 2990 4009 ὴ
3016 3938 3249 4008 δύναμις
3272 3937 3369 3990 τοῦ
3404 3939 3658 4008 Πατρδς,
3691 3944 3728 4012 ἡ
3766 3943 3895 3995 ἀνά-

2275 4052 2463 4097 στάσις
2489 4034 2584 4087 καὶ
2603 4036 2636 4104 ἡ
2667 4034 2836 4103 ζωή.»
2873 4035 2950 4103 Ζῇ
2976 4031 3270 4102 τοιγαροῦν
3287 4031 3538 4104 ἀεί’ζωὴ
3569 4036 3691 4106 γάρ
3716 4038 3889 4088 ἐστιν.

2277 4130 2399 4181 Ὅτι
2426 4128 2484 4179 δὲ
2512 4126 2607 4179 καὶ
2646 4128 2805 4196 ἡμεῖς
2837 4125 3077 4195 ζήσομεν
3106 4125 3204 4177 σὺν
3240 4124 3428 4194 αὐτῷ,
3462 4129 3893 4201 συιησθενηκόο

2274 4235 2363 4281 τες
2390 4217 2539 4287 αὐτῴ
2564 4257 2578 4281 ,
2613 4218 2756 4269 κατά
2785 4233 2848 4281 γε
2881 4214 2943 4267 τὸ
2974 4212 3342 4284 ἀποθνήσκειν
3373 4217 3517 4279 τέως
3538 4258 3555 4282 ,
3597 4221 3650 4270 εἰ
3696 4223 3796 4273 καὶ
3830 4223 3897 4272 ἐν

2276 4310 2489 4363 ἐλπίσιν
2518 4308 2683 4378 ἐσμὲν
2710 4308 2807 4376 τῆς
2831 4307 2912 4370 είς
2936 4306 3111 4359 αἰῶνα
3146 4306 3320 4377 ζωῆς,
3358 4307 3479 4371 πῶς
3516 4310 3677 4363 ἐστιν
3712 4314 3894 4381 ἀμφι-

2275 4401 2489 4466 6αλεῖν;
2534 4398 2760 4453 Ἀνεδίω
2788 4396 2898 4469 γὰρ
2925 4401 2989 4451 ἐκ
3018 4397 3230 4468 νεκρῶν
3254 4439 3271 4465 ,
3318 4398 3437 4461 ὁδὸς
3478 4402 3567 4463 εἰς
3606 4403 3764 4474 ζωὴν
3796 4422 3896 4473 γε-

2274 4492 2446 4560 γονὼς
2488 4493 2554 4560 τῇ
2605 4491 2786 4558 φύσει.
2839 4489 3071 4560 Εἴρηται
3116 4488 3227 4561 γὰρ
3277 4491 3640 4561 πρωτότοκος
3692 4498 3762 4549 ἐκ
3801 4516 3895 4550 νε-

592 4581 755 4634 simul
773 4595 891 4635 cum
912 4579 1001 4633 illo
1021 4580 1335 4634 inﬁrmitate
1351 4580 1622 4650 jactamur
1642 4591 1870 4636 mortem
1894 4582 2167 4649 obeundo,

2276 4581 2444 4652 κρῶν,
2483 4599 2502 4631 ι
2557 4582 2653 4633 καὶ
2689 4599 2707 4630 ι
2738 4580 2960 4651 ἀπαρχὴ
2990 4580 3099 4633 τῶν
3129 4584 3581 4651 κεκοιμημένων.
3627 4604 3647 4635 ο

591 4674 837 4740 quamvis
882 4682 1029 4727 certa
1081 4670 1296 4726 mternte
1351 4687 1446 4742 spe
1505 4682 1892 4731 sustentemnr.
1944 4677 2158 4733 Revixit
2197 4679 2339 4735 enim
2390 4691 2454 4730 ex
2546 4674 2799 4738 mortuis,
2858 4685 3066 4730 naturae
3127 4685 3330 4730 nosme
3424 4676 3531 4731 iter
3589 4680 3661 4732 ad
3716 4684 3893 4737 vitam

591 4764 882 4818 muniens:
952 4766 1252 4832 appellatus
1322 4776 1408 4820 est
1474 4768 1619 4820 enim
1691 4790 1710 4818 ι
1764 4771 2161 4839 primogenitus
2200 4789 2267 4829 ex
2335 4770 2564 4823 mortuis
2585 4768 2653 4834 ⁸⁸,
2682 4788 2700 4821 ι
2739 4778 2796 4822 et
2837 4786 2856 4818 ι
2898 4768 3155 4838 primitize
3188 4770 3583 4825 dormientium
3613 4772 3685 4827 “.
3712 4796 3731 4826 ι

662 4853 771 4909 LV.
809 4872 828 4905 ι
862 4854 1020 4908 Nunc
1052 4854 1230 4908 anima
1282 4870 1399 4909 mea
1431 4857 1646 4909 turbata
1676 4866 1779 4910 est.
1816 4857 1879 4911 Et
1930 4859 2058 4927 quid
2090 4862 2172 4913 di-

591 4946 759 5001 cam?
792 4945 970 5009 Pater,
1014 4946 1158 4999 salva
1207 4960 1292 4999 me
1326 4960 1389 4999 ex
1428 4947 1533 5001 hac
1576 4949 1730 5003 liora.
1790 4947 1901 5003 Sed
1952 4960 2171 5019 propter

594 5038 696 5091 hoc
733 5037 853 5089 veni
896 5037 949 5089 in
992 5037 1178 5089 horam
1227 5041 1367 5090 lianc
1389 5037 1456 5091 ⁵⁷.
1497 5056 1515 5089 ι
1550 5068 1611 5077 -
1660 5058 1677 5089 ι
1712 5038 1899 5106 Pater,
1932 5043 2170 5096 clariﬁca

592 5125 788 5180 Filium
824 5137 973 5180 tuum
996 5127 1061 5181 ".
1096 5146 1115 5178 ι
1169 5128 1235 5181 Et
1262 5128 1370 5181 alio
1402 5129 1519 5183 loco
1571 5146 1816 5186 rursum:
1860 5152 1877 5183 ι
1915 5132 1976 5187 Ει
2005 5135 2174 5201 οωιιὶι

593 5218 910 5272 contristari
962 5229 1017 5271 et
1064 5229 1290 5274 mrestus
1342 5234 1483 5287 esse,
1521 5231 1574 5275 et
1625 5223 1798 5277 dixit:
1844 5224 2043 5280 Tristis
2091 5236 2173 5281 est

676 5370 714 5403 “
748 5371 786 5424 ΙΙ
817 5371 943 5426 Cor.
979 5389 1098 5435 xm,
1127 5374 1182 5439 5,
1212 5375 1264 5428 ιι.
1342 5376 1385 5407 δ’
1413 5375 1576 5431 Hebr.
1613 5394 1651 5439 ι,
1684 5378 1768 5442 Μ,
1806 5380 1893 5432 15.

600 5456 687 5507 xv,
716 5443 808 5496 20.
886 5444 930 5474 ⁸⁷
965 5442 1121 5499 Joan.
1166 5462 1262 5509 xu,
1294 5446 1381 5499 27.
1463 5447 1506 5478 ⁸⁸
1533 5448 1687 5503 Joan.
1728 5465 1862 5514 xvn,
1900 5451 1950 5503 ιι.

1976 5379 2021 5411 ⁴³
2049 5379 2065 5431 1
2100 5379 2224 5435 Cor.
2259 5395 2295 5441 ι,
2323 5381 2414 5435 2i.

2343 4859 2471 4911 NE’.
2509 4876 2527 4909 ι
2553 4857 2669 4910 Νῦν
2704 4858 2737 4927 ἡ
2766 4858 2912 4930 ψυχή
2943 4875 3046 4929 μου
3074 4857 3437 4928 τετάρακται.
3472 4863 3591 4917 Καὶ
3615 4866 3673 4917 τί
3699 4867 3853 4919 εἴπω
3879 4886 3891 4929 ;

2274 4951 2456 5021 Πάτερ
2481 4990 2495 5013 ,
2528 4949 2700 5002 σῶσόν
2747 4967 2817 5016 με
2859 4951 2925 5003 ὲκ
2977 4951 3076 5020 τῆς
3120 4949 3270 5020 ὥρας
3306 4954 3539 5023 ταύτης.
3594 4957 3767 5010 Ἀλλά
3802 4960 3899 5011 διὰ

2274 5040 2433 5094 τοῦτο
2455 5037 2618 5111 ἦλθον
2639 5042 2716 5103 είς
2733 5041 2832 5110 τὴν
2850 5039 3009 5112 ὥραν
3035 5043 3401 5111 ταύτην.›-ι
3415 5045 3629 5116 Πάτερ,
3652 5049 3897 5114 δόξασόν

2277 5153 2372 5188 σου
2401 5136 2491 5188 τὸν
2508 5134 2662 5187 Υίόν.’
2694 5152 2713 5184 ι
2748 5135 2861 5188 Καὶ
2884 5134 3069 5188 πάλινσ
3103 5152 3122 5186 ι
3154 5136 3399 5206 Ἤρξατο
3432 5138 3758 5205 λυπεῖσθαι,
3792 5145 3898 5198 καὶ

2275 5227 2585 5297 ἀδημονεῖν,
2625 5226 2720 5279 καὶ
2749 5225 2951 5293 λέγειν·
2981 5226 3294 5297 Περίλυπός
3333 5230 3485 5281 ὲστιν
3519 5232 3556 5301 ἡ
3588 5232 3744 5304 ψυχή
3785 5254 3897 5305 μου

2492 5380 2537 5411 ἰδ
2567 5379 2720 5435 Joan.
2754 5395 2830 5448 XI,
2857 5381 2949 5435 25.
3028 5382 3072 5413 ⁸⁵
3106 5382 3322 5441 Coloss.
3367 5400 3406 5450 ι,
3448 5387 3535 5441 18.

3622 5391 3668 5421 ’⁵⁸
3705 5392 3723 5446 l
3754 5395 3897 5451 Cor.

1711 5583 1881 5638 Variae
1914 5584 2175 5640 lectiones
2208 5584 2416 5641 codicis
2439 5585 2803 5645 Seguiertani.

666 5736 711 5765 ω
738 5728 890 5799 ἡμῖν.
962 5739 990 5766 ⁸
1016 5726 1284 5780 ἀδυνατεῖ.
1361 5733 1386 5761 ο
1419 5725 1857 5796 ἐπενηνεγμένοι.

1941 5738 1965 5775 ν
2002 5725 2354 5796 ἀτιμότατον.

2437 5737 2462 5775 ει
2492 5720 2931 5794 δυνατωτάτους,
2954 5727 3085 5799 [νει]
3133 5728 3538 5802 δυνατωτάτην.
