4042 6484
210 373 351 432 HIS

1031 381 1120 436 AD
1161 382 1462 438 RlSGlNAS
1500 384 1588 438 DE
1629 386 1854 443 REC’I'A
1897 390 2053 446 FIDE
2088 395 2351 455 ORATIO
2387 402 2690 462 ALTERA.

3332 415 3475 475 MN

206 491 314 557 ἓως
360 495 618 552 θανάτου.
675 517 693 551 ι
732 500 842 554 Καὶ
888 501 1068 556 πάλιν·
1127 524 1144 555 ι
1189 507 1300 558 Καὶ
1331 509 1586 577 φωνήσας
1636 514 1787 582 φωνῇ

1893 517 2071 571 anima
2105 535 2221 576 mea
2253 538 2423 593 usque
2453 528 2519 581 ad
2557 540 2782 586 mortem
2802 531 2871 587 ⁸³.
2913 554 2929 585 ο
2958 535 3028 590 Ει
3058 553 3308 592 rursum:
3348 560 3366 593 ι
3404 542 3471 597 Et

209 585 419 657 μεγάλῃ
469 590 496 641 6
557 590 804 660 Ἰησοῦς,
861 588 1017 646 εἴπεο
1071 597 1290 668 Πάτερ,
1353 602 1434 662 εἰς
1478 602 1664 670 χεῖράς
1696 620 1789 655 σου

207 678 549 750 παρατίθημι
576 692 598 719 τ
624 683 685 735 τὸ
709 684 929 756 πνεῦμά
958 704 1082 757 μου.
1117 707 1134 739 ›
1169 692 1231 741 Ol
1257 691 1359 759 τῆς
1409 693 1787 764 Ἀπολιναρίου

203 767 362 839 δόξης
409 771 714 842 ἡττώμενοι
774 780 867 829 καὶ
919 778 987 832 τὰ
1047 779 1197 848 αὐτῷ
1250 782 1513 836 δοκοῦντα
1573 788 1789 853 φρονεῖν

205 859 514 929 ᾑρημένοι,
549 863 894 935 ἐνιστάμενοι
925 884 984 920 τε
1029 871 1123 922 καὶ
1152 870 1405 939 λέγοντες
1426 912 1440 935 ,
1476 873 1681 944 ἄψυχόν
1727 893 1788 928 τε

205 954 300 1005 καὶ
323 955 485 1007 ἄνουν
517 957 784 1027 ὑπάρχειν
824 960 913 1011 τὸν
940 960 1211 1016 ἐνωθὲντα
1249 964 1327 1032 τῷ
1365 965 1522 1033 Λόγῳ
1549 966 1691 1031 ναὸν,
1735 968 1787 1019 τί

203 1040 268 1110 δὴ
299 1041 406 1112 ἄρα
451 1049 606 1112 φαῖεν
636 1047 722 1112 ἂν,
767 1051 1124 1119 γεγραφότων
1167 1055 1299 1123 ἡμῖν
1337 1056 1406 1108 τὰ
1456 1056 1634 1108 τοιάδε
1677 1056 1787 1109 τῶν

209 1134 383 1201 ἁγίων
409 1137 812 1206 εύαγγελιστῶν
835 1142 963 1214 περὶ
989 1143 1082 1196 τοῦ
1106 1145 1323 1198 πάντων
1348 1147 1505 1217 ἡμῶν
1535 1147 1786 1218 Σωτῆρος

203 1227 478 1296 Χριστοῦ;
507 1231 706 1294 Πτοίας
739 1233 838 1301 μὲν
870 1235 1015 1306 γὰρ,
1051 1239 1146 1290 καὶ
1186 1238 1393 1308 λύπης,
1435 1242 1532 1294 καὶ
1567 1242 1676 1295 τῶν
1704 1246 1786 1306 είς

200 1317 405 1371 δειλίαν
451 1321 796 1389 αἰτιαμάτων
831 1326 1184 1394 ἁνεπίδεκτος
1230 1332 1510 1395 παντελῶς
1560 1335 1645 1404 εἴη
1694 1334 1780 1400 ἂν,

200 1409 346 1461 κατὰ
370 1427 432 1478 γε
460 1411 520 1463 τὸ
547 1413 718 1476 εἰκὸς,
748 1416 780 1484 ή
815 1417 933 1470 θεία
967 1436 1028 1471 τε
1063 1427 1157 1474 καὶ
1185 1423 1443 1476 ἀνωτάτω
1479 1425 1571 1477 τοῦ
1607 1426 1781 1494 Λόγου

200 1500 383 1568 φύσις.
415 1503 818 1573 Παραιτήσεται
859 1508 968 1579 γὰρ
997 1513 1073 1574 είς
1103 1513 1248 1566 ἅπαν
1286 1514 1347 1566 τὸ
1389 1515 1446 1566 ἐν
1483 1532 1546 1583 γε
1574 1516 1784 1580 τούτοις

199 1586 341 1644 εἶναι
371 1609 500 1644 ποτε
523 1634 537 1657 ,
563 1595 657 1647 καὶ
688 1597 877 1652 παθῶν
901 1600 1036 1664 ὅλως
1075 1588 1184 1655 τῶν
1234 1606 1355 1657 καθ’
1381 1608 1529 1676 ἡμᾶς
1558 1610 1658 1660 οὐκ
1691 1609 1782 1661 ἁν-

197 1683 400 1748 έξεται.
437 1685 607 1756 Σῶμα
638 1688 694 1741 δὲ
741 1690 908 1744 πάλιν
941 1692 1144 1763 ἄψυχόν
1180 1713 1240 1749 τε
1288 1698 1381 1749 καὶ
1403 1698 1561 1751 ἄνουν
1586 1699 1684 1751 οὐκ
1716 1701 1781 1753 ἂν

193 1777 496 1842 εἰσδέξαιτο
528 1781 726 1852 λύπην,
759 1785 874 1839 ἀλλ’
906 1789 1014 1840 οὐδ’
1039 1789 1104 1842 ἂν
1132 1792 1402 1862 ἐννοήσειέ
1429 1811 1482 1846 τι
1512 1794 1620 1847 τῶν
1650 1813 1780 1848 σκυ·

193 1870 469 1938 θρωπῶν,
523 1873 556 1944 ἢ
608 1875 699 1926 τὸν
744 1877 808 1929 ὲκ
855 1879 965 1930 τῶν
1027 1880 1245 1937 ἔσεσθαι
1309 1887 1776 1958 προσδοκωμένων

193 1962 602 2033 προαναθρήσει
630 1966 814 2030 φόϐον.
850 1969 1019 2023 Πὰθοι
1053 1971 1096 2023 δ’
1127 1973 1193 2026 ἂν
1223 1975 1292 2027 τὰ
1325 1977 1500 2030 τοιάδε
1541 1979 1684 2031 κατὰ
1711 1998 1774 2048 γε

189 2051 255 2103 τὸ
295 2055 479 2115 πᾶσιν,
513 2055 587 2118 ὥς
615 2073 676 2123 γε
719 2053 872 2128 οἶμαι
899 2100 912 2124 ,
944 2061 1152 2116 δοκοῦν.
1196 2067 1355 2138 Ψυχὴ
1385 2069 1575 2139 λογικὴ
1603 2089 1774 2126 κατα-

191 2145 537 2216 σκεπτομὲνη
569 2147 647 2217 τῷ
697 2148 768 2219 νῷ
806 2151 875 2202 τά
895 2169 954 2203 τε
990 2153 1090 2225 ἤδη
1120 2158 1363 2227 παρόντα
1383 2197 1397 2224 ,
1429 2160 1522 2213 καὶ
1549 2162 1686 2232 πρός
1711 2180 1772 2231 γε

184 2235 404 2298 τούτοις
429 2237 498 2290 τὰ
538 2240 950 2312 συμϐησόμενα.
989 2248 1113 2312 Πῶς
1141 2246 1234 2305 οὖν
1256 2252 1360 2322 ἄρα
1393 2255 1555 2324 φησὶν
1582 2258 1610 2308 6
1645 2257 1775 2326 Ἑμ-

189 2329 458 2398 μανουήλ⁶
497 2349 515 2381 ι
548 2331 663 2384 Νῦν
709 2336 742 2404 ἠ
774 2334 917 2406 ψυχή
953 2356 1053 2407 μου
1098 2344 1472 2412 τετάρακται;
1517 2366 1532 2396 3
1561 2347 1677 2410 πῶς
1717 2350 1774 2402 δὲ

183 2421 287 2471 καὶ
312 2420 512 2490 ἤρξατο
538 2422 823 2478 λυπεῖσθαι
874 2430 969 2480 καὶ
1012 2431 1346 2501 ἀδημονεῖν;
1400 2438 1430 2507 ἢ
1472 2437 1563 2490 καὶ
1617 2443 1772 2492 ποῖον

182 2510 329 2572 ὅλως
366 2515 447 2575 είς
491 2518 683 2584 χεῖρας
717 2516 812 2568 τοῦ
838 2519 972 2572 Θεοῦ
1009 2524 1099 2574 καὶ
1129 2525 1344 2596 Πατρὺς
1369 2529 1636 2598 παρέθετο
1666 2530 1769 2603 [τὸι

185 2601 447 2673 πνεῦμα,
487 2608 534 2658 εὶ
565 2608 659 2660 καὶ
699 2609 798 2678 τῆς
832 2611 1086 2682 θεότητος
1112 2616 1172 2666 τὸ
1206 2617 1394 2686 χρῆμά
1439 2621 1586 2673 ἐστιν
1617 2601 1772 2675 ἀλλόέ

178 2711 360 2763 τριον,
389 2698 481 2748 καὶ
510 2700 643 2766 μηδὲ
668 2702 836 2769 μόνης
861 2703 1069 2772 ἀψύχου
1096 2723 1160 2757 σα
1173 2709 1331 2775 ρκός;
1366 2711 1634 2780 Πρόδηλον
1655 2708 1766 2778 οῦν,

177 2785 269 2836 ὅτι
298 2785 518 2852 γέγονεν
563 2787 848 2858 ἄνθρωπος
873 2794 901 2844 6
935 2795 1248 2864 Μονογενὴς
1272 2836 1286 2859 ,
1335 2800 1434 2850 οὐκ
1464 2800 1669 2869 ἄψυχόν
1708 2819 1766 2853 τε

175 2874 281 2928 καὶ
334 2875 496 2929 ἄνουν
552 2878 710 2948 σῶμα
761 2879 961 2944 λαόὼν,
1011 2883 1405 2954 ἐμψυχωμένον
1461 2889 1517 2940 δὲ
1565 2891 1766 2960 μᾶλλον

171 2967 332 3038 ψυχῇ
377 2968 468 3020 καὶ
495 2968 682 3039 λογικῇ
709 3011 722 3032 ,
783 2971 874 3024 καὶ
905 2971 1127 3036 τελείως
1159 2975 1359 3048 ἐχούσῃ
1405 2978 1548 3031 κατά
1579 2996 1641 3048 γε
1675 2981 1767 3034 τὸν

172 3062 321 3129 αὖτῇ
353 3061 628 3130 πρέποντα
668 3062 845 3130 λόγον.
886 3066 991 3118 Καὶ
1027 3065 1216 3137 ὥσπερ
1251 3069 1547 3123 οἰκειοῦται
1581 3073 1760 3127 πάντα

170 3152 250 3200 τὰ
277 3150 371 3201 τοῦ
403 3151 533 3204 ἰδίου
563 3152 838 3222 σώματος,
867 3155 1010 3210 οὕτω
1042 3157 1136 3210 καὶ
1165 3158 1235 3211 τὰ
1262 3160 1360 3231 τῆς
1387 3162 1583 3232 ψυχῆς.
1617 3164 1764 3218 Ἔδει
1791 3189 1834 3247 C

169 3241 292 3308 γὰρ
321 3243 484 3294 αὐτὸν
516 3243 602 3296 διὰ
636 3247 835 3310 παντὸς
864 3248 1092 3316 ὁρᾶσθαι
1139 3251 1464 3322 πράγματος
1499 3256 1763 3325 σαρκικοῦ

167 3333 276 3384 καὶ
306 3332 537 3402 ψυχικοῦ
571 3335 636 3387 δι’
668 3337 813 3406 ἡμᾶς
840 3348 860 3374 ⁸
894 3341 1179 3407 γεγονότος
1219 3344 1264 3397 ί.
1332 3344 1530 3415 Ἐσμὲν
1572 3345 1628 3398 δὲ
1669 3348 1764 3402 καὶ

164 3424 345 3493 ἡμεῖς
374 3425 438 3476 ἐκ
471 3424 648 3496 ψυχῆς
673 3427 899 3499 λογικῆς
937 3449 995 3482 τε
1025 3433 1119 3486 καὶ
1160 3433 1429 3505 σώματος.
1466 3439 1674 3511 ’Ὠσπερ
1706 3441 1763 3493 δὲ

161 3517 538 3587 οἰκονομικῶς
584 3522 975 3592 συγκεχώρηκε
1005 3527 1071 3594 τῇ
1108 3526 1212 3596 ἰδίᾳ
1250 3529 1416 3596 σαρκὶ
1445 3530 1536 3582 καὶ
1565 3532 1761 3584 παθεῖν

164 3609 291 3662 ἔσθ’
321 3609 409 3662 ὅτε
461 3611 527 3663 τὰ
560 3610 667 3664 ἴδια
693 3651 706 3674 ,
737 3613 880 3665 οὕτω
913 3614 1074 3668 πάλιν
1105 3617 1199 3670 καὶ
1244 3622 1308 3688 τῇ
1342 3619 1486 3688 ψυχῇ
1525 3622 1761 3691 συνεχώ-

167 3717 314 3770 ρησε
347 3701 414 3754 τὰ
442 3703 616 3754 οἰκεῖα
649 3703 858 3756 παθεῖν’
895 3704 988 3758 καὶ
1017 3705 1077 3758 τὸ
1108 3707 1208 3776 τῆς
1249 3708 1530 3772 κενώσεως
1560 3711 1759 3781 μέτρον

159 3795 448 3864 τετήρηκε
475 3797 746 3867 πανταχοῦ
769 3836 786 3861 ,
824 3798 1001 3851 καίτοι
1027 3798 1158 3863 Θεὸς
1187 3799 1262 3853 ὢν
1284 3800 1472 3871 φύσει,
1498 3803 1592 3856 καὶ
1618 3803 1758 3874 ὑπὲρ

162 3885 362 3937 πᾶσαν
391 3885 489 3956 τὴν
535 3888 733 3942 κτίσιν.
769 3890 1135 3960 Παρατίθεται
1167 3891 1223 3945 δὲ
1267 3893 1328 3946 τὸ
1377 3893 1507 3947 ἴδιον
1543 3894 1756 3966 πνεῦμα

158 3974 250 4044 τῷ
285 3974 406 4044 Θεῷ
450 3977 545 4028 καὶ
588 3979 798 4048 Πατρὶ,
830 3985 1080 4036 τουτέστι
1125 3984 1224 4056 τὴν
1278 3985 1570 4040 ὲνωθεῖσαν
1611 3986 1757 4057 αὐτῷ

155 4065 374 4137 ψυχὴν,
414 4067 500 4119 ἵνα
530 4070 677 4138 ἡμᾶς
709 4072 802 4122 καὶ
831 4073 918 4125 διὰ
960 4075 1149 4128 τούτου
1194 4076 1356 4129 πάλιν
1397 4077 1752 4150 εύεργετήσῃ.

155 4158 350 4211 Πάλαι
381 4158 478 4227 μὲν
503 4163 614 4230 γὰρ
639 4162 1110 4236 ἀπαλλαττόμεναι
1132 4166 1240 4219 τῶν
1265 4167 1534 4236 σωμάτων
1558 4169 1616 4222 ὲν
1644 4173 1755 4233 τοῖς

156 4251 279 4304 ὑπὸ
305 4250 465 4320 χθόνα
498 4255 689 4321 μυχοῖς
713 4256 769 4307 at
796 4256 902 4308 τῶν
935 4256 1239 4328 ἀνθρώπων
1268 4259 1438 4327 ψυχαὶ
1471 4261 1751 4330 κατεπέμ-

153 4354 366 4403 ποντο,
397 4339 700 4408 πληροῦσαι
739 4343 808 4395 τὰ
836 4343 930 4396 τοῦ
976 4345 1208 4399 θανάτου
1238 4349 1481 4416 ταμιεῖα.
1535 4348 1751 4420 Ἐπειδὴ

151 4431 221 4484 δὲ
256 4430 490 4499 Χριστὸς
517 4431 578 4484 τὸ
604 4432 734 4486 ἴδιον
766 4435 991 4507 Πνεῦμα
1022 4439 1294 4510 παρέθετο
1317 4440 1394 4510 τῷ
1415 4441 1624 4510 Πατρὶ,
1660 4445 1753 4497 καὶ

1893 605 2136 663 clamans
2179 625 2309 668 voce
2357 631 2547 685 magna
2597 619 2775 686 Jesns,
2817 624 2893 676 ait
2923 643 2936 679 :
2965 623 3149 691 Pater,
3190 629 3240 682 in
3283 645 3471 687 manus

1902 703 2021 749 luas
2045 704 2364 758 commendo
2395 707 2642 773 spiritum
2673 726 2848 765 meum
2867 715 2934 769 ³ο.
2969 733 2986 766 ι
3021 715 3122 781 Qui
3147 720 3466 786 Apollinarii

1890 786 2201 853 Opinionem
2244 808 2565 864 sequuntur,
2622 802 2975 876 ejusdemque
3023 812 3307 865 sententiae
3337 812 3469 866 sub-

1892 881 2173 947 scribunt;
2203 884 2254 938 bi
2293 889 2546 955 templum
2603 892 2709 947 Deo
2743 897 2972 962 unitum,
3022 899 3261 954 iuanime
3286 918 3348 955 ac
3383 919 3472 955 ra-

1894 970 2038 1024 tione
2071 975 2391 1030 destitutum
2441 980 2612 1036 fuisse
2643 988 3012 1040 contendunt:
3054 991 3146 1044 sed
3201 994 3330 1061 quid
3366 993 3475 1060 illis

1890 1063 2142 1128 obsecro,
2187 1071 2514 1135 respondere
2544 1087 2789 1142 possunt,
2818 1092 2941 1132 cum
2971 1093 3186 1135 sanctos
3234 1097 3460 1154 evange-

1890 1150 2042 1207 listas
2079 1155 2204 1210 talia
2246 1159 2310 1212 de
2352 1163 2594 1217 omnium
2647 1176 2893 1221 nostrum
2941 1170 3225 1225 Salvatore
3271 1174 3465 1229 litteris

1887 1244 2193 1310 prodidisse
2233 1248 2455 1316 legunt?
2478 1250 2610 1306 Nam
2657 1256 2817 1326 176
2848 1258 3019 1327 cujus,
3046 1275 3256 1328 quaeso,
3296 1264 3465 1320 tristi-

1888 1333 1996 1397 tim,
2053 1347 2146 1389 aut
2217 1353 2404 1393 eorum
2459 1344 2706 1398 omnimn
2779 1364 2898 1415 quae
2959 1361 3161 1405 metunt
3209 1367 3462 1423 arguunt,

1887 1438 2096 1482 summa
2133 1428 2219 1483 illa
2269 1432 2557 1502 divinaque
2595 1437 2752 1492 Verbi
2801 1450 2991 1494 natura
3027 1445 3242 1497 tandem
3292 1461 3462 1515 rapax

1885 1527 2006 1569 esse
2027 1518 2234 1584 queat?
2261 1519 2429 1590 Major
2467 1534 2550 1576 est
2599 1527 2763 1591 enim,
2795 1543 2954 1596 quam
2990 1546 3110 1599 qua
3156 1534 3462 1592 istiusmodi

1887 1605 2047 1660 rebus
2087 1607 2190 1660 ulla
2237 1620 2389 1678 parte
2435 1613 2594 1680 allici,
2647 1627 2739 1669 aut
2788 1619 2910 1673 ullis
2942 1623 3164 1677 omnino
3214 1625 3465 1681 humanis

1885 1697 2388 1762 perturbationibus
2436 1709 2766 1761 commoneri
2831 1710 3024 1765 valeat.
3079 1703 3144 1767 Ᾱι
3220 1730 3349 1770 vero
3406 1718 3462 1772 in

1883 1801 2081 1856 corpus
2107 1805 2408 1861 sensusque
2437 1797 2743 1866 mentisque
2778 1815 2991 1869 expers,
3029 1805 3260 1860 tristitia:
3311 1809 3462 1861 dolo-

1882 1879 2025 1933 risve
2058 1895 2254 1937 sensus
2289 1885 2486 1939 cadere
2512 1902 2614 1940 non
2669 1901 2844 1957 potest
2905 1910 2918 1945 :
2957 1894 3049 1947 sed
3086 1911 3259 1965 neque
3292 1900 3461 1953 mole-

1878 1971 2037 2025 stiam
2069 1974 2256 2039 ullam,
2293 1986 2385 2030 aut
2417 1978 2582 2032 ullum
2611 1984 2830 2036 omnino
2866 1998 3154 2040 maerorem
3182 2001 3245 2042 ex
3281 1990 3461 2045 immi-

1877 2065 2121 2118 nentimn
2217 2066 2685 2124 incommodorum
2772 2075 3088 2142 provisione
3186 2082 3459 2150 concipiet

1875 2155 2202 2223 aliquando;
2256 2157 2520 2227 ejusmodi
2566 2174 2770 2227 autem,
2831 2165 2958 2218 dum
3002 2181 3122 2235 qua!
3169 2173 3456 2238 praesentia

1876 2256 2025 2311 sunt,
2055 2257 2109 2302 et
2137 2250 2315 2305 adhuc
2346 2251 2526 2306 futura
2565 2256 2876 2325 trahuntur,
2914 2270 3094 2316 mente
3133 2273 3454 2332 pertractat,

1876 2340 2056 2394 anima
2096 2341 2322 2397 rationis
2368 2352 2422 2398 et.
2451 2345 2824 2415 intelligentiae
2867 2365 3089 2419 compos
3131 2357 3240 2423 pati
3278 2356 3450 2412 solet:

1877 2431 1927 2482 id
1960 2435 2101 2500 quod
2137 2448 2346 2497 omnes,
2379 2444 2437 2488 ut
2470 2448 2619 2504 puto,
2655 2440 2912 2496 fatentur.
2953 2444 3234 2510 Quomodo
3271 2449 3454 2519 itaque

1875 2522 2196 2578 Emmanuel
2230 2527 2338 2580 ait:
2374 2546 2392 2578 ι
2426 2525 2581 2582 Nunc
2627 2531 2806 2585 anima
2841 2548 2955 2586 mea
2997 2538 3208 2591 turbata
3268 2540 3390 2593 est?
3428 2560 3445 2591 ι

1874 2618 2145 2680 quomodo
2176 2619 2315 2671 idem
2352 2623 2552 2673 taedere
2595 2638 2658 2677 ac
2721 2635 2950 2681 maestus
2993 2642 3115 2681 esse
3147 2630 3328 2697 erepit,
3361 2640 3453 2683 aut

1872 2705 2082 2769 qualem
2115 2707 2332 2759 tandem
2365 2709 2614 2775 spiritum
2652 2713 2704 2764 in
2745 2730 2937 2769 manus
2965 2716 3140 2772 Patris
3173 2733 3452 2774 commen-

1871 2791 2037 2855 davit,
2069 2793 2112 2845 si
2150 2795 2249 2848 boc
2284 2805 2339 2848 et
2368 2812 2397 2849 a
2423 2800 2706 2855 divinitate
2735 2817 2958 2870 prorsus
2987 2807 3220 2861 alienum
3259 2820 3361 2873 est,
3394 2819 3451 2863 et

1869 2896 1898 2934 a
1931 2898 2094 2937 carne
2120 2885 2231 2939 sola
2293 2887 2578 2944 inanima?
2602 2891 2953 2962 Perspicuum
3011 2911 3093 2952 est
3126 2915 3273 2968 ergo,
3311 2899 3448 2956 Uni-

1868 2971 2105 3036 genitum
2129 2987 2360 3044 corpore
2388 2993 2689 3048 assumpto,
2709 3000 2814 3038 non
2845 2985 3060 3054 quidem
3088 2988 3175 3042 illo
3200 2989 3445 3055 inanimi,

1869 3072 1961 3114 aut
2007 3075 2190 3119 mente
2246 3069 2529 3133 destituto,
2580 3075 2672 3126 sed
2720 3078 2899 3131 anima
2949 3081 3157 3134 ratione
3197 3084 3442 3151 pra-dita,

1868 3154 2168 3227 eademque
2201 3161 2467 3229 perfecta,
2518 3165 2620 3218 hoc
2667 3177 2772 3234 est,
2808 3173 2990 3223 omnia
3041 3188 3158 3240 quae
3203 3177 3268 3227 ad
3303 3176 3444 3231 illius

1869 3245 2133 3301 rationem
2159 3251 2455 3320 pertinent,
2489 3257 2704 3324 sortita,
2740 3260 3012 3318 viviﬁcato
3037 3275 3093 3318 et
3127 3264 3437 3334 informata,

1867 3331 2141 3390 hominem
2180 3336 2381 3394 factum
2427 3358 2566 3398 esse.
2624 3346 2692 3402 Et
2754 3353 3204 3417 quemadmodum
3257 3359 3438 3412 omnia

1864 3440 1982 3493 qua:
2026 3429 2107 3483 sui
2138 3433 2378 3500 corporis
2405 3445 2530 3488 sunt
2570 3439 2671 3492 sibi
2725 3442 2970 3506 ascribit,
3010 3445 3080 3498 ita
3126 3456 3182 3500 et
3222 3463 3284 3501 ea
3319 3464 3440 3518 quae

1862 3517 1930 3571 ad
1956 3519 2191 3574 animam
2218 3531 2486 3588 spectant.
2536 3526 2767 3583 Necesse
2809 3534 2952 3587 enim
3008 3534 3109 3590 fuit
3142 3549 3198 3592 ut
3231 3540 3284 3594 iu
3320 3517 3439 3596 om-

1863 3608 2046 3672 nibus,
2081 3610 2195 3665 sive
2231 3627 2292 3665 ea
2331 3615 2397 3667 ad
2427 3616 2685 3682 animam,
2719 3619 2834 3673 sive
2867 3622 2934 3675 ad
2965 3638 3158 3693 corpus
3196 3639 3437 3696 pertine-

1860 3708 2003 3764 rent,
2043 3701 2198 3755 nobis
2228 3705 2642 3762 assimilaretur.
2675 3710 3002 3769 Constamus
3037 3725 3219 3772 autem
3247 3729 3296 3774 et
3338 3737 3437 3776 nos

1857 3803 1922 3842 ex
1958 3790 2138 3845 anima
2167 3798 2412 3851 rationali
2447 3809 2502 3853 et
2533 3816 2778 3870 corpore.
2818 3805 3183 3871 Quamobrem
3213 3820 3270 3864 ut
3292 3827 3443 3867 non-t

1858 3894 2130 3949 nunquam
2159 3889 2389 3956 propria:
2423 3891 2573 3944 carni
2606 3907 2669 3946 ea
2701 3897 2818 3963 pati
2883 3896 3278 3963 dispensatorie
3305 3916 3434 3972 per-

1859 3974 2103 4029 mittebat
2169 3992 2293 4046 qua:
2339 3983 2517 4035 carnis
2571 3994 2699 4040 sunt
2756 3989 3013 4056 propria,
3071 3991 3153 4046 ita
3195 3995 3432 4049 animam

1857 4079 1952 4118 sua
1977 4081 2192 4138 quoque
2216 4073 2324 4139 pati
2353 4074 2621 4142 permisit.
2651 4076 2894 4149 Denique
2921 4079 3042 4135 licet
3071 4093 3266 4140 natura
3292 4085 3435 4141 Deus

1854 4168 2019 4222 esset,
2043 4163 2299 4231 omnique
2323 4175 2572 4221 creatura
2592 4170 2860 4237 superior,
2891 4187 3010 4241 quae
3040 4182 3217 4230 tamen
3241 4179 3432 4232 exina-

1855 4250 2081 4304 nitiouis
2132 4264 2309 4320 erant,
2367 4271 2430 4310 ea
2486 4273 2704 4328 semper
2770 4275 3028 4320 accurate
3097 4267 3429 4324 observavit.

1854 4339 2024 4395 Porro
2067 4353 2245 4397 autem
2291 4347 2540 4414 Spiritum
2577 4368 2756 4417 suum,
2789 4353 2888 4409 hoc
2912 4366 3016 4422 est,
3058 4359 3294 4413 animam
3327 4363 3430 4416 sibi

1854 4433 2084 4500 unitam,
2123 4435 2232 4490 Deo
2261 4451 2314 4490 et
2350 4437 2495 4492 Patri
2537 4447 2902 4510 commendat,
2937 4457 2994 4500 ut
3020 4464 3158 4503 novo
3212 4466 3428 4506 rursum

149 4521 374 4593 ταύτην
418 4523 551 4592 ἡμῖν
597 4525 899 4579 ὲνεκαίνισε
945 4530 1044 4597 τὴν
1089 4529 1224 4584 ὀδόν.
1267 4529 1601 4600 Βαδιούμεθα
1645 4532 1788 4603 γὰρ,

1871 4526 2119 4578 κηώείο
2165 4542 2260 4595 per
2297 4530 2399 4584 hoc
2448 4546 2545 4586 nos
2582 4535 2839 4588 cumulet.
2877 4537 3156 4604 Quondam
3196 4557 3431 4612 namque

148 4615 268 4667 οὐκ
299 4617 377 4676 εἰς
418 4612 547 4685 ᾇδου
579 4615 774 4682 ποθὲν,
807 4618 1051 4688 ἑψόμεθα
1097 4619 1154 4671 δὲ
1205 4619 1425 4689 μᾶλλονο
1471 4622 1566 4673 καὶ
1606 4623 1747 4675 κατὰ

147 4707 325 4760 τοῦτο
364 4706 512 4775 αὐτῷ
539 4707 618 4776 τῷ
663 4709 841 4779 πιστῷ
871 4711 1068 4784 κτίστῃ
1088 4712 1185 4775 τὰς
1207 4713 1418 4766 ἑαυτῶν
1452 4714 1750 4784 παρατιθέ-

153 4817 321 4870 μενοι
351 4797 527 4869 ψυχὰς
548 4840 563 4865 ,
592 4800 649 4852 ὲν
674 4799 887 4853 ἐλπίσιν
916 4803 1085 4871 ἐσμὲν
1129 4804 1387 4867 ἀναθαῐς·
1434 4806 1618 4874 ἐγερεῖ
1645 4807 1751 4876 γὰρ

149 4892 414 4955 ἅπαντας
441 4894 469 4945 6
495 4891 747 4956 Χριστός.

1863 4616 2112 4671 humana:
2139 4621 2332 4676 auium
2377 4624 2698 4690 corporibus
2723 4637 2901 4681 exutae
2934 4629 3000 4682 ad
3046 4632 3429 4689 subterraneos

1859 4723 2109 4761 carceres
2161 4708 2602 4778 demittebantur,
2656 4717 2847 4769 mortis
2912 4722 3251 4788 receptacula
3321 4725 3430 4780 illic

1851 4799 2187 4865 itnplelurrc:
2222 4811 2278 4853 at
2331 4817 2455 4855 vero
2491 4817 2842 4873 posteaquam
2891 4806 3142 4864 Christus
3179 4814 3428 4881 spiritum

1849 4904 2005 4943 suum
2040 4891 2092 4943 in
2158 4907 2351 4947 manus
2397 4892 2578 4949 Patris
2619 4900 3037 4966 commendavit,
3082 4903 3244 4956 etiam
3291 4905 3430 4960 hanc

1851 4983 1992 5036 viam
2028 4983 2183 5037 nobis
2215 4987 2533 5043 demutavit.
2554 4987 2662 5043 Nec
2694 4991 2836 5044 enim
2875 5009 3016 5046 nunc
3050 4996 3429 5054 descendimus

155 5071 232 5124 ad
277 5070 499 5130 inferos.
536 5071 627 5126 sed
657 5071 849 5126 ducem
885 5080 1128 5127 nostrum
1159 5085 1298 5139 pone
1346 5074 1752 5140 subscquimur,
1796 5073 2100 5143 animisque
2120 5078 2317 5131 nostris
2340 5078 2594 5132 illivcluti
2620 5080 2726 5134 tido
2783 5082 3053 5136 conditori
3095 5087 3424 5154 commissis,

154 5161 436 5225 tantisper
460 5162 600 5214 bona
629 5177 724 5230 spe
750 5162 984 5216 vivimus
1015 5162 1190 5229 quoad
1215 5161 1466 5215 Christus
1499 5163 1780 5219 universos
1823 5164 2043 5218 tandem
2077 5167 2142 5220 ad
2176 5169 2339 5222 vitam
2366 5171 2666 5224 revocabit.

234 5249 380 5314 NCT.
429 5269 446 5298 ι
479 5251 676 5314 Καθὼς
701 5253 982 5307 ἀπέστειλέ
1021 5270 1086 5324 με
1135 5253 1162 5304 6
1191 5251 1298 5316 ζῶν
1331 5253 1538 5323 Πατὴρ,
1584 5253 1741 5322 κάγὼ

145 5341 234 5406 ζῶ
268 5340 354 5392 διὰ
390 5339 479 5391 τὸν
513 5341 765 5411 Πατέρα·
797 5347 890 5397 καὶ
926 5347 954 5398 6
981 5346 1210 5416 τρώγων
1243 5362 1331 5415 με,
1363 5347 1608 5409 κάκεῖνος
1639 5347 1740 5418 ζή-

148 5448 242 5484 σει
274 5443 301 5470 ιι
349 5429 413 5483 δι’
447 5429 611 5499 ἐμέ.)
671 5433 873 5497 Ἡδέως
923 5436 990 5489 ἂν
1041 5437 1323 5507 ἐπυθόμην
1365 5439 1471 5492 τῶν
1519 5440 1598 5502 εἰς
1649 5439 1742 5493 δύο

255 5571 278 5601 ο
304 5567 495 5623 Matth.
527 5585 676 5636 xxvi,
706 5568 799 5626 27.
876 5571 922 5602 '°
957 5570 1087 5626 an.
1121 5587 1301 5636 xxmr,
1333 5574 1424 5630 46.

1925 5253 2062 5309 LVI.
2099 5274 2116 5307 ι
2159 5257 2308 5312 Sicut
2335 5261 2481 5313 misit
2511 5274 2598 5313 me
2634 5261 2817 5315 vivens
2849 5260 3030 5330 Pater,
3060 5276 3112 5321 et
3135 5282 3233 5338 ego

1850 5348 1974 5404 vivo
1999 5359 2220 5417 pmpter
2248 5348 2462 5400 Patrem
2500 5367 2513 5402 :
2547 5361 2601 5402 et
2637 5351 2727 5420 qui
2753 5357 3048 5412 manducet
3077 5375 3186 5420 me,
3222 5371 3278 5413 et
3305 5361 3422 5429 ipse

1849 5440 1992 5495 vivet
2035 5449 2253 5509 propter
2291 5454 2376 5494 mc
2405 5440 2471 5494 δι.
2513 5458 2531 5492 ο
2565 5439 2824 5502 Libenter
2875 5448 2961 5505 hic
2992 5464 3085 5504 eos
3117 5450 3420 5522 interroga-

1503 5577 1546 5608 "
1575 5577 1733 5631 Joan.
1760 5591 1834 5640 vt,
1860 5579 1910 5632 5.

1271 5688 1444 5743 Varia:
1480 5692 1741 5746 lectiones
1779 5692 1982 5746 codicis
2017 5692 2378 5764 Seguteriani.

234 5811 259 5842 ι’
287 5808 672 5877 παρατξοεμκι.
759 5817 777 5844 ⁵
820 5809 935 5863 καθ’
964 5809 1128 5880 ἡμᾶκ
1215 5810 1228 5845 ί
1261 5810 1540 5877 γεγονότα.

1623 5819 1647 5846 υ
1686 5811 1922 5885 ζήσεται.
