4042 6450
634 360 729 416 Mi
742 362 776 416 5

1626 356 1683 409 S.
1725 352 2001 410 CYRILLI
2043 350 2511 408 ALEXANDRINI
2550 351 2875 409 AllClllEl’.

3776 345 3903 401 {H6

629 493 770 539 rem.
800 478 890 545 qui
939 491 1102 531 unum
1148 476 1429 531 Christum
1472 474 1530 529 in
1567 474 1703 528 duos
1756 472 2025 535 dividunt,
2058 481 2199 525 uter-

2314 472 2582 543 Χριστοὺς
2626 472 2971 543 διοριζὸντων
3003 470 3094 523 τὸν
3125 470 3222 523 ἕνα
3246 484 3261 499 ⁶
3299 468 3398 531 Τίς
3448 467 3514 536 δὴ
3551 466 3669 535 ἄρα
3704 465 3854 518 ἐστὶν
3883 466 3907 516 6

630 584 756 624 nam
781 569 868 623 ille
897 568 1076 637 sitqui
1106 583 1135 621 ιι
1165 568 1272 623 Deo
1289 567 1450 621 Patre
1484 566 1704 631 missus,
1729 574 1950 633 propter
1988 564 2203 617 Patrem

628 653 784 717 vivit,
817 661 871 707 et
896 653 966 707 ob
994 653 1047 708 id
1076 653 1324 707 vivincus
1348 651 1608 706 exsistit?
1658 650 1791 705 Nam
1829 652 1872 704 si
1908 650 2051 704 illius
2081 648 2208 704 Ver-

630 748 757 800 bum
795 747 992 799 uudum
1024 759 1119 815 per
1146 760 1204 800 se
1230 745 1466 810 positum
1490 758 1613 799 esse
1649 743 1859 807 dicunt,
1911 740 2205 811 quomodo,

630 852 834 905 qttmso,
867 836 993 890 illud
1023 850 1052 890 a
1080 836 1253 901 nobis,
1290 845 1347 890 ut
1376 836 1624 890 vivamus
1662 850 1759 903 per
1799 834 1955 899 illud,
1986 832 2207 887 mandu-

630 930 830 983 catur?
862 928 996 982 Nam
1020 928 1277 983 divinitas
1304 937 1496 995 suapte
1528 936 1718 981 natura
1741 939 1970 994 corpore
1993 924 2206 992 penitus

630 1028 809 1073 vacat.
854 1019 911 1073 Si
955 1029 1136 1073 autem
1188 1017 1463 1071 hominem
1500 1027 1714 1071 tantum
1737 1031 1834 1085 per
1864 1030 1923 1069 se
1956 1029 2202 1069 seorsum

629 1114 977 1175 conceptum,
1031 1106 1257 1159 missum
1307 1115 1663 1167 asseverant,
1708 1103 1979 1173 quomodo
2028 1103 2205 1156 viviti-

627 1197 785 1251 candi
818 1197 924 1250 vim
975 1208 1043 1252 ex
1092 1211 1157 1250 eo
1200 1198 1383 1263 habet,
1425 1197 1550 1265 quia
1586 1198 1749 1250 vitam
1780 1209 1843 1249 ex
1874 1194 2035 1250 Patre
2066 1195 2205 1249 obti-

630 1288 770 1341 net?
816 1287 1015 1343 Annon
1076 1303 1269 1342 omnes
1306 1296 1574 1355 quotquot
1626 1288 1677 1341 in
1724 1288 1886 1343 terris
1937 1288 2201 1356 degimus,

626 1374 737 1431 Deo
773 1386 829 1431 et
878 1375 1044 1431 Patre
1092 1392 1190 1430 nos
1236 1378 1574 1441 viviﬁcante,
1611 1378 1777 1430 vitam
1811 1377 2066 1447 agimus?
2090 1377 2204 1431 An~

625 1477 734 1515 non
787 1480 805 1513 ι
849 1463 904 1516 In
940 1463 1061 1532 ipso
1098 1464 1352 1525 vivimus,
1402 1478 1685 1517 movemur
1722 1474 1775 1519 et
1818 1478 2006 1519 sumus
2033 1464 2124 1518 "?
2171 1482 2191 1517 ι

624 1552 761 1606 Cum
812 1568 941 1623 ergo
983 1569 1173 1609 omnes
1215 1570 1310 1623 per
1348 1554 1567 1610 Patrem
1622 1556 1890 1623 vivamus,
1933 1558 2205 1627 quomodo

626 1645 787 1697 unius
832 1654 1041 1698 tantum
1106 1644 1343 1699 hominis
1388 1659 1585 1712 corpus
1626 1661 1689 1701 ea
1733 1647 1800 1701 de
1834 1662 1995 1700 causa
2031 1647 2205 1700 viviti-

625 1746 745 1784 cum
771 1732 1145 1799 praedicatur?
1178 1734 1288 1791 Cur
1312 1741 1500 1787 nostra
1547 1750 1761 1803 quoque
1809 1750 2037 1803 corpora
2064 1749 2203 1787 eam-

2310 563 2723 633 ἀπεσταλμένος
2765 563 2918 635 παρά
2948 562 3043 617 τοῦ
3082 560 3218 615 Θεοῦ
3257 560 3351 614 καὶ
3385 558 3630 629 Πατρός,
3667 558 3769 609 καὶ
3807 556 3906 620 ζῶν

2307 655 2374 708 δι’
2399 655 2582 719 αὐτὸν,
2615 656 2875 726 ὑπάρχων
2920 672 2979 708 τε
3024 654 3115 708 διὰ
3158 653 3323 707 τοῦτο
3368 652 3677 717 ζωοποιὸςς
3715 650 3781 703 Εἰ
3820 651 3912 720 μὲν

2307 744 2400 800 οὖν
2439 746 2644 817 γυμνὸς
2671 747 2767 801 καὶ
2810 746 2934 799 καθ’
2962 747 3160 799 ἑαυτὸν
3184 747 3212 799 6
3254 745 3313 810 ἐξ
3354 743 3523 797 αὐτοῦ
3557 743 3766 811 Λόγος,
3801 741 3911 803 πῶς

2309 832 2549 886 ἐσθίεται
2590 834 2729 903 πρὸς
2776 834 2958 904 ἡμῶν,
3006 834 3094 887 ἳνα
3128 832 3385 903 ζήσωμεν
3412 832 3480 885 δι’
3517 831 3733 893 trs-.64;
3768 828 3912 884 ἀσώ-

2310 942 2481 995 ματον
2513 925 2622 995 γὰρ
2649 929 2717 996 τῇ
2748 925 2907 994 φύσει
2938 927 3001 979 τὸ
3029 927 3202 981 Θεῖον.
3235 926 3300 977 ΕΞ
3336 924 3394 977 δὲ
3431 925 3597 994 μόνον
3643 925 3747 975 καὶ
3791 924 3909 975 καθ’

2306 1017 2498 1071 ἑαυτὸν
2538 1017 2827 1088 ἄνθρωπον
2852 1011 2991 1071 εἷναί
3021 1036 3153 1087 φασι
3183 1019 3274 1071 τὸν
3303 1016 3758 1085 ἀπεσταλμένον,
3796 1015 3911 1076 πῶς

2304 1109 2413 1180 ἀρα
2450 1109 2567 1162 ἐστὶ
2605 1109 2885 1174 ζωοποιὸς,
2916 1109 2997 1163 ὅτι
3043 1109 3109 1178 ζῇ
3154 1109 3243 1163 διά
3273 1110 3363 1163 τὸν
3404 1108 3677 1177 Πατέρα;
3714 1106 3911 1159 Καίτοι

2306 1201 2424 1264 πῶς
2462 1201 2561 1271 οὐχ
2599 1201 2837 1264 ἅπαντες
2879 1202 2928 1253 οἱ
2967 1202 3060 1253 ἐπὶ
3107 1201 3208 1269 τῆς
3244 1200 3349 1269 γῆς
3393 1200 3451 1251 ὲν
3486 1197 3665 1262 ζῶσίν
3718 1199 3912 1264 ἐσμεν,

2306 1287 2694 1354 ζωοποιοῦντος
2740 1289 2836 1343 τοῦ
2888 1288 3023 1342 Θεοῦ
3080 1289 3175 1342 ναὶ
3225 1288 3443 1358 Πατρός
3489 1280 3685 1356 ἡμᾶς,
3754 1284 3914 1353 ὲῖπερ

2306 1380 2459 1432 ἐστὶν
2488 1378 2689 1449 ἀληθὲς
2708 1416 2723 1441 ,
2754 1378 2838 1431 ὅτι
2874 1396 2893 1429 ι
2923 1378 3113 1447 Ζῶμεν
3143 1379 3201 1431 ὲν
3229 1376 3404 1445 αὐτῷ,
3442 1378 3538 1429 καὶ
3572 1374 3914 1443 κινούμεθα,

2305 1474 2399 1527 καλ⁸
2436 1472 2635 1543 ἑσμὲν;
2668 1488 2688 1521 ι
2739 1471 2869 1523 Ὅτε
2917 1469 3096 1523 τοίνυν
3147 1468 3330 1539 ζῶμεν
3379 1468 3628 1529 ἅπαντες
3677 1466 3778 1518 διὰ
3826 1464 3917 1517 τὸν

2305 1561 2545 1632 Πατέρα,
2578 1560 2692 1623 πῶς
2726 1560 2791 1630 δὴ
2828 1559 2989 1629 μόνον
3022 1558 3083 1611 τὸ
3132 1556 3251 1619 ἐνὸς
3294 1555 3591 1628 ἀνθρώπου
3635 1555 3811 1623 σῶμα
3858 1554 3917 1604 τὸ

2305 1654 2493 1706 ποιοῦν
2528 1655 2642 1706 ἐστι
2675 1652 2855 1717 τοῦτο,
2882 1652 2980 1703 καὶ
3005 1649 3128 1720 οὐχὶ
3172 1648 3373 1719 μᾶλλον
3412 1649 3515 1718 τὴν
3546 1647 3732 1717 αὐτὴν
3765 1648 3918 1715 ἐνέρ-

2305 1762 2459 1814 γειαν
2504 1745 2618 1815 ἔχει
2657 1746 2754 1798 καὶ
2784 1744 2853 1796 τὰ
2884 1744 3110 1814 ἑτέρων,
3145 1741 3303 1812 εἰπερ
3337 1740 3602 1803 ἅπαντες,
3636 1739 3718 1801 ὡς
3752 1738 3913 1807 ἔφην,

626 1824 745 1877 dem
798 1833 1123 1890 potestatem
1188 1826 1380 1891 adepta
1435 1825 1661 1879 minime
1705 1834 1872 1887 sunt,
1936 1826 2199 1894 siquidem

2306 1836 2475 1905 ἐσμέν
2507 1853 2564 1887 τε
2615 1837 2710 1888 καὶ
2740 1833 2926 1904 ζῶμεν
2954 1833 3043 1886 διὰ
3085 1832 3178 1885 τὸν
3224 1832 3484 1902 Πατέρα;
3517 1831 3587 1883 Τί
3624 1826 3729 1883 οὖν
3780 1830 3916 1899 πρὸς

621 1926 830 1977 omnes,
882 1924 940 1963 ut
981 1911 1121 1974 dixi,
1178 1929 1274 1982 per
1327 1912 1543 1967 Patrem
1596 1914 1832 1969 vivimus
1876 1924 1931 1969 et
1976 1916 2202 1969 sumus?

624 2002 829 2071 Ecquid
872 2018 1003 2073 ergo
1050 2006 1117 2057 ad
1168 2007 1283 2059 haec
1311 2005 1593 2059 dicemus?
1634 2004 1728 2061 Dei
1784 2005 2045 2073 Verbum,
2076 2022 2199 2061 cum

622 2096 675 2148 in
714 2097 947 2148 humana
1003 2095 1178 2151 forma
1219 2099 1501 2166 apparuit,
1539 2098 1818 2167 apostolus
1846 2097 1966 2165 fuit,
1990 2099 2093 2153 hoc
2119 2108 2203 2153 est

623 2185 841 2238 missus.
872 2203 891 2235 ι
926 2185 1150 2241 Missum
1184 2198 1269 2242 est
1303 2189 1445 2242 enim
1480 2188 1549 2243 ad
1591 2190 1992 2257 praedicandum
2018 2190 2195 2259 capti-

620 2276 701 2328 vis
755 2276 1160 2342 remissionem,
1210 2288 1265 2332 et
1293 2280 1453 2333 cmcis
1493 2279 1667 2333 visum
1695 2279 1761 2332 ³³.
1796 2297 1815 2331 ι
1850 2279 1993 2334 Vivit
2016 2290 2197 2334 autem

622 2377 842 2435 prapter
871 2367 1112 2434 Patrem,
1148 2371 1273 2438 quia
1300 2384 1369 2424 ex
1399 2370 1613 2425 vivente
1634 2368 1797 2424 Patre
1826 2370 2070 2439 genitum
2090 2382 2197 2425 est.

622 2456 873 2525 Oportuit
904 2458 1051 2513 enim
1095 2460 1275 2514 modis
1304 2460 1558 2515 omnibus
1595 2474 1721 2514 eum
1758 2461 1923 2514 vitam
1956 2475 2077 2515 esse
2108 2476 2197 2515 se-

619 2546 855 2597 cundum
883 2556 1156 2611 naturam,
1194 2549 1285 2617 qui
1316 2564 1380 2603 ex
1409 2548 1624 2603 vivente
1649 2559 1706 2603 et
1737 2549 1846 2603 vita
1882 2551 1991 2605 Deo
2036 2550 2201 2606 Patre

619 2647 799 2686 ortum
843 2634 1097 2688 ducebat.
1163 2636 1431 2702 Quoniam
1482 2650 1614 2690 vero
1664 2652 1867 2707 corpus
1924 2653 1991 2693 ex
2044 2654 2198 2694 sacra

626 2720 848 2791 Virgine
876 2730 1155 2792 sumptum
1194 2725 1298 2779 sibi
1329 2726 1545 2792 ascivit,
1579 2726 1707 2782 fecit
1740 2728 1869 2782 illud
1898 2729 2198 2796 vivilicum,

619 2823 675 2867 et
712 2814 765 2867 id
794 2815 1013 2884 quidem
1045 2817 1335 2871 admodum
1370 2833 1609 2889 congrue
1638 2820 1661 2873 ?
1700 2819 1796 2876 Est
1818 2822 1964 2875 enim
1999 2837 2198 2890 corpus

618 2904 745 2959 vitae
782 2906 965 2960 omnia
1009 2906 1355 2964 viviﬁcanlis.
1396 2909 1503 2965 Fas
1532 2911 1716 2981 itaque
1747 2926 1853 2967 non
1886 2924 1969 2967 est
2031 2930 2198 2969 unum

622 2993 819 3049 Filium
871 3006 927 3050 et
973 2995 1252 3053 Christum
1297 3009 1353 3054 et
1410 3000 1697 3057 Dominum
1753 3002 1808 3057 in
1861 3005 1998 3059 duos
2058 3005 2199 3059 iiiios

621 3090 951 3155 dispertire:
991 3090 1260 3159 siquidem
1317 3093 1459 3147 idem
1516 3094 1633 3162 ipse
1685 3104 1739 3147 et
1785 3096 1890 3148 vita
1919 3106 2023 3157 est,
2056 3112 2197 3163 quo-

621 3182 766 3235 niam
819 3195 887 3235 ex
943 3182 1052 3234 vita
1103 3183 1429 3252 viventeque
1475 3183 1636 3239 Patre
1691 3196 1848 3241 natus
1882 3195 1984 3249 est,
2018 3198 2071 3243 et
2106 3167 2271 3257 perc

620 3271 899 3341 proprium
929 3286 1130 3341 corpus
1165 3288 1385 3327 rursum
1424 3274 1669 3331 viviﬁcus
1699 3284 1804 3341 est,
1844 3286 2027 3348 utpote
2060 3278 2200 3335 Deus

621 3360 783 3416 homo
814 3362 1008 3416 similis
1029 3362 1186 3418 nobis
1218 3362 1465 3419 eﬂectus.

691 3452 844 3507 LVII.
876 3472 895 3505 ι
942 3454 1098 3511 Sicut
1128 3458 1273 3511 enim
1308 3459 1476 3514 Pater
1516 3458 1681 3513 vitam
1718 3460 1881 3515 habet
1909 3462 1964 3516 in
2000 3473 2201 3519 semet-

620 3545 755 3613 ipso,
808 3546 887 3601 sic
913 3545 1060 3600 dedit
1093 3557 1147 3601 et
1179 3548 1316 3605 Filio
1346 3550 1515 3604 vitam
1542 3550 1744 3605 habere
1768 3552 1822 3605 in
1853 3552 2149 3623 semetipso
2179 3573 2193 3609 :

618 3645 672 3691 et
705 3646 1032 3706 potestatem
1060 3641 1209 3697 dedit
1253 3642 1303 3695 ei
1343 3652 1398 3697 et
1421 3642 1691 3713 judicium
1722 3643 1924 3711 facere,
1957 3648 2082 3716 quia
2108 3648 2199 3703 Fi-

618 3730 723 3785 lius
777 3733 1015 3789 hominis
1062 3744 1146 3791 est
1187 3736 1257 3791 “.
1306 3755 1327 3788 ι
1380 3738 1449 3792 At
1488 3738 1767 3808 quomodo
1816 3739 2061 3809 (quaerat
2113 3740 2199 3795 hic

617 3825 925 3895 quispiam)
984 3844 1003 3877 ι
1048 3826 1209 3882 Pater
1263 3829 1429 3883 vitam
1479 3830 1643 3885 habet
1700 3831 1751 3884 in
1786 3833 2132 3901 semetipso?
2174 3851 2191 3885 ι

617 3913 869 3985 Nunquid
932 3918 1153 3973 aliunde
1191 3929 1513 3990 acceptam,
1558 3920 1640 3975 vel
1696 3921 1764 3976 ab
1819 3921 1927 3977 alio
1970 3924 2196 3977 datam?

619 4009 996 4078 Nequaquam.
1053 4010 1199 4065 lstud
1252 4027 1487 4081 namque
1543 4014 1743 4069 docere
1807 4015 1895 4069 vel
1952 4016 2193 4084 opinari,

616 4102 745 4170 quid
773 4111 922 4156 esset
959 4101 1105 4156 aliud
1147 4104 1251 4157 nisi
1298 4114 1551 4173 apertum
1598 4105 1848 4159 delirium
1876 4106 1898 4159 ?
1926 4106 2040 4161 lmo
2068 4121 2196 4161 vero

614 4194 746 4265 quid
777 4195 881 4249 nisi
925 4196 1217 4250 manifesta
1254 4197 1516 4252 adversus
1553 4197 1878 4252 ineﬂ'abilem
1913 4199 2062 4253 illam
2099 4214 2196 4252 na-

618 4297 795 4341 turam
838 4286 1219 4355 blasphemia?
1268 4288 1451 4342 Primo
1502 4303 1757 4357 namque,
1800 4290 1844 4342 si
1874 4289 1980 4342 vita
2031 4304 2193 4357 quam

615 4382 802 4445 habet,
850 4380 917 4433 ab
961 4380 1079 4449 ipso
1134 4380 1349 4433 diversa
1400 4379 1561 4440 foret,
1624 4382 2002 4432 universorum
2050 4378 2195 4430 Deus

615 4487 721 4528 non
762 4479 908 4526 esset
938 4481 1130 4524 natura
1161 4471 1405 4539 quaedam
1444 4472 1605 4541 178
1627 4471 1882 4539 simplex,
1923 4471 2016 4523 sed
2048 4484 2195 4523 cam-

614 4563 811 4629 posita.
839 4563 920 4615 Ad
948 4563 1082 4625 haec,
1122 4562 1168 4615 si
1197 4562 1365 4614 vitam
1412 4563 1641 4614 aliunde
1684 4561 1965 4627 accepisse
1997 4568 2194 4613 statue-

615 4666 789 4721 retur,
826 4654 870 4709 is
903 4654 1089 4721 utique
1131 4655 1221 4721 qui
1262 4656 1426 4706 vitam
1472 4670 1575 4708 non
1621 4654 1838 4707 habenti
1868 4652 2192 4721 impertiret,

613 4754 751 4804 citra
809 4762 1028 4802 omnem
1079 4748 1507 4801 controversiam
1578 4747 1759 4799 multis
1809 4747 2050 4814 partibus
2102 4746 2194 4798 illo

614 4844 809 4910 major,
836 4840 1103 4907 bonisque
1126 4838 1379 4893 omnibus
1410 4838 1739 4891 cumulatior
1765 4837 1923 4890 foret.
1951 4836 2195 4904 Denique

615 4935 959 4997 existimare,
1010 4932 1125 4986 haec
1176 4931 1247 4984 ita
1295 4930 1536 4989 habere,
1598 4930 1699 4981 hoc
1758 4938 1859 4990 est,
1910 4928 2194 4996 imaginari

2231 4529 2269 4581 D

616 5026 783 5078 Deum
837 5023 1055 5078 Patrem
1100 5024 1271 5077 vitam
1306 5019 1546 5084 aliunde,
1575 5028 1630 5072 et
1654 5019 1809 5087 quasi
1839 5017 2194 5071 atlventitiam

614 5109 910 5171 obtinere;
959 5111 1062 5162 hoc
1110 5112 1243 5163 nihil
1286 5109 1432 5163 aliud
1470 5116 1635 5171 esset,
1667 5115 1723 5159 ut
1749 5106 1883 5170 dixi,
1906 5121 2067 5175 quam
2098 5109 2194 5157 ab-

615 5199 942 5254 surdissime
985 5200 1241 5254 delirare;
1290 5201 1463 5255 Habet
1514 5202 1697 5269 itaque
1742 5198 1902 5251 Pater
1942 5198 2109 5250 vitam
2142 5195 2191 5247 in

618 5293 911 5362 semetipso
958 5306 1061 5345 non
1107 5292 1397 5346 ascititiam
1433 5294 1513 5347 vel
1543 5292 1923 5356 adventitiam,
1968 5289 2063 5344 sed
2097 5303 2193 5341 na-

686 5451 732 5481 "
756 5450 911 5505 Jouu.
953 5467 1081 5516 xvii,
1112 5448 1203 5505 '28.
1282 5449 1326 5479 ³³
1359 5449 1456 5503 lsa.
1490 5468 1597 5516 LXI,
1626 5454 1650 5506 1
1680 5471 1693 5517 ;
1729 5451 1857 5507 Luc.
1900 5468 1975 5517 IV,
2013 5449 2212 5514 18,19.

2305 1924 2479 1979 ταῦτὰ
2513 1942 2734 1995 φαμεν;
2776 1924 3095 1987 Ἀπόστολος
3124 1925 3533 1993 κεχρημάτικεν
3558 1924 3589 1975 6
3628 1922 3732 1975 τοῦ
3780 1922 3916 1974 Θεοῦ

2304 2016 2493 2084 Λόγος,
2524 2018 2585 2069 ὲν
2610 2016 2926 2087 ἀνθρωπεία
2965 2017 3148 2086 μορφῇ
3188 2014 3444 2084 πεφηνὼς
3471 2032 3485 2045 ·
3524 2034 3544 2067 ί
3589 2016 3920 2084 Ἀπεστὰλῃ

2302 2110 2410 2181 γὰρ
2458 2108 2692 2181 κηρύξαι
2733 2118 2761 2147 τ
2810 2108 3178 2178 αἰχμαλώτοις
3237 2109 3463 2177 ἄφεσιν,
3515 2108 3618 2160 καὶ
3683 2108 3917 2176 τυφλοῖς

2300 2201 2617 2271 ἀνάὸλεψιν.
2643 2219 2663 2255 ι
2700 2204 2775 2272 Ζῇ
2807 2200 2864 2254 δὲ
2888 2200 2977 2254 διὰ
3012 2200 3101 2253 τὸν
3131 2199 3353 2269 Πατέρα
3376 2215 3390 2229 ·
3424 2199 3775 2267 γεγέννηται
3809 2201 3918 2268 γὰρ

2302 2294 2367 2346 ὲκ
2406 2293 2608 2357 ζῶντος
2646 2291 2881 2363 Πατρός.
2914 2290 3063 2343 Ἔδει
3109 2291 3253 2362 γὰρ,
3302 2291 3409 2343 ἔδει
3460 2290 3653 2359 πάντη
3703 2307 3773 2343 τε
3822 2291 3920 2343 καὶ

2304 2385 2521 2447 πάντως
2561 2383 2703 2437 κατά
2738 2383 2899 2452 φύσιν
2921 2381 3061 2437 εἶναι
3097 2383 3242 2454 ζωὴν
3268 2382 3359 2435 τὸν
3386 2383 3451 2434 ὲκ
3476 2381 3693 2445 ζῶντός
3725 2399 3791 2434 τε
3827 2383 3921 2433 καὶ

2303 2473 2451 2544 ζωῆς
2478 2475 2572 2528 τοῦ
2594 2474 2728 2527 Θεοῦ
2753 2475 2846 2528 καὶ
2871 2475 3084 2545 Πατρὸς
3110 2474 3467 2543 ἐκπεφυκότα
3491 2474 3653 2526 Υίόν.
3692 2473 3923 2541 Ἐπειδὴ

2302 2566 2360 2617 δὲ
2390 2566 2519 2617 [διον
2561 2566 2854 2635 ἐποιήσατο
2884 2566 2946 2617 τὸ
2987 2566 3148 2634 σῶμα
3188 2564 3249 2615 τὸ
3289 2565 3354 2616 ὲκ
3386 2565 3488 2630 τῆς
3540 2565 3718 2631 ἁγίας
3767 2567 3922 2634 Παρ-

2303 2653 2458 2707 Θένου
2488 2654 2715 2726 ληφθὲν,
2747 2653 3011 2719 ζωοποιὸν
3036 2654 3320 2723 ἀπέφηνεν
3346 2653 3482 2705 αὐτὸ
3523 2655 3627 2707 καὶ
3666 2656 3819 2723 μάλα
3847 2657 3923 2707 εἰ·

2302 2746 2507 2809 κότωςο
2542 2744 2703 2816 σῶμα
2735 2746 2844 2816 γάρ
2895 2746 3012 2797 ἐστι
3044 2744 3147 2815 τῆς
3190 2745 3257 2798 τά
3290 2745 3473 2799 πάντα
3524 2746 3921 2815 ζωογονούσης

2302 2837 2467 2906 ζωῆς.
2501 2836 2713 2889 Οὐκοῦν
2754 2837 2816 2889 οὑ
2849 2836 3149 2905 διαιρετέον
3198 2837 3280 2900 είς
3315 2838 3468 2898 υἱοὺς
3524 2837 3628 2890 δύο
3677 2839 3781 2891 τὸν
3830 2842 3921 2889 ἕνα

2302 2925 2431 2978 Υίὸν
2472 2926 2566 2978 καὶ
2598 2926 2833 2994 Χριστὸν
2882 2928 2979 2979 καὶ
3012 2925 3239 2998 Κύριον.
3287 2927 3465 2996 Εἴπερ
3500 2928 3664 2979 ἐστὶν
3700 2930 3731 2980 6
3761 2930 3921 2989 αὐτὸς

2304 3016 2418 3085 ζωὴ
2456 3017 2555 3085 μὲν
2599 3015 2673 3078 ὡς
2714 3019 2778 3069 ὲκ
2811 3016 2957 3086 ζωῆς
2992 3018 3086 3068 καὶ
3118 3016 3320 3079 ζῶντος
3356 3018 3609 3087 Πατρὸς,
3652 3018 3921 3082 ζωοποιῇς

2302 3104 2361 3157 δὲ
2392 3106 2486 3157 καὶ
2517 3106 2606 3159 διὰ
2630 3105 2725 3158 τοῦ
2759 3105 2889 3157 ίδίου
2925 3106 3198 3175 σώματος,
3227 3107 3303 3169 ὡς
3333 3108 3453 3159 καθ’
3478 3110 3642 3178 ἡμᾶς
3680 3110 3921 3178 γεγονὼς

2307 3195 2406 3249 καὶ
2431 3196 2859 3268 ὲνανθρωπήσας
2892 3198 3043 3261 Θεός.

2376 3460 2499 3515 NZ'.
2551 3478 2569 3511 ι
2598 3460 2811 3530 Ὥσπερ
2840 3476 2950 3529 γαρ
2977 3461 3005 3512 6
3047 3458 3237 3531 Πατὴρ
3281 3459 3393 3529 ἔχει
3425 3457 3585 3530 ζωὴν
3620 3460 3688 3513 ὲν
3724 3458 3920 3529 ἐαυτῷ»

2307 3553 2451 3607 οὕτω
2478 3554 2573 3607 καὶ
2611 3552 2690 3624 τῷ
2719 3552 2834 3624 Υίῷ
2868 3553 3070 3605 δέδωκε
3103 3551 3250 3621 ζωὴν
3284 3552 3430 3621 ἔχειν
3459 3554 3525 3604 ὲν
3569 3554 3799 3623 ὲαυτῷ·
3834 3554 3923 3604 καὶ

2307 3644 2555 3713 ἐξουσίαν
2596 3644 2792 3698 ἔδωκεν
2838 3644 2986 3714 αὺτῴ
3032 3645 3127 3698 καὶ
3165 3645 3346 3714 κρίσιν
3396 3648 3607 3710 ποιεῖν,
3660 3647 3751 3699 ὅτι
3798 3646 3921 3705 Tib;

2306 3737 2592 3808 ἀνθρώπου
2642 3738 2778 3794 ἐστί.
2820 3756 2837 3787 ι
2894 3738 3028 3790 Τίνα
3065 3738 3130 3807 δὴ
3181 3738 3387 3807 τρόπον
3435 3739 3672 3809 οἰηθείη
3723 3759 3811 3801 τις
3856 3740 3920 3792 ἂν

2306 3829 2451 3900 ἔχειν
2510 3832 2569 3882 ὲν
2612 3829 2791 3900 ἑαυτῴ
2829 3832 2927 3899 τὴν
2975 3829 3122 3898 ζωὴν
3173 3830 3263 3882 τὸν
3314 3829 3580 3900 Πατέρα;
3640 3830 3765 3905 ἆρα
3813 3833 3919 3902 γὰρ

2305 3918 2501 3984 ἔξωθεν
2554 3919 2646 3971 καὶ
2680 3920 3122 3990 είσκεκριμένην,
3170 3918 3265 3973 καὶ
3313 3922 3448 3990 παρ’
3478 3922 3693 3992 ἐτέρου
3746 3924 3918 3977 6005i-

2306 4027 2443 4075 σαν;
2485 4010 2675 4063 Καίτοι
2711 4012 2829 4075 πῶς
2858 4012 2918 4063 οὐ
2950 4012 3112 4083 λῆρος
3149 4012 3215 4065 ἂν
3245 4012 3333 4081 εἴη
3363 4012 3530 4066 τοῦτό
3567 4032 3634 4081 γε
3672 4019 3917 4087 φρονεῖν,

2304 4104 2336 4174 ἢ
2368 4103 2574 4171 λέγειν;
2608 4103 2719 4172 ἔχει
2758 4103 2863 4173 γὰρ
2892 4104 2953 4155 οὐ
2991 4103 3221 4174 μετρίαν
3258 4105 3286 4156 6
3326 4103 3487 4171 λόγος
3520 4106 3625 4175 τῆς
3663 4109 3919 4177 ἀπορρή-

2303 4211 2397 4245 του
2442 4194 2655 4262 φύσεως
2692 4193 2789 4259 τὴν
2822 4194 3183 4263 κατὰρρησιν.
3237 4192 3462 4263 Πρῶτον
3518 4196 3625 4262 μὲν
3664 4198 3779 4267 γὰρ
3819 4199 3919 4261 οἱιχ

2304 4286 2508 4349 ἁπλοῦς
2557 4286 2637 4338 ἔτι
2674 4286 2773 4356 τὴν
2808 4285 2968 4356 φύσιν
2994 4288 3022 4339 6
3063 4286 3173 4337 τῶν
3211 4285 3349 4337 ὅλων
3396 4286 3559 4340 ἔσται
3592 4290 3761 4353 Θεὸς,
3797 4292 3920 4343 civ-

2304 4378 2455 4440 οετος
2484 4377 2540 4430 δὲ
2584 4378 2805 4448 μᾶλλον,
2838 4378 2996 4447 εἴπερ
3028 4378 3175 4429 ἐστὶν
3212 4377 3376 4447 ἑτέρα
3418 4381 3555 4449 παρ’
3590 4382 3767 4434 αὑτὸν
3798 4385 3834 4449 ἡ
3866 4386 3921 4434 ἐν

2303 4468 2450 4539 αὑτῷ
2482 4468 2618 4540 ζωή.
2652 4470 2755 4539 Εἷη
2782 4470 2826 4521 δ’
2852 4470 2917 4523 ἂν
2949 4470 3041 4522 καὶ
3070 4468 3271 4538 μείζων
3305 4471 3496 4536 αὑτοῦ,
3530 4476 3630 4526 καὶ
3668 4478 3728 4528 ἐν
3759 4478 3922 4545 ἀμεί-

2300 4577 2446 4612 νοσιν
2484 4561 2851 4632 ἁσυγκρίτως,
2884 4563 2913 4613 ὁ
2949 4560 3023 4623 ὼς
3062 4561 3163 4613 οὐκ
3208 4560 3387 4629 ἔχοντι
3422 4562 3552 4627 δοὺς
3588 4566 3694 4636 τὴν
3744 4569 3919 4637 ζωὴν,

2302 4651 2460 4721 εἴπερ
2500 4651 2637 4715 ὅλως
2684 4652 2836 4721 ἁλοίη
2872 4650 3071 4706 λαϐὼν.
3112 4652 3252 4705 Ἀλλ’
3280 4652 3455 4718 ἐστιν,
3487 4655 3568 4717 ὡς
3603 4657 3776 4729 ἔφην,
3813 4662 3922 4712 τὼν

2300 4742 2440 4809 ἄγαν
2468 4744 2863 4814 ἀπηχεστὰτων
2890 4746 2949 4796 τὸ
2972 4736 3073 4797 ὧδὲ
3100 4762 3158 4797 τε
3184 4744 3326 4815 ἔχειν
3351 4746 3570 4800 οἴεσθαι
3602 4754 3795 4815 ταυτὶ,
3829 4754 3923 4805 καὶ

2304 4832 2535 4903 ΘύραΘεν
2566 4838 2762 4889 ἐννοεῖν
2792 4837 3288 4906 είσκεκομισμένην
3324 4838 3469 4889 ἑλεῖν
3501 4840 3605 4907 τὴν
3640 4843 3799 4911 ζωὴν
3832 4844 3924 4893 τὸ)

2298 4924 2430 4976 Θεὸν
2473 4928 2563 4977 καὶ
2606 4928 2841 4996 Πατέρα.
2874 4930 3028 4996 Ἔχει
3065 4929 3243 4980 τοίνυν
3285 4931 3346 4979 ὲν
3384 4932 3572 4997 ἐαυτῷ
3615 4934 3723 4999 τὴν
3770 4933 3924 5001 ζωὴν

2300 5016 2399 5066 οὐκ
2444 5018 2733 5087 ἐπίκτητον
2766 5020 2798 5088 ἢ
2829 5020 3280 5089 εἰσκεκριμένως,
3316 5022 3570 5086 φυσικῶς
3606 5022 3666 5073 δὲ
3708 5028 3925 5094 μᾶλλον

2300 5106 2712 5175 ἐνυπάρχουσαν
2738 5125 2797 5159 τε
2844 5108 3016 5174 αὐτῷ,
3050 5108 3143 5158 καὶ
3182 5108 3417 5178 οὐσιώδη
3468 5113 3713 5181 καρπόν,
3755 5116 3923 5169 Οὕτω

2300 5198 2525 5250 δέδωκεν
2558 5198 2700 5267 ἔχειν
2749 5200 2841 5252 καὶ
2889 5199 2968 5269 τῷ
3001 5199 3115 5269 Υἱῷ
3156 5199 3255 5270 τὴν
3294 5200 3463 5273 ζωήν.
3498 5200 3639 5259 Εἶτα
3688 5208 3820 5273 πῶς
3860 5212 3923 5262 ἂν

2300 5289 2515 5342 δύναιτο
2548 5290 2728 5344 λαϐὼν
2757 5294 2785 5345 6
2815 5291 2964 5357 Υἱὸς,
2999 5290 3271 5359 οὐσιωδῶς
3302 5295 3448 5367 ἔχειν
3490 5299 3551 5354 ὲν
3580 5300 3770 5371 ἑαυτῷ
3820 5304 3923 5371 τὴν

2289 5450 2335 5481 ⁵³
2358 5448 2516 5505 Joan.
2548 5467 2599 5510 v.
2627 5453 2719 5507 ‘18.

1720 5608 1894 5665 Variae
1925 5609 2182 5666 lectiones
2208 5610 2411 5667 codicis
2440 5610 2797 5681 Seguieriani.

697 5753 721 5783 ν
746 5745 1016 5815 κηρύξων.
