4042 6500
145 407 263 465 ΜΠ

910 407 1002 462 AD
1039 404 1334 462 IIEGINAS
1375 407 1460 463 DE
1503 407 1728 465 RECTA
1773 409 1932 464 FIDE
1971 407 2228 466 OIIATIO
2268 407 2573 464 ALTERA.

3217 405 3356 464 1418

139 528 299 600 ζωήν;
329 528 479 582 Τουτὶ
514 529 645 600 γὰρ,
673 525 848 599 οἶμαι,
883 529 1016 599 φαίη
1055 547 1138 593 τις
1183 531 1268 586 ἄν.
1306 532 1456 601 Ἔχει
1497 532 1674 586 τοίνυν
1703 579 1713 596 Α

1787 533 2032 588 turaliter
2078 530 2255 603 potius
2301 530 2460 599 quasi
2531 525 2939 583 substantialem
3013 525 3246 581 fructum
3298 524 3352 580 in

137 621 200 684 ὡς
241 621 293 685 ἐξ
329 620 478 676 αὐτοῦ
523 620 663 674 κατὰ
709 619 870 690 φύσιν
927 621 1218 691 ὑπάρχων,
1250 621 1309 674 ὲν
1352 621 1528 674 ἑαυτῶ
1568 623 1669 694 τὴν

134 712 283 786 ζωὴν,
305 715 420 767 καθὸ
446 717 647 768 νοετται
670 715 820 777 Θεός.
846 713 1069 784 Δέχεται
1095 714 1150 766 δὲ
1182 714 1380 784 μᾶλλον
1411 715 1548 785 μετὰ
1577 712 1669 768 τοῦ

136 804 216 858 καὶ
247 806 426 876 κρίνειν
463 807 650 877 αὐτὴν.
683 806 861 860 καίτοι
894 807 1084 877 κριτὴς
1125 807 1388 877 ὑπάρχων
1412 806 1487 871 ὡς
1520 805 1666 871 Θεός.

135 898 230 949 Καὶ
261 899 331 961 τίς
363 898 420 952 ἂν
452 898 536 969 εἴη
571 897 665 951 τοῦ
711 899 898 952 λαϐεῖν
925 900 953 951 6
981 898 1183 970 τρόπος
1203 940 1218 964 ,
1263 898 1460 966 διδάξει
1498 899 1672 967 λέγων

130 989 294 1051 αὐτὸς,
319 990 387 1043 ὅτι
417 1007 434 1040 ι
465 989 593 1052 Υἰὸς
626 989 914 1060 ἀνθρώπου
938 989 1104 1044 ἐστίν.
1129 1010 1146 1040 ι
1175 991 1248 1042 Οὐ
1280 990 1386 1061 γὰρ
1423 989 1552 1042 ἴδιον
1575 992 1672 1043 ἁν-

134 1080 328 1148 θρώπου
346 1081 398 1133 τὸ
418 1079 672 1133 δύνασθαι
696 1080 906 1135 οἴκοθεν
927 1081 1070 1150 ἔχειν
1091 1080 1190 1150 τὴν
1213 1081 1374 1150 ζωήν.
1407 1099 1426 1132 ι
1458 1080 1676 1151 Ἐπειδὴ

124 1173 177 1224 δὲ
220 1171 333 1224 ἴδ’.ον
369 1171 553 1240 γέγονε
592 1171 684 1224 τοῦ
721 1172 922 1237 ζῶντος
976 1172 1152 1242 Λόγου
1202 1173 1262 1225 τὸ
1297 1173 1494 1225 ὲνωθὲν
1527 1173 1677 1242 αὐτῷ

131 1263 291 1332 σῶμα,
319 1263 474 1333 ταύτῃ
513 1281 594 1316 τοι
627 1264 722 1315 καί⁵
761 1265 906 1334 μάλα
935 1265 1190 1328 εἰκότως,
1221 1264 1296 1327 ὡς
1343 1263 1480 1333 ἔχων
1512 1262 1676 1316 αὐτοῦ

125 1358 217 1426 τὴν
257 1357 497 1421 ζωοποιὸν
540 1356 841 1426 ἐνέργειαν,
895 1358 1077 1411 λαϐεῖν
1111 1357 1326 1425 λέγεται
1370 1356 1467 1426 τὴν
1508 1354 1676 1424 ζωήν.

127 1449 405 1504 Οἰκειοῦται
432 1449 487 1502 δὲ
523 1449 684 1503 πάλιν
710 1450 768 1503 τὸ
799 1450 989 1522 χρῆμα
1017 1449 1200 1516 αὐτὸς,
1228 1443 1288 1503 οὗ
1314 1448 1407 1501 καὶ
1433 1448 1559 1501 ἴδιον
1589 1447 1681 1515 γέ-

123 1557 243 1608 γονε
274 1540 413 1610 σῶμα
441 1540 501 1594 τὸ
536 1541 776 1611 εἰληφός.

119 1641 200 1685 est
236 1631 420 1685 homini
471 1633 636 1686 vitam
671 1651 700 1687 ιι
742 1633 1035 1702 semetipso
1077 1632 1277 1686 habere
1311 1645 1469 1698 posse
1505 1648 1518 1682 :
1578 1629 1670 1684 sed
1711 1630 1838 1699 quia
1910 1643 2105 1698 corpus
2154 1630 2335 1685 Verbo
2381 1631 2590 1684 unitutn
2647 1629 2879 1685 viventis
2924 1628 3083 1684 Verbi

1779 626 1964 694 seipso
1989 625 2364 679 exsistentem.
2404 622 2583 691 Atque
2633 620 2699 674 ad
2747 620 2998 676 eumdem
3047 619 3264 675 modum
3299 627 3357 674 et

1778 719 1918 774 Filio
1960 734 2176 788 quoque
2227 718 2395 773 vitam
2429 716 2483 770 in
2517 716 2811 786 semetipso
2841 716 3041 770 habere
3079 714 3248 768 dedit.
3281 712 3353 768 Et

1779 816 2052 883 quomodo
2083 812 2275 875 Filius,
2301 826 2422 866 cum
2456 810 2621 864 vitam
2656 825 2683 862 a
2717 809 2877 864 Patre
2902 808 3194 876 acceperit,
3219 805 3352 860 sub-

1781 905 2106 960 stantialiter
2153 920 2270 959 eam
2317 903 2368 958 in
2412 919 2470 958 se
2512 903 2686 973 possit
2734 900 3068 956 habere?”
3103 913 3356 968 namque,

1783 1003 1842 1049 ut
1867 1004 2020 1064 puto,
2053 994 2252 1063 aliquis
2277 993 2456 1048 dicere
2489 993 2684 1062 possit.
2718 990 2890 1045 Ilaliet
2923 1003 3052 1059 ergo
3079 999 3132 1042 et
3163 987 3355 1048 Filius.

1783 1099 1905 1138 cum
1935 1085 2002 1138 ab
2042 1084 2159 1153 ipso
2181 1082 2346 1136 Patre
2376 1082 2668 1136 secundum
2701 1090 2953 1133 naturam
2980 1080 3070 1141 sit,
3109 1077 3275 1130 vitam
3303 1075 3359 1129 in

1785 1177 1985 1245 seipso,
2025 1187 2187 1246 prout
2219 1176 2359 1230 Deus
2385 1184 2507 1230 est:
2542 1183 2599 1228 at
2628 1188 2758 1228 vero
2796 1187 2899 1226 una
2935 1186 3056 1226 cum
3079 1167 3360 1239 judicandi

1783 1276 2050 1337 potestate
2111 1267 2257 1319 illam
2305 1266 2587 1334 accepisse
2646 1264 2883 1329 dicitur,
2933 1273 3048 1317 esto
3102 1271 3160 1315 ut
3209 1260 3352 1316 Deus

1784 1359 2023 1413 omnium
2043 1357 2208 1425 judex
2235 1359 2483 1412 exsistat.
2510 1357 2677 1412 Porro
2695 1367 2875 1412 autem
2905 1371 3024 1425 qua:
3055 1354 3361 1424 suscipien-

1785 1449 1836 1502 di
1869 1450 2323 1515 exstiteritratio,
2375 1451 2429 1504 id
2487 1451 2600 1520 ipse
2655 1451 2914 1514 insinuat,
2980 1450 3106 1502 dum
3166 1447 3358 1501 addit:

1789 1556 1808 1589 ι
1843 1537 1980 1604 Quia
2021 1537 2191 1593 Filius
2249 1541 2482 1595 hominis
2510 1548 2614 1596 est.
2655 1557 2674 1592 1
2716 1538 2830 1594 Νοη
2883 1538 3029 1593 enim
3079 1537 3360 1607 proprium

3162 1625 3363 1680 factum

119 1731 198 1776 est
243 1721 526 1791 proprium,
590 1732 900 1792 propterea,
945 1727 1002 1775 et
1033 1721 1083 1776 id
1152 1721 1376 1791 quidem
1407 1718 1699 1773 admodum
1775 1719 2182 1783 convenienter,
2243 1719 2409 1773 vitam
2479 1721 2756 1788 accepisse
2813 1721 3057 1783 dicitur,
3110 1727 3366 1787 tanquam

118 1819 369 1872 vivitieam
419 1817 587 1886 ipsius
631 1817 907 1871 actionem
962 1817 1192 1871 habens.
1226 1816 1359 1871 IIem
1426 1830 1554 1871 vero
1615 1815 1727 1884 ipse
1766 1815 1818 1869 in
1888 1830 1948 1870 se
1986 1814 2268 1883 transfert,
2313 1814 2470 1888 cujus
2522 1816 2804 1887 proprium
2855 1815 3065 1875 factum
3100 1825 3182 1871 est
3233 1813 3366 1869 illud

115 1925 325 1981 corpus,
364 1911 501 1980 quod
534 1909 704 1962 vitam
735 1907 966 1977 accepit.
1973 1922 1978 1923 ί

115 2053 237 2106 Ὅτι
265 2049 372 2125 xiii;
395 2050 532 2125 [ἐᾷς
560 2048 875 2125 ρνθρώςξου
901 2043 1146 2125 λέγηται
1239 2045 1514 2125 Χριστὸς,
1542 2043 1680 2099 ἀλλ’

1859 2046 2014 2113 Quod
2056 2045 2500 2125 Clit'isttts_vertts_
2544 2047 2610 2100 sit
2655 2045 2810 2125 Deus,
2854 2045 3064 2098 etiamsi
3118 2043 3297 2099 Filius

350 2115 525 2173 οὐδὲν
552 2115 736 2188 ἧττόν
771 2117 904 2170 ἐστι
938 2119 1082 2179 Θεὸς
1113 2116 1423 2185 ἀληθινός.

2302 2119 2526 2172 hominis
2555 2117 2869 2187 appelletur.

1860 2251 2038 2308 LVIII.
2098 2251 2365 2306 Dominus
2419 2261 2611 2305 noster
2657 2250 2817 2304 Jesus
2861 2248 3116 2304 Christus
3165 2249 3369 2305 alicubi

1791 2345 1866 2400 ita
1913 2345 2024 2400 ait:
2084 2362 2102 2396 ι
2166 2342 2560 2397 Verumtamen
2615 2341 2786 2395 Filius
2835 2341 3074 2398 hominis
3125 2343 3369 2406 veniens,

1792 2446 1950 2506 putas
1973 2435 2214 2489 inveniet
2244 2434 2406 2490 tidem
2433 2435 2486 2488 in
2523 2442 2670 2488 terra
2698 2433 2793 2488 "’l
2829 2451 2847 2484 1
2885 2434 3130 2502 Agedum
3173 2435 3371 2488 horum

1792 2531 2084 2584 verborum
2120 2542 2342 2582 sensum
2390 2528 2456 2581 ad
2495 2525 2729 2581 libellam
2760 2527 3152 2595 expendentes,
3187 2528 3376 2580 videa-

1794 2618 2376 2686 nms,ecqualemnam
2425 2616 2586 2669 ﬁdem
2661 2616 2924 2671 Dominus
2975 2629 3163 2671 noster
3211 2616 3373 2672 Jesus

1792 2709 2048 2762 Christus
2094 2707 2223 2762 olim
2268 2722 2298 2759 e
2328 2706 2468 2761 eaalo
2516 2722 2837 2762 reversurus
2889 2708 3090 2778 exiget.
3145 2707 3280 2762 Nam
3328 2710 3376 2764 si

1793 2800 1954 2854 homo
1994 2809 2200 2853 tantum
2237 2797 2379 2852 nulla
2410 2814 2469 2853 re
2499 2801 2715 2855 caeteris
2757 2810 3017 2869 pra-stans
3049 2817 3077 2855 a
3112 2801 3218 2855 Deo
3265 2818 3368 2855 no-

1794 2892 1877 2945 bis
1926 2891 2042 2945 vult
2081 2891 2254 2956 eredi,
2299 2907 2406 2946 non
2460 2893 2627 2946 etiam
2681 2893 2857 2958 Deus,
2924 2904 3018 2948 aut
3069 2909 3229 2949 verus
3281 2895 3376 2948 Dei

1792 2983 1989 3049 Filius,
2054 2984 2326 3038 neminem
2373 2984 2626 3039 dubitare
2655 2984 2917 3050 arbitror,
2968 2997 3147 3040 tamen
3192 2987 3374 3048 ﬁdem,

1794 3074 2241 3141 azstimationem,
2283 3074 2366 3127 vel
2415 3074 2726 3143 opinionem
2772 3073 2912 3143 apud
2939 3089 3178 3144 paganos
3203 3075 3377 3129 ctJu-

1796 3167 1945 3221 deos
1975 3165 2155 3236 potius
2188 3175 2620 3235 comperturum,
2653 3180 2814 3235 quam
2850 3167 2991 3235 apud
3031 3180 3129 3220 nos
3155 3182 3167 3218 :
3197 3181 3378 3234 quan-

1797 3258 2088 3328 doquidcm
2145 3256 2463 3322 idololatrae,
2519 3256 2815 3326 exterique
2859 3258 2949 3326 qui
3004 3270 3092 3310 res
3123 3258 3378 3312 conditas

1799 3351 1969 3419 ipsius
2009 3349 2168 3420 179
2200 3347 2514 3403 Conditoris
2565 3349 2686 3403 loco
2731 3359 3105 3415 venerantur,
3158 3364 3377 3404 crucem

73 3459 207 3503 τες,
251 3439 311 3491 ὃν
347 3439 602 3508 ὑπέμεινε
637 3439 702 3491 δι’
731 3440 904 3509 ἡμᾶς,
933 3440 1028 3492 καὶ
1059 3440 1283 3510 προσέτι
1313 3442 1403 3492 τὸν
1435 3439 1685 3506 θάνατον,

1797 3450 1852 3496 et
1891 3452 2120 3495 mortem
2147 3455 2308 3509 quam
2351 3439 2519 3493 nostri
2563 3453 2726 3493 causa
2769 3438 3015 3506 pertulit,
3062 3439 3376 3500 audientes.

69 3530 332 3598 γελῶσιν
365 3531 414 3580 οἰ
460 3528 684 3580 δείλαιοι
713 3547 726 3558 ·
779 3527 881 3582 κᾶν
930 3530 983 3582 εἴ
1020 3547 1103 3594 τις
1163 3531 1326 3583 αὑτὸν
1374 3531 1629 3601 ὀνομάζει
1666 3540 1691 3568 κ

1797 3529 1848 3582 in
1889 3529 2136 3582 insanum
2185 3543 2310 3581 mox
2361 3527 2686 3582 cnchinnum
2721 3527 3010 3581 solvuntur
3035 3529 3260 3595 miseri;
3299 3539 3373 3590 et,

65 3624 252 3689 Θεὸν,
302 3621 651 3695 ἀναπηδῶσιν
694 3621 856 3684 εὐθὺς
890 3622 1406 3694 άνθρωπολατρείαν
1447 3621 1586 3677 εἶναι
1632 3625 1692 3677 τὸ

1795 3614 1839 3668 si
1872 3614 2138 3683 quispiam
2183 3615 2350 3668 Deum
2378 3615 2526 3668 illum
2563 3617 2948 3681 nominaverit,
2987 3619 3378 3687 indiguabundi

65 3716 293 3786 χρῆμα
316 3721 342 3760 1
374 3711 833 3782 διοριζόμενοι.οῖ
861 3728 925 3780 γε
968 3712 1073 3783 μὴν
1103 3713 1167 3766 ἐκ
1200 3713 1500 3783 περιτομῆς
1544 3731 1684 3766 κατ-

1795 3707 2085 3760 coul'estim
2157 3707 2436 3772 resiliunt,
2490 3719 2542 3761 et
2594 3711 2697 3762 hoc
2731 3710 3223 3780 athrOpolalriatn
3256 3726 3378 3765 esse

67 3805 336 3877 εερύοντο
385 3805 479 3858 τοῦ
527 3804 815 3876 Σωτῆρος,
864 3804 1116 3873 λέγοντες
1175 3804 1454 3876 ὲναργῶς’
1500 3824 1516 3855 ι
1558 3806 1692 3876 Περὶ

1796 3798 2080 3852 deﬁniunt.
2126 3797 2297 3855 Judaei
2328 3816 2546 3870 quoque
2587 3803 2642 3855 in
2700 3803 2983 3858 Christum
3030 3807 3375 3875 insurgentes

57 3896 268 3952 καλοῦ
318 3896 486 3967 ἔργου
525 3898 585 3948 οὐ
621 3895 912 3966 λιθάζομέν
948 3913 1036 3960 σε,
1086 3896 1220 3950 ἀλλὰ
1274 3897 1404 3967 περί
1439 3896 1687 3968 βλασφη-

1797 3893 1970 3958 palam
2002 3893 2278 3961 objectare
2329 3912 2434 3950 non
2475 3897 2801 3951 dubitabunt
2833 3915 2847 3952 :
2877 3917 2894 3948 ι
2937 3898 3012 3952 De
3040 3899 3181 3952 bono
3210 3913 3376 3967 opere

58 3990 266 4060 μίας’
314 3989 399 4041 ὄτι
433 3990 518 4055 σὺ,
563 3985 847 4057 ἄνθρωπος
903 3986 1000 4052 ὢν,
1048 3993 1221 4051 ποιεῖς
1266 3988 1457 4042 ἑαυτὸν
1488 3989 1637 4042 Θεόν.
1668 4009 1687 4040 ι

1797 4001 1901 4038 11οη
1955 3986 2258 4055 Iapidauius
2314 3997 2392 4052 te,
2441 3987 2536 4041 sed
2596 3990 2661 4042 de
2701 3989 3075 4058 blasphemia,
3115 3993 3239 4060 quia
3296 4000 3374 4056 tu,

56 4086 217 4137 ”Οτι
255 4081 444 4134 τοίνυν
475 4081 668 4152 οὑτὴν
711 4080 865 4152 παρά
901 4098 965 4149 γε
1021 4084 1133 4143 τοῖς
1177 4081 1552 4152 πλανωμένοις
1599 4084 1691 4135 πί-

1795 4077 1957 4132 homo
2009 4093 2132 4132 cum
2184 4079 2280 4144 sis,
2338 4077 2470 4134 facis
2533 4079 2769 4150 teipsum
2823 4083 2993 4135 Deum
3042 4081 3110 4134 ⁸⁸.
3162 4102 3178 4134 ι
3238 4081 3375 4137 Cum

56 4192 210 4228 στιν
251 4175 540 4243 ἐπιζητεῖ,
586 4173 684 4243 τὴν
726 4174 855 4243 παρ’
899 4175 1030 4242 ἡμῖν
1066 4173 1121 4225 δὲ
1168 4174 1367 4242 μᾶλλον
1405 4176 1518 4237 τοῖς
1557 4175 1692 4245 ὀρθὰ

1794 4170 2055 4237 ejusmodi
2115 4187 2243 4240 ergo
2291 4173 2453 4227 Iidem
2507 4185 2801 4230 exacturus
2848 4191 2952 4230 non
3009 4177 3103 4240 sit,
3155 4177 3371 4244 qualem

56 4269 319 4339 φρονεῖν
348 4266 588 4332 εἰωθόσι,
619 4267 770 4320 πᾶσά
798 4283 912 4328 πως
935 4264 1148 4336 ἀνάγκη
1177 4265 1586 4327 διανενευκότας
1613 4267 1692 4328 εἰς

1793 4271 2043 4315 errantes
2099 4262 2321 4328 habent,
2374 4266 2466 4319 sed
2522 4267 2740 4334 qualem
2801 4282 2900 4321 nos
2957 4277 3224 4330 tenemus,
3280 4270 3377 4336 qui

56 4360 359 4430 Ξιλήοειαν
391 4359 697 4427 ὁμολογεῖν,
729 4359 810 4411 ὅτι
848 4358 978 4421 Θεὸς
1007 4359 1148 4411 κατὰ
1183 4358 1344 4427 φύσιν
1371 4361 1398 4411 ὁ
1438 4359 1532 4411 καὶ
1562 4359 1690 4422 Υἱὸς

1795 4361 1946 4406 recte
1999 4369 2195 4422 sapere
2252 4358 2683 4413 consuevimus:
2747 4359 3031 4413 veritatem
3084 4371 3374 4428 sequentes

56 4449 393 4521 ῖινΟρὼπου
423 4449 491 4502 δι’
533 4451 679 4520 ἡμᾶς
712 4452 982 4518 γεγονώς·
1014 4453 1099 4504 ἵνα
1136 4451 1210 4521 μὴ
1243 4454 1353 4513 τοῖς
1397 4451 1506 4504 τῶν
1554 4451 1690 4504 πλα-

1797 4443 2108 4498 necessario
2191 4443 2348 4498 fateri
2407 4457 2620 4513 Oportet
2673 4462 2795 4501 eum
2848 4450 2938 4517 qui
2996 4453 3163 4504 nostri
3201 4466 3369 4505 causa

56 4543 358 4614 μωμένων
393 4541 734 4612 ἐγκλήμασιν
764 4545 992 4605 ἑαυτοὺς
1039 4544 1290 4608 ἐνιέντες,
1341 4543 1592 4612 λάθωμεν
1625 4543 1691 4595 τὰ

1795 4533 1965 4589 Filius
2014 4535 2249 4590 hominis
2303 4535 2476 4590 factus
2537 4546 2640 4602 est,
2689 4537 2858 4592 Demn
2908 4555 3031 4594 esse
3073 4543 3371 4596 secundum

56 4639 171 4690 ’τα
218 4635 455 4703 φρονεῖν
488 4633 790 4704 ᾑρημένοι,
844 4636 941 4686 καὶ
978 4633 1150 4703 μικρὰ
1197 4633 1513 4698 δοξάζοντες
1562 4634 1692 4704 περὶ

1796 4634 2047 4678 naturam
2089 4641 2102 4676 :
2143 4640 2210 4680 ne
2247 4627 2498 4682 videlicet
2535 4628 2589 4684 in
2640 4630 2938 4684 errantium
2973 4633 3204 4685 crimina
3233 4632 3376 4688 ultro

56 4729 82 4778 ί
104 4723 363 4798 ριστοῦ,
396 4722 650 4792 καθάπερ
673 4723 865 4792 ἀμέλει
896 4724 1161 4777 κάκεῖνοι.

1797 4731 1894 4771 nos
1936 4717 2280 4784 objicientes,
2325 4734 2422 4790 per
2462 4720 2736 4777 inscitiam
2784 4722 2890 4778 illis
2917 4723 3114 4779 similia
3156 4740 3373 4794 sapere,

1723 4794 1960 4879 Datque
2002 4811 2138 4866 adeo
2191 4813 2320 4869 vilia
2369 4815 2615 4884 quasdam
2666 4817 2734 4872 de
2772 4817 2992 4874 Christo
3041 4820 3265 4889 perinde
3312 4835 3376 4875 ac

1800 4901 1875 4957 illi
1909 4903 2193 4974 imaginari
2222 4907 2716 4977 deprehendamur.

1869 4995 2005 5052 LIX.
2047 5015 2065 5049 ι
2101 4997 2286 5069 Neque
2316 5001 2459 5053 enim
2497 5000 2678 5067 Pater,
2717 5002 2792 5054 ait
2836 5017 3049 5057 rursum
3097 5005 3374 5073 Christus,

1795 5089 2002 5158 judicat
2042 5106 2398 5161 quemquam,
2431 5095 2524 5146 sed
2552 5108 2713 5147 omne
2743 5094 3004 5164 judicium
3029 5098 3176 5154 dedit
3203 5099 3374 5166 Filio;

1803 5191 1857 5232 ut
1905 5195 2094 5235 omnes
2144 5181 2507 5236 honorificent
2556 5182 2774 5250 Filium,
2821 5185 2962 5241 sicut
3012 5188 3378 5242 honorificam

1799 5267 2017 5323 Patrem
2047 5271 2113 5322 ⁵⁷.
2161 5289 2178 5320 ο
2216 5269 2283 5322 Et
2334 5269 2556 5332 iterum,
2607 5272 2751 5340 quod
2803 5277 2961 5330 modo
3011 5274 3370 5328 dicebamus:

1806 5375 1825 5407 ι
1869 5356 2025 5411 Sicut
2069 5357 2214 5413 enim
2255 5357 2414 5412 Pater
2450 5360 2617 5415 vitam
2653 5363 2814 5420 habet
2851 5366 2902 5419 in
2947 5364 3258 5435 semetipso,
3294 5364 3376 5421 sic

176 2253 307 2306 NII’.
343 2249 509 2312 Αὐτός
536 2248 636 2302 πού
660 2266 822 2318 φησιν
843 2249 872 2301 6
895 2247 1100 2317 Κύριος
1124 2247 1280 2319 ἡμῶν
1317 2247 1524 2320 Ἰησοῦς
1549 2249 1683 2320 Χρι-

105 2345 251 2407 στός.
287 2362 303 2394 ι
331 2339 474 2413 τΑρά
506 2357 570 2409 γε
596 2339 766 2394 ἐλθὼν
788 2342 816 2393 6
850 2341 975 2403 Υἱὸς
1007 2339 1102 2392 τοῦ
1137 2339 1424 2413 ἀνθρώπου
1459 2343 1683 2415 εὑρήσει

100 2436 203 2506 τὴν
251 2435 421 2488 πίστιν
455 2435 547 2486 ἐπὶ
598 2432 698 2501 τῆς
735 2432 874 2503 γῆςς,
906 2452 923 2484 1
959 2433 1097 2504 Φέρε
1141 2433 1204 2504 δὴ
1247 2433 1406 2488 πάλιν
1453 2435 1542 2488 τὸν
1577 2435 1684 2489 τῶν

97 2527 400 2598 εἰρημένων
425 2525 802 2598 βασανίζοντες
824 2525 970 2588 νοῦν,
998 2527 1174 2579 ἐκεῖνο
1201 2526 1683 2598 περιαθρήσωμεν,

98 2621 266 2673 ποίαν
315 2619 532 2690 ζητήσει
583 2617 766 2670 πίστιν
799 2618 890 2669 ἐπὶ
937 2617 1032 2687 τῆς
1074 2618 1173 2688 γῆς
1220 2618 1592 2688 ὑπονοστήσας
1627 2619 1686 2682 ἐξ

91 2709 345 2780 οὐρανῶν
386 2711 412 2760 6
456 2707 659 2778 Κύριος
708 2708 870 2776 ήμῶν
910 2707 1117 2776 Ἰησοῦς
1166 2708 1435 2776 Χριστός;
1475 2709 1536 2760 Εἰ
1587 2710 1684 2777 μὲν

91 2804 211 2873 γὰρ
245 2798 592 2853 πιστεύεσθαι
623 2798 760 2869 πρὸς
792 2797 948 2867 ἡμῶν
973 2797 1165 2862 ἐθέλει,
1190 2797 1426 2860 ὅτιθεὸς
1457 2799 1556 2867 μὲν
1585 2799 1684 2850 οὐκ

87 2890 273 2951 ἔστιν,
304 2887 421 2941 οὐδὲ
450 2886 581 2949 Θεὸς
615 2885 851 2955 άληθῶς,
881 2884 1166 2955 ἄνθρωπος
1196 2885 1252 2938 δὲ
1282 2886 1499 2956 μᾶλλον,
1530 2887 1684 2942 οὐδὲν

87 2983 242 3052 ἔχων
267 2981 372 3033 τῶν
396 2979 516 3032 καθ’
540 2979 684 3049 ἡμᾶς
712 2977 968 3029 ἐπέκεινα
988 2995 1000 3008 ο
1031 2975 1147 3038 πῶς
1170 2975 1233 3028 ἂν
1261 2976 1551 3030 ὲνδοιάσειέ
1578 2995 1681 3045 τις,

81 3076 178 3125 ὅτι
207 3072 305 3142 τὴν
335 3070 542 3124 τοιάνδε
577 3067 847 3137 διάληψιν,
879 3067 1049 3138 ἤγουν
1084 3066 1265 3120 πίστιν
1294 3085 1353 3120 τε
1383 3071 1476 3122 καὶ
1501 3069 1682 3139 δόξαν,

79 3169 151 3220 οὐ
196 3166 329 3236 παρ’
354 3166 482 3234 ήμῖν
512 3163 732 3232 εὑρήσει
771 3160 994 3232 μᾶλλον,
1036 3160 1172 3214 ἀλλὰ
1207 3163 1335 3233 παρ’
1371 3163 1596 3233 ’Έλλησί
1625 3180 1684 3216 τε

78 3260 192 3314 καὶ
233 3257 538 3322 Ἰουδαίοις;
573 3254 972 3325 Εἰδωλολάτραι
1005 3255 1106 3324 μὲν
1141 3256 1250 3327 γὰρ
1283 3257 1377 3309 καὶ
1402 3259 1454 3309 οἰ
1482 3259 1546 3327 τῇ
1574 3256 1689 3308 κτί-

75 3369 182 3403 σει
217 3349 370 3418 παρὰ
393 3350 483 3400 τὸν
518 3346 758 3417 κτίστην
796 3345 1174 3418 λατρεύοντες,
1203 3348 1433 3418 σταυρὸν
1462 3347 1687 3402 ἀκούονο

119 4995 288 5050 ΝΘ.
335 4992 478 5065 Φησί
513 5010 614 5046 που
643 4990 878 5063 Χριστός
899 5005 912 5017 ·
949 5007 967 5040 ι
999 4988 1132 5041 Οὐδὲ
1162 4989 1270 5059 γὰρ
1295 4991 1322 5043 6
1353 4989 1542 5063 Πατὴρ
1570 4993 1691 5064 κρί-

56 5109 134 5144 ει
200 5088 443 5151 οὐδένα,
477 5086 614 5141 ἀλλὰ
652 5087 830 5139 πᾶσαν
865 5082 962 5153 τὴν
1000 5081 1179 5153 κρίσιν
1211 5082 1378 5135 ἔδωκε
1423 5083 1500 5152 τῷ
1542 5085 1653 5154 Υἰῷ
1675 5102 1687 5114 ·

56 5197 144 5231 ια
195 5176 427 5239 πάντες
457 5177 660 5248 τιμῶσι
690 5176 784 5230 τὸν
819 5176 968 5240 Υἰὸν,
999 5171 1176 5235 καθὼς
1211 5172 1412 5242 τιμῶσι
1443 5174 1532 5225 τὸν
1577 5175 1689 5225 Πα-

56 5275 232 5342 ἑρα.
266 5285 288 5317 ι
332 5268 450 5320 Καὶ
482 5269 662 5333 πάλιν,
700 5271 837 5341 ὅπερ
870 5269 1126 5339 ἐλέγομεν
1161 5264 1360 5337 ἀρτίως
1387 5281 1397 5292 ·
1433 5283 1450 5314 ι
1482 5266 1692 5335 Ὥσπερ

56 5361 176 5432 ἀρ
215 5359 250 5409 ὁ
291 5357 498 5427 Πατὴρ
533 5358 643 5428 ἔχει
688 5357 831 5430 ζωὴν
863 5361 920 5411 ἐν
950 5360 1149 5429 ἑαυτῷ,
1180 5356 1353 5419 οὓτως
1399 5355 1564 5408 ἔδωκε
1600 5355 1695 5407 καὶ

104 5517 186 5554 ⁸⁸
221 5517 383 5573 Luc.
429 5531 580 5581 xvttl,
607 5517 659 5570 8.
739 5515 785 5546 "
815 5515 970 5569 Joau.
1007 5533 1058 5581 κ,
1090 5517 1170 5572 33.
1258 5517 1301 5547 ⁸⁷
1343 5513 1497 5570 Joan.
1530 5527 1580 5578 v,
1611 5510 1702 5579 2'2,
1731 5511 1823 5563 9.5.

1208 5670 1379 5724 Varia:
1411 5668 1671 5725 lectiones
1697 5664 1896 5723 codicis
1930 5663 2286 5735 Seguieriani.

82 5850 138 5882 Υ
184 5833 506 5906 ὀνομάζοι.
585 5831 887 5900 ῐπρᾰγμα.

399 5931 671 5992 Pn‘nOL.
717 5927 761 5986 ti
776 5946 831 5986 ιι.
866 5921 1127 5985 LXXVI.
2936 5926 3008 5984 45
