4042 6454
645 359 782 416 “19

1673 347 1731 398 S.
1773 340 2047 396 CYRILLI
2088 335 2553 393 ALEXANDRINI
2593 333 2910 390 ARCHIEP.

3811 321 3929 376 “‘20

651 480 798 534 dedit
855 485 907 530 et
959 475 1096 529 Filio
1140 473 1305 528 vitam
1347 468 1548 522 habere
1583 467 1635 521 in
1666 466 1968 534 semetipso
2005 481 2018 517 :
2049 470 2102 516 et
2130 477 2225 530 po-

2343 459 2408 529 τῷ
2447 458 2560 528 Υἱῴ
2590 458 2734 527 ζωὴν
2779 456 2921 526 ἔχειν
2961 455 3018 507 ἐν
3050 452 3264 523 ἑαυτῷ·
3300 451 3391 505 καὶ
3431 449 3703 515 ἐξουσίαν
3745 445 3932 499 ἔδωκεν

651 577 902 624 testatem
951 565 1096 620 dedit
1152 563 1201 617 ei
1232 571 1286 616 et
1331 560 1597 628 judicium
1649 557 1851 620 facere,
1883 555 2009 622 quia
2051 552 2222 606 Filius

652 661 887 715 hominis
937 666 1022 712 est
1071 655 1142 710 ⁵⁸.
1200 672 1218 706 ι
1278 653 1438 707 Catrit
1497 650 1696 704 alicubi
1751 649 1946 702 beatus
1999 644 2219 699 David:

658 771 675 802 ι
710 751 974 818 Quoniam
1024 747 1169 801 Deus
1211 743 1379 811 judex
1430 751 1512 796 est
1541 742 1609 794 ⁵³.
1653 759 1672 791 ι
1709 739 1852 805 Quin
1906 745 1957 789 et
2004 735 2223 805 quidam

652 858 867 915 quoque
888 859 951 896 ex
983 839 1183 895 Christi
1220 837 1500 905 discipulis
1543 849 1708 888 unum
1744 832 2000 901 iudicem,
2034 843 2226 896 unum-

653 914 757 1005 que
817 934 1181 1002 legislatorem
1243 942 1361 981 esse
1411 925 1600 980 scribit
1648 923 1716 978 ⁶⁰.
1765 921 1906 988 Ergo
1952 914 2226 986 iudicandi

651 1030 948 1081 auctoritas
995 1025 1046 1076 in
1093 1021 1297 1075 nullum
1349 1019 1513 1072 alium
1543 1016 1839 1070 convenire
1887 1017 2081 1080 potest,
2120 1005 2225 1061 nisi

655 1121 706 1173 in
749 1133 870 1172 eum
904 1116 1078 1168 solum
1122 1113 1209 1182 qui
1253 1121 1336 1165 est
1379 1109 1620 1162 omnium
1657 1105 1936 1165 Dominus,
1973 1101 2073 1154 hoc
2111 1107 2219 1162 est,

655 1213 707 1264 in
759 1211 948 1262 Deum.
999 1203 1284 1271 Quomodo
1319 1216 1449 1269 ergo
1483 1198 1620 1252 Filio
1676 1193 1912 1250 hominis
1959 1191 2227 1261 judicium

657 1300 918 1356 tradidit?
977 1298 1107 1350 Nam
1159 1296 1202 1350 si
1264 1308 1382 1348 eam
1429 1291 1503 1344 illi
1559 1297 1878 1358 potestatem
1920 1285 2070 1347 fecit,
2113 1293 2232 1335 tan-

655 1409 812 1462 quam
851 1392 939 1443 ιιιιὶ
979 1388 1132 1442 nobis
1160 1386 1348 1450 simili,
1405 1381 1676 1451 quomodo
1740 1393 1900 1432 verax
1945 1376 2050 1429 erit
2104 1376 2228 1427 dum

654 1460 773 1535 ait:
823 1500 839 1530 ι
878 1478 1116 1532 Gloriam
1178 1489 1350 1528 meam
1401 1471 1560 1524 alteri
1607 1484 1714 1523 non
1767 1466 1908 1520 dabo
1953 1465 2046 1516 “‘I
2097 1481 2114 1513 ι
2151 1460 2232 1514 Ad

656 1573 747 1627 Dei
792 1571 934 1625 enim
970 1567 1193 1637 gloriam
1226 1564 1481 1634 pertinet,
1530 1560 1794 1627 judicium
1837 1570 2118 1610 exercere.
2175 1552 2232 1606 Si

658 1675 840 1717 autem
869 1658 1213 1729 iudiciariam
1257 1661 1579 1724 potestatem
1631 1650 1770 1702 Filio
1816 1649 1890 1701 ita
1926 1645 2237 1701 communi-

655 1755 824 1816 cavit,
876 1760 934 1803 ιιι
969 1751 1084 1819 ipse
1133 1757 1312 1798 tamen
1355 1752 1578 1810 propter
1619 1739 1937 1795 substantia:
1975 1737 2230 1791 identita-

658 1859 764 1900 tem
786 1842 1063 1914 jndieandi
1088 1838 1178 1904 jus
1211 1852 1315 1890 non
1350 1835 1621 1899 amiserit,
1675 1844 1728 1886 et
1760 1832 1848 1886 ille
1883 1830 2234 1884 nihilominus

655 1940 746 2007 qui
775 1935 1021 2002 accepit,
1052 1932 1221 1986 Filius
1261 1930 1329 1983 sit
1356 1925 1620 1991 hominis,
1671 1924 1942 1993 quomodo
1976 1923 2232 1975 omnibus

656 2028 1004 2085 manifestum
1053 2039 1160 2078 nou
1217 2023 1276 2074 fit
1338 2020 1603 2081 Verbum,
1651 2025 1869 2086 propter
1907 2013 2229 2069 ineliabilem

659 2123 803 2175 illam
851 2135 915 2172 ex
970 2119 1078 2169 Deo
1133 2113 1293 2166 Patre
1343 2109 1794 2181 generationem,
1855 2105 2021 2159 Deum
2076 2120 2229 2170 esse;

659 2215 910 2278 idemque
959 2221 1198 2267 rursum,
1246 2214 1532 2272 propterea
1587 2199 1727 2267 quod
1795 2197 1944 2252 carni
2001 2197 2233 2259 unitum,

657 2303 991 2370 perindeque
1031 2313 1094 2351 ac
1127 2312 1222 2349 nos
1255 2310 1320 2347 ex
1367 2294 1591 2345 muliere
1627 2302 1811 2344 uatum
1845 2301 1948 2350 est,
1999 2288 2234 2342 hominis

660 2395 854 2449 Filium
904 2390 1065 2443 esse?
1114 2389 1248 2441 Cum
1297 2399 1425 2453 ergo
1477 2382 1678 2435 Iudaeis
1731 2382 1903 2434 dicit:
1959 2398 1974 2428 ι
2005 2380 2116 2432 Cur
2153 2393 2236 2431 nte

658 2481 907 2552 quaeritis
941 2478 1250 2532 interﬁcere
1282 2474 1580 2535 hominem,
1625 2473 1716 2540 qui
1756 2473 2044 2525 veritatem
2087 2470 2237 2522 vobis

659 2576 870 2630 loeutus
909 2584 1026 2624 sum
1060 2567 1144 2620 ⁸³⁸2
1187 2585 1205 2617 ι
1242 2575 1296 2619 οι
1331 2579 1545 2617 rursum
1596 2581 1609 2616 :
1650 2581 1667 2613 ι
1702 2561 1871 2615 Nemo
1908 2562 2147 2615 ascendit
2185 2563 2236 2614 in

661 2665 857 2720 coelum
913 2659 1018 2713 nisi
1078 2658 1168 2727 qui
1222 2657 1499 2711 descendit
1547 2656 1612 2709 de
1661 2653 1822 2716 coelo,
1859 2651 2026 2707 Filius
2059 2653 2236 2706 homi-

661 2755 853 2822 nis“;
912 2770 930 2804 ι
980 2761 1034 2804 et
1075 2751 1267 2803 iterum
1321 2766 1334 2802 :
1385 2765 1404 2797 ί
1478 2747 1543 2800 Et
1603 2746 1746 2800 sicut
1802 2745 2011 2814 Moyses
2071 2744 2232 2813 180

661 2845 923 2902 exaltavit
970 2851 1274 2904 serpentem
1304 2840 1356 2893 in
1391 2841 1629 2902 deserto,
1674 2839 1745 2891 ita
1773 2837 1999 2892 exaltari
2030 2847 2241 2906 oportet

661 2939 858 2994 Filium
911 2934 1148 2990 hominis
1181 2932 1270 2996 “;
1320 2951 1337 2982 ι
1377 2940 1472 2984 aut
1516 2946 1638 2984 cum
1691 2930 1756 2982 de
1793 2930 1972 2998 seipso
2009 2929 2080 2981 ita
2114 2929 2187 2980 ait
2222 2945 2235 2980 :

669 3050 688 3083 ι
726 3028 894 3084 Filius
923 3027 1065 3080 enim
1104 3023 1339 3079 hominis
1368 3032 1630 3077 venturus
1655 3034 1735 3074 est
1771 3022 1823 3073 iu
1857 3021 2025 3087 gloria
2060 3019 2239 3074 Patris

2325 551 2474 620 αὐτῷ
2505 550 2600 602 καὶ
2633 548 2814 618 κρίσιν
2861 547 3056 607 ποιεῖν,
3093 545 3175 597 ὅτι
3216 543 3348 605 Υἱὸς
3405 540 3719 610 ἀνθρώπου
3758 535 3887 589 ἐστί.
3912 554 3929 584 ι

2327 641 2531 693 Ψὰλλει
2557 640 2613 692 δέ
2652 656 2751 691 που
2797 639 2888 690 καὶ
2919 638 2946 688 ὁ
2985 637 3254 706 μακάριος
3284 634 3452 687 Δαυῖδ
3474 650 3487 660 ·
3529 651 3551 684 ‹
3587 631 3724 682 Ὅτι
3758 633 3786 681 ὁ
3817 628 3935 688 6&6;

2327 733 2517 804 κριτής
2571 733 2708 782 ἐστι.
2740 748 2758 780 ι
2804 729 3056 798 Γέγραφε
3090 727 3144 779 δὲ
3194 726 3290 779 καὶ
3339 728 3368 778 6
3419 723 3596 778 αὑτοῦ
3645 720 3932 791 μαθητής·

2335 843 2352 875 r
2387 819 2482 886 Εἷς
2522 823 2670 874 ἐστιν
2697 823 2724 874 6
2758 820 3056 889 νομοθέτης
3091 819 3184 872 καὶ
3219 817 3438 890 κριτής.
3477 835 3496 866 ›
3539 813 3770 867 Οὐκοῦν
3818 811 3938 879 πρέ-

2330 932 2421 969 ποι
2453 916 2518 969 ἂν
2546 915 2645 983 οὐχ
2687 914 2858 983 ἑτέρῳ
2901 913 3007 965 τινί
3047 911 3157 964 τῶν
3205 911 3376 962 ὄντων
3403 908 3466 960 τὸ
3499 906 3750 977 κρίνειν,
3808 903 3936 970 πλὴν

2331 1011 2414 1062 ὅτι
2450 1008 2594 1076 μόνῳ
2624 1007 2699 1076 τῷ
2726 1007 2816 1058 ἐπὶ
2849 1005 3064 1058 πάντων
3095 1003 3232 1074 Θεῷ.
3267 1002 3390 1064 Πῶς
3421 996 3516 1053 οὖν
3569 999 3787 1050 ἔδωκεν
3817 996 3939 1047 αὑτό

2331 1099 2410 1167 τῷ
2459 1098 2572 1167 Υἱῷ
2618 1096 2957 1168 ἀνθρώπους
2995 1094 3057 1147 El
3111 1095 3208 1164 μὲν
3267 1089 3360 1145 οὖν
3400 1091 3478 1151 ὡς
3521 1090 3610 1140 ἑνὶ
3659 1088 3778 1139 τῶν
3827 1085 3939 1135 κα¹ι⁹

2334 1193 2502 1261 ἡμᾶς,
2537 1191 2652 1251 πῶς
2696 1188 2983 1259 ἀληθεύσει
3032 1187 3239 1254 λέγων·
3283 1204 3300 1235 ε
3339 1185 3451 1254 Τὴν
3499 1182 3668 1247 δόξαν
3713 1195 3820 1248 μου
3852 1177 3941 1243 οἰχ

2337 1282 2508 1350 ἑτέρῳ
2541 1280 2729 1344 suam;
2763 1298 2780 1329 ι
2821 1277 2958 1329 Θεοῦ
3007 1277 3115 1346 γὰρ
3163 1276 3289 1342 δόξα
3323 1275 3383 1328 τὸ
3432 1270 3576 1326 εἶναι
3615 1273 3849 1340 κριτήν.
3889 1268 3942 1318 Ei

2336 1374 2389 1426 δὲ
2414 1374 2534 1434 δοὺς
2555 1373 2684 1424 αὐτὸ
2711 1370 2784 1438 τῷ
2803 1368 2915 1439 Υἱῷ
2941 1369 3040 1420 οὐκ
3067 1367 3170 1432 ἔξω
3197 1367 3387 1433 γέγονε
3417 1364 3512 1416 τοῦ
3544 1361 3766 1432 κρίνειν
3790 1357 3942 1418 αὐτὸς

2336 1466 2424 1517 διὰ
2461 1465 2560 1534 τὴν
2590 1463 2895 1531 ταυτότητα
2931 1462 3031 1529 τῆς
3062 1460 3248 1520 οὐσίας
3271 1474 3284 1487 ’
3316 1457 3429 1508 ἔστι
3455 1457 3511 1508 δὲ
3543 1458 3573 1506 6
3605 1452 3800 1505 λαϐὼν
3825 1451 3944 1512 Tib;

2338 1555 2661 1626 ἀνθρώπου·
2703 1553 2818 1615 πῶς
2865 1554 2964 1621 οὐχ
3001 1552 3202 1604 ἅπασιν
3237 1550 3503 1618 ἐναργὲς,
3544 1548 3634 1599 ὅτι
3672 1546 3817 1607 Oet;
3854 1543 3946 1611 μέν

2342 1652 2488 1703 ἐστιν
2527 1651 2555 1701 ὁ
2591 1648 2759 1713 Λόγος
2801 1646 2891 1699 διὰ
2940 1645 3038 1715 τὴν
3086 1647 3151 1695 ἐκ
3188 1642 3323 1694 Θεοῦ
3357 1641 3575 1708 [Ἰατρὸς
3625 1639 3947 1708 ἁπὸρρτ,τε-·δ

2339 1742 2616 1810 γέννησιν,
2641 1741 2668 1790 6
2690 1739 2851 1800 αὐτὸς
2880 1737 2936 1789 δὲ
2970 1737 3063 1789 καὶ
3096 1735 3222 1797 Υἱὸς
3261 1732 3553 1802 ἀνθρώπου
3585 1730 3679 1782 διὰ
3718 1743 3782 1780 το
3817 1728 3948 1797 ἠώ-

2342 1833 2464 1886 σθαι
2511 1831 2710 1900 σαρκὶ,
2748 1829 2841 1880 καὶ
2890 1827 3011 1879 καθ’
3039 1827 3192 1895 ἡμᾶς
3225 1824 3520 1892 ὑπομεῖναι
3572 1821 3844 1887 γέννησιν
3892 1820 3950 1868 ἐκ

2339 1925 2638 1995 γυναικός;
2667 1924 2835 1975 Ὅταν
2864 1916 2956 1973 οὖν
2985 1919 3119 1989 λέγῃ
3171 1917 3305 1987 πρὸς
3343 1914 3648 1974 Ἰουδαίους
3671 1929 3685 1942 ·
3734 1932 3752 1962 ι
3786 1912 3850 1962 Τί
3889 1928 3951 1978 με

2340 2017 2554 2087 ζητεῖτε
2584 2015 2908 2067 ἀποκτεῖναι
2940 2011 3248 2081 ἄνθρωπον,
3278 2007 3335 2069 ὃς
3381 2006 3482 2074 τὴν
3517 2004 3798 2072 ἀλήθειαν
3830 2003 3952 2068 ὑμῖν

2337 2111 2634 2179 λελάληκα;
2667 2128 2684 2160 ι
2717 2106 2825 2158 Καὶ
2854 2105 3014 2158 πάλιν
3035 2119 3048 2133 ⁸
3081 2123 3097 2153 ‹
3131 2090 3236 2155 Καὶ
3267 2099 3439 2160 οὐδεὶς
3474 2095 3841 2163 ἀναϐέϐηκεν
3879 2095 3954 2154 εἰς

2337 2205 2425 2257 τὸν
2454 2202 2699 2272 οὐρανὸν,
2734 2202 2780 2252 εἰ
2823 2199 2896 2269 μὴ
2929 2201 2956 2251 6
2993 2197 3057 2248 ἐκ
3089 2195 3182 2247 τοῦ
3220 2191 3450 2263 οὐρανοῦ
3481 2189 3748 2249 καταϐὰς
3778 2191 3805 2239 ὁ
3833 2188 3956 2248 Υἱὸς

2336 2297 2429 2349 τοὺ
2481 2294 2787 2364 ἀνθρώπου.
2823 2311 2840 2342 ι
2884 2292 2995 2344 Καὶ
3033 2289 3230 2341 πάλιν*
3269 2306 3285 2336 ι
3320 2286 3431 2338 Καὶ
3480 2283 3678 2344 καθὼς
3711 2282 3957 2345 Minis-"7:;

2341 2389 2523 2456 ὕψωσε
2555 2387 2645 2438 τὸν
2683 2385 2807 2452 ὄφιν
2841 2385 2897 2433 ἐν
2946 2385 3011 2451 τῇ
3057 2383 3270 2450 ἐρήμῳ,
3319 2377 3496 2438 οὕτως
3547 2374 3852 2442 ὑψωθῆναι
3887 2372 3957 2421 δεῖ

2339 2480 2428 2531 τὸν
2457 2477 2583 2529 Υἱὸν
2609 2476 2701 2528 τοῦ
2730 2472 3039 2544 ἀνθρώπου.
3072 2491 3088 2521 ι
3117 2472 3187 2521 ’Ἡ
3215 2471 3343 2521 ὅταν
3374 2468 3513 2536 λέγῃ
3546 2482 3618 2517 πε
3631 2467 3685 2536 pi.
3721 2465 3920 2516 ἐαυτεί
3943 2481 3957 2491 ·

2345 2590 2362 2622 ι
2398 2570 2596 2624 Μέλλει
2628 2569 2737 2636 γὰρ
2775 2567 2803 2617 6
2835 2566 2961 2625 Υἱὸς
3006 2563 3101 2616 τοῦ
3138 2559 3429 2630 ἀνθρώπου
3474 2557 3757 2628 ἔρχεσθαι
3795 2557 3850 2606 ἐν
3899 2558 3957 2621 τῆ

2337 2663 2461 2734 δόξῃ
2503 2661 2598 2714 τοῦ
2635 2659 2848 2732 Πατρὺς
2880 2656 3044 2710 αὑτοῦ
3085 2654 3223 2724 μετὰ
3250 2651 3361 2704 “cth
3408 2652 3590 2718 ἁγίων
3633 2649 3916 2716 ἀγγέλων.
3941 2670 3955 2690 .

2340 2759 2447 2810 Καὶ
2476 2754 2639 2807 πάλιν
2660 2769 2670 2780 ·
2707 2773 2722 2803 ι
2753 2751 2885 2803 Τίνα
2921 2765 2986 2818 με
3015 2747 3263 2814 λέγουσιν
3293 2745 3340 2796 οἱ
3384 2743 3682 2812 ἄνθρωποι
3707 2737 3854 2791 εἶναι
3879 2739 3960 2789 τὶν

2340 2849 2468 2902 Υἱὸν
2494 2847 2584 2900 τοῦ
2619 2843 2937 2914 ἁνθρὼπου;
2971 2861 2987 2891 ι
3023 2840 3094 2892 ’Ἡ
3124 2839 3217 2891 καὶ
3246 2834 3630 2899 ἁπαξαπλῶς,
3669 2833 3872 2892 ὁσάκις
3906 2832 3962 2880 ν

2340 2940 2626 3011 ἅνθρωπος
2662 2932 2990 3003 ὀνομάζεται
3035 2929 3186 3000 παρὰ
3225 2930 3291 2998 τῇ
3324 2924 3701 2993 θεοπνεύστῳ
3753 2924 3960 2994 Γραςῇ.

2342 3032 2441 3082 οὐκ
2478 3030 2582 3096 ἰδίᾳ
2612 3027 2707 3079 καὶ
2740 3024 2844 3075 ἀνὰ
2879 3024 3043 3092 μέρος
3073 3020 3364 3089 ἄνθρωπον
3399 3012 3547 3068 εἷναί
3588 3034 3817 3085 φαμεν,
3847 3017 3962 3066 ἁπο-

664 3123 747 3178 sui
775 3135 897 3174 cum
932 3117 1139 3185 angelis
1177 3115 1294 3168 suis
1327 3115 1412 3178 ‘5;
1450 3132 1467 3163 ι
1513 3122 1566 3165 et
1600 3112 1793 3164 iterum
1830 3127 1844 3162 :
1885 3130 1902 3160 ‹
1949 3109 2118 3174 Quem
2155 3124 2235 3162 me

2347 3120 2682 3189 διαιροῦντες
2708 3115 2872 3169 αὑτοῦ
2945 3115 3034 3165 τὸν
3074 3114 3137 3164 ὲκ
3182 3110 3318 3162 Θεοῦ
3343 3109 3568 3177 Πατρδς
3621 3110 3844 3175 Λόγον·
3883 3124 3961 3156 πε-

665 3217 851 3271 dicunt
885 3210 1130 3264 homines
1155 3220 1272 3261 esse
1301 3204 1496 3259 Filium
1529 3204 1766 3256 hominis
1797 3202 1840 3231 ⁸⁸
1869 3203 1890 3254 ?
1925 3222 1942 3253 ι
1979 3202 2234 3268 denique,

663 3315 724 3360 ut
766 3303 926 3356 unico
961 3299 1124 3351 verbo
1165 3295 1464 3359 absolvam,
1504 3291 1939 3360 quotiescunque
1984 3291 2038 3342 in
2095 3287 2243 3342 Scri-

660 3404 825 3465 ptura
889 3390 1154 3445 divinitus
1211 3388 1472 3455 inspirata
1535 3385 1695 3439 homo
1743 3383 2074 3452 appellatur,
2136 3398 2241 3435 non

665 3487 941 3543 hominem
996 3496 1240 3535 seorsum
1306 3495 1400 3545 per
1449 3496 1528 3544 se,
1602 3475 1784 3530 Verbo
1838 3476 1980 3544 quod
2022 3491 2088 3530 ex
2135 3475 2243 3530 Deo

665 3589 750 3634 est
772 3575 1013 3639 secluso,
1050 3580 1230 3624 mente
1268 3570 1629 3637 concipimus,
1685 3566 1777 3621 sed
1823 3566 2003 3634 potius
2059 3567 2240 3619 credi-

667 3685 788 3724 mus
843 3666 940 3721 Dei
973 3664 1219 3723 Verbnm
1253 3659 1645 3730 dispensatorie
1674 3667 1890 3727 propter
1927 3672 2021 3710 nos
2048 3656 2241 3710 Filium

666 3759 908 3816 hominis
963 3755 1187 3815 factum,
1246 3751 1533 3804 divinitate
1567 3748 1781 3801 interim
1812 3745 1956 3799 nulla
1991 3760 2054 3799 ex
2089 3755 2242 3813 parte

667 3852 868 3904 amissa
922 3854 1014 3899 aut
1067 3836 1433 3905 labefactata,
1491 3850 1545 3893 et
1586 3856 1750 3892 untttn
1789 3853 1908 3893 esse
1954 3837 2239 3892 DOminutn

668 3950 914 3994 nostrum
977 3936 1160 4000 Jesum
1221 3935 1520 3988 Christum.
1583 3931 1648 3984 Et
1713 3931 1835 3985 ideo
1903 3946 2007 3983 nou
2068 3939 2244 3998 potest

667 4045 880 4085 summa
925 4044 1046 4081 eum
1099 4027 1377 4096 impietate
1426 4025 1774 4092 conjunctum
1809 4037 1914 4075 non
1945 4037 2086 4084 esse,
2122 4030 2245 4090 post

669 4121 995 4176 indivulsam
1046 4118 1194 4172 illam
1252 4114 1781 4183 inseparabilemque
1837 4113 2090 4166 unionem
2127 4127 2245 4179 qum

669 4225 885 4264 onmem
908 4209 1131 4263 omnino
1156 4216 1210 4260 et
1243 4206 1441 4260 mentis
1485 4215 1537 4258 et
1570 4205 1798 4258 rationis
1828 4213 2044 4270 captum
2085 4217 2246 4257 exce-

670 4300 748 4353 dit
782 4299 1094 4367 plurimum,
1144 4296 1187 4349 si
1242 4296 1364 4362 quis
1395 4310 1558 4348 unum
1595 4293 1647 4346 in
1689 4294 1822 4347 duos
1853 4291 2100 4347 Christos
2155 4301 2247 4346 aut

671 4389 813 4442 ﬁlios
843 4386 1070 4440 dividat.
1106 4385 1378 4438 Caeterum
1412 4377 1456 4437 si
1496 4384 1582 4436 cui
1621 4385 1836 4435 animus
1868 4393 2035 4447 esset,
2065 4384 2246 4436 omnia

2347 3208 2610 3276 στεύομεν
2657 3207 2714 3256 δὲ
2765 3203 2963 3274 μᾶλλον
3014 3202 3094 3253 ὅτι
3147 3199 3241 3254 καὶ
3283 3198 3416 3259 Θεὸς
3464 3200 3631 3250 ἐστιν
3677 3198 3962 3269 ἀληθινὶς.

2344 3300 2531 3368 γέγονε
2563 3298 2617 3350 δὲ
2651 3297 2743 3349 καὶ
2791 3296 2917 3357 Υἱὸς
2961 3291 3246 3362 ἀνθρώπου
3279 3290 3345 3342 δι’
3392 3292 3556 3359 ἡμᾶς
3593 3289 3964 3359 οἰκονομικὴ

2349 3391 2484 3460 μετὰ
2512 3389 2601 3441 τοῦ
2632 3392 2808 3459 μεῖναι
2835 3397 2855 3422 ε
2896 3386 3049 3449 Θεὸς,
3099 3384 3192 3436 καὶ
3224 3377 3304 3446 εἷς
3337 3384 3454 3434 ἐστι
3497 3381 3729 3453 Κύριος
3766 3381 3965 3451 Ἰησοῖς

2345 3479 2598 3548 Χριστός.
2637 3475 2858 3537 ’Λσεϐὲς
2888 3475 2942 3527 δὲ
2976 3474 3093 3526 λίαν
3127 3474 3189 3524 τὸ
3230 3472 3492 3543 διορίζειν
3541 3474 3627 3534 εἰς
3676 3473 3777 3525 δύο
3825 3472 3967 3528 eici-,-

2346 3572 2439 3624 καὶ
2477 3570 2567 3622 δύο
2601 3567 2904 3636 Χριστοὺς,
2941 3567 3079 3636 μετά
3108 3566 3206 3634 τὴν
3246 3563 3643 3616 ἀδιάσπαστον
3677 3566 3899 3621 ἕνωσιν,
3935 3563 3964 3626 ἦ

2346 3663 2440 3715 καὶ
2469 3659 2560 3713 νοῦ
2595 3659 2686 3712 καὶ
2715 3657 2871 3726 λόγου
2909 3659 3108 3719 παντὸς
3138 3654 3402 3707 ἐπέκεινὰ
3439 3654 3502 3705 τὲ
3537 3656 3668 3707 ἐστι
3705 3658 3804 3708 καὶ
3835 3657 3968 3706 6-5:.»-

2345 3755 2510 3808 τάτω.
2544 3754 2652 3806 Καὶ
2685 3748 2752 3820 ἦν
2793 3751 2890 3820 μὲν
2937 3750 3066 3809 ἴσως
3105 3749 3164 3799 οὖ
3202 3745 3462 3814 δυσχερὲς
3517 3746 3677 3810 ἄγαν
3720 3751 3830 3808 τοῖς
3858 3744 3968 3797 ἑθέ-

2346 3848 2495 3899 λουσι
2530 3845 2836 3914 βασανίζειν
2884 3841 3102 3893 ἅπαντα
3141 3838 3210 3890 τὰ
3258 3837 3388 3907 περὶ
3415 3837 3678 3906 Χριστοῦ
3724 3856 3969 3909 γεγραμ-

2351 3939 2518 4008 μένα,
2568 3939 2660 3988 καὶ
2708 3933 2972 3986 πλειόνων
3018 3931 3238 3983 ἐννοιῶν
3299 3928 3652 3998 ποιήσασθαι
3715 3932 3815 4001 τὴν
3861 3947 3965 3980 πα-

2354 4029 2596 4100 ράθεσιν’
2637 4026 2754 4079 ἀλλ’
2790 4027 2946 4093 ἴσμεν
2982 4023 3040 4075 τὸ
3087 4021 3509 4090 γεγραμμένον·
3546 4040 3564 4070 ‹
3597 4022 3770 4086 Δίδου
3820 4020 3964 4087 σοις-ξ)

2349 4120 2620 4191 ἀφορμὴν,
2669 4118 2762 4170 καὶ
2812 4115 3116 4185 σοφώτερος
3165 4114 3335 4165 ἔσται.
3369 4131 3387 4162 ι
3430 4112 3766 4183 Ποδηγήσει
3800 4116 3906 4182 γὰρ
3941 4115 3963 4163 ὗ

2349 4210 2456 4263 τῶν
2489 4211 2623 4261 ὅλων
2662 4208 2791 4267 Θεὸς
2816 4207 2902 4258 διὰ
2944 4205 3224 4270 τοῦἁγίου
3259 4201 3592 4271 ῐῘνεύματος
3641 4207 3752 4267 τὰς
3788 4207 3968 4268 655;:-

2350 4301 2612 4362 λεστάτας
2664 4298 2818 4368 ὑμῶν
2866 4296 3084 4357 ἀκοὰςτι
3136 4295 3219 4355 εἷς
3260 4310 3323 4358 γε
3369 4294 3429 4344 τὸ
3466 4295 3753 4348 δύνασθαι
3798 4297 3971 4366 ὀρθᾷ-ς

2352 4397 2510 4447 νοεῖν.
2552 4390 2739 4460 Εὺρὼν
2769 4389 2876 4456 γὰρ
2907 4387 3048 4438 οὕτω
3070 4384 3314 4453 ’Χριστὸς
3349 4385 3406 4434 ὲν
3439 4384 3577 4451 ὑμῖν
3621 4386 3734 4456 τὴν
3787 4387 3970 4436 πίττςε

673 4495 795 4550 qua:
847 4480 913 4533 de
957 4476 1178 4532 Christo
1230 4474 1427 4528 litteris
1487 4473 1806 4539 consignata
1863 4483 2095 4536 exstant,
2129 4475 2235 4527 dili-

2359 4483 2546 4549 ἀκλινῆ
2577 4481 2670 4531 καὶ
2694 4477 2985 4544 ἀϐέϐηλον,
3018 4471 3352 4540 στεφανώδει
3381 4472 3668 4535 πλουσίως
3697 4479 3811 4536 τοῖς
3845 4477 3973 4525 ἄνω-

607 4609 609 4611 -
675 4572 890 4642 geutius
935 4570 1271 4630 exaruinare,
1327 4565 1400 4618 illi
1455 4565 1645 4633 utique
1674 4565 1814 4617 haud
1851 4564 2010 4616 nimis
2038 4563 2249 4619 diliicilc

677 4666 821 4719 foret
864 4662 1046 4732 plures
1097 4660 1277 4713 adhuc
1327 4656 1462 4709 alias
1509 4656 1810 4709 sententias
1864 4654 2011 4707 hisce
2063 4655 2250 4722 adjun-

674 4775 844 4829 gere;
883 4760 974 4812 sed
1019 4756 1281 4823 scriptum
1321 4751 1570 4806 novimus
1608 4763 1621 4800 :
1660 4767 1677 4799 ι
1719 4749 1790 4800 Da
1825 4749 2054 4818 sapienti
2090 4764 2252 4802 occa-

674 4853 913 4914 sionem,
960 4857 1010 4902 ct
1058 4844 1358 4916 sapientior
1386 4843 1493 4896 erit
1526 4841 1587 4894 ετ.
1631 4859 1648 4891 ι
1686 4837 2076 4894 Uni-rersorum
2109 4841 2250 4895 Deus

2359 4574 2449 4625 θεν
2478 4569 2721 4636 ἀγαθοῖς,
2751 4566 2845 4618 καὶ
2873 4563 3303 4632 παμμακαρίους
3332 4562 3635 4630 ἀποφανεῖ.
3675 4565 3840 4616 Πᾶσα
3870 4565 3973 4630 γὰρ·

2359 4663 2514 4733 ἡμῶν
2543 4659 2694 4720 ἐλπὶς
2722 4660 2780 4709 ἐν
2804 4655 3041 4726 Χριστῷ,
3069 4655 3136 4708 δι’
3164 4651 3221 4708 οὗ
3250 4656 3343 4707 καὶ
3374 4655 3494 4725 μεθ’
3521 4649 3587 4708 οὗ
3616 4657 3702 4726 τῷ
3737 4658 3919 4724 [lupi
3945 4659 3971 4720 ἦ

2358 4753 2485 4818 δόξα
2515 4755 2609 4805 σὺν
2632 4751 2768 4821 ἁγίῳ
2795 4749 3074 4820 Πνεύματι
3099 4751 3178 4812 εἰς
3204 4751 3329 4811 τοὺς
3353 4749 3564 4812 αἰῶνας
3591 4750 3707 4801 τῶν
3735 4749 3972 4801 αἰώνων.

2372 4849 2423 4898 Ἀ
2438 4846 2563 4915 μήν.

675 4952 886 4995 mentes
940 4949 1168 5003 vestras,
1219 4934 1640 5005 religiosissima:
1685 4934 2078 5002 imperalrices,
2135 4953 2230 5005 per
2270 4938 2528 5008 Spiritum
2591 4945 2838 4991 sanctum
2903 4938 3123 5006 diriget,
3157 4946 3215 4988 ut
3282 4944 3498 4986 rectum
3549 4947 3786 4985 sensum
3826 4947 3977 4986 asse-

675 5032 767 5102 qui
829 5028 1069 5098 possitis.
1136 5027 1348 5079 Etenim
1415 5024 1662 5079 Christus
1715 5024 1972 5078 Dominus
2028 5027 2099 5079 ita
2148 5043 2244 5083 vos
2319 5040 2684 5099 comparatas,
2729 5030 2830 5084 hoc
2897 5040 3000 5091 est,
3044 5032 3198 5080 lirma
3241 5041 3303 5077 ae
3373 5024 3562 5077 stabili
3610 5024 3722 5077 [ide
3747 5037 3976 5078 ornaris

677 5122 984 5181 inveniens,
1037 5115 1348 5169 caelestibus
1392 5115 1545 5168 bonis
1598 5113 1803 5166 alTatim
1861 5114 2227 5184 locupletabit,

2307 5120 2571 5189 longeque
2621 5121 2963 5175 beatissimus
3008 5117 3223 5172 eﬂicict.
3268 5113 3460 5168 Omnis
3528 5134 3778 5190 namque
3859 5137 3978 5190 spes

678 5227 869 5274 nostra
913 5217 964 5268 in
1005 5211 1230 5266 Christo
1261 5209 1362 5262 sita
1397 5219 1480 5263 est
1515 5229 1526 5262 :
1565 5225 1660 5279 per
1692 5225 1850 5278 quem
1884 5223 1937 5266 et
1970 5228 2093 5267 cum
2136 5229 2243 5282 quo
2282 5216 2426 5270 Patri
2451 5233 2572 5272 eum
2598 5217 2802 5284 Spiritu
2844 5222 3033 5268 sancto
3099 5211 3170 5264 sit
3231 5210 3402 5278 gloria
3441 5212 3493 5265 iu
3529 5215 3743 5269 szncula
3815 5233 3980 5270 sxta-

680 5317 876 5369 lorum.
909 5313 1101 5364 Amen.

1368 5445 1411 5474 ⁵⁵³
1439 5443 1581 5496 Psal.
1617 5462 1759 5511 xux,
1801 5449 1851 5502 6,

1360 5515 1402 5546 ⁸⁵
1436 5513 1622 5568 Matth.
1661 5533 1768 5582 λινι,
1800 5521 1887 5571 ‘27.

751 5454 795 5484 "
819 5451 976 5506 Joau.
1003 5467 1052 5511 ν,
1082 5448 1172 5513 9.6,
1201 5447 1292 5504 27,

683 5539 763 5589 ιιι,
799 5524 881 5575 15.
958 5522 999 5551 ⁸³
1035 5522 1162 5574 ibid.
1197 5518 1280 5570 14.

1959 5450 2002 5481 ‘°
2034 5450 2145 5504 Jac.
2185 5465 2256 5511 tv.
2286 5453 2369 5507 12.

1969 5522 2011 5552 εδ
2046 5523 2172 5577 ibid.
2205 5525 2289 5577 15.

2450 5453 2488 5483 ε¹
2529 5450 2631 5503 lsa.
2669 5462 2856 5512 xum,
2892 5446 2973 5499 Η.
3090 5447 3132 5479 ⁶²
3164 5445 3318 5502 Joan.
3358 5459 3480 5512 \'ttt,
3519 5447 3611 5502 40.
3735 5447 3783 5477 ⁸³
3817 5443 3976 5500 Jean.

3090 5447 3132 5479 ⁶²
3164 5445 3318 5502 Joan.
3358 5459 3480 5513 rttt,
3519 5447 3611 5502 40.

2371 5523 2412 5554 ⁵⁷
2441 5521 2601 5575 Prov.
2639 5535 2713 5579 Ix,
2745 5518 2796 5571 9.

1763 5631 1932 5690 Variae
1974 5637 2235 5693 lectiones
2259 5637 2462 5693 codicis
2494 5632 2851 5703 Seguicriani.

755 5762 777 5790 ι
805 5746 959 5803 εἶναι.
1037 5758 1054 5779 ³
1087 5748 1337 5809 διανοίας.
