4042 6504
219 433 328 490 “’25

1327 426 1748 486 FRAGMENTA
1791 427 2205 488 llOGMATlCA.

3248 438 3268 492 Ι
3279 438 3383 494 ινδ

215 551 305 621 χαὶ,
326 547 411 601 ἀλλ’
436 548 483 600 ἐν
516 545 679 610 ζῶσιν
707 545 786 599 ἔτι
814 543 1116 614 λογίζονται
1165 546 1316 616 παρά
1344 543 1420 616 τῷ
1448 544 1587 609 Θεῶ,
1619 544 1702 606 τίς

1833 547 1949 614 ιρυιι
1982 547 2170 601 Deum.
2201 549 2333 615 Quis
2362 550 2464 606 boc
2493 563 2739 607 asserere
2771 553 3083 609 recusabit?
3112 553 3178 608 Et
3202 565 3385 623 paucis

212 641 384 709 ὀφάναι
409 637 863 710 παραιτούμενος;
919 636 1027 690 Καὶ
1065 635 1192 707 μετ’
1223 636 1418 706 ὀλίγα·
1463 634 1712 688 Ἐννοιῶν

211 733 299 802 ἄρα
322 731 460 799 σοφῶν
483 748 543 782 τε
575 731 668 783 καὶ
697 727 913 797 ἀγαθῶν
941 729 1001 780 οὑ
1045 727 1279 799 μετρίως
1327 725 1712 798 ἡμαρτηκότας

211 825 370 877 κατίδοι
391 839 459 886 τις
483 822 548 875 ἂν
577 809 704 883 τοὺς
720 822 1038 891 ἀποστερεῖν
1070 819 1352 882 ἐθέλοντας
1380 820 1506 881 τοὺς
1535 834 1716 893 κεκοιέ

212 915 429 986 μημὲνους
469 915 560 967 καὶ
588 913 776 977 θυσίας
807 916 905 985 τῆς
939 913 1226 984 μυστικῆς,
1258 913 1352 967 καὶ
1382 912 1483 982 τῆς
1511 911 1716 966 ἄνωθεν

206 1007 496 1076 ἡμερότητος.
524 1004 667 1058 Ζῶσι
699 1003 827 1075 γὰρ,
859 1004 932 1066 ὡς
953 1003 1110 1074 ἔφην,
1140 1003 1202 1056 τό
1219 1020 1282 1072 γε
1311 1004 1368 1055 ἐν
1386 1003 1554 1055 εἰκόνι
1581 1000 1716 1054 Θεοῦ

204 1097 361 1168 ὥσπερ
378 1097 570 1150 οὐδέπω
585 1096 770 1165 ζήσειν
801 1094 1104 1164 μέλλοντες,
1139 1094 1233 1146 καὶ
1261 1091 1410 1163 αὐτῷ
1440 1093 1498 1145 δὲ
1531 1092 1718 1145 συνόνο

200 1204 280 1250 τες
302 1185 500 1256 Χριστῷ.
529 1186 636 1238 Καὶ
662 1183 789 1252 μετ’
807 1185 999 1252 ὀλίγα,
1016 1182 1131 1250 τὴν
1154 1181 1260 1236 τοῦ
1295 1181 1416 1236 Ἰὼϐ
1435 1181 1585 1248 ὑπὲρ
1603 1180 1720 1234 τῶν

199 1278 386 1332 τέκνων
408 1275 803 1343 παραθέμενος
832 1274 1070 1328 θυσίανο
1094 1273 1244 1341 φησί
1264 1273 1394 1343 τὰρ,
1429 1272 1551 1325 ὄτιι
1586 1272 1717 1326 Ἄπ-

197 1371 438 1425 έστελλεν
462 1368 604 1433 Ἰὼϐ,
641 1368 739 1421 καί
780 1365 1120 1435 ὲκαθάριζεν
1151 1365 1370 1431 αὐτοὺς
1399 1364 1718 1433 ἀνιστάμε-

194 1480 290 1528 νος
315 1460 378 1525 τῷ
408 1461 565 1529 πρωϊ,
598 1459 695 1513 καὶ
723 1458 1079 1528 προσφέρων
1094 1457 1245 1527 ὑπὲρ
1277 1456 1476 1512 αὐτῶν
1504 1456 1720 1521 θυσίας

192 1554 323 1606 κατὰ
361 1552 452 1605 τὸν
495 1549 746 1620 ἀριθμὸν
783 1549 1000 1614 αὐτῶν,
1026 1569 1045 1601 ι
1082 1551 1179 1604 καί
1224 1547 1484 1617 ἐπιφέρει
1505 1548 1717 1618 λέγων·

189 1643 370 1696 Οὔκοῦν
383 1643 471 1695 οὐκ
486 1642 787 1711 ἀπόϐλητον
806 1659 878 1694 πα
885 1640 956 1711 ρὰ
970 1640 1088 1711 Θεῷ
1102 1642 1162 1694 τὸ
1179 1641 1325 1694 Θύειν
1343 1640 1480 1710 ὑπὲρ
1497 1639 1582 1692 ἑτέ
1593 1656 1718 1710 ρων,

194 1733 300 1785 οὐδὲ
319 1733 433 1803 δρᾷν
474 1731 687 1801 ἐφίησιν
738 1731 1102 1798 ἀνεγκλήτως.
1163 1731 1407 1784 Ἐπαινεῖ
1451 1728 1601 1797 γοῦν,
1648 1727 1724 1792 ὡς

179 1825 275 1893 οὐχ
298 1825 509 1893 ὑπάρχον
537 1821 831 1890 ἀνωφελές.
867 1819 1012 1875 Εἶτα
1035 1821 1222 1875 πάλιν
1246 1821 1360 1891 τὴν
1384 1823 1452 1876 ἐν
1476 1821 1553 1887 τῷ
1578 1821 1724 1875 κατὰ

185 1913 399 1968 Λουκᾶν
426 1913 765 1982 Εὐαγγελίῳ
793 1912 928 1980 περί
960 1913 1066 1966 τοῦ
1092 1915 1458 1982 παραλύτου,
1482 1915 1578 1968 καί
1607 1914 1724 1967 τῶν

179 2005 545 2072 χαλασάντων
587 2001 775 2056 αὐτὸν
817 2002 916 2056 διὰ
953 2002 1073 2057 τῶν
1119 2006 1388 2074 κεράμων
1433 2003 1724 2074 ἐξηγησά-

169 2113 339 2166 μενος
368 2095 628 2162 ἱστορίαν
660 2110 724 2146 τε
762 2094 860 2148 καὶ
894 2096 1391 2165 θαυματουργίαν,
1439 2095 1723 2165 ἐπιφέρει,

173 2183 275 2237 καί
297 2197 496 2251 φησιν’
550 2183 666 2235 Οὐκ
696 2180 1045 2251 ἀθαύμαστον
1082 2184 1230 2251 ἠφίει
1280 2186 1307 2236 ὁ
1352 2185 1586 2254 Χριστὸς
1617 2183 1725 2236 τῶν

174 2273 636 2346 προπομισὰντων
665 2273 764 2343 τὴν
792 2273 994 2328 πίστιν.
1033 2274 1092 2326 '0
1117 2275 1172 2326 δὲ
1194 2275 1302 2327 τῶν
1334 2276 1509 2328 πόνων
1540 2275 1705 2328 ἐπλού

167 2385 250 2419 τει
278 2365 552 2439 sip/16mm
593 2366 686 2418 καὶ
714 2365 776 2417 τὸ
805 2365 1182 2436 ἑτερογνήσιον
1211 2368 1289 2429 εἰς
1321 2367 1593 2436 φιλοθεῖαν
1641 2366 1727 2418 εὐ-

173 2457 325 2528 μενῆ,
356 2458 443 2510 καὶ
472 2456 620 2526 φίλον
652 2454 798 2526 αὐτῷ
829 2457 1215 2526 κατεστήσατο,
1236 2456 1325 2509 τὸν
1339 2438 1728 2526 ’ἐλευθεροῦντα

165 2548 391 2620 Χριστὸν
416 2546 902 2618 πλημμελημάτων
951 2553 1011 2599 τε
1057 2546 1192 2617 ὁμοῦ
1222 2548 1317 2601 καὶ
1358 2547 1726 2618 ἀρρωστημά-

160 2660 292 2694 των.
315 2639 413 2693 Καὶ
440 2634 609 2704 αὖθις
635 2640 766 2706 περί
799 2638 904 2691 τοῦ
934 2636 1377 2706 ἑκατοντάρχου
1398 2640 1730 2706 μνημονεύ-

151 2749 278 2798 σας
310 2731 408 2784 τοῦ
437 2732 503 2784 ἐν
525 2731 604 2796 τῷ
630 2731 782 2782 κατά
817 2728 1116 2782 Ματθαῒον
1146 2730 1489 2797 Εὑαγγ-ελίῳ
1521 2729 1730 2797 λέγον-

153 2841 284 2890 τος.
319 2843 336 2874 ι
380 2823 569 2890 Κύριε,
611 2823 642 2874 ό
675 2819 815 2884 παῖς
852 2817 1282 2887 μουβέὅληται
1327 2817 1730 2884 παραλυτικὸς

150 2915 230 2968 ἐν
275 2911 345 2981 τῇ
403 2911 559 2976 οἰκίᾳ
611 2897 822 2974 δεινῶς
867 2905 1374 2975 βασανιζόμενος·
1421 2906 1520 2962 καί
1569 2905 1729 2974 λέγει
1775 2937 1779 2941 ~

147 3003 348 3069 αὺτῷ-
392 3003 530 3071 Ἐτηὼ
563 3001 756 3056 ἐλθὼν
790 2998 1138 3067 θεραπεύσω
1182 2999 1387 3053 αὐτόν.
1429 2999 1538 3052 Καὶ
1586 2999 1732 3053 ἀπο-

147 3095 374 3164 κριθεὶς
403 3097 434 3147 d
461 3093 898 3160 ἑκατόνταρχος
921 3091 1035 3159 ἔφη
1055 3108 1070 3122 ·
1099 3091 1292 3158 Κύριε,
1328 3093 1437 3144 οὐκ
1462 3092 1574 3160 εἰμί
1610 3095 1733 3145 ἰκα-

1814 636 2135 705 interjectis:
2166 638 2207 691 Ε
2231 641 2516 693 sententiis
2544 641 2725 710 itaque
2750 642 2905 698 bonis
2935 657 2998 697 ac
3027 644 3382 712 sapientibus,

1815 739 1916 779 nec
1947 727 2293 782 mediocriter
2349 729 2621 782 excidisse
2657 729 2888 799 quisque
2931 732 3237 800 comperict
3267 747 3383 795 eos,

1816 817 1905 886 qui
1953 818 2280 891 dormieptes
2345 828 2400 872 et
2457 819 2722 875 sacriﬁcio
2775 822 3000 890 mystico
3054 832 3108 877 et
3153 838 3385 892 superna

1818 910 2102 965 clementia
2131 911 2370 982 spoliare
2421 921 2712 966 conantur.
2746 913 2944 967 Vivunt
2991 914 3135 968 enim
3195 916 3383 978 vitam,

1817 1017 1938 1072 quae
1978 1004 2028 1056 in
2054 1003 2284 1073 imagine
2311 1003 2403 1057 Dei
2434 1003 2656 1071 vivitur,
2688 1011 2743 1057 et
2773 1017 2936 1072 quam
2971 1019 3188 1069 semper
3232 1006 3390 1058 simul

1820 1111 1942 1150 cum
1979 1095 2196 1151 Christo
2241 1096 2433 1151 victuri
2466 1104 2615 1159 sunt,
2650 1094 2715 1148 Et
2762 1105 2875 1163 post
2921 1113 3115 1164 pauca,
3142 1096 3264 1149 Jobi
3297 1112 3390 1162 pro

1820 1186 1946 1255 [iliis
1995 1187 2259 1255 sacriﬁcio
2310 1187 2570 1257 apposito,
2625 1187 2822 1240 dicitur
2865 1188 3042 1240 enim:
3080 1204 3098 1236 ι
3151 1185 3390 1239 Mittebat

1820 1276 1943 1340 Job,
1969 1287 2015 1330 et
2053 1277 2365 1346 puriﬁcabat
2414 1293 2522 1343 eos,
2553 1293 2832 1347 exsurgens
2864 1293 3039 1340 mane,
3072 1286 3120 1331 et
3169 1277 3392 1344 oﬁ‘erens

1821 1385 1914 1436 pro
1958 1371 2034 1422 eis
2070 1371 2307 1424 uictimas
2359 1371 2645 1423 secundum
2702 1386 2977 1424 numerum
3021 1372 3265 1434 eorum',
3309 1369 3394 1421 in-

1822 1460 1962 1530 fert:
1995 1477 2016 1511 s
2051 1461 2194 1528 Ergo
2220 1460 2485 1514 sacriﬁcia
2517 1458 2714 1515 oﬂ’erre
2758 1474 2857 1529 pro
2893 1459 3013 1513 aliis
3047 1474 3076 1512 a
3113 1458 3220 1512 Deo
3283 1473 3388 1512 non

1825 1551 2089 1619 rejicitur,
2124 1553 2264 1619 quod
2296 1553 2503 1620 absque
2524 1552 2754 1606 crimine
2786 1552 2900 1606 lieri
2936 1551 3223 1620 permittit.
3253 1549 3396 1603 Lau-

1825 1645 1915 1700 dat
1971 1645 2136 1715 igitur
2194 1653 2449 1713 tanquam
2507 1643 2674 1697 utile?
2703 1643 2836 1697 Tum
2878 1644 3121 1710 deinceps
3170 1637 3395 1695 historia

1828 1745 1979 1804 atque
2008 1733 2284 1797 miraculo,
2318 1750 2435 1802 qua:
2459 1733 2511 1785 in
2538 1732 2694 1787 Luca:
2725 1732 3007 1800 Evangelia
3085 1734 3148 1787 de
3181 1731 3402 1800 paraly-

1829 1826 1929 1879 tico
1952 1829 1994 1892 ²,
2023 1836 2067 1879 et
2092 1826 2176 1888 iis,
2195 1826 2282 1895 qui
2310 1841 2374 1878 ea:
2396 1834 2528 1878 tecto
2549 1841 2667 1879 eum
2714 1825 3093 1889 submiserant,
3119 1823 3394 1893 expositis,

1825 1917 2078 1986 subinfert
2105 1927 2152 1971 et
2184 1918 2255 1970 ait
2280 1932 2300 1970 :
2333 1915 2448 1970 Non
2479 1919 2680 1984 absque
2706 1915 2972 1970 miraculo
2996 1914 3153 1969 [idem
3181 1929 3396 1976 eorum,

1824 2011 1914 2080 qui
1969 2011 2326 2073 adduxerant,
2385 2009 2621 2077 reliquit.
2671 2007 2742 2062 At
2796 2007 2888 2062 hic
2941 2005 3192 2061 dolorum
3249 2005 3399 2058 solu-

1822 2101 2020 2154 tionem
2045 2100 2258 2155 abunde
2275 2101 2727 2169 consequebatur,
2751 2105 2807 2154 et
2833 2098 2977 2167 quod
3012 2096 3234 2152 alterius
3257 2104 3395 2158 erat,

1826 2191 1878 2244 in
1936 2190 2219 2244 candidum
2291 2189 2385 2244 Dei
2444 2204 2686 2242 amorem
2741 2187 3070 2248 immutavit,
3117 2195 3172 2241 et
3229 2185 3330 2239 sibi
3367 2200 3398 2236 a

1827 2282 2069 2346 Christo,
2100 2283 2190 2352 qui
2220 2297 2247 2333 a
2273 2282 2509 2350 peccatis
2540 2281 2702 2336 simul
2740 2291 2794 2336 et
2820 2278 3231 2349 :egritudinibus
3262 2276 3399 2329 libe-

1829 2382 1931 2440 rat,
1961 2373 2386 2427 benevolentiam
2410 2371 2744 2426 ceuciliavit.
2786 2369 3019 2439 Itemque
3075 2364 3396 2421 centurionis

1829 2463 2086 2515 mentione
2116 2463 2352 2526 inducta,
2382 2462 2532 2529 cujus
2554 2462 2608 2515 in
2642 2461 2879 2515 Matthwi
2911 2457 3193 2528 Evangelia
3226 2456 3398 2509 ltisto-

1830 2552 1909 2603 ria
1943 2561 2212 2613 narratur,
2245 2552 2499 2609 dicentis:
2530 2568 2547 2601 ι
2597 2550 2840 2612 Domine,
2881 2566 3012 2617 puer
3049 2564 3192 2601 meus
3250 2546 3397 2615 jacet

1827 2643 1881 2694 in
1905 2641 2058 2693 domo
2082 2639 2421 2708 paralyticus,
2455 2649 2503 2692 et
2537 2640 2674 2693 male
2719 2649 3034 2706 torquetur;
3069 2648 3116 2691 et
3148 2638 3226 2690 ait
3278 2636 3399 2689 illi:

1832 2728 1942 2798 Ego
1968 2729 2165 2782 veniam
2188 2740 2233 2783 et
2257 2729 2453 2783 curabo
2505 2747 2645 2786 eum.
2678 2728 2747 2784 Et
2792 2731 3110 2798 respondens
3141 2730 3397 2790 centurio,

1827 2821 1901 2873 ait
1934 2833 1952 2872 :
1992 2820 2227 2884 Domine,
2270 2837 2372 2874 non
2400 2839 2512 2874 sunt
2543 2824 2760 2892 dignus,
2787 2832 2842 2876 ut
2883 2824 3045 2876 intres
3077 2820 3169 2875 sub
3210 2830 3400 2873 lectum

1830 2928 2018 2976 meum,
2045 2915 2134 2965 sed
2152 2922 2353 2968 tantum
2388 2915 2472 2968 dic
2502 2915 2673 2979 verba,
2694 2923 2742 2967 et
2767 2915 3047 2972 sanabitur
3076 2927 3204 2980 puer
3229 2927 3396 2964 meus.

1831 2999 2063 3055 Audiens
2093 3012 2268 3056 autem
2293 3002 2446 3057 Jesus
2487 3004 2709 3060 miratus
2754 3013 2853 3065 est,
2875 3013 2925 3056 et
2981 3002 3316 3072 sequentibus
3349 3017 3403 3053 se

1835 3095 1970 3147 dixit
2001 3108 2020 3149 :
2050 3095 2211 3148 Amen
2244 3096 2360 3148 dico
2420 3095 2584 3158 vobis,
2613 3111 2715 3149 non
2757 3094 2928 3150 inveni
2996 3103 3199 3146 tantam
3246 3093 3402 3160 [idem

142 3187 286 3251 νὸς,
318 3187 415 3237 ἵνα
450 3201 568 3252 μου
595 3184 713 3237 ὑπὸ
735 3183 849 3250 τὴν
875 3183 1104 3251 στέγην
1127 3181 1435 3251 εἰσέλθῃς·
1453 3183 1732 3237 suam

1837 3184 1889 3237 in
1921 3184 2108 3242 Israel.
2133 3184 2265 3238 Tum
2285 3185 2417 3253 ipsi:
2452 3184 2612 3250 Vade,
2632 3197 2677 3239 et
2695 3186 2828 3239 sicut
2854 3185 3140 3249 credidisti,
3174 3184 3266 3254 ﬁat
3291 3183 3405 3236 tibi.

139 3279 334 3343 λόγῳ,
374 3274 473 3326 καί
524 3271 828 3337 ἰαθήσεται
877 3275 909 3325 d
942 3271 1082 3336 παῖς
1106 3290 1247 3339 μου.
1299 3273 1594 3338 Ἀκούσας
1642 3273 1737 3335 es,

137 3367 366 3437 φησίν,
404 3363 633 3432 Ἰησοῦς
656 3363 976 3431 ἐθαύμασε,
1023 3364 1120 3415 καί
1163 3360 1293 3416 εἷπε
1326 3364 1447 3428 τοῖς
1489 3365 1738 3417 ἀκελουυ

137 3459 403 3515 θοῦσινυ
459 3455 666 3524 Ἀμὴν,
701 3453 855 3523 λέγω
902 3453 1066 3522 ὑμῖν,
1102 3456 1236 3523 παρ’
1271 3456 1472 3509 οὐδενί
1521 3458 1738 3510 τοσαύ-

131 3566 267 3617 την
315 3547 528 3600 πίστιν
583 3541 763 3614 εὗρον
812 3545 879 3598 ἐν
935 3545 1015 3610 τῷ
1083 3545 1351 3614 Ἰσραήλ.
1405 3543 1549 3599 Εἶτα
1590 3548 1738 3615 πρὸς

128 3642 374 3698 αὐτόν’
430 3641 679 3708 ⁸Υπαγε,
732 3636 834 3690 καί
885 3637 965 3703 ὠς
1014 3623 1386 3702 ἐπίστευσας
1433 3637 1738 3706 γενηθήτω

127 3749 268 3788 σοι’
314 3732 420 3785 καί
470 3733 602 3798 ίάθη
643 3734 674 3785 ὀ
723 3729 862 3796 παῖς
907 3731 976 3783 ὲν
1009 3729 1081 3799 τῇ
1126 3729 1248 3798 ὥρᾳ
1295 3729 1522 3796 ἐκείνη.
1569 3748 1587 3780 ι
1629 3729 1739 3782 Καὶ

123 3825 445 3892 ἐπιφέρει,
487 3824 587 3878 καί
612 3837 803 3891 φησιν
827 3836 840 3849 ·
877 3822 1065 3893 ἈΟρει
1095 3822 1156 3894 δή
1196 3839 1285 3892 μοι
1316 3823 1417 3874 κάν
1445 3821 1618 3891 τούτῳ
1663 3821 1739 3891 τῷ

121 3915 228 3968 διὰ
272 3902 377 3982 τῆς
419 3913 608 3984 ἐτέρου
641 3913 874 3972 πίστεως
918 3913 1009 3964 τὸν
1037 3914 1095 3965 οὐ
1139 3913 1383 3982 παρόντα
1414 3913 1738 3983 σωζόμενον.

119 4005 206 4060 Τί
258 4005 454 4057 τοίνυν
501 4006 630 4073 ἡμῖν
660 4001 889 4064 ἀνοσίως
919 4003 1016 4072 τὴν
1053 4003 1426 4074 φιλοκέρδειαν
1476 4003 1742 4073 ἐπιφημί-

119 4100 362 4162 ζουσιν,
396 4098 449 4148 οἰ
481 4096 621 4148 τῶν·
649 4093 851 4154 εἰδότες
896 4095 1065 4155 οὐδὲν,
1095 4093 1127 4163 ἢ
1157 4093 1255 4162 τὴν
1288 4093 1493 4146 ἄνωθεν
1534 4095 1741 4164 ἡμερό-

109 4206 285 4258 τητα
319 4191 440 4248 τοῖς
474 4191 528 4240 ὲν
560 4185 737 4237 πίστει
769 4185 1187 4254 κεκοιμημένοις
1222 4185 1612 4254 σπουδάζομεν,
1642 4186 1741 4255 τὴν

109 4280 310 4348 ἁγίαν
343 4297 408 4330 τε
443 4279 536 4329 καὶ
570 4275 837 4345 μυστικὴν
877 4275 962 4327 ἐπ’
994 4275 1191 4336 αὐτοὺς
1220 4275 1496 4337 τελοῦντες
1529 4275 1740 4340 Θυσίαν,

104 4370 464 4442 ἠλεήμεοα,
496 4369 590 4420 καὶ
610 4368 741 4419 αὐτὸ
769 4367 825 4418 δὲ
855 4368 912 4418 τὸ
937 4365 1030 4419 τοῦ
1059 4366 1289 4419 θανάτου
1322 4366 1577 4419 πέπτωκε
1609 4370 1744 4439 κρα-

98 4483 245 4528 τος,
286 4464 394 4515 καὶ
426 4465 462 4529 ἡ
512 4460 613 4528 τῆς
662 4458 1019 4529 ἀτελευτήτου
1065 4457 1210 4527 ζωῆς
1251 4458 1559 4527 ἀνέλαμψεν
1591 4459 1743 4520 ἐλπὶς

1841 3273 1908 3327 Et
1931 3282 2148 3326 sanatus
2171 3283 2245 3325 est
2276 3289 2403 3338 puer
2423 3273 2476 3324 in
2501 3273 2593 3326 illa
2619 3274 2750 3326 hora
2775 3273 2816 3337 ³,
2845 3291 2865 3325 ι
2905 3273 3184 3335 subnectit,
3212 3282 3259 3326 et
3296 3274 3368 3324 ait
3389 3289 3407 3325 :

1840 3365 1975 3420 Vide
2010 3365 2172 3418 etiam
2205 3364 2257 3417 iu
2294 3365 2395 3418 boc
2417 3364 2696 3419 absentem
2726 3379 2820 3433 per
2855 3365 3083 3419 alterius
3119 3363 3278 3418 [idem
3324 3379 3410 3418 8n-

1842 3468 2046 3510 natum.
2079 3455 2216 3522 Quid
2247 3457 2409 3524 igitur
2433 3457 2587 3512 nobis
2615 3458 2900 3511 avaritiam
2933 3465 2989 3512 et
3036 3457 3174 3511 lucri
3213 3456 3412 3524 cupidi-

1842 3562 1962 3602 nem
1995 3548 2334 3615 exprobratis
2367 3564 2543 3604 rerum
2575 3549 2832 3603 similium
2858 3564 3080 3619 prorsus
3106 3547 3296 3618 ignari,
3324 3548 3412 3615 qui

1841 3652 2128 3706 supernam
2176 3640 2518 3693 clementiam
2564 3640 2616 3694 in
2670 3639 2773 3694 ﬁde
2825 3638 3094 3693 defunctis
3129 3636 3415 3692 conciliare

1842 3729 2084 3793 nitimur,
2117 3738 2172 3782 et
2231 3745 2442 3784 sacrum
2477 3746 2542 3785 ac
2573 3731 2860 3801 mysticum
2910 3745 3006 3799 pro
3036 3729 3144 3783 illis
3205 3729 3413 3782 sacriﬁ-

1843 3824 1983 3876 cium
2019 3833 2410 3893 perpetramus,
2446 3823 2599 3890 cujus
2634 3837 2734 3891 ope
2763 3819 3196 3876 misericordiam
3220 3833 3415 3873 conse-

1841 3917 2078 3983 quimur,
2122 3913 2274 3982 cujus
2313 3915 2554 3969 subsidio
2586 3913 2756 3981 ipsius
2787 3913 2979 3968 mortis
3020 3911 3184 3966 robur
3201 3911 3416 3970 cecidit,

1844 4016 1897 4060 et
1926 4007 2049 4061 vita:
2093 4020 2365 4073 nunquam
2423 4004 2719 4058 desinentis
2760 4019 2888 4074 spes
2942 4004 2994 4057 in
3046 4002 3264 4057 Christo
3293 4000 3418 4054 Jcsu

1845 4095 2073 4149 Domino
2122 4104 2306 4147 nostro
2344 4093 2559 4147 reluxit.
2590 4091 2924 4146 Contentiose
2962 4088 3245 4142 admodum
3297 4104 3416 4140 ora-

1844 4186 2033 4238 lionem
2061 4200 2213 4237 suam
2267 4185 2472 4250 sapiens
2519 4199 2580 4235 ac
2629 4183 2852 4249 optimus
2912 4178 3075 4233 Pater
3121 4181 3419 4243 instituens,

1845 4294 1945 4331 non
2005 4277 2114 4328 sine
2168 4276 2525 4342 indignatione
2587 4287 2740 4343 atque
2825 4275 2972 4343 gravi
3025 4274 3309 4341 oﬁ'ensione
3357 4276 3418 4326 ab

1844 4382 2020 4420 errore
2071 4383 2226 4436 quam
2281 4365 2580 4434 longissime
2632 4364 2829 4433 repellit
2867 4380 2975 4425 eos,
3003 4365 3091 4433 qui
3126 4379 3230 4416 non
3290 4374 3424 4415 recte

1846 4458 2036 4512 sentire
2087 4459 2185 4510 sibi
2215 4459 2268 4509 in
2297 4457 2473 4509 animo
2536 4463 2916 4524 proposuerant
2961 4470 2978 4508 :
3025 4463 3133 4506 tum
3182 4455 3425 4520 deinceps

97 4560 178 4610 ἐν
228 4551 483 4624 Χριστῷ
526 4550 698 4619 Ἰησοῦ
749 4550 823 4619 τῷ
872 4550 1060 4620 Κυρίῳ
1091 4549 1267 4618 ἡμῶν.
1331 4549 1732 4618 Ἁγωνιστικῶς

1851 4549 2180 4604 abundanter
2211 4550 2362 4600 nimis
2390 4549 2554 4600 sacris
2579 4549 2820 4614 eloquiis,
2851 4557 2897 4600 et
2919 4546 3190 4600 miraculis
3216 4562 3246 4597 α
3268 4545 3424 4599 Clari-

93 4649 223 4702 κιιί
269 4644 473 4697 τόνδε
519 4643 623 4694 τὸν
665 4643 853 4707 λόγον
883 4639 1430 4706 παραστησάμενος
1475 4644 1507 4694 ὁ
1553 4643 1744 4709 σοφὸς

89 4739 222 4793 καὶ
266 4732 669 4799 πανάριστος
698 4729 918 4797 Πατὴρ,
954 4728 1488 4797 καταμεμψάμενος
1528 4747 1610 4792 τε,
1643 4733 1738 4784 καί

84 4825 562 4892 ἀποσοϐήσας
618 4823 812 4890 πόρρω
857 4836 972 4872 που
1030 4818 1138 4886 τῆς
1190 4819 1429 4886 πλάνης
1476 4821 1615 4887 τοὺς
1655 4821 1740 4891 μὴ

82 4923 280 4992 (λυνά
306 4916 579 4988 φρονεῖν
606 4912 952 4983 ἑλομένοις
983 4907 1109 4964 εἶτα
1138 4911 1233 4963 καί
1258 4914 1745 4979 καταπλουτίσας

77 5012 331 5068 αὑτὸν·
356 5011 439 5063 ἐκ
479 5027 542 5062 τε
567 5007 684 5062 τῶν
714 5006 886 5059 θείων
909 5003 1147 5072 λογίων,
1167 5002 1235 5055 ἐκ
1267 5019 1331 5054 τε
1357 5002 1473 5055 τῶν
1499 5007 1749 5074 θαυματ-

75 5125 115 5158 ε
134 5100 435 5170 ιοργιῶν,
475 5095 561 5152 ὧν
586 5099 804 5165 ἔδρασε
830 5093 1082 5163 Χριστὸς
1112 5096 1143 5147 ό
1177 5091 1276 5144 ἐπὶ
1310 5091 1552 5146 πάντων
1578 5095 1743 5160 Θεὸς,

70 5196 208 5250 καὶ
257 5192 393 5258 τὰς
436 5194 590 5261 ὑπὲρ
633 5191 838 5245 ἄλλων
885 5189 985 5256 ὑφ’
1026 5184 1424 5252 ἐτέρωναὺτῴ
1469 5186 1564 5238 καί
1600 5204 1745 5254 προ-

62 5284 507 5354 σαγομένας
529 5283 824 5347 ἐντεύξεις
849 5279 1000 5346 μετὰ
1027 5279 1306 5341 πίστεως,
1333 5278 1548 5342 θυσίας
1568 5295 1631 5331 τε
1651 5278 1748 5330 καί

61 5375 518 5440 προσφορὰς
549 5369 1028 5438 προσηκίὶμενος,
1076 5365 1343 5418 παιδεύει
1380 5363 1560 5434 σιγᾷν
1609 5367 1748 5432 τοὺς

1851 4652 1928 4694 sto
1962 4643 2020 4693 in-
2050 4641 2288 4693 omnibus
2314 4641 2442 4703 Deo,
2476 4655 2591 4708 qua:
2649 4656 2742 4706 pro
2787 4640 2909 4692 aliis
2949 4639 3296 4708 precationes,
3333 4653 3424 4689 nec

1851 4751 1952 4787 non
1983 4734 2333 4801 sacriﬁcia,et
2384 4734 2608 4786 donaria
2653 4734 2757 4801 [ide
2795 4734 2896 4786 sibi
2943 4733 3120 4784 oblata
3161 4731 3422 4796 excipiens

1850 4823 2090 4893 confecit,
2134 4825 2444 4888 instructus,
2491 4824 2596 4878 illis
2639 4825 2726 4893 qui
2781 4824 3166 4883 adversantur,
3213 4838 3425 4891 seseque

1850 4929 2109 4984 opponunt
2142 4917 2522 4979 constitutioni,
2553 4912 2915 4967 consuetudini
2963 4912 3186 4975 scilicet,
3216 4921 3264 4966 et
3287 4923 3424 4966 recto

1852 5008 2125 5062 catholica:
2175 5017 2222 5061 et
2255 5008 2552 5074 apostolica:
2583 5004 2833 5057 Ecclesiw
2866 5005 3124 5074 dogmati,
3160 5005 3424 5059 silentium

1853 5098 2092 5164 imponit,
2129 5100 2409 5164 suadetque
2437 5097 2510 5147 .in
2560 5104 2822 5160 posterum
2855 5098 3047 5166 stt'pius
3080 5113 3177 5167 pro
3203 5098 3422 5149 mortuis

1855 5186 2138 5238 oblationes
2169 5195 2324 5253 atque
2367 5183 2774 5250 supplicationes
2805 5187 3093 5250 absolvere,
3127 5205 3239 5241 cum
3268 5188 3424 5252 plane

1853 5275 2098 5339 calleant,
2131 5275 2234 5326 illis
2272 5273 2374 5326 Deo
2425 5283 2472 5327 et
2538 5274 2687 5329 l’atri
2720 5276 2909 5332 oblatis
2962 5280 3247 5332 maximam
3302 5281 3422 5332 inde

1855 5365 2074 5418 mortuis
2108 5380 2350 5418 emttnare
2387 5367 2688 5422 ulilitatent.

60 5463 748 5534 ἀντιδιατιθεμένους
774 5462 859 5514 ἔτι
883 5460 980 5512 καί
1037 5458 1502 5521 ἁντιπίπτοντας
1541 5457 1614 5524 τῇ
1657 5456 2041 5518 καταστάσει,
2102 5453 2293 5522 ἤγουν
2353 5461 2664 5526 συνηθείᾳ,
2707 5460 2804 5512 καί
2860 5458 2938 5521 τῷ
2991 5459 3140 5525 ὀρθῷ
3179 5459 3423 5528 δόγματι

60 5558 214 5627 τῆς
254 5556 630 5622 κίιθολικῆς
672 5556 768 5609 καί
801 5549 1211 5617 ἀποστολικῆς
1267 5550 1652 5614 Ἐκκλησίας,
1720 5549 1905 5602 acida:
1961 5565 2025 5602 τε
2077 5549 2184 5603 τοῦ
2223 5554 2441 5607 λοιποῦ
2470 5552 2744 5620 συνεχῶς
2761 5555 2864 5617 τὰς
2905 5551 3054 5618 ὑπὲρ
3084 5551 3201 5607 τῶν
3229 5572 3422 5609 κεκοι-

60 5647 438 5717 μημένων
470 5649 770 5702 ἐπιτελεῖν
815 5645 998 5714 εὐχάς
1039 5663 1098 5699 τε
1134 5641 1234 5696 καί
1289 5635 1744 5708 προσφορὰςβῦ
1788 5639 2040 5708 εἰδότας,
2074 5642 2149 5710 ὡς
2169 5641 2404 5711 πάντως
2425 5644 2917 5713 ὠφεληθήσεσθαι
2951 5642 3172 5710 αὐτοὺς
3203 5649 3426 5702 τούτων

60 5738 637 5812 προσαγομένων
669 5739 748 5803 τῷ
792 5737 913 5802 Θεῷ
952 5738 1046 5790 καί
1077 5731 1278 5801 "arpi.

162 5839 177 5867 ³
214 5833 358 5889 Jul)
396 5849 440 5897 t,
479 5832 532 5885 εἰ.
611 5836 628 5862 ’
655 5833 784 5889 Luc.
828 5849 942 5898 νιιι,
983 5833 1060 5886 16.
1144 5832 1162 5862 ³
1191 5828 1380 5883 Matth.
1420 5843 1536 5891 \‘IH,
1563 5828 1593 5883 ('3
1631 5828 1710 5884 153.
