4042 6476
625 353 766 409 1427

2201 509 2290 565 lll.

1611 352 1670 408 S.
1705 350 1978 411 CYRILLI
2015 349 2484 407 ALEXANDRINI
2521 347 2847 407 ARCIIIEP.

3770 333 3903 392 ιω

1740 652 1807 691 ex
1840 650 1993 690 uerto
2029 649 2230 689 conrna
2267 641 2609 686 SYNUSIAS‘I‘AS
2632 623 2731 699 (1).

623 786 674 843 1ο
708 788 940 859 Cyrillus
974 790 1030 844 in
1066 788 1199 843 libro
1238 786 1485 841 adversus
1510 785 1744 859 eosqui
1799 795 2193 859 naturas_con_-
2220 785 2269 843 A
2298 785 2385 839 aio
2434 802 2447 838 :
2493 781 2758 849 Quoniam
2846 775 3272 833 inconvertibilis
3354 766 3555 827 natura
3631 766 3738 824 Dei
3801 776 3901 834 εει,

692 854 917 927 fundunt
948 859 1022 930 (2)
1052 861 1141 929 qui
1185 860 1405 927 incipit:
1440 876 1458 909 ι
1496 854 1674 911 Paulo
1716 864 1838 910 ante
1887 856 2050 909 locuti
2100 854 2193 907 diu

690 945 894 983 sumus.
938 947 957 981 ι

691 1128 981 1199 Quousque
1003 1130 1218 1186 tandem
1257 1130 1498 1187 nonnulli
1525 1130 1745 1200 scriptis
1773 1131 1886 1187 suis
1925 1138 2193 1197 astruent,

618 1219 706 1274 vel
736 1221 1077 1274 somniabunt
1105 1221 1306 1291 petius,
1338 1220 1499 1275 Verbi
1548 1222 1600 1274 in
1638 1236 1856 1275 carnem
1883 1234 1945 1275 ac
1975 1222 2197 1287 sangui-

620 1324 743 1365 nem
766 1312 1203 1375 conversionem,
1241 1312 1533 1366 amentium
1566 1312 1737 1367 instar
1778 1313 2080 1382 nugantes?
2104 1311 2198 1367 His

618 1414 723 1455 nos
772 1400 1001 1455 dicimus
1037 1419 1050 1455 :
1083 1401 1363 1470 Evigilate,
1400 1402 1535 1457 ebrii
1559 1404 1624 1455 de
1669 1403 1795 1457 vino
1834 1413 2036 1458 veStro.
2070 1402 2200 1469 Quae

619 1491 764 1545 enim
788 1500 965 1547 vestra
992 1500 1075 1547 est
1105 1493 1169 1546 de
1188 1501 1378 1545 natura
1406 1494 1587 1548 carnis
1606 1494 1871 1549 sententia
1901 1502 1994 1547 aut
2026 1492 2194 1559 notio,

620 1583 703 1637 vel
744 1585 1015 1652 quomodo
1039 1584 1437 1639 inscrutabilem
1457 1586 1772 1640 scrutamini
1795 1586 1888 1640 Dei
1909 1586 2201 1639 naturam?

623 1676 755 1739 Quis
801 1690 964 1745 porro
1018 1677 1214 1731 audeat
1263 1692 1375 1730 rem
1408 1678 1583 1732 metiri
1649 1677 2200 1733 immensurabilem?

622 1764 793 1820 Nemo
821 1775 971 1821 certe
1009 1768 1171 1822 dicet.
1195 1782 1352 1822 nemo
1412 1769 1531 1824 sine
1568 1783 1754 1824 errore
1792 1769 2029 1833 deﬁniet,
2068 1786 2201 1840 qua-

624 1871 748 1909 nam
779 1857 849 1910 sit
883 1858 1140 1927 praeditus
1181 1868 1368 1913 natura
1431 1858 1594 1925 Deus,
1620 1862 1859 1915 omnium
1916 1861 2198 1927 Dominus,

623 1944 737 2009 lux,
772 1947 903 2012 vita,
935 1948 1103 2016 gloria
1126 1951 1460 2017 etpOtentia,
1495 1950 1585 2005 ille
1602 1950 1812 2004 demum
1839 1951 1927 2019 qui
1956 1951 2199 2005 omnium

624 2051 805 2090 rerum
858 2047 1106 2092 naturam
1152 2040 1322 2106 novit,
1358 2052 1411 2094 et
1465 2042 1723 2110 quidquid
1755 2044 1808 2095 in
1862 2043 2080 2097 homine
2119 2052 2203 2099 est

624 2128 848 2182 scientia
876 2145 972 2183 sua
1012 2132 1405 2200 complectitur.
1456 2133 1745 2203 Quousque
1794 2135 2009 2187 tandem
2064 2150 2199 2188 non-
2232 2117 2276 2176 Β

624 2222 757 2276 nulli
804 2222 1176 2290 afﬁrmabunt,
1219 2224 1375 2279 Verbi
1438 2226 1633 2280 factam
1678 2228 1730 2279 in
1773 2237 2044 2281 terrenum
2099 2229 2202 2282 hoc

624 2328 824 2381 corpus
879 2316 1253 2381 mutationem,
1282 2316 1332 2369 id
1360 2325 1443 2370 est
1473 2316 1639 2369 Deum
1694 2314 1927 2370 Verbum
1979 2316 2045 2370 de
2076 2317 2203 2370 sub-

623 2404 826 2456 stantia
857 2404 1076 2471 propria
1105 2403 1401 2458 confecisse
1428 2404 1532 2457 sibi
1586 2418 1807 2472 corpus,
1827 2404 1967 2471 quod
2014 2411 2202 2457 nostro

626 2492 1087 2547 consubstantiale
1107 2492 1214 2546 sit?
1242 2491 1305 2545 Hi
1336 2492 1588 2546 videlicet
1627 2493 1803 2561 primo
1830 2492 2047 2556 quidem
2075 2507 2197 2559 pro-

626 2583 869 2648 ﬁtentur,
907 2581 1139 2637 Verbum
1172 2598 1202 2636 a
1229 2583 1519 2651 semetipso
1576 2583 1812 2638 alienum
1869 2584 2125 2648 evasisse,
2152 2583 2204 2637 id

623 2684 728 2739 est,
755 2674 865 2745 jam
894 2689 1001 2728 non
1027 2674 1257 2743 amplius
1286 2674 1452 2729 Deum
1482 2688 1625 2737 esse,
1646 2683 1703 2727 ut
1729 2674 1857 2741 dixi,
1879 2684 2201 2738 creatorem,

620 2768 813 2834 vitam,
843 2766 1088 2837 gloriam,
1109 2767 1400 2836 potentiam
1423 2785 1437 2821 :
1458 2776 1618 2836 atque
1649 2767 1811 2822 etiam
1843 2768 2037 2821 docent
2082 2781 2204 2821 eum

626 2860 679 2911 in
700 2873 939 2913 errorem
970 2873 1127 2928 posse
1178 2859 1477 2923 incurrere,
1506 2858 1591 2913 cui
1644 2857 1893 2913 obnoxia:
1943 2866 2206 2911 creatura:

626 2958 753 3002 sunt
782 2967 795 3002 :
831 2948 1043 3018 aliaque
1071 2948 1377 3018 hujusmodi
1405 2948 1579 3003 eidem
1617 2949 1920 3002 attribuunt
1970 2950 2205 3017 pessima

625 3040 841 3108 oppido,
879 3050 934 3095 et
966 3043 1079 3110 ipso
1108 3040 1345 3112 indigna.
1372 3040 1632 3109 Equidem
1664 3041 2013 3109 quaerendum
2049 3041 2116 3092 ab
2144 3055 2208 3093 eo

628 3133 883 3198 arbitror,
921 3133 1011 3203 qui
1058 3134 1199 3187 hanc
1237 3133 1547 3203 Opinionem
1599 3132 1650 3185 in
1712 3133 1945 3186 medium
2002 3132 2205 3197 attulit,

628 3241 756 3279 num
816 3226 1124 3294 passionum
1177 3225 1530 3295 ignominiam
1572 3224 1625 3277 in
1680 3224 1913 3278 Verbum
1966 3224 2209 3277 incidere

628 3333 854 3373 necesse
881 3317 1077 3371 fuerit?
1104 3318 1408 3389 Atquehaec
1428 3316 1812 3372 nonnullorum
1830 3316 2011 3384 opinio
2034 3330 2210 3369 nonne

2298 877 2482 945 utique
2512 890 2625 929 rem
2668 872 2846 940 seipso
2878 871 3151 937 indignam
3197 880 3359 937 agere
3392 863 3694 918 voluisset.

2587 965 2643 1019 2.
2676 963 2823 1018 Idem
2864 960 3095 1032 Cyrillus
3128 960 3184 1013 in
3207 958 3387 1012 eodem
3421 954 3585 1008 libro.

2370 1056 2476 1113 Sed
2508 1056 2594 1111 isti
2638 1055 2870 1109 fortasse
2892 1052 3176 1121 opinantes
3223 1048 3405 1103 dicent
3450 1048 3629 1102 Deum
3660 1040 3902 1096 Verbum

2299 1164 2621 1205 conversum
2671 1147 2885 1216 quidem
2927 1143 2980 1197 in
3005 1156 3242 1201 carnem,
3277 1140 3372 1194 sed
3409 1153 3518 1192 non
3554 1146 3771 1198 totum,
3806 1146 3905 1187 nec

2299 1241 2540 1304 omnino,
2590 1252 2687 1292 nec
2737 1237 2788 1291 in
2854 1235 3126 1289 omnibus.
3178 1230 3672 1287 Verumenimvero
3726 1240 3909 1281 nonne

2300 1326 2903 1388 evidenterinsanietsi
2943 1326 3066 1396 quis
3115 1324 3301 1379 dicere
3356 1329 3451 1376 aut
3500 1321 3744 1375 credere
3782 1318 3905 1371 talia

2300 1419 2541 1475 velit?ln
2566 1418 2755 1489 primis
2798 1417 2948 1470 aiunt
3002 1413 3237 1468 Verbum
3270 1411 3413 1465 haud
3457 1425 3516 1465 se
3572 1418 3757 1462 totum
3802 1408 3908 1461 im-

2302 1518 2547 1564 mutasse
2580 1508 2663 1562 vel
2695 1507 3105 1562 conversionem
3152 1518 3374 1573 passum
3398 1520 3411 1556 :
3435 1500 3645 1555 deinde
3681 1516 3815 1553 eum
3848 1499 3908 1552 li-

2303 1602 2463 1656 nibus
2516 1599 2987 1663 circumscribunt,
3049 1596 3294 1649 dicentes
3362 1592 3539 1660 ipsum
3588 1590 3909 1657 quantitate

2302 1689 2590 1753 contineri,
2620 1689 2737 1744 loco
2764 1688 3029 1751 cohiberi,
3069 1687 3168 1741 sub
3199 1684 3578 1739 deﬁnitionem
3608 1684 3839 1741 cadere.
3860 1690 3913 1733 et

2303 1799 2427 1838 cum
2469 1782 2591 1836 aliis
2643 1784 2804 1835 rebus
2856 1777 3261 1834 connumerari.
3296 1774 3588 1841 Quomodo
3638 1782 3829 1827 autem
3861 1773 3910 1823 hi

2304 1872 2599 1929 adversarii
2622 1871 2894 1942 ignorant,
2913 1883 3112 1939 corpus
3134 1866 3274 1935 quod
3294 1867 3365 1920 sit
3388 1862 3687 1919 divisionis
3710 1878 3912 1931 capax,

2302 1965 2482 2019 omnia
2516 1976 2730 2031 semper
2786 1961 2921 2030 pati,
2965 1974 3086 2029 quae
3121 1956 3344 2026 singulae
3399 1963 3589 2024 partes
3640 1952 3768 2022 ejus
3819 1967 3914 2020 pa—

2305 2053 2762 2122 tiuntur‘INeque
2787 2052 2932 2107 enim
2966 2050 3057 2103 uni
3100 2050 3472 2103 membrorum
3534 2044 3657 2112 pati
3694 2044 3914 2098 contin-

2305 2153 2480 2214 geret,
2510 2143 2612 2197 nisi
2649 2144 2899 2196 universa
2947 2139 3191 2209 corporis
3219 2148 3415 2191 natura
3448 2136 3722 2205 patiendo
3774 2134 3916 2188 foret

2304 2236 2557 2291 obnoxia.
2594 2234 2813 2288 Interim
2856 2232 2911 2287 hi
2962 2247 3060 2286 nos
3112 2239 3315 2299 cogunt
3365 2228 3435 2283 ad
3474 2226 3652 2282 verba
3691 2241 3917 2293 quoque

2304 2327 2526 2380 minime
2554 2326 2707 2379 nobis
2730 2333 3030 2391 spontanea
3054 2322 3417 2376 descendere:
3442 2320 3538 2374 sed
3573 2319 3743 2372 venia
3768 2318 3918 2385 prius

2306 2431 2334 2468 a
2368 2415 2541 2469 Verbo
2580 2415 2673 2467 Dei
2706 2414 2992 2483 postulata,
3019 2413 3251 2467 dicimus
3269 2412 3435 2479 quod,
3476 2412 3523 2464 si
3562 2411 3717 2463 forte
3736 2418 3919 2462 muta~

2307 2508 2487 2561 hilitas
2517 2506 2584 2559 ab
2622 2522 2687 2561 eo
2726 2520 2835 2559 non
2863 2513 3009 2559 esset
3043 2503 3242 2567 aliena,
3270 2516 3445 2570 neque
3478 2499 3555 2555 illi
3593 2499 3893 2569 impossibi

2308 2599 2374 2653 lis
2404 2599 2520 2669 ejus
2550 2598 2625 2652 rei
2660 2596 2861 2667 passio,
2889 2596 3074 2665 utique
3117 2596 3185 2650 ad
3239 2593 3455 2648 Patrem
3507 2607 3742 2662 quoque
3793 2607 3919 2645 saec

2309 2699 2561 2757 clumque
2585 2687 2845 2757 Spiritum
2874 2686 2957 2740 vis
2980 2686 3138 2753 hujus
3162 2684 3525 2753 blasphemiae
3550 2682 3917 2752 perveniret:

2309 2788 2419 2834 tota
2449 2788 2531 2834 est
2561 2779 2705 2833 enim
2734 2777 3217 2833 consubstantialis
3267 2775 3629 2830 sanctissima
3668 2773 3918 2826 Trinitas

2309 2880 2365 2925 et
2424 2866 2803 2922 immutabilis.
2841 2866 3126 2934 Quodnam
3182 2881 3312 2920 vero
3366 2867 3543 2919 robur
3599 2862 3917 2917 infirmitati

2310 2971 2511 3015 nostra:
2555 2957 2993 3025 impetraremus,
3024 2956 3072 3010 si
3115 2955 3255 3009 Deus
3296 2968 3448 3023 aeque
3503 2968 3571 3006 ac
3615 2967 3726 3007 nos
3787 2952 3920 3006 foret

2311 3052 2580 3115 inﬁrmus,
2617 3060 2780 3118 atque
2843 3049 2895 3102 in
2953 3063 3017 3103 ea
3058 3046 3305 3101 converti
3344 3056 3558 3113 posset,
3597 3060 3730 3114 qua:
3775 3043 3922 3097 nobis

2310 3142 2458 3198 effari
2486 3157 2586 3195 non
2618 3141 2763 3205 licet,
2794 3141 3009 3195 etiamsi
3037 3140 3105 3193 ab
3137 3139 3259 3193 aliis
3306 3138 3516 3192 diserte
3564 3136 3722 3191 dicta
3772 3136 3922 3187 audi-

2312 3232 2468 3285 mus?
2501 3230 2604 3285 Sed
2632 3249 2650 3281 ι
2682 3230 2857 3284 videte
2902 3244 3010 3294 me,
3061 3228 3238 3297 inquit
3279 3226 3600 3296 Scriptura,
3628 3225 3765 3294 quia
3822 3225 3925 3291 ipse

2315 3337 2457 3385 sum,
2488 3330 2541 3375 et
2574 3336 2679 3375 non
2714 3336 2833 3374 sum
2882 3329 3124 3374 mutatus
3151 3321 3189 3373 ί.
3228 3337 3245 3370 ι
3282 3317 3421 3371 Tum
3448 3328 3509 3372 et
3555 3317 3729 3371 divus
3777 3315 3924 3370 Psal—

624 3410 841 3468 furiosa
871 3410 992 3464 est?
1022 3410 1273 3464 Profecto
1309 3411 1440 3463 nihil
1482 3406 1753 3461 ameltlius
1772 3408 2069 3475 excogitari
2113 3420 2209 3474 Ρο-
2240 3445 2283 3503 C
2317 3414 2473 3467 mista
2500 3414 2694 3468 alicubi
2723 3414 2868 3467 canit
2902 3430 2914 3466 :
2956 3430 2974 3462 ι
3008 3410 3184 3477 Opera
3226 3424 3490 3463 manuum
3530 3420 3766 3463 tuarum
3810 3416 3923 3462 sunt

633 3513 740 3558 test
772 3518 931 3569 quam
972 3502 1047 3554 ita
1099 3499 1259 3555 Verbi
1310 3510 1559 3554 naturam
1610 3498 1932 3552 contumelia
1969 3495 2209 3550 afﬁcere.

632 3592 847 3661 Alioqui
903 3592 993 3661 qui
1027 3590 1142 3644 lieri
1192 3598 1391 3659 posset,
1436 3599 1492 3643 ut
1535 3588 1629 3643 Dei
1678 3604 1871 3644 nomen
1930 3586 2215 3642 sublimius

634 3685 825 3754 quovis
848 3683 1065 3738 nomine
1098 3692 1263 3748 esset,
1290 3692 1343 3736 et
1373 3684 1484 3751 ipse
1528 3680 1789 3735 Dominus
1822 3681 2078 3734 virtutum
2131 3678 2215 3734 fo-

632 3777 752 3831 ret?
778 3776 882 3831 Sed
906 3777 1047 3831 enim
1066 3776 1261 3845 aliquis
1289 3775 1521 3830 fortasse
1560 3774 1723 3835 dicet,
1752 3772 1892 3826 haud
1918 3773 1968 3826 id
1993 3772 2211 3841 quidem

634 3869 1003 3922 necessarium
1040 3867 1231 3931 fuisse,
1274 3876 1463 3935 sponte
1508 3874 1685 3918 tamen
1740 3865 1817 3919 ita
1848 3873 2019 3918 semet
2063 3879 2215 3917 com-

634 3966 896 4025 mutasse,
936 3968 992 4012 ut
1023 3959 1315 4014 inevitabili
1359 3957 1593 4027 passioni
1623 3956 1891 4010 subesset.
1922 3954 2087 4023 Atqui
2117 3970 2215 4024 ego

717 4119 983 4175 'Malach.
1023 4137 1103 4187 ιιι,
1140 4120 1192 4175 6.
1271 4123 1290 4152 ²
1312 4118 1454 4175 Psal.
1485 4135 1557 4184 Cl,
1590 4117 1677 4181 26,
1711 4118 1800 4172 ‘27.

713 4278 791 4345 (-l)
824 4278 900 4331 Ex
926 4276 1183 4344 Apologia
1214 4274 1437 4327 Joannis
1464 4274 1817 4328 Caesariensis
1854 4274 2218 4345 projeoncilio

638 4343 1065 4403 Chalcedoneusi
1108 4343 1251 4413 qua;
1305 4346 1383 4413 in,
1419 4346 1602 4397 codice
1630 4344 1883 4413 Syriaco
1961 4343 2219 4399 Vaticano

641 4427 909 4485 superest.
943 4445 1011 4455 ——
1039 4414 1139 4466 Mai
1170 4412 1419 4485 Bibliotlt.
1460 4431 1589 4465 nova
1616 4412 1860 4485 Patrum,
1882 4413 1948 4475 ll,

715 4482 793 4558 (2)
830 4487 892 4540 lli
920 4486 1137 4558 prqprie
1168 4482 1485 4558 dicebantur
1510 4483 1851 4558 conueniant,
1887 4482 2215 4558 confusanei,

2322 3504 2599 3573 cmlizipsi
2629 3503 2901 3573 peribunt,
2932 3512 2986 3556 tu
3033 3510 3215 3555 autem
3257 3514 3604 3567 permanes:
3648 3501 3757 3567 ipsi
3795 3508 3926 3551 vete-

2326 3606 2545 3649 rascent
2583 3610 2771 3648 oumcs
2819 3608 2915 3648 ceu
2959 3592 3370 3656 vestimentum,
3406 3599 3461 3644 et
3508 3600 3789 3658 tanquam
3823 3588 3927 3657 pal-

2325 3686 2451 3739 lium
2485 3686 2722 3738 invcrtes
2740 3699 2853 3748 eos,
2889 3692 2944 3735 et
2994 3684 3370 3745 iuvet-tentur;
3413 3680 3513 3734 sed
3554 3690 3614 3733 tu
3656 3680 3807 3734 idem
3853 3693 3925 3738 es.

2322 3788 2376 3833 et
2408 3777 2531 3831 anni
2582 3777 2656 3829 ιιιί
2713 3791 2816 3829 non
2862 3775 3117 3828 linientur
3150 3776 3193 3827 ².
3242 3794 3259 3823 ι
3308 3772 3729 3827 Animadverte
3778 3772 3930 3841 igitur

2323 3866 2590 3935 quomodo
2611 3863 2834 3918 cdocuts
2863 3878 2892 3916 a
2920 3861 3030 3917 Deo
3066 3862 3356 3930 PrOpheta,
3388 3863 3456 3915 ad
3491 3873 3821 3915 creatarum
3847 3874 3927 3912 re-

2326 3971 2444 4008 rum
2474 3966 2723 4009 naturam
2764 3952 3179 4008 mutabilitatem
3224 3954 3509 4017 amaudat,
3542 3952 3714 4017 cujus
3745 3953 3818 4005 rei
3848 3964 3930 4001 ar-

2328 4273 2470 4327 κατὰ
2522 4273 2935 4328 Συνουσιαστῶν
3001 4271 3182 4327 sexies
3242 4270 3507 4341 rccitelttr
3550 4274 3606 4327 in
3660 4274 3931 4341 opusculis

2329 4344 2533 4397 Graecis
2569 4359 2597 4395 a
2633 4358 2719 4395 tne
2766 4346 2928 4400 editis
2954 4344 3150 4410 Script.
3204 4351 3305 4393 vel.
3354 4353 3393 4395 t.
3439 4340 3555 4402 VII,
3586 4340 3811 4412 ριιζίο,
3851 4344 3928 4401 15,

2328 4413 2421 4477 27,
2447 4413 2575 4475 ‘290,
2609 4412 2737 4477 995,
2768 4412 2893 4478 302,
2932 4430 3055 4483 cum
3114 4412 3367 4483 brevibus
3412 4413 3537 4482 ejus
3587 4415 3929 4483 fragmentis,

2332 4498 2450 4550 qua:
2480 4485 2677 4551 partim
2703 4498 2823 4535 cum
2846 4485 2933 4539 his
2956 4501 2984 4537 a
3023 4482 3233 4535 Joanne
3278 4482 3612 4537 Caesariensi
3670 4486 3931 4542 recitatis.

645 4550 947 4624 cujusmodi
982 4550 1199 4608 fuerunt
1227 4552 1553 4624 Apollinaris
1574 4564 1625 4604 et
1650 4552 2009 4624 Eutycltcs,et
2038 4550 2219 4624 postea
2255 4557 2299 4611 D
2331 4554 2465 4605 mire
2486 4550 2820 4624 'congruunt,
2844 4565 2902 4606 ut
2926 4563 3112 4621 postea
3146 4551 3473 4624 videbimus.
3509 4554 3725 4607 Contra
3761 4553 3931 4622 Synn-

649 4621 909 4690 Severus,
959 4626 1050 4693 qui
1092 4625 1227 4676 duas
1251 4621 1475 4693 _(‘.ltt‘isti
1508 4623 1824 4693 νίψω-θείη
1880 4636 2039 4693 unam
2074 4622 2226 4693 ndu-

643 4689 912 4752 navcrunt
937 4689 1098 4761 atque
1136 4691 1517 4746 confuderunt.
1535 4690 1689 4761 ‘llinc
1714 4689 2038 4761 Theodoreti
2058 4691 2225 4761 dialo-

645 4784 745 4833 gus
766 4776 950 4819 contra
980 4756 1351 4833 Apollinarem
1382 4758 1697 4833 inscribitur
1742 4756 2094 4833 ’Aguyxutog,
2132 4758 2225 4833 _Int

649 4828 923 4902 confusus.
972 4828 1237 4901 Proprius
1289 4842 1468 4883 tamen
1506 4830 1703 4902 _0pcris
1734 4843 1761 4879 a
1802 4828 2003 4902 Cyrillo
2036 4829 2223 4902 scripti

652 4896 839 4958 titulus
866 4904 966 4955 fuit
989 4896 1131 4956 κατᾶ
1162 4896 1593 4963 Συνουσιαστῶν,
1634 4908 1818 4951 contra
1857 4896 2221 4965 Synusia'slas,

656 4977 773 5029 sive
806 4984 993 5026 contra
1029 4988 1120 5025 θος
1150 4976 1236 5039 qui
1257 4975 1391 5025 duas
1414 4966 1749 5025 substantias
1781 4968 2017 5023 divinam
2050 4977 2103 5019 et
2128 4968 2226 5019 litt-

653 5060 872 5101 Inanam
899 5044 967 5094 ita
1000 5043 1050 5093 in
1079 5043 1292 5096 Christo
1319 5044 1585 5096 adunatas
1616 5040 1854 5098 aiebant,
1889 5046 1944 5089 ιιι
1978 5053 2078 5089 una
2106 5047 2225 5104 post

654 5114 1040 5167 :ulunationem
1073 5120 1237 5164 esset.
1266 5113 1313 5165 Is
1339 5127 1523 5165 revera
1544 5111 1732 5165 titultts
1749 5110 1928 5179 operis
1944 5107 2222 5178 Cyrilliani

654 5191 733 5239 ita
780 5187 1040 5238 recitatur
1077 5180 1140 5232 ab
1176 5180 1478 5246 liplirmmio
1526 5183 1864 5235 Antiorheno
1914 5181 2051 5246 apud
2086 5179 2227 5232 Pho-

658 5257 790 5309 titnn
819 5254 938 5307 cod.
975 5250 1101 5307 9.29.
1136 5266 1187 5316 ν.
1210 5249 1335 5310 796,
1364 5252 1506 5315 quod
1551 5252 1867 5306 vocabulum
1916 5253 1999 5303 vix
2035 5250 2225 5303 vellem

658 5344 687 5377 ει
723 5324 911 5378 Scotto
943 5323 1269 5389 explicatum
1308 5318 1474 5389 fuisse
1530 5320 1715 5373 Latine
1766 5334 1949 5374 contra
1999 5323 2224 5375 consub-

659 5387 1037 5457 stantialistas,
1065 5408 1131 5447 ne
1177 5390 1315 5444 forte
1349 5387 1669 5461 Eutycliiani
1721 5391 1953 5447 haeretici
2006 5408 2223 5461 permu-

664 5476 847 5519 teutur
876 5478 996 5518 cum
1032 5461 1350 5516 orthodoxis
1394 5457 1807 5531 illtmtousianis;
1836 5457 2139 5531 quanquam
2174 5464 2224 5515 hi

661 5550 854 5601 reapse
886 5537 949 5585 tle
968 5534 1274 5588 substantia
1300 5530 1478 5584 divina
1525 5538 1730 5601 tantum
1762 5530 2070 5596 loquuntur,
2113 5549 2231 5599 qua:

664 5600 852 5658 eadem
890 5603 939 5654 in
978 5605 1137 5658 Patre
1168 5603 1412 5669 Filioque
1446 5608 1561 5664 est;
1602 5600 1673 5651 illi
1708 5614 1769 5651 ex
1804 5602 2007 5653 duabus
2030 5603 2232 5653 Christi

666 5675 873 5727 naturis
914 5674 1141 5727 humana
1179 5688 1242 5727 ac
1271 5674 1447 5726 divina
1488 5688 1666 5730 unum,
1700 5678 1756 5721 ιιι
1784 5670 1914 5721 dixi.
1943 5673 2228 5723 faciebant.

665 5746 918 5800 Sedenim
945 5745 1222 5801 commode
1240 5744 1434 5799 accidit
1454 5752 1509 5797 ut
1532 5741 1718 5797 titulus
1750 5739 2027 5809 Cyrilliani
2054 5743 2231 5809 operis

2330 4624 2527 4690 siastas
2582 4623 2921 4690 scripserant
2981 4624 3146 4676 etiam
3208 4621 3479 4675 Diodorus
3533 4621 3845 4678 Tarsensis
3886 4634 3934 4674 et

2330 4689 2648 4744 Theodorus
2688 4689 3100 4759 Mopsustenus,
3166 4692 3397 4745 testibus
3467 4690 3745 4749 Facundo
3802 4693 3931 4744 Iler-

2331 4762 2593 4813 miauensi
2652 4761 2747 4829 lih.
2787 4777 2906 4826 vtII,
2952 4778 3073 4829 cap.
3136 4761 3191 4818 4,
3259 4775 3467 4813 necnon
3524 4762 3773 4815 Leontio
3819 4764 3930 4814 πόει.

2330 4828 2559 4893 Eutych.
2609 4828 2750 4894 apud
2805 4828 3085 4883 Canisiu’m
3130 4830 3306 4895 Antiq.
3343 4830 3462 4880 lect.
3501 4833 3595 4882 ed.
3644 4847 3780 4885 nov.
3834 4842 3871 4883 ι.
3898 4833 3930 4891 Ι,

2330 4912 2383 4964 ι).
2409 4897 2534 4958 591,
2562 4898 2799 4967 itemque
2830 4902 2971 4965 apud
3006 4916 3089 4951 me
3107 4898 3293 4967 Spicil.
3327 4896 3482 4951 Rom.
3517 4909 3558 4951 t.
3584 4899 3656 4959 Χ,
3692 4912 3840 4967 part.
3878 4917 3929 4961 ιι,

2331 4983 2420 5035 pp.
2453 4968 2538 5025 87.
2572 4968 2660 5019 88.
2689 4965 2928 5035 Denique
2952 4968 3117 5021 etiam
3167 4966 3483 5021 Theodotus
3514 4965 3929 5031 Antiobhcnus,

2332 5040 2406 5091 ttti
2453 5036 2723 5090 allirmaut
2778 5040 2917 5105 apud
2971 5052 3055 5089 me
3108 5045 3236 5089 tom.
3267 5037 3371 5105 cit.
3392 5054 3445 5105 p.
3484 5039 3552 5093 10
3605 5040 3931 5095 Anastasius

2331 5110 2638 5179 presbyter,
2676 5118 2729 5161 et
2784 5104 3043 5162 Leontius
3087 5121 3139 5175 p.
3172 5106 3293 5161 154.
3333 5104 3453 5162 Uno
3501 5112 3793 5164 versiculo
3828 5130 3929 5164 rem

2332 5180 2618 5232 detinierat
2659 5180 2800 5247 apud
2857 5179 3265 5231 Theodorelum
3308 5179 3438 5231 dial.
3472 5181 3575 5233 cit.
3607 5197 3662 5247 p.
3698 5182 3804 5234 itit}
3829 5186 3931 5235 An-

2334 5250 2544 5305 tiOcltus
2579 5248 2926 5303 Ptolemaidis
2957 5263 2972 5301 :
3005 5249 3097 5318 Μὴ
3139 5250 3372 5318 συγχέῃς
3420 5252 3521 5312 τὰς
3567 5253 3791 5318 φύσεις,
3848 5254 3931 5301 καὶ

2331 5323 2391 5373 οὑ
2434 5322 2729 5392 ναρκήσεις
2780 5321 2908 5390 περὶ
2960 5318 3056 5389 τὴν
3096 5321 3446 5392 οἰκονομίᾳν·
3510 5320 3646 5372 Noli
3714 5336 3929 5373 naturas

2334 5390 2677 5461 confundere.
2732 5403 2779 5444 et
2830 5394 2973 5444 circa
3019 5390 3405 5441 incarnationis
3468 5393 3791 5459 mysterium
3837 5410 3929 5441 ιιεηςιι

2335 5464 2577 5531 tarpebis.
2625 5461 2879 5514 Setlenim
2907 5469 2982 5511 tot
3012 5462 3159 5531 rolitu
3204 5470 3259 5531 et
3292 5472 3480 5525 postea
3541 5474 3744 5511 contra
3790 5463 3928 5511 ilium

2333 5529 2582 5585 insert-sim
2607 5531 2851 5598 scriptis,
2881 5545 2941 5581 ea
2971 5529 3324 5581 nihilominus
3352 5530 3510 5581 vivax
3554 5532 3763 5582 resistet
3793 5548 3892 5596 apii
3920 5544 3927 5575 ι

2330 5614 2534 5669 partem
2558 5604 2844 5653 maximam
2872 5598 3161 5669 Syrorum,
3178 5600 3592 5660 Armeniorum,
3612 5599 3927 5668 Aithiopum

2332 5667 2493 5737 atque
2525 5671 2839 5737 Coptorum.
2870 5667 3042 5722 Tanta
3071 5678 3149 5723 est
3179 5668 3480 5739 pra-judicii
3511 5688 3579 5725 ex
3607 5667 3929 5739 antiquitate

2333 5743 2569 5809 suscepti
2603 5741 2883 5794 tenacitas!
