4042 6462
211 361 228 413 Ι
245 360 325 416 1‘29

1362 377 1779 436 FRAGMENTA
1827 383 2238 443 lKHJMATICA.

3280 396 3416 454 H30

205 485 426 542 griiiicnta
459 478 746 532 ordinatim
777 483 1171 541 recitatdicens
1202 489 1315 543 fore
1361 502 1417 545 ut
1456 498 1575 549 coeli
1634 513 1755 550 cou-
1781 503 1825 557 Λ
1855 504 2036 554 obrcm
2057 503 2076 554 ?
2096 503 2252 556 Certe
2269 516 2395 557 caro
2418 503 2481 556 ad
2502 502 2550 556 id
2575 511 2762 572 Sponte
2780 519 2873 558 sua
2897 519 3001 560 non
3026 505 3215 568 fertur,
3239 522 3416 575 neque

207 579 513 634 senescant;
557 585 809 636 supremo
861 586 1036 631 autem
1100 578 1209 632 Deo
1260 580 1744 640 itmnutahilitatem

204 669 484 721 coascrvat,
515 661 685 724 ipsum
715 667 958 725 eumdem
998 668 1110 722 fore
1161 685 1377 738 semper
1430 682 1592 742 atque
1639 678 1742 730 im-

200 748 486 800 mutabilem
518 757 742 803 testans.
767 752 933 809 Siculi
961 769 1135 810 autem
1159 773 1260 812 non
1311 770 1392 814 est
1416 765 1738 818 credendum

199 837 336 888 ullam
364 851 484 891 esse
517 849 626 893 tam
663 848 1022 899 necessariam
1079 864 1211 914 rem,
1247 865 1364 917 quae
1397 851 1552 906 Verbi
1580 867 1732 910 natu-

198 941 296 977 rain
327 928 372 979 in
408 928 457 981 id
503 943 835 999 convertere,
867 938 1007 1004 quod
1056 952 1242 1006 reapse
1272 957 1374 995 non
1407 953 1511 1009 est,
1544 957 1735 1013 queat:

196 1013 262 1068 ita
314 1017 451 1075 nulla
509 1022 743 1079 vicissim
795 1037 1040 1082 creatura
1097 1032 1161 1083 ad
1227 1032 1442 1088 deitatis
1488 1045 1735 1091 naturam

194 1109 404 1177 migrare
447 1117 673 1182 poterit;
701 1132 766 1170 ne
793 1119 956 1170 multa
1006 1121 1254 1191 deinceps
1285 1127 1332 1178 ei
1359 1129 1738 1197 contingerent

191 1197 617 1268 inconvenientia,
663 1222 782 1275 qum
838 1224 967 1262 sane
1013 1211 1349 1270 inveniahilis
1405 1218 1733 1287 blasphemia

189 1291 327 1347 foret.
363 1297 517 1351 Certe
538 1299 582 1351 si
613 1299 786 1366 aliqua
804 1314 1052 1356 creatura
1076 1307 1140 1357 ad
1171 1306 1386 1361 deitatis
1415 1319 1612 1364 statum
1639 1327 1732 1365 na-

187 1385 413 1439 turaliter
438 1390 709 1453 transiret,
742 1407 896 1447 nemo
917 1393 1026 1461 jam
1068 1412 1096 1449 a
1149 1409 1293 1452 recta
1339 1399 1558 1454 deviare
1606 1419 1731 1457 sen-

185 1479 331 1532 tentia
360 1480 650 1545 videretur,
683 1482 726 1536 si
757 1481 896 1538 forte
926 1485 1129 1540 diceret
1161 1504 1276 1542 eam
1313 1504 1375 1542 ex
1409 1492 1577 1546 nihilo
1612 1508 1731 1549 esse

180 1569 380 1635 factam,
408 1573 502 1625 sed
535 1573 654 1627 ideo
687 1577 924 1632 materiae
943 1580 1258 1646 particulam
1280 1582 1380 1636 sibi
1406 1586 1726 1654 sumpsisse,

180 1667 233 1708 ιιι
264 1659 540 1715 exsisteret
578 1679 592 1716 :
628 1672 737 1717 tum
777 1681 970 1735 corpus
997 1669 1285 1739 aliquando
1323 1674 1642 1728 exstiturum
1671 1678 1724 1731 in

175 1749 466 1802 substantia
523 1767 630 1806 non
685 1759 1008 1824 corporali;
1056 1775 1276 1829 remque
1326 1762 1587 1818 visibilem
1656 1781 1719 1820 ac

175 1840 328 1892 tactui
369 1840 683 1908 subjectam,
711 1845 822 1899 ﬁeri
869 1862 1050 1916 postea
1102 1853 1421 1907 invisibilem
1476 1865 1529 1910 et
1576 1858 1718 1912 nullo

172 1939 309 1983 tactu
351 1934 980 2007 sentiendum:denique
1027 1957 1224 2010 corpus
1273 1946 1399 1999 illud
1457 1949 1619 2000 vitam
1674 1951 1723 2003 vi

165 2021 388 2090 propriae
429 2034 632 2079 naturae
659 2028 876 2094 habere,
913 2032 986 2084 uti
1039 2031 1268 2087 Verbum
1320 2037 1482 2090 vitam
1511 2055 1538 2090 a
1569 2040 1727 2094 Patre

166 2112 386 2179 accepit.
419 2113 582 2168 Aiunt
609 2115 825 2184 insuper
858 2120 1029 2188 ipsum
1065 2123 1116 2176 in
1149 2139 1212 2178 ea
1266 2129 1563 2182 mutatione
1593 2145 1725 2183 con—

167 2203 668 2261 substantialitatem
699 2225 818 2263 cum
845 2223 1036 2282 natura
1063 2226 1243 2270 nostra
1267 2218 1434 2274 fuisse
1453 2225 1724 2291 adeptum,

171 2310 240 2348 ne
263 2297 378 2364 quis
424 2297 563 2352 forte
591 2300 790 2355 diserte
835 2304 1037 2357 diceret
1085 2307 1250 2360 vitam
1276 2309 1322 2362 ei
1353 2325 1456 2364 non
1510 2312 1722 2367 inesse:

160 2400 336 2452 neque
372 2403 489 2442 esse
531 2389 890 2456 inconfusum,
921 2395 1180 2462 quidquid
1225 2401 1494 2469 corrumpi
1531 2413 1723 2471 petest.

156 2472 294 2525 Tum
321 2477 660 2543 opinionibus
692 2483 808 2535 suis
849 2483 1270 2552 dispensationis
1299 2504 1514 2543 carnem
1551 2508 1724 2561 oppu-

152 2565 478 2632 gnantJam
513 2585 611 2639 ego
653 2572 777 2638 quid
835 2573 1045 2627 dicam?
1081 2576 1339 2633 Dominus
1389 2582 1525 2636 Deus
1572 2585 1725 2638 nobis

152 2656 427 2722 apparuit,
462 2668 520 2710 ut
571 2662 976 2728 corruptionem
1025 2663 1283 2719 adversus
1319 2683 1417 2722 nos
1461 2670 1724 2724 rebellan-

148 2746 592 2812 lem‘destrucret,
613 2767 716 2805 non
740 2767 865 2806 vero
881 2761 936 2806 ul
957 2757 1266 2810 ostenderet
1295 2767 1542 2813 naturam
1564 2777 1717 2816 suam

145 2839 349 2893 factam
397 2857 516 2897 esse
575 2847 888 2914 participem
940 2849 1355 2917 corruptionis:
1414 2854 1506 2905 sed
1567 2869 1719 2907 suam

144 2929 350 2983 factam
377 2947 499 2986 esse
531 2935 917 2991 demonstravit
948 2954 1164 2992 carnem
1199 2940 1366 3004 illam,
1403 2958 1521 3010 qua:
1559 2947 1717 2999 morti

137 3032 267 3090 erat
300 3025 619 3092 mancipata.
653 3025 756 3079 Sed
780 3027 1069 3095 numjuste
1103 3031 1392 3098 aliquando
1433 3038 1721 3091 contendet

1850 591 1899 642 id
1946 608 2093 645 more
2127 609 2224 648 suo
2262 596 2463 663 appetit
2509 595 2838 650 naturalibus
2885 597 3120 652 motibus
3162 596 3402 650 incitata.

1847 680 1984 748 Ergo
2020 682 2153 735 falso
2188 685 2454 738 diceretur
2481 701 2609 740 caro
2649 686 2713 737 ad
2751 702 2868 739 eum
2919 688 3074 740 linem
3115 688 3265 756 jussu
3317 686 3410 741 Dei

1848 769 2005 825 Verbi
2043 774 2368 838 pervenisse.
2407 778 2485 828 Λιι
2531 791 2656 829 vero
2700 774 3114 842 dispensationis
3144 776 3406 829 rationem

1843 863 2254 916 abominabilem
2281 865 2624 934 cveogitavit,
2658 876 2715 918 ιιι
2742 881 2958 918 carnem
2988 867 3050 916 ad
3095 866 3407 932 dignitatem

1841 956 2085 1006 evexisse
2118 952 2234 1019 ipso
2262 952 2436 1005 Verho
2491 954 2744 1021 majorem
2794 953 3213 1015 demonstraret,
3245 964 3409 1018 atque

1838 1049 1895 1093 ιιι
1925 1056 1985 1094 ea
2019 1043 2317 1110 pompatica
2374 1043 2682 1096 videretur?
2708 1047 2883 1110 Atque
2925 1044 3225 1096 audiendus
3266 1043 3410 1094 Psal-

1838 1133 1994 1186 mista
2025 1143 2104 1188 est
2141 1152 2155 1188 :
2200 1152 2218 1184 ι
2254 1134 2530 1188 Sacriﬁcia
2579 1144 2632 1187 et
2681 1135 2983 1188 oblationes
3039 1151 3141 1188 non
3197 1137 3408 1204 expeti-

1835 1223 1979 1290 visti,
2013 1224 2321 1278 holocausta
2365 1240 2460 1293 pro
2509 1237 2729 1294 peccato
2752 1225 3005 1290 noluisti;
3038 1239 3236 1292 corpus
3276 1227 3403 1278 mihi

1835 1316 2074 1380 parasti;
2110 1316 2229 1369 ideo
2260 1315 2370 1368 dixi
2399 1333 2411 1368 :
2443 1314 2577 1368 Ecce
2608 1317 2784 1369 venio.
2811 1317 2966 1369 Initio
3001 1315 3116 1367 libri
3147 1317 3404 1383 scriptum

1833 1413 1914 1459 est
1943 1405 2009 1458 de
2044 1420 2126 1458 me
2151 1405 2410 1459 utl'aciam
2435 1406 2758 1459 voluntatem
2785 1417 2954 1470 tuam,
2978 1409 3115 1462 Dens
3136 1408 3178 1460 ³.
3222 1426 3239 1457 ι
3271 1408 3406 1476 l-ngo

1838 1494 2088 1550 Mosaicaz
2149 1496 2279 1564 legis
2330 1497 2593 1549 sacrilicia
2628 1495 2806 1549 Patris
2839 1497 3110 1552 voluntate
3161 1513 3263 1551 non
3293 1499 3409 1550 exi-

1830 1597 2049 1656 guntur,
2105 1588 2272 1657 magis
2332 1601 2461 1641 vero
2518 1588 2822 1642 incarnatio
2873 1587 3032 1642 Verbi
3085 1588 3402 1656 requiritur,

1829 1695 2020 1751 nempe
2053 1679 2167 1750 ejus
2199 1679 2534 1738 humanatio.
2568 1690 2625 1732 ut
2655 1695 2748 1735 eos
2804 1681 2896 1749 qui
2954 1681 3054 1734 sub
3114 1680 3250 1735 coelo
3281 1687 3407 1733 sunt

1829 1772 2070 1842 perﬁciat
2100 1771 2149 1823 in
2182 1772 2352 1840 gratia
2375 1786 2470 1839 per
2497 1769 2655 1824 ﬁdem
2688 1788 2701 1824 :
2739 1787 2899 1840 quam
2935 1787 3047 1825 rem
3092 1771 3404 1824 misericor~

1829 1863 1928 1915 dial:
1963 1863 2216 1931 pacisque
2252 1877 2413 1917 causa
2471 1862 2617 1927 fecit,
2666 1871 2824 1929 prout
2863 1861 2971 1916 Deo
3021 1861 3238 1931 dignum
3293 1870 3398 1914 est.

1775 1957 1778 1960 '
1829 1949 2069 2016 Quonam
2097 1962 2251 2017 pacto
2274 1952 2450 2006 dicere
2467 1952 2584 2020 quis
2601 1950 2949 2003 ausitlactam
2974 1950 3038 2004 ab
3064 1950 3179 2018 ipso
3194 1949 3401 2002 abomi-

1829 2042 2062 2095 nahilem
2113 2042 2564 2112 dispensationem
2599 2043 2765 2105 illam,
2797 2057 2915 2110 quae
2946 2043 3081 2095 adeo
3113 2050 3196 2095 cst
3236 2055 3396 2093 vene—

1829 2131 2012 2185 rabilis
2069 2147 2131 2185 ac
2179 2133 2522 2187 salubris?id
2557 2135 2697 2202 quod
2749 2148 2935 2201 reapse
2997 2133 3308 2194 accidisset,
3351 2132 3395 2184 si

1828 2230 2030 2274 mutata
2081 2220 2376 2275 divinitatis
2429 2232 2618 2276 natura
2679 2225 2729 2276 in
2788 2236 3039 2276 carneam
3085 2221 3394 2278 transisset.

1828 2307 2024 2363 Paulus
2063 2309 2277 2377 quidem
2325 2310 2756 2379 sapientissimus
2803 2310 3034 2362 scribit:
3071 2324 3088 2356 ι
3134 2307 3395 2361 Sanctum

1827 2397 1942 2462 ejus
1963 2413 2174 2466 corpus,
2211 2399 2260 2450 in
2287 2413 2393 2467 quo
2423 2415 2611 2467 passus
2650 2410 2753 2461 est,
2786 2414 2904 2452 cum
2936 2399 2987 2450 in
3043 2397 3398 2450 tentationem

1829 2490 2036 2552 incidit,
2069 2500 2126 2542 ut
2174 2491 2252 2543 eis
2281 2491 2370 2558 qui
2413 2492 2649 2543 tentandi
2701 2491 2875 2543 forent
2905 2505 3059 2557 opem
3095 2489 3259 2542 ferret
3292 2488 3333 2538 ³.
3371 2506 3389 2538 ι

1829 2580 1882 2632 Si
1914 2580 2076 2632 verba
2121 2578 2206 2630 illa
2236 2580 2290 2630 in
2326 2594 2425 2645 quo
2457 2594 2641 2644 passus
2683 2588 2756 2629 est
2792 2577 3049 2640 delemus,
3076 2591 3282 2628 sunnna
3319 2574 3392 2626 rei

1827 2671 2052 2734 deletur,
2090 2671 2323 2737 itemque
2362 2671 2681 2739 suppeditati
2738 2669 2892 2723 nobis
2938 2668 3124 2720 auxilii
3171 2682 3388 2733 scopus.

1825 2761 1976 2827 Quod
2008 2762 2072 2824 si,
2116 2769 2173 2813 ut
2200 2761 2382 2814 volunt
2419 2763 2508 2828 qui
2557 2777 2616 2814 ca
2664 2762 2822 2814 verba
2874 2759 3233 2828 supprimunt,
3266 2772 3393 2810 caro

1825 2855 1876 2907 in
1910 2853 2125 2908 deitatis
2156 2853 2506 2906 substantiam
2529 2853 2784 2906 transisse
2814 2852 3028 2913 dicitur,
3067 2857 3125 2903 ut
3157 2849 3209 2902 id
3246 2849 3386 2916 quod

1826 2959 1928 2996 non
1966 2952 2082 2996 erat
2115 2943 2284 3004 ﬁeret,
2319 2941 2424 3007 jam
2461 2941 2574 3008 ipsa
2606 2956 2733 2994 caro
2784 2939 2919 2992 haud
2955 2939 3178 2991 ulterius
3222 2934 3386 2989 menti

1824 3047 2020 3089 nostrae
2049 3035 2488 3088 occurritzsecns
2525 3032 2667 3085 enim
2705 3049 2822 3099 qua:
2878 3031 3192 3084 mutationis
3251 3029 3388 3079 ratio

138 3111 362 3178 aliquis,
395 3114 558 3168 Deum
587 3115 816 3170 Verbum
855 3119 906 3171 in
958 3130 1203 3174 naturam
1245 3138 1559 3191 corpoream
1603 3141 1719 3180 esse
1749 3149 1790 3206 ρ
1826 3128 2032 3191 fuisset,
2079 3129 2123 3180 si
2183 3127 2321 3194 quod
2353 3136 2489 3190 erat,
2528 3127 2578 3177 in
2624 3134 2762 3179 statu
2821 3140 2922 3179 suo
2965 3122 3389 3193 permansisset?

139 3212 445 3268 mutatum,
485 3217 577 3260 aut
611 3224 766 3262 versa
800 3210 911 3264 vice
960 3226 1177 3266 carnem
1232 3215 1297 3267 ad
1338 3216 1428 3268 Dei
1467 3227 1711 3271 naturam

135 3293 432 3360 migrasse,
461 3310 518 3351 ιιι
545 3298 647 3366 ipsi
688 3300 838 3354 ﬁeret
897 3304 1415 3359 consubstantialis?
1449 3305 1583 3359 Num
1619 3323 1714 3363 nos

125 3399 204 3436 ea
261 3387 483 3443 credere
536 3400 766 3458 oportet,
821 3408 937 3461 qua:
995 3397 1215 3450 omnino
1278 3399 1543 3452 credenda
1603 3415 1711 3454 non

124 3476 306 3530 sunt?

443 3568 494 3623 5.
526 3571 669 3624 Idem
697 3572 924 3644 Cyrillus
949 3579 999 3630 in
1027 3579 1203 3632 eodem
1241 3580 1392 3634 libro.

212 3653 453 3711 Verbum
483 3659 547 3713 de
581 3664 715 3716 coelo
766 3665 1073 3730 lapsum,et
1122 3669 1273 3737 cujus
1323 3670 1536 3738 propria
1585 3685 1710 3725 caro

126 3745 285 3799 facta
323 3757 423 3811 est,
455 3766 636 3804 revera
681 3755 743 3807 de
776 3758 912 3811 caelo
958 3761 1244 3815 advenisse
1271 3763 1486 3824 dicitur,
1515 3765 1708 3817 vitam-

114 3853 241 3906 que
276 3842 476 3895 mundo
529 3845 845 3899 contulisse.
874 3845 1060 3900 Divina
1117 3864 1246 3903 caro
1293 3861 1378 3903 est
1423 3853 1623 3920 itaque,
1653 3863 1712 3906 ut

103 3929 235 3996 jam
270 3929 380 3983 dixi
414 3949 426 3984 :
463 3947 617 3986 nemo
648 3944 826 3989 tamen
879 3948 1024 3991 recta
1067 3941 1276 3994 ratione
1332 3942 1712 4010 intellectuque

103 4023 418 4091 praeditus,
451 4025 652 4079 idcirco
687 4027 913 4081 Verbum
947 4031 998 4083 in
1041 4047 1260 4085 carnem
1291 4043 1559 4086 mutatttm
1590 4050 1709 4089 esse

102 4112 225 4165 sibi
256 4116 622 4180 persuadebit.
653 4117 884 4172 Necesse
923 4129 1005 4174 est
1053 4123 1194 4175 enim
1237 4131 1292 4173 ιιι
1321 4123 1704 4178 sublimissima

98 4203 374 4255 omnium
406 4215 596 4257 natura
628 4221 819 4272 purum
851 4218 1050 4262 statum
1085 4209 1330 4273 retineat,
1367 4211 1416 4264 id
1460 4221 1543 4264 est
1576 4215 1706 4264 sim-

97 4291 321 4359 plicem
346 4293 463 4346 sine
481 4295 702 4350 alterius
727 4298 1125 4358 commistione,
1161 4315 1228 4353 ne
1274 4300 1412 4353 forte
1461 4301 1705 4354 videatur

90 4383 450 4447 composita,
488 4393 580 4438 aut
610 4385 941 4441 incremento
973 4389 1236 4457 indigens,
1271 4399 1363 4442 aut
1385 4391 1699 4459 cujusquam

93 4473 187 4527 rei
231 4476 511 4544 particeps
565 4493 683 4546 qua:
722 4488 966 4532 naturam
1007 4497 1156 4533 suam
1217 4483 1435 4534 minimc
1487 4483 1694 4546 deceat,
1732 4482 1777 4539 D

85 4565 242 4617 dum
273 4565 330 4618 in
359 4576 562 4621 natura:
614 4571 893 4634 unitatem,
925 4572 1035 4625 sive
1077 4573 1693 4627 consubstantialitatcm

80 4658 399 4711 Concurrit
419 4659 514 4728 (l).
543 4659 690 4715 Nunc
718 4663 856 4716 acuti
884 4664 1189 4719 intellectus
1209 4668 1366 4719 oculo
1385 4668 1690 4735 opinionem

77 4748 589 4803 Confusaneorum
624 4763 948 4816 scrutemur,
978 4756 1264 4807 dicentium
1302 4772 1516 4809 carnem
1554 4758 1693 4810 inel-

75 4838 258 4891 fahili
313 4839 523 4893 rati0ne
552 4841 626 4894 sic
655 4856 774 4896 esse
813 4852 1089 4908 mutatam,
1126 4855 1182 4896 ut
1217 4841 1321 4898 Deo
1355 4843 1529 4899 Verbo
1566 4863 1696 4899 con-

69 4930 496 4984 substantialis
528 4931 780 4985 evaserit.
817 4931 925 4986 Cur
980 4933 1054 4997 id,
1083 4934 1320 5001 inquant,
1364 4943 1454 4987 aut
1496 4952 1689 5003 quant—

180 5103 208 5134 ³
244 5103 402 5160 Psal.
437 5121 622 5168 xxxix,
655 5105 770 5160 7-9.
846 5109 866 5138 ⁸⁵
891 5109 1050 5163 llebr.
1080 5123 1140 5170 tl,
1177 5108 1257 5165 l8.

160 5256 258 5326 (1)
294 5256 490 5310 Exstat
520 5261 826 5336 G_r_:nce_hic
860 5261 1166 5336 loensapud
1194 5264 1536 5336 Anastasium
1563 5283 1681 5336 pre-

59 5329 397 5402 sbyterum
428 5343 456 5380 a
484 5330 867 5402 nobiseditum
906 5331 1098 5398 Script.
1136 5344 1230 5386 rct.
1268 5344 1305 5386 t.
1339 5333 1443 5398 VII,
1478 5329 1679 5402 pp."|O,

61 5399 178 5472 15,
210 5396 317 5472 ⁴272
356 5411 483 5472 cuni
507 5401 592 5472 vi;
622 5400 827 5468 aliquot
852 5396 1201 5472 varietatibus
1226 5404 1304 5456 sic
1334 5422 1346 5457 :
1378 5396 1680 5472 Κὺρἱλλοὺ

49 5468 147 5543 ῥίς
191 5466 321 5543 (οὗ
350 5467 498 5543 meta
541 5466 1005 5543 Συγρὺσιαστῷν
1038 5472 1402 5543 νῑόγουηΝαι
1437 5466 1542 5543 μῖὴν
1590 5475 1681 5527 καὶ

51 5536 144 5611 ἐξ
172 5534 436 5611 οὐρανοῦ
463 5538 894 5611 δίαιτα-ϐεϐηκέναι
924 5534 1160 5608 λέγεται,
1193 5541 1286 5593 καὶ
1311 5534 1452 5611 ζωὴν
1485 5534 1681 5596 διδόναι

49 5604 156 5690 ξιξ)
190 5606 428 5690 κόσμίρ,
458 5606 656 5690 διὰιξρν
677 5604 880 5690 ἄνωθεν
904 5604 1072 5690 trabs;
1101 5604 1345 5690 pupa.on
1372 5604 1683 5690 κξτᾳδάντα

51 5675 284 5753 λόγος).
324 5675 387 5729 οὗ
426 5677 648 5753 καὶ-ἰδία
678 5679 955 5753 vivet/egi}
989 5675 1155 5753 σάρξξ
1179 5675 1380 5753 ὀύκᾳῦν
1414 5681 1534 5735 Θεία
1563 5685 1680 5753 μὲν,

50 5746 150 5807 ὼς
205 5743 387 5816 ἔφην,
428 5747 604 5800 ἐστίν·
639 5743 699 5801 οὗ
737 5743 840 5818 μὴν
885 5743 957 5803 ετξ
992 5743 1080 5804 κπὶ
1111 5743 1190 5814 :2;
1246 5751 1401 5820 φὺτιν
1439 5743 1685 5824 Οεόῖῇτοξ

1815 3221 1944 3285 Quae
1995 3227 2178 3271 nostro
2233 3215 2443 3282 corpori
2495 3216 2697 3269 utilitas
2756 3217 3038 3268 accederet
3083 3230 3112 3267 a
3160 3213 3386 3283 mystico

1816 3320 2110 3378 sanctoque
2149 3308 2437 3372 sacriﬁcio,
2471 3312 2622 3375 cujus
2658 3310 2895 3378 suscepti
2933 3306 3132 3359 factum
3157 3315 3386 3373 estpar-

1817 3400 2270 3469 ticeps?Quinam
2326 3399 2443 3466 ejus
2494 3401 2565 3454 rei
2613 3400 2816 3452 fructus
2862 3398 3000 3451 alius
3039 3397 3248 3459 fuisset,
3283 3396 3383 3447 nisi

1813 3491 1954 3560 quod
1999 3490 2229 3543 Verbum
2258 3496 2500 3542 naturam
2533 3504 2685 3543 suam
2721 3498 2930 3541 mutare
2955 3486 3249 3540 voluisset?
3274 3484 3383 3539 Cur

1813 3582 1966 3635 nobis
1999 3580 2113 3648 ipse
2155 3580 2376 3635 dixisset
2417 3597 2428 3632 :
2470 3597 2487 3630 ι
2525 3579 2633 3647 Ego
2675 3592 2793 3631 sum
2831 3575 2986 3646 panis
3019 3576 3141 3628 vita:
3181 3574 3272 3643 qui
3317 3574 3383 3626 dc

1811 3674 1948 3726 cmlo
1980 3672 2277 3736 descendit,
2309 3672 2614 3738 mundoque
2650 3671 2816 3722 vitam
2859 3677 3116 3722 aeternam
3169 3667 3281 3719 dat.
3319 3666 3384 3720 Et

1811 3764 1984 3832 panis,
2011 3778 2169 3831 quem
2193 3777 2290 3830 ego
2325 3762 2522 3825 tribuo,
2562 3776 2678 3814 mea
2703 3775 2827 3813 caro
2860 3761 3049 3820 ρει,οὺ
3092 3760 3272 3812 mundi
3301 3759 3380 3811 vi-

1813 3865 1942 3911 tam.
1976 3855 2074 3921 Qui
2109 3857 2396 3908 manducat
2451 3869 2622 3907 meam
2678 3867 2897 3906 carnem
2930 3862 2984 3904 et
3015 3851 3148 3906 bibit
3199 3865 3374 3905 meum

1809 3946 2218 4013 sanguinem,in
2275 3960 2358 3997 me
2385 3954 2585 4009 manet,
2621 3952 2673 3997 et
2716 3958 2813 4009 ego
2865 3944 2916 3996 in
2949 3959 3010 3996 eo
3031 3943 3072 3995 ⁸.
3107 3962 3124 3994 ι
3161 3943 3300 4011 Ergo
3330 3944 3374 3995 si

1810 4048 1937 4087 caro
1969 4033 2019 4086 in
2050 4035 2098 4086 id
2132 4037 2402 4102 quodnon
2431 4044 2548 4087 erat
2603 4042 2805 4087 mutata
2835 4045 2939 4097 est,
2975 4042 3136 4103 atque
3187 4036 3251 4087 ad
3286 4050 3379 4087 su-

1809 4124 2106 4176 blimiorem
2142 4135 2330 4178 natura
2364 4125 2578 4192 pmpria
2608 4125 2830 4193 gradum
2865 4126 3099 4187 transiit,
3133 4124 3182 4177 id
3207 4134 3293 4178 est
3329 4125 3374 4177 si

1806 4231 1925 4268 eant
1959 4215 2114 4269 Verbi
2139 4217 2386 4271 voluntas
2421 4216 2768 4270 excelsiorem
2806 4217 2950 4278 l’ecit,
2986 4218 3137 4270 nobis
3163 4231 3378 4284 quoque

1805 4307 1909 4358 vim
1936 4306 2091 4372 hujus
2116 4308 2377 4375 mystcrii,
2415 4322 2605 4374 resque
2639 4308 2703 4359 ad
2733 4308 2782 4359 id
2812 4308 3141 4376 pertinentes
3167 4307 3374 4359 ratione

1805 4397 1907 4450 alia
1939 4398 2117 4452 licebit
2153 4412 2427 4466 peragere.

2086 4528 2140 4583 4.
2176 4527 2325 4580 Idem
2362 4527 2587 4596 Cyr-illus
2628 4529 2682 4580 in
2713 4528 2893 4581 eodem
2935 4528 3086 4581 libro.

1876 4663 2015 4734 Ergo
2039 4663 2428 4717 incarnationis
2459 4664 2647 4731 dogma
2687 4663 2966 4731 perspicua
3000 4677 3232 4731 veraque
3265 4665 3368 4717 lide

1802 4757 2058 4808 creditur.
2086 4756 2235 4820 Quod
2263 4757 2328 4816 si,
2371 4764 2426 4807 nt
2479 4753 2772 4807 adversarii
2825 4754 3027 4817 dicunt,
3061 4753 3265 4817 abjecta
3290 4763 3370 4807 est

1801 4861 1948 4908 caro,
1979 4856 2028 4900 et
2063 4847 2113 4898 itt
2141 4859 2388 4900 naturam
2431 4847 2586 4900 Verbi
2624 4856 2852 4912 mutata,
2889 4849 3031 4915 quod
3091 4847 3136 4900 ci
3172 4862 3229 4900 se
3272 4861 3366 4900 c0-

1802 4938 2025 5003 pulavit,
2061 4954 2194 4991 vana
2217 4953 2429 5008 quoque
2462 4939 2709 4992 evaderet
2754 4955 2854 4992 una
2889 4955 3008 4993 cum
3045 4940 3225 4993 carnis
3253 4955 3368 4994 mu-

1339 5113 1357 5143 ⁵
1379 5109 1536 5167 Joan.
1570 5128 1644 5178 vr,
1677 5114 1866 5170 51-55.

1794 5271 2117 5353 psfa6alaiv
2151 5274 2588 5353 unpntsoamjt;
2613 5279 2698 5344 ἂν,
2727 5281 2858 5348 εἴγε
2888 5282 3010 5334 νοῦν
3044 5283 3155 5353 ἔχει
3185 5284 3274 5336 τὸν
3299 5280 3356 5335 εὗ

1790 5338 2179 5422 βξϐηκρταικαὶ
2216 5343 2550 5422 δφγματικῆς
2570 5338 2859 5422 ἐρτέχνίἀς
2887 5338 3224 5422 ἐπιστήῖωνα
3242 5371 3254 5381 ·
3279 5353 3359 5404 δεῖ

1787 5410 1894 5488 γέιρ
1923 5413 1985 5479 τῇ
2014 5411 2228 5488 Ῑτὰνξων
2251 5410 2516 5488 sats-leave-
2537 5420 2629 5470 καὶ
2669 5410 2927 5474 ἀνωτάτω
2965 5410 3144 5488 (posst,
3182 5422 3350 5484 σώζε-

1788 5478 1908 5562 σραι
1936 5478 2191 5562 escape;
2222 5483 2674 5562 ’ξὸ-ἁπξοῦνυκαὶη
2694 5478 3003 5561 ὰσυμμιγὲῖς
3044 5478 3233 5562 ἐτνέῥῳ,
3263 5478 3356 5562 irai.

1785 5548 1844 5628 σΞὸ
1889 5549 1961 5618 μὴ
2008 5548 2601 5628 συνίεεβεῖσοᾳιᾲὸᾳκεῗῖν,
2650 5559 2705 5610 ἔν
2736 5548 2813 5627 γε’
2846 5548 2962 5622 ἶῑοῗς
2983 5548 3111 5613 ᾇαθ⁹
3135 5548 3355 5628 ’ἐξιντὴν

1787 5619 1952 5698 ἤγουν
1977 5621 2304 5698 προσθήκης
2325 5624 2604 5698 δεδεῆσοᾳέ
2638 5619 2779 5691 τινός
2796 5631 2887 5681 καὶ
2910 5619 3228 5698 ὰάυμφυοῦς
3258 5619 3357 5683 αὗ-

1789 5691 1884 5768 τῆς
1919 5693 2339 5771 migrat-oga;
2365 5691 2643 5771 κοινωνίαν
2667 5698 2836 5754 ἐλθεῖν
2857 5701 2955 5770 τὴν
2987 5691 3042 5752 ιε)
3071 5691 3354 5771 curritur:

1793 5759 2002 5826 τξύειεως
2036 5761 2199 5830 ἤγουν
2223 5765 2615 5836 aptae-2316mm.
