4042 6446
636 351 769 407 8451

1627 353 1684 413 S.
1727 354 1996 412 CYRILLI
2033 353 2507 410 ALEXANDRINI
2550 354 2873 410 ARCIIIEP.

3787 357 3914 414 H39.

637 471 841 524 tatione
886 467 1141 524 salutaris
1201 468 1324 526 fidei
1383 482 1584 530 nostrae
1625 474 1931 529 confessio:
1959 475 2068 528 imo
2121 488 2209 527 res
2240 478 2286 534 Λ
2313 487 2421 541 quo
2458 473 2522 526 de
2553 473 2693 526 coelo
2724 473 2998 527 rediturus
3039 473 3195 534 est’,
3233 472 3359 528 hinc
3419 479 3644 526 conStat
3701 485 3912 525 carnem

633 568 745 614 tota
797 559 1252 626 pessumdaretur,
1315 577 1436 617 cum
1489 563 1721 618 indidem
1761 576 2015 618 manante
2046 565 2208 633 justi-

636 652 916 716 ﬁcatione;
949 665 1454 724 conscqnenterque
1494 670 1591 710 nos
1637 656 1815 710 adlmc
1864 659 1916 710 in
1972 659 2208 727 peccatis

2312 569 2378 621 ab
2409 582 2473 621 eo
2504 567 2555 620 iu
2589 566 2730 619 aliud
2761 562 2988 634 quodvis
3015 578 3116 614 non
3153 560 3322 617 fuisse
3359 572 3664 623 mutatam,
3695 561 3794 615 sed
3813 561 3915 630 glo-

2315 660 2511 712 riosam
2543 660 2681 725 apud
2707 674 2829 711 cum
2854 669 3091 717 manere,
3127 654 3632 724 incorruptibilem,
3661 657 3788 708 sine
3818 670 3917 708 ma-

640 744 836 797 nostris
863 759 1162 814 manemus,
1193 764 1366 818 neque
1397 757 1637 802 veterum
1674 749 1955 818 culparum
1995 759 2209 804 nostra-
2279 751 2636 819 ~cnla,atque
2657 751 2743 803 illa
2775 749 2892 801 lucc
2921 747 3215 814 fulgentem
3251 747 3316 798 ad
3346 763 3511 814 quam
3549 761 3723 800 nemo
3755 756 3917 815 potest

635 851 753 888 rum
777 837 965 891 sordes
999 841 1257 894 discussae
1287 850 1430 894 sunt.

942 952 996 1006 5.
1018 930 1182 1007 ‘ldem
1218 952 1522 1022 Cyrillusin
1546 955 1724 1009 eodem
1752 956 1900 1010 libro.

707 1062 764 1117 Si
797 1078 923 1119 caro
952 1065 1109 1120 Verbi
1132 1084 1158 1121 a
1181 1077 1377 1120 nostrae
1405 1070 1587 1123 carnis
1616 1071 1926 1125 conditione
1951 1069 2213 1124 recessis-

635 1165 738 1220 set,
771 1157 1019 1226 superior
1069 1157 1226 1211 nobis
1258 1157 1472 1222 effecta,
1503 1163 1629 1229 quia
1676 1163 1728 1216 in
1773 1164 2028 1216 deitatem
2079 1175 2212 1215 con-

640 1259 811 1310 versa,
847 1247 1036 1300 salutis
1063 1257 1265 1308 nostrae
1302 1249 1447 1304 basis
1494 1264 1794 1318 corrueret,
1841 1268 2044 1320 nosque
2081 1253 2216 1305 adeo

636 1338 734 1391 sub
759 1341 948 1392 mortis
969 1341 1279 1409 peccatique
1301 1343 1566 1397 saevitiam
1608 1346 2004 1400 recideremus.
2035 1343 2214 1410 Sicut,

634 1425 826 1482 domus
859 1430 1067 1484 murive
1095 1431 1338 1487 subrutis
1364 1434 1563 1489 inlimis
1587 1435 1972 1500 fundamentis,
2003 1438 2219 1489 univcr-

634 1535 753 1575 snm
790 1523 1076 1578 aedilicium
1113 1526 1469 1593 dilaberetur,
1494 1539 1549 1582 et
1598 1530 1853 1599 quidquid
1899 1529 2002 1584 illis
2033 1530 2220 1584 fulcris

634 1623 1064 1680 superstructqu
1120 1613 1330 1680 fuerat;
1373 1619 1443 1671 ita
1490 1621 1533 1673 si
1575 1619 1840 1686 Unigeniti
1892 1636 2012 1674 eum
2059 1635 2220 1674 carne

2315 845 2597 898 accedere.
2625 843 2795 897 Porro
2831 839 2973 895 haud
3020 853 3140 890 cum
3185 837 3277 889 illo
3325 840 3501 902 tenui,
3530 851 3596 892 ut
3647 839 3917 909 primitus,

2315 935 2604 1002 Splendore
2639 934 2952 988 descendet.

2603 1045 2652 1099 7.
2688 1045 2835 1099 Idem
2875 1043 3102 1112 Cyrillus
3143 1041 3197 1093 in
3241 1040 3423 1093 eodem
3473 1042 3637 1093 libro.

2391 1161 2446 1214 Si
2481 1175 2608 1214 caro
2633 1160 2751 1227 ejus
2779 1159 2845 1212 ad
2881 1166 3127 1209 naturam
3157 1153 3378 1208 deitatis
3401 1153 3578 1221 ipsius
3612 1156 3925 1211 transisset.

2312 1250 2423 1319 jam
2457 1253 2625 1306 Filius
2648 1250 2882 1306 hominis
2911 1261 3030 1300 esse
3058 1245 3372 1306 desineret;
3421 1245 3726 1312 palamque
3753 1249 3926 1296 omni-

2323 1343 2420 1397 bus
2453 1345 2605 1398 ficret
2656 1342 2881 1412 gloriam
2923 1336 3232 1405 adeptiouis
3282 1336 3464 1389 amitti
3513 1351 3542 1388 a
3584 1335 3776 1396 nobis,
3817 1347 3928 1386 tan-

2323 1452 2482 1502 quam
2515 1436 2562 1490 si
2593 1431 3012 1505 primogenitum
3038 1428 3180 1482 inter
3200 1426 3403 1483 multos
3436 1429 3706 1482 fratres"
3729 1426 3930 1481 diutius

2324 1543 2432 1580 non
2466 1527 2810 1582 haberemus.

2623 1639 2677 1694 8.
2712 1639 2862 1693 Idem
2895 1635 3124 1707 Cyrillus
3149 1637 3204 1690 in
3229 1639 3413 1690 eodem
3450 1636 3618 1690 libro.

634 1703 968 1772 dispensatio
999 1720 1126 1758 vera
1170 1723 1275 1760 nun
1311 1717 1478 1774 esset,
1513 1725 1600 1763 res
1625 1721 1823 1763 nostra:
1867 1709 2023 1764 simul
2059 1720 2220 1780 atque

636 1788 688 1841 in
727 1801 1045 1859 perpetuum
1087 1804 1459 1849 everterentur
1513 1807 1566 1849 et
1611 1799 1841 1852 intirmzn
1887 1802 2098 1853 fierent.
2131 1799 2220 1854 Sic
2254 1821 2294 1877 Β

636 1881 724 1933 aio
759 1883 984 1950 pariter,
1025 1887 1164 1952 quod
1197 1887 1241 1940 si
1296 1884 1453 1940 Verbi
1490 1903 1618 1942 caro
1648 1890 1699 1942 iu
1728 1889 1946 1944 deitatis
1970 1899 2220 1943 naturam

636 1983 845 2027 mutata
877 1972 1088 2041 fuisset,
1109 1979 1418 2032 necessario
1459 1988 1622 2048 atque
1673 1979 1725 2034 in
1775 1981 2221 2037 a‘tcrnumaFilii

637 2064 878 2119 hominis
918 2067 1279 2134 appellatione
1325 2070 1624 2126 excideret.
1670 2073 1780 2127 Cur
1825 2088 1953 2145 ergo
2007 2074 2224 2143 sapien-

638 2152 884 2208 tissimus
910 2155 1106 2212 Paulus
1135 2159 1366 2214 dixisset
1401 2178 1413 2213 :
1447 2180 1464 2212 ι
1519 2162 1674 2218 Unus
1701 2175 1780 2218 est
1813 2163 1974 2230 Deus,
2001 2178 2053 2221 et
2085 2181 2224 2221 unus

639 2244 907 2300 mediator
957 2247 1096 2301 inter
1153 2247 1322 2303 Deum
1381 2261 1434 2305 ct
1481 2254 1742 2317 homines,
1773 2256 1932 2311 homo
1977 2257 2225 2314 Christus

640 2332 822 2400 Jesus,
868 2338 959 2407 qui
1000 2338 1147 2394 dedit
1211 2341 1448 2412 seipsum
1506 2347 1931 2414 redemptionem
1977 2365 2074 2418 pro
2121 2367 2224 2406 no-

639 2425 726 2481 bis
757 2428 856 2480 ⁶2ι
898 2429 993 2484 Est
1019 2431 1133 2501 ipse
1162 2434 1429 2488 mediator
1475 2446 1533 2489 ut
1574 2438 1736 2502 Deus,
1769 2439 2020 2509 idemque
2062 2444 2224 2499 homo

642 2517 822 2583 simul,
866 2519 1032 2574 Deum
1087 2520 1304 2578 Patrem
1342 2526 1499 2581 nobis
1528 2528 1790 2596 placaris;
1829 2531 1940 2598 ipse
1977 2549 2116 2585 unus
2143 2545 2224 2588 est

641 2609 870 2667 inunica
899 2613 1250 2680 adunatione,
1290 2617 1344 2670 in
1379 2633 1484 2686 qua
1509 2633 1640 2674 sane
1676 2622 1864 2689 grandi
1911 2638 2032 2675 cum
2068 2624 2223 2679 diffe-

640 2704 819 2758 rentia
889 2704 1301 2776 distinguuntur
1367 2720 1576 2765 natura:
1629 2712 1978 2782 (l):ea3dcm
2042 2725 2223 2770 tamen

642 2807 977 2853 concurrunt
1032 2801 1195 2855 simul
1251 2802 1305 2856 in
1351 2802 1651 2871 Christum,
1684 2817 1739 2861 et
1786 2808 1839 2862 iu
1884 2808 2223 2863 inconfusam

643 2890 1026 2947 adunationem
1063 2900 1228 2962 atque
1287 2895 1663 2962 insolubilem;
1700 2898 1894 2952 similis
1950 2898 2094 2954 Patri
2143 2912 2226 2955 est

646 2983 866 3048 deitate,
884 2985 1077 3041 similis
1102 2989 1257 3043 nobis
1275 2987 1640 3056 humanitate;
1674 3004 1835 3062 atque
1854 2993 1926 3046 ita
1946 2995 2228 3063 cognosci-

644 3085 732 3130 tur
771 3077 935 3131 homo
963 3078 1212 3136 Christus
1259 3078 1416 3135 Jesus
1457 3083 1723 3138 mediator
1767 3095 1974 3140 noster.
2001 3086 2151 3152 Quod
2177 3087 2223 3142 si

646 3165 1030 3221 abominabilis
1077 3168 1130 3221 in
1185 3179 1352 3234 eo,ut
1399 3172 1485 3226 isti
1533 3172 1894 3241 volunt,caro
1944 3185 2111 3241 esset,
2147 3178 2222 3231 rei
2252 3171 2296 3232 C

2399 1756 2512 1810 Non
2547 1763 2773 1824 apparet
2809 1751 3048 1808 Verbum
3097 1764 3318 1805 carnem
3372 1761 3643 1814 mutasse,
3677 1763 3806 1818 qua:
3853 1749 3928 1800 in-

2325 1849 2758 1904 cenvertibiliter
2814 1854 2869 1899 et
2916 1845 3121 1912 absque
3152 1843 3480 1899 confusione
3516 1837 3595 1897 iiii
3630 1842 3930 1910 conjuncta

2325 1953 2409 1997 est
2435 1944 2486 1996 in
2506 1942 2725 1997 deitatis
2757 1948 2972 1994 natura.
3003 1936 3137 1990 illud
3171 1936 3350 2004 potius
3384 1938 3784 1994 observamus,
3825 1946 3934 1984 me-

2325 2037 2433 2090 rito
2482 2034 2626 2088 illam
2684 2032 2854 2102 gloria
2891 2045 2988 2086 sua
3042 2028 3449 2097 magnificasse,
3502 2027 3929 2092 honoribusque

2325 2126 2435 2181 Deo
2468 2125 2661 2180 debitis
2693 2120 3032 2177 cumulasse:
3057 2127 3217 2188 atque
3259 2120 3332 2174 ita
3391 2130 3652 2188 tempore
3689 2131 3798 2171 suo
3821 2130 3937 2168 car-

2324 2219 2410 2274 nis
2455 2232 2669 2287 quoque
2728 2213 3124 2282 dispensatoria
3183 2212 3490 2266 substantia
3519 2211 3613 2283 [de
3652 2208 3804 2264 coelo
3847 2209 3933 2258 de-

2325 2307 2786 2380 scendet]:quam
2832 2305 3078 2359 videntes
3107 2303 3472 2360 admiratione
3502 2304 3755 2375 perculsi
3792 2311 3935 2356 sunt.

2328 2402 2481 2456 Hanc
2512 2413 2702 2467 reapse
2736 2397 2925 2451 oculus
2953 2395 3109 2459 vidit,
3140 2397 3216 2450 uti
3249 2398 3518 2466 scriptum
3553 2408 3664 2452 est.
3712 2395 3941 2450 Sancto-

2325 2509 2443 2546 rum
2477 2492 2622 2545 enim
2659 2489 2972 2559 angelorum
3021 2502 3161 2540 unus
3211 2487 3544 2543 mirantibus
3595 2488 3674 2541 ait
3709 2504 3725 2540 :
3773 2505 3795 2537 ε
3827 2485 3940 2538 \‘iri

2328 2582 2701 2650 Galilaei,quid
2727 2580 2925 2635 cmlum
2945 2576 3258 2646 suspicitis?
3289 2576 3571 2632 llicJesns
3596 2579 3691 2646 qui
3723 2593 3942 2631 assum-

2325 2689 2448 2743 ptus
2481 2683 2562 2727 est
2597 2689 2626 2727 a
2657 2673 2830 2738 vobis,
2870 2671 2948 2726 sic
2976 2670 3157 2723 veniet
3196 2670 3675 2737 quemadmodum
3730 2669 3942 2721 vidistis

2324 2781 2446 2821 eum
2476 2777 2692 2821 euntem
2718 2767 2769 2820 in
2800 2764 2967 2820 ccclos
2990 2763 3054 2816 ιι.
3094 2780 3112 2814 ›
3145 2759 3283 2814 Num
3332 2759 3535 2814 dicturi
3567 2762 3714 2814 estis
3771 2763 3940 2813 visum

2326 2873 2447 2914 esse
2476 2858 2542 2912 ab
2579 2859 2646 2912 iis
2681 2859 2969 2912 salientem
3013 2855 3079 2908 ad
3115 2853 3331 2907 Patrem
3393 2853 3608 2919 absque
3646 2852 3864 2906 carne?
3897 2853 3942 2905 id

2325 2958 2411 3005 est
2445 2947 2618 3004 forma
2650 2959 2835 3004 nostra
2869 2948 3212 3016 indignanter
3237 2943 3615 3012 abjecta,jam
3645 2960 3758 2999 non
3785 2946 3945 2999 fuisse

2327 3042 2381 3097 in
2407 3057 2636 3111 corpore
2673 3040 2895 3103 visibili,
2926 3040 3159 3108 ideoque
3202 3049 3261 3091 se
3288 3045 3687 3091 commutasse
3722 3039 3779 3090 in
3817 3037 3946 3090 invi-

2327 3134 2536 3188 sibilem
2561 3131 3134 3200 incorruptibilcmque
3166 3136 3426 3180 naturam
3452 3126 3478 3178 ?
3504 3125 3672 3192 Quis,
3697 3129 3943 3196 inquam,

645 3271 853 3308 suntma
888 3259 953 3312 de
981 3258 1155 3313 medio
1179 3260 1478 3326 tolleretur,
1518 3279 1619 3317 nec
1657 3262 1768 3331 jam
1807 3264 1923 3333 ipse
1957 3265 2099 3318 inter
2130 3281 2228 3321 nos

643 3345 975 3418 Patremque
992 3364 1146 3405 suum
1183 3352 1448 3407 mediator
1483 3365 1646 3409 esset.
1686 3354 1838 3410 Tunc
1875 3366 2053 3411 autem
2086 3373 2226 3427 quo-

646 3439 812 3495 modo
843 3440 907 3495 ad
943 3441 1091 3496 illum
1119 3446 1545 3500 accederemus?
1569 3460 1664 3501 aut
1694 3460 1841 3503 certe
1870 3450 1990 3517 quis
2019 3465 2118 3504 nos
2153 3450 2228 3505 illi

648 3529 998 3586 admoveret?
1025 3534 1150 3602 quis
1186 3538 1400 3590 demum
1421 3540 2044 3607 superessetmediator?
2067 3539 2232 3597 Divus

645 3619 849 3676 Paulus
880 3622 1020 3677 dixit
1073 3626 1350 3681 hominem
1377 3645 1498 3683 esse
1539 3632 2073 3688 mediatorem.Tum
2116 3633 2232 3703 ipse

649 3710 898 3768 Christus
925 3715 1174 3784 inquitzt
1205 3718 1374 3774 Nemo
1404 3726 1554 3775 venit
1603 3724 1668 3777 ad
1726 3723 1960 3789 Patrem,
1991 3724 2090 3779 nisi
2137 3739 2234 3794 per

649 3807 801 3859 me".
833 3825 851 3857 ι
896 3793 1277 3864 Portentosum
1329 3822 1424 3867 est
1470 3829 1602 3882 ergo
1663 3824 1714 3870 et
1760 3815 2232 3886 insania-\plenum

650 3908 1018 3954 commentum
1043 3902 1256 3957 illorum
1284 3905 1373 3974 qui
1403 3915 1627 3961 naturas
1660 3906 2018 3963 confundunt.

937 4013 990 4068 6.
1035 4013 1185 4069 Idem
1234 4016 1466 4087 Cyrillus
1499 4020 1554 4073 in
1587 4024 1766 4074 eodem
1793 4021 1947 4075 libro.

730 4141 749 4174 ι
784 4122 916 4178 Cum
946 4124 1114 4182 Filius
1137 4129 1372 4184 hominis
1400 4132 1628 4197 venerit,
1660 4148 1786 4186 num
1819 4132 1873 4186 in
1905 4142 2046 4188 terra
2074 4135 2236 4190 fidem

651 4221 896 4277 inveniet
916 4219 976 4274 ‘?
1008 4239 1026 4270 ι
1077 4218 1233 4273 Nunc
1263 4223 1554 4289 qnznrimus
1583 4225 1650 4278 ab
1674 4225 2028 4289 adversariis,
2055 4242 2240 4295 quam-

650 4327 778 4365 nam
814 4313 960 4366 volet
1014 4312 1249 4367 hominis
1295 4313 1467 4369 Filius
1515 4317 1673 4370 fidem
1717 4317 1982 4383 invenire,
2017 4335 2138 4374 cum
2173 4321 2240 4377 de

653 4399 792 4452 εωιο
847 4399 1140 4459 tlesceudet
1179 4403 1318 4470 apud
1368 4417 1463 4456 eos
1515 4405 1604 4473 qui
1640 4405 1693 4459 in
1732 4415 1876 4461 terra
1909 4412 2240 4464 versantur?

654 4489 751 4544 Vel
784 4491 1042 4558 quidnam
1071 4492 1137 4544 de
1175 4506 1239 4545 eo
1293 4494 1502 4562 opinari
1546 4497 1878 4564 possumus?
1922 4497 2064 4554 Num
2102 4501 2242 4558 forte
2274 4524 2317 4579 ι)

655 4581 972 4652 :tbjeclurus
1012 4593 1095 4637 est
1117 4581 1239 4638 Filii
1265 4584 1500 4640 hominis
1540 4588 1936 4656 conditionem,
1964 4605 2031 4645 an
2059 4593 2239 4661 potius

655 4675 707 4728 in
740 4675 1094 4730 similitudine
1125 4686 1311 4731 nostra
1336 4693 1641 4745 mansurus,
1673 4690 1731 4733 ut
1759 4681 1922 4736 homo
1965 4698 2085 4738 esse
2121 4700 2239 4741 cre-

657 4770 854 4822 datur?
887 4769 1040 4834 Quod
1103 4770 1146 4825 si
1183 4770 1339 4841 longe
1377 4772 1612 4840 abesset,
1640 4783 1698 4828 ut
1746 4774 1921 4844 ipsum
1975 4792 2129 4846 aeque
2176 4793 2240 4833 ac

655 4876 756 4917 nos
807 4863 1081 4916 hominem
1130 4873 1380 4933 reputare
1421 4880 1724 4935 possemus,
1764 4879 2239 4938 conscquenlcrne

661 4955 842 5010 dicere
891 4955 1082 5010 liceret
1112 4966 1400 5012 venturum
1459 4958 1694 5015 fortasse
1742 4975 1842 5015 ceu
1876 4962 2147 5017 hominem
2182 4973 2239 5017 tit

658 5048 819 5101 fidem
846 5048 898 5100 in
926 5057 1072 5102 terra
1101 5048 1359 5115 inveniat,
1388 5060 1441 5105 et
1468 5067 1574 5105 non
1606 5054 1787 5121 potius
1821 5064 2105 5109 venturum
2139 5071 2239 5110 ceu

659 5139 830 5192 Deum
870 5137 1104 5195 Verbum
1155 5142 1385 5211 simplex
1420 5152 1476 5198 et
1523 5146 1728 5214 absque
1769 5161 1956 5212 carne,
1999 5158 2058 5203 ut
2101 5147 2243 5202 hanc

663 5232 822 5285 tidem
852 5232 992 5300 apud
1031 5242 1317 5289 terrestres
1371 5235 1646 5289 inveniat?
1679 5236 1783 5292 Sed
1833 5239 1957 5307 quia
2018 5239 2246 5309 ipsemet

665 5322 954 5380 manifeste
969 5339 1025 5380 se
1046 5323 1242 5379 Filium
1272 5326 1506 5382 hominis
1525 5329 1781 5384 vocitavit
1799 5338 2046 5400 tempore
2079 5332 2243 5385 etiam

762 5484 782 5515 ε
807 5485 825 5541 1
848 5489 988 5542 Tim.
1020 5505 1080 5556 Il,
1113 5490 1165 5544 5.

1243 5490 1262 5520 ⁷
1285 5489 1442 5543 Joan.
1478 5504 1586 5555 xxv,
1628 5489 1681 5543 6.
1760 5490 1779 5520 ⁸
1803 5490 1932 5548 Luc.
1959 5507 2092 5558 xvu,
2127 5492 2176 5548 8.

670 5557 714 5589 ³³
736 5555 965 5629 Philipp.
1001 5555 1083 5629 tu,
1123 5561 1213 5615 21.

1294 5558 1376 5611 ³³1
1405 5559 1560 5614 Joan.
1596 5575 1668 5625 Iv,
1709 5561 1795 5616 12.

2257 5491 2277 5523 ⁹
2303 5490 2494 5547 Matth.
2527 5506 2678 5558 xxvi,
2710 5489 2762 5546 ὑ.

2336 3226 2450 3279 hzcc
2498 3225 2678 3278 dicere
2731 3219 2911 3275 ausit?
2945 3220 3037 3273 Sin
3065 3227 3258 3272 contra
3298 3217 3371 3270 ita
3415 3229 3703 3272 venturus
3741 3228 3848 3283 est,
3877 3221 3947 3270 uti

2336 3316 2616 3378 ascendit,
2651 3312 2836 3382 quidni
2882 3325 3010 3364 vere
3049 3309 3287 3372 dicetur,
3317 3323 3441 3361 cum
3475 3309 3684 3361 eodem
3729 3323 3949 3376 corpore

2336 3407 2597 3472 Verbum,
2631 3421 2735 3460 non
2790 3414 2969 3457 autem
3021 3403 3074 3455 in
3113 3410 3308 3453 natura
3348 3399 3598 3466 simplici
3637 3411 3696 3455 et
3751 3404 3950 3470 absque

2336 3514 2519 3566 carne,
2553 3513 2673 3552 esse
2706 3492 3034 3551 venturum?

2643 3611 2695 3666 9.
2738 3608 2886 3663 Idem
2910 3606 3143 3676 Cyrillus
3170 3606 3224 3659 iu
3254 3607 3436 3659 eadem
3466 3606 3636 3660 libro.

2409 3726 2486 3782 De
2506 3725 2725 3780 Christo
2751 3723 2970 3792 scripsit
2987 3720 3426 3791 sapientissimus
3449 3734 3691 3789 quoque
3719 3719 3948 3773 Paulus:

2346 3834 2364 3868 ι
2399 3817 2497 3883 Qui
2534 3815 2842 3870 immutabit
2895 3827 3091 3882 corpus
3144 3811 3475 3865 humilitatis
3534 3825 3777 3870 nostra.
3813 3813 3952 3864 utsii

2341 3908 2518 3964 simile
2549 3906 2763 3976 corpori
2803 3906 2988 3975 gloriae
3012 3906 3076 3956 “.
3112 3921 3130 3954 ι
3165 3901 3306 3968 Quid
3351 3904 3419 3954 ad
3457 3901 3587 3956 haec
3646 3902 3840 3956 dicent
3863 3902 3951 3962 illi,

2341 4000 2434 4068 qui
2458 4013 2673 4052 carnem
2710 4005 2969 4049 mutatam
3000 3995 3154 4047 aiunt
3196 3993 3251 4045 in
3281 3990 3447 4046 Verbi
3485 3993 3802 4046 naturam?
3827 3992 3950 4045 Num

2342 4099 2652 4145 sanctormn
2691 4100 2916 4155 corpora
2987 4084 3109 4137 ideo
3141 4091 3423 4135 mutantur
3451 4082 3773 4138 iu'deitatis
3806 4091 3952 4136 uatu-

2345 4197 2484 4246 ram,
2532 4179 2655 4249 quia
2713 4181 2830 4246 ipsa
2889 4189 3111 4246 quoque
3172 4172 3483 4228 conformia
3541 4175 3694 4228 fiunt
3745 4175 3949 4244 corpori

2343 4274 2528 4343 gloriae
2569 4270 2717 4338 ejus?
2750 4269 2936 4322 Nonne
2977 4282 3142 4322 merae
3185 4281 3357 4336 gerrae
3403 4275 3541 4321 sunt
3596 4269 3725 4322 haec
3774 4283 3949 4323 eorum

2344 4369 2534 4433 verba,
2591 4378 2710 4434 quae
2759 4361 2974 4416 inscitia
3022 4357 3360 4414 seatent?Si
3410 4373 3548 4413 caro
3601 4362 3678 4414 ad
3746 4360 3952 4414 deitatis

2348 4469 2617 4522 naturam,
2657 4465 2712 4509 ut
2740 4454 2914 4518 aiunt,
2946 4452 3185 4517 transiit,
3214 4466 3454 4520 quonam
3490 4453 3731 4505 demum
3765 4454 3816 4505 in
3844 4465 3951 4505 cor-

2347 4567 2480 4622 pore
2507 4550 2647 4604 Deus
2675 4545 2911 4603 Verbum
2933 4544 3218 4599 versatur?
3242 4542 3337 4595 Est
3367 4541 3521 4595 enim
3550 4543 3745 4596 dcitas
3776 4545 3944 4596 incor-

2348 4659 2535 4715 porea,
2594 4641 2991 4708 verissimequc
3025 4637 3260 4691 dicimus
3327 4635 3539 4688 nemini
3597 4636 3780 4692 Deum
3848 4648 3952 4688 esse

2349 4736 2698 4804 conspicuum
2730 4732 2796 4786 ¹³.

2643 4847 2728 4902 10.
2763 4846 2909 4902 Idem
2933 4846 3163 4916 Cyrillus
3190 4848 3242 4900 in
3271 4847 3454 4899 eodem
3483 4846 3656 4899 libro.

2424 4962 2529 5017 Sed
2585 4962 2822 5017 fortasse
2863 4961 3048 5015 dicent
3105 4973 3328 5014 carnem
3355 4959 3508 5013 haud
3553 4960 3795 5014 omnino
3833 4961 3952 5013 sub-

2352 5057 2608 5111 stantiam
2651 5069 2804 5108 suam
2828 5054 3114 5120 amisisse;
3149 5054 3245 5107 sed
3276 5067 3401 5106 cum
3434 5051 3550 5107 Deo
3581 5053 3774 5107 Verbo
3799 5059 3956 5106 semet

2352 5145 2764 5199 commiseuisse
2793 5144 3027 5198 naturali
3053 5144 3285 5214 quadam
3307 5144 3681 5197 adunatione.
3707 5145 3819 5214 Ego
3838 5156 3954 5194 vero

2352 5240 2623 5308 quomodo
2653 5237 2738 5291 his
2772 5251 3090 5300 occurram,
3125 5235 3428 5306 praesertim
3464 5235 3602 5304 quia
3657 5239 3951 5290 humanum

2354 5329 2701 5384 ratiocinium
2733 5329 2787 5383 in
2808 5328 2891 5384 his
2923 5335 3124 5398 torpet,
3163 5342 3342 5397 neque
3369 5330 3630 5398 propria,
3681 5342 3742 5384 ut
3769 5331 3839 5383 ita
3877 5328 3957 5381 di-

2844 5491 2888 5523 ¹ο
2914 5489 3073 5546 Rom.
3111 5505 3232 5552 VIII,
3263 5490 3353 5545 29.
3493 5491 3534 5521 “
3563 5491 3692 5545 Act.
3731 5509 3764 5554 ι,
3808 5491 3890 5544 11.

744 5713 822 5783 (1)
857 5713 1136 5792 νίίιρεῂὶρ
1171 5717 1700 5792 etiamquantopere
1731 5719 1960 5791 Cyrillus
2015 5721 2303 5780 abhorreat
2343 5735 2372 5777 a
2413 5717 2600 5778 Severi
2641 5718 3036 5792 Monophysitte
3088 5719 3388 5784 sententia,
3442 5717 3539 5786 qui
3602 5731 3784 5774 tamen
3815 5715 3956 5771 iiiius

672 5785 808 5842 lalso
843 5787 1223 5844 auctoritatem
1259 5788 1356 5845 sibi
1386 5785 1782 5859 praetendebat.
