4042 6460
174 352 299 412 1457

170 582 353 624 versam
386 585 508 625 esse
536 576 898 642 comperimus
927 590 1195 647 naturam,
1229 587 1315 640 cui
1345 589 1592 657 imposita
1609 605 1714 650 est.

173 660 365 714 Interim
393 663 507 732 ipse
543 681 768 732 persona
810 669 1146 738 bypostatica
1169 687 1249 731 est
1274 689 1432 749 atque
1453 682 1714 749 absoluta,

167 751 450 807 humanitas
471 767 523 808 et
545 757 797 812 divinitas
825 778 837 826 ;
864 762 1166 834 diciturque
1185 782 1425 826 summus
1453 776 1714 841 pontifex,

163 839 316 895 factor
339 855 390 897 ct
413 844 607 900 factus.

405 951 495 1007 22.
545 953 693 1008 Idem
730 956 961 1028 Cyrillus
999 965 1052 1018 in
1084 968 1260 1022 eodem
1284 970 1439 1026 libro.

227 1060 319 1116 Sed
349 1063 583 1121 fortasse
619 1078 668 1120 tu
700 1070 873 1126 dicis:
924 1075 1061 1145 Ergo
1096 1095 1200 1132 non
1237 1082 1498 1138 habitavit
1533 1088 1585 1142 in
1623 1090 1712 1144 illo

156 1153 412 1220 plenitudo
439 1157 684 1212 universa
722 1162 1022 1221 divinitatis
1055 1184 1308 1238 corporea
1340 1177 1568 1231 ratione.
1603 1178 1710 1235 Ve-

155 1259 266 1296 rum
299 1245 413 1312 hoc,
461 1247 703 1316 inquam,
753 1264 871 1319 est;
909 1272 1172 1328 nemoque
1210 1277 1379 1317 sacra:
1417 1265 1712 1335 Scriptum

151 1337 482 1392 contradicit.
533 1337 642 1396 Nos
693 1351 867 1399 tamen
914 1348 1142 1425 dicimus
1195 1352 1316 1408 Filii
1371 1357 1707 1416 divinitatem

151 1423 285 1479 haud
325 1428 496 1485 alieno
541 1432 593 1486 in
633 1449 889 1503 corpore,
938 1423 1028 1494 sed
1074 1442 1126 1495 in
1169 1458 1267 1499 suo
1291 1449 1469 1514 potius
1513 1453 1709 1522 templo

149 1512 427 1582 habitasse,
467 1520 610 1574 velut
633 1522 686 1576 in
722 1525 942 1581 homine
968 1530 1168 1595 anima,
1199 1549 1316 1602 quae
1348 1512 1698 1595 Iicetacarite

145 1602 403 1672 dilferens,
429 1617 664 1667 attamen
704 1631 808 1670 una
841 1633 962 1671 cum
1004 1636 1165 1677 carne
1191 1635 1437 1679 naturam
1469 1630 1706 1684 hominis

144 1694 360 1760 perficit,
382 1710 439 1752 ut
459 1701 530 1754 sit
555 1702 747 1758 Petrus
773 1708 850 1760 vel
877 1710 1096 1766 Paulus.
1124 1712 1237 1767 lloc
1269 1717 1373 1771 imo
1400 1719 1704 1775 evidentius

144 1784 198 1835 iu
239 1785 444 1843 Christo
488 1801 586 1846 est.
655 1795 836 1867 Neque
885 1812 1059 1856 tamen
1107 1805 1304 1861 idcirco
1342 1809 1569 1865 dicimus
1612 1812 1702 1866 Dei

141 1874 366 1931 Verbum
391 1884 583 1938 animae
600 1887 774 1943 ollicio
795 1892 846 1944 in
872 1909 1096 1963 corpore
1118 1895 1383 1964 functum,
1410 1917 1525 1968 quae
1540 1906 1709 1972 pessi-

143 1980 228 2016 tna
259 1972 627 2029 nonnullorum
658 1980 840 2046 Opinio
859 1993 961 2047 est,
988 1987 1078 2038 sed
1104 1998 1345 2042 sanctum
1373 1991 1490 2058 ejus
1514 2009 1706 2063 corpus

138 2056 464 2127 intelligente
486 2067 663 2120 anima
689 2069 915 2129 dicimus
942 2090 1059 2130 esse
1088 2081 1405 2137 animatum.

411 2172 502 2229 25.
549 2177 698 2232 Idem
722 2181 952 2251 Cyrillus
988 2187 1039 2240 in
1072 2192 1245 2244 eodem
1271 2193 1422 2249 libro.

208 2277 299 2333 Dei
323 2280 554 2339 Verbum
581 2303 706 2344 vere
734 2293 783 2345 in
810 2297 1062 2352 omnibus
1084 2302 1382 2365 perfectum
1406 2315 1509 2369 est,
1535 2325 1706 2380 neque

133 2367 468 2428 incremento
486 2377 704 2446 indiget.
730 2382 922 2438 Natum
941 2399 1118 2442 autem
1143 2393 1439 2460 perfectum
1465 2367 1528 2452 de
1551 2367 1707 2456 Patre

133 2467 241 2523 est,
275 2465 527 2531 sapientia
562 2471 625 2524 de
652 2474 944 2541 sapientia,
979 2483 1215 2547 potentia
1251 2485 1316 2537 de
1347 2491 1606 2551 potentia.
1644 2491 1709 2544 Et

129 2551 261 2615 quia
285 2566 471 2609 natura
506 2559 840 2619 immutabile
872 2577 973 2634 est,
1003 2571 1132 2622 nihil
1165 2573 1211 2623 ci
1236 2576 1488 2641 templum
1521 2577 1570 2628 in
1601 2594 1708 2646 quo

128 2640 284 2694 stetit
331 2648 532 2713 nocuit,
594 2653 687 2706 sed
743 2656 1036 2720 perfectam
1089 2663 1309 2714 retinuit
1351 2640 1703 2732 sapientiam,

1341 375 1764 436 FRAGMENTA
1805 384 2222 447 DOGMATICA.

173 476 435 532 derandam
484 479 792 540 Servatoris
824 489 998 542 nostri
1042 489 1241 547 Christi
1276 510 1558 563 personam
1581 544 1595 569 ,
1633 505 1714 557 di-
1746 511 1792 566 Î‘

3269 401 3407 457 1438

1823 512 2150 576 potentiam,
2185 523 2239 568 et
2274 514 2478 585 reliqua
2514 518 2715 574 omnia.
2747 518 2884 572 Caro
2915 519 3098 590 utique
3128 525 3404 577 crescebat

1827 601 2029 655 viribus
2068 604 2318 672 paulatim
2355 616 2528 671 aucta,
2571 617 2729 677 prout
2761 609 3012 664 humanae
3046 620 3250 665 naturae
3277 612 3399 682 jura

1826 688 2024 745 ferunt.
2066 692 2301 747 Verbum
2345 705 2521 747 autem
2575 698 2725 750 carui
2763 699 2968 750 unitum
3015 698 3270 767 paulatim
3302 715 3396 754 sa-

1825 781 2078 847 pientiam
2130 798 2281 836 suam
2327 784 2728 850 manifestabat,
2773 801 2892 855 quas
2935 790 3175 856 corporis
3219 790 3397 842 incre-

1825 882 2061 924 mentum
2087 875 2468 940 comitabatur,
2493 885 2545 929 et
2569 877 2812 946 corporis
2837 892 2893 932 se
2914 888 3132 933 statura:
3150 879 3395 934 adatnusa

1821 961 1921 1014 sint
1959 967 2421 1018 accommodabat.

2082 1076 2171 1130 24.
2220 1077 2368 1131 Idem
2402 1078 2633 1148 Cyrillus
2669 1082 2720 1132 in
2753 1081 2929 1135 eodem
2964 1084 3120 1136 libro.

1889 1182 2028 1252 Ergo
2042 1185 2106 1237 ad
2124 1186 2534 1243 similitudinem
2561 1201 2796 1245 nostram
2819 1194 3084 1261 particeps
3103 1193 3199 1247 fuit
3215 1197 3395 1252 carnis

1817 1283 1870 1328 et
1896 1278 2191 1346 sanguinis.
2215 1279 2455 1350 Cumque
2479 1293 2703 1336 mortem
2729 1287 2876 1337 carni
2901 1301 3010 1338 suae
3026 1287 3391 1355 applicuisset,

1818 1365 2098 1448 ipsamque
2141 1379 2367 1424 mortem
2428 1375 2818 1439 destruxisset,
2864 1391 3090 1446 corpora
3147 1380 3392 1433 mortalia

1817 1466 2000 1509 nostra
2030 1459 2094 1512 ad
2130 1460 2689 1530 iucorruptibilitatern
2714 1466 2946 1531 direxit,
2985 1477 3043 1522 ut
3071 1484 3392 1525 carneorum

1817 1551 2179 1604 membrorum
2208 1553 2458 1607 rebellem
2487 1554 2652 1624 legem
2678 1557 2746 1612 ab
2769 1572 2830 1610 ea
2857 1559 3140 1628 tyrannide
3166 1575 3267 1629 qua
3295 1577 3394 1615 nos

1816 1639 2091 1706 premebat
2114 1640 2385 1708 dejiceret.
2422 1643 2591 1697 Secus
2620 1646 2764 1698 enim
2797 1647 2902 1699 vita
2933 1650 3090 1701 morti
3118 1664 3220 1702 non
3249 1660 3395 1704 esset

1814 1729 2110 1794 dominata,
2141 1733 2246 1786 nisi
2270 1733 2505 1788 Verbum
2533 1737 2772 1790 mortalis
2794 1739 3036 1806 corporis
3057 1738 3244 1793 fuisset
3268 1755 3395 1807 par-

1815 1819 1981 1886 ticeps
2010 1837 2022 1872 :
2063 1837 2234 1889 neque
2267 1825 2390 1877 item
2419 1826 3111 1893 cupiditatumnaturalium
3143 1829 3392 1884 stimulus

1816 1919 2028 1962 retusus
2063 1910 2273 1976 luisset,
2306 1916 2404 1968 nisi
2434 1913 2595 1971 Verbi
2623 1931 2818 1986 corpus
2849 1933 2913 1972 ex
2941 1920 3172 1973 humana
3206 1929 3389 1974 nostra

1816 2010 2005 2054 natura
2037 2013 2310 2069 sumptum
2343 2004 2555 2058 fuisset.

2083 2112 2174 2165 25.
2226 2113 2375 2166 Idem
2404 2113 2636 2185 Cyrillus
2669 2118 2720 2170 in
2754 2119 2930 2172 eodem
2963 2120 3122 2173 libro.

1889 2221 2183 2278 lnanimem
2210 2226 2352 2280 haud
2383 2229 2612 2283 dicimus
2644 2246 2861 2285 carnem
2893 2232 3035 2284 illam
3068 2228 3243 2284 Verbo
3271 2229 3390 2283 uni-

1813 2325 1938 2378 tam,
1978 2333 2095 2382 quae
2126 2318 2190 2369 de
2222 2320 2428 2374 semine
2464 2321 2680 2375 Davidis
2720 2331 2823 2376 est.
2858 2321 3068 2376 Nemini
3109 2323 3234 2375 item
3271 2323 3388 2391 epi-

1813 2409 1928 2458 nari
1965 2407 2088 2461 licet
2125 2410 2355 2463 Verbum
2399 2413 2595 2480 templo
2630 2429 2728 2468 suo
2761 2424 2952 2468 sancto
2991 2415 3166 2468 instar
3194 2415 3388 2467 animae

1813 2498 2226 2568 intellectusque
2250 2503 2437 2557 fuisse.
2472 2502 2656 2572 Neque
2687 2517 2958 2573 postremo
3003 2507 3172 2569 illum,
3201 2505 3289 2573 qui
3322 2505 3389 2558 de

1812 2589 2020 2643 semine
2051 2600 2154 2655 est,
2189 2607 2285 2660 per
2313 2608 2372 2649 se
2393 2597 2564 2650 solum
2597 2597 2868 2666 appellare
2905 2597 3098 2653 Filium
3129 2598 3384 2652 solemus.

1729 2794 1818 2851 IV.

737 2929 800 2966 EX
832 2931 1002 2971 LIBRIS
1028 2935 1228 2975 CONTRA
1270 2939 1583 2980 THEODORUM
1622 2945 2025 2992 MOPSUESTENUM
2055 2957 2121 2995 ET
2155 2958 2415 2998 DIODORUM
2452 2961 2764 3000 'l'AllSENSEM-

123 3038 180 3092 1.
220 3040 431 3131 Sancta:
469 3054 732 3104 memoria:
781 3054 1100 3131 (l)__Cyrillt'
1141 3079 1204 3115 ea:
1234 3065 1402 3131 primo
1434 3067 1568 3124 libra
1603 3088 1691 3124 eo-

354 3130 468 3167 rum
500 3133 626 3186 quos
648 3135 828 3176 contra
854 3125 1177 3184 Theodorum
1205 3125 1434 3204 scripsit.

747 3252 1084 3296 TllEODORUS.

193 3341 257 3395 Si
286 3345 400 3411 quis
438 3346 557 3399 velit
581 3348 789 3402 abusive
813 3361 860 3404 et
896 3351 1099 3407 Filium
1129 3356 1228 3410 Dei
1264 3357 1427 3414 Deum
1471 3361 1696 3417 Verbum

105 3431 296 3500 ï¬lium
329 3432 496 3486 Dauid
534 3440 828 3503 nominare,
866 3454 1079 3511 propter
1116 3446 1212 3499 Dei
1261 3447 1412 3504 Verbi
1449 3455 1698 3522 templum

102 3527 260 3592 quod
289 3540 354 3576 ea:
389 3524 559 3580 David
583 3539 696 3591 est,
739 3535 963 3585 nominet
989 3573 1002 3596 ,
1028 3545 1074 3587 et
1107 3538 1257 3590 illum
1295 3544 1483 3606 quiest
1519 3562 1583 3597 ea:
1612 3563 1696 3599 se-

102 3615 260 3667 mine
288 3614 479 3681 David,
509 3615 706 3671 Filium
733 3620 848 3685 Dei,
888 3627 1057 3691 gratia
1092 3643 1192 3679 non
1234 3639 1427 3683 natura
1455 3637 1695 3702 appellet,

101 3706 393 3758 naturales
423 3716 599 3775 patres
637 3727 738 3764 non
778 3713 1049 3782 ignorans,
1102 3735 1261 3786 neque
1299 3723 1535 3775 ordinent
1568 3726 1694 3777 sub-

99 3806 364 3849 vertens.â€˜
398 3814 559 3866 neque
588 3817 704 3853 eum
744 3805 834 3871 qui
865 3807 1208 3875 incorporalis
1248 3823 1345 3874 est,
1381 3817 1543 3867 etiam
1580 3831 1696 3868 cor-

93 3904 210 3954 pus
250 3887 469 3951 dicens;
515 3901 562 3942 et
599 3904 719 3945 ante
744 3896 939 3948 srecula
968 3915 1031 3950 ex
1067 3899 1192 3963 Deo,
1228 3913 1272 3954 et
1314 3919 1376 3955 ex
1405 3904 1598 3968 David,
1648 3917 1693 3957 et

91 3993 352 4047 passum,
394 3989 443 4030 et
494 3982 856 4050 intpassibile;
906 4003 1112 4054 corpus,
1165 4008 1265 4044 non
1314 4006 1386 4045 est
1453 3996 1696 4062 incorpo-

94 4070 268 4131 rale;
308 4071 446 4138 quod
494 4085 568 4126 est
614 4078 881 4140 deorsum,
928 4096 1028 4131 non
1086 4092 1157 4133 est
1213 4084 1526 4147 desursum;
1558 4088 1694 4154 quod

88 4173 185 4217 est
240 4174 367 4216 ante
413 4168 630 4232 sa'cula,
687 4186 789 4223 uon
840 4180 912 4223 est
957 4187 1020 4224 ea:
1070 4174 1268 4226 semine
1314 4174 1524 4237 David;
1555 4179 1695 4247 quod

86 4270 334 4325 passum
392 4267 489 4320 est,
530 4273 631 4311 non
676 4271 750 4314 est
799 4264 1135 4329 impossibile.
1183 4264 1290 4317 Nec
1322 4269 1457 4319 enim
1486 4269 1588 4321 ista
1623 4271 1690 4320 ad

85 4347 358 4401 eumdem
387 4346 698 4402 intellectum
736 4354 1107 4405 obvertuutur:
1142 4373 1258 4423 qua:
1281 4369 1399 4410 sunt
1426 4363 1684 4428 corporis,

1727 3083 1768 3139 Î¿
1816 3081 2038 3131 verbum
2089 3092 2314 3134 vocatur
2362 3084 2544 3148 homo,
2600 3098 2702 3137 non
2735 3093 2819 3137 est
2855 3082 3028 3136 factus
3073 3083 3233 3136 homo
3267 3094 3382 3133 ma-

1807 3167 2018 3224 nifeste.
2059 3170 2112 3224 Si
2146 3173 2370 3227 abusive
2397 3175 2566 3229 Filius
2593 3185 2645 3227 et
2674 3174 2815 3228 Deus
2844 3174 2931 3227 ille
2955 3174 3044 3242 qui
3075 3188 3136 3226 ex
3168 3172 3376 3227 semine

1803 3269 1884 3312 est
1910 3259 2098 3324 David,
2133 3277 2305 3329 neque
2344 3264 2482 3315 Deus
2519 3279 2692 3330 neque
2723 3262 2890 3317 Filius
2915 3272 3102 3315 natura
3136 3268 3190 3314 et
3224 3261 3368 3313 veri-

1803 3363 1916 3408 tate
1948 3365 2049 3409 est.
2087 3355 2237 3408 Falsa
2265 3356 2428 3423 igitur
2469 3358 2518 3410 in
2549 3369 2776 3426 utroque
2810 3359 2924 3410 lucc
2965 3354 3288 3424 appellatio,
3325 3362 3381 3407 et.

1802 3444 1914 3510 ipsa
1949 3459 2031 3497 res
2056 3459 2174 3498 esse
2205 3448 2398 3499 merito
2429 3446 2752 3516 intelligitur
2785 3468 2796 3501 :
2832 3455 3058 3515 uterque
3086 3446 3236 3498 enim
3275 3445 3380 3498 hoc

1803 3536 2131 3601 nominatur,
2163 3539 2304 3606 quod
2333 3553 2435 3590 non
2473 3547 2574 3591 est.

2302 3650 2358 3703 '2.
2398 3648 2478 3702 Ea:
2506 3651 2683 3704 eodem
2718 3648 2873 3703 libro.

2420 3779 2756 3818 TIIEODORUS.

1869 3874 1934 3927 Et
1963 3879 2199 3930 convenit
2243 3895 2330 3930 eos
2384 3879 2470 3947 qui
2523 3877 2646 3930 bene
2677 3879 2914 3946 sapiunt,
2954 3876 3376 3944 quandoquidem

1798 3969 2062 4021 naturales
2104 3980 2278 4036 patres
2331 3970 2631 4038 qua'rimus,
2683 3985 2842 4036 neque
2898 3969 3063 4021 Deum
3133 3966 3376 4030 Verbum,

1798 4059 1965 4113 David
2013 4062 2090 4113 rel
2143 4063 2367 4115 Abrahae
2411 4063 2583 4130 [ilium
2613 4063 2905 4124 nominare,
2947 4063 3036 4114 sed
3066 4061 3322 4127 factorem
3354 4075 3372 4111 :

1797 4166 1956 4218 neque
2006 4169 2191 4220 corpus
2253 4163 2374 4205 ante
2417 4155 2612 4206 sa'cula
2674 4169 2737 4206 ea;
2789 4151 2987 4214 Patre,
3049 4154 3137 4205 sed
3203 4169 3376 4206 semen

1795 4242 2020 4294 Abrahae
2068 4254 2114 4296 et
2168 4244 2338 4297 David
2369 4261 2432 4296 ea:
2470 4245 2641 4297 Maria
2678 4255 2883 4297 natum.
2926 4242 2992 4296 Et
3024 4261 3141 4297 cum
3176 4249 3240 4298 de
3274 4263 3372 4296 mt-

1798 4333 2054 4386 turalibus
2117 4338 2478 4389 nativitatibus
2524 4337 2587 4387 sit
2628 4338 2784 4401 ratio,
2820 4351 2979 4403 neque
3011 4334 3199 4387 Mariw
3229 4337 3372 4403 ï¬lius

86 4453 208 4490 non
266 4446 392 4487 sum
429 4435 523 4489 Dc,-
575 4437 773 4494 Î³ÎµÎ½Ï‰á½·
817 4453 863 4494 ÎµÎ¹
926 4460 1041 4511 qua,
1075 4455 1196 4497 sum
1235 4446 1329 4498 De,-
1373 4423 1527 4500 Verbi'
1565 4423 1689 4517 pro;
1729 4434 1770 4489 D
1801 4423 1939 4476 Deus
1971 4443 2078 4478 esse
2120 4425 2338 4479 Vcrbuut
2368 4428 2721 4481 existimetur.
2772 4427 3015 4479 Mortalis
3062 4430 3196 4480 enim
3233 4447 3372 4479 utorâ€”

80 4530 247 4598 pria,
305 4544 412 4579 non
459 4530 646 4582 habent
681 4549 889 4598 corpus.
938 4534 1177 4588 Naturas
1219 4538 1583 4605 conï¬teamur,
1645 4553 1691 4594 et

79 4621 536 4688 dispensationes
579 4637 681 4673 non
717 4623 1054 4692 abnegemus.

769 4749 1045 4790 CYlllLLUS.

165 4847 282 4914 Qui
333 4845 461 4900 dicit
493 4855 743 4915 Oportere
774 4863 880 4901 non
923 4847 1177 4918 abnegari
1227 4851 1680 4920 dispensationcs,

75 4938 478 4993 humanitatis
516 4939 827 5008 mysterium
862 4941 1079 4992 omnino
1101 4942 1361 4993 eradicat.
1403 4943 1686 4998 lâ€™r;csumit

1806 4511 1961 4564 talem
2012 4525 2220 4581 generat
2273 4518 2549 4567 secundum
2593 4527 2860 4576 naturam,
2909 4528 2953 4568 et
2997 4533 3205 4582 corpus,
3233 4518 3371 4583 quod

1802 4606 1902 4655 sibi
1932 4606 2100 4656 simile
2138 4615 2232 4658 est.
2279 4605 2420 4659 Duas
2465 4609 2764 4660 nativitates
2804 4607 2942 4659 Deus
3002 4606 3224 4659 Verbum
3268 4625 3370 4658 non

1803 4697 2072 4757 sustinuit,
2103 4713 2258 4748 unant
2289 4699 2496 4764 quidem
2536 4710 2658 4752 ante
2686 4701 2905 4762 sa'cula,
2940 4699 3158 4749 alterunt
3193 4710 3369 4751 autem

1801 4785 1851 4834 in
1884 4786 2080 4836 ultimis
2123 4787 2436 4854 temporibus
2465 4804 2482 4840 :
2513 4793 2602 4843 sed
2639 4807 2702 4843 et
2736 4789 2895 4841 lâ€™atre
2926 4788 3135 4856 quidem
3174 4801 3369 4842 natura

1792 4878 1994 4943 genitus
2028 4889 2120 4941 est,
2164 4881 2409 4943 templum
2448 4897 2565 4932 vero
2588 4882 2725 4948 quod
2750 4897 2813 4932 ea;
2850 4880 3021 4931 Maria
3060 4892 3243 4931 mttunt
3267 4895 3364 4945 est,

1793 4984 1856 5019 ex
1882 4969 1992 5038 ipso
2023 4982 2166 5023 utero
2201 4973 2300 5023 sibi
2327 4973 2623 5039 fabricavit.

71 5031 255 5082 cnim
289 5031 497 5094 dicere,
535 5031 675 5100 quod
711 5046 881 5100 neque
913 5031 1086 5085 factus
1121 5043 1202 5086 est
1235 5036 1396 5089 homo
1437 5037 1687 5106 unigeni-

72 5132 183 5174 tus
225 5120 331 5173 Dei
367 5120 598 5176 Verbum
623 5166 635 5189 ,
691 5139 864 5192 neque
893 5139 955 5177 ex
991 5125 1196 5177 semine
1232 5130 1478 5195 apparuit
1511 5132 1685 5184 sancti

68 5210 279 5265 David
326 5230 340 5264 :
383 5215 478 5267 sed
522 5216 749 5269 filiorum
785 5217 1077 5271 introducit
1105 5229 1290 5284 aperte
1344 5221 1684 5288 dualitatem,

68 5301 438 5368 iumqualem
489 5313 733 5358 naturam
789 5319 843 5361 et.
895 5309 1080 5362 falsam
1117 5309 1352 5364 nomine.
1402 5311 1512 5365 lloc
1543 5314 1684 5366 enim

65 5393 248 5461 quod
313 5395 535 5448 abusive
587 5397 803 5464 dicitur,
859 5402 1169 5454 omnimodo
1209 5405 1446 5467 ostendit
1502 5408 1686 5474 utique

63 5489 246 5554 quod
303 5502 435 5540 vero
480 5505 581 5542 non
633 5502 713 5544 cst
769 5494 869 5546 hoc
926 5495 1067 5562 quod
1111 5494 1351 5551 dicitur:
1412 5510 1686 5551 tnutuatur

62 5579 246 5635 enim
303 5579 531 5634 alterius
581 5586 1010 5651 appellationem.
1057 5587 1195 5656 Ergo
1238 5591 1278 5643 si
1322 5592 1542 5647 abusive
1589 5589 1682 5645 Dei

2434 5096 2709 5133 (á¿–ÏŠÎ¹Î¹Î¹Ï‰Î»Î»Îµ.

1865 5191 1918 5244 5.
1972 5191 2166 5246 Deinde
2228 5194 2390 5244 breve
2450 5193 2769 5259 procedens,
2812 5206 2864 5249 et
2896 5199 3219 5265 quibusdam
3272 5217 3366 5268 per

1798 5283 2032 5335 medium
2076 5281 2410 5347 interpositis
2449 5284 2640 5334 iterum
2677 5286 2845 5340 dixit:

2417 5411 2753 5450 TIIEODORUS.

1863 5502 1993 5555 Cum
2034 5520 2152 5556 vero
2177 5505 2239 5558 de
2270 5507 2495 5562 salutari
2524 5512 2905 5577 dispensatione
2941 5513 3076 5560 ratio
3104 5524 3357 5576 movetur,

1792 5601 1835 5645 ct
1870 5591 2003 5645 Deus
2041 5606 2250 5647 vocetur
2277 5598 2452 5664 homo,
2500 5615 2597 5650 non
2637 5598 2773 5665 quod
2805 5599 2898 5649 hoc
2926 5597 3099 5665 [actus
3131 5610 3229 5667 est,
3273 5602 3367 5657 sed

155 5752 254 5824 (Î™)
298 5755 745 5826 Mansi,Conril.,
793 5771 828 5815 t.
865 5763 953 5828 IX,
994 5779 1043 5831 Î¹Î½.
1075 5763 1200 5817 250.
