4042 6440
651 347 788 403 1439

1630 352 1684 405 S.
1727 349 2002 407 CYRlLLl
2043 351 2509 407 ALEXANDRINI
2549 352 2876 408 ARCIIIEP.

3791 359 3913 417 1Ηο

646 465 785 533 quod
827 461 923 516 hoc
963 467 1245 532 assumpsit
1277 481 1294 518 :
1333 478 1378 518 et
1431 466 1584 519 homo
1620 467 1780 531 Deus,
1827 484 1930 519 non
1964 475 2213 533 tanquam
2245 482 2290 536 Α
2321 470 2440 522 dem
2488 483 2666 536 neque
2705 467 2899 522 Filium
2929 483 3138 534 verum,
3169 485 3344 540 neque
3378 471 3560 527 Deum
3596 487 3728 529 esse
3757 477 3915 533 dicis:

648 555 1208 624 incircumscriptibilis
1235 557 1431 623 factus,
1464 573 1553 608 nec
1576 559 1763 624 ubique
1787 559 2078 622 exsistens;
2107 572 2216 608 cor-

645 662 745 712 pus
789 647 923 697 enim
977 657 1087 699 erat
1126 657 1172 699 et
1205 657 1317 714 post
1359 651 1793 700 resurrectionem
1833 648 2118 715 palpabile,
2172 657 2220 722 et

649 733 752 784 tale
786 743 1046 800 receptum
1089 743 1162 787 est
1204 735 1258 788 in
1307 734 1514 800 calum,
1554 747 1598 788 et
1647 737 1722 791 sic
1759 738 1918 790 veniet
1966 738 2097 790 sicut
2130 753 2215 790 re-

649 832 851 891 ceptum
877 833 976 874 est.

1289 950 1564 990 CYRILLUS.

718 1039 858 1094 Ecce
905 1040 1060 1108 plane
1093 1049 1144 1096 et
1187 1045 1465 1099 evidenter
1494 1055 1684 1099 contra
1715 1046 1951 1100 divinam
1996 1048 2214 1116 quidem

650 1130 818 1186 fertur
857 1133 1232 1203 Scripturam;
1288 1138 1544 1204 reprobat
1596 1152 1726 1192 Vero
1767 1138 1965 1192 Christi
2025 1148 2222 1209 myste-

649 1225 810 1289 rium,
852 1235 906 1279 et
947 1227 1099 1294 quasi
1137 1227 1374 1296 increpat
1419 1227 1584 1281 Demn
1614 1228 1878 1292 Verbum,
1915 1230 2060 1299 quod
2094 1245 2220 1298 pro-

648 1321 767 1380 pter
797 1329 895 1368 nos
923 1315 1350 1371 exinanitioncm
1377 1319 1487 1385 pati
1519 1319 1685 1372 voluit
1721 1336 1738 1385 ;
1788 1328 1842 1372 et
1870 1319 2012 1386 quod
2046 1319 2221 1372 factus

644 1414 731 1454 est
765 1403 944 1466 homo,
979 1406 1310 1460 contristare
1350 1408 1580 1462 videtur.
1619 1408 1885 1462 lnterimit
1919 1409 2062 1463 enim
2105 1423 2222 1462 om-

645 1495 778 1548 nino
823 1496 1302 1562 humanationem,
1348 1509 1402 1552 et
1445 1499 1708 1555 adversus
1758 1499 2082 1553 inell‘abilem
2134 1515 2224 1552 sa-

644 1587 904 1654 pientiam
945 1589 1156 1644 extollit
1197 1606 1281 1652 se,
1339 1605 1476 1658 pene
1520 1590 1950 1664 dicensJudaice
1979 1591 2219 1645 Omnium

643 1685 893 1730 nostrmn
935 1677 1201 1732 Salvatori
1251 1680 1471 1736 Christo
1504 1699 1518 1734 :
1569 1699 1587 1732 ι
1638 1681 1710 1735 De
1742 1681 1883 1734 bono
1921 1696 2083 1751 opere
2116 1698 2220 1736 non

644 1777 696 1819 te
728 1767 1052 1835 lapidamus,
1083 1771 1176 1822 sed
1208 1773 1271 1824 de
1313 1772 1666 1840 blasphemia,
1696 1774 1835 1842 quod
1864 1784 1939 1839 tu,
1980 1791 2104 1828 cum
2144 1775 2220 1828 sis

643 1855 835 1920 homo,
861 1856 995 1910 facis
1032 1867 1082 1912 te
1117 1860 1282 1912 Deum
1321 1861 1408 1912 ¹⁷⁶.
1450 1881 1465 1910 ι
1507 1861 1706 1915 Audiat
1746 1864 1908 1932 igitur
1939 1866 2214 1918 dicentem
2249 1864 2291 1917 Β

646 1954 831 2013 aperte
862 1960 877 1998 :
905 1963 924 1996 ι
967 1947 1020 2000 Si
1068 1949 1230 2018 igitur
1274 1966 1378 2003 non
1420 1951 1558 2005 facio
1587 1967 1748 2020 opera
1783 1954 1962 2010 Patris
1994 1957 2117 2018 mei,
2147 1971 2214 2009 ne

644 2037 775 2090 mihi
807 2040 1043 2105 credite;
1109 2041 1150 2094 si
1189 2057 1314 2095 vero
1343 2043 1505 2106 facio,
1560 2043 1685 2099 licet
1726 2047 1853 2100 mihi
1886 2048 2203 2100 noncreda-

646 2126 734 2190 tis,
782 2130 1034 2197 operibus
1082 2132 1216 2184 meis
1259 2135 1462 2187 credite
1499 2135 1564 2188 “'.
1615 2153 1632 2185 ι
1687 2135 1818 2189 Cum
1862 2139 2003 2189 enim
2050 2138 2216 2191 sciret

641 2221 786 2288 quod
827 2220 1007 2275 divina
1053 2223 1252 2277 virtute
1288 2233 1341 2275 et
1384 2235 1650 2290 potestate
1686 2229 1958 2289 utebatur,
1995 2237 2048 2280 et
2091 2242 2212 2280 cum

641 2313 980 2378 apparuisset
1016 2313 1176 2367 homo
1205 2315 1294 2367 Dei
1321 2313 1579 2379 Verbum,
1625 2315 1856 2384 abnegat
1886 2318 2058 2384 ipsum
2091 2330 2215 2370 esse

641 2401 832 2465 Demn,
865 2413 919 2455 et
955 2402 1003 2454 in
1039 2403 1256 2456 homine
1290 2406 1460 2473 magis
1483 2405 1752 2458 habitasse
1787 2407 1918 2459 dicit
1947 2421 2095 2468 eunt,
2146 2417 2207 2461 ut.

643 2489 737 2543 Dei
769 2491 1005 2544 Verbum
1040 2493 1197 2545 nobis
1223 2493 1490 2545 hominem
1537 2497 1846 2549 ostenderet
1876 2499 2207 2550 adorandum

641 2590 694 2633 et
732 2596 862 2649 pura
890 2582 1106 2637 deitatis
1133 2585 1503 2640 nominatione
1535 2588 1879 2644 honoratum.
1913 2589 2210 2644 Convictus

643 2671 808 2740 igitur
865 2682 948 2726 est
1001 2673 1280 2743 ignorasse
1342 2677 1564 2731 omnino
1633 2679 1887 2733 virtutem
1962 2682 2205 2750 mysterii

641 2762 866 2817 Christi.

1141 2878 1196 2934 4.
1231 2879 1314 2934 Ea:
1351 2880 1528 2933 eodem
1559 2880 1717 2934 libro.

1265 3007 1598 3047 THEODORUS.

715 3098 819 3155 Sed
863 3101 909 3153 si
956 3118 1102 3161 caro,
1146 3103 1292 3164 dicit,
1348 3113 1459 3156 erat
1509 3120 1627 3173 qua:
1670 3106 1924 3174 cruri/ica
1957 3122 2054 3171 est,
2082 3125 2214 3177 quo-

641 3191 797 3244 modo
843 3193 922 3244 sol
968 3193 1148 3245 radios
1196 3195 1404 3257 avertit,
1453 3205 1500 3249 et
1557 3197 1782 3250 tenebrae
1837 3211 2214 3267 occupaverunt
2243 3209 2285 3265 ε

639 3293 804 3335 totam
851 3293 1064 3347 terram,
1091 3294 1139 3337 et
1165 3294 1314 3338 terra:
1334 3298 1526 3351 motus,
1567 3296 1616 3340 et
1646 3298 1808 3356 petrtc
1848 3291 2215 3357 dirumpebnn-

643 3383 752 3437 tur,
781 3383 828 3427 et
867 3376 1062 3428 mortui
1101 3377 1437 3445 resurgebant
1473 3378 1513 3410 ¹⁹
1538 3380 1561 3432 ?
1591 3381 1730 3445 Quid
1764 3382 1924 3449 igitur
1947 3385 2130 3436 dicunt
2164 3393 2214 3437 et

642 3467 707 3518 tle
747 3468 971 3520 tenebris
993 3468 1045 3520 in
1094 3469 1328 3538 /Egypto
1376 3471 1533 3535 factis
1588 3475 1681 3527 sub
1727 3484 1955 3542 tempore
2005 3477 2214 3534 Mosis:

642 3573 747 3610 non
795 3558 847 3610 in
893 3559 1062 3612 tribus
1099 3560 1279 3626 horis,
1309 3567 1398 3615 sed
1433 3567 1484 3616 in
1515 3565 1682 3617 tribus
1723 3566 1904 3619 diebus
1938 3569 2029 3620 ὀἳ
2067 3569 2212 3633 Quid

641 3661 759 3698 vero
789 3646 852 3699 de
885 3648 1009 3701 aliis
1038 3665 1131 3715 per
1164 3649 1346 3702 Mosen
1377 3651 1539 3720 [actis
1571 3655 1842 3707 miraculis
1868 3696 1881 3719 ,
1923 3666 1971 3708 et
2003 3674 2094 3723 per
2121 3656 2214 3711 Jc-

641 3753 756 3789 sunt
785 3737 952 3803 Nave,
1000 3741 1088 3810 qui
1126 3743 1289 3793 solent
1330 3754 1471 3797 stare
1500 3744 1626 3812 fecit
1650 3745 1716 3807 ²¹,
1742 3747 1834 3814 qui
1866 3746 1944 3799 sol
1971 3749 2064 3800 sub
2100 3765 2215 3817 rege

642 3824 873 3878 Ezechia
903 3835 951 3879 et
979 3837 1170 3894 praeter
1200 3840 1450 3882 naturam
1482 3843 1800 3886 retroversus
1825 3844 1896 3886 est
1929 3836 1972 3865 ’⁸
2001 3836 2022 3888 ?
2052 3834 2116 3887 Et
2151 3839 2213 3890 tte

642 3916 828 3971 Eliswi
859 3920 1132 3990 reliquiis,
1175 3939 1293 3988 quae
1346 3934 1617 3976 mortuum
1669 3927 2109 3980 resuscitaverunt
2136 3929 2216 3981 '3?

642 4009 701 4063 St
739 4011 877 4063 enim
927 4010 1088 4062 Deum
1127 4011 1344 4065 Verbum
1384 4031 1593 4080 passum
1631 4032 1741 4069 esse
1771 4017 2069 4082 ostendunt,
2098 4036 2215 4090 qua!

641 4100 698 4151 in
751 4109 981 4167 tempore
1018 4102 1188 4154 crucis
1230 4103 1374 4170 facta
1411 4114 1565 4170 sunt,
1609 4118 1655 4159 et
1707 4119 1915 4174 propter
1956 4108 2215 4163 hominem

643 4207 749 4242 non
801 4194 1084 4244 concedant
1132 4210 1194 4246 ea
1241 4195 1386 4263 facta
1435 4214 1545 4250 esse
1573 4211 1592 4249 :
1624 4209 1669 4251 et
1704 4214 1820 4266 qua:
1846 4202 1940 4252 sub
1989 4210 2216 4268 tempore

646 4282 812 4336 )losis
855 4296 1066 4352 propter
1107 4304 1268 4356 genus
1316 4289 1562 4353 Abrahw,
1611 4301 1657 4343 et
1703 4307 1820 4360 qua:
1858 4292 1952 4344 sub
1988 4304 2216 4360 tempore

643 4374 772 4426 Jesu
815 4373 962 4428 Nave
1001 4387 1046 4428 et
1100 4377 1341 4430 Irizecltia:
1371 4380 1505 4446 regis
1534 4396 1635 4432 non
1670 4391 1844 4435 erunt.
1886 4380 1944 4436 Si
1975 4399 2092 4435 vero
2118 4385 2216 4436 illa

642 4475 855 4530 propter
889 4467 1199 4520 Judtcorunt
1260 4471 1509 4536 populum
1553 4473 1821 4525 ntiracula
1867 4475 2013 4541 facta
2066 4486 2211 4537 sunt,

643 4556 810 4608 multo
853 4559 1017 4625 magis
1059 4574 1174 4625 qua:
1220 4562 1273 4611 in
1318 4577 1469 4612 cruce
1507 4571 1717 4631 propter
1758 4562 1855 4616 Dci
1901 4562 2048 4617 Verbi
2087 4574 2214 4617 tent-

643 4647 808 4712 plum.

1292 4778 1570 4817 CYmLLliS.

719 4908 737 4939 ι
769 4888 1137 4958 Stupefactum
1179 4905 1261 4948 est
1301 4894 1496 4949 callum
1544 4910 1705 4962 super
1751 4897 1874 4961 hoc,
1907 4909 1960 4951 et
1986 4908 2210 4952 contre-

644 4980 783 5033 muit
828 4980 1054 5045 amplius
1100 4985 1463 5050 vehementer,
1520 4986 1649 5038 dicit
1695 4985 1950 5040 Dominu's
1985 4989 2049 5041 ".
2091 5007 2108 5038 ι
2171 4988 2214 5042 Ο

646 5069 1044 5124 intolerabilem
1084 5074 1513 5141 malignitatem!
1558 5079 1600 5132 0
1626 5078 1860 5146 linguam
1904 5078 2212 5146 loquentem

647 5160 990 5228 iniquitatem
1021 5161 1280 5216 adversus
1310 5164 1494 5232 Deum,
1532 5180 1585 5222 et
1618 5179 1848 5222 mentem
1883 5168 1934 5222 in
1971 5169 2213 5222 altitudi-

647 5268 769 5307 nem
812 5268 981 5307 cornu
1031 5255 1415 5309 extollentem!
1468 5258 1663 5315 Parum
1692 5277 1814 5318 esse
1874 5263 1967 5318 tibi
2005 5262 2218 5315 videtttr

647 5343 864 5399 ailixum
898 5361 1019 5402 esse
1050 5346 1191 5418 ligno
1228 5347 1510 5402 Dominum
1543 5354 1762 5420 gloriae?
1797 5355 1962 5422 Quem
1997 5365 2048 5410 tu
2087 5355 2210 5424 qui-

722 5502 785 5532 "‘
817 5496 971 5554 Joan.
1013 5519 1066 5565 κ,
1102 5504 1191 5558 55.

1269 5504 1312 5538 ⁸⁸
1338 5503 1467 5558 ibid.
1503 5504 1590 5570 57,
1623 5507 1710 5559 38.

653 5587 743 5636 xx,
788 5569 876 5624 10.

951 5573 1086 5626 "IV
1117 5573 1248 5645 lleg.
1288 5591 1406 5638 xm,
1444 5575 1533 5629 2|.
1613 5576 1656 5605 "
1683 5575 1882 5632 Jerem.
1919 5596 1976 5645 ιι,
2013 5582 2090 5633 l2.

730 5729 808 5800 tl)
846 5728 924 5783 Al.
962 5747 1095 5799 cani,
1126 5731 1244 5786 scil.
1273 5734 1520 5803 gratiam.
1562 5733 1728 5788 llauo.

1789 5510 1828 5540 ¹⁹
1854 5511 2037 5565 Matth.
2061 5513 2227 5576 xxvii,
2258 5510 2448 5565 51-55.

2171 5585 2212 5615 ²³
2247 5584 2402 5637 l‘unn.
2448 5596 2484 5648 ι,
2516 5581 2567 5634 ὖ.

2323 572 2422 611 nos
2448 569 2624 610 autem
2662 559 2954 624 credimus,
2997 564 3139 629 quod
3168 575 3248 616 est
3279 579 3410 618 vere
3455 566 3644 620 Filius
3677 576 3735 619 et
3765 565 3919 634 Deus,

2323 658 2536 702 creator
2565 660 2617 701 et
2653 650 2828 716 opifex
2859 654 3121 707 ninnium.
3180 653 3368 724 Neque
3422 658 3581 711 enim
3619 668 3747 713 erat
3774 661 3922 716 homo

2323 741 2661 807 simpliciter,
2711 744 2803 796 sed
2841 745 2895 797 in
2928 745 3108 814 specie
3142 745 3405 813 humana,
3445 751 3547 819 qui
3600 761 3694 804 est
3720 767 3790 804 ex
3830 753 3926 807 Deo

2325 828 2484 884 Patre
2515 829 2653 884 Deus
2682 831 2952 886 Verbum:
3001 852 3102 888 non
3145 837 3572 891 translationem
3625 841 3718 892 vel
3764 851 3928 893 muta-

2327 921 2549 986 tionem,
2577 939 2694 988 quze
2727 935 2811 978 est
2832 926 2886 978 in
2920 942 3084 981 carne
3119 944 3334 996 passus,
3369 930 3569 984 unitus
3599 946 3740 985 vero
3765 934 3928 1001 magis

2325 1008 2374 1061 ei
2409 1013 2702 1064 secundum
2755 1013 2911 1068 tidem
2950 1031 3228 1070 sacrarum
3271 1016 3653 1073 Litterarum.
3706 1019 3815 1076 lste
3842 1025 3926 1091 qui

2325 1101 2378 1154 in
2410 1116 2575 1155 carne
2612 1118 2821 1168 passus,
2854 1116 2906 1158 et
2936 1121 3234 1176 Suspensus
3262 1111 3315 1163 in
3345 1110 3495 1181 ligno
3519 1121 3635 1176 est,
3663 1114 3928 1167 miracula

2326 1193 2454 1246 fecit
2480 1193 2531 1246 in
2564 1193 2820 1265 :‘Egypto,
2861 1198 2911 1250 in
2959 1200 3211 1254 onmibus
3241 1216 3338 1270 per
3377 1204 3710 1273 sapientem
3750 1204 3928 1259 Mosen

2325 1301 2478 1340 suam
2506 1288 2732 1357 gloriam
2769 1290 3146 1346 manifestans.

2826 1400 2881 1454 5.
2917 1399 3003 1454 Ea:
3031 1403 3212 1455 eodem
3237 1403 3395 1459 libro.

2952 1529 3290 1570 THEODORUS.

2395 1619 2581 1674 Gratia
2629 1619 2838 1686 Filius,
2880 1625 2972 1688 qui
3011 1641 3074 1678 ea:
3126 1626 3306 1680 Maria
3351 1639 3429 1681 est
3490 1628 3683 1696 Itonia,
3735 1639 3923 1684 natura

2323 1728 2441 1765 vero
2467 1711 2604 1765 Deus
2640 1711 2884 1768 Verbum.
2917 1713 3070 1779 Quod
3110 1733 3230 1770 vero
3261 1727 3336 1771 est
3369 1720 3702 1786 gratia,non
3729 1733 3922 1775 natura

2323 1814 2395 1856 est
2427 1818 2446 1856 .‘
2481 1814 2531 1856 et
2561 1806 2699 1874 quod
2730 1815 2807 1860 est
2842 1817 3062 1872 natura,
3117 1825 3220 1862 non
3246 1812 3449 1878 gratia,
3491 1828 3606 1866 non
3644 1816 3762 1866 duo
3801 1816 3918 1882 ﬁlii.

2321 1893 2551 1962 Suﬁiciat
2573 1898 2780 1962 corpori
2827 1899 2967 1968 quod
3001 1914 3066 1951 ea:
3106 1901 3254 1952 nobis
3297 1911 3398 1965 est,
3445 1905 3754 1956 secundum
3799 1922 3918 1974 gra-

2322 1983 2450 2034 tiam
2492 1982 2704 2050 ﬁliatio,
2763 1986 2974 2054 gloria,
3035 1987 3456 2056 immortalitas,
3505 2006 3618 2059 quo
3667 1994 3922 2060 templum

2321 2073 2419 2127 Dei
2460 2072 2609 2128 Verbi
2641 2077 2837 2144 factum
2871 2087 2989 2131 est:
3027 2094 3130 2131 non
3172 2096 3334 2148 supra
3367 2093 3625 2135 naturam
3654 2082 3912 2146 elevetur,

2321 2175 2368 2215 et
2399 2163 2534 2216 Deus
2574 2163 2795 2218 Verbum
2822 2183 2916 2235 pro
2941 2167 3114 2220 debita
3146 2185 3178 2220 a
3219 2171 3366 2222 nobis
3395 2174 3716 2240 gratiarum
3757 2175 3919 2226 actio-

2322 2269 2384 2306 ne
2417 2270 2516 2306 uon
2556 2256 2857 2324 injurietur.
2908 2256 2972 2311 Et
3017 2276 3137 2328 qua:
3177 2272 3251 2314 est
3294 2262 3499 2328 injuria
3529 2263 3556 2315 ?
3585 2263 3921 2332 Campanae

2321 2342 2494 2407 ipsum
2537 2360 2654 2395 cum
2701 2362 2940 2414 corpore,
2996 2360 3042 2400 et
3105 2361 3292 2415 putare
3347 2366 3466 2402 eum
3512 2353 3589 2403 ad
3626 2353 3921 2420 perfectas-

2320 2432 2636 2500 ﬁliutionem
2671 2438 2903 2504 corporis
2935 2438 3188 2506 indigere.
3221 2438 3407 2506 Neque
3440 2441 3555 2506 ipse
3585 2441 3740 2495 Deus
3795 2442 3915 2496 Ver-

2321 2522 2442 2574 bum
2479 2521 2582 2574 vult
2614 2524 2837 2591 seipsum
2885 2523 3087 2578 Filium
3119 2526 3287 2579 David
3319 2544 3452 2593 esse,
3477 2531 3574 2582 sed
3601 2529 3878 2587 Dominus
3904 2548 3922 2587 ε

2320 2630 2508 2681 corpus
2553 2631 2670 2669 vero
2720 2618 2896 2669 vocari
2943 2617 3116 2685 ﬁlium
3157 2619 3366 2686 David,
3423 2638 3530 2676 non
3597 2623 3778 2680 solum
3819 2641 3922 2680 non

2319 2707 2504 2759 inuidit
2524 2745 2539 2772 ,
2570 2707 2662 2760 sed
2685 2711 2842 2762 etiam
2873 2721 3086 2779 propter
3113 2711 3212 2765 hoc
3245 2715 3509 2782 pervenit.

2967 2856 3254 2900 CYRILLUS.

2392 2969 2534 3039 Ergo
2581 2973 2839 3040 quoniam
2889 2975 3030 3042 quod
3083 2984 3169 3029 est
3221 2976 3422 3045 gratia,
3453 2993 3564 3033 non
3599 2989 3831 3048 natura,
3863 2994 3914 3038 et

2323 3061 2463 3128 quod
2497 3072 2582 3114 est
2623 3071 2840 3127 natura,
2869 3081 2974 3116 non
3003 3066 3174 3134 gratia
3199 3109 3212 3131 ,
3247 3083 3356 3121 non
3389 3081 3522 3126 sunt
3545 3071 3648 3126 ﬁlii
3689 3074 3802 3128 duo
3830 3091 3911 3130 se-

2325 3154 2556 3206 cundum
2590 3163 2732 3208 tuam
2773 3157 3058 3211 rationem.
3093 3155 3195 3222 Qui
3235 3160 3410 3229 gratia
3453 3164 3688 3230 quidem
3720 3176 3778 3218 et
3810 3182 3910 3218 non

2323 3256 2514 3299 natura
2574 3246 2743 3304 Filius
2775 3259 2876 3314 est,
2916 3266 3019 3304 non
3056 3261 3137 3304 est
3173 3266 3300 3306 vere
3325 3253 3494 3318 titius,
3534 3269 3798 3320 superest
3825 3274 3914 3311 au-

2321 3344 2424 3387 tem
2474 3345 2530 3388 ut
2574 3347 2744 3389 staret
2789 3352 2928 3391 veru:
2974 3339 3252 3393 ﬁliationis
3285 3341 3457 3410 gloria
3499 3343 3554 3395 in
3597 3360 3668 3398 eo
3697 3348 3796 3414 qui
3836 3359 3913 3398 est

2319 3435 2508 3478 natura
2536 3435 2589 3479 et
2622 3440 2727 3480 non
2769 3428 2962 3495 gratia,
2999 3429 3051 3480 id
3083 3439 3188 3495 est,
3233 3432 3286 3484 iu
3319 3432 3426 3486 Deo
3459 3433 3674 3498 Verbo,
3713 3437 3807 3504 qui
3839 3447 3914 3487 est

2318 3532 2383 3570 ex
2412 3516 2519 3570 Deo
2564 3517 2751 3572 Patre.
2803 3519 3070 3587 Expulsus
3110 3521 3408 3589 estigitur,
3444 3524 3600 3576 sicut
3635 3527 3774 3588 dixi,
3805 3540 3915 3578 esse

2317 3623 2370 3665 ct
2392 3613 2494 3665 dici
2518 3612 2685 3668 Filius
2715 3615 2806 3668 Dei
2835 3616 3082 3668 Christus
3102 3613 3282 3676 Jesus,
3317 3629 3413 3682 per
3439 3631 3612 3683 quem
3656 3627 3711 3670 et
3751 3617 3906 3670 επιιὶ-

2320 3702 2461 3756 ﬁcati
2496 3719 2702 3765 sumus,
2759 3716 2985 3759 mortem
3029 3705 3145 3771 ejus
3186 3707 3612 3768 annuntiantes,
3655 3717 3711 3760 et
3745 3705 3910 3761 contio

2320 3805 2495 3850 tentes
2549 3798 3022 3850 resurrectionem.
3073 3796 3306 3850 Verbum
3370 3799 3522 3851 enim
3589 3800 3721 3854 ﬁdei
3771 3799 3902 3868 quod

2319 3887 2692 3954 praedicamus,
2744 3888 2809 3939 ad
2855 3887 3012 3939 istam
3044 3902 3142 3940 nos
3187 3887 3600 3943 confessimiem
3641 3892 3906 3959 producit.

2318 3975 2457 4044 Ergo
2505 3977 2556 4028 in
2597 3976 2866 4028 hominem
2915 3978 3046 4031 lides
3092 3986 3197 4042 est,
3229 3987 3284 4032 et
3320 3994 3425 4031 non
3475 3983 3531 4031 in
3576 3995 3713 4034 eum
3748 3985 3912 4052 quiet

2318 4077 2507 4119 matura
2540 4078 2592 4121 et
2623 4084 2748 4121 vere
2786 4069 2876 4122 Dei
2925 4068 3092 4122 Filius
3145 4078 3246 4123 est.
3299 4071 3354 4122 Si
3393 4070 3545 4122 enim
3578 4089 3782 4128 verum
3819 4085 3914 4136 est,

2319 4158 2408 4226 qui
2446 4159 2575 4211 dicit
2623 4161 2795 4226 gratia
2855 4161 3172 4214 liliatiunem
3229 4163 3486 4216 sortitum
3546 4182 3681 4221 esse
3725 4171 3912 4237 ipsum,

2321 4247 2648 4300 multitudini
2691 4249 2920 4300 liliorum
2957 4253 3464 4316 commmerabitur,
3515 4254 3574 4307 id
3624 4267 3717 4310 cst
3751 4259 3914 4316 nobis,

2319 4333 2516 4401 quibus
2543 4348 2770 4401 superna
2806 4340 2975 4404 gratia
3009 4339 3322 4392 tiliationcm
3355 4341 3554 4405 donat,
3599 4362 3618 4394 ε
3660 4351 3729 4400 ad
3763 4362 3913 4416 quam

2319 4425 2493 4477 vocati
2538 4441 2721 4478 smnus
2752 4442 2847 4494 per
2891 4427 3070 4483 Jesum
3120 4429 3423 4495 Christum,
3464 4434 3563 4499 qui
3601 4451 3670 4490 ex
3714 4439 3916 4492 semine

2248 4545 2290 4598 Β
2323 4515 2486 4567 David
2532 4526 2615 4569 est
2656 4518 2948 4571 secundum
2998 4534 3219 4574 carnem
3253 4521 3318 4572 “.
3358 4540 3377 4572 ι
3414 4523 3478 4576 Ει
3508 4537 3736 4582 certum
3766 4541 3816 4582 te
3844 4529 3915 4581 is-

2317 4609 2426 4661 ciat
2466 4609 2650 4662 dicens
2706 4609 2922 4663 divinus
2951 4613 3324 4681 evangelista:
3361 4631 3380 4663 ι
3422 4614 3530 4680 Qui
3586 4633 3732 4673 vero
3763 4635 3912 4673 aereo

2318 4709 2510 4765 perunt
2534 4715 2654 4752 eum
2687 4701 2786 4770 (1),
2819 4701 2964 4753 dedit
2992 4704 3071 4755 eis
3096 4713 3420 4770 potestatem
3459 4707 3612 4762 lilios
3647 4709 3749 4763 Dei
3786 4711 3912 4771 fieri,

2318 4788 2664 4844 credentibus
2706 4794 2756 4844 in
2791 4793 3010 4846 nomine
3044 4793 3180 4861 ejus.
3223 4812 3239 4842 ι
3271 4795 3476 4847 Deinde
3509 4803 3803 4863 quomodo
3833 4802 3912 4867 qui

2319 4878 2386 4930 ab
2416 4881 2583 4932 altero
2622 4883 2799 4934 datam
2839 4884 3154 4951 dignitatem
3212 4886 3494 4939 ﬁliationis
3537 4895 3787 4945 sortitus
3816 4903 3908 4957 est,

2319 4977 2373 5018 et
2400 4968 2551 5020 nobis
2595 4969 2724 5034 ipsis
2767 4971 2970 5025 donare
3016 4991 3118 5025 non
3164 4988 3316 5026 suam
3349 4977 3556 5045 magis,
3591 4987 3693 5034 sed
3731 4984 3908 5051 acqui-

2319 5055 2474 5108 sitam
2505 5058 2927 5114 ci.cxtrinsecus
2951 5064 3223 5130 gratiam?

2394 5167 2458 5218 Et
2486 5177 2599 5234 post
2630 5187 2799 5237 pauca
2827 5187 2845 5226 :
2880 5173 3034 5227 Dedit
3074 5175 3311 5244 seipsum
3351 5180 3402 5233 in
3435 5188 3902 5239 examinationem

2320 5262 2510 5328 Filius,
2557 5275 2610 5316 ct
2652 5280 2770 5319 cum
2800 5267 2850 5320 in
2881 5271 3134 5324 omnibus
3180 5284 3326 5328 esset
3374 5276 3695 5344 perfectus,
3751 5280 3902 5333 voluit

2320 5353 2428 5424 pati
2462 5355 2847 5424 humilitatem,
2892 5369 2946 5414 et
2984 5365 3281 5420 secundum
3326 5380 3557 5422 carnem
3588 5387 3657 5423 ex
3686 5371 3902 5424 muliere

2527 5509 2764 5597 ξοΕωά.
2797 5529 2854 5580 x,
2890 5515 2980 5572 22.
3061 5519 3103 5550 ²¹
3133 5515 3296 5575 Josue
3322 5536 3378 5586 ι,
3417 5522 3506 5576 12.
3591 5527 3636 5558 ³³
3664 5525 3736 5580 IV
3769 5528 3892 5597 Heg.
