4042 6458
172 368 308 424 “lsi

1378 360 1799 416 FRAGMENTA
1845 359 1973 414 DOG
1984 358 2266 415 MATICA.

3297 365 3435 420 1442

173 487 449 543 sustinere
484 487 848 552 nativitatem,
877 494 931 539 et
974 484 1270 554 appellatus
1296 493 1380 537 est
1408 484 1549 535 ﬁlius
1577 483 1752 535 Abra-
1784 486 1826 540 Α
1858 494 1975 532 rum
2037 480 2404 547 apostolorum
2456 489 2510 534 et
2563 481 3016 550 evangelistarum
3092 484 3435 553 impudenter

138 608 141 611 ι
176 579 260 632 ha:
287 586 341 631 et
378 578 569 634 David.
613 580 728 635 Non
763 579 992 632 miratus
1018 594 1075 631 es
1104 586 1210 631 tam
1245 578 1442 631 honmn
1470 576 1750 644 dispensa-

177 668 343 724 tionis
393 672 709 733 artiﬁcium,
762 670 935 739 magis
984 685 1114 724 vero
1154 666 1506 737 reprehendis
1550 675 1753 736 myste-

178 761 320 813 rium
360 780 373 816 :
417 762 670 829 injuriant
713 775 834 815 esse
870 762 1055 816 dicens
1090 760 1516 814 incarnationem
1549 757 1750 827 Unige-

177 852 304 917 niti,
348 854 601 924 inerepas
657 854 941 908 consilium
991 854 1087 908 Dei
1129 861 1183 906 et
1219 851 1399 904 Patris
1444 870 1455 905 :
1493 852 1752 907 inclamas

174 958 307 999 vero
338 947 498 999 etiam
537 946 710 1012 ipsum
744 944 962 1009 Filimu,
997 944 1087 1013 qui
1126 944 1233 1011 pati
1266 943 1433 995 voluit
1458 952 1674 1011 propter
1701 951 1753 994 te

174 1036 627 1090 exinanitionem.
675 1035 809 1091 Cum
862 1038 1025 1105 igitur
1072 1034 1312 1087 audieris
1367 1035 1634 1089 dicentem
1685 1035 1751 1086 ad

152 1127 453 1179 .caelestem
490 1127 702 1181 l'atrem
748 1138 802 1182 ct
852 1129 1043 1181 Deum.
1081 1143 1099 1177 ι
1143 1125 1481 1179 Sacriﬁcium
1516 1136 1570 1179 et
1604 1124 1752 1177 obla-

176 1216 379 1269 tionem
430 1219 684 1283 noluisti,
764 1218 1077 1272 holocausta
1139 1226 1193 1269 et
1238 1232 1333 1284 pro
1385 1216 1580 1268 delicto
1642 1230 1747 1268 non

173 1313 488 1376 postulasti,
519 1326 714 1380 corpus
740 1318 917 1362 autem
944 1309 1216 1375 perlecisti
1250 1309 1378 1361 mihi
1417 1327 1429 1361 :
1462 1317 1571 1361 tum
1602 1307 1751 1361 dixi:

172 1397 313 1453 Ecce
349 1402 552 1454 venio:
588 1399 639 1451 in
692 1398 869 1465 capite
926 1396 1049 1457 libri
1098 1399 1360 1467 scriptum
1412 1406 1494 1450 est
1526 1397 1590 1449 de
1644 1411 1749 1461 me,

173 1501 233 1540 ut
264 1487 457 1542 faciam
501 1488 832 1539 voluntatem
864 1496 1031 1551 tuam,
1088 1488 1245 1549 Deus,
1296 1485 1438 1540 volui
1472 1487 1555 1552 ";
1588 1504 1607 1536 ι
1649 1503 1750 1540 non

175 1592 324 1635 recta
370 1579 611 1648 cogitare
655 1579 881 1631 forsitan
926 1577 1120 1631 Filiqu
1156 1579 1223 1633 de
1257 1594 1350 1632 sua
1381 1578 1550 1646 gloria
1586 1579 1750 1632 dices.

170 1673 351 1742 Elegit
378 1675 520 1725 enim
548 1671 793 1739 corporis
830 1669 1237 1740 perfectionem,
1286 1682 1339 1724 et
1371 1685 1475 1723 non
1511 1670 1598 1721 alii
1637 1686 1753 1723 ma-

171 1768 257 1836 gis
289 1765 509 1825 factam,
539 1764 630 1817 sed
658 1763 761 1816 sibi
799 1762 1094 1817 secundum
1136 1763 1299 1814 verba
1337 1760 1750 1830 ipsius,Corpus

169 1858 310 1910 enim
342 1854 787 1920 perfecisti,.dicit
825 1870 839 1907 :
874 1852 1001 1906 licet
1030 1852 1268 1906 audieris
1308 1851 1534 1905 Paulum
1561 1854 1748 1905 dicen-

170 1958 282 2001 tem
340 1945 406 1999 de
443 1946 550 2000 Deo
599 1946 776 2000 Verbo
825 1962 895 1999 ει
940 1943 1082 2014 Ergo
1130 1944 1255 2011 quia
1321 1943 1413 1997 ﬁlii
1462 1944 1754 2013 participes

172 2047 307 2093 sunt
332 2038 615 2106 sanguinis
644 2047 697 2091 et
730 2036 937 2097 carnis,
965 2046 1018 2088 et
1061 2037 1175 2104 ipse
1200 2036 1450 2089 similiter
1482 2037 1754 2104 particeps

168 2128 353 2183 factus
384 2139 468 2182 est
511 2133 827 2184 earumdem
863 2130 950 2193 ";
993 2148 1009 2179 ι
1050 2138 1105 2182 et
1149 2130 1228 2182 sic
1274 2130 1489 2197 sapiens
1516 2128 1752 2184 Joannes

168 2222 365 2275 scribit
399 2238 411 2273 :
452 2240 471 2273 ι
515 2222 578 2276 Et
610 2223 844 2276 Verbum
888 2237 1015 2275 caro
1041 2222 1240 2275 factum
1270 2229 1374 2282 est,
1405 2231 1457 2275 et
1488 2222 1754 2275 habitavit

169 2316 222 2368 in
256 2314 412 2368 nobis
443 2315 525 2380 ";
556 2334 575 2367 ι
613 2330 773 2383 surge
798 2326 984 2368 contra
1023 2328 1117 2367 eos
1151 2314 1435 2367 clamans:
1486 2313 1609 2367 Non
1656 2330 1750 2380 pro

167 2407 346 2459 debita
389 2408 688 2473 gratiarum
732 2406 941 2460 actione
980 2421 1011 2457 a
1057 2404 1209 2457 nobis
1252 2404 1559 2473 injurictur,
1613 2403 1751 2456 Deus

182 2496 407 2551 Verbum
432 2515 533 2551 non
559 2498 736 2567 [actus
770 2508 844 2551 est
876 2513 1021 2561 caro,
1052 2496 1186 2550 Deus
1234 2494 1457 2550 Verbum
1491 2514 1592 2549 non
1624 2511 1752 2563 pur-

166 2588 332 2652 ticeps
379 2588 475 2653 fuit
524 2603 637 2640 vere
679 2587 951 2655 sanguinis
990 2598 1036 2637 et
1077 2587 1250 2637 carnis
1277 2602 1297 2639 :
1327 2586 1571 2637 similiter
1605 2585 1752 2636 nobis

167 2694 275 2731 non
305 2686 459 2731 natus
487 2689 563 2731 est
585 2680 872 2731 secundum
911 2693 1118 2730 carnem
1153 2693 1217 2729 ea:
1243 2676 1479 2737 muliere,
1522 2691 1624 2727 non
1658 2692 1753 2741 ap-

162 2769 394 2838 pellatus
416 2778 490 2823 est
518 2769 662 2836 ﬁlius
703 2768 895 2821 David.
925 2766 1041 2821 Hoc
1074 2768 1232 2831 enim,
1264 2767 1403 2836 quod
1432 2775 1481 2820 et
1508 2766 1751 2818 nomina-

163 2860 213 2911 ri
254 2876 371 2911 eunt
438 2860 695 2928 injurium
744 2872 838 2922 est,
883 2870 930 2912 et
967 2875 1068 2911 non
1099 2858 1387 2910 secundum
1435 2857 1749 2913 uoluntatem

162 2950 356 3018 ipsius,
394 2950 653 3017 quomodo
688 2951 801 3018 pati
834 2950 1129 3005 voluisset?
1160 2950 1263 3004 Sed
1298 2965 1418 3015 nos,
1449 2966 1482 3002 υ
1512 2952 1746 3018 sapiens,

163 3041 476 3112 gloriﬁcare
509 3042 895 3097 consuevimus
929 3044 1095 3096 Deum
1119 3052 1174 3097 et
1199 3042 1438 3105 Patrem,
1470 3042 1596 3110 quia
1623 3057 1747 3095 cor-

1861 570 2219 623 resistcntia?
2265 570 2645 625 Recnsandum
2695 572 2856 640 igitur
2887 591 2981 629 eos
3007 576 3097 646 qui
3134 585 3242 630 tam
3276 576 3435 632 [nalis

1858 660 2031 728 culpis
2082 662 2298 716 obnoxii
2350 673 2496 727 sunt,
2543 664 2655 718 sive
2684 667 2735 716 in
2775 666 2911 720 vivis
2953 676 3098 734 sunt,
3145 667 3258 722 sive
3302 681 3428 721 non.

1858 752 1940 805 Ab
1974 751 2063 805 illo
2087 754 2231 806 enim
2266 754 2407 823 quod
2443 767 2619 819 nocet,
2652 757 2904 811 recedere
2927 762 3290 815 necessarium
3313 767 3431 822 est;

1856 856 1909 898 et
1954 846 2159 899 nonad
2206 861 2495 917 personam
2540 849 2833 917 respicere‘,
2892 852 2987 904 sed
3040 851 3094 905 id
3142 852 3284 921 quod
3324 853 3434 907 Deo

1858 939 2057 1006 placet,
2090 950 2303 1009 oportet
2334 942 2702 997 considerare.

2234 1055 2284 1108 7.
2314 1053 2399 1108 E1:
2428 1055 2657 1109 secundo
2685 1056 2817 1109 libro
2842 1056 3051 1125 Cyrilli.

2479 1184 2816 1224 THEODORUS.

1933 1320 1951 1353 ι
1991 1300 2127 1368 Quid
2162 1313 2242 1357 est
2274 1307 2431 1357 homo
2458 1306 2601 1373 quod
2648 1318 2853 1359 memor
2883 1321 2941 1360 es
2972 1306 3088 1373 ejus
3117 1307 3141 1361 ?
3170 1317 3261 1362 aut
3291 1309 3433 1366 ﬁlius

1858 1396 2112 1457 hominis,
2151 1398 2292 1465 quod
2331 1398 2518 1451 visitas
2548 1414 2670 1451 eum
2698 1398 2784 1450 3°?
2825 1418 2841 1449 ι
2880 1398 3289 1456 Consideremns
3324 1404 3431 1472 igi-

1858 1502 1963 1549 tur,
2017 1489 2133 1553 quis
2185 1490 2338 1541 homo
2385 1491 2483 1552 sit,
2533 1492 2597 1543 de
2647 1508 2752 1559 quo
2791 1494 3033 1557 stupescit
3087 1502 3132 1546 et
3183 1494 3431 1559 miratur,

1855 1583 1994 1649 quod
2049 1580 2357 1649 L’nigenitus
2401 1584 2647 1651 dignatus
2698 1593 2769 1636 est
2810 1583 2924 1651 ejus
2966 1586 3269 1638 memoriam
3314 1587 3438 1638 cisi-

1859 1674 2216 1741 tationemque
2274 1674 2468 1740 facere.
2522 1674 2626 1728 Sed
2666 1676 2803 1739 quod
2855 1677 3060 1744 quidem
3100 1692 3203 1730 non
3236 1678 3435 1730 dictum

1857 1774 1929 1816 est
1984 1768 2046 1817 de
2089 1766 2265 1828 omni,
2327 1771 2382 1817 in
2436 1768 2792 1831 superioribus
2846 1768 3267 1820 demonstratum
3319 1781 3435 1822 est:

1853 1858 1994 1923 quod
2029 1868 2204 1910 autem
2242 1875 2342 1910 non
2372 1860 2436 1911 de
2472 1876 2575 1911 uno
2615 1861 2867 1927 quolibet,
2900 1868 2949 1913 et
2980 1860 3077 1913 hoc
3107 1872 3303 1914 certum
3331 1873 3431 1915 est.

1858 1946 1923 2001 Ut
1970 1958 2143 2001 autem
2195 1951 2370 2002 omnia
2429 1950 2936 2017 praetermittamus,
2992 1953 3130 2020 quod
3194 1952 3437 2006 omnibus

1854 2036 2157 2090 credibilius
2188 2048 2284 2103 est,
2318 2040 2662 2106 apostolicum
2702 2042 3057 2096 testimonium
3086 2045 3432 2111 excipiamus.

1856 2126 2046 2179 Scribit
2104 2129 2268 2196 igitur
2322 2129 2608 2196 Apostolus
2657 2132 2726 2182 ad
2774 2128 3044 2195 Hebraos,
3096 2151 3321 2188 narrans
3372 2138 3436 2187 de

1856 2216 2086 2281 Christo,
2121 2235 2510 2290 personamque
2540 2237 2690 2273 suam
2725 2238 2827 2274 non
2873 2224 3245 2290 acceptabilem
3293 2226 3435 2291 apud

1853 2326 1939 2362 eos
1974 2309 2313 2377 conﬁrmans,
2340 2312 2415 2364 ita
2444 2312 2609 2375 dicit;
2638 2313 2954 2380 testiﬁcatus
2984 2325 3057 2367 est
3085 2332 3204 2368 vero
3228 2315 3429 2369 alicubi

1852 2403 2069 2471 quidam
2104 2401 2322 2455 dicens:
2360 2422 2376 2451 ‹
2415 2404 2553 2469 Quid
2602 2414 2685 2458 est
2737 2404 2897 2458 homo
2927 2408 3067 2473 quod
3114 2422 3323 2461 memor
3376 2425 3435 2463 es

1852 2492 1989 2558 ejus,
2053 2502 2146 2545 aut
2186 2492 2327 2548 ﬁlius
2358 2495 2615 2557 hominis,
2663 2498 2804 2565 quod
2851 2498 3041 2551 visitas
3072 2499 3237 2552 eum?
3271 2500 3437 2553 Mino-

1856 2585 1982 2636 rasti
2011 2596 2134 2636 eum
2167 2584 2325 2650 paulo
2356 2586 2536 2639 minus
2570 2586 2637 2640 ab
2671 2588 2913 2657 angelis,
2950 2590 3114 2658 glOr-ia
3144 2601 3195 2643 et
3230 2592 3437 2647 honore

1852 2676 2125 2727 coronasti
2158 2690 2307 2738 eum,
2336 2684 2391 2729 et
2412 2678 2745 2731 constituisti
2775 2694 2897 2732 eum
2934 2696 3095 2749 supra
3135 2698 3301 2751 opera
3329 2699 3437 2737 ma-

1852 2780 2020 2817 nuum
2083 2777 2349 2820 tuarum:
2415 2769 2597 2821 omnia
2672 2768 2951 2836 subjecisti
3023 2774 3124 2825 sub
3203 2775 3433 2843 pedibus

1852 2857 1966 2922 ejus
1999 2856 2041 2887 ³¹
2070 2873 2083 2920 ;
2116 2876 2133 2907 ι
2163 2867 2209 2909 et
2240 2874 2358 2910 cuin
2388 2859 2745 2912 testimonium
2781 2862 3029 2926 dixisset,
3082 2864 3433 2933 interpretum

1852 2946 2021 3013 ipsum
2069 2949 2247 3002 intulit
2287 2965 2305 3003 .'
2344 2968 2362 3001 ε
2399 2949 2752 3019 Subjiciendo
2803 2963 2985 3007 autem
3038 2955 3245 3020 omnia,
3297 2958 3433 3011 nihil

1850 3037 2187 3093 dimisitnon
2224 3041 2546 3107 subjectum.
2599 3042 2755 3097 Modo
2802 3054 2981 3098 autem
3013 3048 3248 3100 nondum
3288 3049 3435 3103 vide-

164 3150 269 3203 pus
300 3132 592 3202 perfecerit
628 3132 806 3190 Filio:
841 3142 896 3188 et
928 3135 1101 3204 ipsum
1128 3149 1257 3189 vero
1287 3134 1515 3187 dicimus
1550 3132 1742 3187 Filium
1773 3168 1815 3226 ο
1854 3143 1971 3181 mus
1994 3133 2175 3182 omnia
2212 3130 2258 3183 ei
2302 3130 2544 3199 subjecta
2584 3131 2651 3184 ³³.
2700 3150 2717 3181 ι
2775 3130 2838 3183 Et
2868 3135 2980 3202 quis
3009 3135 3162 3187 homo
3198 3147 3293 3198 est,
3337 3139 3432 3188 do-

160 3224 367 3277 !actum
414 3237 669 3288 carnem,
718 3225 767 3279 id
806 3235 891 3280 est
936 3225 1230 3291 hominem,
1270 3239 1484 3294 passum
1525 3224 1743 3293 quidem

159 3301 288 3366 esse
317 3325 542 3383 propter
578 3330 677 3369 nos
705 3316 1158 3381 exiuanitionem,
1196 3324 1251 3369 et
1282 3325 1482 3370 nostra:
1514 3330 1746 3385 pauper-

162 3405 296 3459 tatis
325 3406 537 3460 subisse
576 3407 961 3471 humilitatem,
996 3408 1369 3476 permansisse
1403 3422 1531 3460 vero
1577 3416 1631 3459 ct
1668 3407 1746 3460 sic

164 3495 361 3558 Deum,
410 3508 464 3551 et
503 3497 700 3550 Filium
736 3512 924 3551 verum
966 3498 1058 3552 Dei
1101 3508 1155 3552 et.
1208 3496 1410 3551 Patris.
1465 3500 1746 3564 Quomodo

162 3588 333 3656 igitur
366 3604 471 3643 non
520 3589 684 3643 voluit
729 3590 898 3643 Filius
933 3590 1205 3644 nominari
1240 3590 1434 3657 David,
1466 3592 1512 3645 si
1551 3592 1744 3645 lnnna-

161 3690 327 3733 natus
356 3690 458 3745 est,
492 3688 547 3734 et
578 3681 679 3734 hoc
704 3696 810 3734 non
846 3682 1094 3735 invitus?

158 3791 216 3846 6.
247 3790 333 3845 Ea:
364 3792 540 3864 primo
569 3792 954 3864 libro__sanctaz
1005 3797 1273 3849 memoria:
1321 3795 1531 3864 Cyrilli,
1580 3798 1644 3852 de
1683 3816 1741 3853 eo

230 3862 371 3930 quod
407 3879 541 3915 unus
576 3873 650 3917 est
677 3861 939 3931 Christus,
982 3875 1163 3919 contra
1202 3861 1547 3922 Theodorum.

233 3975 371 4031 Sunt
408 3976 588 4040 enim,
630 3986 755 4032 sunt
790 3980 879 4046 qui
918 3978 1338 4051 Redemptorem
1372 3996 1426 4039 et
1456 3987 1739 4040 Dominum

150 4084 321 4123 suum
358 4079 579 4141 negant,
629 4079 683 4126 et
716 4071 929 4126 Filium.
951 4075 1173 4142 quidem
1206 4092 1395 4131 verum
1423 4079 1513 4131 Dei
1561 4078 1740 4135 Patris

153 4176 269 4217 non
291 4161 477 4216 dicunt
509 4178 630 4218 eum
660 4178 803 4227 esse,
839 4164 931 4233 qui
968 4166 1018 4218 in
1056 4165 1264 4221 ultimis
1322 4169 1503 4221 saeculi
1533 4180 1740 4239 tempo-

154 4253 315 4309 ribus
364 4269 427 4309 ει
477 4254 707 4310 muliere
767 4257 1063 4309 secundum
1115 4270 1338 4311 carnem
1398 4262 1738 4316 nativitatem

151 4352 384 4413 pr0pter
432 4358 530 4399 nos
585 4345 882 4409 sustinuit,
957 4346 1274 4413 apparuisse
1324 4358 1503 4403 autem
1566 4352 1738 4420 magis

152 4435 282 4490 orbi
337 4444 603 4488 terrarum
661 4435 829 4489 Deum
877 4445 1148 4490 recentem
1183 4447 1237 4491 et
1263 4452 1560 4507 posterum,
1598 4445 1737 4497 ﬁlis-

152 4525 325 4580 tionis
383 4525 610 4594 gloriam
672 4528 1015 4580 extrinsecus
1067 4530 1393 4596 acquisitam
1450 4532 1736 4590 habentem

150 4616 304 4672 sicut
343 4622 398 4671 et
439 4630 557 4681 nos,
603 4626 659 4669 et
701 4618 854 4683 quasi
895 4619 1215 4686 quibusdam
1261 4621 1580 4677 adulterinis
1619 4627 1733 4696 glo-

153 4708 390 4761 riantem
437 4708 760 4772 honoribus,
817 4718 874 4762 ut
910 4709 1023 4778 jam
1059 4712 1484 4781 anthropolatria
1514 4725 1567 4769 et
1600 4718 1733 4772 nihil

148 4798 301 4852 aliud
344 4810 510 4863 esset,
554 4808 609 4854 et
658 4799 918 4854 adoretur
963 4800 1126 4857 homo
1165 4802 1361 4872 aliquis
1388 4820 1511 4859 eum
1539 4818 1725 4863 sancta

149 4890 421 4947 Trinitate
442 4901 553 4945 tam
584 4907 613 4945 a
645 4892 822 4955 nobis,
852 4908 1014 4963 quam
1041 4909 1069 4947 a
1095 4897 1301 4951 sanctis
1337 4898 1579 4969 angelis:
1618 4900 1735 4955 haec

150 4983 379 5053 quidam
422 4984 579 5037 valde
609 4984 849 5053 superbi,
883 4994 938 5038 et
968 5001 1163 5055 magna
1216 4988 1489 5057 sapientes
1514 4992 1564 5045 in
1591 4992 1731 5045 divi-

152 5088 349 5127 narum
400 5072 806 5142 Scripturarnm
852 5076 1111 5144 scientia,
1160 5080 1274 5133 suis
1322 5082 1541 5151 scriptis
1580 5084 1730 5140 inse-

153 5172 423 5217 ruerunt:
456 5173 511 5219 et
540 5164 682 5219 sicut
714 5165 847 5218 dicit
886 5167 1127 5220 omnium
1159 5166 1417 5223 Dominus
1448 5186 1727 5239 perunum

150 5263 471 5312 sanctorum
513 5257 919 5325 prophetarum,
963 5275 981 5307 ε
1026 5257 1273 5325 laqueum
1301 5262 1491 5313 statuit
1522 5264 1587 5315 ad
1613 5280 1735 5317 cor-

152 5345 483 5411 rumpendae
510 5347 757 5399 homines
787 5346 886 5399 ³⁸.»
930 5345 1067 5412 Quid
1087 5350 1229 5401 enim
1264 5350 1407 5404 aliud
1442 5352 1534 5413 sit,
1569 5368 1730 5424 quam

152 5436 386 5504 laqueus
431 5446 487 5490 et
526 5437 863 5502 scandalum,
910 5439 1093 5508 lingua
1139 5440 1360 5509 loquens
1396 5445 1643 5511 distorta,
1681 5458 1734 5501 et

151 5526 334 5581 sacris
380 5526 605 5583 Litteris
661 5529 1039 5597 abhorrentia,
1092 5543 1146 5586 et
1196 5534 1473 5590 traditioni
1511 5548 1730 5591 sancto-

230 5703 277 5735 ⁸⁸
300 5701 440 5759 Psal.
472 5720 660 5770 χχχιχ,
691 5706 808 5759 7-9.
838 5707 997 5761 llebr.
1034 5726 1107 5772 Ix.
1151 5711 1268 5765 6-9.

1345 5715 1389 5744 ³⁷
1414 5714 1577 5769 Hebr.
1600 5733 1655 5779 tl,
1688 5719 1773 5773 Η.

153 5771 205 5805 ³⁸
233 5772 376 5829 Psal.
418 5790 531 5842 \‘Ill,
560 5778 613 5829 6.
691 5778 728 5809 ³⁸
756 5778 885 5833 ibid.
924 5781 1047 5848 6-8;
1081 5771 1243 5837 llcbr.
1276 5801 1334 5853 tt,
1373 5785 1524 5857 6-8.,
1566 5787 1610 5819 ³¹
1634 5771 1763 5844 ibid.

1853 3236 1970 3274 cens
2002 3235 2117 3283 nos,
2154 3222 2403 3289 quoniam
2436 3222 2656 3274 dubium
2691 3232 2805 3275 erat
2848 3242 2879 3277 a
2926 3242 3045 3278 voce
3085 3229 3263 3295 posita
3290 3230 3433 3295 apud

1851 3312 2057 3362 beatum
2109 3310 2304 3374 David,
2355 3313 2532 3365 intulit
2574 3328 2595 3366 ε
2631 3333 2648 3365 ι
2696 3312 2865 3369 Paulo
2911 3327 3091 3373 autem
3142 3321 3324 3374 minus
3366 3324 3433 3375 ab

1850 3399 2059 3467 angelis
2099 3400 2427 3454 minoratum
2469 3403 2713 3458 videmus
2758 3403 2966 3471 Jesum,
3024 3420 3247 3479 propter
3306 3428 3430 3479 pas-

1850 3490 2056 3544 sionem
2113 3494 2303 3547 mortis
2357 3495 2526 3561 gloria
2582 3508 2635 3550 et
2691 3499 2901 3555 honore
2943 3513 3263 3555 coronatum
3302 3505 3364 3557 ³³.
3406 3525 3425 3556 ι

1850 3583 1910 3636 Si
1955 3585 2119 3653 igitur
2149 3602 2217 3639 ea:
2256 3586 2558 3659 Evangeliis
2606 3593 2815 3660 quidem
2872 3595 3169 3658 erudimur,
3216 3597 3285 3648 ad
3319 3596 3429 3649 Do-

1849 3674 2048 3727 minum
2081 3678 2278 3732 dixisse
2313 3678 2521 3733 beatum
2563 3681 2733 3735 David
2773 3686 2947 3737 omnia
2988 3702 3107 3752 qua:
3138 3697 3255 3739 sunt
3287 3690 3432 3756 psal-

1848 3766 1942 3830 mi,
1988 3776 2035 3819 et
2073 3778 2285 3832 ca'tera,
2338 3781 2387 3823 et
2433 3772 2577 3839 quod
2622 3788 2834 3828 memor
2877 3790 2957 3839 es,
3012 3789 3059 3829 et
3116 3778 3330 3843 visitas,
3380 3790 3429 3831 et

1848 3861 2155 3924 minorasti,
2209 3873 2256 3915 et
2314 3864 2614 3931 subjecisti,
2680 3883 2745 3919 ea:
2795 3870 3048 3935 Apostolo
3091 3887 3208 3923 vero
3238 3870 3427 3925 Iesum

1846 3970 1954 4006 esse
1979 3955 2252 4019 discimus,
2287 3957 2350 4007 tle
2382 3974 2483 4019 quo
2513 3956 2728 4021 loquens
2759 3959 2929 4013 David
2958 3961 3106 4025 dicit,
3137 3966 3277 4032 quod
3312 3968 3428 4033 ejus

1845 4060 2045 4095 memor
2097 4056 2189 4107 est,
2234 4056 2280 4097 et
2322 4047 2461 4111 quod
2494 4064 2612 4099 eum
2643 4050 2891 4115 risitavit,
2940 4054 3031 4104 sed
3076 4056 3233 4107 etiam
3283 4060 3425 4125 quod

1849 4132 2028 4183 omnia
2060 4132 2278 4200 subjecit
2319 4135 2384 4199 ei,
2427 4151 2545 4187 cum
2587 4137 2748 4204 paulo
2793 4141 2965 4192 minus
2997 4141 3061 4194 ab
3094 4145 3296 4212 angelis
3327 4150 3428 4201 ini-

1848 4233 2084 4274 norasset
2145 4240 2283 4289 eum,
2335 4238 2530 4279 cessate
2576 4228 2651 4280 vel
2715 4230 2802 4282 vix
2847 4232 3135 4300 aliquando
3177 4254 3208 4288 a
3256 4250 3430 4294 vestra

1844 4310 2191 4377 impudentia,
2233 4328 2601 4383 cognoscentes
2638 4320 2778 4387 quod
2800 4330 3019 4389 oportet.
3066 4322 3261 4378 Videtis
3283 4332 3425 4381 enim

1843 4402 2111 4457 hominum
2148 4408 2565 4474 sceleratissimi,
2598 4422 2797 4479 quanta
2828 4423 3141 4469 naturarum
3167 4429 3242 4471 est
3274 4421 3425 4489 diffe-

1768 4516 1817 4569 ,ο
1845 4494 2033 4557 rentia,
2065 4497 2205 4564 quod
2234 4496 2317 4549 hic
2344 4499 2551 4562 quidem
2584 4502 2911 4568 stupefactus
2948 4518 3046 4567 est,
3079 4508 3204 4575 quia
3232 4521 3278 4563 et
3314 4529 3427 4565 me-

1848 4601 1959 4636 mor
1993 4602 2104 4639 esse
2140 4588 2363 4641 hominis
2401 4592 2673 4659 dignatur,
2712 4602 2763 4645 et
2787 4594 3001 4650 visitare
3039 4615 3178 4665 eum,
3205 4614 3422 4658 δαείω-ο·

1844 4692 2062 4745 rumque
2095 4681 2399 4746 participem
2444 4683 2637 4751 facere,
2684 4702 2905 4754 quorum
2950 4704 3067 4742 eum
3114 4695 3421 4761 participem

1840 4768 1961 4835 fecit
1992 4786 2008 4822 :
2053 4769 2141 4823 ille
2168 4789 2285 4826 vero
2316 4790 2341 4826 e
2369 4778 2640 4831 contrario
2682 4780 2929 4849 miratur,
2966 4786 3105 4847 quod
3150 4796 3423 4840 tantorum

1845 4861 2103 4927 particeps
2142 4878 2251 4917 esse
2289 4880 2449 4931 supra
2495 4885 2647 4921 suam
2684 4886 2931 4926 naturam
2974 4878 3165 4929 meruit
3205 4894 3225 4932 .'
3256 4888 3304 4931 et
3338 4881 3421 4932 hic

1844 4953 2053 5018 quidem
2115 4965 2363 5025 tanquam
2423 4959 2731 5027 beneﬁcium
2774 4965 2907 5019 dans
2958 4970 3309 5037 miriﬁcatur,
3370 4982 3421 5025 et

1842 5060 2033 5112 magna
2073 5058 2355 5114 prwstans,
2402 5061 2449 5104 et
2494 5069 2655 5121 supra
2681 5070 2931 5111 naturam
2971 5062 3085 5128 ejus
3111 5065 3201 5125 qui
3231 5082 3421 5118 cause-

1838 5136 2020 5203 quitur
2075 5139 2381 5208 beneﬁcium
2430 5159 2449 5195 .'
2501 5146 2591 5200 ille
2634 5164 2752 5201 vero
2801 5160 3053 5218 tanquam
3110 5155 3416 5223 beneﬁcium

1841 5242 2176 5296 consequens,
2228 5242 2274 5283 et
2324 5234 2557 5302 majora,
2607 5253 2763 5304 quam
2792 5249 2890 5305 est,
2928 5243 2991 5293 ab
3022 5257 3081 5295 eo
3103 5245 3414 5311 suscipiens.

2492 5361 2767 5403 οςιιιηυε.

1915 5451 2089 5505 Sobrii
2142 5464 2317 5511 estote
2360 5457 2404 5487 "
2453 5460 2589 5512 ebrii
2634 5476 2697 5513 ex
2732 5477 2859 5515 vino
2891 5478 3099 5531 comm,
3151 5467 3415 5521 declamet

1843 5542 2038 5612 aliquis
2068 5544 2145 5599 sic
2176 5548 2488 5602 errantibus
2518 5572 2528 5603 ;
2555 5569 2571 5600 ι
2599 5550 2837 5621 lmpone,
2872 5556 3052 5619 homo,
3092 5566 3193 5609 tuae
3222 5556 3421 5626 lingua:

1853 5720 2068 5775 "Joan.
2105 5724 2260 5789 1,14.

2377 5728 2585 5805 _"_Psal.
2620 5744 2726 5805 Lvt,
2754 5730 2815 5799 7;
2855 5749 3038 5798 chtx,
3070 5732 3138 5805 6.;
3173 5748 3317 5798 CXLI,
3344 5735 3397 5789 ιι.

1838 5830 1852 5843 .
1929 5792 1974 5823 ³³
1998 5792 2129 5849 ibid.
2170 5796 2219 5852 9.

2292 5797 2389 5852 .“l
2420 5799 2565 5854 I’ctr.
2600 5816 2648 5863 γ,
2684 5800 2734 5853 8.
