4042 6442
627 329 767 386 Μνιῦ

1661 329 1719 384 S.
1760 327 2036 385 CYltlLLl
2072 323 2540 383 ALEXANDRINI
2580 323 2898 379 AllClllEP.

3786 318 3907 373 im

623 449 823 504 ostium
875 456 928 501 et
980 460 1153 503 seram
1193 445 1239 477 ”
1274 465 1285 501 :
1323 460 1477 502 cessa
1525 460 1694 500 cornu
1758 447 1813 500 in
1865 447 2206 501 altitudinem
2239 450 2280 503 Α
2309 446 2441 497 duos
2477 443 2617 510 ﬁlios
2651 442 2905 496 dicemus.
2938 440 3045 495 Sed
3068 457 3184 495 ecce
3216 450 3263 496 et
3302 440 3485 495 Filius
3530 438 3722 491 dictus
3752 448 3828 491 est
3860 440 3906 490 in

624 537 910 602 extollens,
927 543 979 590 et
999 535 1223 604 loquens
1244 537 1585 607 iniquitatem
1603 536 1892 588 adversum
1916 538 2078 591 Deum
2099 537 2163 590 3“.
2179 555 2197 587 ι

626 626 920 695 Quousque
955 626 1185 681 insultas
1214 628 1437 696 patienti
1470 625 1729 679 Christo?
1761 624 1816 677 lu
1852 638 2032 681 mente
2064 627 2205 682 habe

623 718 766 786 quod
801 717 1062 786 scriptum
1103 728 1187 773 est
1218 733 1247 772 a
1274 718 1453 772 divino
1487 715 1652 771 Paulo
1688 735 1700 770 :
1747 734 1763 766 ί
1805 716 1897 770 Sic
1930 733 2056 771 vero
2082 734 2206 787 pec-

626 817 816 862 cantes
846 809 897 862 in
939 808 1158 873 fratres,
1208 819 1261 862 et
1310 808 1677 876 percutientes
1707 822 1895 861 eorum
1931 808 2203 862 infirmam

624 900 1037 967 conscientiam,
1097 902 1148 954 in
1203 899 1478 954 Christum
1530 900 1769 969 peccatis
1819 899 1884 953 ³⁷.
1948 919 1965 950 ι
2017 900 2089 952 Et
2148 909 2205 954 ut

625 990 827 1058 aliquid
881 993 1045 1047 etiam
1102 1008 1168 1046 ex
1230 992 1565 1060 propheticis
1624 992 1817 1061 loquar
1879 991 2199 1045 codicibus:

630 1101 648 1133 ι
682 1081 988 1138 Justificata
1033 1095 1161 1138 sunt
1192 1083 1429 1138 Sodoma
1458 1100 1521 1139 ex
1558 1093 1629 1151 te,
1665 1084 1933 1152 superasti
1965 1098 2203 1150 pagano-

626 1190 742 1228 rtnn
774 1177 1156 1239 verbositates,
1209 1192 1345 1245 quas
1391 1177 1633 1231 fecerunt
1671 1184 1859 1229 contra
1894 1173 2197 1237 Christum,

624 1266 904 1321 stultitiam
978 1268 1353 1321 existimantes
1410 1283 1624 1321 crucem
1676 1266 1743 1329 ³⁸,
1801 1284 1818 1315 ι
1887 1264 2019 1317 nihil
2079 1279 2203 1317 esse

622 1361 904 1414 ostendisti
972 1359 1215 1413 Judaica:
1280 1361 1546 1429 superbia:
1612 1358 1863 1412 crimina.
1928 1354 2203 1409 Minorare

622 1452 926 1518 praesumis,
971 1461 1023 1505 et
1059 1452 1199 1519 quod
1228 1453 1293 1505 ad
1345 1463 1394 1503 te
1448 1451 1700 1517 pertinet,
1741 1446 1983 1501 detrahis
2018 1446 2084 1499 ad
2124 1447 2204 1499 in-

623 1538 841 1592 famiam
888 1555 1008 1592 eum
1052 1542 1143 1607 qui
1196 1554 1460 1607 supernas
1509 1538 1665 1591 sedes
1699 1536 1979 1599 concedet,
2010 1547 2063 1587 et
2099 1551 2201 1589 una

622 1645 744 1683 cum
775 1630 882 1685 Deo
909 1639 962 1683 et
995 1630 1155 1685 Patre
1178 1630 1422 1682 eamdem
1452 1630 1632 1683 sedem
1675 1630 1855 1682 habet.
1893 1628 2026 1683 Eum
2059 1629 2200 1682 enim

622 1723 712 1789 qni
739 1738 804 1776 ex
827 1722 1057 1776 mortuis
1091 1722 1414 1787 resurrexit,
1449 1722 1500 1774 in
1532 1722 1751 1775 sedibus
1778 1722 1991 1776 deitatis
2015 1723 2203 1775 sedere

622 1813 754 1866 dicit
819 1812 1259 1881 sapientissimus
1317 1812 1537 1866 Paulus.
1592 1813 1741 1865 Dixit
1810 1815 1952 1867 enim

626 1923 647 1955 s
689 1904 847 1957 talem
888 1904 1148 1956 habemus
1180 1904 1477 1971 principem
1514 1903 1879 1966 sacerdotum,
1926 1904 2015 1971 qui
2053 1904 2205 1956 sedet

621 1994 675 2048 in
719 1995 938 2046 dextera
985 1994 1129 2046 sedis
1186 1992 1489 2059 maiestatis
1534 1993 1585 2045 in
1633 1993 1869 2048 excelsis
1899 1993 1963 2060 ³9,
1996 1995 2203 2061 quiest

620 2100 785 2155 super
833 2101 1049 2139 onmem
1086 2083 1475 2153 Principatum,
1532 2098 1586 2138 et
1613 2085 1969 2148 Potestatem,
2005 2095 2057 2138 et
2094 2086 2202 2141 Do-

622 2179 994 2242 minationem,
1032 2188 1086 2231 et
1121 2192 1313 2232 nomen
1346 2180 1485 2247 quod
1520 2179 1851 2242 nominatur,
1880 2193 1985 2232 non
2022 2179 2197 2231 soluat

628 2271 681 2324 in
714 2270 816 2324 hoc
852 2268 1072 2335 saeculo,
1114 2270 1207 2322 sed
1256 2279 1310 2321 et
1350 2270 1400 2321 in
1442 2269 1620 2321 futuro
1654 2266 1720 2320 ⁸ο.
1755 2267 2015 2321 Flectitur
2057 2269 2202 2321 enim

623 2362 673 2414 'ei
707 2376 865 2414 omne
910 2375 1071 2428 genu,
1122 2368 1177 2412 et
1228 2359 1408 2411 omnis
1466 2359 1644 2428 lingua
1703 2359 2011 2424 confitetur,
2062 2358 2204 2426 quod

626 2450 883 2504 Dominus
918 2448 1081 2502 Jcsus
1121 2449 1369 2502 Christus
1401 2448 1451 2499 in
1478 2448 1648 2517 gloria
1683 2456 1767 2501 est
1807 2448 1895 2501 Dei
1929 2448 2104 2501 Patris
2134 2447 2201 2501 “.

622 2542 689 2595 Et
716 2541 838 2608 quis
879 2549 963 2593 est
1008 2541 1099 2607 qui
1136 2540 1189 2592 in
1227 2539 1313 2592 his
1353 2548 1437 2591 est
1474 2548 1729 2605 tanquam
1775 2538 1957 2592 Deus?
2001 2538 2199 2591 lterum

621 2632 760 2684 idem
803 2631 915 2698 ipse
962 2627 1291 2695 explanavit,
1325 2627 1413 2694 qui
1442 2626 1560 2694 ejus
1592 2626 1976 2696 mysteriorum
2007 2642 2194 2680 sacer-

621 2721 718 2775 dos
758 2728 861 2773 est.
909 2718 1056 2771 Dixit
1080 2719 1246 2780 enim,
1275 2719 1416 2783 quod
1454 2735 1470 2766 ι
1506 2717 1810 2771 exinanivit
1836 2717 2095 2784 seipsum,
2138 2717 2192 2771 in

620 2808 973 2863 similitudine
1018 2807 1256 2861 hominis
1305 2805 1481 2860 factus
1531 2818 1633 2866 est,
1684 2815 1738 2861 et
1792 2807 1841 2859 in
1891 2806 2076 2861 habitu
2123 2808 2205 2861 in-

620 2909 816 2955 ventus
842 2910 1101 2968 tanquam
1157 2899 1357 2952 homo:
1400 2907 1453 2953 et
1490 2899 1796 2952 humiliavit
1853 2900 2089 2968 seipsum
2125 2899 2203 2953 fa-

620 3002 741 3045 ctus
772 2990 1030 3044 obediens
1082 3003 1252 3058 usque
1304 2990 1369 3043 ad
1423 2998 1692 3055 mortem,
1748 2996 1977 3043 mortem
2023 3002 2199 3047 autem

621 3082 801 3136 crucis
826 3080 892 3133 δ’.
931 3079 1193 3134 Flectitur
1241 3081 1403 3149 igitur
1442 3096 1603 3134 onme
1632 3097 1771 3151 genu
1806 3080 2109 3137 caelestium
2143 3092 2199 3137 et

623 3174 966 3229 terrestrium
1011 3183 1065 3227 et
1099 3175 1399 3228 inferorum
1431 3174 1479 3229 ei
1516 3174 1606 3243 qui
1642 3189 1858 3229 crucem
1894 3174 2193 3227 sustinuit:

621 3280 781 3334 quem
823 3266 972 3334 puris
1016 3276 1069 3319 et
1107 3264 1236 3319 solis
1270 3265 1621 3319 lmmanitatis
1651 3265 1921 3319 mensuris
1949 3264 2198 3332 injiciens

621 3358 993 3419 adversarius,
1053 3356 1368 3409 memoriam
1414 3365 1467 3409 et
1516 3356 1882 3409 visitationem
1931 3354 2197 3409 meruisse

625 3448 754 3501 dicit
784 3461 812 3499 a
848 3445 954 3501 Deo
985 3446 1182 3509 Verbo,
1213 3461 1332 3498 cum
1364 3454 1512 3499 certe
1541 3450 1753 3515 oportet
1784 3450 1926 3500 scire
1955 3454 2007 3499 et
2037 3461 2195 3514 sape-

626 3553 705 3600 re,
742 3538 882 3606 quod
915 3553 1019 3590 non
1046 3538 1181 3590 alter
1204 3536 1346 3591 Deus
1383 3537 1618 3592 Verbum
1647 3547 1765 3591 erat
1796 3547 1992 3606 praeter
2016 3537 2192 3605 ipsum
2228 3561 2238 3572 -

624 3629 794 3683 Filius
834 3629 1124 3696 separatim
1176 3639 1231 3682 et
1283 3644 1377 3697 per
1429 3639 1659 3696 partem,
1713 3629 1802 3696 qui
1861 3645 1929 3682 ex
1988 3628 2199 3683 semine

627 3718 817 3783 David,
852 3720 990 3773 sieut
1038 3718 1187 3783 dicit,
1239 3719 1400 3771 homo
1432 3736 1444 3770 :
1482 3717 1576 3771 sed
1635 3729 1752 3772 erat
1810 3717 1925 3787 ipse
1968 3732 2035 3771 ex
2089 3717 2199 3772 Deo

622 3808 783 3862 Patre
816 3808 959 3863 Dens
1005 3809 1263 3871 Verbum,
1313 3807 1486 3861 factus
1524 3808 1822 3862 secundum
1866 3824 1986 3873 nos,
2034 3809 2199 3863 homo

618 3899 892 3962 videlicet,
925 3909 977 3952 et
1016 3915 1119 3953 non
1156 3900 1321 3952 alium
1351 3901 1642 3968 quemdam
1683 3902 1862 3970 magis
1910 3915 2072 3969 quam
2110 3916 2200 3955 se-

624 3991 799 4060 ipsum
830 3990 1136 4044 visitatione
1161 3998 1215 4045 et
1240 3990 1499 4044 memoria
1522 3990 1769 4058 dignaris.

1099 4127 1153 4180 8.
1189 4124 1254 4176 Et
1278 4141 1341 4177 ex
1370 4125 1549 4178 eodem
1582 4126 1736 4178 libro.

1238 4252 1575 4292 THEODORUS.

690 4376 979 4430 Cessubunt
996 4375 1115 4442 jam
1137 4373 1201 4426 ab
1224 4373 1526 4440 impudente
1558 4388 1732 4441 pugna
1754 4373 1778 4425 7
1800 4370 2045 4425 desistent
2076 4388 2195 4425 vero

621 4485 752 4521 rana
778 4466 1134 4527 contentione,
1165 4464 1526 4517 erubescentes
1550 4465 1817 4516 dictorum
1845 4462 2196 4516 evidentiam?
2230 4497 2272 4550 Β

620 4561 820 4614 Multos
856 4561 1020 4620 enim,
1045 4558 1191 4622 dicit,
1220 4558 1362 4621 ﬁlios
1394 4558 1447 4610 in
1482 4557 1703 4625 gloriam
1733 4556 2025 4608 ducentem.
2063 4554 2195 4609 Ecce

620 4653 787 4721 igitur
827 4652 881 4702 in
928 4650 1134 4702 ratione
1183 4649 1458 4715 ﬁliationis
1505 4664 1885 4701 connumerans
1917 4648 2201 4715 Apostolus

619 4753 831 4809 apparet
867 4749 1192 4807 assumptum
1229 4741 1493 4792 hominem
1527 4740 1751 4801 ueteris,
1778 4755 1879 4791 non
1909 4741 2196 4792 secundum

619 4832 755 4902 quod
793 4830 1038 4882 similiter
1084 4828 1189 4879 illis
1222 4827 1505 4894 ﬁliationis
1553 4828 1815 4893 particeps
1852 4835 1950 4890 est,
1999 4828 2089 4878 sed
2113 4843 2197 4878 se-

619 4923 845 4976 cundum
886 4919 1027 4988 quod
1056 4917 1303 4972 similiter
1326 4918 1554 4984 gratiam
1580 4916 1865 4983 assumpsit
1894 4916 2193 4982 ﬁliationis,

619 5014 814 5065 deitate
849 5011 963 5063 sola
998 5008 1293 5061 naturalem
1323 5007 1632 5075 [iliationem
1652 5006 1965 5074 possidente.
1985 5005 2195 5059 Certum

620 5105 760 5157 enim
795 5112 873 5156 est
906 5102 1061 5167 illud,
1096 5101 1235 5167 quod
1260 5099 1537 5168 ﬁliationis
1558 5099 1725 5166 gloria
1758 5108 1950 5166 prwter
1980 5108 2196 5151 ca'teros

617 5194 853 5246 liontines
897 5195 1025 5245 inest
1064 5193 1109 5243 ei
1147 5193 1405 5257 pra'cipue
1452 5205 1542 5257 per
1584 5191 1838 5241 unitatem
1877 5204 1994 5256 qua:
2021 5198 2094 5239 est
2125 5189 2192 5239 ad

617 5285 785 5337 illum.
823 5281 970 5335 Unde
1011 5292 1057 5335 et
1099 5282 1155 5333 in
1201 5282 1315 5348 ipsa
1348 5297 1468 5332 voce
1508 5279 1838 5347 signiﬁcante
1875 5277 2095 5340 Filium,
2128 5279 2195 5329 si-

620 5375 816 5427 militer
846 5376 1003 5427 clis“:
1049 5372 1139 5425 ille
1175 5371 1650 5437 comprehenditur.
1707 5369 1810 5422 Sed
1837 5372 2192 5421 sermocinan-

621 5475 706 5517 tur
753 5467 821 5516 ad
855 5479 986 5517 nos:
1032 5462 1090 5515 Si
1114 5467 1218 5515 duo
1245 5461 1476 5531 perfecta
1505 5460 1681 5513 dicitis
1729 5462 1868 5511 omni
1916 5461 2092 5522 modo,
2144 5470 2190 5511 et

1230 5638 1270 5670 “
1295 5654 1476 5702 Lxxw,
1504 5638 1556 5703 5,
1592 5638 1651 5692 6,
1725 5638 1803 5687 ³⁷1
1838 5638 1942 5691 Cur

1230 5725 1282 5763 ιι.
1320 5710 1405 5763 10.
1437 5710 1517 5762 ιι.
1600 5708 1641 5739 ⁶²
1672 5709 1801 5763 ibid.
1835 5708 1947 5763 7.8

1672 5724 1801 5763 uno.
1844 5724 1968 5775 1,6.

691 5644 733 5671 ³³
764 5642 900 5695 l’sal.
938 5657 1060 5700 ch,
1104 5640 1157 5693 5.

657 5714 691 5780 l,
722 5713 812 5766 2|.
890 5711 931 5743 ⁸³
964 5710 1192 5780 Philipp.
1222 5725 1282 5775 ιι,
1320 5710 1405 5777 10,
1437 5710 1517 5762 ιι.

1725 5637 1803 5687 ³⁷1
1838 5638 1962 5691 Cor.
1995 5654 2113 5699 Viti,
2148 5636 2235 5699 il,
2273 5637 2358 5689 12.

2049 5710 2093 5741 ⁸³
2116 5708 2267 5761 Joan.
2304 5724 2342 5773 ι,
2378 5708 2463 5763 14.

2305 537 2484 590 divina
2527 536 2809 601 Scriptura
2855 548 2947 601 per
2999 533 3254 600 seipsum,
3307 534 3607 589 divinitate
3666 541 3901 599 excepta,

2308 630 2517 683 cwteris
2561 626 2857 681 hominibus
2894 638 3325 692 connumeratus,
3383 635 3430 680 et
3488 640 3601 678 non
3633 623 3759 691 jam
3788 625 3907 675 duos

2305 715 2528 769 dicimus
2569 716 2729 783 ﬁlios.
2786 712 2933 765 Unde
2972 729 3091 766 vero
3146 712 3317 769 Filius
3361 716 3415 769 in
3459 713 3811 779 confessione
3840 724 3906 764 est

2297 808 2466 876 juste,
2509 807 2757 872 quoniam
2813 815 3125 860 naturarum
3155 807 3343 860 divisio
3398 806 3723 861 necessario
3770 804 3908 857 debet

2305 913 2627 964 permanere,
2685 906 2731 950 et
2782 910 3019 967 persona:
3079 895 3249 950 unitio
3289 897 3700 969 indissipabilis
3733 905 3908 950 custo-

2306 987 2431 1039 diri.

2950 1115 3229 1156 οιιιιιιιυς.

2379 1230 2538 1300 Papae
2573 1231 2877 1286 insaniam!
2919 1229 3194 1300 Ignoravit
3240 1232 3601 1286 omnifariam
3654 1230 3905 1285 altitudi-

2307 1339 2427 1377 nem
2461 1323 2701 1394 mystcrii
2740 1322 2965 1383 Christi,
3004 1321 3096 1389 qui
3148 1321 3219 1374 ita
3261 1321 3478 1391 frigidis
3507 1334 3563 1378 et
3600 1324 3909 1394 puerilibus

2304 1414 2485 1468 verbis
2516 1413 2751 1466 conﬁsus
2788 1420 2888 1465 est.
2939 1410 3094 1475 Quod
3147 1421 3328 1465 autem
3375 1424 3429 1468 et
3474 1416 3683 1482 prolati
3720 1413 3907 1483 scripti

2306 1506 2557 1556 virtutem
2597 1504 2816 1557 minime
2873 1502 3148 1570 intelligit,
3190 1514 3399 1558 rectam
3459 1521 3594 1560 vero
3643 1506 3907 1559 semitam

2307 1595 2562 1658 declinat,
2605 1604 2657 1649 et
2701 1592 3031 1647 transfertur
3074 1595 3268 1647 iterum
3321 1596 3373 1649 in
3423 1598 3769 1651 sceleratam
3811 1596 3909 1650 sibi

2307 1688 2644 1757 propositam
2699 1688 3081 1748 intentionem,
3142 1688 3327 1741 statim
3389 1687 3691 1745 docemus.
3755 1688 3909 1755 Quod

1977 1855 1992 1877 ’
2059 1812 2201 1880 quod
2235 1787 2276 1840 Β
2306 1780 2449 1832 enim
2479 1792 2605 1834 ante
2640 1781 2823 1832 omnia
2867 1778 3105 1832 studium
3143 1778 3190 1833 ei
3231 1789 3335 1843 est,
3370 1797 3571 1849 purum
3607 1784 3779 1838 nobis
3818 1784 3917 1836 ho-

2310 1870 2511 1924 minem
2541 1870 2678 1925 velle
2704 1871 3087 1923 demonstrare
3128 1885 3512 1927 consessorem
3540 1875 3726 1942 Patri,
3762 1876 3913 1929 etab

2309 1963 2563 2016 universa
2595 1971 2847 2015 creatura
2889 1972 3145 2030 tanquam
3184 1963 3350 2016 Deum
3380 1964 3760 2033 adorandum,
3798 1967 3914 2036 ipse

2307 2052 2463 2107 testis
2504 2052 2859 2121 ingredietur.
2885 2050 2983 2105 llis
3026 2053 3170 2105 enim
3202 2053 3291 2121 qui
3330 2056 3638 2109 secundum
3667 2059 3911 2125 gratiam

2308 2139 2403 2195 lilii
2451 2151 2618 2207 sunt,
2668 2150 2722 2195 et
2777 2142 3026 2197 humana:
3094 2143 3429 2196 multitudini
3490 2159 3915 2202 connumerans

2306 2246 2449 2296 eum,
2488 2232 2650 2287 Verbi
2678 2233 2932 2287 deitatem
2962 2234 3132 2287 solam
3171 2250 3311 2288 vera:
3345 2235 3638 2291 tiliationis
3671 2238 3914 2306 gloriam

2306 2326 2507 2380 habere
2550 2325 2850 2391 contendit,
2896 2342 3032 2395 pene
3074 2328 3238 2381 etiam
3290 2329 3588 2398 increpans
3630 2346 3767 2385 eum
3823 2332 3913 2399 qui

2305 2428 2528 2486 propter
2550 2433 2646 2473 nos
2677 2418 3107 2472 cxinauitionem
3143 2420 3253 2487 pati
3290 2419 3466 2474 voluit
3502 2440 3515 2475 :
3553 2422 3645 2475 vel
3673 2421 3915 2475 forsitan

2304 2509 2467 2562 etiam
2519 2510 2788 2579 objiciens
2842 2511 3187 2564 inhonestam
3230 2527 3385 2567 suam
3438 2513 3789 2566 dementiam
3829 2515 3916 2565 di-

2305 2598 2516 2666 scipulo
2557 2599 2761 2654 dicenti
2795 2618 2808 2653 :
2847 2618 2865 2650 (
2902 2601 2968 2652 Et
2995 2600 3231 2654 Verbum
3265 2618 3394 2656 caro
3428 2603 3635 2657 factum
3673 2614 3764 2658 est
3791 2605 3860 2657 ⁸³.
3891 2623 3908 2653 ι

2307 2686 2598 2742 Sciendum
2633 2689 2796 2757 igitur
2833 2690 2999 2757 quod,
3031 2689 3157 2743 licet
3180 2707 3371 2759 .unum
3404 2692 3610 2746 alicubi
3639 2694 3821 2757 dicat,
3864 2704 3917 2747 et

2306 2793 2408 2831 non
2448 2778 2621 2850 magis
2650 2779 2792 2833 duos
2830 2780 2987 2844 filios,
3026 2781 3251 2849 ejiciens
3281 2784 3506 2836 omnino
3553 2800 3685 2838 esse
3735 2786 3907 2839 Deum

2304 2879 2359 2923 et
2390 2868 2583 2923 Filium
2612 2885 2758 2939 eum,
2804 2873 2894 2941 qui
2930 2874 3072 2927 sicut
3103 2874 3216 2942 ipse
3241 2873 3394 2939 dicit,
3442 2875 3511 2927 de
3558 2877 3787 2930 semine
3827 2889 3911 2932 est

2305 2961 2515 3027 David;
2577 2962 2643 3016 ad
2697 2963 2871 3017 solum
2933 2963 3103 3017 refert
3157 2965 3327 3018 Deum
3380 2964 3633 3021 Verbum
3693 2970 3793 3036 qui
3848 2984 3914 3022 ex

2308 3052 2420 3107 Deo
2452 3052 2614 3108 Patre
2656 3065 2763 3118 est,
2816 3070 2957 3109 verte
3003 3056 3284 3111 ﬁliationis
3330 3056 3594 3127 gloriam.
3632 3060 3755 3115 lloc
3790 3076 3916 3114 vero

2228 3135 2270 3193 Ο
2305 3146 2439 3198 nihil
2492 3146 2637 3199 aliud
2685 3156 2791 3210 est,
2850 3147 2992 3202 sicut
3048 3148 3181 3213 dixi,
3239 3164 3398 3218 quam
3454 3166 3564 3204 non
3629 3156 3914 3223 suscipere

2305 3236 2524 3289 modum
2584 3238 2940 3292 humanitatis
2989 3259 3003 3293 :
3064 3241 3290 3295 omnino
3346 3251 3531 3295 autem
3588 3244 3915 3301 interimere

2305 3326 2788 3394 dispensationem,
2831 3343 2926 3397 per
2959 3344 3119 3399 quam
3151 3340 3205 3386 et
3251 3331 3389 3385 salvi
3422 3332 3555 3387 facti
3588 3350 3816 3399 sumus,
3858 3350 3909 3392 et

2304 3430 2535 3472 mortem
2581 3429 2636 3474 et
2684 3430 2969 3489 peccatum
3030 3422 3426 3490 transivimus,
3490 3434 3553 3479 et
3615 3428 3913 3485 diabolica

2304 3509 2547 3564 avaritia:
2580 3510 2768 3581 iugum
2796 3512 3168 3582 deposuimus.

2812 3647 2864 3702 9.
2898 3648 2984 3703 Ea:
3016 3651 3199 3704 eodem
3233 3649 3393 3706 libro.

2927 3800 3261 3842 THEODORUS.

2378 3920 2547 3974 Nemo
2576 3920 2804 3985 artiﬁcio
2839 3922 3307 3987 interrogationum
3342 3922 3683 3988 decipiatur.
3726 3927 3913 4000 Flagi-

2304 4012 2495 4064 tiosum
2537 4011 2676 4062 enim
2714 4019 2821 4073 est,
2874 4011 3131 4077 deponere
3176 4013 3387 4080 quidem
3433 4022 3653 4069 tantam
3706 4022 3911 4073 testium

2303 4104 2521 4167 nubem,
2564 4102 2850 4154 secundum
2885 4102 3025 4171 quod
3071 4104 3352 4171 Apostolus
3400 4105 3547 4159 dixit
3592 4107 3687 4174 “,
3730 4116 3913 4164 astatis

2302 4198 2476 4242 autem
2545 4190 3048 4260 interrogationibus
3128 4194 3403 4261 deceptos,
3471 4196 3911 4253 adversariorum

2301 4283 2439 4349 parti
2469 4282 2738 4351 conjungi.
2776 4282 2908 4346 Qua:
2939 4301 3055 4338 vero
3082 4296 3224 4350 sunt,
3252 4304 3367 4355 qua:
3409 4304 3535 4340 cum
3588 4302 3717 4345 arte
3759 4294 3911 4346 inter-

2302 4372 2526 4440 rogant?
2568 4371 2812 4427 llominis
2856 4375 3101 4443 genitrix,
3129 4375 3328 4442 Maria,
3372 4395 3443 4431 an
3496 4378 3602 4433 Dei
3635 4384 3910 4451 genitrix?

2303 4460 2392 4527 Et,
2426 4464 2513 4531 qui
2548 4464 2829 4532 cruciﬁxus
2858 4476 2968 4531 est,
2998 4476 3174 4519 utrum
3223 4467 3365 4522 Deus
3388 4508 3403 4533 ,
3453 4486 3529 4524 an
3564 4474 3781 4529 homo?
3812 4474 3908 4529 Sed

2301 4552 2522 4604 istorum
2563 4555 2769 4622 quidem
2806 4565 2947 4608 certa
2995 4567 3069 4609 est
3120 4557 3377 4611 absolutio
3418 4570 3468 4613 et
3518 4578 3590 4615 ea:
3651 4565 3741 4619 liis
3799 4581 3907 4632 qui:

2299 4644 2642 4711 prazdiximus
2702 4646 2758 4698 in
2812 4650 3105 4715 responsis,
3161 4666 3279 4717 quae
3326 4652 3395 4703 ad
3450 4653 3906 4727 interrogationes

2301 4734 2515 4803 fuerunt
2546 4751 2565 4789 :
2596 4745 2768 4791 tamen
2798 4755 2912 4791 vero
2938 4740 3170 4803 dicatur,
3206 4750 3252 4793 et
3276 4740 3392 4809 jam
3421 4759 3589 4810 nunc,
3616 4765 3749 4817 quce
3776 4766 3905 4802 com—

2298 4828 2542 4894 pendiose
2593 4831 2903 4897 respondere
2946 4841 3180 4897 oportet,
3244 4842 3299 4884 ut
3347 4835 3503 4888 nulla
3564 4840 3647 4892 eis
3708 4841 3903 4895 occasio

2299 4920 2512 4972 astutiae
2541 4919 2885 4990 relinquatur.
2913 4922 3043 4975 Cum
3077 4923 3239 4991 igitur
3273 4926 3639 4997 interrogant,
3678 4934 3903 4985 hominis

2298 5011 2547 5077 genitrix,
2576 5028 2643 5064 an
2667 5011 2766 5064 Dei
2788 5014 3018 5081 genitrix
3043 5024 3116 5066 est
3149 5012 3327 5068 Maria
3354 5017 3376 5054 7
3402 5020 3632 5073 dicatur
3665 5041 3700 5075 α
3738 5026 3902 5082 nobis,

2300 5098 2581 5168 Utraque:
2628 5117 2790 5154 unum
2841 5104 3051 5170 quidem
3112 5114 3305 5157 natura
3348 5108 3442 5171 rei,
3493 5109 3739 5163 alterum
3791 5130 3901 5166 erro

2297 5193 2570 5245 relatione.
2628 5192 2873 5249 [laminis
2919 5198 3057 5250 enim
3106 5199 3342 5267 genitrix
3386 5208 3465 5252 est
3521 5208 3898 5260 naturaliter.

2296 5281 2540 5347 quoniam
2572 5282 2725 5335 homo
2752 5296 2865 5337 erat
2901 5286 2957 5339 in
2989 5296 3136 5339 utero
3164 5287 3383 5353 Marica,
3412 5290 3506 5359 qui
3535 5304 3586 5345 et
3619 5295 3752 5347 inde
3781 5313 3901 5361 pro-

2296 5370 2447 5421 cessit
2481 5385 2499 5421 :
2531 5368 2626 5421 Dei
2672 5382 2845 5425 autem
2894 5377 3154 5442 genitrix,
3193 5379 3447 5444 quoniam
3484 5379 3638 5434 Deus
3691 5394 3806 5435 erat
3848 5389 3901 5435 in

2296 5462 2503 5514 homine
2558 5473 2715 5529 nato,
2769 5482 2871 5519 non
2916 5469 2973 5520 in
3019 5484 3079 5523 eo
3130 5470 3565 5542 circumscriptus
3605 5481 3899 5529 secundum

2438 5639 2480 5669 ³⁸
2506 5638 2699 5694 Ezech.
2733 5656 2843 5705 xw,
2882 5643 2971 5698 52.

2570 5644 2702 5720 tecti.
2733 5656 2843 5705 xw,
2882 5644 2971 5720 52,
3052 5644 3094 5679 ³⁵
3123 5645 3287 5703 llehr.
3322 5663 3440 5715 vm,
3476 5650 3527 5704 l.

2542 5710 2585 5741 θ’*
2612 5710 2774 5778 llcbr,
2809 5728 2904 5781 xu,
2946 5716 2992 5769 1.

3612 5652 3658 5685 δ’
3688 5652 3891 5722 Ephcs.
