4042 6486
207 403 318 458 1445

203 617 392 670 laniatis.
427 611 608 678 Itaque
640 617 856 674 utraque
883 603 1091 670 quidem
1125 601 1229 652 dici
1250 601 1457 666 justum
1488 609 1584 660 est,
1623 613 1725 649 non

202 718 343 758 autent
369 704 640 756 secundum
680 697 901 749 similem
941 697 1213 745 rationem.
1261 692 1369 744 Nec
1417 692 1552 743 enim
1588 693 1721 743 sicut

201 803 325 849 homo
353 797 392 846 iu
426 801 571 845 utero
603 799 656 842 ut
688 798 815 842 esset
844 786 1063 850 suscepit
1115 783 1348 843 initium,
1377 783 1452 834 sic
1491 790 1542 834 et
1589 781 1724 834 Deus

212 887 408 940 Verbum.
453 882 585 934 Erat
620 882 755 933 enim
785 887 906 932 ante
937 892 1138 929 onmem
1170 883 1487 926 creaturam.
1539 871 1724 942 Itaque

198 987 239 1030 et
262 987 444 1043 utraque
467 974 570 1025 dici
586 972 791 1039 justum
827 977 921 1029 est,
952 975 998 1019 et
1030 973 1303 1033 utrumque
1333 980 1512 1017 eorum
1542 979 1725 1015 secun-

198 1074 301 1122 dum
322 1067 564 1135 propriam
594 1063 873 1115 rationem.
906 1057 933 1110 Ι
943 1059 1055 1111 dem
1093 1067 1267 1109 autem
1313 1056 1724 1123 respondendum

197 1174 236 1214 et
275 1163 311 1212 si
354 1162 688 1224 interrogant,
732 1151 870 1204 Deus
925 1150 1207 1214 cruciﬁxus
1264 1160 1359 1211 est,
1410 1165 1477 1200 an
1530 1146 1725 1199 homo?

195 1252 315 1322 quod
339 1259 542 1317 utraque
567 1245 800 1312 quidem,
834 1258 936 1295 non
971 1251 1141 1293 autent
1170 1240 1454 1292 secundum
1510 1238 1724 1292 similem

195 1345 430 1397 rationem.
468 1338 606 1391 Nam
642 1337 724 1388 hic
764 1335 967 1405 quidem
1011 1332 1293 1398 cruciﬁxus
1337 1340 1433 1392 est,
1472 1338 1645 1395 utpote
1677 1337 1723 1380 et

193 1435 448 1505 passionem
479 1430 782 1496 suscipiens,
816 1438 862 1480 et
898 1427 1035 1495 ligno
1073 1426 1279 1494 affixus,
1319 1432 1368 1475 et
1415 1423 1478 1475 ab
1522 1420 1724 1472 Judtcis

190 1530 396 1578 detentus
421 1540 439 1576 :
475 1523 562 1575 ille
587 1530 784 1584 autem,
827 1519 964 1588 quod
1004 1529 1112 1571 erat
1144 1531 1261 1569 cum
1302 1516 1410 1582 ipso
1441 1513 1724 1567 secundum

187 1613 461 1685 praedictam
489 1627 724 1664 causam.

801 1735 1077 1778 CYRILLUS.

1352 385 1772 443 FRAGMENTA
1815 385 1944 438 DOG
1956 383 2232 438 MATICA.

207 537 420 585 naturam,
452 519 538 573 sed
567 515 703 586 quod
740 515 793 568 in
827 527 884 564 eo
915 520 987 564 est
1024 509 1307 563 secundum
1344 509 1590 576 affectum
1641 524 1727 560 vo-
1761 511 1805 565 Α

3260 373 3285 428 1
3298 371 3398 429 446

2472 511 2750 552 εγηιιιυε.

1899 635 2163 688 Insaniam
2199 633 2357 701 igitur
2385 645 2506 686 esse
2545 630 2713 692 dicis,
2743 626 2879 681 velle
2914 639 3105 696 sapere
3133 634 3312 690 recte,
3345 633 3402 679 et

1829 729 1878 781 in
1915 738 2093 781 mente
2128 726 2323 780 habere
2353 738 2534 776 veram
2569 732 2624 775 et
2657 730 2854 775 rectam
2889 729 2942 773 et
2979 717 3394 772 inadulteratant

1829 817 2029 871 tidem?
2066 832 2186 870 cum
2238 824 2384 869 certe
2434 814 2619 883 plenos
2671 826 2950 866 sermones
2993 810 3216 863 insanire
3257 809 3401 862 dicat

1826 907 2022 974 aliquis
2055 921 2196 968 esse,
2247 915 2300 958 et
2339 903 2496 957 valde
2538 903 2751 964 merito,
2782 916 2875 955 eos
2917 901 3006 968 qui
3057 899 3395 968 unigenitum

1831 996 1923 1049 Dei
1953 996 2188 1050 Verbum
2235 996 2500 1065 abnegant
2551 993 2916 1047 introductum
2969 1006 3087 1046 esse
3133 1006 3162 1043 a
3207 990 3316 1044 Deo
3348 1001 3404 1043 et

1826 1088 1986 1142 Patre
2014 1090 2063 1141 in
2099 1088 2280 1141 orbem
2321 1099 2583 1141 terrarum
2614 1099 2734 1138 eum
2765 1083 2937 1137 factus
2965 1095 3047 1137 est
3081 1081 3279 1136 homo?
3301 1081 3403 1147 Qui

1827 1181 1970 1235 enim
2049 1180 2340 1233 secundum
2424 1188 2667 1231 naturam
2744 1185 2796 1228 et
2861 1174 3220 1228 tlili‘erentiam
3286 1173 3405 1226 aliis

1826 1273 2076 1326 omnibus
2129 1271 2373 1337 superior
2421 1278 2534 1334 est,
2587 1268 2835 1336 quoniam
2891 1275 2972 1321 est
3031 1275 3242 1320 creator
3311 1280 3408 1318 eo-

1827 1380 1979 1428 rum,
2026 1374 2080 1417 et
2130 1371 2334 1416 tantum
2382 1363 2460 1416 eis
2506 1359 2932 1415 substantialiter
2978 1359 3226 1426 superior
3287 1368 3404 1423 est,

1829 1456 2198 1524 superpositus
2271 1463 2400 1516 est,
2471 1463 2731 1519 quantum
2800 1459 2882 1502 est.
2957 1451 3130 1503 minor
3199 1449 3406 1502 factura

1829 1548 2057 1609 factore,
2107 1547 2382 1612 ingressus
2423 1553 2504 1595 est
2551 1544 2601 1615 in
2646 1541 2832 1594 orbem
2883 1550 3150 1592 terrarum
3194 1539 3409 1606 quando

1832 1638 2129 1706 appellatus
2173 1646 2251 1689 est
2285 1651 2407 1704 pars
2436 1635 2572 1702 ejus,
2604 1634 2897 1687 secundum
2938 1633 3079 1701 quod
3116 1634 3275 1686 homo
3308 1645 3408 1699 ap-

1831 1729 2028 1798 paruit.

249 1837 449 1904 insuper
489 1846 666 1890 autem
697 1835 782 1890 his
816 1836 980 1888 infert
1018 1834 1200 1888 statim
1229 1831 1552 1900 procedens,
1588 1824 1729 1896 quod
1766 1838 1808 1896 Β
1910 1843 1974 1896 Ε(
2013 1850 2126 1911 post
2181 1857 2370 1910 ρηηεη,
2432 1838 2597 1893 Miror
2659 1854 2784 1892 νει-ο
2844 1836 3212 1890 adversarium
3272 1835 3408 1890 seri-

182 1930 449 1985 cruciﬁxus
482 1929 641 1981 homo
677 1936 794 1980 erat
848 1925 1051 1978 habens
1091 1925 1256 1977 Deum
1309 1921 1724 1976 iuhabitantem.

251 2021 428 2074 lterum
465 2018 675 2087 Cyrilti.
707 2017 844 2082 Quid
874 2017 1030 2080 dicis,
1077 2031 1108 2069 ο
1139 2017 1312 2077 fortis,
1373 2014 1463 2066 Dei
1500 2012 1730 2081 genitrix

179 2122 287 2166 erat
316 2124 492 2164 saneta
526 2110 707 2177 Virgo,
745 2110 884 2176 quod
925 2119 1053 2160 nato
1083 2122 1146 2159 ex
1191 2108 1303 2174 ipsa
1350 2107 1487 2158 Deus
1534 2105 1729 2164 inerat,

179 2205 409 2257 habitans
477 2204 768 2255 set-titulum
853 2201 1024 2253 solum
1093 2198 1342 2251 atiectuut
1399 2193 1733 2248 voluntatis?

182 2294 331 2349 istaut
362 2309 475 2347 esse
521 2292 755 2346 :diirmas
803 2290 1103 2344 unitatem?
1133 2290 1269 2357 Ergo
1313 2303 1432 2341 cum
1482 2287 1642 2338 etiam
1679 2285 1731 2337 in

179 2388 326 2441 nobis
354 2386 474 2454 ipsis
503 2385 833 2437 mansionem
895 2381 1053 2435 faciat
1103 2382 1241 2434 Deus
1287 2379 1551 2432 exsisteus
1602 2375 1732 2428 Ver-

177 2478 297 2531 bum
329 2476 605 2546 (inhabitat
635 2477 777 2528 enim
805 2475 1086 2526 animabus
1137 2479 1446 2523 sanctorum
1481 2483 1573 2536 per
1611 2482 1734 2519 san-

178 2583 316 2628 ctum
363 2567 662 2637 Spiritum),
715 2566 1093 2619 conﬁtearisne
1164 2561 1454 2615 secundum
1505 2560 1734 2611 similent

175 2665 386 2717 modum
407 2663 566 2714 etiam
597 2675 692 2713 nos
716 2659 862 2725 ipsos
899 2657 963 2709 ad
1002 2656 1175 2723 ipsum
1211 2653 1408 2706 habere
1440 2649 1738 2702 unitatem?

176 2753 275 2810 Ubi
305 2755 460 2820 igitur
493 2751 806 2803 miraculum
857 2747 1097 2816 mysterii
1131 2744 1330 2796 Christi
1380 2743 1605 2805 aspiciat
1641 2741 1737 2791 ali-

173 2844 335 2914 quis?
368 2841 494 2894 Nam
547 2838 979 2907 quandoquidem
1019 2834 1258 2887 creditur
1302 2832 1592 2883 secundum
1641 2844 1738 2882 nos

173 2939 335 2991 homo
367 2934 478 2988 ﬁeri
511 2932 649 2985 Deus
684 2929 938 2991 Verbum,
973 2923 1222 2979 mirabile
1259 2932 1340 2974 est
1384 2937 1510 2974 vere
1541 2930 1739 2987 myste—

173 3029 333 3091 rium,
368 3035 421 3079 et
448 3023 674 3076 miretur
705 3021 891 3086 utique
916 3016 1109 3083 aliquis
1148 3017 1248 3067 hoc
1279 3014 1472 3065 merito
1499 3021 1550 3064 et
1579 3011 1740 3063 velte-

169 3126 398 3171 menter.
435 3113 489 3168 Si
536 3121 713 3165 autem
759 3112 808 3162 in
838 3108 1055 3162 homine
1109 3106 1352 3159 habitare
1396 3105 1608 3157 dicatur
1655 3116 1739 3155 se-

166 3210 402 3262 cundum
433 3205 680 3258 atiectum
717 3201 1026 3264 voluntatis,
1076 3198 1236 3252 aliam
1271 3198 1431 3250 habet
1479 3196 1738 3248 rationem

167 3313 260 3351 res
306 3293 745 3362 dispensationis.
809 3289 1103 3344 Meruimus
1153 3289 1328 3350 enim,
1385 3287 1526 3339 sicut
1577 3284 1740 3345 dixit,

160 3387 433 3456 ejusmodi
484 3385 731 3453 gratiam,
799 3383 886 3451 qui
942 3382 1062 3443 lide,
1124 3395 1242 3448 qme
1303 3379 1352 3430 in
1416 3379 1588 3442 ipsum
1641 3385 1742 3439 est,

160 3477 561 3547 splenduimus.
597 3474 712 3528 Non
754 3474 895 3526 enim
930 3473 1123 3540 aliquis
1169 3471 1354 3539 utique
1398 3467 1562 3531 dicat,
1606 3468 1745 3535 quod

159 3583 277 3622 non
320 3566 625 3620 voluntarie
657 3567 798 3618 inest
828 3563 981 3616 nobis
1013 3579 1025 3614 :
1074 3562 1241 3630 magis
1275 3576 1400 3612 vero
1445 3559 1746 3612 voluntarie

155 3661 285 3715 sive
315 3659 612 3712 secundum
646 3657 975 3710 voluntatem
1018 3655 1236 3706 insitam
1281 3653 1327 3704 ei
1372 3651 1439 3704 ad
1488 3665 1585 3704 nos
1619 3649 1746 3703 atie-

155 3762 316 3805 ctum
352 3750 579 3804 fecerat.
616 3749 721 3803 Sed
763 3763 859 3802 nec
894 3762 923 3800 a
956 3762 1118 3799 carne
1148 3753 1347 3798 sanctae
1379 3743 1615 3809 Virginis
1655 3743 1748 3794 ini-

157 3844 305 3895 tium
341 3844 592 3896 essentiie
624 3841 878 3894 habuisse
909 3838 1137 3892 dicimus
1169 3836 1334 3888 Deum
1365 3833 1622 3898 Verbum,
1656 3832 1746 3900 qui

149 3933 653 3988 consubstantialis
685 3943 767 3984 est
799 3932 945 3984 Patri
982 3948 994 3982 :
1029 3939 1145 3984 erat
1191 3929 1333 3982 enim
1384 3941 1595 3994 semper
1645 3939 1746 3976 una

147 4041 286 4081 cum
323 4040 391 4078 eo
427 4025 731 4078 subsistens
762 4041 774 4074 :
813 4023 980 4090 magis
1011 4031 1189 4074 autem
1224 4020 1423 4073 scimus
1455 4018 1747 4072 secundum

147 4132 267 4172 nos
316 4117 523 4168 lactant
573 4127 693 4167 esse
735 4113 1029 4166 hominem.
1079 4112 1259 4176 Itaque
1309 4117 1415 4160 tam
1460 4107 1602 4172 juste
1655 4105 1749 4158 Dei

142 4208 408 4278 genitrix
441 4205 653 4257 dicatur
687 4219 714 4255 a
754 4205 907 4257 nobis
938 4212 1123 4256 sancta
1166 4197 1351 4267 Virgo,
1379 4211 1538 4262 quam
1573 4195 1748 4247 homi-

141 4303 245 4355 nis
281 4297 547 4367 genitrix,
578 4310 699 4348 eum
731 4305 878 4350 certe
910 4294 1203 4349 secundum
1233 4304 1453 4346 carnem
1481 4285 1748 4342 Christum

138 4389 496 4460 peperisset.

1837 1935 2028 2002 psisse,
2061 1936 2200 2002 quod
2231 1947 2505 1999 nunquam
2533 1930 2962 1998 coniunctionem
2991 1932 3052 1982 ad
3082 1929 3245 1983 Deum
3272 1927 3410 1982 Ver-

1837 2027 1959 2077 bum
1991 2026 2271 2077 meruisset
2295 2034 2346 2076 et
2376 2023 2550 2085 Iesus,
2573 2023 2672 2074 nisi
2694 2023 2841 2090 prius
2867 2021 3236 2074 immaculatns
3269 2028 3412 2073 esset

1835 2115 2056 2167 cibatus
2089 2129 2184 2182 per
2243 2118 2571 2166 unctionem.
2607 2112 2736 2164 Nam
2782 2115 2995 2180 quidem
3029 2112 3261 2176 primum
3295 2111 3409 2162 dis-

1830 2207 2003 2274 jungit
2028 2206 2671 2268 manil'estectdiscernit,
2689 2214 2868 2270 aperte
2892 2204 3023 2255 duos
3039 2203 3221 2256 dicens
3247 2200 3407 2253 ﬁlios.

1839 2299 2039 2351 Deinde
2069 2299 2228 2359 dit-at,
2262 2298 2480 2362 quando
2508 2297 2646 2348 sicut
2676 2297 2750 2348 ait
2784 2277 3157 2348 inmaculatus
3187 2291 3412 2344 effectus

1837 2398 1939 2451 est,
1991 2399 2042 2439 et
2089 2389 2152 2440 ad
2207 2389 2367 2440 Deum
2410 2386 2644 2439 Verbum
2697 2386 3127 2452 conjunctiouem
3182 2383 3410 2445 meruit,

1839 2490 2017 2532 utrum
2053 2496 2114 2532 ex
2150 2479 2262 2546 ipso
2295 2488 2470 2539 utero,
2498 2487 2587 2528 aut
2617 2491 2735 2528 cum
2773 2475 3043 2527 tricesimo
3076 2489 3216 2525 anno
3248 2485 3412 2528 ess‘et.

1842 2571 2091 2624 Pervenit
2122 2571 2336 2636 quidem
2375 2569 2437 2620 ad
2471 2566 2784 2630 Jordanent,
2818 2566 3063 2633 qumsivit
3097 2580 3222 2617 vero
3252 2565 3415 2616 etiam

1842 2659 2062 2712 Joannis
2095 2659 2420 2724 baptismum
2457 2658 2519 2708 t“.
2556 2656 2608 2708 Si
2645 2656 2858 2722 quidem
2892 2673 2955 2708 ex
3001 2667 3153 2709 utero
3200 2667 3418 2709 sanctus

1841 2758 2005 2811 esset,
2061 2748 2328 2814 quomodo
2376 2747 2502 2798 dicit
2544 2757 2789 2797 sanctum
2824 2745 2956 2798 eﬂici
3007 2761 3159 2807 eum,
3212 2755 3263 2798 et
3310 2762 3414 2800 non

1844 2842 2012 2908 magis
2050 2840 2205 2892 esse?
2247 2839 2396 2903 Quod
2439 2838 2580 2890 enim
2626 2837 2824 2890 dicitur
2875 2837 3016 2899 lieri,
3061 2837 3281 2891 omnino
3325 2852 3419 2888 ne-

1841 2948 1994 2984 cesse
2037 2941 2120 2984 est
2167 2931 2464 2997 intelligere
2510 2931 2649 2992 quod
2700 2945 2803 2981 noti
2857 2939 2973 2982 erat
3022 2929 3161 2997 quod
3218 2927 3415 2981 factum

1844 3035 1944 3074 est.
1983 3021 2076 3073 Sin
2108 3030 2284 3073 autem
2319 3028 2435 3071 erat
2478 3027 2696 3071 sanctus
2728 3032 2958 3085 semper,
3006 3029 3058 3070 et
3093 3019 3193 3070 hoc
3224 3031 3327 3070 non
3366 3017 3418 3068 in

1847 3122 2086 3182 tempore
2118 3113 2290 3166 factus
2322 3120 2426 3175 est,
2475 3111 2742 3178 quomodo
2783 3111 2910 3162 dicit
2955 3109 3213 3176 Spiritum
3259 3123 3422 3176 super

1849 3223 1967 3258 eum
2001 3205 2298 3266 devolasse,
2330 3213 2381 3257 et
2425 3201 2806 3269 conjunctione
2857 3201 3074 3268 dignum
3114 3201 3285 3266 ipsum
3330 3202 3424 3252 de-

1850 3307 2206 3358 monstrasse,
2253 3304 2306 3348 ct
2352 3295 2621 3348 addidisse
2665 3293 2710 3345 ci
2761 3293 2901 3361 quod
2945 3292 3169 3344 deerat?
3215 3292 3277 3344 Et
3323 3292 3421 3344 hoc

1849 3391 1990 3443 enim
2028 3390 2078 3441 in
2135 3389 2254 3440 aliis
2293 3388 2406 3440 suis
2458 3386 2633 3454 posuit
2678 3385 2848 3438 libris.
2901 3383 3036 3448 Quid
3083 3386 3225 3436 enim
3267 3393 3421 3445 erat,

1849 3483 1992 3550 quod
2024 3481 2241 3532 omnino
2272 3480 2333 3531 ad
2381 3477 2859 3532 sanctiﬁcatiouem
2893 3477 3076 3528 deerat
3119 3477 3164 3528 ei
3210 3491 3272 3526 ex
3308 3477 3424 3541 ipso

1851 3585 2025 3630 utero,
2057 3571 2226 3638 magis
2259 3585 2385 3622 vero
2413 3579 2464 3621 et
2497 3578 2619 3620 ante
2651 3568 2943 3620 secundum
2976 3581 3192 3619 carnem
3226 3566 3424 3618 nativi-

1852 3673 2013 3715 tatem
2047 3672 2232 3714 saneto
2274 3671 2327 3714 et
2361 3659 2734 3722 immaculato,
2769 3670 2821 3709 et
2865 3658 3220 3712 sanctiﬁcanti
3271 3673 3423 3709 crea-

1854 3765 2027 3806 turam
2053 3754 2074 3805 ?
2105 3751 2238 3805 Cum
2275 3753 2439 3821 igitur
2470 3752 2632 3814 dicat,
2671 3755 2814 3817 quod
2847 3766 2949 3801 non
2985 3749 3166 3814 utique
3197 3750 3424 3802 meruis-

1851 3856 1930 3898 set
1982 3845 2138 3898 Jesus
2187 3845 2626 3913 eonjunctiouem
2679 3845 2744 3896 ad
2794 3843 2957 3895 Deum
3006 3842 3269 3904 Verbum,
3321 3841 3425 3893 ttisi

1850 3937 1999 4004 prius
2047 3936 2421 3988 immaculatus
2471 3934 2694 3990 effectus
2741 3943 2910 3997 esset,
2959 3934 3214 4001 plurimas
3262 3932 3424 3986 simul

1853 4028 2225 4080 accusationes
2271 4027 2527 4078 adversus
2570 4042 2667 4079 sua
2715 4025 2898 4078 scribit
2933 4023 3256 4091 vaniloquia.
3291 4023 3425 4076 Nam

1855 4119 2085 4185 primunt
2118 4119 2329 4184 quidem
2366 4118 2677 4171 inderenter
2708 4116 2862 4181 dit-it,
2898 4116 3161 4169 meruisse
3193 4136 3205 4169 ε
3235 4115 3427 4168 deinde

1854 4207 2111 4274 disjungit
2151 4206 2200 4257 iu
2234 4205 2474 4258 alterum
2507 4205 2796 4272 separatim
2832 4203 3048 4269 Filium,
3093 4206 3183 4273 qui
3230 4221 3296 4258 ex
3341 4219 3429 4258 se-

1854 4299 1997 4348 mine
2029 4305 2110 4348 est
2142 4295 2326 4358 David,
2364 4311 2522 4363 quem
2558 4296 2728 4363 ipsum
2780 4296 2950 4347 solum
3003 4297 3290 4361 separatim
3333 4294 3426 4347 Je-

1855 4402 1975 4441 sum
2011 4387 2289 4440 nominare
2321 4386 2658 4454 impudenter
2688 4386 2986 4439 contendit.
3033 4387 3111 4438 Ad
3144 4386 3277 4448 tunc,
3321 4385 3426 4437 itit-

224 4480 305 4533 Et
336 4489 456 4550 post
492 4478 621 4532 alia.
667 4478 800 4532 Cum
839 4478 982 4532 enim
1033 4477 1097 4530 ad
1153 4476 1588 4544 explanationem
1647 4474 1748 4528 hoc
1780 4485 1827 4544 ι)
1862 4479 2188 4533 maculatum
2243 4477 2378 4531 eﬂici
2429 4493 2549 4531 eum
2609 4479 2807 4540 dicere,
2866 4488 3116 4543 tanquam
3167 4475 3268 4527 hoc
3323 4475 3422 4527 ali-

133 4573 516 4646 propositum
543 4579 645 4633 est,
677 4572 818 4638 quod
851 4581 978 4624 est:
1019 4590 1036 4622 ‹
1070 4570 1201 4624 Cum
1234 4567 1748 4636 introducitprimo-
1855 4573 2070 4638 quando
2125 4585 2229 4622 non
2289 4570 2595 4628 habentem,
2658 4568 2939 4636 plurimam
3001 4569 3100 4620 hoc
3159 4567 3315 4620 habet
3371 4577 3426 4620 ct

129 4667 418 4737 genitum
464 4664 512 4716 in
544 4663 726 4716 orbem
759 4673 1042 4725 terrarum,
1071 4663 1250 4716 dicit:
1286 4662 1348 4714 Et
1373 4661 1598 4714 adorent
1628 4673 1748 4712 eum
1857 4661 2262 4728 blasphemiam.
2300 4660 2493 4713 Unitus
2541 4660 2681 4711 enim
2732 4660 2868 4710 Deus
2917 4658 3146 4710 Verbum
3199 4675 3262 4712 ex
3313 4660 3427 4726 ipso

131 4758 412 4812 universi
444 4753 613 4824 angeli
651 4752 740 4805 Dei
776 4753 839 4817 ‘5,
883 4772 900 4804 ι
938 4754 1124 4807 scribit
1156 4757 1344 4807 iterum
1377 4754 1454 4806 sic
1490 4770 1502 4804 :
1859 4763 2009 4805 utero
2039 4753 2187 4804 carni
2222 4765 2350 4812 sum,
2386 4766 2522 4802 unus
2563 4759 2700 4811 erat,
2745 4757 2798 4802 et
2840 4750 2916 4802 sic
2957 4759 3008 4802 et
3051 4751 3429 4807 immaculatus

1857 4839 2057 4903 Filius,
2094 4838 2328 4891 Sanctus
2368 4848 2698 4904 sanctorum,
2749 4848 2802 4892 et
2852 4839 2915 4892 de
2959 4854 3055 4893 sua
3099 4839 3431 4908 plenitudine

1863 4927 2118 4993 Spiritum
2179 4929 2311 4981 dans
2363 4944 2466 4981 nou
2518 4929 2688 4982 solum
2739 4930 3079 4994 hominibus,
3129 4932 3220 4983 sed
3267 4932 3429 4984 etiam

1860 5034 2094 5084 sursum,
2126 5031 2179 5075 et
2213 5021 2264 5074 in
2293 5022 2431 5076 cmlo
2478 5023 2891 5075 rationabilibus
2931 5022 3236 5075 virtutibus.

741 4887 826 4941 10.
871 4901 1200 4940 THEODORUS.

218 5005 380 5072 Quis
413 5018 487 5059 est
520 5005 680 5075 igitur
713 5001 799 5070 qui
843 5000 894 5052 in
926 5000 1094 5051 orbem
1147 5010 1406 5052 terrarum
1455 4997 1751 5050 introduci-

118 5107 262 5159 tur,
299 5109 352 5148 et
387 5099 798 5150 dominationem
833 5093 945 5162 ejus
981 5091 1157 5156 incipit
1212 5089 1371 5159 [forte
1415 5086 1648 5155 accipit].
1687 5088 1749 5140 de

113 5204 251 5256 qua
292 5189 349 5238 ei
408 5197 459 5238 et
495 5189 702 5238 (ιιιυγιινὶ
744 5187 807 5239 ab
855 5185 1049 5254 angelis
1095 5183 1428 5249 acquiritur?
1471 5178 1580 5232 Nec
1617 5180 1754 5231 enim

113 5277 447 5330 insaniens
497 5279 691 5344 aliquis
738 5281 876 5331 dicat
923 5277 1085 5330 Deum
1153 5272 1372 5327 Verbum
1419 5289 1525 5324 csse
1584 5273 1754 5324 intro-

113 5373 418 5430 ductum,
477 5369 565 5436 qui
624 5371 800 5420 omnia
857 5387 958 5421 non
1009 5367 1267 5421 exstantia
1307 5363 1447 5431 fecit,
1499 5365 1752 5433 incﬂ'abili

109 5456 267 5525 ejus
319 5457 527 5508 virtute
560 5456 759 5508 donans
789 5459 860 5507 eis
890 5468 943 5508 ut
980 5469 1165 5510 essent.

2370 5178 2455 5231 il.
2493 5177 2560 5229 Et
2589 5187 2700 5244 post
2731 5193 2918 5243 pauca.

2483 5319 2811 5359 THEODORUS.

1936 5458 2011 5526 (l)
2050 5474 2067 5508 ε
2106 5455 2395 5509 Multil'arie
2419 5453 2709 5523 multisque
2752 5457 2924 5511 modis
2954 5455 3078 5510 olim
3120 5455 3258 5510 Deus
3288 5453 3437 5512 locu-

214 5609 276 5642 “
307 5609 494 5666 Hebr.
525 5625 561 5672 t,
605 5609 658 5672 ϐ,
736 5608 781 5638 ⁸⁸
800 5609 985 5665 Matth.
1029 5629 1085 5676 ll,
1119 5613 1258 5667 1-17.

209 5771 313 5841 (1)
359 5769 511 5825 Cilat
544 5770 685 5823 hunc
716 5766 886 5824 locum
918 5768 1171 5825 Leomius
1207 5771 1238 5825 l.
1279 5787 1358 5836 tu,
1399 5772 1532 5839 apud
1565 5771 1742 5826 Canis.
1789 5779 1824 5822 t.
1863 5766 1926 5822 IV
1952 5767 2126 5837 Antiq.
2158 5765 2275 5822 icct.
2311 5782 2366 5838 p.
2409 5767 2496 5823 93.
2531 5767 2705 5822 Hann.
