4042 6440
614 340 752 399 1447

1559 337 1616 394 S.
1658 335 1930 392 CYRIIJJ
1971 329 2446 389 ALEXANDRINI
2491 327 2814 385 ARCIIIEP.

3786 323 3906 377 ius

615 469 702 512 tus
731 453 976 526 pati-ibus
1005 454 1059 509 in
1091 454 1388 524 praphetis,
1423 453 1477 508 in
1533 455 1843 510 novissimis
1881 452 2071 508 diebus
2114 452 2199 506 his
2229 461 2276 515 Α
2306 446 2576 503 Theodori
2611 447 2787 516 sequi,
2819 459 2926 500 non
2957 441 3353 499 absolutionem
3403 439 3456 495 ei
3494 438 3909 496 accusationum

615 548 824 602 loculus
853 555 942 602 est
968 546 1124 601 nobis
1154 546 1205 600 iu
1251 545 1388 601 Filio
1418 545 1486 612 ⁸⁷,
1519 564 1538 599 ι
1575 546 1680 600 Per
1721 544 1919 598 Filium
1954 545 2092 600 enim
2120 544 2200 597 lo-

613 646 765 692 cutus
791 645 868 692 est
905 635 1098 691 nobis:
1136 647 1333 690 certum
1359 647 1436 691 est
1471 652 1610 701 vero,
1642 636 1780 707 quod
1823 636 1886 689 de
1929 643 2198 701 assumpto

614 730 842 783 homine.
888 747 906 780 ι
952 727 1052 784 Cui
1114 729 1257 783 enim
1309 729 1444 783 dixit
1489 728 1781 798 aliquamlo
1831 727 2194 797 angelorum:

615 817 785 873 Filius
817 832 970 873 meus
999 833 1057 872 es
1091 827 1165 884 tu,
1189 835 1286 889 ego
1321 819 1482 873 hodie
1512 820 1671 890 genui
1708 829 1755 873 te
1783 817 1870 870 ‘3?
1907 837 1925 870 ι
1976 815 2199 870 Nullum

615 911 762 972 dicit,
823 910 1131 977 participant
1182 911 1306 978 fecit
1361 911 1640 980 dignitatis
1699 908 1844 964 Filii.
1897 907 2012 962 Hoc
2057 909 2196 962 enim

613 1001 754 1068 quod
782 1000 940 1068 dixit,
974 1003 1131 1071 genui
1162 1011 1214 1056 te
1235 1042 1248 1066 ,
1281 1004 1434 1072 quasi
1466 1018 1559 1070 per
1604 1003 1703 1056 hoc
1743 1001 2196 1070 participationem

615 1090 892 1159 ﬁliationis
922 1092 1106 1146 dedit:
1136 1095 1347 1147 omnino
1391 1110 1508 1148 vero
1553 1105 1729 1163 aperte
1761 1092 1962 1147 nultum
2000 1091 2198 1144 Itabens

616 1184 685 1234 ad
721 1182 884 1236 Deum
936 1182 1156 1238 Verbum
1193 1187 1644 1250 communionem,
1679 1195 1892 1255 apparet
1937 1186 2034 1238 ltoc
2061 1184 2199 1254 quod

616 1274 813 1328 dictum
846 1285 942 1328 est.

1266 1383 1544 1425 οῑιιιιιυε.

685 1456 848 1513 Certe
881 1471 935 1514 et
981 1461 1032 1514 in
1077 1460 1517 1528 allocutionibus,
1551 1479 1686 1531 quas
1735 1463 1863 1518 fecit
1909 1463 1974 1516 ad
2020 1463 2197 1530 bapti-

615 1553 836 1618 zandus,
875 1552 1071 1606 iterum
1119 1553 1261 1608 dixit
1307 1555 1445 1611 idem
1494 1554 1864 1610 Theodorus:
1915 1554 2030 1608 Hoc
2080 1571 2199 1608 vero

616 1659 720 1696 non
752 1657 816 1695 ea:
842 1643 987 1696 nobis
1010 1645 1137 1712 ipsis
1171 1646 1463 1698 invenimus
1495 1648 1870 1711 testimonium,
1907 1648 1996 1700 sed
2021 1663 2086 1700 ex
2119 1648 2201 1698 di-

615 1731 734 1784 uina
785 1731 956 1784 edocti
1001 1748 1183 1786 sumus
1235 1731 1546 1802 Scriptura,
1607 1737 1856 1804 quoniam
1919 1747 1966 1789 et
2020 1737 2197 1790 beatus

2303 540 2468 606 facit;
2524 540 2696 610 magis
2749 554 2878 594 vero
2935 538 3280 607 grandiorem
3341 537 3626 591 adversus
3690 547 3814 587 eum
3865 535 3910 588 iu

2305 631 2709 684 damnationem
2757 629 2899 699 [ιόν.
2949 624 3511 698 condemnationem]
3574 627 3912 694 operahitur.

2303 721 2439 775 Dum
2471 722 2613 774 enim
2654 720 2840 774 liceret
2870 721 2919 776 ci
2959 730 3272 776 sanctorum
3319 719 3554 772 Patrum
3613 718 3788 771 rectis
3814 733 3916 769 \‘er-

2301 811 2386 866 bis
2433 821 2486 865 et
2527 811 2890 866 immaculatis
2934 813 3001 866 de
3045 812 3250 866 deitate
3299 809 3671 865 sermonibus
3726 808 3913 876 potiri,

2304 905 2662 974 praeposuisse
2697 904 3035 974 dignoscitur
3071 903 3286 958 veritati
3333 902 3723 956 mendacium.
3772 901 3912 955 Prie-

2304 999 2540 1052 termisit
2565 997 2710 1052 enim
2742 1014 2861 1066 qua:
2897 998 3110 1052 illorum
3142 1008 3310 1064 sunt;
3363 995 3551 1065 magis
3585 1010 3729 1048 vero
3762 995 3915 1063 elegit

2306 1091 2550 1160 turpibus
2581 1092 2891 1157 adhaerere,
2938 1100 2992 1144 et
3037 1100 3144 1144 tam
3177 1091 3428 1145 distortis
3467 1089 3770 1144 lmtiﬁcare
3802 1103 3913 1142 ser-

2305 1182 2578 1238 monibus.
2607 1182 2761 1236 Hune
2792 1198 2919 1237 vero
2947 1185 3038 1253 qui
3066 1184 3226 1238 talem
3262 1184 3430 1236 habet
3479 1182 3840 1234 voluntatem
3870 1192 3918 1231 et

2303 1273 2656 1339 dementiam,
2692 1274 2744 1328 in
2780 1275 2882 1328 hoc
2916 1274 3203 1329 desiluisse
3255 1275 3500 1344 inculpet
3550 1273 3802 1343 aliquis,
3839 1289 3918 1324 ar-

2303 1365 2478 1420 hitror
2503 1375 2557 1418 et
2584 1364 2736 1418 valde
2779 1366 2995 1420 merito.
3040 1367 3341 1436 Oportebat
3381 1367 3532 1420 enim
3589 1366 3916 1420 memoriam

2304 1458 2506 1512 habere
2545 1458 2875 1513 sanctissimi
2918 1458 3102 1525 Pauli,
3143 1460 3307 1526 plane
3353 1460 3664 1514 scribentis
3717 1458 3913 1512 nobis:

2309 1568 2328 1601 ι
2369 1548 2557 1603 Estote
2609 1551 2906 1619 prudentes
2957 1550 3303 1603 nummularii
3351 1569 3362 1604 :
3415 1552 3607 1602 omnia
3653 1548 3913 1618 probate,

2303 1641 2443 1707 quod
2476 1641 2678 1694 bonum
2715 1649 2794 1694 est
2836 1649 3010 1692 tenete
3041 1657 3054 1694 :
3091 1639 3158 1692 ab
3195 1639 3342 1693 omni
3369 1639 3561 1706 specie
3614 1638 3765 1690 mala
3801 1639 3917 1690 abs-

2307 1732 2476 1788 tinete
2525 1749 2624 1787 vos
2657 1734 2725 1786 ⁵³.
2767 1752 2785 1784 ›
2827 1732 2979 1799 Quod
3011 1742 3065 1787 et
3104 1747 3266 1800 agere
3308 1733 3493 1797 soliti,
3533 1747 3639 1786 nos
3685 1741 3744 1786 et
3789 1733 3914 1785 soli-

615 1821 821 1878 Paulus
851 1825 924 1879 ita
958 1826 1128 1879 dicit:
1181 1843 1200 1876 ι
1245 1827 1320 1880 Et;
1357 1798 1564 1895 quibus
1607 1798 1858 1883 Christus
1899 1831 2196 1884 secundum
2231 1798 2276 1858 Β
2307 1825 2495 1880 dorum
2543 1827 2861 1893 prohatores
2898 1825 3102 1878 imitari
3150 1824 3512 1889 festinantes,
3558 1825 3651 1878 illa
3694 1825 3913 1893 quidem

614 1931 861 1983 carnem,
893 1916 984 1987 qui
1019 1926 1102 1971 est
1147 1932 1314 1987 super
1356 1919 1537 1972 omnia
1590 1919 1730 1974 Deus
1762 1919 1829 1986 ι’,
1868 1939 1887 1973 ι
1926 1939 2028 1976 ηοη
2063 1922 2203 1992 quod

613 2025 678 2061 ex
712 2007 918 2063 Jndteis
947 2019 994 2062 et
1025 2010 1312 2063 secundant
1344 2026 1555 2064 carnem
1584 2023 1680 2078 est,
1713 2014 1801 2082 qui
1844 2029 2000 2080 super
2023 2016 2199 2068 omnia

616 2101 753 2156 Deus
783 2115 896 2166 est;
927 2105 1015 2157 sed
1051 2104 1149 2156 hoc
1188 2106 1402 2174 quidem
1445 2105 1512 2158 ad
1553 2105 1964 2174 signiﬁcanda»:
2008 2108 2199 2159 Imma-

614 2211 735 2247 nam
764 2206 1009 2248 naturam
1052 2195 1214 2261 dixit,
1251 2212 1409 2265 quant
1439 2197 1503 2249 ab
1537 2194 1834 2251 Israelitico
1870 2214 2057 2268 genere
2089 2213 2200 2251 esse

612 2284 830 2350 sciebat,
862 2284 996 2338 illud
1032 2295 1206 2339 autem
1241 2286 1311 2340 ad
1358 2288 1734 2341 ostendendam
1773 2290 2006 2342 divinam
2042 2299 2203 2342 natu-

612 2392 758 2439 ram,
810 2393 965 2447 quam
998 2393 1161 2445 supra
1230 2379 1408 2431 omnia
1453 2388 1502 2432 et
1550 2380 1792 2432 omnibus
1841 2381 2197 2434 dominantem

610 2467 808 2520 sciebat
840 2484 858 2521 :
896 2486 913 2518 ι
941 2467 984 2524 Ο
1007 2468 1179 2534 surdi,
1211 2470 1414 2536 audite,
1444 2480 1523 2537 et,
1553 2473 1704 2533 caeci,
1738 2472 1917 2527 videte
1942 2473 2012 2537 ⁸ο,
2054 2491 2072 2523 ι
2110 2488 2203 2528 ac-

615 2558 871 2612 clamavit
903 2559 1098 2628 aliquis
1131 2569 1442 2614 sanctorum
1476 2566 1555 2615 eis
1596 2562 1685 2629 qui
1717 2561 1936 2616 fuerunt
1976 2573 2043 2617 ex
2073 2578 2202 2617 san-

613 2649 776 2718 guine
806 2649 988 2706 Israel.
1028 2650 1139 2721 Ego
1169 2660 1351 2706 autem
1400 2652 1660 2719 arbitror,
1694 2663 1748 2708 et
1795 2654 1946 2708 valde
1987 2653 2198 2718 merito,

611 2743 716 2796 hoc
744 2754 925 2812 aptum
957 2758 1078 2799 esse
1112 2758 1216 2798 non
1252 2743 1596 2809 habentibus,
1624 2744 1707 2799 vel
1741 2761 1845 2800 non
1889 2744 2200 2801 volentibus

614 2844 764 2888 recte
794 2834 1097 2904 intelligere
1129 2835 1333 2892 Christi
1363 2838 1706 2908 mysterium.
1733 2834 1869 2890 Nam
1902 2838 2202 2892 obcaecavit

613 2929 830 2998 quidem
869 2929 1010 2984 Deus
1041 2930 1225 2984 saeculi
1262 2930 1421 2986 istius
1471 2929 1860 3000 intelligentias
1899 2921 2197 2986 infidelium

615 3029 671 3076 et
701 3019 1037 3092 intelligibile
1073 3021 1126 3075 in
1173 3031 1355 3076 mente
1404 3031 1459 3076 et
1500 3021 1551 3074 iu
1599 3021 1764 3075 corde
1796 3036 1902 3074 nou
1936 3022 2200 3076 habentes

613 3113 811 3168 merito
849 3121 1175 3168 erraverunt
1206 3115 1274 3167 ".
1313 3111 1369 3166 Si
1403 3127 1532 3167 vero
1570 3113 1790 3181 quidam
1830 3123 1957 3166 sunt
2003 3113 2203 3166 illumi-
2229 3142 2272 3200 ρ

615 3205 752 3268 nati,
784 3205 956 3275 magis
981 3219 1109 3258 vero
1138 3205 1305 3259 etiam
1338 3204 1651 3260 doctoribus
1683 3204 2083 3268 connumerati,
2107 3206 2200 3273 qui

613 3294 884 3351 similibus
916 3297 1123 3352 morbis
1153 3297 1337 3352 nescio
1367 3298 1641 3367 quomodo
1664 3297 1867 3352 detenti
1901 3307 2048 3365 sunt,
2075 3298 2203 3366 quid

613 3388 758 3442 aliud
807 3389 889 3443 eis
939 3388 1139 3459 aliquis
1180 3389 1461 3456 acclamet,
1494 3404 1655 3458 quam
1704 3389 1806 3444 hoc
1847 3391 1987 3458 quod
2032 3403 2059 3441 a
2094 3388 2203 3443 Deo

614 3481 819 3536 dictum
877 3491 962 3536 est
1019 3497 1116 3552 per
1164 3498 1331 3536 unum
1386 3491 1700 3537 sanctorum
1759 3482 2197 3552 proiihetarum:

612 3591 637 3626 -ι
677 3572 831 3638 Quod
865 3573 1092 3642 laqueus
1135 3571 1263 3627 facti
1308 3575 1440 3628 estis
1477 3572 1709 3643 speculte
1759 3575 1810 3628 in
1859 3573 2198 3642 visitatione,

613 3676 668 3720 et
696 3665 838 3719 sicut
886 3666 1019 3719 retia
1066 3674 1294 3720 extensa
1326 3666 1377 3720 in
1407 3667 1724 3731 statumine,
1756 3681 1916 3735 quam
1966 3667 2058 3737 qui
2108 3683 2201 3722 ve-

614 3768 837 3822 nantur,
863 3756 1209 3811 conlixerunt
1233 3757 1322 3811 ⁸³⁸1
1358 3777 1376 3810 ι
1415 3757 1516 3824 Qui
1550 3760 1691 3813 enim
1742 3760 2198 3830 quaniplurimam

608 3847 902 3901 "utilitatem
950 3847 1210 3916 subjectis
1244 3848 1416 3914 magis
1463 3849 1643 3903 facere
1686 3849 1906 3915 debent,
1955 3851 2042 3905 isti
2089 3849 2202 3906 fue-

616 3946 740 3992 runt
768 3947 821 3992 et
852 3937 1096 4006 laqueus,
1127 3949 1182 3993 et
1214 3950 1346 4004 rete,
1381 3948 1432 3993 et
1467 3941 1710 3994 scandali
1747 3942 1988 4007 occasio,
2022 3953 2076 3996 et
2108 3959 2200 4010 pe-

614 4041 829 4084 taurum
863 4029 1082 4084 inferni.
1117 4030 1186 4084 Et
1218 4031 1317 4085 ista
1366 4032 1485 4086 dico
1532 4033 1762 4086 miratus
1807 4035 1994 4096 valde,
2033 4042 2088 4088 et
2120 4036 2198 4085 vi-

612 4117 742 4171 dere
774 4133 876 4171 non
910 4127 1101 4186 potens
1130 4119 1196 4172 ad
1235 4119 1363 4189 quid
1398 4120 1621 4190 respicit
1667 4121 1897 4176 intentio
1944 4123 2201 4176 adversa-

612 4208 700 4261 rii.
732 4204 867 4260 Nam
903 4207 1188 4263 confessus
1215 4220 1299 4263 est
1325 4211 1542 4278 quidem
1584 4212 1885 4277 evidenter,
1915 4213 2057 4282 quod
2105 4229 2202 4282 per

616 4299 810 4353 Filium
841 4298 1053 4353 locutus
1083 4308 1170 4354 est
1206 4301 1362 4356 nobis
1392 4302 1533 4357 Deus
1562 4312 1617 4357 et
1664 4302 1828 4357 Pater
1859 4321 1872 4358 :
1913 4319 2034 4358 esse
2071 4320 2200 4359 vero

614 4393 776 4444 istum
811 4390 944 4444 dicit
987 4401 1327 4460 assumptum
1379 4394 1675 4460 hominem,
1713 4395 1916 4448 nullam
1970 4397 2200 4452 habente

2304 1933 2423 1988 quae
2452 1925 2582 1974 sunt
2618 1919 2794 1989 turpia
2835 1928 2888 1972 et
2926 1918 3156 1986 reproba
3206 1918 3460 1986 dogmata
3508 1919 3914 1987 reprobamus,

2303 2012 2631 2082 suscipimus
2672 2027 2803 2066 vero
2844 2019 2900 2064 et
2943 2010 3097 2064 valde
3145 2010 3380 2065 libenter
3412 2011 3606 2064 omnia
3655 2026 3785 2080 quae
3833 2027 3914 2064 re-

2305 2103 2594 2173 splendent
2618 2103 2764 2158 clara
2797 2102 3045 2157 veritatis
3082 2102 3512 2170 pulchritudine.
3543 2102 3756 2156 lterum
3792 2117 3915 2156 vero

2307 2195 2464 2248 nobis
2505 2196 2642 2248 ratio
2677 2204 3028 2251 convertetur
3064 2196 3128 2249 ad
3161 2197 3448 2250 decentem
3485 2196 3535 2251 ei
3573 2205 3630 2250 et
3663 2199 3917 2264 proposi-

2306 2297 2413 2340 tam
2446 2288 2610 2343 viam.
2644 2286 2845 2359 Scripti
2882 2298 3011 2344 sunt
3043 2289 3208 2359 igitur
3239 2305 3268 2341 a
3300 2291 3444 2342 hono
3485 2288 3790 2343 Theodoro
3823 2290 3914 2339 ad-

2303 2392 2496 2432 versus
2530 2379 2780 2433 bmresim
2827 2381 3157 2434 Arianorum
3205 2392 3261 2432 et
3307 2381 3789 2435 Eunomianorum
3840 2381 3916 2432 \i-

2305 2470 2442 2537 ginti
2485 2485 2623 2538 pene
2677 2486 2901 2524 numero
2946 2473 3029 2524 vel
3083 2472 3376 2539 ampliores
3431 2471 3593 2535 libri,
3648 2489 3758 2526 nec
3814 2489 3913 2526 non

2305 2561 2470 2613 etiam
2501 2561 2617 2623 alii,
2650 2560 3077 2628 interpretantes
3103 2562 3451 2628 evangelicos
3483 2572 3538 2616 et
3570 2564 3914 2630 apostolicos

2303 2651 2512 2706 libros:
2549 2666 2686 2720 quos
2725 2653 2944 2722 quidem
2991 2652 3210 2708 labores
3261 2653 3429 2708 nollet
3471 2656 3681 2724 aliquis
3732 2658 3914 2711 inore-

2303 2756 2452 2811 pare,
2488 2743 2662 2813 magis
2709 2751 2887 2796 autem
2929 2743 3156 2798 decreto
3193 2743 3434 2798 studium
3483 2746 3828 2810 honoraret,
3872 2749 3914 2802 si

2304 2834 2507 2888 inesset
2552 2836 2633 2888 eis
2678 2834 2987 2904 dogniatum
3039 2836 3333 2890 rectitude.
3385 2834 3442 2889 Si
3496 2851 3636 2890 vero
3686 2840 3912 2906 quidam

2304 2935 2455 2982 extra
2495 2928 2826 2982 destinatum
2859 2927 3123 2992 ambulet,
3159 2937 3216 2983 et
3255 2938 3463 2982 rectam
3501 2929 3660 2982 viam
3703 2932 3913 2984 verita-

2307 3020 2376 3073 tis
2408 3019 2743 3090 reliuqucns,
2781 3037 2876 3091 per
2909 3021 3160 3076 semitam
3203 3030 3290 3074 eat
3328 3021 3667 3088 distortani,
3701 3024 3913 3094 simpli-

2305 3111 2624 3180 ciorumque
2653 3114 2817 3167 corda
2845 3113 3127 3180 vulneret,
3169 3113 3615 3170 adulteratorum
3666 3117 3754 3171 eis
3794 3119 3914 3186 inji-

2306 3203 2457 3256 ciens
2503 3203 2875 3257 intcllectuum
2920 3205 3168 3270 sentina,
3209 3215 3340 3259 tunc
3383 3209 3750 3276 requiescere
3811 3226 3910 3264 non

2305 3294 2423 3349 sine
2451 3294 2647 3349 damno
2679 3298 2784 3350 erit
2817 3296 2896 3350 eis
2930 3297 3024 3366 qui
3061 3299 3276 3368 pOpulis
3309 3300 3653 3369 praesident,
3699 3318 3910 3358 mercc-

2305 3388 2426 3440 dem
2461 3402 2590 3441 vero
2624 3389 2905 3442 habebunt
2955 3398 3010 3443 et
3053 3388 3266 3444 lucrum
3292 3429 3308 3456 ,
3350 3393 3395 3446 si
3435 3395 3731 3448 resistant.
3776 3396 3912 3464 Ergo

2304 3480 2560 3547 quoniam
2597 3479 2648 3532 in
2679 3480 2764 3534 his
2811 3479 2965 3536 libris
3003 3481 3120 3537 sive
3169 3485 3460 3540 memorati
3507 3488 3618 3543 viri
3668 3490 3911 3542 conscri-

2305 3572 2412 3642 ptis
2435 3587 2557 3641 quaa
2580 3573 2740 3628 modo
2771 3573 3199 3643 nominavimus,
3235 3578 3457 3632 inventa
3492 3591 3628 3633 sunt
3665 3583 3909 3650 quedam

2304 3663 2508 3718 ultima:
2541 3663 2839 3733 impietatis
2869 3666 3049 3734 plena,
3076 3669 3351 3737 quomodo
3396 3679 3522 3722 erat
3559 3687 3910 3739 consequens

2303 3753 2443 3809 velle
2475 3755 2697 3809 tacere?
2731 3756 2932 3810 Dividit
2963 3758 3107 3811 enim
3157 3758 3496 3812 individuum
3545 3761 3832 3816 Christum
3862 3772 3911 3815 et

2304 3861 2402 3915 pro
2429 3861 2537 3899 uno
2569 3846 2710 3900 Filio
2755 3847 3071 3902 dualitatem
3109 3849 3240 3902 colit
3283 3865 3311 3902 a
3359 3850 3608 3906 veritate
3653 3855 3908 3909 exciden-

2305 3949 2444 4004 tem,
2501 3946 2556 3992 et
2609 3940 2767 4008 quasi
2825 3939 2977 3994 falsis
3025 3942 3341 3997 nominibus
3395 3944 3740 4002 coloratam.
3785 3946 3911 4001 Nam

2302 4029 2472 4085 Deum
2508 4030 2770 4097 Verbum,
2804 4033 2895 4100 qui
2929 4049 2994 4087 ex
3034 4033 3144 4088 Dco
3171 4035 3334 4089 Patre
3357 4047 3466 4100 est,
3501 4039 3798 4098 hominem
3829 4058 3913 4094 vo-

2302 4122 2414 4175 cari
2451 4121 2607 4185 dicit,
2642 4138 2750 4176 non
2783 4133 2960 4177 tamen
2989 4134 3045 4178 et
3071 4125 3174 4179 hoc
3208 4126 3411 4181 factum
3446 4143 3579 4184 esse
3614 4135 3909 4188 secundum

2305 4215 2626 4281 veritatem;
2675 4216 2954 4270 hominem
2995 4232 3125 4272 vero
3153 4234 3278 4274 eum
3324 4222 3418 4291 qui
3464 4237 3538 4276 ex
3590 4223 3776 4280 Maria
3807 4238 3910 4286 est,

2303 4308 2442 4360 sicut
2484 4306 2636 4372 dicit,
2669 4323 2830 4378 quem
2876 4320 2930 4364 et
2966 4326 3187 4365 carnem
3231 4323 3414 4369 astute
3451 4317 3624 4373 nobis
3675 4321 3915 4374 nominat

2304 4397 2356 4450 iu
2389 4396 2572 4450 multis
2603 4396 2734 4452 locis
2771 4397 2940 4452 Deum
2990 4400 3208 4467 quidem
3251 4401 3386 4455 dicit
3433 4414 3489 4457 et
3539 4406 3756 4464 Filium
3795 4410 3912 4467 Dei.

615 4484 726 4537 Deo
758 4480 934 4536 Verbo
964 4482 1033 4536 ad
1067 4481 1170 4535 hoc
1197 4482 1400 4536 dictum
1433 4485 1895 4540 communionem.
1920 4485 2201 4550 Quomodo
2236 4488 2282 4543 Ι)
2313 4503 2416 4541 nou
2445 4497 2629 4541 autem
2663 4489 2763 4544 hoc
2787 4504 2909 4545 esse
2942 4491 3240 4546 secundum
3272 4494 3597 4552 veritatem.

615 4572 781 4643 igitur
817 4587 923 4625 non
956 4571 1214 4624 oumibus
1249 4571 1536 4626 manifesta
1569 4581 1653 4627 cst
1688 4575 1953 4628 adversus
1982 4574 2196 4628 beatum

617 4661 841 4717 Paulum
873 4662 1170 4729 calumnia,
1213 4662 1388 4732 magis
1412 4677 1542 4717 vero
1574 4663 1745 4732 ipsius
1770 4665 2016 4720 veritatis
2040 4681 2200 4720 aecu-

608 4756 793 4810 satio?
845 4771 947 4811 nec
1001 4756 1147 4810 enim
1197 4755 1278 4810 sic
1327 4754 1597 4810 intellexit
1646 4757 1907 4826 Spiritum
1951 4771 2200 4814 sanctum

619 4847 825 4901 habens
867 4848 1182 4918 Apostolus.
1212 4847 1410 4902 lterum
1457 4861 1586 4902 vero
1632 4849 1842 4902 derivat
1889 4851 2200 4921 dogmatum

615 4938 999 4992 rectitudinem
1038 4940 1104 4994 ad
1135 4955 1290 4995 suam
1323 4939 1649 5010 placcntiam
1686 4942 2052 5000 adversarius.

619 5048 704 5104 12.
725 5045 810 5100 Ex
837 5052 1064 5123 secundo
1092 5051 1224 5104 libro
1262 5051 1454 5123 σε]νίΗί
1484 5053 1707 5120 episwpi
1747 5053 2103 5123 Alexandriw,
2135 5059 2199 5113 de

697 5135 758 5172 eo
781 5121 920 5188 quod
950 5136 1082 5173 unus
1113 5131 1188 5173 est
1222 5121 1489 5188 Christus,
1517 5134 1704 5176 contra
1748 5121 2098 5181 Theodorum.

690 5235 842 5303 Quod
885 5243 1064 5288 tamen
1111 5234 1282 5290 voluit
1337 5239 1536 5306 impius
1604 5237 1890 5293 Nestorius
1945 5240 2199 5307 dogmata

685 5391 918 5447 "Hebr.
958 5409 996 5458 l,
1034 5394 1082 5454 l,
1112 5391 1167 5445 ’2.

618 5463 666 5493 ⁸³
695 5463 710 5515 l
744 5461 937 5520 Thess.
974 5481 1025 5529 ν,
1058 5464 1150 5529 ει,
1177 5461 1271 5515 22.

1279 5391 1476 5443 “ibid.
1510 5393 1563 5445 5.
1670 5393 1713 5425 δ’
1742 5391 1907 5446 Rom.
1970 5409 2045 5458 ix,

1345 5459 1392 5490 ⁸⁸
1415 5460 1602 5515 Matth.
1636 5481 1795 5529 xxiii,
1831 5466 1922 5520 10.

695 5607 769 5678 (ι)
808 5607 1006 5662 lterum
1038 5622 1103 5660 ex
1134 5603 1459 5678 Bibliotheca
1489 5601 1641 5678 Maii,
1680 5613 1717 5656 t.
1748 5604 1822 5670 ll,
1855 5622 1907 5675 p.
1939 5606 2061 5658 5'35.

696 5673 774 5744 (‘2')
814 5679 952 5744 Ergo
979 5693 1041 5731 cx
1076 5677 1244 5731 tribus
1271 5675 1377 5728 illis
1405 5673 1577 5731 libris.
1613 5687 1746 5740 quos
1773 5673 1986 5729 veteres
2015 5679 2201 5729 (licunt

621 5763 656 5802 δ
688 5749 886 5818 Cyrillu
916 5755 1142 5818 scriptos
1176 5755 1361 5802 contra
1418 5744 1706 5799 Diodorum
1743 5760 1803 5797 ac
1831 5745 2196 5811 Theodorum,

2264 5399 2436 5454 ""lsa.
2504 5419 2634 5470 xui,
2688 5403 2776 5459 18.

2305 4621 2671 4697 ίῦζλδαιιειιιε
2717 4623 2949 4696 Cyrillns
2988 4627 3065 4697 (Ι)
3104 4629 3160 4683 in
3202 4634 3435 4688 secundo
3475 4635 3626 4693 libro
3672 4642 3917 4695 aduersu

2383 4692 2729 4779 Theodorum,
2752 4692 3063 4779 nquiuincipit
3094 4715 3112 4753 :
3148 4719 3166 4752 ι
3209 4701 3381 4779 liqui
3412 4692 3640 4762 sacrum
3842 4692 3915 4762 iu-

2378 4765 2613 4818 tellectus
2644 4765 2794 4820 oculo
2827 4765 3025 4821 librum
3053 4775 3279 4827 scrutati
3302 4765 3434 4829 sunt
3469 4779 3580 4849 (2).
3622 4800 3642 4830 ι

2381 4879 2669 4950 Discipulis
2694 4882 2874 4938 aiebat
2902 4901 2914 4937 :
2957 4903 2976 4936 ι
3015 4884 3299 4943 Neminem
3326 4890 3380 4943 in
3410 4899 3561 4944 terra
3591 4899 3910 4964 magistrum

2308 4972 2619 5041 appelletis;
2649 4991 2788 5031 unus
2815 4987 2898 5033 est
2923 4981 3064 5034 enim
3095 4981 3286 5034 doctor
3315 4992 3500 5035 vester
3521 4985 3862 5043 Christus".
3890 5007 3904 5037 ι

2309 5064 2445 5118 Dum
2483 5065 2553 5118 ita
2587 5069 2860 5136 apostolos
2897 5072 3242 5134 hortabatur,
3276 5071 3421 5124 haud
3458 5085 3622 5130 certe
3660 5080 3906 5133 deitatem

2309 5172 2338 5209 a
2364 5158 2559 5212 visibili
2586 5176 2812 5230 corpore
2836 5162 3157 5230 scparabat;
3188 5176 3360 5230 neque
3393 5163 3510 5232 ipse
3538 5166 3806 5225 Christus
3832 5187 3906 5224 se-

2313 5259 2419 5301 met
2450 5250 2517 5302 ab
2549 5249 2729 5304 anima
2762 5264 2814 5306 et
2846 5266 3009 5305 carne
3042 5251 3272 5306 divisum
3305 5261 3630 5323 reputabat.
3669 5263 3762 5317 Sic
3794 5277 3906 5332 ergo

2895 5404 3268 5476 I“llCor.1v,
3311 5412 3356 5466 ι.
3478 5415 3701 5474 “Osce
3759 5437 3804 5485 v,
3861 5422 3902 5474 l.

2309 5609 2515 5675 priuaus
2537 5627 2747 5696 "reapse
2789 5624 2976 5668 contra
3027 5616 3320 5696 Diodorum
3371 5633 3526 5696 erat,
3573 5626 3682 5678 duo
3724 5625 3899 5696 reliqui

2307 5692 2495 5734 contra
2537 5680 2907 5753 Theodorum,
2953 5695 3008 5741 ut
3047 5703 3114 5743 ex
3159 5690 3406 5759 ipsorum
3453 5680 3632 5750 initiis
3676 5680 3894 5753 constat.
