4042 6444
168 410 283 466 1649

1336 397 1754 456 FRAGMENTA
1793 395 2205 452 DOGMATICA.

3250 392 3388 449 N50

167 540 270 577 cum
299 523 430 577 Deus
458 529 600 576 esset
628 528 681 573 et
712 520 890 583 homo,
924 530 1117 587 nempe
1150 517 1549 573 visibili‘forma
1583 535 1694 573 ser-
1731 524 1773 579 Α
1804 526 1888 570 cta
1928 526 2032 571 est.
2074 517 2166 570 Sie
2203 513 2456 568 Dominus
2491 512 2617 565 dum
2665 512 2717 565 in
2747 508 2983 581 Virginis
3019 518 3173 564 utero
3209 520 3385 573 esset,

168 630 268 677 rus,
302 612 640 668 intellectuali
676 612 864 666 notitia
904 609 1184 671 Dominus,
1220 609 1440 662 deitatis
1473 610 1705 664 excelsi-

169 716 308 760 tatem
338 706 434 759 sub
464 704 648 758 humili
682 701 1036 757 humanitatis
1064 714 1226 753 sensu
1259 700 1469 754 celabat
1501 722 1512 754 :
1550 702 1706 753 vicis-

168 800 350 865 simque
394 795 624 849 visibilis
672 792 917 861 corporis
966 790 1363 855 humilitatem,
1409 790 1708 843 divinitatis

167 891 374 945 etiicacia
400 888 714 945 extollebat.

432 1002 652 1059 Joanms
689 1001 1051 1055 CESARIENSIS
1090 1016 1415 1056 umorum.

228 1133 387 1190 Locus
431 1132 828 1199 suprascriptus
874 1147 903 1184 a
954 1131 1162 1199 Cyrillo
1209 1138 1395 1199 contra
1443 1129 1708 1181 Theodori

166 1206 446 1259 doctrinam
482 1198 805 1270 productus,
843 1198 1117 1255 auctorem
1158 1200 1317 1254 habet
1350 1198 1708 1266 Theophilum

164 1274 561 1329 Alexandrinum
591 1272 924 1338 episcopum.

229 1342 543 1414 Cyriliusin
590 1340 692 1414 alia
740 1340 1007 1394 sententia
1053 1339 1293 1414 ejusdem
1349 1340 1469 1414 libri
1522 1346 1709 1414 contra

166 1408 409 1467 Theodori
440 1410 776 1472 doctrinam;
809 1425 929 1477 ane
958 1410 1218 1476 particula
1251 1418 1426 1463 exstat
1458 1411 1508 1461 in
1543 1408 1710 1477 prima

164 1485 224 1537 ad
254 1482 557 1536 Cledonium
595 1480 817 1546 epistola
852 1478 1097 1546 Gregorii
1136 1478 1454 1531 Nazianzeni
1495 1478 1560 1531 ad
1593 1478 1713 1531 Cle-

164 1556 382 1605 donium.
415 1550 607 1615 Incipit
642 1548 989 1616 fragmentum
1020 1562 1037 1599 :
1076 1546 1148 1599 Ne
1182 1550 1425 1602 homines
1463 1548 1548 1603 isti
1582 1548 1713 1599 alios

164 1623 434 1690 decipiant.
468 1619 666 1672 Desinit
702 1635 717 1669 :
748 1619 917 1672 'l‘otus
947 1619 1107 1671 homo
1139 1618 1189 1670 in
1224 1628 1503 1686 peccatum
1538 1621 1715 1686 lapsus

164 1696 458 1761 retingatur.

423 1801 510 1855 14.
556 1800 699 1853 Idem
732 1798 961 1867 Cyrillus
994 1797 1046 1849 in
1078 1800 1257 1851 eodem
1288 1798 1445 1851 libro.

237 1930 251 1960 ι
294 1911 422 1963 Cum
458 1909 775 1977 Unigenitus
807 1923 863 1961 se
897 1907 1292 1970 incarnaverit,
1326 1908 1415 1974 qui
1448 1907 1553 1959 vita
1587 1921 1709 1958 sua-

162 2012 245 2069 pte
276 2010 460 2052 natura
492 2008 593 2059 est,
630 2012 875 2064 regressa
908 2006 989 2049 est
1021 1998 1085 2049 ad
1117 1997 1280 2048 vitam
1316 2007 1505 2049 natura
1539 1997 1715 2049 homi-

163 2094 260 2145 nis.
290 2090 399 2159 lpse
426 2103 554 2143 vero
582 2097 739 2154 caput
766 2088 1009 2141 omnium
1040 2094 1146 2149 est,
1177 2086 1409 2154 ideoque
1435 2086 1719 2139 viviiicans

163 2184 283 2236 illud
328 2182 502 2234 Patris
541 2178 771 2233 Verbum
796 2194 1015 2231 carnem
1059 2178 1159 2231 sibi
1207 2177 1479 2245 pr0priam
1529 2176 1720 2229 ascivit

160 2289 274 2342 quae
312 2275 362 2326 in
405 2272 593 2325 mortis
637 2270 903 2337 mancipio
943 2278 1083 2331 erat,
1122 2279 1180 2321 ut
1224 2270 1349 2321 dum
1391 2284 1510 2321 eam
1559 2268 1716 2319 morti

158 2364 574 2433 corruptela-que
606 2362 940 2429 superiorem
969 2361 1226 2423 etliceret,
1265 2360 1404 2413 idem
1440 2358 1593 2412 nobis
1623 2361 1718 2411 do-

160 2470 281 2509 num
326 2455 708 2522 impertiretur.
748 2454 922 2521 Atque
966 2460 1022 2505 ut
1067 2452 1119 2505 in
1167 2452 1357 2505 mortis
1396 2459 1719 2518 potestatem

157 2548 343 2600 Adami
376 2561 539 2600 causa
578 2545 883 2610 incidimus,
917 2547 986 2597 ita
1025 2559 1121 2611 per
1151 2544 1426 2596 Christum
1462 2557 1491 2594 a
1531 2543 1722 2594 mortis

156 2639 357 2691 smvitia
386 2636 615 2699 liberati,
643 2636 819 2689 denuo
848 2636 1117 2689 tendimus
1143 2636 1208 2687 ad
1239 2634 1718 2686 immortalitatem.

158 2771 243 2823 15.
292 2768 431 2821 Idem
463 2768 687 2836 Lyrillus
714 2768 767 2818 in
794 2766 947 2818 tertio
975 2776 1155 2817 contra
1183 2763 1513 2836 Theodorum
1552 2762 1725 2836 qusv

226 2842 403 2892 ucstiw
427 2832 723 2903 episcopum
764 2837 927 2896 libro,
953 2837 1041 2902 qui
1070 2836 1292 2903 incipit:
1334 2853 1351 2885 ι
1387 2832 1580 2885 Nostra
1616 2832 1726 2897 for-

226 2914 363 2965 sitan
397 2911 549 2961 verba
583 2911 717 2959 dura
751 2916 892 2959 sunt.
932 2923 950 2955 ι

226 3044 360 3097 Audi
394 3058 491 3097 nos
524 3043 701 3111 itaque
732 3049 892 3109 atque
921 3040 1181 3109 iutellige,
1210 3054 1242 3093 o
1269 3026 1452 3103 homo,
1482 3039 1725 3108 mysterii

152 3135 602 3205 profunditatem,
626 3135 767 3201 quod
794 3148 915 3185 cum
944 3147 1225 3186 sacrorum
1256 3132 1512 3186 librorum
1541 3133 1727 3184 ortho-

1815 616 1976 675 atque
2008 606 2074 659 ad
2105 605 2249 658 illius
2280 602 2634 657 substantiam
2672 601 2846 654 adhuc
2878 600 3151 663 attineret,
3180 600 3386 652 honore

1818 697 1935 750 Filii
1958 698 2199 749 carebat.
2222 693 2355 747 Cum
2380 701 2558 747 autem
2582 691 2954 745 conformatus
2975 698 3077 754 est,
3104 689 3360 757 templum

1816 800 1921 854 que
1957 784 2049 838 Dei
2074 784 2233 837 Verbi
2266 780 2489 835 effectus
2524 788 2743 845 recepto
2778 777 3096 845 Uuigenito,
3130 777 3388 830 honorem

1818 876 2049 929 nominis
2078 874 2301 943 adeptus
2330 882 2448 935 est,
2478 887 2545 925 ex
2575 885 2684 940 quo
2714 870 2790 924 illi
2823 870 2992 939 gloria
3029 867 3258 921 accessit
3289 865 3385 934 (t).

1945 988 2029 1042 18.
2074 986 2221 1040 Idem
2253 984 2483 1055 Cyrillus
2517 992 2707 1037 contra
2742 982 2959 1035 Diodori
2986 982 3263 1048 scriptum.

1890 1120 2338 1175 Prwclarissime!
2377 1118 2499 1177 Aio,
2523 1117 2686 1172 verba
2711 1130 2829 1183 qua
2866 1128 3024 1167 nemo
3059 1112 3263 1177 docuit,
3297 1112 3390 1165 sed

1819 1227 1846 1264 a
1879 1221 1928 1265 te
1956 1209 2168 1279 publice
2195 1210 2639 1279 pronuntiantur,
2667 1203 3001 1273 gravissimis
3027 1204 3279 1257 sordibus
3308 1202 3390 1253 in-

1818 1299 2052 1368 quinari.
2082 1298 2277 1353 Sancta
2313 1298 2399 1351 illa
2431 1312 2586 1361 caro,
2617 1311 2738 1365 quae
2768 1294 2947 1348 Mariae
2976 1293 3100 1355 fuit,
3130 1292 3239 1359 jam
3270 1291 3392 1344 inde

1821 1406 1847 1441 a
1876 1391 2050 1457 primo
2076 1401 2367 1455 conceptus
2396 1397 2695 1452 momento,
2722 1388 2834 1441 sive
2866 1387 2918 1439 in
2947 1393 3099 1438 utero
3125 1384 3395 1436 exsisten-

1821 1484 1931 1545 tia',
1968 1489 2151 1534 sancta
2195 1480 2317 1546 fuit,
2359 1489 2545 1548 utpote
2586 1478 2793 1533 Christi
2840 1490 3034 1544 corpus
3073 1494 3086 1527 ε
3128 1487 3396 1541 nemoque

1823 1572 1900 1626 vel
1932 1581 2145 1627 tenuem
2176 1572 2421 1626 concedit
2451 1570 2713 1638 temporis
2743 1567 2910 1621 fuisse
2940 1566 3260 1627 articulum,
3290 1577 3396 1632 quo

1826 1664 1908 1716 illa
1938 1662 2239 1717 communis
2266 1662 2588 1727 ueterisque
2620 1659 2877 1711 carnibus
2905 1657 3098 1709 similis
3129 1654 3312 1715 fuerit,
3341 1664 3397 1705 ut

1825 1771 1852 1807 a
1882 1763 1933 1807 te
1962 1755 2163 1808 dictum
2190 1762 2304 1816 est,
2337 1762 2391 1806 et
2422 1766 2523 1804 non
2556 1751 2733 1818 potius
2758 1746 2918 1802 Verbi
2951 1761 3098 1800 caro.

1748 1879 1791 1936 η
1825 1890 1898 1942 Ex
1931 1887 2125 1941 SEVERI
2157 1889 2486 1940 ANTIOCHENI
2516 1898 2772 1938 APOLOGIA
2803 1896 2901 1935 reo
2930 1894 3097 1933 OPERE
3126 1894 3227 1933 suo
3254 1894 3392 1942 ouoo

1933 1972 2267 2012 INSCRIBITUR
2300 1955 2643 2019 I’hilalct/aes,
2674 1966 2725 2006 tu
2756 1966 2945 2007 CODICF.
2974 1952 3110 2004 Vn.
3142 1950 3269 2004 Srn.

2026 2071 2113 2125 19.
2157 2069 2303 2123 Idem
2334 2066 2563 2137 Cyrilltts
2594 2067 2845 2121 adversus
2876 2064 3189 2119 Diodorum.

1898 2206 2066 2258 Sicuti
2101 2206 2265 2258 etiam
2303 2204 2440 2257 idem
2476 2203 2706 2255 Verbum
2730 2242 2742 2266 ,
2782 2202 2846 2255 de
2883 2200 3058 2253 Patris
3095 2200 3393 2253 substantia

1824 2297 2089 2365 genitum,
2130 2295 2416 2348 Abrahami
2468 2308 2649 2347 semen
2701 2294 2751 2346 in
2798 2306 2963 2345 carne
3008 2292 3397 2359 apprehendit,

1828 2388 1985 2455 idque
2030 2400 2125 2454 per
2162 2384 2583 2452 dispensationis
2627 2382 2972 2451 mysterium,
3012 2382 3129 2433 sine
3174 2381 3401 2449 propria

1830 2477 2143 2532 substantiae
2187 2476 2533 2530 detrimento.
2584 2472 2792 2527 Etenim
2845 2488 2967 2525 cum
3018 2482 3162 2526 esset
3212 2481 3404 2529 natura

1833 2570 2004 2631 Deus,
2040 2581 2198 2621 verus
2233 2581 2449 2636 quoque
2488 2566 2723 2620 hominis
2759 2564 2931 2620 Filius
2970 2564 3147 2619 factus
3182 2576 3263 2619 est
3299 2583 3311 2617 :
3350 2575 3407 2617 et

1830 2659 1920 2727 qui
1953 2657 2120 2711 Filius
2152 2656 2296 2710 Patri
2333 2658 2440 2711 Deo
2469 2666 2575 2721 est,
2605 2670 2710 2709 non
2745 2666 2829 2709 est
2859 2657 2932 2709 illi
2965 2664 3278 2720 extraneus,
3309 2670 3403 2709 ne—

1830 2764 1933 2817 que
1961 2748 2154 2802 falsum
2184 2748 2303 2801 Filii
2334 2761 2528 2801 nomen
2560 2748 2699 2815 gerit
2728 2764 2741 2801 :
2772 2747 2971 2801 etenim
3002 2761 3190 2815 reapse
3217 2763 3278 2801 ex
3313 2745 3405 2801 illo

1831 2847 1987 2892 natus
2013 2847 2095 2892 est
2118 2838 2373 2892 inelfahili
2400 2853 2709 2909 arcanoque
2735 2840 2915 2903 modo,
2939 2853 3246 2907 quanquam
3272 2855 3405 2893 nou-

1832 2930 1932 2984 nisi
1957 2930 2011 2983 in
2031 2943 2195 2984 carne
2216 2940 2341 2999 post
2363 2931 2748 2985 adunationem
2774 2941 3155 3000 cognoscatur.
3175 2929 3252 2984 Tu
3276 2945 3407 3001 ergo

1829 3023 1957 3077 dum
1983 3021 2100 3089 ejus
2131 3021 2504 3077 tantummodo
2536 3024 3045 3077 transmutationem
3077 3023 3319 3078 admittis
3354 3027 3405 3077 in

1830 3130 2047 3169 carnem
2085 3114 2378 3168 inanimem
2418 3114 2808 3182 intellectuque
2840 3124 3150 3179 carentem,
3188 3116 3405 3168 unicum

148 3229 313 3283 doxia
341 3239 611 3294 secpoque
637 3225 927 3278 consentit.
958 3224 1141 3279 Deitas
1166 3240 1196 3277 a
1226 3240 1409 3289 carne,
1440 3226 1491 3279 id
1518 3235 1602 3278 est
1631 3226 1718 3277 lm-

1835 3208 1981 3260 illum
2024 3208 2075 3261 in
2123 3206 2258 3261 duos
2304 3204 2499 3259 dividis
2549 3204 2711 3271 ﬁlios,
2755 3205 3037 3260 veritatem
3085 3206 3223 3261 hanc
3266 3205 3407 3275 quod

149 3334 313 3377 mana
349 3329 569 3381 natura,
599 3316 773 3371 ditfert
810 3318 1108 3370 secundum
1146 3317 1422 3385 utriusque
1457 3315 1727 3385 propriam

146 3410 441 3465 rationem.
480 3408 647 3461 Secus
687 3406 958 3474 quomodo
1001 3406 1158 3458 nobis
1198 3406 1391 3460 similis
1427 3406 1726 3469 evasisset,

145 3498 590 3569 quandoquidem
618 3497 707 3550 Dei
733 3493 967 3550 Verbum
997 3496 1046 3548 in
1072 3509 1169 3549 suo
1195 3510 1417 3565 prorsus
1440 3505 1581 3550 statu
1609 3512 1729 3565 per-

146 3591 389 3645 mansit?
421 3589 612 3643 Verum
654 3589 699 3642 si
740 3588 891 3642 carni
926 3588 1042 3657 ejus
1077 3588 1489 3656 inseparabilem
1525 3592 1729 3642 aduna-

145 3684 353 3736 tionem
387 3681 670 3745 attribuas,
699 3693 874 3749 neque
899 3692 1019 3733 eam
1050 3694 1143 3733 sua
1172 3688 1321 3733 veste
1351 3680 1575 3747 spolies,
1608 3682 1719 3733 uui-

143 3790 273 3828 cum
319 3783 449 3827 tunc
493 3773 685 3826 Filium
729 3772 982 3826 adorabis
1026 3772 1167 3825 Patri
1213 3772 1727 3825 consubstantialem

142 3865 460 3925 divinitate,
486 3863 641 3916 nobis
672 3865 796 3915 item
827 3864 1339 3919 consubstantialem
1371 3865 1726 3917 humanitate.

141 3959 322 4012 Porro
348 3957 438 4023 qui
471 3955 543 4006 ita
572 3954 781 4021 opinari
809 3954 1130 4018 decernunt,
1158 3956 1237 4009 eis
1265 3957 1519 4010 Christus
1548 3955 1727 4010 lumen

140 4050 464 4118 suppeditat
494 4044 560 4098 ad
592 4045 791 4099 suimet
820 4047 1133 4116 mysterium
1164 4048 1619 4114 cognoscendum.

430 4178 517 4232 16.
560 4177 705 4232 Idem
740 4178 968 4248 Cyrillns
1004 4181 1054 4233 in
1089 4183 1266 4233 eodem
1299 4178 1451 4239 libro.

215 4291 471 4347 llominis
512 4307 630 4359 qum
675 4292 727 4345 in
771 4293 989 4346 Christo
1034 4302 1116 4347 est
1161 4301 1387 4357 natura,
1435 4292 1730 4346 honoratur

132 4402 281 4445 sane
328 4400 393 4439 ac
432 4386 831 4451 sanctiﬁcatur;
870 4396 1242 4439 verumtamen
1286 4395 1552 4455 quatenus
1592 4386 1732 4439 Deus

130 4494 245 4546 est,
289 4478 561 4548 baptismo
600 4492 705 4530 non
747 4478 1039 4547 indigebat,
1077 4492 1249 4545 neque
1285 4478 1519 4546 Spiritus
1555 4479 1727 4533 sancti

129 4576 313 4633 dono,
344 4568 775 4639 quandoquidem
808 4569 979 4637 ipsum
1009 4568 1271 4632 Spiritum
1304 4570 1443 4622 idem
1472 4574 1655 4624 donat.

128 4710 211 4763 Ex
260 4719 489 4760 lNEDlTO
521 4699 815 4754 Philalethe
851 4702 1047 4755 Seven:
1083 4718 1417 4757 ANTIOCHENJ
1457 4719 1505 4756 IN
1543 4718 1729 4758 CODICE

644 4770 873 4825 Srnuco
910 4770 1207 4824 Vnncuo.

125 4889 227 4941 17.
274 4885 547 4941 Diodorus
574 4881 723 4936 Tarsi
750 4881 1019 5022 Episcopus
1049 4880 1193 5019 inltpii
1219 4879 1453 4933 Nestorii
1480 4881 1728 4948 magister

775 4965 845 5004 tta
880 4961 1083 5015 scripsti
1120 4987 1133 5001 .

775 4965 845 5004 ita
880 4961 1133 5015 scripsit].

200 5090 354 5143 Cum
388 5090 559 5142 adhuc
589 5088 771 5141 Mariae
796 5094 937 5140 esset
966 5096 1095 5137 caro
1122 5082 1231 5145 illa,
1262 5084 1484 5135 necdum
1513 5096 1728 5136 assmu-

114 5192 222 5249 pta
245 5222 261 5245 ,
307 5190 524 5233 terrena
556 5189 701 5243 erat,
742 5192 913 5246 neque
946 5177 1212 5230 ullatenus
1242 5190 1272 5229 ει
1304 5176 1514 5229 cteteris
1547 5176 1727 5229 carui-

110 5277 234 5328 bus
271 5270 564 5324 differebat
594 5288 605 5320 :
635 5270 727 5322 sed
758 5270 809 5321 in
840 5270 1119 5323 nativitate
1148 5270 1362 5323 deruunt
1397 5267 1601 5322 honore
1632 5283 1727 5319 au-

218 5452 297 5517 t!)
350 5449 511 5505 Vides
545 5456 725 5518 putaui
758 5446 1001 5520 haeresim
1036 5446 1440 5520 Nestorianam,
1473 5465 1633 5520 quam
1670 5451 1721 5503 in

106 5533 418 5587 sequente
452 5517 751 5586 fragtiiento
782 5518 1017 5570 retundit
1048 5517 1299 5584 Cyrillus.

197 5595 294 5660 (‘2)
344 5591 585 5658 Intellige
627 5588 924 5660 apologiam
966 5596 1153 5660 contra
1197 5588 1487 5660 orieuLales
1524 5590 1722 5656 episco-

103 5655 421 5730 pus.'Sed
466 5655 753 5730 tamen—de
798 5656 1046 5730 capitulis
1089 5670 1301 5730 qupque
1347 5655 1612 5730 Theodori
1660 5676 1721 5711 ac

106 5724 377 5785 Diodori
422 5748 447 5783 a
491 5746 547 5784 se
589 5729 831 5781 refutatis
872 5728 1104 5794 loquitur
1135 5724 1369 5791 Cyrillus
1417 5728 1465 5777 in
1494 5730 1719 5794 epistola

103 5804 190 5855 ad
228 5802 508 5855 Acacium
538 5798 937 5853 lelitent'nsem
963 5798 1271 5865 episcopum
1304 5799 1421 5865 (ep.
1458 5796 1547 5866 40)
1580 5818 1591 5852 ;
1629 5798 1719 5850 ln-

480 5893 761 5955 Psrnot.
799 5892 911 5952 Gn.
944 5891 1047 5951 LX
1063 5889 1216 5948 XVI.

1833 3314 1971 3352 unus
2002 3298 2073 3352 sit
2104 3296 2271 3352 Filius
2304 3297 2463 3367 impie
2499 3312 2779 3365 respuens.

1892 3431 1965 3485 EX
2001 3446 2174 3484 EADEII
2212 3429 2409 3485 SEVERI
2441 3432 2774 3485 ANTIOCHENI
2808 3447 3065 3486 APOLOGIA
3099 3447 3147 3485 ΙΝ
3177 3447 3353 3486 EODEI

2512 3516 2725 3553 CODICE.

2019 3614 2107 3669 20.
2154 3614 2304 3666 Idem
2338 3614 2571 3683 Cyrinus
2607 3614 2857 3670 adversus
2896 3596 3241 3671 Diodorum.‘

1905 3725 2055 3795 Smpe
2081 3726 2189 3793 jam
2219 3725 2474 3792 diximus,
2501 3741 2606 3795 qun
2639 3734 2879 3795 tempore
2908 3727 3265 3797 capitulorum
3294 3745 3410 3785 om-

1832 3820 1979 3897 nium
2008 3819 2308 3885 apologiam
2336 3819 2735 3887 quodammodo
2770 3818 2995 3874 fecimus
3024 3821 3124 3891 (2),
3154 3838 3258 3877 non
3287 3839 3412 3892 pro-

1834 3920 2017 3978 pterea
2056 3910 2200 3976 quod
2245 3918 2450 3962 natura:
2492 3910 2558 3961 ad
2602 3911 2986 3965 adunationem
3028 3923 3408 3978 accesserunt,

1835 3998 2039 4054 idcirco
2078 4000 2392 4055 dualitatem
2429 4001 2514 4069 (in
2550 4000 2801 4073 Christo)
2836 4017 2956 4057 esse
2992 4003 3406 4059 admittendam.

1835 4090 2045 4145 Etenim
2088 4092 2229 4144 sicut
2253 4093 2435 4154 homo,
2464 4092 2709 4158 quamvis
2744 4109 2810 4147 ex
2850 4093 3030 4146 anima
3066 4092 3315 4148 rationali
3358 4105 3411 4149 et

1834 4197 2061 4250 corpore
2098 4183 2452 4250 compositus,
2488 4196 2628 4235 unus
2663 4192 2747 4235 est
2782 4198 2956 4250 neque
2989 4186 3041 4237 in
3077 4184 3185 4239 duo
3217 4187 3409 4243 dividi-

1837 4284 1942 4337 tur,
1982 4276 2139 4341 idque
2180 4283 2349 4326 totum
2389 4273 2589 4326 dicitur
2625 4274 2821 4326 animal
2864 4275 3123 4331 rationale
3158 4292 3221 4332 ac
3262 4294 3410 4333 mor-

1836 4365 1957 4430 tale,
1984 4377 2289 4434 quanquam
2320 4380 2511 4433 reapse
2538 4380 2640 4419 una
2676 4367 2726 4419 in
2757 4376 2908 4435 parte
2940 4370 3187 4432 mortale,
3218 4370 3273 4424 in
3305 4372 3409 4426 alia

1834 4456 2124 4519 rationale;
2163 4456 2242 4508 sic
2274 4455 2439 4509 etiam
2481 4455 2823 4521 Emmanuel,
2862 4472 2984 4512 cum
3018 4460 3089 4514 sit
3125 4475 3294 4524 unus,
3331 4464 3412 4516 di-

1764 4549 1807 4604 D
1837 4547 2061 4600 rinitate
2086 4555 2139 4599 et
2164 4547 2495 4599 immanitate
2517 4560 2793 4614 constans,
2819 4564 3045 4617 quarum
3071 4566 3166 4619 per
3186 4568 3243 4607 se
3268 4564 3409 4606 utra-

1839 4653 1941 4706 que
1977 4638 2212 4705 perfecta
2249 4646 2357 4697 est,
2397 4638 2533 4691 idem
2573 4638 2712 4692 Deus
2745 4649 2823 4693 est
2855 4648 2908 4692 et
2944 4642 3133 4705 homo,
3172 4645 3411 4698 mortalis

1839 4741 1890 4781 ct
1919 4730 2238 4781 immortaiis
2257 4771 2269 4792 ,
2300 4731 2608 4796 temporalis
2634 4742 2686 4783 et
2714 4730 2861 4798 prior
2886 4733 3138 4787 omnibus
3168 4734 3406 4798 sceculis,

1838 4812 2113 4885 palpabilis
2138 4830 2189 4870 et
2216 4818 2592 4887 impalpabilis,
2618 4821 2846 4873 visibilis
2872 4834 2923 4875 et
2948 4823 3251 4875 invisibilis.
3278 4823 3409 4879 Nam

1836 4908 1880 4961 si
1930 4907 2015 4961 ille
2062 4918 2249 4960 natura
2300 4925 2394 4963 sua
2446 4911 2783 4972 immortalis,
2831 4913 2961 4964 nihil
3013 4917 3331 4981 sumpsisset
3380 4934 3407 4969 a

1838 4998 2049 5051 mortali
2088 5009 2302 5062 natura,
2344 5001 2394 5054 id
2430 5012 2511 5054 est
2544 5001 2834 5055 Abrahami
2874 5000 3098 5064 semine,
3136 5001 3279 5058 haud
3317 5022 3412 5059 nos

1836 5090 2083 5157 equidem
2117 5094 2355 5146 renovati
2388 5107 2627 5145 essemus
2660 5102 2819 5157 atque
2852 5089 2917 5142 ad
2952 5091 3411 5151 immortalitatem

1838 5184 2034 5249 erecti;
2076 5198 2321 5251 vanaque
2370 5195 2549 5238 nostra
2596 5184 2725 5236 iides
2774 5182 2943 5249 foret,
2984 5192 3037 5238 et
3084 5186 3135 5240 iu
3181 5192 3411 5257 peccatis

1842 5274 2041 5327 nostris
2075 5273 2245 5325 adhuc
2273 5273 2599 5337 jacercmus.

1833 5450 2015 5518 specti‘s
2058 5448 2327 5521 Theodori
2354 5463 2413 5501 ac
2455 5447 2674 5521 Diodori
2714 5450 2881 5511 libris,
2920 5468 3043 5521 quos
3090 5453 3423 5517 scripserunt

1834 5539 1933 5572 non
1973 5525 2033 5571 de
2071 5519 2429 5571 incarnatione
2465 5518 2759 5588 Unigcniti,
2794 5524 2884 5574 sed
2925 5518 3087 5588 inagis
3125 5532 3306 5575 contra
3344 5530 3416 5576 in-

1834 5592 2221 5653 carnationem,
2254 5591 2405 5661 posui
2438 5592 2623 5657 aliqua
2655 5608 2717 5643 ea:
2748 5592 3025 5661 capitulis,
3060 5602 3106 5643 et
3138 5610 3240 5661 quo
3270 5605 3414 5660 potui

1833 5661 1982 5733 modo
2012 5660 2308 5710 ποιηταάαὶ
2342 5662 2438 5725 eis,
2470 5662 2745 5713 declarans
2777 5660 3167 5715 abominatione
3198 5680 3413 5733 prorsus

1831 5730 2036 5797 ptemun
2067 5745 2176 5783 esse
2209 5734 2519 5785 sententiam
2556 5734 2807 5799 ipsorum.

3024 5889 3095 5949 46
