4042 6442
631 369 765 427 1451

1610 374 1666 431 S.
1704 374 1982 433 CYRILLI
2023 378 2441 437 FRAGMENTA
2486 378 2902 435 DOGMATICA.

3768 381 3791 433 1
3802 380 3826 431 ι
3832 375 3892 433 .ςῖ

621 483 697 537 Ex
725 498 1123 549 ουεετιοκιθυε
1154 484 1352 540 SEVERI
1380 485 1705 563 Aurtocnsat
1732 505 1839 543 cun
1867 506 2190 559 animus,
2223 498 2265 553 Α
2299 491 2668 563 imperfectus,
2698 500 2919 562 peccato
2945 501 3135 545 carere
3166 487 3356 559 nequit
3381 507 3396 545 :
3425 489 3647 545 etenim
3678 490 3773 559 qui
3799 508 3893 545 una

1076 570 1128 610 lN
1164 571 1283 609 ALIO
1316 570 1439 609 con.
1467 558 1594 611 Svn.
1630 556 1766 613 Vn.

817 665 908 721 2i.
954 666 1100 721 Idem
1134 667 1359 737 Cyrillus
1390 669 1637 723 adrcrsus
1673 671 1984 725 Diodorum.

695 778 956 832 Sanctum
987 779 1130 831 enim
1160 788 1242 833 est
1273 794 1335 833 ac
1363 780 1483 835 sine
1515 792 1739 849 peccato
1767 797 1965 850 corpus
1993 783 2195 839 Christi

626 869 718 923 Dei
758 870 1170 939 Servatorisque
1204 872 1372 925 nostri
1411 888 1426 926 :
1462 880 1517 925 et
1549 873 1690 940 quod
1724 870 1940 943 quidem
1976 875 2042 928 ad
2077 874 2195 928 cul-

624 974 746 1028 pam
788 960 1000 1025 attinet,
1030 959 1140 1029 jam
1183 961 1307 1016 inde
1349 978 1378 1015 a
1422 962 1599 1031 primo
1643 965 2029 1020 incarnationis
2079 980 2196 1021 mo-

624 1059 809 1104 mento
841 1050 1245 1120 incorruptibile
1277 1052 1405 1119 fuit,
1436 1063 1599 1120 atque
1627 1054 1679 1108 in
1712 1069 1775 1110 ea
1805 1057 2062 1123 qualitate
2090 1069 2195 1111 non

622 1148 705 1194 est
743 1140 793 1194 ei
831 1139 936 1194 ulla
970 1140 1244 1197 nobiscum
1282 1142 1588 1197 communio
1622 1143 1703 1199 vel
1740 1144 2037 1198 similitudo
2072 1167 2083 1201 :
2114 1155 2198 1199 et-

622 1228 768 1282 enim
809 1227 914 1283 alia
954 1232 1142 1299 quavis
1187 1245 1247 1285 re
1290 1232 1442 1286 nobis
1481 1241 1563 1286 est
1600 1233 1793 1288 similis
1837 1244 2193 1303 prteterquam

622 1318 799 1386 culpa.
828 1318 1131 1389 Caeteroqui
1161 1321 1405 1375 eamdem
1434 1334 1650 1375 carnem
1680 1322 2037 1391 eumdemque
2065 1340 2197 1378 san-

621 1409 840 1478 guinem
872 1411 948 1464 uti
973 1426 1071 1466 nos
1094 1410 1459 1480 participavil,
1479 1421 1538 1466 ut
1564 1412 1639 1466 ait
1664 1413 1952 1482 Apostolus
1973 1414 2038 1468 ⁵⁸.
2061 1413 2105 1470 Ο
2124 1416 2194 1471 mi

621 1503 916 1557 reverende
940 1503 1029 1573 qui
1057 1504 1219 1559 stulta
1248 1519 1312 1559 ac
1338 1504 1648 1573 turpissima
1674 1506 1836 1559 verba
1864 1505 2076 1573 elfutis;
2104 1523 2195 1562 sa-

619 1607 773 1646 crum
808 1593 1024 1661 quidem
1059 1609 1254 1665 corpus
1288 1596 1419 1652 illud
1450 1597 1516 1650 de
1550 1594 1717 1649 Maria
1752 1608 2068 1665 sumptum,
2107 1600 2196 1653 in-

624 1682 865 1738 firmitati
891 1692 1006 1740 erat
1033 1686 1347 1751 obnoxium,
1373 1686 1465 1740 sed
1494 1696 1672 1739 tamen
1693 1685 1804 1753 jam
1834 1686 1955 1741 inde
1984 1690 2051 1743 ab
2078 1690 2195 1759 ejus

621 1774 984 1831 concretiouis
1008 1776 1180 1841 initio,
1202 1788 1257 1832 et
1283 1776 1333 1831 iu
1362 1785 1518 1830 utero
1541 1775 1922 1844 subsistentiae,
1945 1791 2191 1833 sanctmu

624 1862 811 1931 utique
846 1877 1061 1933 semper
1092 1863 1222 1928 fuit,
1258 1865 1384 1933 quia
1419 1863 1623 1918 Christi
1659 1878 1857 1935 corpus
1888 1875 2035 1931 erat,
2075 1866 2192 1921 uul-

623 1955 843 2020 Iumque
890 1954 1146 2023 temporis
1193 1954 1533 2009 intervallum
1590 1953 1708 2023 fuit,
1752 1971 1859 2026 quo
1906 1958 2035 2012 illud
2089 1974 2193 2012 non

624 2045 942 2112 possederit.
977 2044 1141 2101 Porro
1174 2046 1419 2117 simplex,
1460 2055 1518 2102 ut
1553 2047 1652 2113 ais,
1689 2057 1789 2111 est,
1827 2049 2037 2105 caeteris
2071 2064 2198 2105 car-

623 2136 782 2191 nibus
812 2148 1205 2207 comparatum.

621 2251 712 2304 22.
739 2250 868 2305 locu
893 2252 1161 2309 Cvntu.us
1179 2270 1313 2309 aruo
1340 2253 1540 2312 Snvsnt
1565 2271 1968 2315 APOLOGETICUM
1990 2271 2201 2312 comm

693 2319 960 2376 JULlANUM
998 2322 1557 2389 HALICARNASSENSEI,
1587 2344 1636 2382 IN
1664 2342 1856 2384 CODICB
1873 2326 2000 2382 SYB.
2027 2326 2162 2382 Vn.

693 2432 1044 2502 Participavit
1080 2435 1243 2504 igitur
1274 2450 1427 2503 atque
1469 2452 1531 2489 ac
1576 2453 1675 2492 nos
1719 2452 1940 2492 carnem
1984 2449 2037 2493 et
2077 2454 2201 2493 san-

624 2527 860 2597 guinem,
910 2536 967 2580 ut
1013 2527 1067 2580 in
1110 2540 1276 2581 carne
1317 2542 1411 2581 sua
1461 2529 1786 2582 dmmonlum
1840 2541 2198 2600 oppugnaret,

625 2632 799 2687 coque
826 2616 1121 2687 proﬂigato.
1148 2619 1396 2672 mortalia
1423 2630 1601 2674 nostra
1630 2636 1856 2689 corpora
1882 2623 1947 2674 ad
1975 2622 2195 2675 immor-

628 2710 885 2763 talitatem
912 2710 1247 2774 transferret,
1267 2710 1506 2779 jugoque
1533 2710 1664 2781 legis
1686 2712 2054 2779 subtraheret,
2080 2728 2200 2782 qua:

625 2802 883 2856 adversus
926 2803 1162 2856 membra
1203 2804 1383 2857 carnis
1427 2804 1804 2872 prmvaluerat.
1849 2804 2000 2859 Haud
2045 2808 2201 2860 aliter

626 2894 789 2946 vitam
825 2902 1161 2961 mortemque
1198 2894 1341 2947 inter
1370 2907 1428 2947 se
1465 2893 1651 2963 prcclio
1682 2895 2019 2949 committere
2050 2906 2201 2964 pote-

628 2993 735 3051 rat,
772 2984 872 3038 nisi
908 2984 1123 3038 mortali
1159 2998 1386 3052 corpore
1422 2999 1550 3038 usus
1583 2984 1796 3047 fuisset,
1831 3000 2006 3054 neque
2043 2986 2195 3052 cupi-

626 3076 857 3132 ditatum
894 3088 1201 3132 nostrarum
1235 3075 1512 3130 stimulum
1544 3075 1868 3146 obtudisset,
1902 3076 2005 3133 nisi
2038 3079 2102 3132 de
2136 3078 2201 3131 [i-

629 3178 846 3237 gmento
873 3178 1061 3223 nostro
1090 3182 1284 3236 corpus
1316 3169 1657 3238 sumpsisset.
2231 3171 2272 3228 C

626 3298 705 3354 Ex
741 3313 916 3356 LIBRIS
955 3298 1150 3354 SEVERI
1190 3313 1458 3423 anvnnssus
1494 3298 1762 3423 JVULIANUII
1789 3296 1977 3354 Hauc.
2018 3314 2071 3354 IN
2108 3315 2204 3355 co-

1193 3384 1311 3423 nice
1384 3385 1469 3423 vn.
1547 3385 1640 3423 Ατ.

1193 3384 1311 3425 DICB
1341 3384 1469 3424 DY“.
1508 3384 1535 3423 Ὺ
1547 3385 1640 3425 ΛΤ.

831 3482 924 3539 25.
966 3481 1117 3537 Idem
1144 3481 1377 3552 Cyrillus
1407 3484 1657 3538 adversus
1690 3482 2005 3538 Diodorum.

698 3596 823 3650 llrcc
855 3605 935 3651 est
956 3637 971 3659 ,
1002 3610 1035 3650 o
1067 3605 1251 3649 noster
1283 3594 1513 3660 sodalis,
1549 3606 1757 3651 natura:
1791 3598 2039 3652 humana:
2070 3598 2203 3652 deli-

628 3689 792 3754 nitio,
830 3702 948 3756 quae
989 3687 1188 3741 dicitur
1221 3687 1525 3742 substantia
1565 3686 1847 3748 animalis.
1885 3689 2201 3755 rationalis,

633 3789 792 3849 atque
828 3778 1094 3833 mortalis.

817 3894 908 3947 24.
951 3892 1100 3947 Idem
1133 3892 1364 3962 Cyrillus
1391 3892 1638 3947 adversus
1663 3891 2011 3946 Theodorum.

700 4010 793 4066 ille
835 4020 1015 4063 autem
1057 4024 1152 4062 ore
1196 4022 1294 4061 suo
1334 4007 1581 4068 dilatato,
1624 4015 1679 4059 et
1719 4005 1913 4059 laxatis
1960 4005 2206 4073 blasphe-

631 4106 755 4160 mia?
782 4103 1032 4165 habenis,
1061 4100 1196 4155 dixit
1227 4098 1428 4160 Christi
1460 4096 1833 4166 imperfectam
1859 4098 2204 4151 sanctitatem

632 4201 831 4262 fuisse,
867 4208 1040 4263 neque
1076 4192 1195 4261 eius
1232 4191 1446 4245 culmen
1482 4187 1729 4256 attigisse
1761 4195 2052 4255 antequam
2086 4186 2208 4255 Spi.

633 4294 773 4346 ritus
807 4296 1029 4343 sanctus
1062 4285 1162 4339 sub
1201 4283 1466 4339 columbae
1508 4281 1687 4351 specie
1728 4278 1781 4333 in
1818 4294 1942 4333 eum
1980 4279 2209 4334 descen-

634 4382 824 4439 disset.
856 4377 1051 4446 Quidni
1088 4383 1268 4434 autem
1300 4374 1573 4447 perfectus
1604 4371 1759 4430 erat?
1785 4369 1947 4427 Certe
2004 4372 2097 4439 qui
2126 4380 2212 4427 est

2296 584 2351 638 in
2386 591 2539 653 parte
2570 590 2791 637 sanctus
2826 581 3091 646 creditur,
3122 580 3177 636 in
3213 582 3321 636 alia
3352 581 3621 637 inﬁrmus
3657 592 3893 651 putatur.

2296 674 2508 745 Alioqui
2539 675 2759 745 quinam
2790 674 2893 729 iste
2920 672 3167 728 defectus
3194 679 3336 740 erat,
3366 687 3537 742 quem
3573 675 3626 727 ei
3664 672 3895 743 Spiritus

2297 774 2520 821 sanctus
2560 764 2864 833 supplevit,
2896 772 2958 818 ut
2999 763 3169 818 altera
3212 778 3431 833 quoque
3474 779 3614 833 pars
3661 766 3900 832 perfecta

2296 857 2578 921 evaderet,
2612 864 2774 923 atque
2808 853 3006 908 diaboli
3043 853 3304 922 impetum
3341 853 3675 923 frangeret,
3713 865 3774 908 ut
3808 856 3899 906 ad-

2296 943 2573 999 versarius
2611 941 2840 998 asserit?
2874 941 3047 996 Porro
3083 955 3189 995 non
3224 950 3449 997 sanctus
3487 944 3903 1007 tantummodo,

2296 1042 2349 1091 et
2390 1033 2606 1105 quidem
2650 1032 3051 1103 perfectissime
3090 1040 3241 1099 erat,
3280 1047 3475 1087 verum
3524 1034 3710 1086 etiam
3758 1033 3905 1101 plena

2298 1129 2535 1198 potentia
2576 1126 2621 1180 is
2658 1123 2916 1195 praeditus
2948 1130 3100 1189 erat,
3132 1122 3227 1193 qui
3266 1122 3489 1178 dolores
3527 1133 3711 1192 atque
3750 1138 3908 1176 omne

2297 1232 2469 1285 genus
2497 1214 2828 1272 infirmitatis
2859 1216 3108 1269 sanabat.
3135 1242 3204 1253 —
3227 1211 3361 1268 Cum
3395 1214 3545 1267 Deus
3578 1221 3789 1281 suapte
3819 1226 3907 1265 na-

2300 1318 2420 1363 tura
2461 1316 2631 1375 esset,
2671 1319 2942 1377 verusque
2986 1305 3079 1361 Dei
3123 1304 3303 1360 Patris
3348 1302 3551 1368 Filius,
3600 1304 3904 1357 humanam

2300 1399 2528 1454 formam
2548 1397 2651 1454 sibi
2675 1398 2872 1462 induit,
2894 1411 3047 1452 suam
3073 1394 3279 1451 faciens
3301 1408 3532 1450 carnem
3561 1395 3724 1449 illam
3750 1411 3908 1465 quam

2300 1490 2366 1543 de
2398 1498 2583 1543 sancta
2612 1486 2833 1557 Virgine
2871 1487 3129 1556 sumpsit.
3168 1501 3290 1556 quae
3327 1485 3587 1556 profecto
3629 1502 3775 1541 caro
3818 1486 3905 1540 Dei

2297 1588 2403 1644 est,
2430 1590 2484 1635 et
2516 1588 2783 1649 potestate
2813 1580 2994 1633 divina
3028 1578 3257 1647 pollens.
3285 1578 3495 1634 idcirco
3526 1577 3807 1632 Christus
3831 1580 3905 1631 vi-

2300 1672 2524 1725 vilicans
2555 1684 2770 1740 quoque
2799 1669 2927 1737 fuit,
2957 1678 3012 1725 et
3042 1670 3424 1726 inﬁrmitatum
3457 1680 3728 1734 sanator,
3765 1684 3907 1723 mor—

2303 1761 2480 1831 tisque
2511 1761 2841 1817 destructor.

2492 1851 2585 1906 25.
2627 1850 2776 1906 Idem
2811 1851 3043 1923 Cyrillus
3077 1854 3333 1908 adversus
3370 1851 3710 1907 Diodorum.

2370 1959 2551 2015 Audes
2576 1961 2740 2016 etiam
2772 1962 3035 2019 herilibns
3063 1964 3255 2018 formis
3285 1964 3436 2019 illum
3468 1964 3714 2019 induere
3734 2007 3753 2028 ,
3784 1964 3910 2032 qui,

2301 2061 2359 2105 ut
2388 2052 2491 2116 ais,
2520 2053 2680 2107 homo
2706 2061 2789 2108 est
2820 2053 2884 2109 de
2912 2053 3104 2121 Maria,
3132 2064 3187 2110 et
3213 2056 3308 2123 qui
3340 2055 3501 2110 initio
3530 2071 3562 2109 a
3601 2056 3774 2109 nobis
3804 2054 3912 2106 ιιιιισ

2302 2141 2512 2195 iatenus
2540 2141 2785 2196 diversus
2812 2152 2930 2197 erat
2956 2152 3049 2197 aut
3076 2145 3346 2211 superior,
3374 2145 3469 2198 sed
3502 2152 3706 2213 postea
3738 2142 3913 2195 multo

2299 2234 2588 2290 conamine
2624 2233 2747 2289 Filii
2788 2250 2985 2290 nomen
3024 2235 3365 2305 gloriamque
3401 2236 3656 2289 divinam
3700 2247 3913 2303 prome

2302 2325 2436 2379 ritus
2474 2333 2579 2389 est,
2617 2336 2802 2394 postea
2845 2341 3008 2396 quam
3056 2328 3269 2382 scilicet
3310 2328 3379 2381 de
3418 2337 3618 2382 ventre
3669 2327 3911 2380 exierat.

2302 2416 2467 2485 Igitur
2499 2417 2636 2483 duo,
2676 2427 2729 2472 te
2766 2426 3058 2482 censente,
3094 2429 3221 2473 sunt
3259 2419 3387 2484 ﬁlii;
3430 2433 3730 2488 novusque
3773 2418 3915 2471 Deus

2300 2517 2385 2561 est
2419 2506 2688 2572 Christus,
2725 2509 2820 2576 qui
2860 2523 2891 2561 a
2933 2509 3042 2563 Deo
3079 2510 3486 2579 supernaturali
3527 2512 3755 2565 honore
3794 2510 3916 2563 alie-

2301 2607 2422 2652 etus
2457 2591 2561 2663 e'st,
2592 2597 2763 2667 magis
2803 2596 3084 2667 aliquanto
3119 2613 3285 2667 quam
3329 2597 3555 2669 reliqua:
3590 2612 3911 2661 creaturze;

2303 2700 2361 2743 ut
2392 2703 2514 2743 cum
2552 2688 2788 2755 simplici
2823 2690 3041 2745 homine
3074 2689 3332 2745 adoretur
3366 2690 3412 2745 is
3446 2694 3541 2760 qui
3580 2692 3748 2761 lapsu
3789 2703 3917 2744 tem-

2303 2779 2474 2849 poris,
2512 2793 2611 2834 nec
2649 2780 2752 2835 nisi
2791 2780 2891 2835 sub
2927 2779 3091 2835 finem
3128 2781 3355 2850 gloriam
3394 2783 3668 2851 possedit,
3718 2782 3917 2835 factus.

2302 2886 2408 2943 que
2442 2882 2525 2927 est
2556 2871 2841 2927 Trinitatis
2875 2871 3369 2941 complementum,
3407 2882 3611 2927 natura
3652 2873 3914 2942 aaqualis.

2502 2984 2593 3041 26.
2635 2983 2789 3041 Idem
2820 2985 3055 3056 Cyrillus
3086 2986 3336 3039 adversus
3371 2984 3705 3041 Diodorum.

2375 3101 2618 3171 l‘tamque
2653 3111 2713 3155 ut
2748 3116 2939 3170 passus
2973 3102 3189 3156 dolores
3228 3102 3281 3155 in
3318 3117 3507 3166 carne,
3542 3104 3915 3158 nihilominus

2309 3193 2361 3247 in
2393 3208 2504 3247 suae
2536 3192 2755 3247 deitatis
2784 3202 2977 3247 natura
3007 3193 3357 3264 impassibilis
3390 3195 3599 3247 mansit
3635 3214 3651 3249 :
3686 3197 3780 3250 sic
3815 3194 3914 3252 ain.

2308 3293 2362 3336 ct
2392 3283 2517 3336 dum
2547 3289 2842 3347 cresceret,
2871 3280 3173 3351 perfectum
3201 3284 3427 3338 omnino
3456 3282 3657 3339 fuisse.
3690 3285 3766 3337 Et
3799 3300 3914 3338 cum

2310 3373 2572 3442 sapientia
2618 3372 2805 3443 augeri
2852 3375 3203 3439 credebatur,
3251 3386 3381 3429 tunc
3422 3375 3540 3443 ipse
3595 3377 3916 3430 redundans

2309 3464 2590 3533 sapientiae
2619 3462 2741 3519 fons
2767 3471 2909 3530 erat,
2944 3480 2972 3519 a
3003 3478 3111 3534 quo
3136 3464 3320 3520 caeteri
3351 3479 3544 3519 omnes
3577 3465 3915 3534 sapientiam

2313 3557 2585 3612 hauriunt.

3079 3649 3170 3703 27.

2312 3764 2379 3819 Β.
2411 3765 2595 3834 Cyrilli
2632 3766 2968 3818 Alexandria
3008 3779 3072 3817 ex
3150 3764 3261 3817 Τοῦ

2410 3851 2561 3897 apere
2625 3845 2809 3889 contra
2872 3834 3072 3887 Diodo-

2410 3919 2547 3956 rum.

3316 3764 3629 3832 μακαρίου
3696 3766 3773 3817 It't
3785 3764 3920 3832 Ῥιζι-

3214 3837 3329 3887 λου
3363 3834 3839 3899 Ἀλεξανδρείας
3862 3833 3921 3882 ἐκ

3213 3904 3320 3957 τοῦ
3352 3905 3507 3955 κατὰ
3543 3904 3876 3970 Διοδώρου.

3228 4018 3392 4084 Ἀλλ’,
3436 4012 3483 4071 ὦ
3523 4019 3701 4087 σοφὲ,
3765 4016 3925 4085 φαίην

3143 4108 3231 4173 ἂν,
3261 4109 3410 4180 ψυχὴ
3468 4109 3574 4177 μὲν
3610 4110 3718 4161 καὶ
3776 4108 3923 4172 σῶμα

3142 4201 3281 4271 πρὸς
3324 4200 3421 4253 ἁνο
3432 4199 3631 4269 ριῖδπου
3692 4198 3759 4265 γέ
3770 4214 3822 4246 νε
3833 4213 3905 4246 3w

3143 4294 3239 4345 καὶ
3258 4292 3356 4346 οὐκ
3380 4292 3446 4345 ἂν
3470 4292 3821 4362 προανεσκει
3846 4288 3927 4339 (ίαν

3143 4383 3302 4453 τέρου
3331 4382 3593 4453 θάτερον.

2386 4014 2513 4081 Sed,
2532 4031 2564 4068 o
2590 4017 2827 4086 sapiens,
2850 4017 3065 4087 inquam

2312 4120 2447 4173 ego,
2512 4108 2689 4161 anima
2748 4111 2962 4176 quidem
3014 4118 3071 4165 et

2314 4209 2510 4263 corpus
2540 4198 2605 4250 ad
2640 4199 2869 4253 hominis
2905 4200 3073 4269 origi-

2318 4299 2443 4339 nem
2475 4286 2766 4355 pertiuent,
2795 4304 2972 4358 neque
3000 4291 3073 4345 ai-

2320 4383 2581 4431 terutrum
2620 4382 2890 4448 praecedit.

2218 4506 2305 4566 IV.

1646 4661 1716 4700 sx
1753 4660 1918 4700 orsus
1950 4660 2210 4701 wvensus
2247 4661 2729 4704 panumrouacuos
2763 4648 2863 4717 (l).

704 4779 890 4840 Sancti
919 4779 1109 4853 Cyrilli
1137 4794 1202 4833 ea:
1231 4777 1583 4831 antirrheticis
1615 4779 1935 4833 sermonibus
1967 4790 2150 4832 contra

2324 4788 2435 4841 Τοῦ
2468 4788 2642 4857 ἁγίου
2688 4787 3000 4865 Κυρζλλοςζ
3027 4784 3097 4837 ἐκ
3144 4800 3294 4865 ξων-
3315 4784 3468 4865 ξιατὰ
3497 4781 3929 4865 ,ργευματομὰο

1165 4870 1694 4925 Pneumatomachos.

712 4986 945 5053 Digitum
992 4984 1089 5039 Dei
1135 4982 1273 5039 solet
1316 4978 1596 5048 Scriptura
1638 4976 1909 5046 appellare
1953 4977 2211 5045 Spiritum

647 5089 924 5137 sanctum,
962 5076 1117 5129 sicuti
1152 5074 1403 5130 Christus
1437 5070 1572 5125 dixit
1611 5086 1625 5122 :
1668 5085 1686 5119 t
1732 5068 1790 5122 Si
1825 5082 1925 5136 ego
1961 5068 2014 5121 in
2050 5068 2217 5135 digito

646 5171 737 5224 Dei
765 5167 924 5237 ejicio
946 5166 1332 5229 daemonia“;i
1365 5165 1416 5218 id
1444 5163 1585 5234 quod
1612 5161 1749 5215 alius
1769 5156 2216 5229 evangelista,t1u

644 5260 848 5331 Spiritu
884 5254 975 5310 Dei
1001 5274 1019 5307 ι
1052 5255 1199 5309 dicit.
1228 5255 1319 5309 Sic
1351 5257 1474 5309 item
1508 5257 1785 5310 dexteram
1828 5251 2217 5317 brat-hiatuque

1745 5411 1788 5443 ⁵⁷
1816 5408 2006 5464 Matth.
2042 5420 2137 5471 xu,
2160 5404 2251 5460 28.

718 5416 763 5449 ⁸⁸
788 5414 948 5471 liebr.
981 5431 1043 5480 ll,
1075 5412 1161 5467 Η.
1242 5412 1284 5443 δε
1310 5412 1437 5465 Luc.
1474 5428 1545 5476 χι,
1577 5412 1666 5466 ‘20.

718 5573 793 5641 (l)
834 5572 909 5625 Ετ
939 5570 1142 5641 synodo
1189 5566 1780 5641 Byzaptiuamadversus
1806 5566 2214 5621 Pneumatoma-

647 5635 786 5697 chos
813 5658 898 5706 ap.
932 5635 1053 5704 Mai,
1088 5635 1273 5707 8ρὶεἷι.
1307 5635 1457 5689 Rom.
1488 5635 1556 5700 Χ,
1589 5636 1677 5689 40.

722 5711 797 5781 ('2)
842 5704 1021 5764 Sancti
1065 5704 1247 5780 Cvrilli
1272 5720 1586 5781 sermones
1612 5704 2218 5781 antirrheticoslaudat

653 5774 989 5853 Ep‘ltrtemius
1030 5774 1335 5850 patriarcha
1376 5774 1742 5833 Antiochcnus
1786 5779 1923 5846 apud
1969 5775 2215 5833 Photitun

2645 4875 2768 4926 χων
2796 4854 3229 4924 ἀντιρῤητικών
3255 4856 3460 4923 ,λόγων
3491 4854 3602 4923 (‘2).

2403 4974 2673 5027 Δάκτυλον
2720 4972 2855 5026 Θεοῦ
2900 4972 3088 5025 καλεῖν
3114 4963 3221 5021 οἶδε
3273 4967 3469 5036 Γραφὴ
3501 4969 3570 5020 τὸ
3619 4970 3853 5037 Πνεῦμα
3880 4968 3927 5018 τὸ

2323 5064 2500 5130 ἅγιον,
2532 5063 2715 5127 milia;
2767 5065 2862 5116 καὶ
2885 5063 2915 5114 ὁ
2946 5058 3183 5130 Χριστὸς
3226 5057 3454 5127 εἴρηκεν
3474 5072 3490 5086 ·
3520 5078 3539 5109 ι
3586 5059 3651 5112 Εἰ
3686 5060 3747 5110 δὲ
3777 5061 3834 5111 ἐν
3863 5056 3929 5125 τῷ

2321 5154 2569 5223 δακτύλῳ
2600 5154 2733 5207 Θεοῦ
2763 5152 3010 5208 ἐκϐάλλω
3035 5151 3104 5203 τὰ
3128 5150 3405 5221 δαιμόνια·
3422 5169 3439 5202 ι
3464 5152 3617 5223 ὅπερ
3652 5154 3820 5215 ἄλλος
3848 5152 3929 5203 εὖ-

2324 5246 2673 5317 αγγελιστὴς,
2706 5265 2722 5297 t
2765 5251 2821 5299 ὲν
2846 5246 3123 5316 Ιινεύματι
3152 5246 3345 5310 Θεοῦ,ι
3382 5245 3567 5302 εἶπεν.
3608 5250 3855 5319 ὐμοίως
3882 5244 3929 5296 δὲ

2321 5561 2441 5614 cod.
2474 5574 2691 5624 ccwux,
2726 5564 2829 5615 col.
2860 5560 2963 5613 793
3000 5560 3091 5612 fin.
3124 5576 3136 5612 :
3171 5558 3443 5627 detno;
3480 5560 3541 5609 ὲν
3582 5563 3714 5622 ταῖς
3761 5561 3929 5619 ἀδῒῖείο

2323 5628 2512 5699 Moesi
2544 5647 2696 5698 φησι.
2728 5630 3039 5699 leeroqui
3063 5628 3426 5699 cnufeicndus
3461 5636 3548 5678 cst
3589 5630 3739 5680 idem
3776 5632 3930 5695 titul-

2326 5696 2405 5753 lus
2441 5696 2576 5771 Opp.
2609 5696 2651 5753 ἰ.
2694 5699 2734 5750 ν
2773 5700 2938 5771 [nunc
2980 5696 3114 5771 Vill]
3144 5696 3515 5771 ill_7:licsaitl‘0,
3561 5700 3774 5771 p.539.
3806 5700 3923 5751 llcm

2326 5770 2465 5839 apud
2497 5765 2593 5825 nos
2624 5772 2677 5823 in
2710 5765 3113 5826 commentaria
3140 5766 3205 5820 atl
3240 5765 3445 5819 Lucam
3485 5784 3572 5831 ιι,
3606 5770 3704 5823 9.0.
