  <div class='ocr_page' id='page_1' title='image "/cluster/home/n/w/nwhite01/storage/ocr_20150623/76/njp.32101007590019/013.png"; bbox 0 0 1883 3054; ppageno 0'>
   <div class='ocr_carea' id='block_1_1' title="bbox 152 167 183 195">
    <p class='ocr_par' dir='ltr' id='par_1_1' title="bbox 152 167 183 195">
     <span class='ocr_line' id='line_1_1' title="bbox 152 167 183 195; baseline 0 0"><span class='ocrx_word' id='word_1_1' title='bbox 152 167 183 195; x_wconf 83' lang='lat' dir='ltr'><strong>H</strong></span> 
     </span>
    </p>
   </div>
   <div class='ocr_carea' id='block_1_2' title="bbox 647 157 1258 189">
    <p class='ocr_par' dir='ltr' id='par_1_2' title="bbox 647 157 1258 189">
     <span class='ocr_line' id='line_1_2' title="bbox 647 157 1258 189; baseline -0.003 -1"><span class='ocrx_word' id='word_1_2' title='bbox 647 161 675 189; x_wconf 85' lang='lat' dir='ltr'><strong>S.</strong></span> <span class='ocrx_word' id='word_1_3' title='bbox 693 158 832 189; x_wconf 75' lang='lat' dir='ltr'><strong>CYllllJJ</strong></span> <span class='ocrx_word' id='word_1_4' title='bbox 847 158 1082 188; x_wconf 58' lang='lat' dir='ltr'><strong>ALEXANDRIM</strong></span> <span class='ocrx_word' id='word_1_5' title='bbox 1099 157 1258 188; x_wconf 77' lang='lat' dir='ltr'><strong>ARCBIEP.</strong></span> 
     </span>
    </p>
   </div>
   <div class='ocr_carea' id='block_1_3' title="bbox 1742 156 1778 183">
    <p class='ocr_par' dir='ltr' id='par_1_3' title="bbox 1742 156 1778 183">
     <span class='ocr_line' id='line_1_3' title="bbox 1742 156 1778 183; baseline 0 0"><span class='ocrx_word' id='word_1_6' title='bbox 1742 156 1778 183; x_wconf 72' lang='lat' dir='ltr'><strong>l2</strong></span> 
     </span>
    </p>
   </div>
   <div class='ocr_carea' id='block_1_4' title="bbox 152 214 951 256">
    <p class='ocr_par' dir='ltr' id='par_1_4' title="bbox 152 217 951 256">
     <span class='ocr_line' id='line_1_4' title="bbox 152 217 951 256; baseline -0.01 -4"><span class='ocrx_word' id='word_1_7' title='bbox 152 224 241 252; x_wconf 78' lang='lat' dir='ltr'><strong>sauris</strong></span> <span class='ocrx_word' id='word_1_8' title='bbox 250 222 378 255; x_wconf 88' lang='lat' dir='ltr'><strong>condunt,</strong></span> <span class='ocrx_word' id='word_1_9' title='bbox 391 221 483 256; x_wconf 78' lang='lat' dir='ltr'><strong>sicque</strong></span> <span class='ocrx_word' id='word_1_10' title='bbox 497 220 612 256; x_wconf 86' lang='lat' dir='ltr'><strong>gaudent</strong></span> <span class='ocrx_word' id='word_1_11' title='bbox 625 220 650 246; x_wconf 90' lang='lat' dir='ltr'><strong>in</strong></span> <span class='ocrx_word' id='word_1_12' title='bbox 665 219 698 245; x_wconf 79' lang='lat' dir='ltr'><strong>iis</strong></span> <span class='ocrx_word' id='word_1_13' title='bbox 710 227 769 253; x_wconf 77' lang='lat' dir='ltr'><strong>quze</strong></span> <span class='ocrx_word' id='word_1_14' title='bbox 781 226 813 245; x_wconf 79' lang='lat' dir='ltr'><strong>ex</strong></span> <span class='ocrx_word' id='word_1_15' title='bbox 825 217 934 244; x_wconf 73' lang='lat' dir='ltr'><strong>solertia</strong></span> <span class='ocrx_word' id='word_1_16' title='bbox 947 241 951 248; x_wconf 49' lang='grc' dir='ltr'>η</span> 
     </span>
    </p>
   </div>
   <div class='ocr_carea' id='block_1_5' title="bbox 1005 214 1778 256">
    <p class='ocr_par' dir='ltr' id='par_1_5' title="bbox 1005 214 1778 250">
     <span class='ocr_line' id='line_1_5' title="bbox 1005 214 1778 250; baseline -0.003 -8"><span class='ocrx_word' id='word_1_17' title='bbox 1005 225 1083 248; x_wconf 75' lang='grc' dir='ltr'>τνται,</span> <span class='ocrx_word' id='word_1_18' title='bbox 1109 216 1156 242; x_wconf 70' lang='grc' dir='ltr'><strong>καὶ</strong></span> <span class='ocrx_word' id='word_1_19' title='bbox 1179 216 1238 242; x_wconf 88' lang='grc' dir='ltr'>λίαν</span> <span class='ocrx_word' id='word_1_20' title='bbox 1262 215 1406 249; x_wconf 75' lang='grc' dir='ltr'>ἀσμένως·</span> <span class='ocrx_word' id='word_1_21' title='bbox 1430 215 1476 241; x_wconf 65' lang='grc' dir='ltr'><strong>καὶ</strong></span> <span class='ocrx_word' id='word_1_22' title='bbox 1490 216 1545 247; x_wconf 80' lang='grc' dir='ltr'>τοῖς</span> <span class='ocrx_word' id='word_1_23' title='bbox 1571 215 1702 242; x_wconf 76' lang='grc' dir='ltr'><strong>ἐσωτάτω</strong></span> <span class='ocrx_word' id='word_1_24' title='bbox 1726 214 1778 250; x_wconf 82' lang='grc' dir='ltr'>τῆς</span> 
     </span>
    </p>
   </div>
   <div class='ocr_carea' id='block_1_6' title="bbox 154 262 934 304">
    <p class='ocr_par' dir='ltr' id='par_1_6' title="bbox 154 262 934 304">
     <span class='ocr_line' id='line_1_6' title="bbox 154 262 934 304; baseline -0.012 -7"><span class='ocrx_word' id='word_1_25' title='bbox 154 268 320 304; x_wconf 85' lang='lat' dir='ltr'><strong>collegerint,</strong></span> <span class='ocrx_word' id='word_1_26' title='bbox 336 273 365 294; x_wconf 95' lang='lat' dir='ltr'><strong>ut</strong></span> <span class='ocrx_word' id='word_1_27' title='bbox 378 267 423 295; x_wconf 89' lang='lat' dir='ltr'><strong>alii</strong></span> <span class='ocrx_word' id='word_1_28' title='bbox 443 267 551 300; x_wconf 80' lang='lat' dir='ltr'><strong>quidam</strong></span> <span class='ocrx_word' id='word_1_29' title='bbox 565 264 709 291; x_wconf 60' lang='lat' dir='ltr'><strong>sarculares</strong></span> <span class='ocrx_word' id='word_1_30' title='bbox 726 270 787 289; x_wconf 74' lang='lat' dir='ltr'><strong>cum</strong></span> <span class='ocrx_word' id='word_1_31' title='bbox 804 262 844 289; x_wconf 87' lang='lat' dir='ltr'><strong>vel</strong></span> <span class='ocrx_word' id='word_1_32' title='bbox 863 262 934 288; x_wconf 88' lang='lat' dir='ltr'><strong>Indi-</strong></span> 
     </span>
    </p>
   </div>
   <div class='ocr_carea' id='block_1_7' title="bbox 153 309 935 350">
    <p class='ocr_par' dir='ltr' id='par_1_7' title="bbox 153 309 935 350">
     <span class='ocr_line' id='line_1_7' title="bbox 153 309 935 350; baseline -0.014 -6"><span class='ocrx_word' id='word_1_33' title='bbox 153 324 200 344; x_wconf 84' lang='lat' dir='ltr'><strong>cas</strong></span> <span class='ocrx_word' id='word_1_34' title='bbox 213 322 334 350; x_wconf 85' lang='lat' dir='ltr'><strong>gemmas</strong></span> <span class='ocrx_word' id='word_1_35' title='bbox 357 314 398 341; x_wconf 90' lang='lat' dir='ltr'><strong>vel</strong></span> <span class='ocrx_word' id='word_1_36' title='bbox 410 319 504 340; x_wconf 89' lang='lat' dir='ltr'><strong>aurum</strong></span> <span class='ocrx_word' id='word_1_37' title='bbox 522 311 600 338; x_wconf 80' lang='lat' dir='ltr'><strong>avide</strong></span> <span class='ocrx_word' id='word_1_38' title='bbox 611 309 790 340; x_wconf 82' lang='lat' dir='ltr'><strong>cumularunt,</strong></span> <span class='ocrx_word' id='word_1_39' title='bbox 805 309 859 335; x_wconf 88' lang='lat' dir='ltr'><strong>imo</strong></span> <span class='ocrx_word' id='word_1_40' title='bbox 872 315 935 335; x_wconf 86' lang='lat' dir='ltr'><strong>vero</strong></span> 
     </span>
    </p>
   </div>
   <div class='ocr_carea' id='block_1_8' title="bbox 155 353 936 396">
    <p class='ocr_par' dir='ltr' id='par_1_8' title="bbox 155 353 936 396">
     <span class='ocr_line' id='line_1_8' title="bbox 155 353 936 396; baseline -0.015 -6"><span class='ocrx_word' id='word_1_41' title='bbox 155 363 238 390; x_wconf 91' lang='lat' dir='ltr'><strong>multo</strong></span> <span class='ocrx_word' id='word_1_42' title='bbox 251 361 336 396; x_wconf 83' lang='lat' dir='ltr'><strong>magis</strong></span> <span class='ocrx_word' id='word_1_43' title='bbox 357 369 363 386; x_wconf 93' lang='lat'><strong>:</strong></span> <span class='ocrx_word' id='word_1_44' title='bbox 381 357 571 386; x_wconf 60' lang='lat' dir='ltr'><strong>(Praestantior</strong></span> <span class='ocrx_word' id='word_1_45' title='bbox 587 356 657 383; x_wconf 88' lang='lat' dir='ltr'><strong>enim</strong></span> <span class='ocrx_word' id='word_1_46' title='bbox 672 353 853 389; x_wconf 78' lang='lat' dir='ltr'><strong>estsapientia</strong></span> <span class='ocrx_word' id='word_1_47' title='bbox 871 353 936 388; x_wconf 86' lang='lat' dir='ltr'><strong>lapi-</strong></span> 
     </span>
    </p>
   </div>
   <div class='ocr_carea' id='block_1_9' title="bbox 155 399 937 442">
    <p class='ocr_par' dir='ltr' id='par_1_9' title="bbox 155 399 937 442">
     <span class='ocr_line' id='line_1_9' title="bbox 155 399 937 442; baseline -0.014 -6"><span class='ocrx_word' id='word_1_48' title='bbox 155 408 233 436; x_wconf 87' lang='lat' dir='ltr'><strong>dibus</strong></span> <span class='ocrx_word' id='word_1_49' title='bbox 251 406 389 442; x_wconf 89' lang='lat' dir='ltr'><strong>pretiosis,</strong></span> <span class='ocrx_word' id='word_1_50' title='bbox 407 410 434 432; x_wconf 89' lang='lat' dir='ltr'><strong>et</strong></span> <span class='ocrx_word' id='word_1_51' title='bbox 456 411 536 431; x_wconf 86' lang='lat' dir='ltr'><strong>omne</strong></span> <span class='ocrx_word' id='word_1_52' title='bbox 547 403 675 430; x_wconf 79' lang='lat' dir='ltr'><strong>eximium</strong></span> <span class='ocrx_word' id='word_1_53' title='bbox 693 409 747 428; x_wconf 89' lang='lat' dir='ltr'><strong>non</strong></span> <span class='ocrx_word' id='word_1_54' title='bbox 764 405 805 427; x_wconf 86' lang='lat' dir='ltr'><strong>est</strong></span> <span class='ocrx_word' id='word_1_55' title='bbox 830 399 874 426; x_wconf 87' lang='lat' dir='ltr'><strong>illa</strong></span> <span class='ocrx_word' id='word_1_56' title='bbox 896 399 937 426; x_wconf 90' lang='lat' dir='ltr'><strong>di-</strong></span> 
     </span>
    </p>
   </div>
   <div class='ocr_carea' id='block_1_10' title="bbox 155 448 937 488">
    <p class='ocr_par' dir='ltr' id='par_1_10' title="bbox 155 448 937 488">
     <span class='ocr_line' id='line_1_10' title="bbox 155 448 937 488; baseline -0.01 -8"><span class='ocrx_word' id='word_1_57' title='bbox 155 461 262 488; x_wconf 65' lang='lat' dir='ltr'><strong>gnum,»</strong></span> <span class='ocrx_word' id='word_1_58' title='bbox 275 452 345 480; x_wconf 87' lang='lat' dir='ltr'><strong>sicut</strong></span> <span class='ocrx_word' id='word_1_59' title='bbox 356 451 486 486; x_wconf 91' lang='lat' dir='ltr'><strong>scriptum</strong></span> <span class='ocrx_word' id='word_1_60' title='bbox 504 453 546 475; x_wconf 87' lang='lat' dir='ltr'><strong>est</strong></span> <span class='ocrx_word' id='word_1_61' title='bbox 556 448 575 475; x_wconf 84' lang='grc'><strong>¹.</strong></span> <span class='ocrx_word' id='word_1_62' title='bbox 595 448 725 482; x_wconf 86' lang='lat' dir='ltr'><strong>Oportere</strong></span> <span class='ocrx_word' id='word_1_63' title='bbox 741 451 830 473; x_wconf 81' lang='lat' dir='ltr'><strong>autem</strong></span> <span class='ocrx_word' id='word_1_64' title='bbox 840 453 937 473; x_wconf 85' lang='lat' dir='ltr'><strong>censeo</strong></span> 
     </span>
    </p>
   </div>
   <div class='ocr_carea' id='block_1_11' title="bbox 156 491 937 533">
    <p class='ocr_par' dir='ltr' id='par_1_11' title="bbox 156 491 937 533">
     <span class='ocr_line' id='line_1_11' title="bbox 156 491 937 533; baseline -0.012 -7"><span class='ocrx_word' id='word_1_65' title='bbox 156 499 291 533; x_wconf 83' lang='lat' dir='ltr'><strong>sapientes</strong></span> <span class='ocrx_word' id='word_1_66' title='bbox 316 497 391 524; x_wconf 81' lang='lat' dir='ltr'><strong>viros</strong></span> <span class='ocrx_word' id='word_1_67' title='bbox 411 501 438 522; x_wconf 88' lang='lat' dir='ltr'><strong>et</strong></span> <span class='ocrx_word' id='word_1_68' title='bbox 460 495 585 526; x_wconf 86' lang='lat' dir='ltr'><strong>solertes,</strong></span> <span class='ocrx_word' id='word_1_69' title='bbox 604 500 636 520; x_wconf 89' lang='lat' dir='ltr'><strong>ac</strong></span> <span class='ocrx_word' id='word_1_70' title='bbox 660 493 811 520; x_wconf 86' lang='lat' dir='ltr'><strong>divinorum</strong></span> <span class='ocrx_word' id='word_1_71' title='bbox 830 491 937 525; x_wconf 85' lang='lat' dir='ltr'><strong>dogma-</strong></span> 
     </span>
    </p>
   </div>
   <div class='ocr_carea' id='block_1_12' title="bbox 157 537 938 579">
    <p class='ocr_par' dir='ltr' id='par_1_12' title="bbox 157 537 938 579">
     <span class='ocr_line' id='line_1_12' title="bbox 157 537 938 579; baseline -0.01 -8"><span class='ocrx_word' id='word_1_72' title='bbox 157 551 213 572; x_wconf 85' lang='lat' dir='ltr'><strong>tutn</strong></span> <span class='ocrx_word' id='word_1_73' title='bbox 234 544 346 579; x_wconf 90' lang='lat' dir='ltr'><strong>peritos,</strong></span> <span class='ocrx_word' id='word_1_74' title='bbox 361 541 420 576; x_wconf 86' lang='lat' dir='ltr'><strong>ejus</strong></span> <span class='ocrx_word' id='word_1_75' title='bbox 433 544 583 576; x_wconf 75' lang='lat' dir='ltr'><strong>opportune</strong></span> <span class='ocrx_word' id='word_1_76' title='bbox 597 537 752 565; x_wconf 84' lang='lat' dir='ltr'><strong>meminisse</strong></span> <span class='ocrx_word' id='word_1_77' title='bbox 766 537 792 571; x_wconf 75' lang='lat'><strong>2</strong></span> <span class='ocrx_word' id='word_1_78' title='bbox 805 537 875 571; x_wconf 87' lang='lat' dir='ltr'><strong>quod</strong></span> <span class='ocrx_word' id='word_1_79' title='bbox 897 541 938 564; x_wconf 91' lang='lat' dir='ltr'><strong>est</strong></span> 
     </span>
    </p>
   </div>
   <div class='ocr_carea' id='block_1_13' title="bbox 156 581 935 624">
    <p class='ocr_par' dir='ltr' id='par_1_13' title="bbox 156 581 935 624">
     <span class='ocr_line' id='line_1_13' title="bbox 156 581 935 624; baseline -0.01 -8"><span class='ocrx_word' id='word_1_80' title='bbox 156 598 171 616; x_wconf 79' lang='grc' dir='ltr'><strong>ιι</strong></span> <span class='ocrx_word' id='word_1_81' title='bbox 185 589 300 624; x_wconf 86' lang='lat' dir='ltr'><strong>quodam</strong></span> <span class='ocrx_word' id='word_1_82' title='bbox 314 595 329 615; x_wconf 92' lang='lat' dir='ltr'><strong>e</strong></span> <span class='ocrx_word' id='word_1_83' title='bbox 345 586 446 615; x_wconf 88' lang='lat' dir='ltr'><strong>sanctis</strong></span> <span class='ocrx_word' id='word_1_84' title='bbox 461 584 602 619; x_wconf 83' lang='lat' dir='ltr'><strong>discipulis</strong></span> <span class='ocrx_word' id='word_1_85' title='bbox 616 583 750 624; x_wconf 73' lang='lat' dir='ltr'><strong>scriptum</strong></span> <span class='ocrx_word' id='word_1_86' title='bbox 767 592 774 610; x_wconf 90' lang='lat'><em>:</em></span> <span class='ocrx_word' id='word_1_87' title='bbox 790 592 799 608; x_wconf 78' lang='grc' dir='ltr'><strong>ι</strong></span> <span class='ocrx_word' id='word_1_88' title='bbox 815 581 935 614; x_wconf 76' lang='lat' dir='ltr'><strong>Fratres,</strong></span> 
     </span>
    </p>
   </div>
   <div class='ocr_carea' id='block_1_14' title="bbox 157 620 938 673">
    <p class='ocr_par' dir='ltr' id='par_1_14' title="bbox 157 620 938 673">
     <span class='ocr_line' id='line_1_14' title="bbox 157 620 938 673; baseline -0.01 -11"><span class='ocrx_word' id='word_1_89' title='bbox 157 620 267 670; x_wconf 73' lang='lat' dir='ltr'><strong>probate</strong></span> <span class='ocrx_word' id='word_1_90' title='bbox 288 633 402 673; x_wconf 73' lang='lat' dir='ltr'><strong>spiritus</strong></span> <span class='ocrx_word' id='word_1_91' title='bbox 423 631 445 658; x_wconf 88' lang='lat' dir='ltr'><strong>si</strong></span> <span class='ocrx_word' id='word_1_92' title='bbox 460 638 493 658; x_wconf 77' lang='lat' dir='ltr'><strong>ex</strong></span> <span class='ocrx_word' id='word_1_93' title='bbox 508 630 563 658; x_wconf 87' lang='lat' dir='ltr'><strong>Deo</strong></span> <span class='ocrx_word' id='word_1_94' title='bbox 580 620 675 657; x_wconf 74' lang='lat' dir='ltr'><strong>sunt&#39;.</strong></span> <span class='ocrx_word' id='word_1_95' title='bbox 691 637 700 653; x_wconf 78' lang='grc'><strong>›</strong></span> <span class='ocrx_word' id='word_1_96' title='bbox 720 627 818 655; x_wconf 84' lang='lat' dir='ltr'><strong>Beatus</strong></span> <span class='ocrx_word' id='word_1_97' title='bbox 832 635 938 662; x_wconf 87' lang='lat' dir='ltr'><strong>quoque</strong></span> 
     </span>
    </p>
   </div>
   <div class='ocr_carea' id='block_1_15' title="bbox 156 674 938 710">
    <p class='ocr_par' dir='ltr' id='par_1_15' title="bbox 156 674 938 710">
     <span class='ocr_line' id='line_1_15' title="bbox 156 674 938 710; baseline -0.01 -2"><span class='ocrx_word' id='word_1_98' title='bbox 156 681 256 710; x_wconf 76' lang='lat' dir='ltr'><strong>l‘aulus</strong></span> <span class='ocrx_word' id='word_1_99' title='bbox 270 681 384 708; x_wconf 86' lang='lat' dir='ltr'><strong>donatas</strong></span> <span class='ocrx_word' id='word_1_100' title='bbox 398 685 458 705; x_wconf 89' lang='lat' dir='ltr'><strong>esse</strong></span> <span class='ocrx_word' id='word_1_101' title='bbox 475 676 577 704; x_wconf 85' lang='lat' dir='ltr'><strong>sanctis</strong></span> <span class='ocrx_word' id='word_1_102' title='bbox 589 675 743 703; x_wconf 88' lang='lat' dir='ltr'><strong>hominibus</strong></span> <span class='ocrx_word' id='word_1_103' title='bbox 756 675 821 702; x_wconf 90' lang='lat' dir='ltr'><strong>dicit</strong></span> <span class='ocrx_word' id='word_1_104' title='bbox 836 674 938 701; x_wconf 84' lang='lat' dir='ltr'><strong>discre-</strong></span> 
     </span>
    </p>
   </div>
   <div class='ocr_carea' id='block_1_16' title="bbox 157 719 938 760">
    <p class='ocr_par' dir='ltr' id='par_1_16' title="bbox 157 719 938 760">
     <span class='ocr_line' id='line_1_16' title="bbox 157 719 938 760; baseline -0.01 -6"><span class='ocrx_word' id='word_1_105' title='bbox 157 727 243 754; x_wconf 84' lang='lat' dir='ltr'><strong>tiones</strong></span> <span class='ocrx_word' id='word_1_106' title='bbox 256 726 397 760; x_wconf 88' lang='lat' dir='ltr'><strong>spirituum</strong></span> <span class='ocrx_word' id='word_1_107' title='bbox 408 723 528 751; x_wconf 66' lang='lat' dir='ltr'><strong>3&quot;.Nam</strong></span> <span class='ocrx_word' id='word_1_108' title='bbox 543 722 588 757; x_wconf 85' lang='lat' dir='ltr'><strong>qui</strong></span> <span class='ocrx_word' id='word_1_109' title='bbox 604 722 706 754; x_wconf 84' lang='lat' dir='ltr'><strong>dicunt,</strong></span> <span class='ocrx_word' id='word_1_110' title='bbox 716 719 938 752; x_wconf 72' lang='lat' dir='ltr'><strong>Dominuslesus,</strong></span> 
     </span>
    </p>
   </div>
   <div class='ocr_carea' id='block_1_17' title="bbox 156 765 940 803">
    <p class='ocr_par' dir='ltr' id='par_1_17' title="bbox 156 765 940 803">
     <span class='ocr_line' id='line_1_17' title="bbox 156 765 940 803; baseline -0.014 -2"><span class='ocrx_word' id='word_1_111' title='bbox 156 774 184 801; x_wconf 90' lang='lat' dir='ltr'><strong>id</strong></span> <span class='ocrx_word' id='word_1_112' title='bbox 204 780 256 800; x_wconf 92' lang='lat' dir='ltr'><strong>non</strong></span> <span class='ocrx_word' id='word_1_113' title='bbox 284 771 362 798; x_wconf 82' lang='lat' dir='ltr'><strong>aliter</strong></span> <span class='ocrx_word' id='word_1_114' title='bbox 378 776 458 803; x_wconf 82' lang='lat' dir='ltr'><strong>quam</strong></span> <span class='ocrx_word' id='word_1_115' title='bbox 482 775 529 802; x_wconf 89' lang='lat' dir='ltr'><strong>per</strong></span> <span class='ocrx_word' id='word_1_116' title='bbox 553 766 682 801; x_wconf 79' lang='lat' dir='ltr'><strong>Spiritum</strong></span> <span class='ocrx_word' id='word_1_117' title='bbox 708 769 830 792; x_wconf 81' lang='lat' dir='ltr'><strong>sanctum</strong></span> <span class='ocrx_word' id='word_1_118' title='bbox 847 765 940 798; x_wconf 84' lang='lat' dir='ltr'><strong>utique</strong></span> 
     </span>
    </p>
   </div>
   <div class='ocr_carea' id='block_1_18' title="bbox 158 810 940 850">
    <p class='ocr_par' dir='ltr' id='par_1_18' title="bbox 158 810 940 850">
     <span class='ocr_line' id='line_1_18' title="bbox 158 810 940 850; baseline -0.013 -3"><span class='ocrx_word' id='word_1_119' title='bbox 158 821 249 847; x_wconf 87' lang='lat' dir='ltr'><strong>dicent</strong></span> <span class='ocrx_word' id='word_1_120' title='bbox 263 825 270 845; x_wconf 90' lang='lat'><strong>:</strong></span> <span class='ocrx_word' id='word_1_121' title='bbox 286 822 314 844; x_wconf 84' lang='lat' dir='ltr'><strong>at</strong></span> <span class='ocrx_word' id='word_1_122' title='bbox 326 823 390 843; x_wconf 74' lang='lat' dir='ltr'><strong>vero</strong></span> <span class='ocrx_word' id='word_1_123' title='bbox 403 814 448 850; x_wconf 87' lang='lat' dir='ltr'><strong>qui</strong></span> <span class='ocrx_word' id='word_1_124' title='bbox 460 821 492 841; x_wconf 83' lang='lat' dir='ltr'><strong>ex</strong></span> <span class='ocrx_word' id='word_1_125' title='bbox 509 811 644 847; x_wconf 79' lang='lat' dir='ltr'><strong>imperitia</strong></span> <span class='ocrx_word' id='word_1_126' title='bbox 655 811 838 846; x_wconf 86' lang='lat' dir='ltr'><strong>blasphemam</strong></span> <span class='ocrx_word' id='word_1_127' title='bbox 851 810 879 837; x_wconf 82' lang='lat' dir='ltr'><strong>in</strong></span> <span class='ocrx_word' id='word_1_128' title='bbox 893 817 940 837; x_wconf 84' lang='lat' dir='ltr'><strong>eos</strong></span> 
     </span>
    </p>
   </div>
   <div class='ocr_carea' id='block_1_19' title="bbox 159 856 940 900">
    <p class='ocr_par' dir='ltr' id='par_1_19' title="bbox 159 856 940 900">
     <span class='ocr_line' id='line_1_19' title="bbox 159 856 940 900; baseline -0.015 -8"><span class='ocrx_word' id='word_1_129' title='bbox 159 865 278 900; x_wconf 92' lang='lat' dir='ltr'><strong>linguam</strong></span> <span class='ocrx_word' id='word_1_130' title='bbox 299 863 402 894; x_wconf 81' lang='lat' dir='ltr'><strong>laxant,</strong></span> <span class='ocrx_word' id='word_1_131' title='bbox 420 864 448 887; x_wconf 89' lang='lat' dir='ltr'><strong>et</strong></span> <span class='ocrx_word' id='word_1_132' title='bbox 462 859 516 886; x_wconf 86' lang='lat' dir='ltr'><strong>illis</strong></span> <span class='ocrx_word' id='word_1_133' title='bbox 529 858 592 893; x_wconf 88' lang='lat' dir='ltr'><strong>quia</strong></span> <span class='ocrx_word' id='word_1_134' title='bbox 609 861 683 885; x_wconf 89' lang='lat' dir='ltr'><strong>recte</strong></span> <span class='ocrx_word' id='word_1_135' title='bbox 699 864 796 891; x_wconf 83' lang='lat' dir='ltr'><strong>sapere</strong></span> <span class='ocrx_word' id='word_1_136' title='bbox 811 856 940 882; x_wconf 89' lang='lat' dir='ltr'><strong>decreve-</strong></span> 
     </span>
    </p>
   </div>
   <div class='ocr_carea' id='block_1_20' title="bbox 979 260 1778 297">
    <p class='ocr_par' dir='ltr' id='par_1_20' title="bbox 979 260 1778 297">
     <span class='ocr_line' id='line_1_20' title="bbox 979 260 1778 297; baseline -0.005 -7"><span class='ocrx_word' id='word_1_137' title='bbox 979 261 1088 290; x_wconf 30' lang='grc' dir='ltr'>λὲαυτῶν</span> <span class='ocrx_word' id='word_1_138' title='bbox 1106 262 1193 297; x_wconf 76' lang='grc' dir='ltr'>ψυχῆς</span> <span class='ocrx_word' id='word_1_139' title='bbox 1214 261 1418 289; x_wconf 71' lang='grc' dir='ltr'>ὲναποκλείουσι</span> <span class='ocrx_word' id='word_1_140' title='bbox 1435 260 1598 296; x_wconf 83' lang='grc' dir='ltr'>θησαυροῖς·</span> <span class='ocrx_word' id='word_1_141' title='bbox 1611 261 1778 295; x_wconf 77' lang='grc' dir='ltr'>ἐπιγάννυν-</span> 
     </span>
    </p>
   </div>
   <div class='ocr_carea' id='block_1_21' title="bbox 986 305 1780 341">
    <p class='ocr_par' dir='ltr' id='par_1_21' title="bbox 986 305 1780 341">
     <span class='ocr_line' id='line_1_21' title="bbox 986 305 1780 341; baseline -0.003 -8"><span class='ocrx_word' id='word_1_142' title='bbox 986 316 1031 334; x_wconf 83' lang='grc' dir='ltr'><strong>ται</strong></span> <span class='ocrx_word' id='word_1_143' title='bbox 1042 306 1070 333; x_wconf 79' lang='grc' dir='ltr'>δὲ</span> <span class='ocrx_word' id='word_1_144' title='bbox 1089 305 1160 333; x_wconf 72' lang='grc' dir='ltr'>οὕτω</span> <span class='ocrx_word' id='word_1_145' title='bbox 1174 307 1230 337; x_wconf 82' lang='grc' dir='ltr'>τοῖς</span> <span class='ocrx_word' id='word_1_146' title='bbox 1248 306 1277 338; x_wconf 70' lang='grc' dir='ltr'><strong>ἐξ</strong></span> <span class='ocrx_word' id='word_1_147' title='bbox 1289 305 1421 341; x_wconf 85' lang='grc' dir='ltr'>εὑμαθίας</span> <span class='ocrx_word' id='word_1_148' title='bbox 1434 305 1661 341; x_wconf 77' lang='grc' dir='ltr'><strong>συνειλεγμένοις,</strong></span> <span class='ocrx_word' id='word_1_149' title='bbox 1674 306 1780 332; x_wconf 71' lang='grc' dir='ltr'>ὡσανεὶ</span> 
     </span>
    </p>
   </div>
   <div class='ocr_carea' id='block_1_22' title="bbox 986 351 1780 387">
    <p class='ocr_par' dir='ltr' id='par_1_22' title="bbox 986 351 1780 387">
     <span class='ocr_line' id='line_1_22' title="bbox 986 351 1780 387; baseline -0.003 -7"><span class='ocrx_word' id='word_1_150' title='bbox 986 361 1033 380; x_wconf 80' lang='grc' dir='ltr'>κα.</span> <span class='ocrx_word' id='word_1_151' title='bbox 1051 360 1126 384; x_wconf 86' lang='grc' dir='ltr'>τινες</span> <span class='ocrx_word' id='word_1_152' title='bbox 1141 352 1229 387; x_wconf 71' lang='grc' dir='ltr'>ἕτεροι</span> <span class='ocrx_word' id='word_1_153' title='bbox 1247 352 1302 378; x_wconf 81' lang='grc' dir='ltr'><strong>τῶν</strong></span> <span class='ocrx_word' id='word_1_154' title='bbox 1318 351 1389 378; x_wconf 85' lang='grc' dir='ltr'>κατὰ</span> <span class='ocrx_word' id='word_1_155' title='bbox 1407 352 1453 378; x_wconf 79' lang='grc' dir='ltr'>τὸν</span> <span class='ocrx_word' id='word_1_156' title='bbox 1475 351 1542 387; x_wconf 86' lang='grc' dir='ltr'>βίον,</span> <span class='ocrx_word' id='word_1_157' title='bbox 1562 351 1578 387; x_wconf 83' lang='grc' dir='ltr'>ἢ</span> <span class='ocrx_word' id='word_1_158' title='bbox 1593 351 1685 383; x_wconf 80' lang='grc' dir='ltr'><strong>λίθους</strong></span> <span class='ocrx_word' id='word_1_159' title='bbox 1699 351 1780 383; x_wconf 87' lang='grc' dir='ltr'>τινὰς</span> 
     </span>
    </p>
   </div>
   <div class='ocr_carea' id='block_1_23' title="bbox 993 397 1781 434">
    <p class='ocr_par' dir='ltr' id='par_1_23' title="bbox 993 397 1781 434">
     <span class='ocr_line' id='line_1_23' title="bbox 993 397 1781 434; baseline -0.003 -9"><span class='ocrx_word' id='word_1_160' title='bbox 993 398 1105 430; x_wconf 79' lang='grc' dir='ltr'>Ἰνδικὰς</span> <span class='ocrx_word' id='word_1_161' title='bbox 1121 398 1137 434; x_wconf 76' lang='grc' dir='ltr'>ἢ</span> <span class='ocrx_word' id='word_1_162' title='bbox 1161 398 1259 434; x_wconf 84' lang='grc' dir='ltr'>χρυσὸν</span> <span class='ocrx_word' id='word_1_163' title='bbox 1281 397 1427 432; x_wconf 74' lang='grc' dir='ltr'><strong>ἀπλήστως</strong></span> <span class='ocrx_word' id='word_1_164' title='bbox 1444 397 1690 432; x_wconf 84' lang='grc' dir='ltr'>συναγηγερκότες,</span> <span class='ocrx_word' id='word_1_165' title='bbox 1709 397 1781 432; x_wconf 83' lang='grc' dir='ltr'><strong>μᾶλ-</strong></span> 
     </span>
    </p>
   </div>
   <div class='ocr_carea' id='block_1_24' title="bbox 987 437 1780 480">
    <p class='ocr_par' dir='ltr' id='par_1_24' title="bbox 987 437 1780 480">
     <span class='ocr_line' id='line_1_24' title="bbox 987 437 1780 480; baseline -0.001 -9"><span class='ocrx_word' id='word_1_166' title='bbox 987 444 1032 471; x_wconf 88' lang='grc' dir='ltr'><strong>λον</strong></span> <span class='ocrx_word' id='word_1_167' title='bbox 1048 444 1087 476; x_wconf 84' lang='grc' dir='ltr'><strong>δὲ,</strong></span> <span class='ocrx_word' id='word_1_168' title='bbox 1099 445 1147 471; x_wconf 78' lang='grc' dir='ltr'>καὶ</span> <span class='ocrx_word' id='word_1_169' title='bbox 1162 444 1201 471; x_wconf 72' lang='grc' dir='ltr'>ἔτι</span> <span class='ocrx_word' id='word_1_170' title='bbox 1218 437 1515 480; x_wconf 69' lang='grc' dir='ltr'>μετςόνωςίΚρεῖσσον</span> <span class='ocrx_word' id='word_1_171' title='bbox 1531 443 1584 478; x_wconf 83' lang='grc' dir='ltr'>γὰρ</span> <span class='ocrx_word' id='word_1_172' title='bbox 1601 443 1682 477; x_wconf 81' lang='grc' dir='ltr'>σοφία</span> <span class='ocrx_word' id='word_1_173' title='bbox 1694 443 1780 470; x_wconf 80' lang='grc' dir='ltr'>λίθων</span> 
     </span>
    </p>
   </div>
   <div class='ocr_carea' id='block_1_25' title="bbox 987 489 1780 524">
    <p class='ocr_par' dir='ltr' id='par_1_25' title="bbox 987 489 1780 524">
     <span class='ocr_line' id='line_1_25' title="bbox 987 489 1780 524; baseline -0.001 -8"><span class='ocrx_word' id='word_1_174' title='bbox 987 489 1158 516; x_wconf 81' lang='grc' dir='ltr'>πολυτελῶν·</span> <span class='ocrx_word' id='word_1_175' title='bbox 1170 490 1224 516; x_wconf 82' lang='grc' dir='ltr'>πᾶν</span> <span class='ocrx_word' id='word_1_176' title='bbox 1241 490 1271 516; x_wconf 81' lang='grc' dir='ltr'>δὲ</span> <span class='ocrx_word' id='word_1_177' title='bbox 1292 489 1392 524; x_wconf 86' lang='grc' dir='ltr'>τίμιον,</span> <span class='ocrx_word' id='word_1_178' title='bbox 1412 489 1462 515; x_wconf 84' lang='grc' dir='ltr'>οὐκ</span> <span class='ocrx_word' id='word_1_179' title='bbox 1477 489 1551 520; x_wconf 79' lang='grc' dir='ltr'>ἄξιον</span> <span class='ocrx_word' id='word_1_180' title='bbox 1564 489 1661 524; x_wconf 81' lang='grc' dir='ltr'>αὐτῆς,</span> <span class='ocrx_word' id='word_1_181' title='bbox 1675 499 1686 514; x_wconf 72' lang='grc' dir='ltr'><strong>ι</strong></span> <span class='ocrx_word' id='word_1_182' title='bbox 1705 490 1780 516; x_wconf 73' lang='grc' dir='ltr'>καθὰ</span> 
     </span>
    </p>
   </div>
   <div class='ocr_carea' id='block_1_26' title="bbox 989 534 1778 572">
    <p class='ocr_par' dir='ltr' id='par_1_26' title="bbox 989 534 1778 572">
     <span class='ocr_line' id='line_1_26' title="bbox 989 534 1778 572; baseline -0.001 -9"><span class='ocrx_word' id='word_1_183' title='bbox 989 536 1152 572; x_wconf 77' lang='grc' dir='ltr'>γέγραπται.</span> <span class='ocrx_word' id='word_1_184' title='bbox 1168 536 1275 571; x_wconf 84' lang='grc' dir='ltr'>Χρῆναι</span> <span class='ocrx_word' id='word_1_185' title='bbox 1285 535 1313 562; x_wconf 81' lang='grc' dir='ltr'>δέ</span> <span class='ocrx_word' id='word_1_186' title='bbox 1326 544 1398 571; x_wconf 85' lang='grc' dir='ltr'>φημι</span> <span class='ocrx_word' id='word_1_187' title='bbox 1410 535 1483 567; x_wconf 70' lang='grc' dir='ltr'>τοὺς,</span> <span class='ocrx_word' id='word_1_188' title='bbox 1496 535 1574 570; x_wconf 77' lang='grc' dir='ltr'>οἵπερ</span> <span class='ocrx_word' id='word_1_189' title='bbox 1584 535 1617 562; x_wconf 84' lang='grc' dir='ltr'><strong>ἂν</strong></span> <span class='ocrx_word' id='word_1_190' title='bbox 1633 536 1710 569; x_wconf 71' lang='grc' dir='ltr'>σοφοὶ</span> <span class='ocrx_word' id='word_1_191' title='bbox 1720 534 1778 571; x_wconf 82' lang='grc' dir='ltr'><strong>[ῖσ.</strong></span> 
     </span>
    </p>
   </div>
   <div class='ocr_carea' id='block_1_27' title="bbox 990 579 1781 617">
    <p class='ocr_par' dir='ltr' id='par_1_27' title="bbox 990 579 1781 617">
     <span class='ocr_line' id='line_1_27' title="bbox 990 579 1781 617; baseline -0.001 -9"><span class='ocrx_word' id='word_1_192' title='bbox 990 579 1040 608; x_wconf 78' lang='grc' dir='ltr'>ὦσι</span> <span class='ocrx_word' id='word_1_193' title='bbox 1055 581 1153 617; x_wconf 75' lang='grc' dir='ltr'>σοφοὶ],</span> <span class='ocrx_word' id='word_1_194' title='bbox 1171 581 1218 608; x_wconf 70' lang='grc' dir='ltr'><strong>καὶ</strong></span> <span class='ocrx_word' id='word_1_195' title='bbox 1232 581 1367 616; x_wconf 81' lang='grc' dir='ltr'>ἀγχίνοοι,</span> <span class='ocrx_word' id='word_1_196' title='bbox 1383 581 1432 608; x_wconf 74' lang='grc' dir='ltr'><strong>καὶ</strong></span> <span class='ocrx_word' id='word_1_197' title='bbox 1458 580 1512 607; x_wconf 86' lang='grc' dir='ltr'>τῶν</span> <span class='ocrx_word' id='word_1_198' title='bbox 1531 581 1612 608; x_wconf 82' lang='grc' dir='ltr'>θείων</span> <span class='ocrx_word' id='word_1_199' title='bbox 1633 581 1781 616; x_wconf 77' lang='grc' dir='ltr'><strong>δογμάτων</strong></span> 
     </span>
    </p>
   </div>
   <div class='ocr_carea' id='block_1_28' title="bbox 990 627 1781 663">
    <p class='ocr_par' dir='ltr' id='par_1_28' title="bbox 990 627 1781 663">
     <span class='ocr_line' id='line_1_28' title="bbox 990 627 1781 663; baseline -0.001 -9"><span class='ocrx_word' id='word_1_200' title='bbox 990 628 1192 663; x_wconf 72' lang='grc' dir='ltr'>ἐπιστήμονες.</span> <span class='ocrx_word' id='word_1_201' title='bbox 1216 627 1417 663; x_wconf 80' lang='grc' dir='ltr'><strong>διαμεμνῆσθαι</strong></span> <span class='ocrx_word' id='word_1_202' title='bbox 1439 627 1583 663; x_wconf 82' lang='grc' dir='ltr'><strong>χρησίμως</strong></span> <span class='ocrx_word' id='word_1_203' title='bbox 1607 627 1781 661; x_wconf 77' lang='grc' dir='ltr'><strong>γεγραφότος</strong></span> 
     </span>
    </p>
   </div>
   <div class='ocr_carea' id='block_1_29' title="bbox 988 671 1779 708">
    <p class='ocr_par' dir='ltr' id='par_1_29' title="bbox 988 671 1779 708">
     <span class='ocr_line' id='line_1_29' title="bbox 988 671 1779 708; baseline -0.003 -8"><span class='ocrx_word' id='word_1_204' title='bbox 988 673 1062 704; x_wconf 76' lang='grc' dir='ltr'>τινὸς</span> <span class='ocrx_word' id='word_1_205' title='bbox 1080 673 1134 700; x_wconf 83' lang='grc' dir='ltr'>τῶν</span> <span class='ocrx_word' id='word_1_206' title='bbox 1150 673 1237 707; x_wconf 80' lang='grc' dir='ltr'>ἁγίων</span> <span class='ocrx_word' id='word_1_207' title='bbox 1266 672 1394 708; x_wconf 77' lang='grc' dir='ltr'><strong>μαθητῶν</strong></span> <span class='ocrx_word' id='word_1_208' title='bbox 1405 680 1412 688; x_wconf 94' lang='grc'><strong>·</strong></span> <span class='ocrx_word' id='word_1_209' title='bbox 1437 681 1446 698; x_wconf 84' lang='grc'>‹</span> <span class='ocrx_word' id='word_1_210' title='bbox 1463 673 1599 707; x_wconf 75' lang='grc' dir='ltr'>Ἀδελφοὶ,</span> <span class='ocrx_word' id='word_1_211' title='bbox 1616 671 1779 708; x_wconf 74' lang='grc' dir='ltr'><strong>δοκιμάζετε</strong></span> 
     </span>
    </p>
   </div>
   <div class='ocr_carea' id='block_1_30' title="bbox 989 719 1778 755">
    <p class='ocr_par' dir='ltr' id='par_1_30' title="bbox 989 719 1778 755">
     <span class='ocr_line' id='line_1_30' title="bbox 989 719 1778 755; baseline -0.001 -9"><span class='ocrx_word' id='word_1_212' title='bbox 989 720 1024 747; x_wconf 76' lang='grc' dir='ltr'>τὰ</span> <span class='ocrx_word' id='word_1_213' title='bbox 1038 719 1195 755; x_wconf 82' lang='grc' dir='ltr'>πνεύματα,</span> <span class='ocrx_word' id='word_1_214' title='bbox 1211 721 1234 746; x_wconf 86' lang='grc' dir='ltr'><strong>εί</strong></span> <span class='ocrx_word' id='word_1_215' title='bbox 1251 720 1284 746; x_wconf 80' lang='grc' dir='ltr'>ὲκ</span> <span class='ocrx_word' id='word_1_216' title='bbox 1299 719 1345 746; x_wconf 82' lang='grc' dir='ltr'>τοῦ</span> <span class='ocrx_word' id='word_1_217' title='bbox 1362 719 1430 746; x_wconf 80' lang='grc' dir='ltr'>Θεοῦ</span> <span class='ocrx_word' id='word_1_218' title='bbox 1446 719 1510 747; x_wconf 79' lang='grc' dir='ltr'>εἱσι.</span> <span class='ocrx_word' id='word_1_219' title='bbox 1529 729 1539 745; x_wconf 71' lang='grc' dir='ltr'><strong>ι</strong></span> <span class='ocrx_word' id='word_1_220' title='bbox 1559 719 1736 755; x_wconf 85' lang='grc' dir='ltr'>Δεδωρῆσθαι</span> <span class='ocrx_word' id='word_1_221' title='bbox 1749 719 1778 745; x_wconf 68' lang='grc' dir='ltr'>δὲ</span> 
     </span>
    </p>
   </div>
   <div class='ocr_carea' id='block_1_31' title="bbox 989 765 1781 801">
    <p class='ocr_par' dir='ltr' id='par_1_31' title="bbox 989 765 1781 801">
     <span class='ocr_line' id='line_1_31' title="bbox 989 765 1781 801; baseline -0.003 -7"><span class='ocrx_word' id='word_1_222' title='bbox 989 769 1046 798; x_wconf 83' lang='grc' dir='ltr'>τοῖς</span> <span class='ocrx_word' id='word_1_223' title='bbox 1065 767 1154 800; x_wconf 77' lang='grc' dir='ltr'>ἁγίοις</span> <span class='ocrx_word' id='word_1_224' title='bbox 1173 767 1240 801; x_wconf 74' lang='grc' dir='ltr'>φησὶ</span> <span class='ocrx_word' id='word_1_225' title='bbox 1255 767 1302 793; x_wconf 76' lang='grc' dir='ltr'>καὶ</span> <span class='ocrx_word' id='word_1_226' title='bbox 1316 767 1330 792; x_wconf 83' lang='grc' dir='ltr'>ὁ</span> <span class='ocrx_word' id='word_1_227' title='bbox 1344 766 1488 798; x_wconf 71' lang='grc' dir='ltr'><strong>θεσπέσιος</strong></span> <span class='ocrx_word' id='word_1_228' title='bbox 1503 765 1608 798; x_wconf 81' lang='grc' dir='ltr'><strong>Παῦλος</strong></span> <span class='ocrx_word' id='word_1_229' title='bbox 1626 766 1781 801; x_wconf 81' lang='grc' dir='ltr'><strong>διακρίσεις</strong></span> 
     </span>
    </p>
   </div>
   <div class='ocr_carea' id='block_1_32' title="bbox 990 811 1780 848">
    <p class='ocr_par' dir='ltr' id='par_1_32' title="bbox 990 811 1780 848">
     <span class='ocr_line' id='line_1_32' title="bbox 990 811 1780 848; baseline -0.003 -8"><span class='ocrx_word' id='word_1_230' title='bbox 990 814 1164 848; x_wconf 79' lang='grc' dir='ltr'>πνευμάτων.</span> <span class='ocrx_word' id='word_1_231' title='bbox 1176 814 1206 839; x_wconf 86' lang='grc' dir='ltr'>Οἱ</span> <span class='ocrx_word' id='word_1_232' title='bbox 1221 813 1269 848; x_wconf 79' lang='grc' dir='ltr'>μὲν</span> <span class='ocrx_word' id='word_1_233' title='bbox 1283 813 1336 848; x_wconf 86' lang='grc' dir='ltr'><strong>γάρ</strong></span> <span class='ocrx_word' id='word_1_234' title='bbox 1348 811 1483 846; x_wconf 78' lang='grc' dir='ltr'>λέγοντες,</span> <span class='ocrx_word' id='word_1_235' title='bbox 1495 812 1535 839; x_wconf 76' lang='grc' dir='ltr'>ὅτι</span> <span class='ocrx_word' id='word_1_236' title='bbox 1547 812 1649 848; x_wconf 83' lang='grc' dir='ltr'>Κύριος</span> <span class='ocrx_word' id='word_1_237' title='bbox 1664 812 1780 847; x_wconf 80' lang='grc' dir='ltr'>Ἰησοῦς,</span> 
     </span>
    </p>
   </div>
   <div class='ocr_carea' id='block_1_33' title="bbox 991 857 1781 894">
    <p class='ocr_par' dir='ltr' id='par_1_33' title="bbox 991 857 1781 894">
     <span class='ocr_line' id='line_1_33' title="bbox 991 857 1781 894; baseline -0.001 -9"><span class='ocrx_word' id='word_1_238' title='bbox 991 860 1068 893; x_wconf 81' lang='grc' dir='ltr'>φαῖεν</span> <span class='ocrx_word' id='word_1_239' title='bbox 1084 859 1117 885; x_wconf 84' lang='grc' dir='ltr'><strong>ἂν</strong></span> <span class='ocrx_word' id='word_1_240' title='bbox 1133 859 1182 894; x_wconf 79' lang='grc' dir='ltr'>οὺχ</span> <span class='ocrx_word' id='word_1_241' title='bbox 1209 858 1309 894; x_wconf 76' lang='grc' dir='ltr'>ἑτέρως</span> <span class='ocrx_word' id='word_1_242' title='bbox 1324 858 1400 890; x_wconf 69' lang='grc' dir='ltr'>αὐτὸ,</span> <span class='ocrx_word' id='word_1_243' title='bbox 1419 857 1489 893; x_wconf 82' lang='grc' dir='ltr'>πλὴν</span> <span class='ocrx_word' id='word_1_244' title='bbox 1506 858 1547 884; x_wconf 84' lang='grc' dir='ltr'>ὅτι</span> <span class='ocrx_word' id='word_1_245' title='bbox 1565 858 1609 884; x_wconf 85' lang='grc' dir='ltr'>διὰ</span> <span class='ocrx_word' id='word_1_246' title='bbox 1631 857 1678 885; x_wconf 80' lang='grc' dir='ltr'><strong>τοῦ</strong></span> <span class='ocrx_word' id='word_1_247' title='bbox 1699 858 1781 892; x_wconf 80' lang='grc' dir='ltr'><strong>ἁγίου</strong></span> 
     </span>
    </p>
   </div>
   <div class='ocr_carea' id='block_1_34' title="bbox 161 897 951 946">
    <p class='ocr_par' dir='ltr' id='par_1_34' title="bbox 161 897 939 946">
     <span class='ocr_line' id='line_1_34' title="bbox 161 897 939 946; baseline -0.017 -5"><span class='ocrx_word' id='word_1_248' title='bbox 161 897 237 944; x_wconf 74' lang='lat' dir='ltr'><strong>runt,</strong></span> <span class='ocrx_word' id='word_1_249' title='bbox 262 910 455 946; x_wconf 83' lang='lat' dir='ltr'><strong>propemodum</strong></span> <span class='ocrx_word' id='word_1_250' title='bbox 480 907 575 934; x_wconf 88' lang='lat' dir='ltr'><strong>dicunt</strong></span> <span class='ocrx_word' id='word_1_251' title='bbox 612 906 756 933; x_wconf 79' lang='lat' dir='ltr'><strong>anathema</strong></span> <span class='ocrx_word' id='word_1_252' title='bbox 783 903 886 936; x_wconf 74' lang='lat' dir='ltr'><strong>Iesum,</strong></span> <span class='ocrx_word' id='word_1_253' title='bbox 913 902 939 929; x_wconf 94' lang='lat' dir='ltr'><strong>id</strong></span> 
     </span>
    </p>
   </div>
   <div class='ocr_carea' id='block_1_35' title="bbox 1005 897 1780 946">
    <p class='ocr_par' dir='ltr' id='par_1_35' title="bbox 1005 903 1780 939">
     <span class='ocr_line' id='line_1_35' title="bbox 1005 903 1780 939; baseline -0.001 -8"><span class='ocrx_word' id='word_1_254' title='bbox 1005 904 1168 939; x_wconf 81' lang='grc' dir='ltr'>Ινεύματος·</span> <span class='ocrx_word' id='word_1_255' title='bbox 1187 904 1214 930; x_wconf 85' lang='grc' dir='ltr'>οῖ</span> <span class='ocrx_word' id='word_1_256' title='bbox 1226 912 1258 938; x_wconf 87' lang='grc' dir='ltr'>γε</span> <span class='ocrx_word' id='word_1_257' title='bbox 1279 905 1332 939; x_wconf 79' lang='grc' dir='ltr'>μὴν</span> <span class='ocrx_word' id='word_1_258' title='bbox 1347 904 1375 936; x_wconf 77' lang='grc' dir='ltr'>ἐξ</span> <span class='ocrx_word' id='word_1_259' title='bbox 1392 903 1512 939; x_wconf 84' lang='grc' dir='ltr'>ἀμαθίας</span> <span class='ocrx_word' id='word_1_260' title='bbox 1534 903 1713 939; x_wconf 82' lang='grc' dir='ltr'>παλίμφημον</span> <span class='ocrx_word' id='word_1_261' title='bbox 1736 904 1780 930; x_wconf 75' lang='grc' dir='ltr'><strong>ἐπ’</strong></span> 
     </span>
    </p>
   </div>
   <div class='ocr_carea' id='block_1_36' title="bbox 159 949 942 993">
    <p class='ocr_par' dir='ltr' id='par_1_36' title="bbox 159 949 942 993">
     <span class='ocr_line' id='line_1_36' title="bbox 159 949 942 993; baseline -0.013 -7"><span class='ocrx_word' id='word_1_262' title='bbox 159 959 252 993; x_wconf 89' lang='lat' dir='ltr'><strong>utique</strong></span> <span class='ocrx_word' id='word_1_263' title='bbox 272 963 304 984; x_wconf 80' lang='lat' dir='ltr'><strong>ex</strong></span> <span class='ocrx_word' id='word_1_264' title='bbox 320 954 470 982; x_wconf 84' lang='lat' dir='ltr'><strong>Beelzebub</strong></span> <span class='ocrx_word' id='word_1_265' title='bbox 485 953 614 980; x_wconf 85' lang='lat' dir='ltr'><strong>instinctu</strong></span> <span class='ocrx_word' id='word_1_266' title='bbox 629 951 740 979; x_wconf 80' lang='lat' dir='ltr'><strong>faciunt.</strong></span> <span class='ocrx_word' id='word_1_267' title='bbox 755 950 869 984; x_wconf 87' lang='lat' dir='ltr'><strong>Oportet</strong></span> <span class='ocrx_word' id='word_1_268' title='bbox 889 949 942 984; x_wconf 68' lang='lat' dir='ltr'><strong>igi»</strong></span> 
     </span>
    </p>
   </div>
   <div class='ocr_carea' id='block_1_37' title="bbox 160 996 942 1030">
    <p class='ocr_par' dir='ltr' id='par_1_37' title="bbox 160 996 942 1030">
     <span class='ocr_line' id='line_1_37' title="bbox 160 996 942 1030; baseline -0.013 0"><span class='ocrx_word' id='word_1_269' title='bbox 160 1009 204 1030; x_wconf 89' lang='lat' dir='ltr'><strong>tur</strong></span> <span class='ocrx_word' id='word_1_270' title='bbox 225 1007 254 1029; x_wconf 77' lang='lat' dir='ltr'><strong>ut</strong></span> <span class='ocrx_word' id='word_1_271' title='bbox 279 1000 420 1028; x_wconf 80' lang='lat' dir='ltr'><strong>exercitati</strong></span> <span class='ocrx_word' id='word_1_272' title='bbox 447 998 481 1025; x_wconf 89' lang='lat' dir='ltr'><strong>ad</strong></span> <span class='ocrx_word' id='word_1_273' title='bbox 502 997 593 1025; x_wconf 80' lang='lat' dir='ltr'><strong>omnia</strong></span> <span class='ocrx_word' id='word_1_274' title='bbox 617 996 751 1023; x_wconf 74' lang='lat' dir='ltr'><strong>subtiliter</strong></span> <span class='ocrx_word' id='word_1_275' title='bbox 774 1000 800 1022; x_wconf 92' lang='lat' dir='ltr'><strong>et</strong></span> <span class='ocrx_word' id='word_1_276' title='bbox 817 999 942 1022; x_wconf 79' lang='lat' dir='ltr'><strong>accurate</strong></span> 
     </span>
    </p>
   </div>
   <div class='ocr_carea' id='block_1_38' title="bbox 160 1039 941 1084">
    <p class='ocr_par' dir='ltr' id='par_1_38' title="bbox 160 1039 941 1084">
     <span class='ocr_line' id='line_1_38' title="bbox 160 1039 941 1084; baseline -0.015 -8"><span class='ocrx_word' id='word_1_277' title='bbox 160 1047 309 1084; x_wconf 85' lang='lat' dir='ltr'><strong>probanda,</strong></span> <span class='ocrx_word' id='word_1_278' title='bbox 333 1050 361 1072; x_wconf 88' lang='lat' dir='ltr'><strong>ct</strong></span> <span class='ocrx_word' id='word_1_279' title='bbox 379 1043 500 1080; x_wconf 76' lang='lat' dir='ltr'><strong>pervigili</strong></span> <span class='ocrx_word' id='word_1_280' title='bbox 527 1047 634 1070; x_wconf 90' lang='lat' dir='ltr'><strong>utentes</strong></span> <span class='ocrx_word' id='word_1_281' title='bbox 655 1041 744 1068; x_wconf 79' lang='lat' dir='ltr'><strong>animo</strong></span> <span class='ocrx_word' id='word_1_282' title='bbox 764 1039 941 1075; x_wconf 86' lang='lat' dir='ltr'><strong>quorumdam</strong></span> 
     </span>
    </p>
   </div>
   <div class='ocr_carea' id='block_1_39' title="bbox 161 1085 943 1128">
    <p class='ocr_par' dir='ltr' id='par_1_39' title="bbox 161 1085 943 1128">
     <span class='ocr_line' id='line_1_39' title="bbox 161 1085 943 1128; baseline -0.013 -7"><span class='ocrx_word' id='word_1_283' title='bbox 161 1094 261 1128; x_wconf 83' lang='lat' dir='ltr'><strong>scripta</strong></span> <span class='ocrx_word' id='word_1_284' title='bbox 277 1093 407 1126; x_wconf 79' lang='lat' dir='ltr'><strong>legamus,</strong></span> <span class='ocrx_word' id='word_1_285' title='bbox 431 1095 458 1117; x_wconf 85' lang='lat' dir='ltr'><strong>et</strong></span> <span class='ocrx_word' id='word_1_286' title='bbox 476 1089 541 1123; x_wconf 88' lang='lat' dir='ltr'><strong>quid</strong></span> <span class='ocrx_word' id='word_1_287' title='bbox 559 1088 592 1115; x_wconf 88' lang='lat' dir='ltr'><strong>de</strong></span> <span class='ocrx_word' id='word_1_288' title='bbox 606 1091 699 1114; x_wconf 88' lang='lat' dir='ltr'><strong>nostro</strong></span> <span class='ocrx_word' id='word_1_289' title='bbox 714 1087 834 1114; x_wconf 72' lang='lat' dir='ltr'><strong>amntium</strong></span> <span class='ocrx_word' id='word_1_290' title='bbox 851 1085 943 1112; x_wconf 87' lang='lat' dir='ltr'><strong>Salva-</strong></span> 
     </span>
    </p>
   </div>
   <div class='ocr_carea' id='block_1_40' title="bbox 162 1132 942 1170">
    <p class='ocr_par' dir='ltr' id='par_1_40' title="bbox 162 1132 942 1170">
     <span class='ocr_line' id='line_1_40' title="bbox 162 1132 942 1170; baseline -0.014 -2"><span class='ocrx_word' id='word_1_291' title='bbox 162 1145 221 1168; x_wconf 88' lang='lat' dir='ltr'><strong>tore</strong></span> <span class='ocrx_word' id='word_1_292' title='bbox 251 1139 360 1166; x_wconf 81' lang='lat' dir='ltr'><strong>Christo</strong></span> <span class='ocrx_word' id='word_1_293' title='bbox 387 1137 551 1170; x_wconf 87' lang='lat' dir='ltr'><strong>loquantur,</strong></span> <span class='ocrx_word' id='word_1_294' title='bbox 575 1134 719 1168; x_wconf 78' lang='lat' dir='ltr'><strong>diligenter</strong></span> <span class='ocrx_word' id='word_1_295' title='bbox 748 1132 942 1166; x_wconf 80' lang='lat' dir='ltr'><strong>exquiramus,</strong></span> 
     </span>
    </p>
   </div>
   <div class='ocr_carea' id='block_1_41' title="bbox 161 1178 944 1220">
    <p class='ocr_par' dir='ltr' id='par_1_41' title="bbox 161 1178 944 1220">
     <span class='ocr_line' id='line_1_41' title="bbox 161 1178 944 1220; baseline -0.013 -6"><span class='ocrx_word' id='word_1_296' title='bbox 161 1185 317 1220; x_wconf 81' lang='lat' dir='ltr'><strong>optimeque</strong></span> <span class='ocrx_word' id='word_1_297' title='bbox 336 1183 473 1209; x_wconf 85' lang='lat' dir='ltr'><strong>imitemur</strong></span> <span class='ocrx_word' id='word_1_298' title='bbox 491 1179 697 1215; x_wconf 81' lang='lat' dir='ltr'><strong>probatissimos</strong></span> <span class='ocrx_word' id='word_1_299' title='bbox 719 1186 750 1206; x_wconf 86' lang='lat' dir='ltr'><strong>ac</strong></span> <span class='ocrx_word' id='word_1_300' title='bbox 764 1178 944 1213; x_wconf 80' lang='lat' dir='ltr'><strong>peritissimos</strong></span> 
     </span>
    </p>
   </div>
   <div class='ocr_carea' id='block_1_42' title="bbox 163 1221 945 1263">
    <p class='ocr_par' dir='ltr' id='par_1_42' title="bbox 163 1221 945 1263">
     <span class='ocr_line' id='line_1_42' title="bbox 163 1221 945 1263; baseline -0.012 -5"><span class='ocrx_word' id='word_1_301' title='bbox 163 1230 367 1261; x_wconf 87' lang='lat' dir='ltr'><strong>nummularios,</strong></span> <span class='ocrx_word' id='word_1_302' title='bbox 385 1228 430 1263; x_wconf 88' lang='lat' dir='ltr'><strong>qui</strong></span> <span class='ocrx_word' id='word_1_303' title='bbox 455 1227 555 1261; x_wconf 90' lang='lat' dir='ltr'><strong>probos</strong></span> <span class='ocrx_word' id='word_1_304' title='bbox 577 1232 702 1252; x_wconf 88' lang='lat' dir='ltr'><strong>nummos</strong></span> <span class='ocrx_word' id='word_1_305' title='bbox 723 1224 879 1255; x_wconf 89' lang='lat' dir='ltr'><strong>admittunt,</strong></span> <span class='ocrx_word' id='word_1_306' title='bbox 894 1221 945 1249; x_wconf 81' lang='lat' dir='ltr'><strong>fal-</strong></span> 
     </span>
    </p>
   </div>
   <div class='ocr_carea' id='block_1_43' title="bbox 163 1269 945 1305">
    <p class='ocr_par' dir='ltr' id='par_1_43' title="bbox 163 1269 945 1305">
     <span class='ocr_line' id='line_1_43' title="bbox 163 1269 945 1305; baseline -0.01 -1"><span class='ocrx_word' id='word_1_307' title='bbox 163 1283 208 1305; x_wconf 86' lang='lat' dir='ltr'><strong>sos</strong></span> <span class='ocrx_word' id='word_1_308' title='bbox 232 1281 320 1303; x_wconf 85' lang='lat' dir='ltr'><strong>autem</strong></span> <span class='ocrx_word' id='word_1_309' title='bbox 347 1279 374 1302; x_wconf 91' lang='lat' dir='ltr'><strong>et</strong></span> <span class='ocrx_word' id='word_1_310' title='bbox 399 1273 565 1300; x_wconf 87' lang='lat' dir='ltr'><strong>adulteratos</strong></span> <span class='ocrx_word' id='word_1_311' title='bbox 596 1271 716 1298; x_wconf 85' lang='lat' dir='ltr'><strong>studiose</strong></span> <span class='ocrx_word' id='word_1_312' title='bbox 739 1269 874 1304; x_wconf 79' lang='lat' dir='ltr'><strong>rejiciunt.</strong></span> <span class='ocrx_word' id='word_1_313' title='bbox 905 1269 945 1296; x_wconf 81' lang='lat' dir='ltr'><strong>Ad</strong></span> 
     </span>
    </p>
   </div>
   <div class='ocr_carea' id='block_1_44' title="bbox 163 1315 944 1358">
    <p class='ocr_par' dir='ltr' id='par_1_44' title="bbox 163 1315 944 1358">
     <span class='ocr_line' id='line_1_44' title="bbox 163 1315 944 1358; baseline -0.012 -9"><span class='ocrx_word' id='word_1_314' title='bbox 163 1330 244 1358; x_wconf 85' lang='lat' dir='ltr'><strong>quam</strong></span> <span class='ocrx_word' id='word_1_315' title='bbox 271 1328 328 1348; x_wconf 86' lang='lat' dir='ltr'><strong>rem</strong></span> <span class='ocrx_word' id='word_1_316' title='bbox 355 1326 403 1346; x_wconf 86' lang='lat' dir='ltr'><strong>nos</strong></span> <span class='ocrx_word' id='word_1_317' title='bbox 425 1319 519 1346; x_wconf 83' lang='lat' dir='ltr'><strong>beatus</strong></span> <span class='ocrx_word' id='word_1_318' title='bbox 535 1317 635 1344; x_wconf 82' lang='lat' dir='ltr'><strong>Paulus</strong></span> <span class='ocrx_word' id='word_1_319' title='bbox 659 1317 803 1348; x_wconf 69' lang='lat' dir='ltr'><strong>hortatur,</strong></span> <span class='ocrx_word' id='word_1_320' title='bbox 828 1315 944 1343; x_wconf 86' lang='lat' dir='ltr'><strong>dicens:</strong></span> 
     </span>
    </p>
   </div>
   <div class='ocr_carea' id='block_1_45' title="bbox 165 1359 947 1398">
    <p class='ocr_par' dir='ltr' id='par_1_45' title="bbox 165 1359 947 1398">
     <span class='ocr_line' id='line_1_45' title="bbox 165 1359 947 1398; baseline -0.012 -4"><span class='ocrx_word' id='word_1_321' title='bbox 165 1376 176 1393; x_wconf 76' lang='grc' dir='ltr'><strong>ι</strong></span> <span class='ocrx_word' id='word_1_322' title='bbox 191 1367 282 1394; x_wconf 87' lang='lat' dir='ltr'><strong>Estote</strong></span> <span class='ocrx_word' id='word_1_323' title='bbox 304 1365 380 1398; x_wconf 81' lang='lat' dir='ltr'><strong>probi</strong></span> <span class='ocrx_word' id='word_1_324' title='bbox 405 1363 577 1390; x_wconf 83' lang='lat' dir='ltr'><strong>nummularii</strong></span> <span class='ocrx_word' id='word_1_325' title='bbox 595 1372 602 1389; x_wconf 85' lang='lat'><strong>:</strong></span> <span class='ocrx_word' id='word_1_326' title='bbox 618 1361 708 1389; x_wconf 85' lang='lat' dir='ltr'><strong>omnia</strong></span> <span class='ocrx_word' id='word_1_327' title='bbox 730 1361 850 1394; x_wconf 83' lang='lat' dir='ltr'><strong>probate,</strong></span> <span class='ocrx_word' id='word_1_328' title='bbox 877 1359 947 1393; x_wconf 92' lang='lat' dir='ltr'><strong>quod</strong></span> 
     </span>
    </p>
   </div>
   <div class='ocr_carea' id='block_1_46' title="bbox 163 1405 943 1443">
    <p class='ocr_par' dir='ltr' id='par_1_46' title="bbox 163 1405 943 1443">
     <span class='ocr_line' id='line_1_46' title="bbox 163 1405 943 1443; baseline -0.013 -2"><span class='ocrx_word' id='word_1_329' title='bbox 163 1413 264 1441; x_wconf 86' lang='lat' dir='ltr'><strong>bonum</strong></span> <span class='ocrx_word' id='word_1_330' title='bbox 276 1417 317 1439; x_wconf 85' lang='lat' dir='ltr'><strong>est</strong></span> <span class='ocrx_word' id='word_1_331' title='bbox 329 1415 432 1438; x_wconf 85' lang='lat' dir='ltr'><strong>tenete:</strong></span> <span class='ocrx_word' id='word_1_332' title='bbox 448 1410 481 1436; x_wconf 87' lang='lat' dir='ltr'><strong>ab</strong></span> <span class='ocrx_word' id='word_1_333' title='bbox 500 1408 572 1436; x_wconf 83' lang='lat' dir='ltr'><strong>omni</strong></span> <span class='ocrx_word' id='word_1_334' title='bbox 589 1407 681 1443; x_wconf 84' lang='lat' dir='ltr'><strong>specie</strong></span> <span class='ocrx_word' id='word_1_335' title='bbox 695 1406 764 1433; x_wconf 86' lang='lat' dir='ltr'><strong>mala</strong></span> <span class='ocrx_word' id='word_1_336' title='bbox 776 1405 918 1433; x_wconf 83' lang='lat' dir='ltr'><strong>abstinete.</strong></span> <span class='ocrx_word' id='word_1_337' title='bbox 935 1413 943 1430; x_wconf 72' lang='grc' dir='ltr'><strong>ι</strong></span> 
     </span>
    </p>
   </div>
   <div class='ocr_carea' id='block_1_47' title="bbox 166 1450 947 1491">
    <p class='ocr_par' dir='ltr' id='par_1_47' title="bbox 166 1450 947 1491">
     <span class='ocr_line' id='line_1_47' title="bbox 166 1450 947 1491; baseline -0.015 -4"><span class='ocrx_word' id='word_1_338' title='bbox 166 1459 213 1487; x_wconf 81' lang='lat' dir='ltr'><strong>Est</strong></span> <span class='ocrx_word' id='word_1_339' title='bbox 226 1459 308 1486; x_wconf 85' lang='lat' dir='ltr'><strong>etiam</strong></span> <span class='ocrx_word' id='word_1_340' title='bbox 326 1457 424 1491; x_wconf 87' lang='lat' dir='ltr'><strong>alioqui</strong></span> <span class='ocrx_word' id='word_1_341' title='bbox 452 1460 530 1489; x_wconf 86' lang='lat' dir='ltr'><strong>turpe</strong></span> <span class='ocrx_word' id='word_1_342' title='bbox 546 1456 572 1481; x_wconf 91' lang='lat' dir='ltr'><strong>in</strong></span> <span class='ocrx_word' id='word_1_343' title='bbox 596 1453 692 1488; x_wconf 87' lang='lat' dir='ltr'><strong>primis</strong></span> <span class='ocrx_word' id='word_1_344' title='bbox 711 1456 739 1478; x_wconf 91' lang='lat' dir='ltr'><strong>et</strong></span> <span class='ocrx_word' id='word_1_345' title='bbox 750 1450 909 1481; x_wconf 83' lang='lat' dir='ltr'><strong>absurdum,</strong></span> <span class='ocrx_word' id='word_1_346' title='bbox 924 1450 947 1476; x_wconf 88' lang='lat' dir='ltr'><strong>si</strong></span> 
     </span>
    </p>
   </div>
   <div class='ocr_carea' id='block_1_48' title="bbox 165 1495 948 1532">
    <p class='ocr_par' dir='ltr' id='par_1_48' title="bbox 165 1495 948 1532">
     <span class='ocr_line' id='line_1_48' title="bbox 165 1495 948 1532; baseline -0.014 0"><span class='ocrx_word' id='word_1_347' title='bbox 165 1512 227 1532; x_wconf 82' lang='lat' dir='ltr'><strong>cum</strong></span> <span class='ocrx_word' id='word_1_348' title='bbox 250 1504 277 1531; x_wconf 90' lang='lat' dir='ltr'><strong>in</strong></span> <span class='ocrx_word' id='word_1_349' title='bbox 300 1503 381 1529; x_wconf 84' lang='lat' dir='ltr'><strong>rebus</strong></span> <span class='ocrx_word' id='word_1_350' title='bbox 402 1501 436 1528; x_wconf 87' lang='lat' dir='ltr'><strong>ad</strong></span> <span class='ocrx_word' id='word_1_351' title='bbox 460 1500 530 1527; x_wconf 88' lang='lat' dir='ltr'><strong>hanc</strong></span> <span class='ocrx_word' id='word_1_352' title='bbox 548 1499 630 1525; x_wconf 88' lang='lat' dir='ltr'><strong>vitam</strong></span> <span class='ocrx_word' id='word_1_353' title='bbox 653 1497 852 1532; x_wconf 87' lang='lat' dir='ltr'><strong>pertinentibus</strong></span> <span class='ocrx_word' id='word_1_354' title='bbox 876 1495 948 1522; x_wconf 88' lang='lat' dir='ltr'><strong>nullo</strong></span> 
     </span>
    </p>
   </div>
   <div class='ocr_carea' id='block_1_49' title="bbox 166 1540 949 1583">
    <p class='ocr_par' dir='ltr' id='par_1_49' title="bbox 166 1540 949 1583">
     <span class='ocr_line' id='line_1_49' title="bbox 166 1540 949 1583; baseline -0.017 -6"><span class='ocrx_word' id='word_1_355' title='bbox 166 1549 246 1577; x_wconf 90' lang='lat' dir='ltr'><strong>modo</strong></span> <span class='ocrx_word' id='word_1_356' title='bbox 259 1547 329 1583; x_wconf 88' lang='lat' dir='ltr'><strong>quod</strong></span> <span class='ocrx_word' id='word_1_357' title='bbox 343 1546 369 1573; x_wconf 91' lang='lat' dir='ltr'><strong>in</strong></span> <span class='ocrx_word' id='word_1_358' title='bbox 384 1553 440 1572; x_wconf 83' lang='lat' dir='ltr'><strong>rem</strong></span> <span class='ocrx_word' id='word_1_359' title='bbox 453 1544 488 1571; x_wconf 85' lang='lat' dir='ltr'><strong>sit</strong></span> <span class='ocrx_word' id='word_1_360' title='bbox 503 1542 637 1577; x_wconf 77' lang='lat' dir='ltr'><strong>negligere</strong></span> <span class='ocrx_word' id='word_1_361' title='bbox 650 1541 800 1572; x_wconf 80' lang='lat' dir='ltr'><strong>videamur,</strong></span> <span class='ocrx_word' id='word_1_362' title='bbox 816 1540 870 1566; x_wconf 83' lang='lat' dir='ltr'><strong>into</strong></span> <span class='ocrx_word' id='word_1_363' title='bbox 885 1546 949 1564; x_wconf 81' lang='lat' dir='ltr'><strong>vero</strong></span> 
     </span>
    </p>
   </div>
   <div class='ocr_carea' id='block_1_50' title="bbox 991 945 1782 984">
    <p class='ocr_par' dir='ltr' id='par_1_50' title="bbox 991 945 1782 984">
     <span class='ocr_line' id='line_1_50' title="bbox 991 945 1782 984; baseline -0.003 -7"><span class='ocrx_word' id='word_1_364' title='bbox 991 951 1083 981; x_wconf 79' lang='grc' dir='ltr'>αὐτοῖς</span> <span class='ocrx_word' id='word_1_365' title='bbox 1108 950 1232 984; x_wconf 82' lang='grc' dir='ltr'>γλῶσσαν</span> <span class='ocrx_word' id='word_1_366' title='bbox 1259 950 1379 982; x_wconf 81' lang='grc' dir='ltr'>ἀνέντες,</span> <span class='ocrx_word' id='word_1_367' title='bbox 1405 949 1452 976; x_wconf 77' lang='grc' dir='ltr'>καὶ</span> <span class='ocrx_word' id='word_1_368' title='bbox 1472 949 1506 976; x_wconf 84' lang='grc' dir='ltr'>δι’</span> <span class='ocrx_word' id='word_1_369' title='bbox 1527 945 1565 976; x_wconf 84' lang='grc' dir='ltr'>ὧν</span> <span class='ocrx_word' id='word_1_370' title='bbox 1587 949 1654 984; x_wconf 73' lang='grc' dir='ltr'>ὀρθά</span> <span class='ocrx_word' id='word_1_371' title='bbox 1671 950 1782 984; x_wconf 71' lang='grc' dir='ltr'>φρονεῖν</span> 
     </span>
    </p>
   </div>
   <div class='ocr_carea' id='block_1_51' title="bbox 991 993 1779 1031">
    <p class='ocr_par' dir='ltr' id='par_1_51' title="bbox 991 993 1779 1031">
     <span class='ocr_line' id='line_1_51' title="bbox 991 993 1779 1031; baseline -0.005 -8"><span class='ocrx_word' id='word_1_372' title='bbox 991 996 1149 1031; x_wconf 72' lang='grc' dir='ltr'>ἐγνώκασι,</span> <span class='ocrx_word' id='word_1_373' title='bbox 1179 994 1320 1030; x_wconf 74' lang='grc' dir='ltr'>μονονουχὶ</span> <span class='ocrx_word' id='word_1_374' title='bbox 1341 994 1467 1029; x_wconf 80' lang='grc' dir='ltr'>λέγοντες</span> <span class='ocrx_word' id='word_1_375' title='bbox 1486 994 1618 1029; x_wconf 80' lang='grc' dir='ltr'>,ἀνάθεμα</span> <span class='ocrx_word' id='word_1_376' title='bbox 1657 993 1779 1029; x_wconf 83' lang='grc' dir='ltr'>Ἰησοῦν,</span> 
     </span>
    </p>
   </div>
   <div class='ocr_carea' id='block_1_52' title="bbox 992 1037 1782 1078">
    <p class='ocr_par' dir='ltr' id='par_1_52' title="bbox 992 1037 1782 1078">
     <span class='ocr_line' id='line_1_52' title="bbox 992 1037 1782 1078; baseline -0.005 -9"><span class='ocrx_word' id='word_1_377' title='bbox 992 1042 1070 1069; x_wconf 77' lang='grc' dir='ltr'>τοῦτο</span> <span class='ocrx_word' id='word_1_378' title='bbox 1079 1041 1164 1078; x_wconf 82' lang='grc' dir='ltr'>δρῷεν</span> <span class='ocrx_word' id='word_1_379' title='bbox 1176 1042 1219 1072; x_wconf 85' lang='grc' dir='ltr'><strong>ἂν,</strong></span> <span class='ocrx_word' id='word_1_380' title='bbox 1228 1041 1266 1072; x_wconf 83' lang='grc' dir='ltr'>ὡς</span> <span class='ocrx_word' id='word_1_381' title='bbox 1276 1040 1329 1067; x_wconf 78' lang='grc' dir='ltr'>ἀπό</span> <span class='ocrx_word' id='word_1_382' title='bbox 1339 1049 1371 1075; x_wconf 90' lang='grc' dir='ltr'>γε</span> <span class='ocrx_word' id='word_1_383' title='bbox 1380 1040 1427 1067; x_wconf 78' lang='grc' dir='ltr'><strong>τοῦ</strong></span> <span class='ocrx_word' id='word_1_384' title='bbox 1437 1039 1610 1072; x_wconf 74' lang='grc' dir='ltr'>Βεελζεῦοὺλ,</span> <span class='ocrx_word' id='word_1_385' title='bbox 1625 1040 1671 1066; x_wconf 86' lang='grc' dir='ltr'>Δεῖ</span> <span class='ocrx_word' id='word_1_386' title='bbox 1687 1039 1720 1075; x_wconf 82' lang='grc' dir='ltr'>δὴ</span> <span class='ocrx_word' id='word_1_387' title='bbox 1734 1037 1782 1066; x_wconf 84' lang='grc' dir='ltr'><strong>οὖν</strong></span> 
     </span>
    </p>
   </div>
   <div class='ocr_carea' id='block_1_53' title="bbox 994 1085 1782 1122">
    <p class='ocr_par' dir='ltr' id='par_1_53' title="bbox 994 1085 1782 1122">
     <span class='ocr_line' id='line_1_53' title="bbox 994 1085 1782 1122; baseline -0.003 -8"><span class='ocrx_word' id='word_1_388' title='bbox 994 1087 1046 1122; x_wconf 76' lang='grc' dir='ltr'>ἄρα</span> <span class='ocrx_word' id='word_1_389' title='bbox 1057 1086 1163 1118; x_wconf 77' lang='grc' dir='ltr'>λεπτῶς</span> <span class='ocrx_word' id='word_1_390' title='bbox 1172 1095 1201 1113; x_wconf 88' lang='grc' dir='ltr'><strong>τε</strong></span> <span class='ocrx_word' id='word_1_391' title='bbox 1213 1086 1260 1113; x_wconf 77' lang='grc' dir='ltr'><strong>καὶ</strong></span> <span class='ocrx_word' id='word_1_392' title='bbox 1268 1085 1494 1120; x_wconf 72' lang='grc' dir='ltr'>διεσμιλευμένως</span> <span class='ocrx_word' id='word_1_393' title='bbox 1505 1085 1660 1120; x_wconf 79' lang='grc' dir='ltr'>δοκιμάζειν</span> <span class='ocrx_word' id='word_1_394' title='bbox 1672 1085 1782 1112; x_wconf 68' lang='grc' dir='ltr'>ἅπαντα</span> 
     </span>
    </p>
   </div>
   <div class='ocr_carea' id='block_1_54' title="bbox 999 1131 1782 1169">
    <p class='ocr_par' dir='ltr' id='par_1_54' title="bbox 999 1131 1782 1169">
     <span class='ocr_line' id='line_1_54' title="bbox 999 1131 1782 1169; baseline -0.003 -9"><span class='ocrx_word' id='word_1_395' title='bbox 999 1133 1236 1169; x_wconf 73' lang='grc' dir='ltr'>μεμελετηκότας,</span> <span class='ocrx_word' id='word_1_396' title='bbox 1261 1132 1308 1159; x_wconf 81' lang='grc' dir='ltr'>καὶ</span> <span class='ocrx_word' id='word_1_397' title='bbox 1332 1131 1370 1166; x_wconf 85' lang='grc' dir='ltr'><strong>νῷ</strong></span> <span class='ocrx_word' id='word_1_398' title='bbox 1398 1132 1602 1167; x_wconf 82' lang='grc' dir='ltr'>διεγηγερμένῳ</span> <span class='ocrx_word' id='word_1_399' title='bbox 1623 1132 1782 1167; x_wconf 76' lang='grc' dir='ltr'><strong>χρωμένους</strong></span> 
     </span>
    </p>
   </div>
   <div class='ocr_carea' id='block_1_55' title="bbox 988 1177 1782 1213">
    <p class='ocr_par' dir='ltr' id='par_1_55' title="bbox 988 1177 1782 1213">
     <span class='ocr_line' id='line_1_55' title="bbox 988 1177 1782 1213; baseline -0.003 -9"><span class='ocrx_word' id='word_1_400' title='bbox 988 1178 1204 1213; x_wconf 65' lang='grc' dir='ltr'>’περιτυγχάνειν</span> <span class='ocrx_word' id='word_1_401' title='bbox 1224 1177 1299 1213; x_wconf 79' lang='grc' dir='ltr'>ἡμᾶς</span> <span class='ocrx_word' id='word_1_402' title='bbox 1318 1178 1375 1208; x_wconf 84' lang='grc' dir='ltr'>τοῖς</span> <span class='ocrx_word' id='word_1_403' title='bbox 1391 1185 1472 1204; x_wconf 85' lang='grc' dir='ltr'>τινων</span> <span class='ocrx_word' id='word_1_404' title='bbox 1496 1177 1710 1212; x_wconf 83' lang='grc' dir='ltr'>συγγράμμασι,</span> <span class='ocrx_word' id='word_1_405' title='bbox 1734 1178 1782 1203; x_wconf 78' lang='grc' dir='ltr'><strong>καὶ</strong></span> 
     </span>
    </p>
   </div>
   <div class='ocr_carea' id='block_1_56' title="bbox 997 1222 1783 1258">
    <p class='ocr_par' dir='ltr' id='par_1_56' title="bbox 997 1222 1783 1258">
     <span class='ocr_line' id='line_1_56' title="bbox 997 1222 1783 1258; baseline 0 -10"><span class='ocrx_word' id='word_1_406' title='bbox 997 1222 1150 1258; x_wconf 72' lang='grc' dir='ltr'>βασανίζειν</span> <span class='ocrx_word' id='word_1_407' title='bbox 1162 1222 1305 1258; x_wconf 79' lang='grc' dir='ltr'>εὐτέχνως,</span> <span class='ocrx_word' id='word_1_408' title='bbox 1319 1222 1421 1257; x_wconf 68' lang='grc' dir='ltr'>οὕσπερ</span> <span class='ocrx_word' id='word_1_409' title='bbox 1433 1222 1465 1249; x_wconf 83' lang='grc' dir='ltr'><strong>ἂν</strong></span> <span class='ocrx_word' id='word_1_410' title='bbox 1478 1223 1594 1249; x_wconf 82' lang='grc' dir='ltr'>ποιοῖντο</span> <span class='ocrx_word' id='word_1_411' title='bbox 1609 1223 1704 1256; x_wconf 85' lang='grc' dir='ltr'><strong>λόγους</strong></span> <span class='ocrx_word' id='word_1_412' title='bbox 1717 1224 1783 1258; x_wconf 78' lang='grc' dir='ltr'>περὶ</span> 
     </span>
    </p>
   </div>
   <div class='ocr_carea' id='block_1_57' title="bbox 996 1268 1782 1304">
    <p class='ocr_par' dir='ltr' id='par_1_57' title="bbox 996 1268 1782 1304">
     <span class='ocr_line' id='line_1_57' title="bbox 996 1268 1782 1304; baseline 0.001 -10"><span class='ocrx_word' id='word_1_413' title='bbox 996 1268 1043 1295; x_wconf 77' lang='grc' dir='ltr'>τοῦ</span> <span class='ocrx_word' id='word_1_414' title='bbox 1052 1269 1159 1295; x_wconf 81' lang='grc' dir='ltr'>πάντων</span> <span class='ocrx_word' id='word_1_415' title='bbox 1171 1270 1187 1303; x_wconf 80' lang='grc' dir='ltr'>ἡ</span> <span class='ocrx_word' id='word_1_416' title='bbox 1192 1269 1249 1303; x_wconf 83' lang='grc' dir='ltr'><strong>μῶν</strong></span> <span class='ocrx_word' id='word_1_417' title='bbox 1259 1268 1384 1304; x_wconf 85' lang='grc' dir='ltr'>Σωτῆρος</span> <span class='ocrx_word' id='word_1_418' title='bbox 1393 1268 1511 1304; x_wconf 76' lang='grc' dir='ltr'>Χριστοῦ</span> <span class='ocrx_word' id='word_1_419' title='bbox 1522 1277 1528 1283; x_wconf 89' lang='grc'>·</span> <span class='ocrx_word' id='word_1_420' title='bbox 1542 1269 1743 1304; x_wconf 79' lang='grc' dir='ltr'>ἀπομιμεῖσθαί</span> <span class='ocrx_word' id='word_1_421' title='bbox 1753 1277 1782 1294; x_wconf 84' lang='grc' dir='ltr'><strong>τε</strong></span> 
     </span>
    </p>
   </div>
   <div class='ocr_carea' id='block_1_58' title="bbox 998 1313 1783 1349">
    <p class='ocr_par' dir='ltr' id='par_1_58' title="bbox 998 1313 1783 1349">
     <span class='ocr_line' id='line_1_58' title="bbox 998 1313 1783 1349; baseline 0 -9"><span class='ocrx_word' id='word_1_422' title='bbox 998 1315 1044 1341; x_wconf 68' lang='grc' dir='ltr'><strong>καὶ</strong></span> <span class='ocrx_word' id='word_1_423' title='bbox 1062 1314 1135 1349; x_wconf 78' lang='grc' dir='ltr'>μάλα</span> <span class='ocrx_word' id='word_1_424' title='bbox 1149 1313 1246 1349; x_wconf 78' lang='grc' dir='ltr'>ὀρθῶς,</span> <span class='ocrx_word' id='word_1_425' title='bbox 1262 1315 1325 1344; x_wconf 82' lang='grc' dir='ltr'>τοὺς</span> <span class='ocrx_word' id='word_1_426' title='bbox 1341 1314 1380 1340; x_wconf 81' lang='grc' dir='ltr'>ὅτι</span> <span class='ocrx_word' id='word_1_427' title='bbox 1399 1314 1430 1349; x_wconf 84' lang='grc' dir='ltr'><strong>δὴ</strong></span> <span class='ocrx_word' id='word_1_428' title='bbox 1449 1313 1565 1348; x_wconf 83' lang='grc' dir='ltr'>μάλιστα</span> <span class='ocrx_word' id='word_1_429' title='bbox 1578 1314 1717 1349; x_wconf 80' lang='grc' dir='ltr'>δοκίμους,</span> <span class='ocrx_word' id='word_1_430' title='bbox 1736 1315 1783 1340; x_wconf 85' lang='grc' dir='ltr'>καὶ</span> 
     </span>
    </p>
   </div>
   <div class='ocr_carea' id='block_1_59' title="bbox 998 1361 1785 1397">
    <p class='ocr_par' dir='ltr' id='par_1_59' title="bbox 998 1361 1785 1397">
     <span class='ocr_line' id='line_1_59' title="bbox 998 1361 1785 1397; baseline 0.001 -10"><span class='ocrx_word' id='word_1_431' title='bbox 998 1362 1209 1396; x_wconf 73' lang='grc' dir='ltr'>ἐμπειροτάτους</span> <span class='ocrx_word' id='word_1_432' title='bbox 1220 1361 1273 1388; x_wconf 81' lang='grc' dir='ltr'>τῶν</span> <span class='ocrx_word' id='word_1_433' title='bbox 1283 1361 1510 1397; x_wconf 76' lang='grc' dir='ltr'>ὰργυροπρατῶν.</span> <span class='ocrx_word' id='word_1_434' title='bbox 1521 1362 1545 1388; x_wconf 77' lang='grc' dir='ltr'>οἳ</span> <span class='ocrx_word' id='word_1_435' title='bbox 1563 1362 1718 1397; x_wconf 85' lang='grc' dir='ltr'>προσίενται</span> <span class='ocrx_word' id='word_1_436' title='bbox 1734 1363 1785 1397; x_wconf 82' lang='grc' dir='ltr'>μὲν</span> 
     </span>
    </p>
   </div>
   <div class='ocr_carea' id='block_1_60' title="bbox 997 1406 1785 1442">
    <p class='ocr_par' dir='ltr' id='par_1_60' title="bbox 997 1406 1785 1442">
     <span class='ocr_line' id='line_1_60' title="bbox 997 1406 1785 1442; baseline 0.001 -9"><span class='ocrx_word' id='word_1_437' title='bbox 997 1406 1052 1433; x_wconf 84' lang='grc' dir='ltr'>τῶν</span> <span class='ocrx_word' id='word_1_438' title='bbox 1066 1407 1241 1441; x_wconf 78' lang='grc' dir='ltr'>νομισμάτων</span> <span class='ocrx_word' id='word_1_439' title='bbox 1256 1408 1287 1433; x_wconf 84' lang='grc' dir='ltr'><strong>τὸ</strong></span> <span class='ocrx_word' id='word_1_440' title='bbox 1303 1407 1474 1442; x_wconf 75' lang='grc' dir='ltr'>εὐδοκιμοῦν,</span> <span class='ocrx_word' id='word_1_441' title='bbox 1489 1407 1642 1442; x_wconf 74' lang='grc' dir='ltr'>ἀπόϐλητον</span> <span class='ocrx_word' id='word_1_442' title='bbox 1655 1408 1682 1434; x_wconf 83' lang='grc' dir='ltr'>δὲ</span> <span class='ocrx_word' id='word_1_443' title='bbox 1698 1409 1785 1434; x_wconf 77' lang='grc' dir='ltr'>ποιεῖ-</span> 
     </span>
    </p>
   </div>
   <div class='ocr_carea' id='block_1_61' title="bbox 999 1452 1784 1489">
    <p class='ocr_par' dir='ltr' id='par_1_61' title="bbox 999 1452 1784 1489">
     <span class='ocr_line' id='line_1_61' title="bbox 999 1452 1784 1489; baseline 0.003 -11"><span class='ocrx_word' id='word_1_444' title='bbox 999 1452 1059 1479; x_wconf 87' lang='grc' dir='ltr'>σθαι</span> <span class='ocrx_word' id='word_1_445' title='bbox 1080 1453 1259 1485; x_wconf 71' lang='grc' dir='ltr'>σπουδάζουσι</span> <span class='ocrx_word' id='word_1_446' title='bbox 1272 1453 1301 1479; x_wconf 83' lang='grc' dir='ltr'><strong>τὸ</strong></span> <span class='ocrx_word' id='word_1_447' title='bbox 1317 1454 1493 1489; x_wconf 73' lang='grc' dir='ltr'>παράσημον,</span> <span class='ocrx_word' id='word_1_448' title='bbox 1510 1454 1556 1480; x_wconf 73' lang='grc' dir='ltr'>καὶ</span> <span class='ocrx_word' id='word_1_449' title='bbox 1572 1454 1784 1489; x_wconf 83' lang='grc' dir='ltr'>μεμωμημένον.</span> 
     </span>
    </p>
   </div>
   <div class='ocr_carea' id='block_1_62' title="bbox 999 1497 1787 1534">
    <p class='ocr_par' dir='ltr' id='par_1_62' title="bbox 999 1497 1787 1534">
     <span class='ocr_line' id='line_1_62' title="bbox 999 1497 1787 1534; baseline 0.004 -11"><span class='ocrx_word' id='word_1_450' title='bbox 999 1497 1052 1523; x_wconf 74' lang='grc' dir='ltr'><strong>Καὶ</strong></span> <span class='ocrx_word' id='word_1_451' title='bbox 1063 1497 1135 1532; x_wconf 69' lang='grc' dir='ltr'>,ζρός</span> <span class='ocrx_word' id='word_1_452' title='bbox 1151 1506 1182 1531; x_wconf 86' lang='grc' dir='ltr'>γε</span> <span class='ocrx_word' id='word_1_453' title='bbox 1207 1498 1286 1524; x_wconf 81' lang='grc' dir='ltr'>τοῦτο</span> <span class='ocrx_word' id='word_1_454' title='bbox 1308 1499 1381 1533; x_wconf 77' lang='grc' dir='ltr'>ἡμᾶς</span> <span class='ocrx_word' id='word_1_455' title='bbox 1398 1500 1412 1525; x_wconf 84' lang='grc' dir='ltr'><strong>ό</strong></span> <span class='ocrx_word' id='word_1_456' title='bbox 1428 1499 1559 1534; x_wconf 85' lang='grc' dir='ltr'>μακάριος</span> <span class='ocrx_word' id='word_1_457' title='bbox 1575 1499 1679 1532; x_wconf 79' lang='grc' dir='ltr'><strong>Παῦλος</strong></span> <span class='ocrx_word' id='word_1_458' title='bbox 1699 1508 1787 1534; x_wconf 78' lang='grc' dir='ltr'>παρα-</span> 
     </span>
    </p>
   </div>
   <div class='ocr_carea' id='block_1_63' title="bbox 1000 1543 1786 1579">
    <p class='ocr_par' dir='ltr' id='par_1_63' title="bbox 1000 1543 1786 1579">
     <span class='ocr_line' id='line_1_63' title="bbox 1000 1543 1786 1579; baseline 0.003 -10"><span class='ocrx_word' id='word_1_459' title='bbox 1000 1543 1089 1578; x_wconf 84' lang='grc' dir='ltr'>θήγει,</span> <span class='ocrx_word' id='word_1_460' title='bbox 1110 1543 1211 1576; x_wconf 86' lang='grc' dir='ltr'>λέγων·</span> <span class='ocrx_word' id='word_1_461' title='bbox 1236 1553 1246 1568; x_wconf 70' lang='grc' dir='ltr'><strong>ι</strong></span> <span class='ocrx_word' id='word_1_462' title='bbox 1268 1543 1376 1570; x_wconf 81' lang='grc' dir='ltr'>Γίνεσθε</span> <span class='ocrx_word' id='word_1_463' title='bbox 1394 1545 1522 1579; x_wconf 69' lang='grc' dir='ltr'>τρόφιμοι</span> <span class='ocrx_word' id='word_1_464' title='bbox 1545 1545 1583 1579; x_wconf 82' lang='lat' dir='ltr'><strong>(l)</strong></span> <span class='ocrx_word' id='word_1_465' title='bbox 1607 1546 1786 1579; x_wconf 78' lang='grc' dir='ltr'>τραπεζῖται’</span> 
     </span>
    </p>
   </div>
   <div class='ocr_carea' id='block_1_64' title="bbox 166 1584 951 1630">
    <p class='ocr_par' dir='ltr' id='par_1_64' title="bbox 166 1585 947 1630">
     <span class='ocr_line' id='line_1_64' title="bbox 166 1585 947 1630; baseline -0.015 -8"><span class='ocrx_word' id='word_1_466' title='bbox 166 1594 274 1630; x_wconf 88' lang='lat' dir='ltr'><strong>plurimi</strong></span> <span class='ocrx_word' id='word_1_467' title='bbox 299 1592 387 1619; x_wconf 79' lang='lat' dir='ltr'><strong>facere</strong></span> <span class='ocrx_word' id='word_1_468' title='bbox 409 1590 566 1617; x_wconf 84' lang='lat' dir='ltr'><strong>studeamus</strong></span> <span class='ocrx_word' id='word_1_469' title='bbox 587 1595 618 1615; x_wconf 74' lang='lat' dir='ltr'><strong>ea</strong></span> <span class='ocrx_word' id='word_1_470' title='bbox 638 1594 753 1622; x_wconf 89' lang='lat' dir='ltr'><strong>quorum</strong></span> <span class='ocrx_word' id='word_1_471' title='bbox 783 1593 835 1619; x_wconf 87' lang='lat' dir='ltr'><strong>ope</strong></span> <span class='ocrx_word' id='word_1_472' title='bbox 855 1585 947 1619; x_wconf 85' lang='lat' dir='ltr'><strong>splen-</strong></span> 
     </span>
    </p>
   </div>
   <div class='ocr_carea' id='block_1_65' title="bbox 1005 1584 1789 1630">
    <p class='ocr_par' dir='ltr' id='par_1_65' title="bbox 1005 1588 1789 1625">
     <span class='ocr_line' id='line_1_65' title="bbox 1005 1588 1789 1625; baseline 0.004 -11"><span class='ocrx_word' id='word_1_473' title='bbox 1005 1589 1087 1615; x_wconf 74' lang='grc' dir='ltr'>πάντα</span> <span class='ocrx_word' id='word_1_474' title='bbox 1103 1588 1274 1623; x_wconf 72' lang='grc' dir='ltr'>δοκιμάζετε,</span> <span class='ocrx_word' id='word_1_475' title='bbox 1290 1589 1320 1615; x_wconf 82' lang='grc' dir='ltr'>τὸ</span> <span class='ocrx_word' id='word_1_476' title='bbox 1335 1589 1416 1616; x_wconf 82' lang='grc' dir='ltr'>καλὸν</span> <span class='ocrx_word' id='word_1_477' title='bbox 1445 1591 1588 1625; x_wconf 82' lang='grc' dir='ltr'>κατέχετε·</span> <span class='ocrx_word' id='word_1_478' title='bbox 1613 1591 1666 1617; x_wconf 85' lang='grc' dir='ltr'><strong>ἀπὸ</strong></span> <span class='ocrx_word' id='word_1_479' title='bbox 1687 1592 1789 1623; x_wconf 70' lang='grc' dir='ltr'>παντὸς</span> 
     </span>
    </p>
   </div>
   <div class='ocr_carea' id='block_1_66' title="bbox 168 1634 950 1669">
    <p class='ocr_par' dir='ltr' id='par_1_66' title="bbox 168 1634 950 1669">
     <span class='ocr_line' id='line_1_66' title="bbox 168 1634 950 1669; baseline -0.015 -1"><span class='ocrx_word' id='word_1_480' title='bbox 168 1642 229 1669; x_wconf 87' lang='lat' dir='ltr'><strong>dide</strong></span> <span class='ocrx_word' id='word_1_481' title='bbox 242 1640 331 1666; x_wconf 85' lang='lat' dir='ltr'><strong>vivere</strong></span> <span class='ocrx_word' id='word_1_482' title='bbox 344 1638 433 1669; x_wconf 83' lang='lat' dir='ltr'><strong>liceat,</strong></span> <span class='ocrx_word' id='word_1_483' title='bbox 450 1643 493 1663; x_wconf 85' lang='lat' dir='ltr'><strong>res</strong></span> <span class='ocrx_word' id='word_1_484' title='bbox 505 1634 624 1662; x_wconf 87' lang='lat' dir='ltr'><strong>vicissim</strong></span> <span class='ocrx_word' id='word_1_485' title='bbox 641 1634 708 1660; x_wconf 81' lang='lat' dir='ltr'><strong>adeo</strong></span> <span class='ocrx_word' id='word_1_486' title='bbox 724 1639 815 1659; x_wconf 84' lang='lat' dir='ltr'><strong>sacras</strong></span> <span class='ocrx_word' id='word_1_487' title='bbox 829 1636 950 1658; x_wconf 89' lang='lat' dir='ltr'><strong>contem-</strong></span> 
     </span>
    </p>
   </div>
   <div class='ocr_carea' id='block_1_67' title="bbox 169 1676 951 1716">
    <p class='ocr_par' dir='ltr' id='par_1_67' title="bbox 169 1676 951 1716">
     <span class='ocr_line' id='line_1_67' title="bbox 169 1676 951 1716; baseline -0.015 -3"><span class='ocrx_word' id='word_1_488' title='bbox 169 1693 276 1716; x_wconf 81' lang='lat' dir='ltr'><strong>namus,</strong></span> <span class='ocrx_word' id='word_1_489' title='bbox 295 1688 322 1710; x_wconf 88' lang='lat' dir='ltr'><strong>et</strong></span> <span class='ocrx_word' id='word_1_490' title='bbox 335 1683 448 1710; x_wconf 83' lang='lat' dir='ltr'><strong>salutem</strong></span> <span class='ocrx_word' id='word_1_491' title='bbox 468 1681 564 1708; x_wconf 70' lang='lat' dir='ltr'><strong>anima:</strong></span> <span class='ocrx_word' id='word_1_492' title='bbox 584 1687 632 1714; x_wconf 90' lang='lat' dir='ltr'><strong>pro</strong></span> <span class='ocrx_word' id='word_1_493' title='bbox 646 1678 729 1705; x_wconf 86' lang='lat' dir='ltr'><strong>nihilo</strong></span> <span class='ocrx_word' id='word_1_494' title='bbox 747 1678 887 1708; x_wconf 84' lang='lat' dir='ltr'><strong>ducamus,</strong></span> <span class='ocrx_word' id='word_1_495' title='bbox 904 1676 951 1702; x_wconf 87' lang='lat' dir='ltr'><strong>sed</strong></span> 
     </span>
    </p>
   </div>
   <div class='ocr_carea' id='block_1_68' title="bbox 170 1723 951 1759">
    <p class='ocr_par' dir='ltr' id='par_1_68' title="bbox 170 1723 951 1759">
     <span class='ocr_line' id='line_1_68' title="bbox 170 1723 951 1759; baseline -0.015 -1"><span class='ocrx_word' id='word_1_496' title='bbox 170 1732 243 1759; x_wconf 82' lang='lat' dir='ltr'><strong>illam</strong></span> <span class='ocrx_word' id='word_1_497' title='bbox 257 1730 282 1757; x_wconf 92' lang='lat' dir='ltr'><strong>in</strong></span> <span class='ocrx_word' id='word_1_498' title='bbox 300 1729 392 1756; x_wconf 80' lang='lat' dir='ltr'><strong>foveas</strong></span> <span class='ocrx_word' id='word_1_499' title='bbox 405 1734 433 1753; x_wconf 88' lang='lat' dir='ltr'><strong>ct</strong></span> <span class='ocrx_word' id='word_1_500' title='bbox 445 1733 551 1753; x_wconf 71' lang='lat' dir='ltr'><strong>utentum</strong></span> <span class='ocrx_word' id='word_1_501' title='bbox 567 1725 737 1759; x_wconf 79' lang='lat' dir='ltr'><strong>dejiciamus,</strong></span> <span class='ocrx_word' id='word_1_502' title='bbox 754 1723 816 1749; x_wconf 88' lang='lat' dir='ltr'><strong>dum</strong></span> <span class='ocrx_word' id='word_1_503' title='bbox 830 1729 951 1755; x_wconf 87' lang='lat' dir='ltr'><strong>quocun-</strong></span> 
     </span>
    </p>
   </div>
   <div class='ocr_carea' id='block_1_69' title="bbox 170 1769 951 1811">
    <p class='ocr_par' dir='ltr' id='par_1_69' title="bbox 170 1769 951 1811">
     <span class='ocr_line' id='line_1_69' title="bbox 170 1769 951 1811; baseline -0.013 -8"><span class='ocrx_word' id='word_1_504' title='bbox 170 1783 223 1811; x_wconf 91' lang='lat' dir='ltr'><strong>que</strong></span> <span class='ocrx_word' id='word_1_505' title='bbox 247 1775 352 1802; x_wconf 89' lang='lat' dir='ltr'><strong>libitum</strong></span> <span class='ocrx_word' id='word_1_506' title='bbox 379 1773 459 1800; x_wconf 85' lang='lat' dir='ltr'><strong>l&#39;uerit.</strong></span> <span class='ocrx_word' id='word_1_507' title='bbox 477 1772 510 1799; x_wconf 86' lang='lat' dir='ltr'><strong>iis</strong></span> <span class='ocrx_word' id='word_1_508' title='bbox 526 1771 571 1806; x_wconf 86' lang='lat' dir='ltr'><strong>qui</strong></span> <span class='ocrx_word' id='word_1_509' title='bbox 593 1769 665 1804; x_wconf 86' lang='lat' dir='ltr'><strong>loqui</strong></span> <span class='ocrx_word' id='word_1_510' title='bbox 681 1769 798 1803; x_wconf 81' lang='lat' dir='ltr'><strong>gestiunt</strong></span> <span class='ocrx_word' id='word_1_511' title='bbox 821 1775 882 1802; x_wconf 83' lang='lat' dir='ltr'><strong>quae</strong></span> <span class='ocrx_word' id='word_1_512' title='bbox 899 1775 951 1794; x_wconf 87' lang='lat' dir='ltr'><strong>non</strong></span> 
     </span>
    </p>
   </div>
   <div class='ocr_carea' id='block_1_70' title="bbox 171 1812 952 1853">
    <p class='ocr_par' dir='ltr' id='par_1_70' title="bbox 171 1812 952 1853">
     <span class='ocr_line' id='line_1_70' title="bbox 171 1812 952 1853; baseline -0.015 -4"><span class='ocrx_word' id='word_1_513' title='bbox 171 1821 306 1852; x_wconf 90' lang='lat' dir='ltr'><strong>convenit,</strong></span> <span class='ocrx_word' id='word_1_514' title='bbox 331 1818 486 1853; x_wconf 78' lang='lat' dir='ltr'><strong>proiicimus</strong></span> <span class='ocrx_word' id='word_1_515' title='bbox 509 1816 627 1843; x_wconf 83' lang='lat' dir='ltr'><strong>animum</strong></span> <span class='ocrx_word' id='word_1_516' title='bbox 652 1821 666 1840; x_wconf 85' lang='lat' dir='ltr'><strong>a</strong></span> <span class='ocrx_word' id='word_1_517' title='bbox 685 1817 748 1840; x_wconf 76' lang='lat' dir='ltr'><strong>vero</strong></span> <span class='ocrx_word' id='word_1_518' title='bbox 763 1812 952 1846; x_wconf 71' lang='lat' dir='ltr'><strong>conspiciendo</strong></span> 
     </span>
    </p>
   </div>
   <div class='ocr_carea' id='block_1_71' title="bbox 170 1858 953 1899">
    <p class='ocr_par' dir='ltr' id='par_1_71' title="bbox 170 1858 953 1899">
     <span class='ocr_line' id='line_1_71' title="bbox 170 1858 953 1899; baseline -0.015 -4"><span class='ocrx_word' id='word_1_519' title='bbox 170 1868 305 1899; x_wconf 85' lang='lat' dir='ltr'><strong>clausum,</strong></span> <span class='ocrx_word' id='word_1_520' title='bbox 323 1874 354 1892; x_wconf 86' lang='lat' dir='ltr'><strong>ac</strong></span> <span class='ocrx_word' id='word_1_521' title='bbox 371 1865 505 1892; x_wconf 90' lang='lat' dir='ltr'><strong>uolentem</strong></span> <span class='ocrx_word' id='word_1_522' title='bbox 530 1863 677 1896; x_wconf 85' lang='lat' dir='ltr'><strong>inquirere,</strong></span> <span class='ocrx_word' id='word_1_523' title='bbox 695 1859 759 1894; x_wconf 90' lang='lat' dir='ltr'><strong>quid</strong></span> <span class='ocrx_word' id='word_1_524' title='bbox 775 1867 790 1886; x_wconf 93' lang='lat' dir='ltr'><strong>e</strong></span> <span class='ocrx_word' id='word_1_525' title='bbox 815 1859 896 1885; x_wconf 84' lang='lat' dir='ltr'><strong>rebus</strong></span> <span class='ocrx_word' id='word_1_526' title='bbox 918 1858 953 1884; x_wconf 88' lang='lat' dir='ltr'><strong>le-</strong></span> 
     </span>
    </p>
   </div>
   <div class='ocr_carea' id='block_1_72' title="bbox 172 1904 953 1943">
    <p class='ocr_par' dir='ltr' id='par_1_72' title="bbox 172 1904 953 1943">
     <span class='ocr_line' id='line_1_72' title="bbox 172 1904 953 1943; baseline -0.014 -2"><span class='ocrx_word' id='word_1_527' title='bbox 172 1914 222 1941; x_wconf 84' lang='lat' dir='ltr'><strong>ctis</strong></span> <span class='ocrx_word' id='word_1_528' title='bbox 234 1918 336 1940; x_wconf 81' lang='lat' dir='ltr'><strong>rectum</strong></span> <span class='ocrx_word' id='word_1_529' title='bbox 350 1912 386 1937; x_wconf 82' lang='lat' dir='ltr'><strong>sit</strong></span> <span class='ocrx_word' id='word_1_530' title='bbox 400 1914 427 1937; x_wconf 92' lang='lat' dir='ltr'><strong>et</strong></span> <span class='ocrx_word' id='word_1_531' title='bbox 440 1909 516 1941; x_wconf 85' lang='lat' dir='ltr'><strong>utile,</strong></span> <span class='ocrx_word' id='word_1_532' title='bbox 532 1907 596 1943; x_wconf 90' lang='lat' dir='ltr'><strong>quid</strong></span> <span class='ocrx_word' id='word_1_533' title='bbox 615 1907 677 1934; x_wconf 89' lang='lat' dir='ltr'><strong>item</strong></span> <span class='ocrx_word' id='word_1_534' title='bbox 694 1912 862 1941; x_wconf 85' lang='lat' dir='ltr'><strong>perversum,</strong></span> <span class='ocrx_word' id='word_1_535' title='bbox 878 1909 904 1931; x_wconf 92' lang='lat' dir='ltr'><strong>et</strong></span> <span class='ocrx_word' id='word_1_536' title='bbox 920 1904 953 1930; x_wconf 87' lang='lat' dir='ltr'><strong>ab</strong></span> 
     </span>
    </p>
   </div>
   <div class='ocr_carea' id='block_1_73' title="bbox 171 1951 953 1997">
    <p class='ocr_par' dir='ltr' id='par_1_73' title="bbox 171 1951 953 1997">
     <span class='ocr_line' id='line_1_73' title="bbox 171 1951 953 1997; baseline -0.013 -11"><span class='ocrx_word' id='word_1_537' title='bbox 171 1963 299 1997; x_wconf 61' lang='grc' dir='ltr'>σφω-διο</span> <span class='ocrx_word' id='word_1_538' title='bbox 324 1956 415 1992; x_wconf 84' lang='lat' dir='ltr'><strong>regula</strong></span> <span class='ocrx_word' id='word_1_539' title='bbox 433 1956 588 1989; x_wconf 79' lang='lat' dir='ltr'><strong>dogmatum</strong></span> <span class='ocrx_word' id='word_1_540' title='bbox 615 1953 744 1983; x_wconf 79' lang='lat' dir='ltr'><strong>alienum,</strong></span> <span class='ocrx_word' id='word_1_541' title='bbox 771 1956 798 1978; x_wconf 89' lang='lat' dir='ltr'><strong>et</strong></span> <span class='ocrx_word' id='word_1_542' title='bbox 819 1951 953 1984; x_wconf 88' lang='lat' dir='ltr'><strong>jacturam</strong></span> 
     </span>
    </p>
   </div>
   <div class='ocr_carea' id='block_1_74' title="bbox 173 1998 954 2038">
    <p class='ocr_par' dir='ltr' id='par_1_74' title="bbox 173 1998 954 2038">
     <span class='ocr_line' id='line_1_74' title="bbox 173 1998 954 2038; baseline -0.014 -6"><span class='ocrx_word' id='word_1_543' title='bbox 173 2005 292 2032; x_wconf 80' lang='lat' dir='ltr'><strong>inferens</strong></span> <span class='ocrx_word' id='word_1_544' title='bbox 310 2010 369 2038; x_wconf 74' lang='lat' dir='ltr'><strong>qua:</strong></span> <span class='ocrx_word' id='word_1_545' title='bbox 391 2001 423 2028; x_wconf 87' lang='lat' dir='ltr'><strong>ad</strong></span> <span class='ocrx_word' id='word_1_546' title='bbox 440 2001 526 2035; x_wconf 87' lang='lat' dir='ltr'><strong>ipsam</strong></span> <span class='ocrx_word' id='word_1_547' title='bbox 543 1999 676 2034; x_wconf 81' lang='lat' dir='ltr'><strong>pertineat</strong></span> <span class='ocrx_word' id='word_1_548' title='bbox 691 1998 819 2028; x_wconf 78' lang='lat' dir='ltr'><strong>animant,</strong></span> <span class='ocrx_word' id='word_1_549' title='bbox 837 2004 885 2030; x_wconf 90' lang='lat' dir='ltr'><strong>pro</strong></span> <span class='ocrx_word' id='word_1_550' title='bbox 903 2003 954 2029; x_wconf 89' lang='lat' dir='ltr'><strong>qua</strong></span> 
     </span>
    </p>
   </div>
   <div class='ocr_carea' id='block_1_75' title="bbox 172 2041 954 2084">
    <p class='ocr_par' dir='ltr' id='par_1_75' title="bbox 172 2041 954 2084">
     <span class='ocr_line' id='line_1_75' title="bbox 172 2041 954 2084; baseline -0.012 -8"><span class='ocrx_word' id='word_1_551' title='bbox 172 2049 285 2084; x_wconf 60' lang='lat' dir='ltr'><strong>aequalis</strong></span> <span class='ocrx_word' id='word_1_552' title='bbox 304 2047 479 2076; x_wconf 86' lang='lat' dir='ltr'><strong>commutatio</strong></span> <span class='ocrx_word' id='word_1_553' title='bbox 496 2045 567 2073; x_wconf 86' lang='lat' dir='ltr'><strong>nulla</strong></span> <span class='ocrx_word' id='word_1_554' title='bbox 590 2050 632 2072; x_wconf 78' lang='lat' dir='ltr'><strong>est</strong></span> <span class='ocrx_word' id='word_1_555' title='bbox 657 2045 727 2079; x_wconf 87' lang='lat' dir='ltr'><strong>apud</strong></span> <span class='ocrx_word' id='word_1_556' title='bbox 751 2051 798 2070; x_wconf 87' lang='lat' dir='ltr'><strong>eos</strong></span> <span class='ocrx_word' id='word_1_557' title='bbox 820 2048 894 2070; x_wconf 86' lang='lat' dir='ltr'><strong>certe</strong></span> <span class='ocrx_word' id='word_1_558' title='bbox 910 2041 954 2076; x_wconf 89' lang='lat' dir='ltr'><strong>qui</strong></span> 
     </span>
    </p>
   </div>
   <div class='ocr_carea' id='block_1_76' title="bbox 173 2088 956 2130">
    <p class='ocr_par' dir='ltr' id='par_1_76' title="bbox 173 2088 956 2130">
     <span class='ocr_line' id='line_1_76' title="bbox 173 2088 956 2130; baseline -0.011 -7"><span class='ocrx_word' id='word_1_559' title='bbox 173 2095 285 2130; x_wconf 85' lang='lat' dir='ltr'><strong>sapiunt</strong></span> <span class='ocrx_word' id='word_1_560' title='bbox 295 2095 316 2121; x_wconf 83' lang='lat'><strong>&#39;.</strong></span> <span class='ocrx_word' id='word_1_561' title='bbox 333 2093 521 2120; x_wconf 83' lang='lat' dir='ltr'><strong>Examinanda</strong></span> <span class='ocrx_word' id='word_1_562' title='bbox 537 2096 600 2119; x_wconf 90' lang='lat' dir='ltr'><strong>sunt</strong></span> <span class='ocrx_word' id='word_1_563' title='bbox 617 2090 707 2126; x_wconf 79' lang='lat' dir='ltr'><strong>igitur,</strong></span> <span class='ocrx_word' id='word_1_564' title='bbox 723 2090 756 2117; x_wconf 87' lang='lat' dir='ltr'><strong>&#39;et</strong></span> <span class='ocrx_word' id='word_1_565' title='bbox 769 2090 877 2124; x_wconf 89' lang='lat' dir='ltr'><strong>quidem</strong></span> <span class='ocrx_word' id='word_1_566' title='bbox 892 2088 956 2115; x_wconf 79' lang='lat' dir='ltr'><strong>sub-</strong></span> 
     </span>
    </p>
   </div>
   <div class='ocr_carea' id='block_1_77' title="bbox 175 2135 957 2174">
    <p class='ocr_par' dir='ltr' id='par_1_77' title="bbox 175 2135 957 2174">
     <span class='ocr_line' id='line_1_77' title="bbox 175 2135 957 2174; baseline -0.01 -6"><span class='ocrx_word' id='word_1_567' title='bbox 175 2141 308 2172; x_wconf 87' lang='lat' dir='ltr'><strong>tilissime,</strong></span> <span class='ocrx_word' id='word_1_568' title='bbox 321 2147 379 2174; x_wconf 68' lang='lat' dir='ltr'><strong>qua:</strong></span> <span class='ocrx_word' id='word_1_569' title='bbox 390 2139 422 2166; x_wconf 86' lang='lat' dir='ltr'><strong>de</strong></span> <span class='ocrx_word' id='word_1_570' title='bbox 438 2138 536 2165; x_wconf 83' lang='lat' dir='ltr'><strong>divinis</strong></span> <span class='ocrx_word' id='word_1_571' title='bbox 552 2137 722 2171; x_wconf 82' lang='lat' dir='ltr'><strong>dogmatibus</strong></span> <span class='ocrx_word' id='word_1_572' title='bbox 734 2135 889 2162; x_wconf 86' lang='lat' dir='ltr'><strong>scribuntur</strong></span> <span class='ocrx_word' id='word_1_573' title='bbox 905 2142 911 2158; x_wconf 90' lang='lat'><strong>:</strong></span> <span class='ocrx_word' id='word_1_574' title='bbox 926 2140 957 2160; x_wconf 85' lang='lat' dir='ltr'><strong>ac</strong></span> 
     </span>
    </p>
   </div>
   <div class='ocr_carea' id='block_1_78' title="bbox 176 2179 956 2220">
    <p class='ocr_par' dir='ltr' id='par_1_78' title="bbox 176 2179 956 2220">
     <span class='ocr_line' id='line_1_78' title="bbox 176 2179 956 2220; baseline -0.013 -6"><span class='ocrx_word' id='word_1_575' title='bbox 176 2186 199 2214; x_wconf 87' lang='lat' dir='ltr'><strong>si</strong></span> <span class='ocrx_word' id='word_1_576' title='bbox 215 2185 275 2220; x_wconf 86' lang='lat' dir='ltr'><strong>quis</strong></span> <span class='ocrx_word' id='word_1_577' title='bbox 293 2189 366 2211; x_wconf 85' lang='lat' dir='ltr'><strong>recto</strong></span> <span class='ocrx_word' id='word_1_578' title='bbox 384 2184 480 2210; x_wconf 89' lang='lat' dir='ltr'><strong>itinere</strong></span> <span class='ocrx_word' id='word_1_579' title='bbox 504 2183 537 2209; x_wconf 90' lang='lat' dir='ltr'><strong>ad</strong></span> <span class='ocrx_word' id='word_1_580' title='bbox 555 2189 666 2215; x_wconf 83' lang='lat' dir='ltr'><strong>seopum</strong></span> <span class='ocrx_word' id='word_1_581' title='bbox 688 2187 827 2208; x_wconf 89' lang='lat' dir='ltr'><strong>sacrarmn</strong></span> <span class='ocrx_word' id='word_1_582' title='bbox 845 2179 956 2205; x_wconf 85' lang='lat' dir='ltr'><strong>Littera-</strong></span> 
     </span>
    </p>
   </div>
   <div class='ocr_carea' id='block_1_79' title="bbox 176 2225 956 2263">
    <p class='ocr_par' dir='ltr' id='par_1_79' title="bbox 176 2225 956 2263">
     <span class='ocr_line' id='line_1_79' title="bbox 176 2225 956 2263; baseline -0.01 -4"><span class='ocrx_word' id='word_1_583' title='bbox 176 2240 235 2260; x_wconf 92' lang='lat' dir='ltr'><strong>rum</strong></span> <span class='ocrx_word' id='word_1_584' title='bbox 259 2231 352 2263; x_wconf 83' lang='lat' dir='ltr'><strong>tendit,</strong></span> <span class='ocrx_word' id='word_1_585' title='bbox 369 2235 396 2256; x_wconf 86' lang='lat' dir='ltr'><strong>et</strong></span> <span class='ocrx_word' id='word_1_586' title='bbox 418 2234 520 2257; x_wconf 86' lang='lat' dir='ltr'><strong>certam</strong></span> <span class='ocrx_word' id='word_1_587' title='bbox 546 2228 572 2255; x_wconf 91' lang='lat' dir='ltr'><strong>in</strong></span> <span class='ocrx_word' id='word_1_588' title='bbox 597 2228 639 2255; x_wconf 86' lang='lat' dir='ltr'><strong>his</strong></span> <span class='ocrx_word' id='word_1_589' title='bbox 664 2233 811 2261; x_wconf 85' lang='lat' dir='ltr'><strong>veramque</strong></span> <span class='ocrx_word' id='word_1_590' title='bbox 832 2225 956 2253; x_wconf 88' lang='lat' dir='ltr'><strong>semitam</strong></span> 
     </span>
    </p>
   </div>
   <div class='ocr_carea' id='block_1_80' title="bbox 177 2272 958 2313">
    <p class='ocr_par' dir='ltr' id='par_1_80' title="bbox 177 2272 958 2313">
     <span class='ocr_line' id='line_1_80' title="bbox 177 2272 958 2313; baseline -0.012 -8"><span class='ocrx_word' id='word_1_591' title='bbox 177 2277 321 2313; x_wconf 88' lang='lat' dir='ltr'><strong>percurrit,</strong></span> <span class='ocrx_word' id='word_1_592' title='bbox 347 2277 369 2304; x_wconf 93' lang='lat' dir='ltr'><strong>is</strong></span> <span class='ocrx_word' id='word_1_593' title='bbox 386 2281 543 2303; x_wconf 74' lang='lat' dir='ltr'><strong>noetrarum</strong></span> <span class='ocrx_word' id='word_1_594' title='bbox 567 2280 675 2308; x_wconf 86' lang='lat' dir='ltr'><strong>quoque</strong></span> <span class='ocrx_word' id='word_1_595' title='bbox 697 2272 892 2300; x_wconf 81' lang='lat' dir='ltr'><strong>sententiarum</strong></span> <span class='ocrx_word' id='word_1_596' title='bbox 918 2277 958 2297; x_wconf 88' lang='lat' dir='ltr'><strong>re-</strong></span> 
     </span>
    </p>
   </div>
   <div class='ocr_carea' id='block_1_81' title="bbox 176 2317 956 2356">
    <p class='ocr_par' dir='ltr' id='par_1_81' title="bbox 176 2317 956 2356">
     <span class='ocr_line' id='line_1_81' title="bbox 176 2317 956 2356; baseline -0.008 -7"><span class='ocrx_word' id='word_1_597' title='bbox 176 2326 248 2350; x_wconf 87' lang='lat' dir='ltr'><strong>ctum</strong></span> <span class='ocrx_word' id='word_1_598' title='bbox 275 2322 332 2356; x_wconf 85' lang='lat' dir='ltr'><strong>ejus</strong></span> <span class='ocrx_word' id='word_1_599' title='bbox 356 2322 409 2348; x_wconf 87' lang='lat' dir='ltr'><strong>iter</strong></span> <span class='ocrx_word' id='word_1_600' title='bbox 429 2319 638 2355; x_wconf 78' lang='lat' dir='ltr'><strong>approbantium</strong></span> <span class='ocrx_word' id='word_1_601' title='bbox 663 2319 756 2353; x_wconf 87' lang='lat' dir='ltr'><strong>plattsu</strong></span> <span class='ocrx_word' id='word_1_602' title='bbox 781 2317 956 2352; x_wconf 80' lang='lat' dir='ltr'><strong>excipiatur:</strong></span> 
     </span>
    </p>
   </div>
   <div class='ocr_carea' id='block_1_82' title="bbox 176 2363 957 2403">
    <p class='ocr_par' dir='ltr' id='par_1_82' title="bbox 176 2363 957 2403">
     <span class='ocr_line' id='line_1_82' title="bbox 176 2363 957 2403; baseline -0.008 -8"><span class='ocrx_word' id='word_1_603' title='bbox 176 2368 246 2403; x_wconf 87' lang='lat' dir='ltr'><strong>quod</strong></span> <span class='ocrx_word' id='word_1_604' title='bbox 262 2368 284 2394; x_wconf 92' lang='lat' dir='ltr'><strong>si</strong></span> <span class='ocrx_word' id='word_1_605' title='bbox 311 2367 434 2401; x_wconf 77' lang='lat' dir='ltr'><strong>frigidam</strong></span> <span class='ocrx_word' id='word_1_606' title='bbox 460 2371 488 2393; x_wconf 89' lang='lat' dir='ltr'><strong>et</strong></span> <span class='ocrx_word' id='word_1_607' title='bbox 513 2365 628 2398; x_wconf 84' lang='lat' dir='ltr'><strong>lutilem,</strong></span> <span class='ocrx_word' id='word_1_608' title='bbox 643 2370 671 2392; x_wconf 90' lang='lat' dir='ltr'><strong>et</strong></span> <span class='ocrx_word' id='word_1_609' title='bbox 690 2365 877 2396; x_wconf 83' lang='lat' dir='ltr'><strong>adulteratam,</strong></span> <span class='ocrx_word' id='word_1_610' title='bbox 903 2363 957 2390; x_wconf 91' lang='lat' dir='ltr'><strong>imo</strong></span> 
     </span>
    </p>
   </div>
   <div class='ocr_carea' id='block_1_83' title="bbox 176 2410 956 2447">
    <p class='ocr_par' dir='ltr' id='par_1_83' title="bbox 176 2410 956 2447">
     <span class='ocr_line' id='line_1_83' title="bbox 176 2410 956 2447; baseline -0.009 -5"><span class='ocrx_word' id='word_1_611' title='bbox 176 2422 242 2442; x_wconf 84' lang='lat' dir='ltr'><strong>vero</strong></span> <span class='ocrx_word' id='word_1_612' title='bbox 257 2415 338 2441; x_wconf 86' lang='lat' dir='ltr'><strong>etiam</strong></span> <span class='ocrx_word' id='word_1_613' title='bbox 353 2413 534 2447; x_wconf 84' lang='lat' dir='ltr'><strong>perniciosam</strong></span> <span class='ocrx_word' id='word_1_614' title='bbox 550 2411 701 2447; x_wconf 74' lang='lat' dir='ltr'><strong>legentibus</strong></span> <span class='ocrx_word' id='word_1_615' title='bbox 713 2410 865 2438; x_wconf 87' lang='lat' dir='ltr'><strong>orationem</strong></span> <span class='ocrx_word' id='word_1_616' title='bbox 880 2411 956 2441; x_wconf 87' lang='lat' dir='ltr'><strong>texit,</strong></span> 
     </span>
    </p>
   </div>
   <div class='ocr_carea' id='block_1_84' title="bbox 177 2455 958 2490">
    <p class='ocr_par' dir='ltr' id='par_1_84' title="bbox 177 2455 958 2490">
     <span class='ocr_line' id='line_1_84' title="bbox 177 2455 958 2490; baseline -0.009 -2"><span class='ocrx_word' id='word_1_617' title='bbox 177 2460 269 2488; x_wconf 83' lang='lat' dir='ltr'><strong>audiat</strong></span> <span class='ocrx_word' id='word_1_618' title='bbox 282 2459 315 2486; x_wconf 87' lang='lat' dir='ltr'><strong>ab</strong></span> <span class='ocrx_word' id='word_1_619' title='bbox 333 2459 456 2485; x_wconf 89' lang='lat' dir='ltr'><strong>omnibus</strong></span> <span class='ocrx_word' id='word_1_620' title='bbox 472 2465 479 2485; x_wconf 93' lang='lat'>:</span> <span class='ocrx_word' id='word_1_621' title='bbox 496 2467 506 2483; x_wconf 73' lang='grc' dir='ltr'><strong>ε</strong></span> <span class='ocrx_word' id='word_1_622' title='bbox 523 2458 577 2485; x_wconf 86' lang='lat' dir='ltr'><strong>Sed</strong></span> <span class='ocrx_word' id='word_1_623' title='bbox 597 2457 673 2484; x_wconf 87' lang='lat' dir='ltr'><strong>nobis</strong></span> <span class='ocrx_word' id='word_1_624' title='bbox 691 2455 848 2490; x_wconf 87' lang='lat' dir='ltr'><strong>loquamini,</strong></span> <span class='ocrx_word' id='word_1_625' title='bbox 865 2461 893 2483; x_wconf 90' lang='lat' dir='ltr'><strong>et</strong></span> <span class='ocrx_word' id='word_1_626' title='bbox 907 2463 958 2482; x_wconf 86' lang='lat' dir='ltr'><strong>au-</strong></span> 
     </span>
    </p>
   </div>
   <div class='ocr_carea' id='block_1_85' title="bbox 213 2543 890 2580">
    <p class='ocr_par' dir='ltr' id='par_1_85' title="bbox 213 2543 890 2580">
     <span class='ocr_line' id='line_1_85' title="bbox 213 2543 890 2580; baseline -0.006 -4"><span class='ocrx_word' id='word_1_627' title='bbox 213 2549 223 2565; x_wconf 81' lang='grc'>⁸</span> <span class='ocrx_word' id='word_1_628' title='bbox 237 2548 315 2576; x_wconf 87' lang='lat' dir='ltr'><strong>Prov.</strong></span> <span class='ocrx_word' id='word_1_629' title='bbox 331 2555 374 2580; x_wconf 86' lang='lat' dir='ltr'><strong>ut,</strong></span> <span class='ocrx_word' id='word_1_630' title='bbox 392 2546 475 2574; x_wconf 77' lang='lat' dir='ltr'><strong>M-l5</strong></span> <span class='ocrx_word' id='word_1_631' title='bbox 492 2555 499 2579; x_wconf 71' lang='grc' dir='ltr'>ι</span> <span class='ocrx_word' id='word_1_632' title='bbox 518 2545 630 2577; x_wconf 68' lang='lat'><strong>&quot;11,19.</strong></span> <span class='ocrx_word' id='word_1_633' title='bbox 669 2543 698 2570; x_wconf 87' lang='grc' dir='ltr'><strong>²Ι</strong></span> <span class='ocrx_word' id='word_1_634' title='bbox 717 2543 795 2572; x_wconf 81' lang='lat' dir='ltr'><strong>Joan.</strong></span> <span class='ocrx_word' id='word_1_635' title='bbox 810 2552 846 2577; x_wconf 81' lang='lat' dir='ltr'><strong>tv,</strong></span> <span class='ocrx_word' id='word_1_636' title='bbox 864 2544 890 2572; x_wconf 81' lang='lat' dir='ltr'><strong>l.</strong></span> 
     </span>
    </p>
   </div>
   <div class='ocr_carea' id='block_1_86' title="bbox 1002 1634 1789 1672">
    <p class='ocr_par' dir='ltr' id='par_1_86' title="bbox 1002 1634 1789 1672">
     <span class='ocr_line' id='line_1_86' title="bbox 1002 1634 1789 1672; baseline 0.004 -12"><span class='ocrx_word' id='word_1_637' title='bbox 1002 1635 1089 1666; x_wconf 82' lang='grc' dir='ltr'>εἴδους</span> <span class='ocrx_word' id='word_1_638' title='bbox 1109 1634 1228 1669; x_wconf 79' lang='grc' dir='ltr'>πονηροῦ</span> <span class='ocrx_word' id='word_1_639' title='bbox 1242 1635 1387 1669; x_wconf 80' lang='grc' dir='ltr'>ἀπέχεσθε.</span> <span class='ocrx_word' id='word_1_640' title='bbox 1407 1645 1416 1661; x_wconf 74' lang='grc' dir='ltr'><strong>ι</strong></span> <span class='ocrx_word' id='word_1_641' title='bbox 1436 1637 1513 1662; x_wconf 80' lang='grc' dir='ltr'>Ἐστι</span> <span class='ocrx_word' id='word_1_642' title='bbox 1531 1636 1559 1662; x_wconf 82' lang='grc' dir='ltr'>δὲ</span> <span class='ocrx_word' id='word_1_643' title='bbox 1577 1637 1609 1672; x_wconf 75' lang='grc' dir='ltr'>δὴ</span> <span class='ocrx_word' id='word_1_644' title='bbox 1625 1638 1672 1663; x_wconf 77' lang='grc' dir='ltr'>καὶ</span> <span class='ocrx_word' id='word_1_645' title='bbox 1688 1637 1789 1672; x_wconf 76' lang='grc' dir='ltr'>ἑτέρως</span> 
     </span>
    </p>
   </div>
   <div class='ocr_carea' id='block_1_87' title="bbox 1002 1679 1789 1717">
    <p class='ocr_par' dir='ltr' id='par_1_87' title="bbox 1002 1679 1789 1717">
     <span class='ocr_line' id='line_1_87' title="bbox 1002 1679 1789 1717; baseline 0.004 -11"><span class='ocrx_word' id='word_1_646' title='bbox 1002 1679 1168 1716; x_wconf 73' lang='grc' dir='ltr'>πάναισχρον</span> <span class='ocrx_word' id='word_1_647' title='bbox 1184 1689 1214 1706; x_wconf 84' lang='grc' dir='ltr'><strong>τε</strong></span> <span class='ocrx_word' id='word_1_648' title='bbox 1226 1681 1272 1706; x_wconf 74' lang='grc' dir='ltr'><strong>καὶ</strong></span> <span class='ocrx_word' id='word_1_649' title='bbox 1290 1681 1415 1713; x_wconf 79' lang='grc' dir='ltr'>ἀκαλλὲς,</span> <span class='ocrx_word' id='word_1_650' title='bbox 1429 1682 1475 1708; x_wconf 71' lang='grc' dir='ltr'><strong>ἐπὶ</strong></span> <span class='ocrx_word' id='word_1_651' title='bbox 1497 1682 1545 1717; x_wconf 81' lang='grc' dir='ltr'>μὲν</span> <span class='ocrx_word' id='word_1_652' title='bbox 1561 1684 1616 1714; x_wconf 80' lang='grc' dir='ltr'>τοῖς</span> <span class='ocrx_word' id='word_1_653' title='bbox 1632 1683 1701 1709; x_wconf 81' lang='grc' dir='ltr'>κατὰ</span> <span class='ocrx_word' id='word_1_654' title='bbox 1715 1683 1789 1709; x_wconf 78' lang='grc' dir='ltr'>τόνδε</span> 
     </span>
    </p>
   </div>
   <div class='ocr_carea' id='block_1_88' title="bbox 1002 1726 1793 1763">
    <p class='ocr_par' dir='ltr' id='par_1_88' title="bbox 1002 1726 1793 1763">
     <span class='ocr_line' id='line_1_88' title="bbox 1002 1726 1793 1763; baseline 0.003 -11"><span class='ocrx_word' id='word_1_655' title='bbox 1002 1726 1047 1752; x_wconf 73' lang='grc' dir='ltr'>τὸν</span> <span class='ocrx_word' id='word_1_656' title='bbox 1063 1726 1119 1761; x_wconf 80' lang='grc' dir='ltr'>βίον</span> <span class='ocrx_word' id='word_1_657' title='bbox 1141 1727 1286 1762; x_wconf 78' lang='grc' dir='ltr'>πράγμασι</span> <span class='ocrx_word' id='word_1_658' title='bbox 1312 1727 1371 1754; x_wconf 77' lang='grc' dir='ltr'>κατ’</span> <span class='ocrx_word' id='word_1_659' title='bbox 1390 1727 1484 1754; x_wconf 76' lang='grc' dir='ltr'>οὐδένα</span> <span class='ocrx_word' id='word_1_660' title='bbox 1504 1728 1604 1763; x_wconf 78' lang='grc' dir='ltr'>τρόπον</span> <span class='ocrx_word' id='word_1_661' title='bbox 1619 1728 1693 1762; x_wconf 78' lang='grc' dir='ltr'>ἡμᾶς</span> <span class='ocrx_word' id='word_1_662' title='bbox 1718 1729 1793 1762; x_wconf 61' lang='lat' dir='ltr'><strong>&quot;ws:-</strong></span> 
     </span>
    </p>
   </div>
   <div class='ocr_carea' id='block_1_89' title="bbox 1002 1772 1791 1808">
    <p class='ocr_par' dir='ltr' id='par_1_89' title="bbox 1002 1772 1791 1808">
     <span class='ocr_line' id='line_1_89' title="bbox 1002 1772 1791 1808; baseline 0.003 -10"><span class='ocrx_word' id='word_1_663' title='bbox 1002 1772 1118 1808; x_wconf 81' lang='grc' dir='ltr'>ὃηκότας</span> <span class='ocrx_word' id='word_1_664' title='bbox 1135 1772 1249 1807; x_wconf 78' lang='grc' dir='ltr'>ὁρᾶσθαι</span> <span class='ocrx_word' id='word_1_665' title='bbox 1275 1772 1321 1798; x_wconf 77' lang='grc' dir='ltr'><strong>τοῦ</strong></span> <span class='ocrx_word' id='word_1_666' title='bbox 1340 1772 1482 1803; x_wconf 76' lang='grc' dir='ltr'>τελοῦντος</span> <span class='ocrx_word' id='word_1_667' title='bbox 1501 1773 1541 1803; x_wconf 82' lang='grc' dir='ltr'>εἰς</span> <span class='ocrx_word' id='word_1_668' title='bbox 1564 1773 1672 1808; x_wconf 73' lang='grc' dir='ltr'>όνησιν,</span> <span class='ocrx_word' id='word_1_669' title='bbox 1693 1775 1791 1808; x_wconf 81' lang='grc' dir='ltr'>πειρᾶ-</span> 
     </span>
    </p>
   </div>
   <div class='ocr_carea' id='block_1_90' title="bbox 1004 1817 1791 1853">
    <p class='ocr_par' dir='ltr' id='par_1_90' title="bbox 1004 1817 1791 1853">
     <span class='ocr_line' id='line_1_90' title="bbox 1004 1817 1791 1853; baseline 0.003 -10"><span class='ocrx_word' id='word_1_670' title='bbox 1004 1817 1064 1844; x_wconf 84' lang='grc' dir='ltr'>σθαι</span> <span class='ocrx_word' id='word_1_671' title='bbox 1078 1818 1107 1844; x_wconf 75' lang='grc' dir='ltr'><strong>δὲ</strong></span> <span class='ocrx_word' id='word_1_672' title='bbox 1123 1817 1222 1852; x_wconf 81' lang='grc' dir='ltr'>μᾶλλον</span> <span class='ocrx_word' id='word_1_673' title='bbox 1241 1819 1305 1853; x_wconf 79' lang='grc' dir='ltr'>περὶ</span> <span class='ocrx_word' id='word_1_674' title='bbox 1321 1818 1417 1845; x_wconf 79' lang='grc' dir='ltr'>πολλοῦ</span> <span class='ocrx_word' id='word_1_675' title='bbox 1442 1820 1576 1845; x_wconf 82' lang='grc' dir='ltr'>ποιεῖσθαι</span> <span class='ocrx_word' id='word_1_676' title='bbox 1603 1819 1688 1852; x_wconf 85' lang='grc' dir='ltr'>φιλεῖν</span> <span class='ocrx_word' id='word_1_677' title='bbox 1708 1819 1744 1845; x_wconf 82' lang='grc' dir='ltr'>τὰ</span> <span class='ocrx_word' id='word_1_678' title='bbox 1757 1819 1791 1845; x_wconf 76' lang='grc' dir='ltr'>δι’</span> 
     </span>
    </p>
   </div>
   <div class='ocr_carea' id='block_1_91' title="bbox 1004 1860 1791 1899">
    <p class='ocr_par' dir='ltr' id='par_1_91' title="bbox 1004 1860 1791 1899">
     <span class='ocr_line' id='line_1_91' title="bbox 1004 1860 1791 1899; baseline 0.003 -10"><span class='ocrx_word' id='word_1_679' title='bbox 1004 1860 1041 1889; x_wconf 81' lang='grc' dir='ltr'>ὧν</span> <span class='ocrx_word' id='word_1_680' title='bbox 1057 1863 1089 1889; x_wconf 84' lang='grc' dir='ltr'><strong>ἂν</strong></span> <span class='ocrx_word' id='word_1_681' title='bbox 1113 1863 1217 1897; x_wconf 82' lang='grc' dir='ltr'>γένοιτο</span> <span class='ocrx_word' id='word_1_682' title='bbox 1242 1863 1337 1897; x_wconf 81' lang='grc' dir='ltr'>βιῶναι</span> <span class='ocrx_word' id='word_1_683' title='bbox 1360 1863 1511 1899; x_wconf 82' lang='grc' dir='ltr'>λαμπρῶς·</span> <span class='ocrx_word' id='word_1_684' title='bbox 1538 1865 1670 1899; x_wconf 82' lang='grc' dir='ltr'>ἀλογῆσαι</span> <span class='ocrx_word' id='word_1_685' title='bbox 1687 1865 1715 1891; x_wconf 81' lang='grc' dir='ltr'>δὲ</span> <span class='ocrx_word' id='word_1_686' title='bbox 1737 1865 1791 1891; x_wconf 81' lang='grc' dir='ltr'><strong>τῶν</strong></span> 
     </span>
    </p>
   </div>
   <div class='ocr_carea' id='block_1_92' title="bbox 1003 1909 1791 1945">
    <p class='ocr_par' dir='ltr' id='par_1_92' title="bbox 1003 1909 1791 1945">
     <span class='ocr_line' id='line_1_92' title="bbox 1003 1909 1791 1945; baseline 0.001 -10"><span class='ocrx_word' id='word_1_687' title='bbox 1003 1909 1075 1936; x_wconf 67' lang='grc' dir='ltr'>οὕτω</span> <span class='ocrx_word' id='word_1_688' title='bbox 1090 1910 1206 1939; x_wconf 73' lang='grc' dir='ltr'>σεπτῶν.</span> <span class='ocrx_word' id='word_1_689' title='bbox 1221 1910 1267 1935; x_wconf 67' lang='grc' dir='ltr'><strong>καὶ</strong></span> <span class='ocrx_word' id='word_1_690' title='bbox 1281 1909 1415 1936; x_wconf 82' lang='grc' dir='ltr'>ποιεῖσθαι</span> <span class='ocrx_word' id='word_1_691' title='bbox 1429 1910 1494 1945; x_wconf 78' lang='grc' dir='ltr'>παρ’</span> <span class='ocrx_word' id='word_1_692' title='bbox 1503 1910 1578 1936; x_wconf 71' lang='grc' dir='ltr'>οὐδὲν</span> <span class='ocrx_word' id='word_1_693' title='bbox 1589 1910 1637 1945; x_wconf 80' lang='grc' dir='ltr'>τὴν</span> <span class='ocrx_word' id='word_1_694' title='bbox 1647 1911 1697 1945; x_wconf 82' lang='grc' dir='ltr'>τῆς</span> <span class='ocrx_word' id='word_1_695' title='bbox 1704 1911 1791 1945; x_wconf 75' lang='grc' dir='ltr'>ψυχῆς</span> 
     </span>
    </p>
   </div>
   <div class='ocr_carea' id='block_1_93' title="bbox 1006 1955 1791 1991">
    <p class='ocr_par' dir='ltr' id='par_1_93' title="bbox 1006 1955 1791 1991">
     <span class='ocr_line' id='line_1_93' title="bbox 1006 1955 1791 1991; baseline 0.001 -10"><span class='ocrx_word' id='word_1_696' title='bbox 1006 1956 1142 1991; x_wconf 72' lang='grc' dir='ltr'>σωτηρίαν</span> <span class='ocrx_word' id='word_1_697' title='bbox 1153 1964 1159 1970; x_wconf 93' lang='grc'><strong>·</strong></span> <span class='ocrx_word' id='word_1_698' title='bbox 1176 1955 1282 1991; x_wconf 74' lang='grc' dir='ltr'>βάθροις</span> <span class='ocrx_word' id='word_1_699' title='bbox 1293 1964 1322 1981; x_wconf 86' lang='grc' dir='ltr'><strong>τε</strong></span> <span class='ocrx_word' id='word_1_700' title='bbox 1341 1956 1427 1990; x_wconf 85' lang='grc' dir='ltr'>αὐτὴν</span> <span class='ocrx_word' id='word_1_701' title='bbox 1441 1955 1606 1989; x_wconf 80' lang='grc' dir='ltr'>ὲγκαθιέναι,</span> <span class='ocrx_word' id='word_1_702' title='bbox 1620 1957 1667 1982; x_wconf 79' lang='grc' dir='ltr'><strong>καὶ</strong></span> <span class='ocrx_word' id='word_1_703' title='bbox 1676 1956 1791 1990; x_wconf 81' lang='grc' dir='ltr'>τέλμασι</span> 
     </span>
    </p>
   </div>
   <div class='ocr_carea' id='block_1_94' title="bbox 1006 2001 1791 2037">
    <p class='ocr_par' dir='ltr' id='par_1_94' title="bbox 1006 2001 1791 2037">
     <span class='ocr_line' id='line_1_94' title="bbox 1006 2001 1791 2037; baseline 0.001 -10"><span class='ocrx_word' id='word_1_704' title='bbox 1006 2002 1072 2036; x_wconf 78' lang='grc' dir='ltr'>πρὸς</span> <span class='ocrx_word' id='word_1_705' title='bbox 1090 2001 1119 2027; x_wconf 83' lang='grc' dir='ltr'>τὸ</span> <span class='ocrx_word' id='word_1_706' title='bbox 1141 2001 1236 2028; x_wconf 84' lang='grc' dir='ltr'>δοκοῦν</span> <span class='ocrx_word' id='word_1_707' title='bbox 1253 2001 1346 2032; x_wconf 79' lang='grc' dir='ltr'>ἁπλῶς</span> <span class='ocrx_word' id='word_1_708' title='bbox 1372 2003 1428 2032; x_wconf 82' lang='grc' dir='ltr'>τοῖς</span> <span class='ocrx_word' id='word_1_709' title='bbox 1453 2001 1575 2028; x_wconf 70' lang='grc' dir='ltr'>ἐθέλουσι</span> <span class='ocrx_word' id='word_1_710' title='bbox 1600 2001 1701 2033; x_wconf 81' lang='grc' dir='ltr'>λαλεῖν,</span> <span class='ocrx_word' id='word_1_711' title='bbox 1722 2001 1739 2029; x_wconf 78' lang='lat' dir='ltr'><strong>a</strong></span> <span class='ocrx_word' id='word_1_712' title='bbox 1754 2002 1791 2037; x_wconf 82' lang='grc' dir='ltr'>μὴ</span> 
     </span>
    </p>
   </div>
   <div class='ocr_carea' id='block_1_95' title="bbox 1006 2047 1792 2083">
    <p class='ocr_par' dir='ltr' id='par_1_95' title="bbox 1006 2047 1792 2083">
     <span class='ocr_line' id='line_1_95' title="bbox 1006 2047 1792 2083; baseline 0 -10"><span class='ocrx_word' id='word_1_713' title='bbox 1006 2047 1155 2082; x_wconf 79' lang='grc' dir='ltr'>προσῆκεν,</span> <span class='ocrx_word' id='word_1_714' title='bbox 1171 2047 1226 2073; x_wconf 80' lang='grc' dir='ltr'>ἔσθ’</span> <span class='ocrx_word' id='word_1_715' title='bbox 1247 2048 1291 2073; x_wconf 81' lang='grc' dir='ltr'>ὅτε</span> <span class='ocrx_word' id='word_1_716' title='bbox 1311 2048 1572 2083; x_wconf 77' lang='grc' dir='ltr'>παραρριπτοῦντας</span> <span class='ocrx_word' id='word_1_717' title='bbox 1593 2048 1638 2073; x_wconf 81' lang='grc' dir='ltr'><strong>τὸν</strong></span> <span class='ocrx_word' id='word_1_718' title='bbox 1656 2047 1728 2079; x_wconf 80' lang='grc' dir='ltr'>νοῦν,</span> <span class='ocrx_word' id='word_1_719' title='bbox 1743 2048 1792 2074; x_wconf 74' lang='grc' dir='ltr'>οὐκ</span> 
     </span>
    </p>
   </div>
   <div class='ocr_carea' id='block_1_96' title="bbox 1006 2092 1793 2128">
    <p class='ocr_par' dir='ltr' id='par_1_96' title="bbox 1006 2092 1793 2128">
     <span class='ocr_line' id='line_1_96' title="bbox 1006 2092 1793 2128; baseline 0.001 -10"><span class='ocrx_word' id='word_1_720' title='bbox 1006 2092 1161 2127; x_wconf 78' lang='grc' dir='ltr'>ἀναμὺοντα</span> <span class='ocrx_word' id='word_1_721' title='bbox 1177 2093 1244 2128; x_wconf 81' lang='grc' dir='ltr'>πρὸς</span> <span class='ocrx_word' id='word_1_722' title='bbox 1260 2093 1291 2119; x_wconf 82' lang='grc' dir='ltr'><strong>τὸ</strong></span> <span class='ocrx_word' id='word_1_723' title='bbox 1305 2093 1404 2127; x_wconf 79' lang='grc' dir='ltr'>ἀληθὲς</span> <span class='ocrx_word' id='word_1_724' title='bbox 1415 2114 1422 2125; x_wconf 82' lang='grc'><strong>,</strong></span> <span class='ocrx_word' id='word_1_725' title='bbox 1439 2092 1499 2119; x_wconf 73' lang='grc' dir='ltr'>οὕτε</span> <span class='ocrx_word' id='word_1_726' title='bbox 1521 2093 1575 2128; x_wconf 88' lang='grc' dir='ltr'>μὴν</span> <span class='ocrx_word' id='word_1_727' title='bbox 1596 2092 1723 2119; x_wconf 83' lang='grc' dir='ltr'>ἐθέλοντα</span> <span class='ocrx_word' id='word_1_728' title='bbox 1743 2102 1793 2119; x_wconf 78' lang='grc' dir='ltr'><strong>πο‹</strong></span> 
     </span>
    </p>
   </div>
   <div class='ocr_carea' id='block_1_97' title="bbox 1007 2137 1791 2175">
    <p class='ocr_par' dir='ltr' id='par_1_97' title="bbox 1007 2137 1791 2175">
     <span class='ocr_line' id='line_1_97' title="bbox 1007 2137 1791 2175; baseline 0.001 -12"><span class='ocrx_word' id='word_1_729' title='bbox 1007 2137 1219 2172; x_wconf 81' lang='grc' dir='ltr'>λυπραγμονεϊν,</span> <span class='ocrx_word' id='word_1_730' title='bbox 1232 2138 1258 2164; x_wconf 84' lang='grc' dir='ltr'><strong>τί</strong></span> <span class='ocrx_word' id='word_1_731' title='bbox 1273 2138 1322 2174; x_wconf 84' lang='grc' dir='ltr'>μέν</span> <span class='ocrx_word' id='word_1_732' title='bbox 1336 2140 1393 2165; x_wconf 79' lang='grc' dir='ltr'>ἐστι</span> <span class='ocrx_word' id='word_1_733' title='bbox 1407 2139 1461 2165; x_wconf 80' lang='grc' dir='ltr'><strong>τῶν</strong></span> <span class='ocrx_word' id='word_1_734' title='bbox 1476 2138 1688 2174; x_wconf 73' lang='grc' dir='ltr'>ἀνεγνωσμένων</span> <span class='ocrx_word' id='word_1_735' title='bbox 1701 2139 1791 2175; x_wconf 81' lang='grc' dir='ltr'>ὀρθὸν,</span> 
     </span>
    </p>
   </div>
   <div class='ocr_carea' id='block_1_98' title="bbox 1008 2182 1793 2218">
    <p class='ocr_par' dir='ltr' id='par_1_98' title="bbox 1008 2182 1793 2218">
     <span class='ocr_line' id='line_1_98' title="bbox 1008 2182 1793 2218; baseline 0.001 -10"><span class='ocrx_word' id='word_1_736' title='bbox 1008 2182 1055 2209; x_wconf 67' lang='grc' dir='ltr'><strong>καὶ</strong></span> <span class='ocrx_word' id='word_1_737' title='bbox 1069 2183 1240 2216; x_wconf 73' lang='grc' dir='ltr'>ὀνησιφόρον,</span> <span class='ocrx_word' id='word_1_738' title='bbox 1254 2183 1281 2208; x_wconf 84' lang='grc' dir='ltr'><strong>τί</strong></span> <span class='ocrx_word' id='word_1_739' title='bbox 1299 2182 1327 2208; x_wconf 83' lang='grc' dir='ltr'>δὲ</span> <span class='ocrx_word' id='word_1_740' title='bbox 1349 2183 1381 2217; x_wconf 87' lang='grc' dir='ltr'>δὴ</span> <span class='ocrx_word' id='word_1_741' title='bbox 1394 2183 1424 2209; x_wconf 87' lang='grc' dir='ltr'><strong>τὸ</strong></span> <span class='ocrx_word' id='word_1_742' title='bbox 1440 2182 1612 2218; x_wconf 85' lang='grc' dir='ltr'>διάστροφον,</span> <span class='ocrx_word' id='word_1_743' title='bbox 1627 2184 1674 2210; x_wconf 77' lang='grc' dir='ltr'><strong>καὶ</strong></span> <span class='ocrx_word' id='word_1_744' title='bbox 1691 2183 1793 2218; x_wconf 84' lang='grc' dir='ltr'>δογμα-</span> 
     </span>
    </p>
   </div>
   <div class='ocr_carea' id='block_1_99' title="bbox 1009 2228 1794 2265">
    <p class='ocr_par' dir='ltr' id='par_1_99' title="bbox 1009 2228 1794 2265">
     <span class='ocr_line' id='line_1_99' title="bbox 1009 2228 1794 2265; baseline 0.001 -10"><span class='ocrx_word' id='word_1_745' title='bbox 1009 2229 1088 2262; x_wconf 80' lang='grc' dir='ltr'>τικῆς</span> <span class='ocrx_word' id='word_1_746' title='bbox 1112 2229 1254 2264; x_wconf 76' lang='grc' dir='ltr'>ἀκριϐείας</span> <span class='ocrx_word' id='word_1_747' title='bbox 1281 2228 1460 2263; x_wconf 80' lang='grc' dir='ltr'>ὲπιϐεὸηκὺς,</span> <span class='ocrx_word' id='word_1_748' title='bbox 1476 2229 1523 2256; x_wconf 80' lang='grc' dir='ltr'>καὶ</span> <span class='ocrx_word' id='word_1_749' title='bbox 1546 2229 1648 2265; x_wconf 80' lang='grc' dir='ltr'>ζημίαν</span> <span class='ocrx_word' id='word_1_750' title='bbox 1665 2229 1794 2265; x_wconf 81' lang='grc' dir='ltr'>ἐμποιοῦν</span> 
     </span>
    </p>
   </div>
   <div class='ocr_carea' id='block_1_100' title="bbox 1009 2273 1795 2312">
    <p class='ocr_par' dir='ltr' id='par_1_100' title="bbox 1009 2273 1795 2312">
     <span class='ocr_line' id='line_1_100' title="bbox 1009 2273 1795 2312; baseline 0.003 -12"><span class='ocrx_word' id='word_1_751' title='bbox 1009 2275 1059 2310; x_wconf 80' lang='grc' dir='ltr'>τὴν</span> <span class='ocrx_word' id='word_1_752' title='bbox 1065 2275 1104 2306; x_wconf 85' lang='grc' dir='ltr'>εὶς</span> <span class='ocrx_word' id='word_1_753' title='bbox 1114 2275 1199 2310; x_wconf 69' lang='grc' dir='ltr'>αὐτὴν</span> <span class='ocrx_word' id='word_1_754' title='bbox 1213 2275 1320 2310; x_wconf 80' lang='grc' dir='ltr'>ὁρῶσαν</span> <span class='ocrx_word' id='word_1_755' title='bbox 1332 2275 1431 2310; x_wconf 70' lang='grc' dir='ltr'>ψυχὴν,</span> <span class='ocrx_word' id='word_1_756' title='bbox 1444 2273 1477 2311; x_wconf 84' lang='grc' dir='ltr'>ἦς</span> <span class='ocrx_word' id='word_1_757' title='bbox 1489 2276 1613 2308; x_wconf 82' lang='grc' dir='ltr'>ἀντάξιον</span> <span class='ocrx_word' id='word_1_758' title='bbox 1622 2276 1709 2308; x_wconf 82' lang='grc' dir='ltr'>οὐδὲν,</span> <span class='ocrx_word' id='word_1_759' title='bbox 1721 2276 1795 2312; x_wconf 81' lang='grc' dir='ltr'>παρά</span> 
     </span>
    </p>
   </div>
   <div class='ocr_carea' id='block_1_101' title="bbox 1010 2319 1795 2358">
    <p class='ocr_par' dir='ltr' id='par_1_101' title="bbox 1010 2319 1795 2358">
     <span class='ocr_line' id='line_1_101' title="bbox 1010 2319 1795 2358; baseline 0.003 -12"><span class='ocrx_word' id='word_1_760' title='bbox 1010 2327 1042 2353; x_wconf 87' lang='grc' dir='ltr'>γε</span> <span class='ocrx_word' id='word_1_761' title='bbox 1052 2321 1108 2352; x_wconf 88' lang='grc' dir='ltr'>τοῖς</span> <span class='ocrx_word' id='word_1_762' title='bbox 1125 2321 1228 2356; x_wconf 80' lang='grc' dir='ltr'>ἀρτίοις</span> <span class='ocrx_word' id='word_1_763' title='bbox 1242 2320 1291 2356; x_wconf 77' lang='grc' dir='ltr'><strong>τὴν</strong></span> <span class='ocrx_word' id='word_1_764' title='bbox 1310 2321 1405 2356; x_wconf 82' lang='grc' dir='ltr'>φρένα.</span> <span class='ocrx_word' id='word_1_765' title='bbox 1419 2321 1601 2356; x_wconf 78' lang='grc' dir='ltr'>Δοκιμαστέον</span> <span class='ocrx_word' id='word_1_766' title='bbox 1612 2319 1658 2348; x_wconf 86' lang='grc' dir='ltr'><strong>οὖν</strong></span> <span class='ocrx_word' id='word_1_767' title='bbox 1671 2321 1736 2358; x_wconf 78' lang='grc' dir='ltr'>ἄρα,</span> <span class='ocrx_word' id='word_1_768' title='bbox 1750 2323 1795 2348; x_wconf 75' lang='grc' dir='ltr'>καὶ</span> 
     </span>
    </p>
   </div>
   <div class='ocr_carea' id='block_1_102' title="bbox 1011 2366 1796 2403">
    <p class='ocr_par' dir='ltr' id='par_1_102' title="bbox 1011 2366 1796 2403">
     <span class='ocr_line' id='line_1_102' title="bbox 1011 2366 1796 2403; baseline 0.004 -11"><span class='ocrx_word' id='word_1_769' title='bbox 1011 2366 1070 2392; x_wconf 83' lang='grc' dir='ltr'>λίαν</span> <span class='ocrx_word' id='word_1_770' title='bbox 1091 2366 1197 2401; x_wconf 77' lang='grc' dir='ltr'>ἰσχνῶς,</span> <span class='ocrx_word' id='word_1_771' title='bbox 1214 2366 1261 2398; x_wconf 86' lang='grc' dir='ltr'>τὰς</span> <span class='ocrx_word' id='word_1_772' title='bbox 1279 2367 1344 2402; x_wconf 74' lang='grc' dir='ltr'>περὶ</span> <span class='ocrx_word' id='word_1_773' title='bbox 1359 2367 1413 2393; x_wconf 89' lang='grc' dir='ltr'>τῶν</span> <span class='ocrx_word' id='word_1_774' title='bbox 1428 2367 1507 2393; x_wconf 82' lang='grc' dir='ltr'>θείων</span> <span class='ocrx_word' id='word_1_775' title='bbox 1520 2367 1663 2402; x_wconf 83' lang='grc' dir='ltr'>δογμάτων</span> <span class='ocrx_word' id='word_1_776' title='bbox 1679 2376 1796 2403; x_wconf 80' lang='grc' dir='ltr'>συγγρα-</span> 
     </span>
    </p>
   </div>
   <div class='ocr_carea' id='block_1_103' title="bbox 1012 2411 1795 2448">
    <p class='ocr_par' dir='ltr' id='par_1_103' title="bbox 1012 2411 1795 2448">
     <span class='ocr_line' id='line_1_103' title="bbox 1012 2411 1795 2448; baseline 0.004 -11"><span class='ocrx_word' id='word_1_777' title='bbox 1012 2411 1064 2446; x_wconf 81' lang='grc' dir='ltr'>φάς</span> <span class='ocrx_word' id='word_1_778' title='bbox 1074 2419 1081 2427; x_wconf 69' lang='grc' dir='ltr'><strong>ο</strong></span> <span class='ocrx_word' id='word_1_779' title='bbox 1094 2411 1144 2438; x_wconf 81' lang='grc' dir='ltr'>κᾶν</span> <span class='ocrx_word' id='word_1_780' title='bbox 1158 2412 1207 2447; x_wconf 83' lang='grc' dir='ltr'>μέν</span> <span class='ocrx_word' id='word_1_781' title='bbox 1221 2420 1263 2443; x_wconf 78' lang='grc' dir='ltr'><strong>τις</strong></span> <span class='ocrx_word' id='word_1_782' title='bbox 1280 2411 1314 2438; x_wconf 86' lang='grc' dir='ltr'><strong>ίοι</strong></span> <span class='ocrx_word' id='word_1_783' title='bbox 1329 2413 1387 2438; x_wconf 82' lang='grc' dir='ltr'>κατ’</span> <span class='ocrx_word' id='word_1_784' title='bbox 1401 2412 1464 2439; x_wconf 82' lang='grc' dir='ltr'>εὐθὺ</span> <span class='ocrx_word' id='word_1_785' title='bbox 1476 2413 1523 2439; x_wconf 82' lang='grc' dir='ltr'>τοῦ</span> <span class='ocrx_word' id='word_1_786' title='bbox 1535 2413 1637 2440; x_wconf 84' lang='grc' dir='ltr'>σκοποῦ</span> <span class='ocrx_word' id='word_1_787' title='bbox 1648 2413 1701 2440; x_wconf 83' lang='grc' dir='ltr'>τῶν</span> <span class='ocrx_word' id='word_1_788' title='bbox 1716 2413 1795 2448; x_wconf 76' lang='grc' dir='ltr'>ἱερῶν</span> 
     </span>
    </p>
   </div>
   <div class='ocr_carea' id='block_1_104' title="bbox 1011 2457 1796 2494">
    <p class='ocr_par' dir='ltr' id='par_1_104' title="bbox 1011 2457 1796 2494">
     <span class='ocr_line' id='line_1_104' title="bbox 1011 2457 1796 2494; baseline 0.004 -11"><span class='ocrx_word' id='word_1_789' title='bbox 1011 2457 1193 2492; x_wconf 83' lang='grc' dir='ltr'>Γραμμάτων,</span> <span class='ocrx_word' id='word_1_790' title='bbox 1210 2458 1256 2484; x_wconf 85' lang='grc' dir='ltr'>καὶ</span> <span class='ocrx_word' id='word_1_791' title='bbox 1268 2459 1318 2492; x_wconf 79' lang='grc' dir='ltr'><strong>τὴν</strong></span> <span class='ocrx_word' id='word_1_792' title='bbox 1331 2458 1360 2484; x_wconf 74' lang='grc' dir='ltr'>ἐν</span> <span class='ocrx_word' id='word_1_793' title='bbox 1374 2467 1406 2493; x_wconf 88' lang='grc' dir='ltr'>γε</span> <span class='ocrx_word' id='word_1_794' title='bbox 1417 2459 1536 2485; x_wconf 77' lang='grc' dir='ltr'>τουτοισὶ</span> <span class='ocrx_word' id='word_1_795' title='bbox 1551 2459 1634 2494; x_wconf 79' lang='grc' dir='ltr'>σαφῆ,</span> <span class='ocrx_word' id='word_1_796' title='bbox 1651 2459 1697 2486; x_wconf 78' lang='grc' dir='ltr'><strong>καὶ</strong></span> <span class='ocrx_word' id='word_1_797' title='bbox 1710 2458 1796 2486; x_wconf 75' lang='grc' dir='ltr'>ἀπλα-</span> 
     </span>
    </p>
   </div>
   <div class='ocr_carea' id='block_1_105' title="bbox 928 2543 1480 2579">
    <p class='ocr_par' dir='ltr' id='par_1_105' title="bbox 928 2543 1480 2579">
     <span class='ocr_line' id='line_1_105' title="bbox 928 2543 1480 2579; baseline 0.005 -8"><span class='ocrx_word' id='word_1_798' title='bbox 928 2543 963 2560; x_wconf 68' lang='grc'>³·⁸</span> <span class='ocrx_word' id='word_1_799' title='bbox 977 2543 987 2570; x_wconf 89' lang='lat' dir='ltr'><strong>l</strong></span> <span class='ocrx_word' id='word_1_800' title='bbox 999 2544 1061 2572; x_wconf 86' lang='lat' dir='ltr'><strong>Cor.</strong></span> <span class='ocrx_word' id='word_1_801' title='bbox 1080 2553 1130 2577; x_wconf 80' lang='lat' dir='ltr'><strong>xu.</strong></span> <span class='ocrx_word' id='word_1_802' title='bbox 1150 2545 1192 2572; x_wconf 88' lang='grc'><strong>10.</strong></span> <span class='ocrx_word' id='word_1_803' title='bbox 1228 2546 1239 2560; x_wconf 83' lang='grc'><strong><em>⁵</em></strong></span> <span class='ocrx_word' id='word_1_804' title='bbox 1257 2545 1351 2573; x_wconf 80' lang='lat' dir='ltr'><strong>Matth.</strong></span> <span class='ocrx_word' id='word_1_805' title='bbox 1367 2554 1420 2579; x_wconf 78' lang='lat' dir='ltr'><strong>xvr,</strong></span> <span class='ocrx_word' id='word_1_806' title='bbox 1436 2546 1480 2574; x_wconf 75' lang='grc' dir='ltr'><strong>ΞΒ.</strong></span> 
     </span>
    </p>
   </div>
   <div class='ocr_carea' id='block_1_106' title="bbox 811 2610 1202 2650">
    <p class='ocr_par' dir='ltr' id='par_1_106' title="bbox 811 2610 1202 2650">
     <span class='ocr_line' id='line_1_106' title="bbox 811 2610 1202 2650; baseline 0.005 -2"><span class='ocrx_word' id='word_1_807' title='bbox 811 2621 889 2648; x_wconf 80' lang='lat' dir='ltr'><strong>ANT.</strong></span> <span class='ocrx_word' id='word_1_808' title='bbox 911 2621 1047 2650; x_wconf 82' lang='lat' dir='ltr'><strong>AGELLII</strong></span> <span class='ocrx_word' id='word_1_809' title='bbox 1068 2622 1184 2650; x_wconf 71' lang='lat' dir='ltr'><strong>noras.</strong></span> <span class='ocrx_word' id='word_1_810' title='bbox 1198 2610 1202 2614; x_wconf 88' lang='grc'><strong>’</strong></span> 
     </span>
    </p>
   </div>
   <div class='ocr_carea' id='block_1_107' title="bbox 214 2702 975 2743">
    <p class='ocr_par' dir='ltr' id='par_1_107' title="bbox 214 2702 975 2743">
     <span class='ocr_line' id='line_1_107' title="bbox 214 2702 975 2743; baseline -0.005 -9"><span class='ocrx_word' id='word_1_811' title='bbox 214 2706 253 2743; x_wconf 82' lang='lat' dir='ltr'><strong>(l)</strong></span> <span class='ocrx_word' id='word_1_812' title='bbox 270 2706 345 2734; x_wconf 85' lang='lat' dir='ltr'><strong>Hanc</strong></span> <span class='ocrx_word' id='word_1_813' title='bbox 362 2709 521 2733; x_wconf 81' lang='lat' dir='ltr'><strong>sententiam</strong></span> <span class='ocrx_word' id='word_1_814' title='bbox 535 2702 758 2743; x_wconf 65' lang='lat' dir='ltr'><strong>Cyrillus__triliuit</strong></span> <span class='ocrx_word' id='word_1_815' title='bbox 776 2703 854 2743; x_wconf 72' lang='lat' dir='ltr'><strong>beato</strong></span> <span class='ocrx_word' id='word_1_816' title='bbox 872 2703 954 2730; x_wconf 83' lang='lat' dir='ltr'><strong>Paulo</strong></span> <span class='ocrx_word' id='word_1_817' title='bbox 973 2719 975 2723; x_wconf 67' lang='grc' dir='ltr'><strong>τ</strong></span> 
     </span>
    </p>
   </div>
   <div class='ocr_carea' id='block_1_108' title="bbox 177 2738 953 2774">
    <p class='ocr_par' dir='ltr' id='par_1_108' title="bbox 177 2738 953 2774">
     <span class='ocr_line' id='line_1_108' title="bbox 177 2738 953 2774; baseline -0.004 -6"><span class='ocrx_word' id='word_1_818' title='bbox 177 2746 206 2768; x_wconf 87' lang='lat' dir='ltr'><strong>et</strong></span> <span class='ocrx_word' id='word_1_819' title='bbox 218 2738 321 2769; x_wconf 54' lang='lat' dir='ltr'><strong>&#39;ci&#39;tatur</strong></span> <span class='ocrx_word' id='word_1_820' title='bbox 338 2746 529 2774; x_wconf 87' lang='lat' dir='ltr'><strong>nonnunquam</strong></span> <span class='ocrx_word' id='word_1_821' title='bbox 547 2747 560 2765; x_wconf 82' lang='grc' dir='ltr'><strong>ιι</strong></span> <span class='ocrx_word' id='word_1_822' title='bbox 580 2738 718 2774; x_wconf 75' lang='lat' dir='ltr'><strong>veteribus</strong></span> <span class='ocrx_word' id='word_1_823' title='bbox 726 2738 847 2774; x_wconf 41' lang='lat' dir='ltr'><strong>:Grrecig</strong></span> <span class='ocrx_word' id='word_1_824' title='bbox 861 2744 953 2766; x_wconf 82' lang='lat' dir='ltr'><strong>aucto~</strong></span> 
     </span>
    </p>
   </div>
   <div class='ocr_carea' id='block_1_109' title="bbox 178 2772 954 2809">
    <p class='ocr_par' dir='ltr' id='par_1_109' title="bbox 178 2772 954 2809">
     <span class='ocr_line' id='line_1_109' title="bbox 178 2772 954 2809; baseline -0.005 -6"><span class='ocrx_word' id='word_1_825' title='bbox 178 2778 264 2809; x_wconf 86' lang='lat' dir='ltr'><strong>ribus,</strong></span> <span class='ocrx_word' id='word_1_826' title='bbox 282 2777 328 2804; x_wconf 84' lang='lat' dir='ltr'><strong>sed</strong></span> <span class='ocrx_word' id='word_1_827' title='bbox 346 2776 409 2802; x_wconf 86' lang='lat' dir='ltr'><strong>nulli</strong></span> <span class='ocrx_word' id='word_1_828' title='bbox 427 2772 501 2801; x_wconf 70' lang='lat' dir='ltr'><strong>cci-to</strong></span> <span class='ocrx_word' id='word_1_829' title='bbox 522 2774 625 2800; x_wconf 83' lang='lat' dir='ltr'><strong>auctori</strong></span> <span class='ocrx_word' id='word_1_830' title='bbox 651 2772 806 2809; x_wconf 79' lang='lat' dir='ltr'><strong>aseriltitur.</strong></span> <span class='ocrx_word' id='word_1_831' title='bbox 822 2773 878 2809; x_wconf 17' lang='lat' dir='ltr'><strong>rllbi</strong></span> <span class='ocrx_word' id='word_1_832' title='bbox 905 2781 954 2799; x_wconf 78' lang='lat' dir='ltr'><strong>au-</strong></span> 
     </span>
    </p>
   </div>
   <div class='ocr_carea' id='block_1_110' title="bbox 177 2808 953 2844">
    <p class='ocr_par' dir='ltr' id='par_1_110' title="bbox 177 2808 953 2844">
     <span class='ocr_line' id='line_1_110' title="bbox 177 2808 953 2844; baseline -0.006 -5"><span class='ocrx_word' id='word_1_833' title='bbox 177 2817 232 2838; x_wconf 77' lang='lat' dir='ltr'><strong>tem</strong></span> <span class='ocrx_word' id='word_1_834' title='bbox 257 2808 292 2839; x_wconf 86' lang='lat' dir='ltr'><strong>sit</strong></span> <span class='ocrx_word' id='word_1_835' title='bbox 317 2813 342 2838; x_wconf 91' lang='lat' dir='ltr'><strong>in</strong></span> <span class='ocrx_word' id='word_1_836' title='bbox 365 2809 483 2844; x_wconf 77' lang='lat' dir='ltr'><strong>Apostcli</strong></span> <span class='ocrx_word' id='word_1_837' title='bbox 507 2808 643 2842; x_wconf 83' lang='lat' dir='ltr'><strong>Epistolis,</strong></span> <span class='ocrx_word' id='word_1_838' title='bbox 661 2815 714 2834; x_wconf 91' lang='lat' dir='ltr'><strong>non</strong></span> <span class='ocrx_word' id='word_1_839' title='bbox 727 2808 884 2844; x_wconf 70' lang='lat' dir='ltr'><strong>_invenitur,</strong></span> <span class='ocrx_word' id='word_1_840' title='bbox 903 2809 953 2834; x_wconf 74' lang='lat' dir='ltr'><strong>nisi</strong></span> 
     </span>
    </p>
   </div>
   <div class='ocr_carea' id='block_1_111' title="bbox 178 2842 954 2877">
    <p class='ocr_par' dir='ltr' id='par_1_111' title="bbox 178 2842 954 2877">
     <span class='ocr_line' id='line_1_111' title="bbox 178 2842 954 2877; baseline -0.006 -4"><span class='ocrx_word' id='word_1_841' title='bbox 178 2848 248 2873; x_wconf 75' lang='lat' dir='ltr'><strong>forte</strong></span> <span class='ocrx_word' id='word_1_842' title='bbox 265 2851 359 2873; x_wconf 84' lang='lat' dir='ltr'><strong>auctor</strong></span> <span class='ocrx_word' id='word_1_843' title='bbox 375 2842 400 2871; x_wconf 80' lang='lat' dir='ltr'><strong>in</strong></span> <span class='ocrx_word' id='word_1_844' title='bbox 428 2843 545 2877; x_wconf 80' lang='lat' dir='ltr'><strong>Epistola</strong></span> <span class='ocrx_word' id='word_1_845' title='bbox 568 2844 654 2877; x_wconf 84' lang='lat' dir='ltr'><strong>prima</strong></span> <span class='ocrx_word' id='word_1_846' title='bbox 671 2843 704 2869; x_wconf 83' lang='lat' dir='ltr'><strong>nd</strong></span> <span class='ocrx_word' id='word_1_847' title='bbox 727 2842 954 2869; x_wconf 79' lang='lat' dir='ltr'><strong>Thessalonicen-</strong></span> 
     </span>
    </p>
   </div>
   <div class='ocr_carea' id='block_1_112' title="bbox 179 2878 952 2913">
    <p class='ocr_par' dir='ltr' id='par_1_112' title="bbox 179 2878 952 2913">
     <span class='ocr_line' id='line_1_112' title="bbox 179 2878 952 2913; baseline -0.005 -3"><span class='ocrx_word' id='word_1_848' title='bbox 179 2890 222 2910; x_wconf 61' lang='grc' dir='ltr'><strong>σεε</strong></span> <span class='ocrx_word' id='word_1_849' title='bbox 236 2883 309 2910; x_wconf 70' lang='lat' dir='ltr'><strong>diam</strong></span> <span class='ocrx_word' id='word_1_850' title='bbox 330 2881 434 2913; x_wconf 80' lang='lat' dir='ltr'><strong>habuit,</strong></span> <span class='ocrx_word' id='word_1_851' title='bbox 451 2881 476 2906; x_wconf 84' lang='lat' dir='ltr'><strong>in</strong></span> <span class='ocrx_word' id='word_1_852' title='bbox 491 2886 541 2913; x_wconf 83' lang='lat' dir='ltr'><strong>qua</strong></span> <span class='ocrx_word' id='word_1_853' title='bbox 557 2883 618 2905; x_wconf 78' lang='lat' dir='ltr'><strong>sunt</strong></span> <span class='ocrx_word' id='word_1_854' title='bbox 634 2878 714 2905; x_wconf 84' lang='lat' dir='ltr'><strong>etiam</strong></span> <span class='ocrx_word' id='word_1_855' title='bbox 730 2884 789 2912; x_wconf 67' lang='lat' dir='ltr'><strong>quae</strong></span> <span class='ocrx_word' id='word_1_856' title='bbox 802 2883 952 2912; x_wconf 80' lang='lat' dir='ltr'><strong>sequuntur</strong></span> 
     </span>
    </p>
   </div>
   <div class='ocr_carea' id='block_1_113' title="bbox 1004 2703 1794 2742">
    <p class='ocr_par' dir='ltr' id='par_1_113' title="bbox 1004 2703 1794 2742">
     <span class='ocr_line' id='line_1_113' title="bbox 1004 2703 1794 2742; baseline 0.004 -13"><span class='ocrx_word' id='word_1_857' title='bbox 1004 2703 1095 2742; x_wconf 74' lang='lat' dir='ltr'><strong>verba,</strong></span> <span class='ocrx_word' id='word_1_858' title='bbox 1120 2703 1366 2742; x_wconf 68' lang='lat' dir='ltr'><strong>0n_mia__probatc,</strong></span> <span class='ocrx_word' id='word_1_859' title='bbox 1390 2709 1442 2742; x_wconf 79' lang='lat' dir='ltr'><strong>etc.</strong></span> <span class='ocrx_word' id='word_1_860' title='bbox 1457 2704 1590 2742; x_wconf 66' lang='lat' dir='ltr'><strong>Caeterum</strong></span> <span class='ocrx_word' id='word_1_861' title='bbox 1616 2706 1794 2742; x_wconf 78' lang='lat' dir='ltr'><strong>Epiphanius,</strong></span> 
     </span>
    </p>
   </div>
   <div class='ocr_carea' id='block_1_114' title="bbox 1004 2739 1796 2779">
    <p class='ocr_par' dir='ltr' id='par_1_114' title="bbox 1004 2739 1796 2779">
     <span class='ocr_line' id='line_1_114' title="bbox 1004 2739 1796 2779; baseline 0.003 -15"><span class='ocrx_word' id='word_1_862' title='bbox 1004 2740 1136 2779; x_wconf 73' lang='lat' dir='ltr'><strong>adversus</strong></span> <span class='ocrx_word' id='word_1_863' title='bbox 1150 2740 1334 2779; x_wconf 64' lang='lat' dir='ltr'><strong>Appelliattos,</strong></span> <span class='ocrx_word' id='word_1_864' title='bbox 1357 2739 1443 2779; x_wconf 74' lang='lat' dir='ltr'><strong>refert</strong></span> <span class='ocrx_word' id='word_1_865' title='bbox 1464 2741 1585 2779; x_wconf 78' lang='lat' dir='ltr'><strong>Apellem</strong></span> <span class='ocrx_word' id='word_1_866' title='bbox 1608 2739 1796 2779; x_wconf 58' lang='lat' dir='ltr'><strong>in&#39;Evangelio</strong></span> 
     </span>
    </p>
   </div>
   <div class='ocr_carea' id='block_1_115' title="bbox 1004 2774 1796 2810">
    <p class='ocr_par' dir='ltr' id='par_1_115' title="bbox 1004 2774 1796 2810">
     <span class='ocr_line' id='line_1_115' title="bbox 1004 2774 1796 2810; baseline 0.003 -11"><span class='ocrx_word' id='word_1_867' title='bbox 1004 2774 1029 2810; x_wconf 84' lang='lat' dir='ltr'><strong>id</strong></span> <span class='ocrx_word' id='word_1_868' title='bbox 1046 2775 1177 2807; x_wconf 89' lang='lat' dir='ltr'><strong>scriptum</strong></span> <span class='ocrx_word' id='word_1_869' title='bbox 1201 2782 1261 2810; x_wconf 61' lang='lat' dir='ltr'><strong>esse</strong></span> <span class='ocrx_word' id='word_1_870' title='bbox 1277 2775 1392 2807; x_wconf 79' lang='lat' dir='ltr'><strong>dixisse,</strong></span> <span class='ocrx_word' id='word_1_871' title='bbox 1411 2775 1436 2800; x_wconf 94' lang='lat' dir='ltr'><strong>in</strong></span> <span class='ocrx_word' id='word_1_872' title='bbox 1461 2782 1510 2810; x_wconf 76' lang='lat' dir='ltr'><strong>suo</strong></span> <span class='ocrx_word' id='word_1_873' title='bbox 1534 2777 1650 2804; x_wconf 77' lang='lat' dir='ltr'><strong>fortasse</strong></span> <span class='ocrx_word' id='word_1_874' title='bbox 1663 2797 1670 2810; x_wconf 87' lang='lat'><strong>,</strong></span> <span class='ocrx_word' id='word_1_875' title='bbox 1690 2774 1742 2804; x_wconf 73' lang='lat' dir='ltr'><strong>non</strong></span> <span class='ocrx_word' id='word_1_876' title='bbox 1769 2776 1796 2802; x_wconf 82' lang='lat' dir='ltr'><strong>in</strong></span> 
     </span>
    </p>
   </div>
   <div class='ocr_carea' id='block_1_116' title="bbox 1004 2809 1797 2843">
    <p class='ocr_par' dir='ltr' id='par_1_116' title="bbox 1004 2809 1797 2843">
     <span class='ocr_line' id='line_1_116' title="bbox 1004 2809 1797 2843; baseline 0.001 -9"><span class='ocrx_word' id='word_1_877' title='bbox 1004 2809 1054 2843; x_wconf 82' lang='lat' dir='ltr'><strong>hoc</strong></span> <span class='ocrx_word' id='word_1_878' title='bbox 1065 2815 1140 2836; x_wconf 89' lang='lat' dir='ltr'><strong>certe</strong></span> <span class='ocrx_word' id='word_1_879' title='bbox 1153 2817 1206 2843; x_wconf 87' lang='lat' dir='ltr'><strong>quo</strong></span> <span class='ocrx_word' id='word_1_880' title='bbox 1223 2809 1344 2836; x_wconf 79' lang='lat' dir='ltr'><strong>Ecclesia</strong></span> <span class='ocrx_word' id='word_1_881' title='bbox 1363 2810 1461 2836; x_wconf 88' lang='lat' dir='ltr'><strong>utitur.</strong></span> <span class='ocrx_word' id='word_1_882' title='bbox 1480 2809 1544 2837; x_wconf 84' lang='lat' dir='ltr'><strong>Erat</strong></span> <span class='ocrx_word' id='word_1_883' title='bbox 1558 2817 1649 2838; x_wconf 83' lang='lat' dir='ltr'><strong>autem</strong></span> <span class='ocrx_word' id='word_1_884' title='bbox 1665 2812 1691 2838; x_wconf 88' lang='lat' dir='ltr'><strong>in</strong></span> <span class='ocrx_word' id='word_1_885' title='bbox 1706 2818 1797 2838; x_wconf 76' lang='lat' dir='ltr'><strong>exem-</strong></span> 
     </span>
    </p>
   </div>
   <div class='ocr_carea' id='block_1_117' title="bbox 1003 2842 1797 2882">
    <p class='ocr_par' dir='ltr' id='par_1_117' title="bbox 1003 2842 1797 2882">
     <span class='ocr_line' id='line_1_117' title="bbox 1003 2842 1797 2882; baseline 0.004 -14"><span class='ocrx_word' id='word_1_886' title='bbox 1003 2842 1123 2878; x_wconf 75' lang='lat' dir='ltr'><strong>plaribus</strong></span> <span class='ocrx_word' id='word_1_887' title='bbox 1139 2842 1401 2882; x_wconf 44' lang='lat' dir='ltr'><strong>Graecisapérptpm,</strong></span> <span class='ocrx_word' id='word_1_888' title='bbox 1421 2852 1482 2882; x_wconf 80' lang='lat' dir='ltr'><strong>cum</strong></span> <span class='ocrx_word' id='word_1_889' title='bbox 1504 2846 1545 2882; x_wconf 64' lang='lat' dir='ltr'><strong>sit</strong></span> <span class='ocrx_word' id='word_1_890' title='bbox 1561 2846 1702 2882; x_wconf 82' lang='lat' dir='ltr'><strong>legendum</strong></span> <span class='ocrx_word' id='word_1_891' title='bbox 1717 2845 1797 2879; x_wconf 49' lang='grc' dir='ltr'>δόκι-</span> 
     </span>
    </p>
   </div>
   <div class='ocr_carea' id='block_1_118' title="bbox 1005 2873 1722 2915">
    <p class='ocr_par' dir='ltr' id='par_1_118' title="bbox 1005 2873 1722 2915">
     <span class='ocr_line' id='line_1_118' title="bbox 1005 2873 1722 2915; baseline 0.001 -9"><span class='ocrx_word' id='word_1_892' title='bbox 1005 2873 1061 2912; x_wconf 67' lang='grc' dir='ltr'>μοι,</span> <span class='ocrx_word' id='word_1_893' title='bbox 1078 2884 1105 2906; x_wconf 90' lang='lat' dir='ltr'><strong>ut</strong></span> <span class='ocrx_word' id='word_1_894' title='bbox 1124 2881 1192 2906; x_wconf 84' lang='lat' dir='ltr'><strong>citat</strong></span> <span class='ocrx_word' id='word_1_895' title='bbox 1206 2873 1374 2915; x_wconf 73' lang='lat' dir='ltr'><strong>Epiphanius</strong></span> <span class='ocrx_word' id='word_1_896' title='bbox 1391 2873 1487 2906; x_wconf 80' lang='lat' dir='ltr'><strong>eodem</strong></span> <span class='ocrx_word' id='word_1_897' title='bbox 1502 2873 1666 2908; x_wconf 26' lang='lat' dir='ltr'><strong>librofﬂm</strong></span> <span class='ocrx_word' id='word_1_898' title='bbox 1680 2873 1692 2874; x_wconf 26' lang='grc' dir='ltr'><em>η</em></span> <span class='ocrx_word' id='word_1_899' title='bbox 1717 2873 1722 2879; x_wconf 79' lang='grc'><strong>’</strong></span> 
     </span>
    </p>
   </div>
  </div>
