1883 3054
106 150 137 176 ιε
654 147 837 177 AlWEilSUS
855 148 1056 178 NESTORIUM
1075 150 1139 179 LIB.
1159 152 1180 179 Ι.
1698 158 1730 186 Η

107 209 233 244 νεστᾶτην
257 208 363 244 διᾴττοι
388 209 492 244 τρίϐον,
520 209 741 244 κατακροτείσθω
767 209 813 235 καὶ
830 217 850 234 π

990 210 1073 238 ntiate
1099 211 1175 239 nobis
1208 211 1288 239 aliam
1315 211 1534 240 seductioncm'.
1553 222 1561 238 ι
1588 213 1658 249 Ergo
1684 221 1728 243 aut

107 256 182 291 ἡμῶν
199 256 261 286 ταῖς
277 256 318 286 εἰς
334 255 474 290 ὀρῡότητσ.
496 255 613 290 ψήφοις
638 256 661 281 εὶ
677 255 706 282 δὲ
717 254 829 290 ψυχρὸν,
849 255 896 281 καὶ

107 302 235 338 ἐξίτηλον,
251 302 300 328 καὶ
320 302 542 337 μεμωμημένον,
565 301 664 337 μᾶλλον
681 301 708 328 δὲ
722 302 769 328 καὶ
783 301 895 336 ὀλέθρου

107 348 234 384 πρόξενον
263 350 321 379 τοίς
348 347 553 383 ἐντευξομένοις
575 347 713 381 ὲξυφαίνοι
733 347 780 373 τὸν
806 346 894 380 λόγον,

104 395 226 422 ἀκουέτω
255 394 333 429 παρὰ
358 394 486 420 πάντων·
506 403 514 419 ι
533 393 612 420 Ἀλλὰ
626 394 692 428 ἡμῖν
715 393 830 425 λαλεῖτε,
848 393 896 419 καὶ

104 440 284 474 ἀναγγέλλετε
310 440 378 475 ἡμῖν
408 439 505 474 ἑτέραν
537 439 679 474 πλάνησιν.
701 449 710 465 ν
742 438 848 466 Οὐκοῦν
875 439 893 474 ἢ

105 486 270 511 ποιείτωσαν
285 485 317 510 τὸ
335 484 446 519 δένδρον
462 484 554 515 καλὸν,
571 483 676 510 καὶτὸν
691 483 796 519 καρπὸν
811 482 894 510 αὑτοῦ

105 531 196 560 καλὸν.
207 530 224 565 ἣ
241 530 408 557 ποιείτωσαν
419 530 450 556 τὺ
463 531 572 565 δένδρον
588 530 703 565 σαπρὸν,
714 529 817 556 καὶτὸν
827 538 894 565 καρ-

104 577 154 602 πὸν
175 576 259 602 αὐτοῦ
283 576 398 610 σαπρόν.
419 585 428 600 ι
449 575 480 602 ’0
497 575 545 610 μὲν
557 575 610 610 γὰρ
628 575 729 609 ἀγαθὸς
752 575 894 611 ἄνθρωπος

104 623 136 649 ἐκ
158 622 206 648 τοῦ
233 621 338 656 ἀγαθοῦ
357 621 497 657 Θησαυρηῦ
518 621 570 656 τῆς
593 621 708 656 καρδίας
730 621 812 648 αὑτοῦ
827 630 894 656 προ-

104 669 182 703 φέρει
197 669 232 695 τὰ
245 667 337 702 ἁγαθά
347 675 353 681 ·
368 668 383 693 ό
397 667 426 693 δὲ
441 667 558 702 πονηρὸς
576 667 719 701 ἄνθρωπος
733 668 765 693 ἐκ
783 666 830 694 τοῦ
846 676 894 694 πο-

103 713 186 749 νηροῦ
203 713 346 748 θησαυροῦ
361 714 411 747 τῆς
427 712 540 747 καρδίας
553 712 634 738 αὑτοῦ
651 712 784 748 προφέρει
798 712 833 739 τὰ
844 721 894 739 πο-

103 760 187 794 νηρὰ.
207 768 216 784 ι
236 759 309 785 κατά
330 767 362 792 γε
386 758 435 793 τὴν
455 758 557 792 ἀψευδῆ
574 757 621 784 τοῦ
644 759 770 793 Σωτῆρος
789 758 892 793 φωνήν⁸

105 814 115 829 ι
130 804 270 830 Ἐσκότισε
290 803 407 839 μὲνγὰρ
431 805 445 830 ό
467 803 532 834 Θεὸς
557 803 604 830 τοῦ
628 802 727 833 αἰῶνος
742 802 837 829 τούτου
859 803 895 829 τὰ

102 850 228 885 νοήματα
245 849 301 875 τῶν
317 849 444 876 ἀπίστων
460 848 616 884 αἱρετικῶν,
629 849 669 879 εἰς
681 847 709 874 τὸ
724 848 761 883 μὴ
775 848 893 882 αὐγάσαι

948 256 974 290 3
989 255 1089 283 faciant
1103 256 1227 284 arborem
1240 258 1348 289 bonam,
1366 263 1392 286 el
1407 258 1521 286 fructum
1539 258 1598 293 ejus
1611 261 1729 294 bonum;

948 305 994 327 aut
1010 299 1112 328 faciant
1129 302 1253 328 arborem
1279 302 1389 336 malam,
1415 307 1441 330 et
1456 303 1571 331 fructum
1590 305 1652 339 ‘cjns
1675 315 1730 333 ma-

947 345 1001 372 lum
1012 346 1032 372 ⁷.
1053 355 1062 371 ‹
1080 346 1171 374 Bonus
1189 348 1261 374 enim
1283 347 1363 376 homo
1385 349 1418 377 de
1440 350 1569 378 thesauro
1585 352 1674 379 cordis
1688 353 1729 380 sui

947 391 1050 424 profert
1078 391 1146 418 bona
1166 392 1272 420 :malus
1298 399 1388 421 autem
1411 394 1491 421 homo
1516 403 1549 422 ex
1576 396 1646 423 malo
1673 397 1730 424 the-

945 443 1027 463 sauro
1043 437 1132 464 cordis
1148 438 1189 464 sui
1210 438 1311 472 profert
1329 440 1416 472 mala;
1433 449 1442 466 ι
1459 445 1487 467 ut
1504 442 1646 470 verissime
1671 442 1730 470 Sal-

945 485 1023 506 vator
1043 487 1135 509 noster
1149 483 1247 510 dicit“.
1268 493 1278 509 ‹
1292 484 1454 513 Obscuravit
1468 487 1539 513 enim
1558 487 1628 514 Deus
1650 488 1729 523 hujus

946 526 1036 553 smculi
1070 533 1174 555 mentes
1202 529 1349 556 iniidclium
1381 531 1588 565 haereticorum,
1618 538 1647 560 ut
1678 542 1730 561 non

945 571 1047 606 fulgeat
1077 573 1239 601 iiluminatio
1269 575 1405 611 Evangelii
1435 577 1527 612 glorim
1554 578 1698 607 Christi':
1717 589 1727 607 ›

945 617 1093 651 multisque
1106 619 1191 646 modis
1206 620 1230 646 in
1247 627 1367 648 errorem
1386 622 1495 650 abducti
1512 628 1584 651 sunt.
1601 623 1728 652 Nonnulli

945 663 1016 689 enim
1034 663 1152 691 Verbum
1174 672 1207 691 ex
1232 665 1286 692 Deo
1302 666 1382 694 Patre
1398 669 1518 704 genitum
1534 670 1661 699 Genitore
1677 673 1728 699 mi-

946 715 1038 735 norem
1054 715 1114 736 esse
1132 709 1235 742 dicunt,
1253 711 1356 743 miseri,
1373 718 1400 740 et
1419 718 1573 742 extraneam
1588 716 1728 744 servilem-

945 761 997 787 qnc
1012 762 1167 782 mensuram
1189 756 1225 782 illi
1249 757 1367 785 tribucre
1386 767 1437 786 non
1460 760 1582 787 horrent.
1600 762 1649 788 Alii
1665 770 1728 789 vero

946 800 1057 833 impium
1073 807 1099 828 et
1114 801 1279 830 eli‘renatum
1295 811 1326 830 os
1341 811 1476 832 exacuunt
1494 806 1623 834 adversus
1641 807 1728 842 Spiri-

947 851 1001 872 tum
1020 850 1154 879 sanctntn,
1172 853 1200 874 nt
1212 847 1271 881 jure
1289 849 1475 883 propheticum
1493 850 1556 877 illud
1574 852 1599 878 in
1614 860 1659 879 eos
1675 853 1728 880 dici

103 897 148 922 τὸν
167 895 312 930 φωτισμὸν
333 895 380 922 τοῦ
400 895 567 929 Εὑαγγελίου
584 894 633 929 τῆς
652 893 732 928 δόξης
754 893 802 920 τοῦ
825 893 846 919 Χ

984 891 1053 918 ssil:
1073 902 1081 916 (
1099 891 1152 918 Vos
1175 898 1265 919 autem
1292 894 1422 926 accedite,
1440 894 1485 920 ﬁlii
1511 895 1614 929 iniqui,
1635 903 1727 924 semen

104 941 167 968 στοῦ
177 950 183 957 ·
198 951 207 967 ι
228 942 421 977 πεπλάνηνται
434 941 462 967 δὲ
471 940 658 976 πολυτρόπως.
673 940 705 966 Οἱ
720 939 770 975 μὲν
784 940 838 975 γὰρ
848 940 893 966 τὸν

104 990 136 1014 ἐκ
148 986 216 1013 Θεοῦ
231 987 340 1022 Πατρός
354 987 442 1021 φύντα
455 986 550 1020 Λόγον,
559 987 587 1012 ἐν
603 985 692 1021 μείοσι
704 985 749 1012 τοῦ
766 994 894 1021 γεγεννη-

102 1033 180 1064 κότος
196 1031 268 1059 εἷναί
286 1033 316 1059 τὲ
331 1041 415 1066 φασιν
434 1033 458 1058 oi
472 1032 593 1063 δείλαιοι,
618 1032 664 1058 καὶ
680 1031 709 1058 τὸ
729 1031 847 1065 ἐκφυλόν
862 1041 891 1058 τε

104 1079 150 1104 καὶ
161 1077 348 1113 δουλοπρεπὲς
360 1077 436 1112 αὺτῷ
453 1077 653 1112 προσνέμοντες
671 1077 781 1112 μέτρον,
797 1077 827 1104 οὐ
843 1086 893 1104 κα-

103 1122 318 1158 ταπφρίκασιν.
337 1123 369 1149 Οἱ
385 1123 414 1149 δὲ
429 1122 467 1158 τῷ
492 1123 562 1157 ἁγίῳ
577 1122 716 1157 Πνεύματι
735 1122 765 1148 τὸ
786 1122 894 1149 ἀνόσιόν

103 1176 131 1193 τε
146 1167 194 1194 καὶ
205 1167 327 1202 ἀκρατὲς
342 1167 522 1202 ἐπιθήγοντες
533 1168 629 1203 στόμα,
639 1167 751 1199 δικαίως
765 1167 892 1194 ἀκούουσι

102 1213 148 1239 τοῦ
169 1213 314 1248 προφήτου
338 1212 482 1247 λέγοντος·
504 1223 513 1238 ι
532 1212 629 1248 Ὑμεῖς
649 1213 677 1239 δὲ
701 1213 892 1248 προσαγάγετε

101 1255 165 1290 ὦδε,
179 1258 232 1284 υἱοὶ
243 1257 352 1293 ἄνομοι,
364 1258 476 1293 σπέρμα
491 1258 594 1293 μοιχῶν
607 1258 653 1285 καὶ
668 1259 770 1294 πόρνης
781 1267 788 1273 ·
801 1259 830 1285 ὲν
841 1258 894 1285 τίνι

103 1304 316 1339 ἑνετρυφήσατε,
334 1304 382 1330 καὶ
392 1304 440 1330 ἐπὶ
453 1304 505 1330 τίνι
515 1303 640 1339 ὴνοίξατε
653 1303 683 1330 τὸ
698 1304 786 1339 στόμα
797 1304 874 1339 ὑμῶν
884 1324 892 1336 ,

99 1349 209 1377 καὶ-ἐπὶ-
214 1350 269 1377 vim
285 1349 437 1385 ἐχαλάσατε
447 1349 495 1386 τὴν
508 1349 633 1384 γλῶσσαν
643 1349 736 1386 ὒμῶν;
748 1350 804 1385 Οὐχ
815 1350 895 1385 ὑμεῖς

103 1398 164 1423 ἐστε
179 1397 265 1423 τέκνα
282 1397 433 1428 ἀπωλείας,
450 1396 561 1432 σπέρμα
578 1396 694 1432 ἀνομον;
712 1396 781 1423 Ἀλλ’
795 1397 894 1423 ἐκεῖνοι

102 1443 155 1478 μὲν
165 1443 348 1478 πορεύσονται
365 1442 405 1478 τῷ
420 1442 524 1470 ἑαυτῶν
539 1443 620 1478 φωτὶ,
636 1443 685 1470 καὶ¹
704 1442 806 1477 φλόγας
819 1444 894 1479 εὑρί-

104 1497 215 1516 σκουσιν
229 1488 285 1525 [Σσ.
297 1488 468 1525 εὐρήσουσι],
478 1488 511 1520 ἃς
523 1489 674 1521 ἐξέκαυσαν
688 1489 775 1515 αὐτοί.
787 1499 796 1514 ι
806 1489 895 1524 Ἠμᾶς

101 1535 131 1560 δὲ
160 1534 325 1567 ἀκόλουθον,
351 1532 392 1565 οἷς
411 1534 556 1569 ὀρθότητος
579 1534 675 1569 μένει,
695 1535 776 1568 σοφόν
798 1543 826 1561 τε
848 1535 895 1562 καὶ

101 1580 206 1616 ἀκριὸἧ
220 1581 267 1607 τὸν
280 1582 322 1615 ἐφ’
346 1581 455 1615 ἑκάστῳ
479 1580 533 1608 τῶν
547 1581 627 1608 θείων
647 1581 790 1616 δογμάτων
807 1583 892 1608 ποιεῖ-

105 1626 168 1652 σθαι
193 1626 290 1660 λόγον’
316 1627 365 1653 καὶ
387 1626 439 1661 τῆς
463 1627 575 1653 ἐκείνων
599 1627 800 1663 ἀθυροστομίας
823 1635 894 1663 παρ-

103 1672 240 1699 αιτεῖσθαι
264 1672 298 1699 τὰ
315 1672 492 1707 ἐγκλήματα·
509 1673 553 1700 ἴνα
575 1673 613 1709 μή
635 1681 663 1700 τι
680 1674 831 1706 πταίοντες.
847 1674 894 1700 καὶ

105 1718 311 1753 ἁμαρτάνοντες
327 1719 368 1749 εὶς
381 1717 445 1749 τοὺς
458 1718 600 1752 ἀδελφοὺς.
620 1718 783 1753 πλήττοντές
797 1727 826 1745 τε
845 1720 894 1745 αὐ-

104 1764 160 1790 τῶν
170 1764 222 1798 τὴν
241 1763 395 1799 συνείδησιν
418 1763 594 1796 ἀσθενοῦσαν,
611 1764 650 1795 είς
670 1764 788 1799 Χριστὸν
804 1765 893 1800 ἁμαρ-

105 1810 242 1845 τάνωμεν.
262 1808 457 1844 Ἀκουσώμεθα
472 1808 529 1844 [Ζσ.
542 1809 724 1845 ἀκουσόμεθα]
735 1810 790 1846 γὰρ
804 1809 894 1844 λέγον-

104 1864 150 1887 τος
165 1855 248 1887 εὐθύς
257 1865 264 1871 -
282 1865 292 1881 ι
306 1855 368 1881 Ὅτι
382 1856 408 1882 ει
419 1856 433 1882 ὁ
445 1855 540 1890 ἐχθρὸς
553 1855 674 1882 ὠνείδισέ
691 1864 734 1890 με,
753 1856 896 1892 ὑπήνεγκα

106 1902 139 1928 ἄν
150 1910 156 1915 ·
174 1902 223 1928 καὶ
240 1902 266 1927 εἰ
280 1902 295 1927 ὁ
311 1900 398 1935 μισῶν
412 1909 446 1936 με
466 1901 509 1927 ἐπ’
525 1900 575 1935 ἐμὲ
589 1900 894 1936 ὲμεγαλορῤημόνησεν,

106 1947 227 1982 ὲκρύὸην
250 1947 285 1974 ἂν
312 1948 360 1974 ἀπ’
375 1947 468 1974 αὑτοῦ.
485 1947 521 1973 Σὺ
546 1947 591 1978 δὲ,
618 1946 745 1983 ἄνθρωπε
773 1947 894 1982 ἰσόψυχε,

106 1992 220 2028 ἡγεμών
234 2002 296 2028 μου,
314 1994 362 2020 καὶ
373 1993 478 2028 γνωστέ
492 2000 558 2028 μου·
573 1993 603 2024 ὃς
618 1993 664 2025 ἐπὶ
674 1993 717 2028 εδ
733 1993 799 2028 αὑτό
815 1993 896 2026 ὲγλύο

107 2040 194 2069 κανάς
216 2048 263 2074 μοι
280 2039 430 2074 ἐδέσματα·
447 2040 477 2065 ἐν
495 2038 534 2074 τῷ
549 2039 616 2074 οῐκῳ
631 2039 678 2065 τοῦ
694 2038 761 2065 Θεοῦ
779 2039 895 2074 ἐπορεύ-

107 2085 196 2120 θημεν
219 2085 250 2111 ἐν
272 2084 421 2120 όμονοίᾳ..ι
437 2084 508 2111 Ἀλλ’
524 2084 557 2111 ἴοι
574 2084 624 2118 μὲν
640 2084 678 2115 ὡς
697 2084 802 2119 ἐχθρῶν
816 2085 896 2111 ταυτὶ

107 2129 241 2163 κεφαλὰς,
261 2129 286 2155 οἳ
298 2129 348 2164 τῆς
362 2128 410 2155 τοῦ
426 2128 552 2163 Σωτῆρος
567 2127 647 2163 ἡμῶν
662 2127 891 2162 καταστρατεύον-

84 2194 88 2198 -
107 2185 152 2203 ται
163 2176 256 2210 δόξης,
271 2176 317 2202 καὶ
331 2175 438 2211 τρυφὴν
452 2174 582 2210 ἡγοῦνται
596 2174 645 2205 τὰς
664 2174 703 2205 εἰς
722 2174 802 2200 αὑτὸν
813 2172 894 2208 βλασ-

944 937 1129 964 adulterorum
1145 943 1170 964 et
1187 938 1339 966 meretricis
1354 948 1360 971 ;
1375 939 1400 966 in
1420 947 1499 973 quem
1511 940 1636 968 ohlcclati
1652 943 1728 976 estis,

945 985 972 1007 et
986 981 1011 1007 in
1027 989 1106 1016 quem
1119 983 1264 1016 apernistis
1280 991 1310 1009 os
1328 989 1457 1016 vestrum,
1473 990 1500 1011 et
1515 985 1540 1011 in
1557 993 1636 1019 quem
1655 986 1731 1014 laxa-

944 1027 994 1054 stis
1016 1027 1133 1062 linguam
1152 1029 1290 1055 vestram?
1306 1029 1401 1056 Nonne
1416 1038 1462 1057 vos
1483 1032 1548 1058 estis
1576 1032 1620 1059 lilii
1638 1034 1729 1067 perdi-

946 1074 1036 1105 tionis,
1060 1082 1151 1101 semen
1167 1075 1341 1110 iniqnnm‘“?
1364 1076 1416 1104 Sed
1433 1077 1468 1104 illi
1482 1079 1590 1112 quidem
1608 1078 1729 1106 ambula-

943 1119 1012 1147 bunt
1030 1120 1054 1147 in
1071 1121 1172 1147 lumine
1186 1129 1245 1153 suo,
1261 1127 1286 1148 et
1302 1121 1425 1150 flammas
1442 1124 1580 1151 invenient
1595 1132 1662 1159 quas
1678 1125 1728 1160 ipsi

945 1167 1127 1194 accenderunt
1141 1168 1172 1194 ”.
1190 1177 1198 1192 ι
1220 1167 1302 1195 Nobis
1322 1173 1422 1202 autem,
1439 1171 1538 1204 quibus
1559 1175 1660 1198 rectum
1678 1172 1729 1199 iter

944 1215 986 1238 est
997 1218 1080 1242 cum.
1097 1212 1223 1239 convenit
1238 1213 1377 1247 sapienter
1388 1218 1415 1241 et
1429 1220 1556 1242 accurate
1567 1217 1600 1242 de
1616 1217 1729 1250 singulis

946 1255 1045 1282 divinis
1060 1256 1231 1290 dogmatibus
1247 1257 1331 1292 loqui,
1348 1266 1498 1294 cavereque
1523 1268 1555 1286 ne
1572 1260 1679 1288 illorum
1702 1262 1728 1289 in

944 1301 1077 1336 loquendo
1092 1303 1252 1331 temeritatis
1273 1305 1376 1332 crimen
1395 1306 1575 1340 incurramus,
1593 1315 1629 1334 ne
1644 1309 1730 1335 oli'en-

945 1347 1039 1374 dentes
1056 1352 1084 1374 et
1103 1353 1246 1382 peccantes
1270 1349 1298 1376 in
1318 1350 1428 1383 fratres,
1448 1355 1476 1378 et
1491 1353 1674 1386 percntientes
1691 1353 1729 1379 in-

946 1393 1049 1420 firmam
1071 1395 1189 1428 ipsorum
1210 1397 1415 1428 conscientiam,
1434 1398 1460 1424 in
1474 1398 1613 1426 Christum
1634 1407 1729 1433 pecce-

945 1445 1004 1466 mus
1017 1438 1049 1465 “.
1068 1439 1142 1476 illico
1154 1440 1226 1466 enim
1240 1441 1381 1469 audiemus
1397 1450 1457 1469 eum
1475 1443 1608 1470 dicentem
1619 1452 1625 1470 :
1636 1454 1645 1470 ‹
1658 1444 1730 1477 Quo-

945 1485 1019 1512 niam
1041 1485 1063 1512 si
1086 1485 1213 1513 inimicus
1240 1494 1316 1514 meus
1334 1488 1518 1517 maledixisset
1545 1490 1622 1522 mihi,
1649 1491 1729 1518 susti-

946 1532 1065 1558 nuissem
1081 1532 1193 1566 utique;
1215 1538 1242 1560 et
1258 1534 1281 1560 si
1304 1534 1326 1560 is
1343 1534 1388 1568 qui
1413 1536 1506 1562 oderat
1522 1544 1573 1568 me,
1590 1545 1670 1571 super
1687 1546 1729 1564 me

945 1584 1042 1611 magna
1068 1577 1174 1604 locutus
1199 1577 1307 1610 fuisset,
1329 1579 1531 1607 abscondissem
1556 1589 1599 1609 me
1615 1583 1728 1610 forsitan

944 1622 978 1649 ab
995 1629 1027 1649 eo
1045 1631 1052 1650 :
1070 1628 1097 1649 tu
1110 1630 1186 1655 vero,
1203 1624 1284 1651 homo
1299 1624 1444 1657 unanimis,
1455 1626 1507 1652 dux
1522 1634 1597 1653 mens
1610 1631 1636 1654 et
1647 1632 1729 1654 notus

944 1675 1030 1700 meus,
1050 1669 1095 1702 qui
1115 1669 1195 1696 simul
1218 1677 1322 1697 mecum
1339 1671 1430 1698 dulces
1446 1672 1571 1706 cupiebas
1592 1673 1677 1706 cibos,
1703 1675 1728 1701 in

944 1713 1024 1741 domo
1039 1714 1085 1741 Dei
1098 1715 1294 1744 ambulavimus
1306 1724 1365 1743 cum
1379 1724 1511 1744 consensu
1528 1718 1560 1745 ¹³.
1580 1727 1590 1743 ι
1608 1717 1659 1746 Sed
1673 1719 1730 1746 haec

944 1760 971 1787 in
993 1760 1080 1796 capita
1098 1761 1268 1788 inimicorum
1290 1767 1406 1794 vertant,
1422 1763 1466 1797 qui
1481 1763 1579 1790 bellum
1599 1766 1730 1792 adversus

945 1805 1095 1834 Salvatoris
1111 1807 1194 1834 nostri
1210 1807 1323 1842 gloriam
1340 1813 1527 1842 susceperunt,
1549 1812 1576 1836 et
1592 1809 1729 1843 coniectas

946 1850 971 1878 in
995 1859 1055 1878 eum
1087 1851 1267 1886 blasphemias
1296 1859 1345 1886 pro
1376 1853 1481 1881 deliciis
1510 1854 1621 1882 habent.
1646 1854 1729 1883 Nobis

945 1902 1046 1930 autem,
1063 1902 1094 1924 ut
1106 1898 1169 1928 dixi,
1190 1904 1401 1926 consentaneum
1415 1904 1457 1926 est
1479 1907 1511 1927 ac
1533 1902 1727 1933 necessarium,

945 1944 990 1978 qui
1006 1951 1038 1970 ea
1056 1951 1150 1978 sapere
1165 1944 1304 1971 studemus
1318 1951 1377 1980 quae
1392 1944 1431 1972 illi
1452 1946 1569 1978 placent,
1586 1947 1728 1981 providere

946 1996 979 2016 ne
999 1996 1089 2016 sermo
1117 1994 1209 2016 noster
1233 1997 1247 2016 ιι
1266 1990 1380 2017 veritate
1404 1990 1439 2017 sit
1463 1995 1591 2023 remotus,
1607 1998 1652 2018 ant
1675 1991 1728 2019 alio

946 2033 1072 2068 quopiam
1090 2035 1192 2065 tendat,
1213 2042 1244 2061 ac
1260 2039 1365 2069 spectet
1380 2035 1413 2062 ad
1437 2035 1546 2062 inanem
1568 2036 1728 2070 vanitatem,

947 2080 981 2113 is,
1009 2080 1128 2114 inquam,
1156 2080 1200 2115 qui
1227 2081 1259 2107 ad
1285 2081 1406 2108 subditos
1430 2081 1556 2113 habetur,
1585 2083 1632 2109 sed
1656 2085 1727 2117 quod

947 2131 1021 2152 recte
1044 2125 1164 2160 prolatus
1192 2126 1237 2158 sit,
1255 2126 1339 2160 ipsius
1355 2126 1477 2154 veritatis
1503 2127 1631 2162 suffragio
1653 2136 1728 2156 com-

947 2170 1100 2198 mendetur.
1126 2169 1189 2198 iia-c
1216 2174 1306 2198 autem
1331 2179 1363 2198 eo
1388 2172 1460 2204 dico,
1486 2174 1548 2206 quia
1573 2173 1599 2200 in
1630 2163 1727 2201 librum

109 2230 144 2257 φη
148 2222 222 2256 μίας·
231 2222 306 2256 ἡμᾶς
313 2221 353 2252 δὲ,
364 2221 402 2252 ὡς
411 2220 488 2255 ἔφην,
497 2219 641 2246 ἀκόλουθόν
649 2227 679 2244 τε
690 2219 737 2245 καὶ
746 2219 852 2253 ἀναγκα

986 2218 1089 2243 emdam
1115 2225 1128 2243 a
1150 2218 1267 2251 quodam
1290 2218 1468 2251 compositum
1502 2218 1594 2251 incidi,
1622 2220 1648 2246 in
1676 2227 1729 2254 quo

107 2269 170 2299 τοὺς
180 2267 214 2293 τὰ
225 2267 298 2302 αὐτῷ
307 2265 440 2294 δοκοῦντα
453 2267 560 2301 φρονεῖν
571 2264 782 2297 σπουδάζοντας,
799 2265 836 2299 μὴ
846 2265 895 2300 τῆς

110 2313 238 2348 ἀληθείας
249 2312 493 2347 ὲκκεκομισμὲνον,
502 2311 584 2346 ἧγουν
593 2310 708 2346 ἑτέρωσὲ
723 2318 768 2336 ποι
779 2309 896 2345 διᾴττον-

109 2368 153 2391 τα,
167 2360 214 2386 καὶ
228 2358 376 2386 νενευκότα
384 2358 452 2393 πρὸς
467 2357 497 2383 τὸ
506 2355 690 2390 ὲξίτηλον,τὸν
702 2355 769 2391 πρός
780 2364 811 2389 γε
825 2356 897 2390 φημὶ

108 2406 171 2437 τοὺς
179 2405 231 2431 ὑπὸ
243 2406 332 2440 χεῖρα,
341 2403 389 2430 καὶ
397 2404 456 2434 ταῖς
467 2404 505 2433 εἰς
517 2402 651 2437 ὀρθότητα
661 2402 763 2436 ψήφοις
774 2402 898 2436 ἐξαυτῆς

108 2452 157 2485 τῆς
173 2451 305 2486 ἀληθείας
331 2447 556 2483 στεφανούμενον.
570 2448 625 2474 Καὶ
643 2446 729 2473 ταῦτά
743 2455 824 2481 φημι,
844 2447 898 2472 τινὶ

109 2497 162 2524 τῶν
180 2496 290 2532 βιϐλίων
307 2493 463 2530 περιτυχὼν
487 2493 540 2519 ὑπό
556 2501 602 2519 του
624 2492 833 2527 συντεθειμένῳ,
848 2492 896 2518 καὶ

110 2542 211 2578 πολλὴν
229 2542 279 2577 μὲν
297 2540 388 2576 ἔχοντι
404 2539 459 2566 τῶν
473 2538 585 2574 ὁμιλιῶν
606 2538 656 2573 τὴν
670 2537 803 2573 ἄθροισιν,
823 2546 895 2564 στοι-

110 2587 189 2623 χηδὸν
201 2586 241 2618 δὲ,
261 2587 310 2613 καὶ
329 2586 366 2616 ὡς
393 2585 421 2610 ὲν
437 2584 514 2616 τάξει
528 2583 672 2618 κειμένων,
687 2582 852 2617 ὴμοιρηκόσι
867 2581 896 2608 δὲ

112 2634 168 2660 κατ’
185 2632 283 2660 οὐδένα
297 2631 399 2666 τρόπον
412 2629 460 2656 τοῦ
473 2628 636 2663 κατέχεσθαι
652 2627 716 2655 δεῖν.
735 2628 789 2654 Καὶ
803 2627 828 2653 εἱ
847 2628 897 2662 μὲν

111 2678 216 2713 εἴρηταί
236 2686 264 2704 τι
279 2676 357 2711 παρὰ
371 2675 420 2702 τοῦ
438 2674 669 2709 συγγεγραφότος.
684 2673 698 2699 ὃ
712 2674 771 2704 ταῖς
790 2674 830 2704 εἰς
848 2673 897 2708 λή-

112 2723 160 2758 θην
180 2723 348 2758 ἀποδημίαις
373 2720 530 2756 ἠφανίζετο,
548 2720 598 2747 κᾶν
620 2719 710 2756 ᾠήθην
733 2719 798 2755 δεῖν,
819 2718 898 2754 σιγὴν

147 2825 158 2841 ⁸
169 2825 298 2854 lsa.xsx,
318 2822 363 2849 10.
404 2821 415 2837 ⁷
429 2821 524 2848 Matth.
536 2827 585 2853 xu,
596 2820 641 2849 35.
680 2823 690 2839 ³
705 2822 768 2850 ibid.
785 2822 829 2848 55.

112 2869 167 2894 vni,
187 2859 230 2889 12,
271 2858 292 2874 ³³
306 2857 381 2885 Psal.
395 2864 450 2889 LIV,
469 2855 562 2883 i345.

870 2822 880 2838 ’
895 2820 916 2848 ll
931 2822 997 2850 Cor:
1010 2829 1047 2855 tv,
1062 2821 1089 2848 .i.

948 2261 1022 2289 nndti
1055 2266 1132 2289 erant
1160 2262 1282 2297 congesti
1311 2270 1449 2290 sermones
1474 2271 1522 2298 per
1547 2265 1679 2292 elementa
1701 2271 1729 2293 et

946 2309 1019 2335 velut
1040 2309 1133 2336 ordine
1162 2309 1294 2343 dispositi,
1321 2309 1448 2344 nullaque
1476 2311 1543 2336 ratio
1571 2311 1596 2337 ei
1624 2312 1727 2345 deerat,

946 2355 1090 2389 quominus
1105 2355 1216 2382 retineri
1234 2360 1334 2390 posset.
1347 2354 1376 2391 4
1393 2356 1431 2382 Ac
1445 2355 1468 2382 si
1482 2363 1496 2382 a
1511 2356 1646 2390 scriptore
1657 2357 1730 2391 ejus-

946 2400 1018 2427 modi
1035 2400 1136 2435 aliqnid
1152 2401 1253 2428 dictum
1271 2406 1352 2433 esset,
1369 2401 1439 2435 quod
1455 2401 1583 2429 oblivioni
1601 2403 1727 2430 traditum

949 2451 1132 2478 evanesceret,
1154 2447 1246 2474 forsan
1269 2447 1362 2481 utique
1385 2448 1541 2475 statuissem
1564 2453 1593 2476 et
1606 2449 1672 2476 mihi
1693 2450 1731 2476 si-

948 2490 1056 2518 lendum
1073 2498 1143 2523 esse,
1167 2497 1194 2518 et
1215 2493 1320 2519 creteris
1338 2492 1532 2520 Consulendum
1555 2498 1584 2521 nt
1603 2494 1672 2521 idem
1691 2494 1729 2522 fa-

948 2541 1058 2568 cerent,
1087 2544 1122 2564 ne
1146 2536 1238 2565 multis
1266 2537 1326 2564 aliis
1348 2538 1516 2572 posterisque
1543 2540 1641 2566 nostris
1668 2544 1730 2567 nota

949 2588 1039 2609 essent
1056 2587 1110 2609 tam
1123 2582 1239 2610 absurde
1257 2587 1365 2617 tamque
1380 2584 1566 2616 imprudenter
1581 2585 1664 2611 dicta.
1677 2585 1731 2621 Sed

949 2629 1012 2662 quia
1031 2628 1256 2663 blasphemiarum
1272 2629 1349 2656 turba
1364 2629 1390 2656 in
1404 2636 1437 2657 eo
1451 2629 1519 2657 libro
1537 2635 1663 2664 congesta
1678 2635 1731 2663 est,

949 2679 977 2702 et
995 2674 1106 2700 multum
1127 2674 1256 2701 adversus
1275 2674 1400 2708 dogmata
1416 2674 1539 2701 veritatis
1554 2675 1730 2701 declamatum

950 2723 978 2746 et
1003 2718 1199 2753 oblateratum,
1221 2719 1357 2753 quomodo
1383 2727 1437 2747 non
1468 2719 1652 2746 necessarium
1682 2719 1733 2745 fuit

1130 2822 1149 2838 ὀ
1167 2822 1217 2849 isa.
1233 2829 1298 2854 Lvn,
1314 2821 1340 2849 4.
1381 2822 1401 2837 ¹¹
1415 2819 1468 2848 isa.
1485 2820 1568 2851 1.,ll.
1607 2818 1650 2854 “.l
1665 2818 1729 2847 Cor.
