1883 3054
163 150 198 178 15
678 146 706 174 S.
731 145 868 175 CYRILLI
887 143 1122 172 ALEXANDRINI
1141 143 1299 171 ARCIIIEP.
1759 145 1793 172 46

162 207 351 243 propemodum
368 210 396 233 ut
412 205 626 240 accingerentur,
649 207 678 232 et
697 210 747 238 pro
763 202 850 230 salute
865 201 905 230 lec

1047 201 1118 236 ἔχειν
1128 200 1218 233 αὐτὸς,
1227 201 1274 226 καὶ
1285 201 1388 236 ἑτέροις
1404 201 1602 236 συμϐουλεῦσαι
1615 202 1695 228 τοῦτο
1709 202 1790 237 δρᾷν·

162 261 220 281 rum
236 258 412 286 certaremus,
430 261 462 280 ne
478 253 559 279 ullum
575 259 608 279 ex
630 258 662 279 ea
681 259 710 279 re
726 251 855 278 damnum
869 254 946 284 pate-

161 303 264 331 rentur,
282 306 315 326 ac
337 299 472 326 discerent
489 297 578 332 potltts
596 297 730 332 jacturam
755 303 788 323 cx
805 301 946 330 perperam

161 344 239 371 dictis
255 345 457 379 provenientem
475 348 587 371 strenue
609 343 760 378 repellere?
772 342 839 370 Nam
854 343 948 370 beatus

160 389 280 417 Joannes
309 390 380 417 ﬁlius
411 389 521 417 tonitrui
550 396 564 416 a
590 389 732 417 Salvatore
749 390 869 417 omnium
900 396 948 416 no-

161 441 245 463 strum
264 435 373 463 Christo
397 441 438 463 est
453 435 604 470 appellatus
617 436 650 468 “,
671 443 703 462 ac
720 438 828 468 merito,
852 439 881 462 ut
901 434 946 469 qui

161 490 286 517 magnum
310 482 435 517 quiddam
458 485 485 508 et
512 481 649 508 insolitum
672 481 779 513 effatus,
805 487 948 516 propemo—

159 529 223 555 dum
249 527 341 554 orbetn
367 527 458 554 sonittt
484 527 665 559 concusserit,
691 531 718 554 et
740 532 825 554 terras
846 527 946 553 tonitru

160 571 297 600 terruerit.
310 571 335 599 ls
347 572 419 598 enim
434 571 497 608 illud
511 571 664 598 venerabile
676 571 754 606 plane
768 578 948 604 magnumque

159 618 352 645 incarnationis
367 616 503 652 Uuigeuiti
525 618 682 651 mysterium
697 617 797 651 optime
811 617 946 644 declarat:

157 661 222 689 dicit
236 662 307 688 enim
324 670 331 688 :
349 671 358 687 ι
376 660 403 688 ln
417 661 551 696 principio
563 666 623 688 erat
638 660 768 694 Verbum,
783 667 809 688 et
825 660 944 689 Verbum

156 713 216 735 erat
231 708 301 743 apud
317 707 413 741 Deum,
434 712 460 735 et
477 708 546 735 Deus
564 713 623 735 erat
637 708 754 736 Verbum
769 716 776 735 :
792 709 881 736 omnia
899 715 946 743 per

156 754 243 788 ipsum
258 753 326 780 facta
343 758 416 786 sunt,
433 758 459 781 et
479 754 536 781 sine
553 753 611 788 ipso
629 753 730 782 factum
747 758 789 781 est
804 754 870 781 nihil
884 755 916 781 “’.
932 763 941 780 ι

155 799 206 828 Ubi
221 808 286 828 vero
303 805 430 828 accttrate
448 803 474 827 et
497 801 616 835 expolita
638 801 766 836 mysteria
780 801 901 833 tradidit,
919 807 946 829 et

156 846 329 881 Unigenitum
355 851 383 874 et
406 846 489 874 lleum
513 855 582 880 esse,
614 852 642 874 et
658 854 691 874 ex
717 848 772 874 Deo
797 848 943 874 secundum

158 899 282 920 naturain
311 892 486 920 ineﬂ'ubiliter
515 898 608 919 natum
629 892 828 927 pronuntiavit,
853 899 942 918 rerum

157 939 277 966 omnium
300 945 451 966 creatorem
464 943 545 973 atque
558 938 700 972 factorem,
714 942 770 965 tum
782 937 907 972 denique,
917 942 944 965 et

154 984 263 1019 quidem
282 983 308 1011 in
333 989 465 1018 tetnpore,
490 984 720 1019 sapientissimam
739 983 811 1010 illatn
834 988 943 1018 propter

155 1038 204 1059 nos
223 1038 254 1058 ac
274 1038 323 1066 pro
343 1031 422 1058 ttobis
445 1036 547 1064 gestant
565 1030 793 1065 dispensationem
813 1037 943 1057 enarrare

155 1077 272 1109 orditur,
291 1082 318 1104 et
342 1077 380 1103 ait
396 1087 400 1103 :
420 1086 429 1102 ι
448 1075 481 1103 Ει
497 1075 617 1104 Verbum
640 1083 706 1103 caro
719 1075 819 1102 factum
841 1080 892 1108 est,
916 1080 944 1103 ct

155 1123 286 1150 habitavit
301 1123 327 1150 in
343 1123 420 1150 nobis
433 1128 475 1150 :et
487 1123 601 1150 vidimus
614 1122 728 1158 gloriam
743 1122 813 1157 ejus,
828 1120 940 1157 gloriam

154 1169 230 1202 qttasi
246 1168 382 1204 Unigeniti
407 1177 420 1195 a
440 1168 532 1203 Patre,
547 1168 654 1203 plenum
675 1170 769 1205 gratia:
792 1173 818 1195 et
843 1169 942 1196 verita-

154 1214 187 1241 tis
200 1214 232 1240 ".
249 1223 258 1240 ι
281 1215 321 1242 Ac
346 1213 464 1241 Verbum
492 1222 600 1241 carnem
621 1214 700 1248 dixit,
722 1219 752 1242 ut
774 1222 844 1241 verte
871 1214 942 1241 illitis

155 1260 274 1293 unionis,
289 1268 348 1294 qua
363 1261 490 1288 nimirum
507 1258 655 1288 secundum
672 1260 830 1295 hypostasin
851 1259 940 1287 consi-

153 1306 274 1338 deratur,
294 1307 346 1333 vim
373 1308 545 1334 declararet:
563 1307 589 1334 iti
612 1314 645 1334 eo
667 1313 756 1333 autem
777 1307 849 1341 quod
866 1306 939 1333 illum

153 1351 181 1378 in
197 1352 275 1379 nobis
296 1351 433 1379 habitasse
452 1352 528 1384 dicit,
549 1360 602 1379 non
619 1352 684 1378 sinit
699 1351 860 1387 intelligere,
876 1350 942 1378 Ver-

154 1396 217 1423 bum
241 1396 305 1423 illud
328 1397 475 1424 secundum
502 1401 626 1424 naturam
649 1404 682 1423 ex
698 1395 753 1423 Deo
774 1397 887 1428 cditutn,
914 1397 940 1424 in

154 1446 289 1470 terrenam
314 1450 424 1470 carnem
447 1443 530 1471 fuisse
550 1449 693 1471 tnutatum.
714 1443 838 1471 Putasset
854 1443 940 1476 enim,

152 1493 182 1516 ut
203 1489 310 1524 opinor.
336 1489 471 1524 quispiam
495 1489 541 1525 qui
563 1498 616 1517 non
645 1490 790 1517 admodum
816 1490 938 1522 calleret,

152 1535 279 1569 quidnam
295 1535 331 1562 sit
354 1535 400 1562 illa
421 1536 509 1562 divina
527 1540 554 1563 et
568 1536 638 1562 ultra
660 1543 716 1563 rem
736 1543 843 1563 onmem
864 1544 940 1563 crea-

153 1586 207 1609 tam
221 1581 272 1608 sita
286 1586 394 1614 natura,
411 1590 470 1609 eain
485 1582 601 1610 fortasse
614 1582 771 1610 mutationis
786 1583 867 1609 etiam
878 1590 939 1610 esse

151 1634 296 1661 capacem,
322 1628 547 1662 propriorumque
576 1628 710 1654 bonorunt
736 1635 796 1662 qua:
818 1628 868 1655 sibi
893 1636 940 1662 per

151 1673 296 1700 esaentiatn
314 1678 376 1700 sunt
401 1673 492 1706 insita,
515 1673 704 1708 negligentem,
725 1673 751 1701 in
769 1673 842 1700 aliud
858 1674 939 1708 quid-

151 1717 222 1754 piam
240 1719 376 1746 diversutn
392 1719 425 1745 ah
443 1727 475 1746 eo
494 1720 564 1753 quod
586 1724 628 1747 est
643 1720 841 1754 quodammodo
859 1719 939 1754 dege-

151 1771 265 1797 nerare;
289 1768 315 1790 et
340 1763 544 1791 alterationibus
563 1771 595 1791 ac
616 1764 811 1792 mutationibus
831 1772 864 1791 ex
886 1765 938 1791 itii-

151 1809 259 1844 proviso
267 1809 400 1837 subditam
411 1810 443 1836 ad
453 1815 639 1838 creaturarum
649 1818 790 1838 mensuras
805 1810 899 1845 redigi.
909 1810 937 1838 ιιι

151 1862 215 1883 vero
231 1855 307 1883 nefas
326 1863 387 1883 esse
410 1863 522 1890 prorsus
546 1856 610 1890 (fixa
627 1863 744 1891 namque
766 1860 808 1884 est
823 1855 869 1883 Dei
890 1864 938 1884 na-

150 1906 222 1940 tura,
236 1905 264 1927 et
280 1901 307 1927 in
321 1901 420 1935 quibus
434 1907 485 1931 est,
502 1906 644 1935 permanet
661 1902 842 1937 inconcussa)
859 1906 938 1928 testa-

149 1952 193 1974 tus
209 1951 250 1973 est
271 1954 332 1973 cuin
358 1947 427 1973 dixit
443 1956 450 1973 :
467 1956 476 1972 ι
490 1946 630 1974 Habitavit
646 1947 672 1974 in
691 1948 787 1981 nobis;
804 1957 813 1974 ν
829 1947 853 1982 5
872 1947 937 1976 Ver-

149 1991 212 2020 bum
229 1992 357 2020 uitnirum
375 1992 457 2020 etiam
473 2000 538 2021 caro
553 1993 663 2021 factum.
678 1993 783 2028 Quibus
803 1994 829 2022 in
847 1994 936 2022 verbis

148 2043 175 2065 ct
192 2037 402 2073 dispensationis
419 2039 580 2074 sapientiam
595 2041 742 2075 prudenter
761 2042 896 2077 exposuit,
909 2048 937 2071 et

147 2083 354 2119 vigilantissime
369 2085 451 2118 cavit,
467 2093 502 2113 ne
519 2087 580 2121 quis
603 2088 690 2122 ipsius
703 2087 785 2117 Verbi
810 2095 935 2118 naturain

147 2129 338 2163 calumnietur,
355 2135 482 2166 tanquam
497 2141 530 2160 ex
550 2134 700 2162 mutatione
719 2140 747 2162 et
758 2137 935 2165 conversione

148 2181 213 2201 caro
229 2176 264 2202 sit
279 2172 391 2203 factum.
412 2176 568 2206 Asserimus
586 2178 668 2214 igitur
687 2179 769 2208 etiam
786 2181 849 2216 ipsi,
865 2181 936 2209 viro~

1002 246 1039 277 ὡς
1065 247 1099 272 ἂν
1121 246 1159 280 μὴ
1178 245 1285 276 πολλοῖς
1308 246 1422 280 ἑτέροις,
1438 247 1485 272 καὶ
1508 247 1564 277 τοῖς
1584 246 1642 282 μευ*
1656 247 1731 281 ἡμᾶς
1750 246 1793 277 εἴη

1001 290 1139 326 γνώριμα,
1157 290 1193 316 τὰ
1215 290 1302 321 οὕτως
1327 291 1460 322 ἐκτόπως,
1485 291 1533 317 καὶ
1554 291 1699 326 ἀτημελῶς
1715 293 1793 327 εἰρη-

1002 337 1080 371 μένα.
1100 336 1209 371 Ἐπειδὴ
1222 336 1250 362 δὲ
1266 336 1427 371 δυσφημιῶν
1442 336 1520 372 δχλος
1534 336 1736 373 ὲνσεσώρευται
1752 337 1794 372 τῷ

1001 382 1106 417 βιϐλίῳ,
1130 383 1178 408 καὶ
1195 382 1278 417 πολλή
1300 391 1344 414 τις
1361 383 1502 418 γέγονενή
1527 384 1715 419 κατάρῤησις,
1736 384 1794 410 τῶν

998 428 1050 463 τῆς
1071 428 1200 463 ἀληθείας
1227 428 1437 456 καθυλακτοῡσα
1464 429 1628 465 δογμάτων,
1651 430 1710 462 πῶς
1739 431 1792 456 οὐκ

999 474 1147 507 ἀναγκαῖον
1163 475 1236 509 ἡμᾶς
1262 475 1403 510 μονονουχὶ
1418 476 1465 501 καὶ
1481 476 1730 507 ἁνταποδύσασοαι,
1744 478 1792 503 καὶ

1000 519 1187 555 ὖπεραθλῆσαι
1200 520 1254 546 τῶν
1267 521 1477 556 ἐντευξομένων,
1491 522 1529 553 ὡς
1541 521 1574 548 ἂν
1589 523 1625 558 μή
1638 532 1664 549 τι
1677 522 1792 549 πάθοιεν

999 565 1125 592 ἐντεῦθεν
1136 566 1166 592 τὺ
1181 566 1290 602 βλάϐος,
1308 568 1404 594 εἰδεῖεν
1425 568 1453 594 δὲ
1471 567 1569 603 μᾶλλον
1586 568 1790 604 ἀποκρούεσθαι

998 611 1141 644 γεννικῶς,
1158 613 1208 646 τὴν
1221 612 1275 638 ἀπό
1290 620 1322 646 γε
1336 612 1390 640 τῶν
1402 613 1453 639 οὐκ
1466 613 1554 648 ὀρθῶν
1566 613 1721 648 εἰρημένων
1740 613 1790 647 ζη-

1000 658 1080 692 μίανς
1097 657 1127 684 Ὀ
1137 658 1187 693 μὲν
1201 658 1254 693 γὰρ
1270 658 1413 690 θεσπέσιος
1425 659 1551 694 Ἰωάννης
1563 660 1619 691 υἱὸς
1629 660 1789 694 ὠνόμασται

999 704 1115 740 βροντῆς
1130 707 1206 741 παρὰ
1226 706 1273 732 τοῦ
1296 706 1407 733 πάντων
1421 707 1500 742 ἡμῶν
1515 708 1641 743 Σωτῆρος
1657 708 1789 743 Χριστοῦ,

998 753 1045 779 καὶ
1058 752 1130 787 μάλα
1148 753 1269 784 εἰκότως,
1281 753 1325 780 διὰ
1335 762 1364 780 τε
1378 752 1408 780 τὸ
1420 753 1561 789 μονονουχὶ
1576 754 1789 789 κατακτυπῆσαι

997 798 1046 834 τῆς
1064 798 1110 825 ὑπ’
1129 799 1257 834 οὐρανὸν,
1285 800 1330 827 καὶ
1357 799 1578 835 καταϐροντῆσαι
1600 800 1650 835 τῆς
1666 798 1729 835 γῆς,
1750 800 1789 831 ὡς

999 843 1069 878 μέγα
1091 852 1116 870 τι
1141 845 1188 870 καὶ
1204 844 1321 877 ἐξαίσιον
1355 846 1484 880 εἰρηκώς.
1511 847 1656 881 Διατρανοῐ
1677 846 1733 882 γὰρ
1757 844 1787 872 εὖ

998 889 1072 925 μάλα
1087 890 1137 925 τῆς
1157 890 1392 927 ὲνανθρωπήσεως
1404 892 1451 918 τοῦ
1463 892 1632 926 Μονογενοῦς
1644 892 1674 918 τὸ
1689 893 1789 919 σεπτὸν

995 934 1114 970 ἀληθῶς,
1133 937 1179 962 καὶ
1198 937 1270 971 μέγα
1292 938 1459 972 μυστήριον·
1480 937 1532 972 ἔφη
1551 939 1600 972 μὲν
1620 938 1690 973 γάρ·
1713 948 1721 964 ι
1743 938 1788 964 Ἐν

995 981 1065 1017 ἀρχῇ
1078 979 1113 1016 ἦν
1125 983 1139 1008 ὸ
1153 982 1250 1016 Λόγος,
1270 983 1318 1009 καὶ
1334 984 1348 1009 ὁ
1358 984 1445 1016 Λόγος
1458 981 1491 1019 ἦν
1506 984 1573 1019 πρὸς
1586 985 1631 1010 τὸν
1647 984 1724 1016 Θεὸν,
1741 985 1788 1011 καὶ

993 1026 1059 1059 Θεὸς
1075 1026 1109 1063 ἦν
1120 1028 1134 1054 ὁ
1144 1029 1231 1063 Λόγος
1241 1037 1248 1044 ·
1265 1029 1355 1056 πάντα
1370 1029 1403 1056 δι’
1414 1030 1496 1057 αὐτοῦ
1511 1031 1628 1065 ἐγένετο,
1641 1032 1686 1057 καὶ
1700 1031 1787 1066 χωρὶς

993 1073 1077 1100 αὐτοῦ
1095 1073 1203 1107 ἐγένετο
1217 1075 1277 1101 οὐδὲ
1295 1075 1333 1101 ἓν.
1348 1086 1356 1101 ι
1372 1076 1482 1112 Ἐπειδὴ
1500 1077 1528 1103 δὲ
1546 1076 1660 1112 ἀκριϐῆ,
1681 1078 1786 1104 x1115-

992 1119 1176 1155 τορνευμένην
1195 1120 1345 1156 ἐποιήσατο
1359 1121 1408 1156 τὴν
1429 1123 1633 1157 μυσταγωγίαν,
1649 1123 1695 1148 καὶ
1719 1122 1786 1148 θεὸν

993 1165 1161 1200 ὑπάρχοντα,
1176 1167 1224 1192 καὶ
1240 1167 1272 1193 ἐκ
1289 1167 1357 1194 Θεοῦ
1372 1168 1442 1194 κατὰ
1461 1170 1542 1202 φύσιν
1557 1170 1720 1204 ἁπορρήτω,
1737 1178 1784 1202 γε·

992 1211 1158 1247 γεννημένον
1165 1212 1288 1247 ἀπέφηνε
1295 1213 1341 1240 τὸν
1356 1214 1505 1249 Μονογενῆ,
1521 1215 1643 1249 κτίστην,
1651 1215 1698 1241 καὶ
1709 1224 1785 1249 ποιη-

991 1257 1041 1292 τὴν
1056 1257 1110 1284 τῶν
1121 1257 1200 1291 ὅλων,
1212 1258 1273 1284 τότε
1287 1258 1329 1294 δὴ,
1344 1259 1403 1285 τότε
1415 1260 1462 1286 καὶ
1475 1260 1535 1286 λὶαν
1547 1261 1594 1287 ἐπὶ
1610 1260 1717 1296 καιροῦ,
1734 1261 1784 1295 τῆς

994 1304 1134 1338 πανσόφου
1149 1304 1242 1331 λοιπὸν
1256 1305 1289 1332 δι’
1303 1306 1375 1341 ἡμᾶς
1383 1314 1412 1332 τε
1427 1306 1473 1332 καὶ
1485 1306 1553 1342 ὑπὲρ
1564 1306 1641 1342 ἡμῶν
1656 1315 1783 1343 πεπραγ-

994 1349 1078 1384 μένης
1096 1350 1251 1386 οἰκονομίας
1269 1352 1455 1387 ἄρχεται-καί
1475 1360 1551 1386 canor
1570 1362 1579 1378 ι
1592 1353 1646 1379 Καὶ
1664 1354 1678 1380 ὁ
1697 1343 1783 1387 Adv/ﬁ

993 1393 1061 1429 σὰρξ
1073 1395 1192 1428 ἐγένετο,
1202 1396 1249 1421 καὶ
1261 1397 1415 1432 ἐσκήνωσεν
1425 1398 1454 1423 ὲν
1465 1398 1540 1432 ἡμῖν’
1551 1398 1599 1424 καὶ
1609 1398 1783 1433 ἐθεασάμεθα

990 1439 1040 1474 τὴν
1054 1439 1132 1472 δόξαν
1145 1439 1239 1474 αὐτοῦ,
1253 1441 1331 1474 δόξαν
1344 1441 1381 1473 ὡς
1393 1442 1561 1477 Μονογενοῦς
1576 1444 1652 1478 παρὰ
1663 1444 1781 1479 Πατρὶς,

991 1485 1098 1520 πλήρης
1117 1486 1227 1521 χάριτος
1243 1487 1291 1514 καὶ
1307 1487 1445 1523 ἀληθείας.
1460 1498 1468 1513 ι
1482 1489 1573 1524 Σὰρκα
1590 1490 1639 1525 μὲν
1660 1491 1715 1526 γὰρ
1730 1491 1781 1525 ἔφη

990 1529 1036 1557 τὸν
1056 1531 1153 1565 Λόγον,
1166 1533 1216 1568 τῆς
1235 1532 1353 1569 ἀληθοῦς
1378 1534 1511 1567 ὲνώσεως,
1530 1535 1609 1570 δῆλον
1626 1535 1653 1562 δὲ
1671 1537 1712 1563 ὅτι
1734 1536 1782 1571 τῆς

991 1575 1051 1602 καθ’
1069 1577 1219 1604 ὑπόστασιν
1234 1579 1393 1614 νοουμένης,
1410 1581 1567 1614 ἐμφανίζων
1582 1582 1631 1617 τὴν
1646 1581 1761 1617 δύναμιν
1773 1590 1780 1597 ⁵

990 1621 1033 1648 διὰ
1047 1621 1074 1648 δὲ
1095 1622 1142 1648 τοῦ
1159 1623 1206 1650 καὶ
1227 1624 1256 1650 ὲν
1274 1625 1340 1659 ἡμῖν
1357 1625 1438 1651 αὐτὸν
1462 1626 1600 1661 σκηνᾶηαι
1616 1627 1716 1660 λέγειν,
1732 1629 1781 1654 οὐκ

990 1667 1082 1702 ἐφίησι
1095 1670 1164 1694 νοεῖν
1178 1669 1218 1700 εἰς
1231 1670 1321 1705 σάρκα
1328 1670 1377 1704 τὴν
1392 1671 1446 1698 ἀπὸ
1460 1673 1513 1707 γῆς
1526 1672 1571 1698 τὸν
1585 1672 1617 1698 ἐκ
1626 1672 1694 1699 Θεοῦ
1711 1675 1781 1700 κατά

990 1713 1071 1747 φύσιν
1088 1715 1282 1750 μεταχωρῆσαι
1297 1716 1394 1750 Λόγον.
1411 1716 1495 1753 ’ῼήθη
1515 1718 1563 1753 μὲν
1579 1718 1622 1750 ἂν,
1638 1717 1725 1754 οἶμαι,
1740 1720 1781 1751 τίς

989 1759 1042 1786 τῶν
1057 1760 1087 1786 οὺ
1113 1760 1173 1787 λίαν
1187 1762 1381 1796 ὴκριδωκότων
1396 1763 1409 1789 ὅ
1426 1764 1453 1789 τί
1471 1765 1536 1790 ποτέ
1550 1765 1624 1790 ἐστιν
1643 1766 1659 1800 ἡ
1676 1765 1735 1791 θεία
1751 1774 1780 1791 τε

989 1806 1036 1832 καὶ
1048 1807 1178 1842 γεννητοῦ
1197 1808 1297 1840 παντὸς
1313 1808 1442 1835 ἐπέκεινα
1461 1810 1552 1845 φύσις,
1571 1811 1640 1846 τάχα
1659 1820 1710 1838 που
1736 1814 1781 1838 καὶ

989 1852 1093 1887 τροπῆς
1117 1851 1185 1879 εἶναι
1202 1853 1329 1889 δεκτικὴν
1355 1855 1451 1891 αὐτὴν,
1475 1857 1522 1882 καὶ
1547 1857 1779 1893 καταρᾳθυμῆσαι

991 1899 1041 1935 μὲν
1059 1899 1189 1927 δύνασθαι
1210 1900 1266 1927 τῶν
1284 1901 1367 1933 ἰδίων,
1386 1902 1432 1929 καὶ
1456 1903 1592 1936 οὺσιωδῶς
1612 1905 1679 1941 αὐτῇ
1696 1914 1781 1940 προσ-

987 1945 1150 1979 πεφυκότων
1162 1944 1284 1979 ἀγαθῶν,
1301 1948 1454 1982 μεταφῦναι
1468 1948 1495 1975 δὲ
1513 1948 1608 1985 ὥσπερ
1626 1951 1665 1982 εἰς
1686 1951 1780 1984 ἕτερόν

987 2001 1024 2024 τι,
1034 1992 1100 2027 παρ’
1111 1992 1178 2028 ὅπερ
1187 1993 1256 2026 ἐστὶ,
1265 1993 1310 2019 καὶ
1323 1995 1379 2026 τοῖς
1394 1995 1443 2030 τῆς
1453 1994 1569 2027 κτίσεως
1583 1996 1778 2031 ὲγκαθικέσθαι

989 2037 1110 2074 μέτροις,
1122 2038 1291 2072 ὰλλοιώσεσι,
1306 2039 1353 2066 καὶ
1365 2041 1530 2075 μεταόολαῐς
1546 2041 1685 2076 ἀδοκήτως
1695 2042 1777 2068 ὑπει-

987 2085 1155 2121 ηνεγμένην.
1177 2085 1250 2112 Ἀλλ’
1261 2086 1302 2112 ὃτι
1315 2085 1344 2112 τὸ
1356 2085 1451 2121 χρῆμά
1468 2087 1540 2113 ἐστιν
1554 2087 1694 2122 ἀμήχανον
1709 2096 1778 2114 παν-

985 2131 1086 2164 τελῶς,
1103 2132 1259 2168 ὲρήρεισται
1275 2132 1329 2168 γὰρ
1346 2133 1363 2169 ἡ
1377 2132 1424 2159 τοῦ
1441 2133 1508 2160 Θεοῦ
1521 2133 1612 2168 φύσις,
1629 2134 1675 2160 καὶ
1691 2135 1778 2169 ἀκρα-

986 2179 1080 2205 δαντον
1095 2179 1150 2214 ἔχει
1167 2179 1215 2215 τὴν
1227 2179 1270 2214 ἐφ’
1283 2177 1323 2211 οἷς
1339 2179 1396 2206 ἐστι
1406 2179 1545 2215 διαμονὴν,
1562 2181 1775 2216 μεμαρτύρηκεν

148 2227 207 2247 rum
225 2221 356 2248 divinitus
373 2221 541 2257 loquentium
557 2224 711 2260 indagando
734 2233 855 2261 scopum,
877 2235 891 2255 e

1034 2224 1071 2250 ὼν
1079 2225 1135 2256 τὸ,ι
1147 2225 1317 2260 Ἐσκήνωσεν
1331 2226 1359 2252 ἐν
1374 2227 1448 2260 ἡμῖν·
1461 2226 1565 2253 ’καίτοι
1574 2226 1642 2262 σὰρξ
1657 2227 1775 2262 γεγονὼς

147 2266 209 2294 iidei
224 2267 315 2302 regula
329 2268 401 2296 nulla
413 2277 448 2297 ex
462 2274 539 2305 parte
563 2272 726 2305 recedendo,
741 2271 815 2300 illum
831 2280 862 2300 ex
879 2273 934 2301 Deo

145 2314 294 2341 secundum
317 2320 452 2349 naturam,
479 2316 554 2345 illum
584 2316 771 2353 Unigenitum,
790 2319 864 2347 illum
888 2321 934 2356 qui

145 2364 188 2386 est
209 2360 236 2386 in
253 2360 314 2387 sinu
327 2360 415 2389 Patris
428 2361 459 2394 ",
483 2370 531 2397 per
549 2371 630 2399 quem
645 2365 739 2392 omnia
775 2371 804 2393 et
833 2367 859 2394 in
881 2375 935 2402 quo

145 2405 236 2432 omnia
251 2405 284 2438 ³⁸,
302 2408 426 2441 quamvis
452 2414 516 2436 ante
534 2409 625 2436 omnia
643 2410 740 2437 smeula
762 2416 790 2438 et
812 2416 933 2447 tempora

145 2450 281 2485 propriam
293 2451 406 2479 haberet
414 2453 613 2487 exsistentiam,
627 2459 654 2481 et
665 2462 773 2489 semper
784 2457 932 2484 simulcum

144 2495 272 2523 Genitore
287 2498 458 2532 subsisteret,
475 2499 501 2526 in
514 2500 645 2528 extremis
656 2501 747 2528 saeculi
767 2502 933 2536 temporibus

143 2543 179 2570 ad
197 2543 378 2571 voluntariam
393 2545 605 2573 exinanitionem
629 2546 812 2580 descendisse.
831 2554 858 2575 et
877 2547 932 2575 for-

144 2596 214 2615 matn
232 2590 303 2616 servi
328 2591 524 2624 suscepisse”,
546 2591 598 2618 hoc
615 2596 668 2625 est,
688 2598 782 2620 nostra
803 2594 930 2627 subiisse,

143 2641 170 2662 et
187 2635 322 2663 hominem
346 2636 543 2671 dispensatorie
563 2637 664 2666 factum
689 2646 749 2666 esse
762 2660 770 2673 ,
796 2640 931 2667 assimila-

144 2686 254 2715 tuntque
271 2681 400 2709 fratribus
418 2690 466 2717 per
485 2684 588 2716 omnia,
613 2692 645 2712 eo
663 2685 734 2720 quod
757 2686 930 2720 partieipavit

141 2726 266 2754 similiter
282 2728 355 2754 carni
381 2733 408 2756 et
428 2730 551 2763 sanguini
561 2731 583 2746 ¹⁰
603 2735 650 2758 :et
674 2731 712 2758 ita
739 2733 879 2760 nobiscum
901 2737 929 2759 et

178 2827 200 2841 "
216 2826 298 2853 Marc.
315 2827 407 2857 ιιι,17.
449 2829 468 2844 ¹³
485 2827 561 2856 Joan.
577 2837 595 2858 t.
613 2830 666 2856 1-5.
707 2830 729 2847 ¹⁰
744 2830 810 2858 Ibid.
830 2831 872 2858 Η.

141 2861 164 2877 ⁵⁵
179 2860 258 2889 Hebr.
278 2869 307 2896 tt,
327 2862 420 2889 H-l7.

449 2829 468 2844 "
485 2827 561 2856 Joan.
577 2837 595 2862 ι,
613 2830 666 2856 1-5.

929 2833 955 2869 ·⁷,
967 2831 1046 2862 ιῐοιιη.
1063 2833 1082 2865 l,
1102 2832 1144 2860 18.

987 2271 1001 2297 ό
1014 2271 1114 2305 Λόγος·
1135 2272 1184 2298 καὶ
1198 2271 1228 2297 τὸ
1249 2272 1299 2306 τῆς
1313 2272 1469 2306 οἰκονομίας
1486 2272 1567 2307 σοφὸν
1582 2273 1716 2307 ἐντέχνως
1730 2272 1774 2306 ἐξ·

986 2317 1135 2353 ηγοὺμενος
1147 2325 1154 2334 ·
1171 2318 1218 2343 καὶ
1236 2318 1267 2344 τό
1281 2326 1312 2352 γε
1328 2317 1365 2353 μὴ
1380 2318 1434 2345 δεῖν
1454 2318 1502 2354 τὴν
1527 2318 1573 2344 τοῦ
1589 2318 1676 2352 Λόγου
1694 2319 1774 2353 φύσιν

987 2364 1215 2399 συκοφαντεῖσθαι
1230 2365 1297 2399 πρός
1320 2373 1402 2397 τινος,
1427 2364 1464 2395 ὡς
1480 2365 1569 2400 σάρκα
1588 2365 1774 2400 γεγενημένην

985 2411 1014 2445 ἐξ
1026 2410 1205 2442 ἀλλοιώσεως,
1219 2411 1266 2438 καὶ
1279 2411 1459 2447 παρατροπῆς
1475 2410 1504 2438 εὖ
1518 2411 1589 2446 μάλα
1604 2411 1772 2447 τετηρηκώς.

983 2456 1074 2492 Φαμὲν
1091 2454 1137 2483 οὖν
1161 2457 1215 2492 ἄρα
1230 2457 1277 2482 καὶ
1293 2457 1373 2491 ἡμεῖς
1388 2457 1475 2487 αὐτοὶ,
1491 2457 1537 2482 τὸν
1559 2457 1612 2483 τῶν
1634 2456 1774 2492 θεηγόρων

985 2503 1193 2538 ίχνηλατοῦντες
1220 2503 1331 2534 σκοπὸν,
1362 2503 1409 2529 καὶ
1429 2503 1473 2528 τὸν
1495 2503 1544 2537 τῆς
1566 2503 1686 2534 πίστεως
1711 2503 1774 2538 ὅρον

983 2548 1042 2576 κατ’
1057 2549 1151 2575 οὐδένα
1176 2549 1276 2584 τρόπον
1300 2547 1484 2579 ἐκϐαίνοντες,
1500 2548 1546 2574 τὸν
1565 2550 1597 2574 ὲκ
1613 2548 1681 2574 Θεοῦ
1703 2549 1774 2574 κατὰ

983 2595 1075 2629 φύσιν,
1095 2595 1141 2620 τὸν
1159 2595 1310 2629 Μονογενῆ,
1326 2595 1371 2621 τὸν
1392 2595 1420 2621 ὲν
1440 2594 1550 2626 κόλποις
1569 2594 1633 2620 ὄντα
1654 2593 1702 2620 τοῦ
1718 2595 1774 2620 [lat-

980 2642 1055 2677 τρὸς,
1069 2641 1115 2668 τὸν
1135 2642 1168 2668 δι’
1191 2638 1221 2667 οὗ
1240 2641 1338 2673 πάντα,
1359 2641 1405 2667 καὶ
1424 2641 1452 2666 ἐν
1470 2637 1492 2674 ᾧ
1506 2640 1541 2667 τὰ
1562 2640 1661 2672 πάντα,
1682 2639 1771 2666 καίτί

980 2688 1030 2722 τὴν
1044 2687 1098 2722 πρὸ
1113 2687 1214 2718 παντὸς
1235 2686 1344 2717 αἰῶνος,
1367 2686 1414 2712 καὶ
1425 2686 1528 2721 χρόνων
1545 2685 1631 2719 ἰδικὴν
1654 2684 1769 2719 ὓπαρξιν

979 2733 1085 2768 ἔχοντα,
1097 2734 1144 2760 καὶ
1158 2733 1201 2760 ἀεὶ
1216 2732 1440 2767 συνυφεστηκὸτα
1456 2731 1495 2767 τῷ
1504 2731 1688 2766 γεγεννηκότι,
1704 2729 1770 2757 καο-

1185 2833 1205 2849 “
1222 2830 1299 2860 Joan.
1325 2839 1364 2864 xI,
1379 2832 1424 2859 56.
1476 2833 1497 2850 ⁸⁸
1514 2831 1631 2868 Philipp.
1647 2841 1666 2859 tt
1677 2852 1684 2864 ,
1699 2833 1726 2866 (5,
1739 2832 1766 2860 7.
