1883 3054
137 161 173 188 25
622 159 651 187 S.
669 158 807 187 CYRILLI
827 158 1065 187 ALEIEANDRINI
1085 159 1244 188 ARCHIEP.
1728 160 1763 186 2i

139 223 216 255 pater
232 221 335 255 peccati
348 220 478 248 adversus
498 228 593 249 omnes
615 221 659 254 qui
677 227 724 255 per
748 221 842 249 orbem
864 226 909 247 teri

986 220 1020 247 ιαὶ
1032 220 1124 256 πατὴρ
1133 241 1140 253 ,
1153 221 1209 247 τῶν
1221 220 1273 247 ἀνὰ
1291 221 1379 248 πᾶσαν
1393 220 1442 256 τὴν
1458 220 1505 246 ὑπ’
1519 218 1631 254 οὖρανὸν
1648 226 1765 245 κατεσο-

141 273 233 294 rarum
248 270 336 299 erant,
365 274 396 294 se
423 266 695 304 superbeljactabat,
721 266 749 302 θ
771 266 922 293 divinarum

142 311 229 345 legum
244 310 297 338 illis
320 311 491 338 violationem
516 310 648 348 objiciens
673 319 680 337 :
705 310 752 338 sed
781 310 922 338 hominum

138 362 262 384 naturam
290 356 317 384 in
343 356 461 386 Christo.
478 361 604 391 tanquam
629 357 656 383 in
681 357 792 384 secundi
816 357 923 391 generis

138 403 276 438 primitiis,
293 403 417 430 fiduciam
429 403 461 429 ad
473 401 554 428 Deum
570 402 670 429 habere
683 402 805 430 videmus
830 409 838 428 :
855 402 924 430 dixit

139 448 209 475 enim
224 454 336 482 aperte:
352 457 361 474 ι
377 448 455 476 Venit
478 448 603 482 princeps
618 447 709 475 mundi
735 448 825 483 hujus,
849 453 877 475 et
896 449 922 476 in

139 501 182 522 me
198 494 262 521 nihil
276 494 393 521 inveniet
407 494 438 520 ³⁸.
457 503 466 519 ι

175 540 244 572 Sed,
259 540 282 566 Ο
302 540 430 575 przeclare
456 541 506 573 vir,
528 549 580 567 non
613 540 664 567 abs
688 548 716 566 re
741 539 869 572 dixerim,
896 539 918 568 si

140 594 193 613 non
217 591 247 613 ut
274 593 323 614 nos
352 586 439 614 factus
464 591 506 614 est
536 587 581 614 ille
604 585 767 621 Unigenitns
796 607 803 619 ,
833 594 920 621 neque

138 637 168 659 ut
197 639 246 659 nos
275 631 332 659 fieri
358 632 411 659 alio
437 634 517 659 modo
542 638 622 666 quam
649 640 696 665 per
718 632 920 666 generationem

137 675 272 703 carnalem
298 683 331 703 es
361 676 458 703 femina
489 677 599 711 potuit,
627 683 764 710 nunquam
803 684 852 704 nos
885 677 919 704 il-

137 721 188 748 lius
205 722 284 748 rebus
299 721 396 749 divites
424 722 481 748 ﬁeri
501 723 648 756 potuimus.
674 720 708 748 Ut
729 722 801 748 enim
825 722 920 750 scribit

137 765 232 791 beatus
248 764 356 799 Paulus,
372 765 415 793 ille
427 766 583 793 Emmanuel
596 774 647 793 non
664 774 680 793 e
704 771 774 793 terra
792 767 825 793 ad
845 768 928 801 prio-.

137 810 174 837 ris
190 810 261 838 illius
283 812 446 846 exemplum.
469 812 516 839 sed
547 820 563 838 ο
587 811 656 839 ccelo
683 811 818 839 secundus
842 813 919 840 nobis

137 856 220 883 Adam
245 857 369 891 apparuit
382 857 416 883 ".
434 856 498 884 Nam
516 857 581 884 illud
601 865 717 891 superne
745 862 772 884 et
787 865 819 884 ex
838 857 918 884 Patre

139 900 254 928 Verbum
272 910 324 929 non
340 902 364 928 in
381 901 529 937 cujuspiam
544 909 665 935 carnem,
692 910 779 936 neque
802 904 828 930 in
853 903 918 931 alie-

135 953 197 972 nam
219 947 302 978 venit,
325 951 354 973 ut
368 947 423 980 jam
439 949 562 982 superius
582 948 656 980 dixi,
674 955 760 982 neque
786 949 811 975 in
836 956 917 975 unum

134 991 250 1026 aliquem
268 992 351 1019 nostri
367 993 480 1020 similem
490 993 629 1020 descendit
643 999 669 1020 ut
684 993 709 1020 in
726 1001 758 1020 eo
774 994 916 1027 habitaret,

135 1043 163 1064 ut
184 1038 275 1072 procul
293 1039 373 1066 dubio
399 1039 450 1066 fuit
466 1039 492 1066 in
516 1040 677 1074 prophetis:
697 1040 743 1066 sed
768 1047 828 1067 eum
845 1048 919 1068 sum-

133 1088 206 1118 ptum
219 1091 250 1111 ex
266 1085 376 1112 muliere
388 1092 485 1119 corpus
508 1093 586 1113 suum
608 1085 725 1118 fecisset,
744 1092 772 1113 et
785 1093 817 1114 ex
833 1093 863 1114 es
876 1094 918 1114 se~

132 1129 249 1156 cundum
261 1137 367 1157 carnem
382 1136 454 1158 esset
463 1131 579 1166 genitus,
590 1131 707 1158 hominis
715 1132 917 1166 generationem

133 1182 181 1209 per
192 1182 221 1202 se
235 1175 431 1210 recapitulavit,
445 1176 586 1204 nobiscum
599 1176 685 1204 factus
699 1178 847 1204 secundum
860 1184 918 1204 ear-

133 1228 203 1254 nem,
216 1222 260 1256 qui
270 1222 427 1250 anteomnia
438 1222 534 1250 szeeula
546 1224 686 1250 exstiterat
697 1231 730 1250 ex
744 1223 833 1251 Patre.
843 1223 917 1252 Hanc

134 1266 211 1292 nobis
227 1266 287 1293 fidei
305 1265 501 1294 confessionem
516 1273 601 1294 sacra:
615 1265 723 1294 Litterae
738 1267 915 1294 tradiderunt.

131 1311 166 1338 At
182 1317 208 1338 tu
228 1315 345 1338 metuere
358 1316 383 1338 te
399 1311 520 1344 simulas,
533 1311 635 1347 nequis
644 1312 744 1339 enobis
754 1313 917 1347 suspicetur,

132 1356 194 1383 illud
203 1364 236 1383 ex
245 1357 298 1384 Deo
305 1357 424 1391 genitum
433 1357 547 1384 Verbum
557 1365 570 1384 a
580 1365 661 1384 carne
672 1363 776 1385 terrena
783 1357 916 1385 exsisten<

131 1403 175 1429 tiae
192 1402 296 1430 initium
310 1403 457 1435 habuisse;
474 1410 505 1430 ac
518 1403 636 1430 funditus
650 1403 721 1430 tollis
735 1404 915 1438 dispensatio-

132 1448 173 1475 nis
182 1448 207 1474 in
219 1455 301 1475 carne
312 1449 480 1483 mysterium,
495 1457 555 1476 cum
570 1454 692 1476 sanctam
706 1449 843 1484 Virginem
855 1456 915 1477 esse

131 1500 146 1520 a
161 1493 238 1521 nobis
250 1493 297 1521 Dei
319 1494 474 1527 genitricem
498 1493 682 1530 appellandam
698 1501 780 1530 negas
796 1503 802 1520 :
822 1501 849 1523 et
869 1503 916 1523 eos

129 1539 173 1575 qui
189 1539 263 1566 illam
282 1538 327 1566 Dei
344 1540 501 1573 genitricem
517 1544 623 1572 vocant,
639 1544 765 1574 tanquam
781 1541 812 1568 ad
831 1541 916 1568 inevi-

129 1584 237 1612 tabilem
252 1592 283 1612 ac
293 1585 470 1611 necessariam
482 1585 680 1612 confessionem
692 1586 812 1619 deducis,
825 1587 914 1621 utillis

130 1630 277 1665 putandum
306 1630 341 1657 sit
360 1629 476 1656 Verbum
493 1630 582 1657 carnis
594 1637 654 1658 esse
667 1630 794 1658 fructum.
811 1632 863 1659 Sed
888 1633 914 1659 id

129 1682 208 1703 secus
223 1680 274 1707 est,
292 1675 423 1710 longeque
439 1675 517 1702 aliter
534 1676 625 1704 habet.
654 1676 720 1704 Nam
747 1677 790 1704 ille
812 1685 845 1704 ex
860 1677 914 1705 Deo

128 1720 209 1749 Patre
223 1720 316 1753 Filius,
333 1722 378 1756 qui
397 1729 477 1756 supra
491 1728 572 1749 omne
595 1727 700 1757 tempus
723 1723 828 1750 initium
841 1723 914 1750 exsi-

128 1766 215 1794 stendi
231 1767 321 1800 habet,
336 1774 396 1794 cum
410 1767 441 1794 sit
454 1767 612 1794 saeculorum
627 1768 766 1800 Conditor,
781 1769 807 1795 in
821 1774 912 1796 extre-

129 1813 180 1840 mis
205 1813 294 1841 saeculi
310 1813 476 1848 temperibus
488 1814 549 1848 quia
567 1813 653 1841 factus
671 1819 712 1841 est
725 1822 800 1847 caro,
817 1823 912 1842 secun-

128 1860 191 1887 dum
205 1867 314 1887 carnem
331 1859 417 1887 factus
433 1867 493 1887 esse
507 1859 615 1887 dicitur.
640 1858 706 1887 Nam
731 1861 753 1888 si
774 1861 912 1896 proprium

127 1905 186 1940 ejus
197 1912 294 1940 corpus
302 1904 412 1940 intelligi
418 1910 469 1937 tur,
485 1905 618 1939 quomodo
629 1913 680 1932 nun
691 1914 800 1940 prorsus
811 1908 910 1942 proprii

127 1950 249 1985 corporis
266 1950 434 1978 nativitatem
453 1951 503 1978 sibi
519 1955 647 1985 tanquam
661 1959 737 1978 suam
760 1953 906 1980 vindicabit

127 2001 154 2023 et
172 1996 360 2023 asseret?Sed
376 1996 444 2024 hanc
468 1996 607 2023 hominum
633 1997 668 2024 ita
685 1998 851 2025 credentium
871 2007 912 2026 re-

127 2045 199 2068 ctam
214 2048 374 2076 sacramque
388 2041 467 2068 tidem
482 2041 562 2068 etiam
575 2041 632 2076 ipse
647 2043 803 2077 prohasses,
817 2045 839 2072 si
863 2045 910 2072 tibi

127 2085 179 2121 ipsi
195 2085 360 2121 persuadere
378 2085 522 2119 voluisses,
535 2092 563 2114 ut
579 2088 714 2122 cogitares
732 2094 813 2123 atque
827 2091 911 2117 conti-

127 2132 225 2159 tereris
241 2139 305 2158 vere
318 2132 401 2159 Deum
415 2139 476 2160 esse
487 2132 635 2166 Christum,
651 2140 787 2168 ttnumque
807 2143 839 2162 ae
863 2143 910 2162 so-

127 2177 182 2205 lum
199 2185 259 2205 esse
280 2178 326 2205 Dei
345 2183 371 2205 et
385 2178 483 2211 Patris,
499 2186 552 2206 non
577 2179 691 2207 divisum
720 2181 745 2207 in
770 2181 906 2209 hominem

127 2224 251 2256 seorsim,
265 2228 292 2251 et
307 2224 335 2251 in
353 2224 436 2252 Deum
454 2224 590 2257 similiter.
605 2225 652 2253 sed
663 2227 786 2254 eumdem
801 2235 861 2255 esse
879 2234 906 2255 et
926 2242 950 2271 υ

125 2277 159 2297 ex
179 2270 234 2297 Deo
249 2268 329 2298 Patre
357 2270 493 2303 Verbum,
519 2276 546 2298 et
568 2279 601 2298 ex
631 2271 745 2300 muliere
769 2273 904 2301 hominem

126 2315 211 2343 nostri
227 2315 354 2347 similem,
371 2323 478 2350 unaque
499 2316 581 2344 Deum
611 2325 783 2352 permanere.
812 2319 865 2346 Sed
883 2326 908 2347 te

124 2361 285 2389 calumniari
310 2362 382 2390 illam
409 2362 487 2390 Verbi
514 2365 715 2397 generationem
740 2365 792 2400 ιο
806 2373 906 2392 secun-

126 2409 188 2435 dum
199 2416 319 2440 carnem,
334 2416 394 2436 cum
410 2409 508 2444 ubique
522 2412 588 2437 duos
602 2418 710 2438 asseras
724 2411 804 2444 ﬁlios,
822 2417 849 2438 et
865 2412 906 2438 di-

124 2455 202 2483 vidas
214 2463 296 2482 unum
309 2455 449 2482 Dominum
473 2455 566 2484 Jesnm
590 2456 746 2490 Christum,
759 2465 810 2483 non
829 2458 906 2490 meis.

124 2502 170 2530 sed
189 2502 241 2528 tuis
252 2501 340 2529 verbis
355 2502 523 2536 perspicuum
539 2502 594 2529 fiet.

160 2546 280 2575 Nssron.
299 2547 379 2583 [Vide
394 2547 458 2582 quid
478 2553 670 2582 consequatur,
695 2548 830 2574 lueretice.
848 2547 905 2574 Non

125 2593 233 2620 invideo
250 2593 320 2619 hanc
344 2600 435 2619 vocent
449 2592 549 2620 Christi
575 2592 698 2626 genitrici
716 2591 839 2626 Virgini,
860 2593 907 2620 sed

125 2636 187 2664 novi
196 2636 376 2664 venerandam
392 2644 452 2664 esse
466 2644 525 2670 niue
536 2635 620 2663 Deum
633 2637 756 2671 excepit,
768 2645 816 2672 per
825 2645 906 2671 quam

127 2682 285 2717 pertransiit
310 2683 354 2709 ille
375 2683 561 2709 universonnn
585 2682 724 2714 Dominus,
751 2690 798 2717 per
825 2690 905 2717 quam

125 2727 225 2754 elfulsit
240 2727 280 2755 sol
291 2727 412 2762 justitim.
423 2727 541 2754 Rursum
554 2733 709 2761 suspectum
728 2728 813 2756 habeo
829 2729 904 2756 hunc

125 2774 259 2808 plausum.
283 2773 422 2806 Quomodo
446 2774 560 2800 verbum
585 2773 649 2801 illud
677 2775 840 2810 pertransiit,
864 2776 905 2803 in-

159 2862 181 2878 ³³
193 2861 272 2890 Joan.
284 2869 340 2896 xtv,
355 2861 399 2890 50.
439 2861 460 2877 "
479 2860 488 2888 1
505 2860 567 2890 Cor.
582 2869 626 2894 xv,
648 2861 691 2889 37.

975 265 1116 302 ϐαρεύετο,
1130 266 1185 293 τῶν
1200 266 1279 293 θείων
1292 267 1383 302 νόμων
1395 265 1444 301 τὴν
1459 264 1614 301 παράδοσιν
1624 263 1762 298 ἐγκαλῶν·

974 311 1031 338 ἀλλ’
1044 313 1074 338 ὲν
1089 311 1198 348 Χριστῷ
1213 311 1263 347 τὴν
1277 311 1420 347 ἀνθρώπω
1436 311 1527 345 φύσιν,
1545 310 1583 342 ὡς
1603 311 1634 338 ἐν
1649 310 1762 345 diram

973 356 1021 384 τοῦ
1031 358 1126 392 γένους
1137 356 1262 393 δευτέρᾳ,
1275 357 1433 393 παρρησίαν
1444 356 1559 392 ἔχουσαν
1570 356 1678 392 ὁρῶμεν
1695 356 1764 391 πρὸς

972 402 1054 428 Θεόνσ
1063 402 1113 438 ἔφη
1124 402 1178 438 γὰρ
1188 402 1324 438 ὲναργῶς”
1342 410 1352 428 ι
1363 402 1494 437 Ἔρχεται
1505 402 1520 429 ὁ
1534 402 1627 437 ἄρχων
1647 400 1696 428 τοῦ
1717 401 1763 427 κό-

974 458 1042 485 σμου
1059 450 1165 483 τούτου,
1183 449 1229 476 καὶ
1246 450 1276 476 ὲν
1290 449 1352 484 ἐμοὶ
1367 449 1479 485 εὑρήσει
1492 448 1577 475 οὐδέν.
1591 457 1600 473 ι

1008 537 1076 564 Ἀλλ’
1081 536 1125 569 ,Ὦ
1133 536 1348 572 βέλτιπε,φαὶην
1356 537 1389 564 ἂν
1395 535 1548 568 εἰκότως,εἰ
1556 535 1593 570 μὴ
1599 535 1694 569 γέγονε
1701 534 1763 561 καθ’

971 583 1044 618 ἡμᾶς
1056 584 1069 610 ὁ
1084 583 1248 617 Μονογενὴς,
1268 582 1363 617 γέγονε
1375 582 1404 609 δὲ
1421 582 1563 617 καθ’ἡμᾶς
1582 581 1631 616 οὐχ
1649 581 1760 616 ἑτέρως,

972 629 1040 664 πλὴν
1051 629 1091 656 ὅτι
1105 629 1148 655 διὰ
1156 629 1308 664 γεννήσεως
1321 626 1456 663 σαρκικῆς
1463 627 1512 662 τῆς
1521 628 1554 653 ὲκ
1561 627 1699 660 γυναικὸς,
1711 626 1763 652 οὒκ

971 675 1004 702 ἂν
1009 675 1025 710 ἡ
1030 676 1089 709 μεῖς
1095 675 1129 701 τὰ
1136 674 1219 702 αὑτοῦ
1226 674 1403 708 πεπλουτήκα
1407 681 1464 708 μεν.
1473 673 1519 704 Ὧς
1524 672 1577 708 γὰρ
1585 673 1599 698 ὁ
1607 671 1761 706 σοφώτατος

970 720 1070 755 γράφει
1087 719 1201 751 Παῦλος,
1214 719 1338 754 δεύτερος
1353 720 1419 755 ἡμῖν
1433 718 1519 754 mea”;
1531 718 1580 745 οὐκ
1593 718 1646 745 ἀπό
1669 726 1701 751 γε
1711 718 1762 752 τῆς

969 766 1020 801 γῆς
1044 765 1114 793 κατὰ
1134 766 1180 793 τὸν
1203 766 1321 801 πρῶτον,
1349 765 1407 792 ἀλλ’
1421 764 1450 798 ἐξ
1470 763 1585 799 οὐρανοῦ
1601 764 1732 798 πέφηνεν,
1747 764 1765 789 ὁ

975 810 1156 846 Ἐμμανουήλ.
1166 810 1194 837 '0
1211 811 1265 846 γὰρ
1280 809 1383 838 ἄνωθέν
1392 819 1420 838 τε
1434 810 1481 837 καὶ
1497 811 1529 836 ὲκ
1547 809 1651 844 Πατρδς
1662 809 1759 842 Λόγος,

969 857 1018 884 οὒκ
1034 859 1073 889 εἰς
1088 857 1136 892 τὴν
1157 856 1231 884 τοῦδέ
1249 865 1329 889 τινος,
1344 855 1407 883 οὔτε
1422 857 1475 892 μὴν
1491 857 1531 887 εὶς
1552 855 1695 891 ἀλλοτρίαν
1711 864 1760 881 κα-

971 904 1155 939 ταπεφοῐτηκε
1179 904 1278 939 σάρκα,
1302 903 1426 938 καθάπερ
1440 903 1490 938 ἤδη
1506 905 1643 938 προεῖπον,
1657 901 1710 929 οὐδ’
1726 900 1760 929 αὖ

971 949 1014 983 ἐφ’
1025 949 1072 975 ἕνα
1085 949 1146 975 τινὰ
1163 948 1217 975 τῶν
1233 948 1293 975 καθ’
1307 949 1380 984 ἡμᾶς
1395 948 1594 983 καταὸἐῦηκεν,
1609 950 1646 980 ὡς
1659 949 1764 983 ἐνοική-

972 1003 1026 1021 σων
1048 993 1131 1029 αὐτῷ,
1147 994 1274 1030 καθάπερ
1292 995 1386 1030 ἀμέλει
1413 996 1460 1021 καὶ
1481 996 1507 1021 ἐν
1529 995 1684 1030 προφήταις
1706 993 1761 1030 ἦν’

971 1040 1028 1068 ἀλλ’
1047 1040 1110 1066 ἴδιον
1134 1040 1318 1075 ποιησάμενος
1344 1040 1423 1075 σῶμα
1449 1040 1478 1066 τὸ
1499 1041 1531 1067 ἐκ
1551 1040 1693 1075 γυναικὸς,
1711 1041 1761 1066 καὶ

971 1085 1110 1121 γεννηθεὶς
1124 1085 1153 1118 ἐξ
1169 1087 1254 1120 αὐτῆς
1271 1085 1340 1112 κατὰ
1356 1086 1453 1121 σάρκα,
1474 1086 1524 1120 τὴν
1539 1086 1682 1120 ἀνθρώπου
1696 1086 1761 1120 γέν-

971 1140 1048 1167 νησιν
1072 1131 1300 1165 ἀνεκειραλαιοῦτο
1325 1131 1358 1157 δι’
1373 1131 1480 1161 ἑαυτοῦ,
1505 1130 1565 1165 μεθ’
1580 1131 1660 1166 ἡμῶν
1688 1130 1762 1157 κατὰ

972 1177 1060 1211 σάρκα
1074 1177 1230 1212 γενόμενος,
1246 1178 1260 1203 ὁ
1281 1175 1334 1211 πρὸ
1354 1175 1454 1207 παντὸς
1475 1175 1572 1207 αἰῶνος
1587 1176 1619 1201 ὲκ
1640 1175 1760 1211 Πατρός.

971 1222 1077 1258 Ταύτην
1102 1223 1169 1258 ἡμῖν
1193 1222 1242 1256 τῆς
1267 1221 1386 1252 πίστεως
1408 1220 1456 1256 τὴν
1476 1220 1621 1256 ὁμολογίαν
1638 1221 1669 1246 αι
1689 1219 1760 1246 Ocius

970 1268 1120 1304 παρέδοσαν
1138 1267 1253 1303 Γραφαί.
1270 1267 1305 1294 Σὺ
1317 1267 1345 1293 δὲ
1358 1266 1474 1293 δεδιέναι
1488 1267 1536 1302 μὲν
1549 1267 1695 1302 προσποιῇ,
1718 1265 1760 1302 μὴ

969 1313 1022 1349 ἄρα
1036 1322 1078 1345 τις
1097 1313 1152 1340 τῶν
1173 1313 1233 1340 καθ’
1245 1314 1318 1349 ἡμᾶς
1337 1313 1527 1344 ὑποπτεύσειε,
1547 1312 1598 1347 τῆς
1614 1311 1758 1347 ὑπάρξεως

969 1359 1018 1395 τὴν
1030 1359 1116 1395 ἀρχὴν
1135 1359 1188 1385 ἀπὸ
1205 1359 1301 1394 γηῖνης
1316 1358 1415 1394 σαρκὸς
1428 1358 1571 1393 ἐσχηκέναι
1584 1357 1629 1384 τὸν
1641 1358 1674 1384 ἐκ
1688 1356 1761 1384 Θεοῦ

970 1405 1057 1439 φύντα
1068 1405 1168 1439 Λόγον·
1193 1405 1314 1440 ἀναιρεῖς
1327 1404 1354 1430 δὲ
1371 1404 1485 1431 statim»;
1499 1404 1548 1437 τῆς
1566 1403 1636 1438 μετὰ
1655 1403 1758 1438 σαρκὸς

969 1450 1125 1486 οἰκονομίας
1140 1450 1170 1476 τὺ
1186 1451 1343 1486 μυστήριον,
1359 1450 1395 1485 μὴ
1409 1451 1507 1485 χρῆναι.
1524 1450 1610 1484 λέγων
1623 1449 1757 1485 ὀνομάζεα

970 1495 1033 1522 σθαι
1049 1495 1116 1530 πρὸς
1128 1495 1205 1530 ἡμῶν
1214 1495 1343 1521 Θεοτὸκον
1356 1496 1405 1530 τὴν
1417 1495 1496 1528 ἁγίαν
1513 1494 1649 1530 Παρθένον
1659 1502 1665 1509 ·
1682 1502 1760 1529 περι-

969 1542 1078 1578 τρέπεις
1100 1541 1128 1568 δὲ
1145 1540 1238 1576 ὥσπερ
1263 1542 1302 1573 εἰς
1326 1541 1447 1575 ἀφυκτάν
1474 1549 1514 1571 τε,
1535 1541 1580 1567 καὶ
1601 1540 1755 1574 ἀναγκαίαν

968 1587 1112 1622 ὁμολογίαν
1132 1587 1195 1618 τοὺς
1210 1586 1339 1613 Θεοτόκον
1361 1586 1489 1620 λέγοντας
1514 1586 1614 1621 αὐτὴν,
1630 1585 1677 1612 τοῦ
1699 1586 1759 1612 δεῖν’

967 1633 1069 1660 οἴεσθαι
1090 1633 1190 1669 σαρκὸς
1206 1633 1331 1668 γενέσθαι.
1340 1633 1445 1668 καρπὸν
1462 1633 1508 1659 τὸν
1523 1632 1554 1659 ὲκ
1572 1631 1641 1658 Θεοῦ
1655 1632 1752 1666 Λόγον.

974 1679 1043 1706 Ἀλλ’
1056 1679 1104 1713 οὐχ
1127 1675 1177 1705 ὧδε
1199 1678 1271 1704 τοῦτ’
1288 1679 1358 1713 ἔχει·
1374 1677 1470 1704 πολλοῦ
1486 1686 1518 1712 γε
1537 1677 1584 1704 καὶ
1599 1677 1647 1704 δεῖ.
1656 1677 1686 1704 '0
1700 1678 1754 1712 γὰρ

967 1725 999 1751 ὲκ
1013 1724 1082 1751 Θεοῦ
1097 1724 1202 1759 [ἰατρὸς
1214 1724 1264 1760 τὴν
1284 1723 1400 1759 ὓπαρξιν
1421 1723 1490 1758 ἔχων
1512 1723 1561 1758 τὴν
1584 1722 1684 1754 παντὸς
1703 1723 1754 1749 ἑπ-

967 1770 1059 1797 ἐκεινα
1074 1771 1181 1805 χρόνον,
1195 1770 1242 1796 καὶ
1257 1769 1312 1805 γάρ
1326 1770 1383 1796 ἐστι
1394 1768 1448 1795 τῶν
1461 1767 1565 1795 αἰώνων
1573 1768 1754 1804 Δημιουργὸς,

967 1817 995 1842 ἐν
1011 1817 1134 1851 ὲηάτοις
1150 1815 1196 1842 τοῦ
1208 1815 1305 1846 αἰῶνος
1318 1816 1424 1850 καιροῖς
1433 1815 1493 1841 ὲπεὶ
1508 1823 1550 1841 τοι
1563 1814 1658 1848 γέγονε
1672 1813 1751 1850 σὰρξ.

966 1861 1144 1898 γεγεννῆσθαι
1157 1861 1264 1895 λέγεται
1275 1861 1346 1887 κατὰ
1364 1861 1462 1897 σάρκα.
1477 1860 1508 1887 Εἰ
1524 1860 1577 1895 γὰρ
1593 1859 1657 1886 ἴδιον
1668 1859 1751 1886 αὐτοῦ

965 1907 996 1934 τὸ
1016 1907 1094 1942 σῶμα
1112 1907 1221 1938 νοεῖται,
1233 1906 1292 1937 πῶς
1307 1906 1338 1932 οὐ
1352 1907 1441 1941 πάντη
1454 1914 1484 1932 τε
1507 1905 1555 1932 καὶ
1581 1905 1693 1937 πάντως
1703 1905 1754 1941 τὴν

965 1952 1012 1979 τοῦ
1033 1952 1097 1979 ιδὶου
1115 1951 1241 1987 σώματος
1256 1951 1383 1987 γέννησιν
1401 1951 1589 1983 οίκειώσεταις
1615 1951 1685 1978 Ἀλλ’
1702 1952 1750 1977 ἔπ‹

964 1998 1063 2033 ῄνεσας
1075 1997 1107 2024 ἂν
1119 1998 1165 2024 καὶ
1177 1997 1257 2028 αὐτὸς
1269 1998 1319 2033 τὴν
1332 1997 1388 2024 τῶν
1397 1997 1468 2024 οὕτω
1481 1997 1647 2029 δοξαξόντων
1669 1996 1752 2032 ὀρθὴν

965 2044 1011 2070 καὶ
1025 2043 1156 2079 ἀὸέόηλον
1169 2043 1269 2075 πίστιν,
1295 2044 1319 2069 εὶ
1341 2043 1368 2070 δὲ
1385 2046 1486 2070 παυτὺν
1510 2042 1572 2078 [ῐσ.
1587 2043 1618 2078 δὴ
1633 2040 1750 2078 σαυτὸν]

965 2089 1120 2116 ἀναπείθειν
1141 2089 1235 2124 ἤθελες
1249 2088 1456 2123 διαλογίζεσθαι,
1470 2089 1517 2115 καὶ
1538 2088 1690 2124 ὁμολογεῖν,
1707 2089 1749 2115 ὃτι

963 2137 1029 2168 Θεὸς
1045 2136 1150 2171 ἀληθῶς
1167 2137 1238 2162 ἐστιν
1257 2137 1271 2162 ὁ
1290 2135 1416 2171 Χριστὸς,
1431 2133 1470 2166 εἷς
1489 2143 1519 2162 τε
1549 2135 1596 2161 καὶ
1613 2134 1693 2169 μόνος
1711 2133 1750 2160 ὢν

963 2183 1009 2210 τοῦ
1025 2182 1090 2209 Θεοῦ
1113 2183 1161 2210 καὶ
1183 2182 1299 2218 Πατρδς,
1316 2182 1345 2208 οὗ
1361 2181 1524 2218 διῃρημένος
1544 2181 1584 2213 εἰς
1607 2180 1750 2214 ἄνθρωπον

965 2228 1065 2260 ιδικῶς,
1080 2228 1127 2255 καὶ
1147 2228 1247 2263 ὁμοίως
1266 2229 1305 2259 εἰς
1319 2227 1395 2259 Θεὸν,
1411 2227 1468 2254 ἀλλ’
1482 2227 1497 2253 ὀ
1513 2226 1592 2258 αὐτὸς
1607 2225 1747 2261 ὑπάρχων,

963 2275 1010 2302 καὶ
1022 2276 1054 2301 ὲκ
1067 2274 1133 2301 Θεοῦ
1149 2273 1254 2309 Πατρὸς
1272 2273 1368 2308 Λόγος,
1384 2273 1431 2299 καὶ
1453 2273 1484 2299 ὲκ
1501 2271 1628 2307 γυναικὸς
1643 2271 1749 2306 ἄνθρω-

961 2329 1012 2353 πος
1031 2320 1092 2347 καθ’
1107 2320 1189 2355 ἡμᾶς,
1207 2319 1275 2354 μετὰ
1290 2319 1337 2345 τοῦ
1358 2320 1447 2354 μεῖναι
1469 2318 1610 2350 Θεός.”οτι
1625 2316 1654 2343 δὲ
1669 2324 1749 2343 συκο-

962 2367 1070 2402 φαντεῖς
1078 2366 1124 2392 τοῦ
1133 2366 1219 2399 Λόγου
1229 2366 1278 2401 τὴν
1291 2365 1360 2392 κατὰ
1377 2365 1464 2399 σάρκα
1474 2364 1609 2399 γέννησιν,
1617 2363 1664 2391 δύο
1677 2371 1746 2398 πρε-

961 2411 1065 2438 σϐεύων
1076 2411 1149 2442 υἱοὺς
1163 2412 1295 2446 πανταχῇ,
1306 2411 1352 2436 καὶ
1365 2410 1513 2445 διατέμνων
1527 2409 1573 2436 τὸν
1585 2409 1633 2435 ἕνα
1645 2409 1747 2444 Κύριον

967 2456 1069 2492 Ἰησοῦν
1080 2456 1206 2492 Χριστὸν,
1221 2457 1251 2482 οὐ
1263 2456 1307 2483 διὰ
1325 2455 1378 2482 τῶν
1391 2455 1476 2491 ὲμῶν,
1490 2455 1556 2482 ἀλλὰ
1567 2455 1611 2482 διὰ
1623 2454 1678 2482 τῶν
1693 2454 1747 2481 σῶν

960 2501 1132 2538 δειχθήσεται
1151 2501 1246 2535 λόγων.

997 2547 1093 2583 [Βλέπε
1109 2547 1140 2573 τὺ
1155 2547 1312 2582 συμϐαῖνον,
1322 2545 1459 2582 αἱρετικε·
1473 2546 1504 2573 οὗ
1520 2545 1610 2580 φθονῶ
1624 2546 1673 2581 τῆς
1689 2553 1746 2580 φω-

957 2593 1006 2628 νῆς
1031 2595 1064 2628 τῇ
1081 2593 1255 2628 Χριστοτόκῳ
1275 2592 1417 2628 Παρθένῳ,
1440 2591 1497 2618 ἀλλ’
1511 2589 1570 2618 οἶδα
1593 2591 1746 2626 σεσασμίαν

956 2641 1006 2674 τὴν
1028 2639 1177 2674 δεξαμένην
1199 2639 1276 2671 Θεὸν,
1294 2639 1328 2665 δι’
1340 2636 1374 2674 ἧς
1397 2638 1535 2674 παρῆλθεν
1560 2640 1574 2665 ὀ
1600 2638 1655 2664 τῶν
1677 2637 1745 2664 ὅλων

956 2685 1104 2721 Δεσπότης,
1121 2685 1155 2712 δι’
1214 2685 1371 2721 ἀνέλαμψεν
1383 2686 1397 2711 ὸ
1411 2685 1463 2720 τῆς
1474 2684 1646 2719 δικαιοσύνης
1658 2684 1743 2718 ἣλιος.

955 2731 1039 2758 Πάλιν
1061 2731 1208 2758 ὑποπτεύω
1231 2731 1277 2757 τὸν
1302 2731 1399 2766 κρότον
1415 2738 1422 2746 ·
1448 2729 1507 2762 πῶς
1531 2730 1560 2756 τὸ
1589 2728 1744 2763 παρῆλθεν

954 2777 1097 2812 svaque-ts;
1112 2777 1161 2804 οὐκ
1181 2776 1289 2812 εἴρηταί
1306 2785 1351 2812 μοι
1372 2776 1413 2810 τὸ,
1432 2775 1598 2810 παρῆλθεν,
1612 2775 1674 2803 ἀντὶ
1684 2774 1741 2806 τοῦ,
