1883 3054
105 156 140 182 27
617 159 646 187 S.
668 159 804 188 CYRILLI
824 161 1057 192 ALEXANDRINl
1079 166 1239 197 AltClllEP.
1701 172 1739 198 28

106 214 177 249 quod
204 216 345 244 veritatem
375 217 525 246 divinorum
561 220 715 255 dogmntum
743 223 888 256 auferant,

968 226 995 252 ὗν
1010 227 1124 254 ἀνοσίων
1136 229 1282 264 αἰρετικῶν
1296 231 1471 266 ἐπιπλήττων
1485 234 1597 266 φωναῖς,
1614 233 1660 259 καὶ
1675 233 1740 259 κατ’

106 267 222 295 rtnnqne
236 270 338 296 vocem,
359 263 482 297 Πείρου-α,
496 265 586 292 multis
599 266 754 295 nominibus
769 276 889 300 accuses.

106 311 133 333 et
149 307 220 334 inter
233 311 331 335 uetera
348 313 475 343 tanquam
492 318 585 342 parum
599 318 702 345 verum,
718 318 799 346 atque
810 315 890 342 etiam

106 352 290 386 blasphematu
306 354 470 386 crimineris,
489 360 577 383 tamen
598 356 669 383 illam
685 360 836 386 concedere
854 364 890 394 te,

106 401 134 424 et
149 396 250 432 Virgini
268 406 319 425 non
333 399 452 427 invidere
470 401 553 434 diras,
577 402 598 428 si
623 403 664 430 cui
689 403 793 431 libitum
810 404 893 433 fuerit

107 450 166 469 eam
182 443 227 470 Dei
247 445 404 478 genitricem
429 452 536 473 vocare.
569 446 637 475 Num
667 456 731 484 ergo
760 451 892 479 concedes

108 489 188 515 etiam
206 489 308 517 insanis
328 490 386 518 Arii
409 493 607 526 sectatoribus,
632 498 661 521 ut
679 495 810 523 minorem
831 505 892 526 esse

108 533 188 562 Patre
203 534 300 562 Filium
315 536 416 570 dicant,
432 543 478 565 aut
492 538 551 566 aliis
566 545 690 568 naturam
705 543 790 570 sancti
805 543 891 578 Spiri-

109 584 175 606 uisa
188 579 277 607 divina
291 582 449 610 excellentia
468 584 677 619 dejicieutibus?
694 586 747 615 Sed
764 589 790 616 id
805 593 892 618 lacere

108 625 226 656 cavebis.
250 633 283 653 ac
307 627 328 654 si
355 629 417 662 quis
441 635 537 665 roget:
554 631 612 664 Qua
637 632 669 660 de
695 635 799 661 causa?
818 635 892 663 dices

107 674 315 706 prorsuszQuiu
333 682 423 703 vocem
447 677 556 712 impiam
580 687 631 707 non
653 681 785 709 sustineo.
809 682 892 718 Igitur

108 717 130 743 si
147 725 200 744 non
215 723 254 746 est
271 720 315 747 Dei
331 722 458 756 genitrix,
475 729 502 750 ct
518 724 553 750 ita
568 725 619 752 dici
634 727 770 760 concedis,
783 717 851 755 scito
867 734 891 758 te

109 762 250 798 reliquisse
265 766 417 800 veritatem,
432 774 459 796 et
479 777 575 803 parum
596 770 653 804 jam
672 780 766 801 curare
790 782 823 802 an
848 783 891 802 sa-

106 808 181 842 piens
192 817 251 838 esse
262 812 387 851 viilearis.
401 813 469 847 Quid
481 815 574 842 enim?
586 817 732 851 Elisabetb,
749 825 796 847 aut
811 821 890 848 aliam

106 859 203 882 certee
219 849 321 884 sanctis
337 859 505 893 mulieribus,
523 869 575 888 non
591 864 664 890 omni
682 866 830 892 reverenlia
848 867 889 894 di-

106 907 186 934 gnam
199 902 296 936 putas?
309 903 378 930 Num
394 905 476 939 igitur
490 907 511 932 si
532 907 575 934 cui
596 907 675 935 libeat
695 909 767 944 ipsas
782 919 890 946 quoque

108 945 153 972 Dei
167 947 311 980 genitrires
330 957 435 982 vocare.
456 951 526 978 banc
545 952 596 979 illis
611 954 816 988 appellationem
837 965 890 985 non

108 991 402 1029 invidebis?Eiittidem
422 1002 488 1032 pulo
509 1003 534 1025 te
557 1001 682 1028 omnibus
701 1003 788 1030 modis
813 1011 891 1038 repu-

106 1043 262 1072 gnaturum,
277 1049 308 1068 ac
319 1041 453 1070 dictarunt
467 1051 519 1071 non
533 1045 569 1072 ita
582 1053 611 1073 se
623 1046 679 1074 lmc
694 1047 805 1075 habere.
822 1049 889 1077 Nam

107 1091 270 1118 pepererunt
305 1087 357 1114 illa:
394 1094 504 1117 sanctos
533 1090 658 1119 homines
687 1094 816 1127 quidem,
842 1095 890 1123 sed

107 1136 186 1156 nemo
201 1137 293 1157 eorum
309 1133 454 1160 sei-nudum
482 1140 606 1163 naturam
634 1137 703 1165 Deus
721 1143 789 1166 erat.
822 1140 891 1175 Ergo

108 1174 186 1209 hujus
211 1176 284 1203 vocis
318 1186 394 1205 tlSlllll
429 1185 475 1207 aut
504 1181 538 1208 ab
578 1184 707 1212 omnibus
736 1186 893 1214 mulieribus

107 1227 213 1254 amove,
228 1228 273 1249 aut
294 1224 315 1250 si
341 1225 390 1251 soli
413 1231 511 1259 praeter
533 1233 646 1256 (deletas
667 1230 767 1258 habere
791 1239 891 1260 sancta!

108 1265 211 1300 Virgini
227 1269 372 1302 permittis,
387 1278 467 1304 quam
481 1271 577 1300 aﬂ'eres
599 1273 624 1299 in
642 1276 828 1308 respondendo
848 1285 892 1304 ra-

108 1311 228 1340 tionem?
241 1313 307 1340 Nam
330 1316 352 1341 si
369 1323 431 1343 vere
447 1318 479 1344 de
492 1325 524 1345 ea
541 1319 639 1346 dicitur
658 1320 708 1348 hoc
726 1323 848 1355 verbum,
864 1329 892 1351 et

107 1364 171 1385 vere
186 1359 268 1387 Deum
282 1361 382 1396 genuit,
398 1362 483 1397 ipsum
500 1365 625 1392 nimirum
643 1366 688 1394 Dei
703 1368 818 1396 Verbum
835 1377 892 1396 car-

108 1411 168 1431 nem
196 1405 294 1433 factum
318 1408 446 1436 conﬁtere
475 1411 625 1443 nobiscum,
661 1418 687 1440 et
706 1418 732 1440 le
755 1415 840 1449 ipsum
858 1416 898 1443 alr

108 1450 254 1485 impietatis
269 1453 381 1481 crimine
398 1454 532 1483 liberabis.
548 1456 594 1484 Sin
611 1464 699 1485 autem
718 1460 761 1486 illa
780 1461 891 1489 minime

108 1495 191 1523 Deum
204 1499 305 1531 genuit,
322 1507 374 1526 nou
392 1500 464 1527 aliud
478 1507 518 1528 est
530 1503 686 1536 permittere
706 1506 841 1533 nonnullis
863 1512 892 1534 ιιι

107 1549 167 1569 eam
186 1542 230 1570 Dei
248 1545 409 1578 genitricem
421 1553 526 1580 vocent,
545 1557 624 1584 quam
646 1557 706 1577 cum
729 1551 781 1579 illis
804 1553 892 1580 socie-

108 1591 190 1614 tatem
216 1588 360 1624 impietatis
381 1592 458 1620 inire.
476 1593 529 1620 Sed
552 1600 594 1622 cst
622 1595 664 1622 illa
692 1591 738 1623 Dei
762 1599 890 1632 genitrix,
905 1583 927 1612 ε

108 1633 170 1668 quia
182 1633 268 1662 factus
280 1640 319 1663 est
341 1637 421 1665 bomo
434 1641 518 1666 nostri
537 1640 632 1668 similis
653 1642 696 1670 ille
713 1643 891 1678 Unigeuilus,

112 1680 163 1715 12
175 1681 250 1708 carni
264 1684 408 1710 secundum
427 1686 566 1713 veritatem
582 1688 682 1720 uuitns,
697 1695 724 1716 et
735 1698 891 1725 corpoream

108 1727 307 1760 generationem
336 1730 427 1762 subiit,
442 1737 469 1758 et
495 1737 592 1760 nostrae
615 1735 803 1771 naturmleges
821 1737 893 1765 baud

110 1771 237 1807 neglexit,
252 1778 281 1801 ut
295 1775 374 1809 paulo
389 1781 452 1803 ante
469 1777 534 1805 dixi.

143 1818 196 1845 Sed
210 1819 271 1854 quia
285 1821 354 1848 scire
366 1830 395 1850 se
418 1824 455 1850 ait
469 1827 649 1854 venerandam
671 1835 731 1855 esse
751 1837 809 1856 eam
823 1850 835 1862 γ
852 1830 893 1858 ni-

109 1863 206 1891 mirum
221 1872 342 1894 sanctam
360 1867 508 1904 Virginem,
516 1872 640 1906 agedum,
657 1874 832 1909 inspiciamus
846 1876 893 1904 de-

109 1909 173 1937 bitze
187 1910 224 1938 illi
241 1914 397 1941 reverentia:
414 1923 511 1944 causas
526 1925 533 1943 :
552 1917 637 1952 [Seio,
652 1919 747 1954 inquit,
762 1929 897 1950 veneran-

109 1953 170 1981 dam
186 1962 248 1983 esse
264 1956 348 1990 illam,
370 1967 418 1993 per
441 1968 520 1994 quam
546 1963 590 1990 ille
618 1953 737 1993 omnium
765 1967 893 1997 Dominus

108 2003 274 2034 pertransiit,
286 2011 332 2038 per
349 2012 428 2038 quam
441 2007 541 2034 elfulsit
558 2009 600 2037 ille
613 2011 652 2037 sol
663 2011 799 2049 justitize.]
819 2015 890 2048 Quo-

109 2047 189 2073 modo
204 2047 285 2081 igitur
299 2050 340 2076 ais
356 2051 436 2079 Deum
457 2054 490 2080 ab
505 2062 535 2080 ea
559 2058 736 2089 susceptum?
757 2061 893 2092 qtiomodo

108 2091 191 2118 etiam
212 2101 260 2128 per
278 2094 348 2122 illaut
369 2100 525 2130 pertransiit
545 2101 588 2127 ille
606 2103 725 2129 omnium
747 2104 893 2134 Dominus?

109 2142 156 2165 aut
168 2141 303 2173 quomodo
314 2142 413 2170 cil'ulsil
429 2144 470 2172 ille
483 2146 522 2172 sol
535 2146 666 2181 justitite?
679 2148 744 2176 Nam
767 2151 788 2177 si
810 2151 891 2179 Deum

111 2182 182 2210 haud
197 2186 309 2220 peperit,
325 2190 471 2216 secundum
489 2199 598 2219 carnem
613 2193 732 2228 inquam,
757 2197 892 2231 quomodo

946 269 1040 296 οὐδένα
1063 271 1164 306 τρόπον
1178 273 1263 306 ἐφιεὶς
1285 274 1385 309 ἰσχύειν
1411 275 1504 308 αὐτὰς,
1528 276 1638 303 ὅτιτῶν
1655 278 1738 304 θείων

945 314 1089 350 δογμάτων
1105 318 1301 354 παραιροῦνται
1314 320 1352 353 (1)
1368 320 1398 346 τὸ
1411 321 1518 355 ἀληθὲς,
1531 319 1588 348 εἶτα
1602 322 1650 356 τὴν
1666 324 1736 349 Θεο-

947 362 1034 394 τόκος
1049 363 1139 398 φωνὴν
1154 364 1202 390 οὐκ
1219 364 1247 390 ὲν
1257 364 1362 399 ὀλίγαις
1377 366 1462 398 τιθεὶς
1478 368 1589 400 αἰτίαις,
1605 369 1651 395 καὶ
1666 369 1734 404 ὁμοῦ

946 407 1005 437 ταῖς
1019 407 1112 439 ἄλλαις
1129 410 1311 444 γραφόμενος,
1334 410 1371 442 ὼς
1385 412 1435 438 οὐκ
1447 412 1554 447 ἀληθῶς
1568 414 1614 440 καὶ
1631 413 1735 450 δύσφη-

948 459 1007 485 μον,
1029 453 1178 487 συγχωρεῖν
1200 453 1267 489 ἔφης
1289 454 1335 481 καὶ
1353 455 1383 481 οὐ
1403 455 1510 489 φθονεῖν
1533 457 1566 492 τῇ
1588 457 1732 492 Παρθένῳ.

946 496 996 523 κᾶν
1010 498 1033 523 εὶ
1053 497 1139 524 ἓλοιτό
1156 507 1197 530 τις
1213 499 1300 526 εἰπεῖν
1317 500 1448 528 Θεοτόκον
1462 502 1557 537 αὐτήν.
1578 502 1673 538 Ἐφίης
1685 502 1733 530 οὖν

945 543 999 578 ἄρα
1014 544 1061 570 καὶ
1077 545 1133 576 τοῖς
1143 544 1192 579 τὴν
1210 545 1314 582 Ἀρείου
1334 547 1440 574 νοσοῦσι
1458 548 1567 582 μανίαν,
1580 549 1608 575 ὲν
1628 549 1733 584 μείοσιν

945 586 1014 615 εἶναι
1028 588 1118 623 λέγειν
1132 590 1179 617 τοῦ
1199 591 1305 626 Πατρὺς
1327 592 1372 618 τὸν
1388 592 1468 626 Υἱδν,
1487 593 1503 628 ἧ
1523 593 1590 628 γοῦν
1611 596 1668 626 τοῖς
1684 595 1733 622 ἄ.)-

945 635 1018 666 λοις,
1041 635 1067 662 οἳ
1089 635 1138 670 τὴν
1159 636 1206 663 τοῦ
1229 637 1307 671 ἁγίου
1337 638 1495 674 Πνεύματος
1515 641 1731 676 κατακομίζουσι

945 681 1026 715 φύσιν
1041 681 1089 715 τῆς
1109 681 1276 718 θεοπρεποῦς
1293 683 1446 720 ὑπεροχῆς;
1466 685 1535 712 Ἀλλ’
1547 686 1596 712 οὐκ
1611 686 1645 713 ἂν
1662 686 1732 714 ἓλοιο

944 727 1022 754 τοῦτο
1036 728 1111 764 δρᾷ-ι,
1128 729 1178 755 κᾶν
1194 730 1272 762 εἴτις
1294 731 1380 757 ἐθέλοι
1393 731 1442 767 τὴν
1460 732 1549 759 αἰτίαν
1568 733 1730 768 ἀναμαθεῖν,

945 773 1017 808 ἐρεῖς
1031 774 1121 809 δήπου
1132 776 1250 807 πάντως·
1259 777 1321 803 Ὅτι
1329 779 1420 813 φωνῆς
1431 779 1481 805 οὐκ
1490 779 1621 815 ἀνέχομαι
1637 779 1732 807 δυσσε-

944 819 1018 850 ϐοῦς.
1031 820 1134 847 Οὐκοῦν
1155 823 1180 848 εἰ
1198 823 1234 858 μή
1251 823 1308 849 ἐστι
1323 823 1463 856 Θεοτόκος,
1478 823 1536 851 εἶτα
1557 825 1634 852 τοῦτο
1654 825 1732 860 λέγε-

946 865 1007 892 σοαι
1032 868 1199 902 συγχωρεῖς,
1225 868 1278 894 ἴσθι
1298 867 1431 901 λελοιπὼς
1453 870 1502 905 τὴν
1521 870 1660 906 ἀλήθειαν,
1686 872 1733 898 καὶ

906 906 926 933 Β
942 911 1047 947 σμικρὰ
1071 911 1222 947 φροντίζων
1245 912 1285 939 ἔτι
1311 913 1358 940 τοῦ
1383 913 1472 941 δοκεῖν
1497 912 1567 942 εἶναι
1585 916 1676 950 σοφός.
1694 917 1743 943 Ἦ>

941 956 996 991 γὰρ
1008 956 1067 991 οὐχὶ
1082 958 1129 983 καὶ
1139 957 1188 992 τὴν
1204 957 1354 991 Ἐλισάὸετ,
1368 959 1452 994 ἤγουν
1465 959 1563 995 ἑτέραν
1576 960 1733 995 τῶν.ἁγίων

941 1002 1076 1035 γυναικῶν
1093 1001 1184 1033 αἰδοῦς
1209 1003 1318 1038 ἁπάσης
1339 1004 1417 1037 ἀξίαν
1435 1002 1505 1032 εἶναι
1524 1006 1595 1041 φής;
1609 1004 1672 1043 Ἆρ’
1685 1005 1732 1034 οὖν

941 1048 972 1074 οὐ
989 1048 1149 1083 φθονήσεις,
1168 1050 1193 1075 εί
1215 1049 1246 1085 δή
1261 1058 1303 1082 τις
1324 1049 1411 1077 ἕλοιτο
1425 1050 1566 1084 θεοτόκους
1583 1052 1630 1079 καὶ
1646 1052 1733 1085 αὑτὰς

942 1096 1045 1127 εἰπεῖν;
1068 1095 1148 1128 Ἀλλ’,
1167 1093 1254 1130 οἶμαι,
1275 1096 1363 1130 πάντη
1380 1105 1411 1123 τε
1427 1097 1474 1124 καὶ
1493 1098 1602 1130 πάντως
1617 1099 1733 1126 ἀντανα-

944 1142 1039 1178 στήσῃ,
1060 1141 1161 1175 λέγων’
1179 1142 1234 1177 Οὐχ
1249 1142 1321 1169 οὕτω
1345 1142 1422 1170 ταῦτ’
1438 1143 1513 1178 ἔχει’
1533 1144 1659 1171 τετόκασι
1677 1145 1732 1180 γὰρ

941 1187 1101 1223 ἀνθρώπους
1113 1188 1307 1223 ἠγιασμένους,
1319 1188 1366 1215 καὶ
1376 1186 1410 1223 ἦν
1421 1189 1450 1215 ὲν
1459 1188 1574 1220 ἐκείνοις
1584 1189 1650 1221 Θεὸς
1661 1190 1734 1217 κατὰ

942 1234 1022 1269 φύσιν
1041 1234 1138 1266 οὐδείς.
1162 1233 1266 1261 Οὐκοῦν
1283 1234 1299 1269 ἦ
1323 1234 1450 1268 γυναικὸς
1476 1234 1584 1270 ἁπάσης
1602 1235 1732 1262 ἀποσόὸει

941 1280 972 1307 τὸ
994 1281 1098 1316 χρῆμα,
1112 1281 1196 1315 ἤγουν
1210 1280 1282 1316 ἔχειν
1302 1280 1389 1315 ἐφιεὶς
1409 1281 1476 1316 μόνῃ
1495 1281 1572 1317 παρὰ
1588 1281 1678 1313 πασας
1697 1283 1731 1317 τῇ

942 1327 1008 1363 ἁγίᾳ
1026 1326 1167 1364 Παρθένῳ,
1185 1327 1272 1359 ποίοις
1287 1325 1341 1363 ἄρα
1357 1328 1480 1363 κεχρήσῃ
1496 1328 1585 1362 λόγοις
1603 1329 1643 1360 εὶς
1655 1329 1728 1355 ’ἀποο

941 1373 1050 1408 λογίανς
1073 1374 1104 1400 Εἰ
1122 1374 1171 1408 μὲν
1188 1373 1242 1408 γὰρ
1266 1373 1364 1408 ἀληθὲς
1380 1374 1424 1400 ἐπ’
1446 1374 1514 1409 αὐτῇ
1531 1374 1562 1400 τὸ
1580 1374 1666 1410 ῥῆμα,
1684 1375 1732 1401 καὶ

942 1419 1008 1445 Θεὸν
1032 1419 1140 1445 τέτοκεν
1166 1418 1284 1454 ἀληθῶς,
1307 1418 1344 1450 ὡς
1370 1419 1459 1454 σάρκα
1484 1418 1614 1452 γεγονότα
1631 1418 1675 1445 τὸν
1698 1419 1731 1445 ὲκ

941 1464 1008 1491 Θεοῦ
1019 1464 1116 1498 Λόγον,
1128 1464 1254 1499 ὁμολόγει
1265 1464 1315 1490 σὺν
1327 1464 1402 1500 ἡμῖν,
1417 1463 1463 1490 καὶ
1477 1463 1642 1497 ἀπαλλάξεις
1655 1472 1732 1490 σεαυ-

942 1510 987 1537 τὸν
1007 1510 1114 1541 τῶνεὶς
1133 1509 1292 1536 δυσσέϐειαν
1314 1509 1511 1545 ἐγκλημάτων·
1528 1509 1594 1536 εἰδὲ
1615 1509 1683 1536 Θεὸν
1698 1509 1730 1536 οὐ

941 1556 1046 1588 τέτοκε,
1061 1555 1091 1582 τδ
1112 1557 1216 1590 ἐφεῖναι
1230 1556 1319 1590 λέγειν
1337 1558 1392 1582 τισὶ
1408 1556 1539 1583 Θεοτόκον
1556 1555 1651 1591 αὐτὴν,
1673 1565 1731 1582 κοι-

943 1603 1110 1629 νωνεῖν-ἐστι
1121 1602 1172 1637 τῆς
1185 1602 1344 1634 δυσσεὸείας
1357 1602 1458 1634 αὐτοῖς.
1477 1602 1546 1628 Ἀλλ’
1564 1602 1622 1628 ἐστι
1636 1602 1732 1629 Θεοτό-

944 1656 1000 1679 me,
1016 1648 1056 1674 ὅτι
1076 1647 1186 1682 γέγονεν
1205 1647 1348 1683 ἅνθρωπος
1365 1648 1427 1674 καθ’
1441 1648 1515 1683 ἡμᾶς
1529 1648 1543 1673 ὁ
1557 1647 1712 1682 Μονογενὴς
1723 1668 1731 1679 ,

945 1694 1028 1729 σαρκὶ
1042 1694 1112 1720 κατὰ
1126 1692 1255 1728 ἀλήθειαν
1270 1693 1419 1729 ἡνωμένος,
1432 1694 1477 1720 καὶ
1496 1693 1653 1729 σωματικὴν
1666 1693 1732 1719 ὑπο-

945 1737 1040 1772 μείνας
1054 1738 1190 1773 γέννησιν,
1207 1739 1253 1766 καὶ
1268 1739 1330 1770 τοὺς
1345 1739 1395 1773 τῆς
1411 1739 1547 1774 ἡμετέρας
1563 1738 1668 1773 φύσεως
1681 1739 1733 1766 οὐκ

943 1783 1080 1818 ἀτιμάσας
1096 1784 1205 1819 νόμους,
1220 1784 1346 1819 καθάπερ
1362 1784 1412 1819 ἤδη
1431 1785 1571 1820 προεῖπον.

985 1829 1093 1865 Ἐπειδὴ
1107 1829 1136 1856 δέ
1155 1838 1237 1865 φησιν
1257 1830 1354 1856 εἰδέναι
1373 1829 1523 1864 σεϐασμὶαν
1541 1830 1635 1864 αὐτὴν,
1652 1830 1730 1864 δῆλον

943 1875 971 1902 δὲ
982 1876 1022 1902 ὅτι
1036 1875 1085 1909 τὴν
1100 1876 1180 1909 ἁγίαν
1196 1875 1344 1911 Παρθένον,
1359 1875 1424 1910 φέρε
1439 1875 1482 1910 δὴ,
1501 1875 1577 1911 φέρε,
1594 1875 1730 1910 καταθρή-

945 1930 1034 1957 σωμεν
1054 1922 1102 1948 καὶ
1118 1922 1172 1958 ,τῆς
1189 1922 1232 1948 ἐπ’
1253 1922 1321 1956 αὐτῇ
1345 1922 1493 1956 γενομένης
1518 1921 1607 1953 αἰδοῦς
1628 1922 1728 1952 αἰτίας.

945 1965 1021 2003 [Οἶδα
1034 1969 1098 2002 γὰρ,
1114 1968 1190 2002 φησὶ,
1209 1967 1361 2002 σεϐασμίαν
1381 1967 1475 2002 αὐτὴν,
1488 1968 1523 1993 δι’
1539 1965 1572 2002 ἦς
1592 1967 1731 2002 παρῆλθεν

943 2015 957 2039 ο
971 2013 1024 2040 τῶν
1036 2014 1104 2040 ὅλων
1118 2014 1266 2048 Δεσπότης,
1279 2014 1312 2040 δι’
1325 2011 1358 2049 ἧς
1374 2012 1530 2048 ἀνέλαμψεν
1540 2014 1553 2039 ὁ
1566 2013 1614 2048 τῆς
1629 2013 1731 2039 δικαίας

944 2060 1027 2095 σύνης
1043 2060 1158 2096 “¹Ι[λιος.]
1175 2061 1236 2092 Πῶς
1259 2060 1291 2096 δὴ
1313 2061 1366 2095 ἄρα
1388 2061 1440 2095 φὴς
1466 2060 1644 2094 ὑποδέχεσθαι
1665 2060 1731 2086 Θεὸν

943 2105 1045 2140 αὐτήν;
1058 2106 1091 2132 Ἢ
1107 2106 1167 2132 τίνα
1181 2106 1302 2141 παρῆλθε
1316 2106 1415 2140 τρόπον
1428 2106 1462 2132 δι’
1474 2105 1558 2139 αὐτῆς
1570 2106 1584 2132 ό
1597 2105 1651 2132 τῶν
1663 2105 1731 2131 ὅλων

944 2151 1096 2185 Δεσπότης;
1110 2150 1127 2186 ῆ
1143 2150 1189 2177 καὶ
1203 2151 1277 2182 ὅπως
1293 2150 1448 2185 ἀνέλαμψεν
1463 2151 1478 2176 ὁ
1492 2151 1542 2185 τῆς
1558 2149 1730 2184 δικαιοσύνης

944 2195 1055 2227 Ἧλιος;
1072 2196 1104 2222 Et
1120 2196 1169 2230 μὲν
1185 2196 1239 2231 γὰρ
1250 2197 1280 2222 οὐ
1295 2196 1388 2223 τέτοκε
1402 2195 1478 2228 Θεὸν,
1492 2196 1521 2222 τὸ
1538 2195 1608 2222 κατὰ
1629 2196 1729 2230 σάρκα,

111 2229 194 2263 igitur
204 2233 308 2266 excepit
329 2234 410 2262 Deum
423 2236 434 2262 ?
455 2238 589 2272 quomodo
603 2247 650 2273 per
665 2240 737 2267 illam
755 2229 889 2275 pertrans-

968 2242 1026 2276 ημὶ.
1048 2241 1105 2273 πῶς
1121 2229 1236 2274 ἐδέξατο
1253 2242 1336 2277 Θεόν;
1356 2241 1414 2272 πῶς
1435 2241 1559 2277 ¹ιτοιρῆλοε
1577 2242 1610 2268 δι’
1625 2241 1730 2276 αὐτῆς

110 2275 157 2302 iit?
171 2277 222 2304 Sed
241 2277 356 2307 fortasse
376 2281 449 2309 dices
476 2283 540 2310 illud
563 2289 638 2312 tuum
668 2291 695 2313 et
720 2287 828 2322 sapiens
850 2297 892 2315 re-

109 2327 247 2355 sponsum,
265 2328 293 2351 ut
310 2324 366 2360 ipse
395 2333 484 2360 putas,
509 2337 540 2356 ac
572 2330 662 2358 dicere
685 2340 736 2358 non
767 2336 890 2361 vereris:

109 2365 192 2402 [Deus
202 2369 275 2396 enim
292 2375 351 2397 erat
368 2371 496 2405 Verbum,
519 2380 545 2401 et
559 2384 618 2401 rum
643 2377 750 2410 homine
777 2380 889 2413 t'onjttn-

109 2417 194 2447 ctum,
208 2419 235 2441 et
254 2416 279 2443 in
304 2424 336 2443 co
367 2418 513 2455 babitans.]
538 2420 590 2447 Sed
620 2422 680 2449 fidei
703 2424 812 2451 traditio
839 2426 891 2453 tuis

109 2458 160 2486 bac
178 2460 210 2488 de
226 2469 254 2489 re
269 2463 358 2490 Verbis
373 2471 515 2498 repugnat.
532 2466 587 2493 Non
600 2467 671 2494 enim
690 2468 826 2496 Deil‘ermn
844 2472 892 2497 bo-

109 2506 220 2538 Inincm,
235 2509 282 2534 sed
299 2508 472 2536 hmnanalntn
489 2511 570 2538 Dcttm
592 2512 705 2540 adorare
728 2514 869 2544 didicimus
883 2525 889 2543 :

111 2555 137 2577 tu
153 2558 216 2578 vero
231 2552 309 2579 aliter
321 2554 398 2581 dicis.
416 2555 516 2583 Deinde
528 2558 661 2590 quomodo
678 2563 703 2585 te
721 2561 814 2594 nugari
838 2570 889 2588 non

109 2597 238 2630 advenis,
255 2604 281 2624 el
294 2600 445 2628 divinorum
460 2604 614 2636 dogmatum
631 2604 772 2631 veritatem
785 2606 888 2633 adulle-

111 2643 193 2669 rare?
218 2643 283 2671 Nam
310 2644 426 2673 Verbum
447 2656 510 2675 caro
536 2648 633 2675 lactant
659 2650 746 2678 est“.
765 2650 824 2678 Jum
844 2661 892 2679 cur

146 2703 166 2718 δ’
185 2702 263 2730 Joan.
281 2712 300 2735 ι,
322 2705 360 2731 Η.

951 2286 1019 2312 Ἀλλ’
1034 2287 1098 2319 ἴσως
1114 2288 1185 2322 ἐρεῖς
1201 2287 1231 2313 τὸ
1245 2287 1290 2314 σὸν
1302 2288 1333 2323 δὴ
1347 2287 1425 2314 τοῦσο
1440 2288 1487 2314 καὶ
1508 2288 1599 2322 σοφὸν,
1614 2287 1652 2319 ὡς
1666 2288 1730 2321 γοῦν

939 2333 995 2363 οἴει
1010 2341 1040 2358 τε
1055 2333 1101 2359 καὶ
1116 2332 1205 2366 λέγειν
1220 2333 1374 2368 ἀποτολμᾷς
1384 2341 1390 2348 ”
1406 2333 1483 2369 [Θεὸς
1494 2333 1547 2369 γὰρ
1562 2331 1594 2369 ἦν
1607 2334 1621 2360 ὀ
1634 2333 1729 2367 Λόγος,

945 2380 1080 2415 ἀνθρώπῳ
1097 2388 1127 2406 τε
1145 2380 1326 2415 συνημμένος,
1348 2380 1394 2407 καὶ
1410 2380 1521 2407 ένοικῶν
1545 2378 1642 2415 αὐτῷ]
1659 2379 1730 2405 Ἀλλ’

944 2427 995 2462 ἥγε
1010 2426 1059 2460 τῆς
1079 2427 1195 2458 πίστεως
1212 2426 1358 2461 παράδοσις
1373 2427 1429 2457 τοῖς
1452 2427 1491 2457 είς
1505 2426 1584 2452 τοῦτο
1598 2426 1654 2456 σοῖς
1668 2425 1732 2451 ἀντ-

943 2472 1087 2499 αποδύεται
1100 2472 1189 2506 λόγοις
1200 2480 1206 2487 ·
1222 2472 1251 2498 οὐ
1271 2471 1325 2507 γὰρ
1340 2471 1468 2506 θεοφόρον
1495 2471 1650 2506 ἄνθρωπον,
1672 2470 1730 2496 ἀλλ’

942 2518 1189 2552 ἐνανορωπήσαντα
1204 2518 1269 2544 Θεὸν
1294 2519 1457 2553 προσκυνεῖν
1481 2516 1676 2551 δεδιδάγμεϐα·
1698 2517 1730 2542 σὺ

941 2562 968 2588 δὲ
985 2563 1033 2596 οὐχ
1055 2562 1126 2589 οὕτω
1142 2563 1204 2598 φής.
1219 2561 1286 2590 Ehe.
1299 2564 1358 2594 πῶς
1379 2563 1428 2589 οὐκ
1441 2563 1556 2598 αἰσθάνῃ
1571 2562 1671 2597 ληρῶν,
1685 2561 1732 2587 καὶ

942 2609 992 2642 τὴν
1007 2609 1035 2633 ὲν
1051 2609 1106 2640 τοῖς
1119 2608 1201 2641 θείοις
1215 2609 1333 2643 δόγμασι
1351 2609 1570 2645 παραχαράττων
1584 2607 1729 2642 ἀλήθειανς

946 2653 1043 2688 Γέγονε
1063 2654 1116 2690 γὰρ
1135 2654 1201 2689 σὰρξ
1214 2655 1227 2680 ὁ
1241 2655 1335 2688 Λόγος.
1355 2655 1424 2681 Ἀνθ⁹
1437 2655 1498 2681 ὅτου
1513 2654 1542 2680 δὲ
1557 2653 1590 2690 δὴ
1603 2654 1650 2680 καὶ
1664 2652 1731 2679 Θεὸν

744 2763 822 2790 ANT.
846 2765 982 2794 AGELLII
1003 2767 1117 2796 NOTAE.

145 2829 184 2863 (l)
201 2829 250 2856 Alii
276 2829 337 2857 libri
358 2830 503 2871 habebant.
525 2831 730 2865 παραιτοῦνται.
755 2832 807 2860 Sed
828 2833 893 2861 illud
912 2836 1001 2864 verius
1035 2843 1094 2864 esse
1109 2836 1280 2865 manifestum
1310 2840 1350 2864 est
1367 2837 1438 2871 quod
1459 2840 1500 2863 est
1511 2837 1686 2871 impressum,
1703 2839 1732 2863 et

110 2871 142 2891 ex
157 2866 363 2892 corrcctioxibus
378 2865 452 2892 libris
466 2869 615 2900 acceptum.
