1883 3054
123 164 159 191 55
653 161 682 189 S.
703 160 840 188 (lYlllle
858 159 1090 188 ALEXANDRINI
1108 159 1270 189 ARCIIIEP.
1719 157 1757 189 36

123 220 216 248 fasciis
233 218 419 254 corporalibus
432 223 503 253 eget,
524 217 569 246 ltic
584 217 629 252 qui
648 219 795 244 secundum
819 216 866 244 visi

1014 225 1073 250 φος,
1093 217 1172 243 τοῦτο
1189 218 1220 244 τὺ
1236 218 1470 253 καταφαινόμενον
1485 217 1651 254 πρόσφατον,
1673 217 1755 244 τοῦτο

123 267 175 293 lem
193 266 339 293 essentiam
366 269 489 291 recenter
510 271 553 290 est
571 263 673 295 editus,
699 262 785 290 Filius
803 268 856 296 est,
881 269 910 291 ut

123 313 264 346 Scriptura
282 311 370 342 docet,
393 315 519 340 teter-nus.
544 308 630 336 Filius
651 309 838 336 universorum
852 309 912 345 opi-

123 360 177 390 fex,
195 357 280 384 Filius
294 358 339 391 qui
355 364 410 383 sua:
425 356 483 390 opis
497 355 589 382 fasciis
622 355 809 383 dissolubilem
833 364 911 384 crea-

122 409 319 431 tnrtenaturant
333 402 468 436 astringit.
482 411 491 427 ›
504 401 537 428 Et
545 401 608 428 alibi
624 409 717 429 rursus
732 413 737 429 :
754 411 764 427 ι
777 401 811 429 Ει
822 402 911 430 infans

122 451 194 477 enim
208 450 277 477 Deus
291 454 333 475 est
352 448 435 474 libera
457 452 604 482 potestate:
619 452 721 474 tantum
735 448 821 479 abest.
836 447 909 482 Arie,

123 503 151 523 ιιι
172 497 241 523 Deus
258 495 376 522 Verbum
398 493 432 520 sit
445 493 496 520 sub
512 492 558 519 Dei
573 496 717 526 potestate.
735 503 744 518 ι
764 493 791 520 111
814 493 912 528 quibus

123 542 212 568 verbis
225 541 397 574 conjuncluut
414 545 521 573 quoque
535 545 632 572 corpus
647 539 729 565 Deum
752 539 909 573 appellavit.

123 588 155 613 lit
177 594 271 614 rursus
288 595 295 612 :
315 595 324 611 ‹
341 585 468 612 Novintus
485 592 549 619 ergo
577 585 774 612 humanitatem
801 585 911 612 infantis

122 642 154 659 ac
181 632 362 663 divinitatem,
394 630 534 658 filialionis
557 631 689 658 unitatetn
714 639 854 659 servamus
883 632 910 658 in

80 678 84 682 ”
124 676 477 711 Deitatislmmanilalisque
488 681 596 704 natura.
617 686 626 702 ι
643 677 712 704 ECCe
728 676 783 711 jam
801 677 911 705 disertis

123 724 221 755 verbis,
240 722 369 750 infantem
381 722 579 757 recenlt’mIqui
593 723 707 755 videtur,
722 730 781 750 mox
797 723 909 756 editum,

123 770 214 796 fasciis
239 769 399 800 involutum,
426 767 523 795 Filium
550 776 610 796 esse
641 768 746 800 faleris,
763 769 912 796 etuniver-

122 824 214 842 sornm
230 815 366 849 opiﬁcem.
381 814 458 842 llnnc
481 822 545 841 vero
561 814 693 842 infantem
715 816 791 842 nobis
817 820 910 842 sancta

124 861 206 895 Virgo
221 861 334 895 peperit.
352 859 426 887 Nosti
458 859 540 894 igitur
554 865 628 886 certe
655 860 736 887 Detnn
762 861 910 887 secundum

962 263 993 289 τὸ
1006 265 1170 298 σπαργάνων
1184 264 1347 299 σωματικῶν
1360 264 1466 299 ὁεηθὲν,
1480 265 1559 291 τοῦτο
1574 265 1605 291 τὸ
1621 265 1692 291 κατὰ
1704 266 1756 299 τὴν

961 309 1104 345 ὁρωμένην
1121 310 1214 336 οὐσίαν
1230 310 1381 345 ἀρτίτοκον,
1401 311 1473 342 Υἱὸς,
1493 310 1563 337 κατὰ
1577 309 1608 336 τὺ
1625 319 1753 346 γεγραμ-

961 356 1057 391 μένον,
1081 355 1204 388 αἰώνιος·
1231 356 1295 388 Υἱὸς
1321 356 1375 383 τῶν
1395 357 1463 382 ὅλων
1482 353 1663 392 δημιουργός·
1689 356 1755 387 Υἱὸς

961 403 1018 434 τοῖς
1038 401 1089 437 τῆς
1110 402 1178 434 ίδίας
1203 401 1328 438 βοηθείας
1345 401 1513 438 σπαργάνοις
1526 402 1556 429 τὺ
1570 402 1621 436 τῆς
1636 399 1753 433 κτίσεως

962 448 1117 474 εὐδιάλυτον
1134 448 1283 482 σφίγγων.»
1299 448 1354 476 Καὶ
1369 450 1397 475 ὲν
1415 447 1519 484 ἑτέροις
1533 448 1562 474 δὲ
1580 445 1671 474 πάλιν
1684 447 1757 474 «Καὶ

961 495 992 521 τὸ
1012 493 1111 529 βρέφος
1134 494 1188 529 γὰρ
1209 494 1274 525 Θεὸς
1293 493 1481 526 αὺτεξούσιος·
1498 493 1625 521 τοσοῦτον
1647 494 1662 520 6
1686 492 1754 524 Θεὸς

962 539 1047 574 Λόγος
1060 539 1106 565 τοῦ
1119 538 1187 566 Θεοῦ
1205 538 1362 571 ὑπεξούσιος
1376 537 1444 565 εἶναι
1461 539 1613 574 διέστηκεν,
1629 538 1751 573 ’Δρειεη

962 585 1001 612 Δι’
1015 582 1053 612 ὧν
1071 586 1118 612 καὶ
1129 585 1160 612 τὺ
1175 585 1346 620 συνημμένον
1359 585 1438 620 σῶμα
1452 585 1518 611 Θεδν
1531 584 1753 620 προσηγόρευσε.

963 631 1018 658 Καὶ
1037 631 1136 658 πάλιν·
1160 641 1169 656 t
1184 631 1357 667 Γνωρίςομεν
1373 631 1463 657 τοίνυν
1487 630 1536 666 τὴν
1553 630 1755 666 ἀνθρωπότητα.

962 677 1007 704 τοῦ
1029 678 1146 714 βρέφους
1172 679 1219 705 καὶ
1233 678 1282 713 τὴν
1305 678 1421 713 Θεότητα
1432 685 1439 692 ”
1456 677 1487 703 τὸ
1499 678 1548 713 τῆς
1564 676 1686 711 υίότητος
1702 684 1753 711 τη·

963 723 1064 758 ροῦμεν
1089 723 1231 758 μοναδικὺν
1260 724 1290 750 ὲν
1313 723 1522 759 ἀνθρωπότητος
1549 720 1598 749 καὶ
1625 721 1754 757 θεότητος

963 769 1069 804 φύσει.»
1080 769 1145 796 Ἰδοὺ
1160 769 1191 804 δὴ
1207 770 1253 795 καὶ
1269 769 1340 804 μάλα
1354 768 1448 803 σαφῶς
1460 768 1490 795 τδ
1507 767 1607 803 βρέφος
1623 766 1654 794 τὸ
1668 764 1754 802 πρόσ-

963 824 1057 850 φατον,
1079 816 1110 842 τὺ
1134 815 1281 851 ὁρώμενον,
1305 815 1336 841 τδ
1352 815 1505 850 ἀρτίτοκον,
1523 814 1553 841 τὸ
1572 815 1753 849 ἐσπαργανω-

966 862 1055 896 μένον,
1075 861 1138 887 Υἰον
1163 859 1231 888 εἶναι
1252 861 1315 896 φὴς,
1332 861 1380 887 καὶ
1402 860 1457 886 τῶν
1483 859 1551 886 ὅλων
1575 859 1751 895 δημιουργόν.

123 913 232 932 carnem
258 906 390 940 genitum,
403 905 483 940 idque
495 913 526 932 ex
541 905 671 933 divinitus
686 905 816 940 inspirata.
835 906 866 933 Sc

1009 915 1063 933 ῑοκε
1086 907 1113 933 δὲ
1137 907 1167 933 τὸ
1187 907 1285 942 βρέφος
1307 907 1372 942 ἡμῖν
1388 907 1404 942 ὴ
1423 906 1487 940 ἁγία
1503 905 1649 940 Παρθένος.
1666 902 1752 931 Οἶσθα

123 956 200 986 plura
216 951 347 978 didicisti.
361 951 428 983 Quis
446 951 518 977 enim
544 951 710 986 exeogitetur
723 951 909 979 universorum

121 998 222 1032 opifex.
248 997 298 1023 nisi
327 997 372 1024 ille
397 997 481 1028 solus,
503 1004 551 1032 per
579 1005 659 1032 quem
682 999 772 1024 omnia
790 998 912 1025 condidit

122 1041 222 1069 Pater?
236 1041 288 1068 Sed
303 1039 373 1068 forte
387 1041 572 1076 respondebis,
591 1046 616 1068 te
633 1040 781 1068 secundum
799 1041 823 1067 id
839 1041 911 1075 quod

122 1089 233 1121 latebat,
255 1087 350 1114 Filium
373 1087 483 1120 dixisse,
509 1091 536 1114 ct
561 1087 748 1113 universorum
773 1085 909 1120 opificem.

124 1135 209 1162 ltecte
221 1135 299 1167 dicis,
309 1134 453 1161 assentior.
469 1133 532 1164 Sed.
547 1140 639 1168 qureso
653 1138 757 1166 te,eum
773 1132 819 1167 qui
836 1132 910 1164 latct,

122 1189 183 1208 esse
205 1181 307 1208 asseris
334 1179 398 1207 illud
423 1187 456 1206 ex
480 1180 533 1206 Deo
562 1178 693 1211 Verbum,
714 1187 831 1213 eumque
851 1186 912 1205 esse

125 1228 312 1254 universorum
353 1225 479 1260 opificetn
504 1234 511 1252 :
539 1225 674 1260 quomodo
719 1225 800 1259 igitur
835 1225 913 1251 nobis

125 1273 204 1308 paulo
223 1277 285 1299 ante
299 1271 491 1307 propemodum
519 1271 603 1304 digito
621 1270 694 1297 illum
719 1274 866 1301 recentem,
885 1273 913 1296 et

123 1320 179 1354 jam
198 1319 309 1350 cditum,
322 1323 349 1345 et
364 1318 454 1344 fasciis
470 1316 618 1343 involutum
639 1316 768 1343 infantem
797 1315 913 1342 demon-

125 1365 228 1397 strasti,
247 1370 326 1397 quem
342 1362 424 1389 etiam
447 1361 492 1388 Dei
510 1360 607 1387 Filium
629 1359 792 1394 appellabas,
816 1363 843 1386 et
854 1366 913 1386 om:

127 1411 200 1438 nitnn
215 1409 340 1444 opificem
354 1408 366 1435 ?
382 1408 423 1434 An
447 1407 510 1442 quia
531 1407 646 1434 fortasse
664 1411 752 1441 putas,
780 1405 826 1433 Dei
843 1404 912 1432 Ver»

128 1456 191 1481 bum
209 1454 234 1480 in
252 1453 342 1480 carnis
363 1457 488 1492 naturam
511 1459 573 1479 esse
599 1456 731 1478 mutatum
747 1451 816 1478 ’ἔξω
831 1456 858 1478 et
877 1451 912 1477 ita

128 1505 154 1526 te
181 1499 267 1534 ipsum
291 1498 381 1534 potius
412 1497 564 1529 accusabis,
591 1505 670 1532 quatn
686 1497 754 1524 alios
781 1497 857 1532 quasi
887 1497 912 1523 id

129 1546 263 1573 afﬁrmare
279 1553 368 1572 ausos.
384 1545 423 1570 An
434 1551 497 1571 vero
506 1543 568 1577 quia
584 1543 606 1570 is
623 1543 713 1570 infans
725 1543 769 1569 ille
777 1544 914 1569 estlatens

129 1592 213 1619 Filius
239 1596 267 1618 et
289 1591 479 1617 universorum
505 1589 610 1623 opifex,
634 1594 662 1615 et
686 1588 756 1615 idem
778 1594 857 1615 natus
879 1596 912 1615 ex
927 1589 948 1618 C

129 1642 222 1665 sancta
242 1637 362 1671 Virgine,
379 1637 415 1662 ita
433 1635 533 1662 invitus
548 1642 580 1662 ex
606 1635 744 1669 inopinato
770 1635 842 1661 illam
855 1641 916 1662 esse

130 1684 176 1711 Dei
191 1683 348 1719 genitricem
366 1682 506 1709 nobiscum
526 1680 668 1708 confessus
683 1681 760 1708 eris?
775 1681 916 1714 Quomodo

129 1731 201 1757 enim
230 1729 320 1756 infans
345 1728 417 1755 Dens
431 1728 467 1755 sit
493 1735 549 1754 sua:
574 1727 735 1761 potestatis?
751 1727 818 1754 Nam
833 1727 854 1754 si
880 1727 915 1754 ita

129 1777 198 1804 dicis
227 1776 299 1802 illutn
329 1782 385 1802 sua!
415 1774 558 1809 potestatis
588 1778 617 1801 ut
647 1781 709 1801 esse
731 1774 916 1808 unusquisque

131 1822 215 1849 nostri
229 1821 326 1849 similis
340 1820 509 1854 intelligitur,
525 1825 651 1854 tanquam
679 1820 721 1847 cui
737 1827 794 1847 sua:
818 1820 915 1846 volun-

131 1869 194 1895 tatis
210 1875 225 1894 a
239 1867 294 1894 Deo
311 1866 451 1901 permissa:
465 1866 519 1892 sint
538 1865 666 1898 habente;
684 1865 747 1899 quid
770 1865 823 1892 erit
838 1865 863 1891 in
883 1872 916 1891 eo

130 1919 226 1949 praeter
239 1917 351 1940 caeteros
367 1912 418 1947 17
433 1912 563 1939 eximium
575 1914 587 1938 ἴ
612 1916 659 1938 aut
673 1919 752 1946 quatn
761 1911 795 1938 ob
804 1919 916 1938 causam

136 1960 288 1986 libertatem
319 1958 424 1985 arbitrii
454 1966 485 1985 ac
520 1958 662 1992 potestatis
699 1962 827 1991 tauquam
862 1958 916 1985 Deo

130 2007 238 2040 dignum
253 2008 281 2032 et
295 2004 458 2039 prmcipuum
483 2010 578 2030 revera
604 2003 711 2030 titulum
738 2003 775 2030 illi
808 2003 914 2036 tribuis,

130 2051 254 2087 quamvis
283 2050 407 2076 omnibus
433 2049 479 2084 qui
502 2049 602 2083 degunt
622 2049 647 2075 in
674 2049 752 2076 terris
772 2055 799 2076 et
816 2049 917 2076 habere

130 2098 201 2123 illati:
217 2097 304 2127 liceat,
320 2095 414 2128 etjam
430 2095 546 2122 habeant
561 2095 572 2122 '.'
592 2094 638 2121 Sin
651 2095 760 2122 libertas
775 2096 916 2130 potestatis

131 2143 196 2170 illud
223 2142 248 2169 in
273 2142 323 2169 hac
337 2146 414 2176 parte
433 2141 577 2176 signiﬁcat,
596 2141 707 2168 alterius
734 2141 836 2175 legibus
863 2150 914 2169 non

130 2196 190 2215 esse
207 2188 369 2222 subjectum,
389 2191 417 2213 ut
431 2187 514 2213 etiam
535 2187 592 2220 ipsa
613 2187 739 2214 nimirum
758 2187 802 2214 Dei
819 2192 915 2215 natura

132 2234 299 2267 intelligitur,
315 2239 433 2267 quonam
450 2232 532 2266 igitur
545 2233 624 2259 modo
642 2233 684 2260 Itis
713 2234 913 2260 c0nditionibns

131 2280 199 2306 adeo
219 2279 350 2313 angustis,
368 2283 395 2305 et
407 2277 492 2304 solam
516 2285 673 2312 supremam
699 2278 771 2314 illam
787 2283 911 2305 naturam

131 2331 158 2351 et
171 2324 283 2359 gloriam
305 2323 472 2354 docentibus,
501 2331 588 2357 nuper
603 2324 703 2351 editutn
730 2325 804 2352 illum
829 2325 916 2352 infan-

130 2376 258 2397 tentasse
280 2369 358 2400 dicis,
388 2369 511 2402 quamvis
536 2368 669 2403 quidquid
687 2370 720 2395 ad
750 2369 801 2396 hoc
824 2375 852 2396 ut
878 2376 914 2397 εει

130 2420 254 2443 vocatum
269 2419 322 2446 est,
338 2414 392 2441 Deo
408 2415 440 2441 sil
457 2414 618 2448 subjectum,
641 2419 667 2441 et
690 2416 828 2443 servitutis
849 2417 915 2452 jugo

129 2461 288 2488 subditum?
304 2460 357 2487 Sed
371 2460 486 2487 fortasse
502 2460 611 2494 putabis
625 2462 657 2487 ad
672 2462 728 2488 time
755 2463 845 2489 omnia
866 2463 913 2490 tibi

129 2507 196 2534 satis
220 2506 293 2532 illaturi
320 2507 430 2532 stultam
458 2506 590 2533 rationem
618 2506 685 2539 fore,
718 2509 789 2541 quod
810 2509 916 2536 scilicet

132 2552 203 2579 inter
214 2558 244 2578 se
263 2556 368 2578 natura:
386 2556 480 2577 mutuo
505 2551 665 2584 copulentur
689 2560 742 2578 nun
765 2554 914 2581 secundum

132 2595 309 2631 hypostasim,
319 2596 366 2622 sed
380 2596 474 2622 eodetn
486 2596 575 2630 potius
599 2596 702 2624 honore
717 2603 745 2623 et
758 2599 915 2632 tequalitate

130 2642 267 2677 dignitatis
284 2650 290 2668 :
307 2649 369 2668 nam
392 2641 442 2668 ista
467 2649 539 2676 stepe
566 2642 643 2670 nobis
664 2643 849 2678 imprudenter
875 2645 916 2672 in-

129 2689 229 2716 culcas.
243 2689 297 2715 Sed
315 2693 342 2714 te
357 2688 413 2715 liam
427 2688 561 2715 dicentem
579 2688 605 2715 in
630 2689 771 2717 imbecillis
792 2695 819 2718 et
834 2691 915 2727 fragi-

130 2735 201 2762 libus
210 2735 369 2761 commentis
387 2733 524 2766 insistere,
544 2734 688 2762 manifeste
709 2737 803 2769 paucis
821 2742 914 2765 Osten-

131 2781 211 2807 detur
236 2787 298 2806 cum
324 2780 356 2806 de
387 2780 437 2805 ltoc
463 2779 595 2806 tractandi
623 2780 731 2808 occasio
756 2790 785 2809 se
807 2782 913 2811 offeret.

131 2825 179 2852 llis
191 2825 243 2851 alia
258 2825 378 2858 quaedam
396 2824 493 2855 assuit,
517 2832 564 2858 per
589 2833 648 2859 qua
665 2834 694 2852 se
710 2833 783 2860 putat
801 2836 912 2863 genera-

134 2871 214 2898 tionis
228 2871 334 2898 modutn
352 2875 450 2896 nostrae
472 2870 598 2903 similem,
631 2872 712 2899 veluti
743 2874 912 2905 indecrutem

961 952 994 987 δὴ
1021 950 1068 979 οὗν
1098 953 1150 988 ἄρα
1176 952 1242 979 Θεὸν
1266 953 1336 979 κατὰ
1363 952 1453 987 σάρκα
1467 950 1682 986 γεγεννημένον·
1704 950 1753 976 καὶ

961 998 1041 1024 τοῦτο
1057 999 1088 1024 ὲκ
1106 998 1155 1033 τῆς
1171 997 1349 1024 θεοπνεύστου
1375 998 1539 1033 μεμάθηκας
1563 997 1684 1031 Γραφῆς.
1702 995 1752 1026 Τίς

961 1042 1016 1077 γὰρ
1033 1042 1065 1069 ἂν
1081 1043 1167 1068 νοοῖτο
1181 1042 1235 1068 τῶν
1250 1042 1318 1069 ὅλων
1336 1042 1513 1077 δημιουργὸς,
1530 1040 1599 1076 πλὴν
1615 1041 1655 1067 ὅτι
1671 1040 1752 1076 μόνος

961 1089 1074 1120 ἐκεῖνος,
1091 1090 1105 1115 6
1118 1088 1150 1115 δι’
1165 1085 1195 1115 οὗ
1207 1089 1241 1115 τὰ
1253 1089 1340 1115 πάντα
1355 1087 1505 1123 πεποίηκεν
1518 1089 1533 1114 6
1549 1087 1660 1122 Πατήρ;
1681 1085 1753 1112 Ἀλλ’

962 1136 1040 1172 ἔτην,
1064 1137 1128 1167 ἴσως
1150 1137 1233 1172 ἐρεῖς,
1253 1136 1324 1163 κατὰ
1343 1134 1372 1162 τὺ
1394 1136 1596 1171 κεκρυμμένον,
1616 1133 1690 1165 Υἱός,
1703 1133 1753 1160 καὶ

962 1182 1015 1209 τῶν
1031 1182 1098 1208 ὅλων
1121 1182 1295 1218 δημιουργός.
1321 1181 1435 1213 Καλῶς,
1465 1181 1642 1216 συνθήσομαι.
1673 1178 1753 1215 Ἐρή-

964 1237 1046 1264 σομαι
1061 1228 1100 1254 δέ.
1120 1228 1172 1254 Τὸν
1193 1227 1386 1263 κεκρυμμένον
1409 1225 1479 1253 εἶναι
1503 1227 1556 1262 φὴς
1580 1227 1624 1252 τὸν
1638 1226 1669 1252 ὲκ
1684 1225 1752 1252 Θεοῦ

963 1275 1059 1308 Λόγον,
1076 1274 1123 1300 καὶ
1143 1274 1238 1300 τοῦτον
1254 1271 1324 1300 εἶναι
1345 1274 1390 1300 τδν
1405 1273 1473 1300 ὅλων
1492 1271 1674 1307 δημιουργόν·
1693 1270 1754 1303 πῶς

963 1319 1009 1348 οὖν
1024 1321 1090 1355 ἡμῖν
1104 1321 1206 1357 ἀρτίως
1223 1320 1364 1356 μονονουχὶ
1381 1321 1429 1347 καὶ
1443 1313 1567 1354 δακτῦλῳ
1584 1319 1614 1345 τὺ
1629 1318 1754 1355 πρόσφα-

962 1375 1017 1397 τον,
1039 1366 1086 1393 καὶ
1100 1366 1130 1392 τὸ
1146 1367 1298 1401 ἀρτίτοκον,
1315 1366 1362 1393 καὶ
1383 1367 1414 1393 τὸ
1435 1367 1464 1393 ὲν
1484 1366 1662 1401 σπαργάνοις,
1687 1373 1754 1392 κατ-

964 1411 1066 1444 έδειξας
1089 1412 1202 1448 βρέφος’
1218 1413 1264 1439 καὶ
1285 1412 1364 1439 τοῦτο
1381 1412 1446 1439 αὐτὸ
1469 1411 1515 1438 καὶ
1531 1412 1595 1438 Υίὺν
1614 1410 1754 1446 ὠνόμαζες

963 1457 1042 1489 Θεοῦ,
1063 1459 1110 1484 καὶ
1127 1458 1172 1484 τὸν
1186 1458 1254 1484 ὅλων
1272 1458 1452 1493 ὀημιουργόν;
1468 1455 1506 1483 Ἶῐ
1519 1457 1589 1491 τάχα
1605 1465 1655 1482 που
1672 1463 1755 1491 μετα-

964 1503 1128 1538 πεποιῆσθαι
1143 1504 1289 1539 νενόμικας
1305 1505 1344 1534 εἰς
1358 1505 1407 1539 τὴν
1426 1503 1474 1537 τῆς
1495 1503 1594 1540 σαρκὸς
1610 1502 1690 1536 φύσιν
1708 1500 1754 1527 τὸν

965 1552 997 1578 ἐκ
1012 1551 1079 1577 Θεοῦ
1096 1550 1198 1584 Λόγον;
1213 1551 1266 1576 Καὶ
1284 1550 1377 1585 γράψῃ
1393 1549 1491 1584 μᾶλλον
1507 1549 1616 1579 σαυτὸν,
1632 1547 1681 1582 οὐχ
1695 1546 1754 1572 ἑτέ-

968 1607 1040 1633 ρους,
1065 1597 1102 1628 ὡς
1119 1597 1198 1623 τοῦτο
1223 1597 1304 1630 φάναι
1326 1596 1524 1630 τολμήσαντας.
1540 1592 1578 1620 Ἦ
1602 1594 1680 1628 εἴπερ
1697 1591 1755 1619 ἐστὶ

966 1644 996 1670 τὸ
1014 1644 1112 1679 βρέφος
1138 1645 1151 1670 6
1167 1643 1358 1678 κεκρυμμένος
1383 1642 1454 1673 Υἱὸς,
1478 1641 1524 1667 καὶ
1546 1640 1600 1666 τῶν
1616 1641 1685 1666 ὅλων
1705 1639 1753 1674 δη-

968 1690 1107 1725 μιουργὸς.
1123 1689 1284 1724 γεγέννηται
1299 1689 1326 1714 δὲ
1348 1687 1427 1714 τοῦτο
1441 1688 1472 1713 ὲκ
1490 1684 1541 1721 τῆς
1555 1686 1636 1720 ἁγίας
1651 1683 1755 1720 Παρθέ-

967 1745 1023 1769 νου,
1039 1736 1216 1770 ὡμολόγησας
1232 1736 1280 1770 οὐχ
1295 1735 1365 1761 ἑκὼν
1386 1734 1516 1760 Θεοτόκον
1541 1734 1590 1760 σὺν
1606 1734 1672 1767 ἡμῖν
1695 1731 1755 1758 ἀδο-

967 1783 1055 1817 κήτως
1073 1782 1175 1817 αὑτήν;
1197 1781 1273 1807 Ἐπεὶ
1292 1781 1349 1811 πῶς
1367 1780 1465 1815 βρέφος
1484 1780 1549 1811 Θεὸς
1563 1778 1754 1811 αὑτεξούσιοςς

967 1828 998 1854 Ei
1017 1827 1066 1863 μὲν
1087 1827 1141 1862 γὰρ
1155 1826 1226 1853 οὕτω
1241 1827 1292 1861 φὴς
1308 1826 1492 1858 αὐτεξούσιον,
1506 1825 1543 1857 ὡς
1558 1826 1590 1852 ἂν
1605 1825 1692 1851 νοοῖτο
1706 1832 1755 1850 τυ-

966 1873 1014 1908 χὸν
1038 1873 1085 1899 καὶ
1110 1873 1164 1899 τῶν
1186 1872 1247 1900 καθ’
1272 1873 1345 1907 ἡμᾶς
1370 1872 1494 1904 ἕκαστος,
1522 1872 1559 1903 ὡς
1582 1871 1631 1906 τῆς
1657 1869 1754 1898 ἑαυτοῦ

967 1919 1153 1955 προαιρέσεως
1173 1919 1388 1953 πεπιστευμένος
1412 1918 1487 1954 παρὰ
1508 1917 1566 1952 Θεῷ
1588 1917 1641 1953 [ἲσ.
1673 1915 1753 1952 Θεοῦ]

966 1965 1015 1996 τὰς
1038 1965 1127 1999 ἡνίας,
1149 1964 1176 1990 τί
1201 1965 1231 1990 τὸ
1257 1964 1395 1999 ἐξαίρετον
1417 1963 1492 1999 παρὰ
1515 1964 1578 1995 τοὺς
1602 1963 1698 1994 ἄλλους
1724 1963 1754 1988 ἐν

966 2010 1056 2046 αὑτῷ;
1080 2011 1096 2046 ἢ
1119 2011 1163 2037 διὰ
1181 2010 1260 2036 ποίαν
1275 2010 1374 2042 αἰτίαν,
1400 2009 1525 2045 καθάπερ
1548 2017 1574 2036 τι
1591 2008 1753 2043 θεοπρεπὲς,

967 2059 1014 2083 καὶ
1037 2056 1176 2092 ἐξαίρετον
1194 2056 1301 2091 ἀληθῶς
1325 2056 1442 2090 ἀξίωμα,
1464 2056 1493 2082 τὺ
1516 2054 1690 2086 αὐτεξούσιον
1705 2055 1754 2081 ἁν-

967 2102 1061 2133 άπτεις
1077 2102 1170 2136 auct};
1189 2102 1276 2128 καίτοι
1294 2103 1374 2137 μετὸν
1390 2103 1474 2128 (trram
1491 2101 1545 2127 τῶν
1563 2101 1608 2127 ἐπὶ
1626 2102 1675 2135 τῆς
1690 2100 1752 2135 γῆς,

967 2147 1038 2182 ἔχειν
1057 2156 1085 2173 τε
1105 2147 1179 2182 αὐτῷ
1199 2146 1253 2182 [ῖσ.
1279 2147 1366 2183 (1676],
1386 2147 1432 2173 καὶ
1451 2146 1499 2182 ἤδη
1520 2145 1657 2181 λαχοῦσιν.
1679 2145 1710 2172 ΕΙ
1724 2145 1754 2172 δὲ

966 2194 998 2228 δὴ
1021 2193 1146 2228 σημαίνει
1171 2193 1201 2219 τὸ
1225 2193 1398 2226 αὐτεξούσιον
1425 2193 1453 2218 ὲν
1469 2192 1574 2224 τούτοις
1595 2191 1624 2217 τὸ
1639 2191 1678 2226 μὴ
1698 2191 1753 2217 δεῖν

967 2239 1126 2265 ὑποκεῖσθαι
1140 2240 1195 2270 τοῖς
1210 2238 1303 2274 ἑτέρου
1319 2239 1422 2274 νόμοις,
1438 2236 1506 2264 εἶναι
1525 2238 1553 2264 δὲ
1575 2237 1660 2266 οὕτως
1678 2236 1754 2263 ἑλεύο

965 2285 1054 2320 θερον,
1072 2284 1110 2315 ὡς
1130 2284 1163 2310 ἂν
1184 2285 1229 2310 καὶ
1254 2285 1322 2319 αὑτὴ
1345 2285 1424 2319 τυχὸν
1447 2283 1538 2319 ήθεία
1558 2285 1644 2310 νοοῖτο
1659 2283 1751 2318 φύσις,

964 2331 1023 2357 τίνει
1038 2330 1070 2366 δὴ
1083 2331 1183 2366 τρόπον
1204 2332 1232 2357 ἐν
1246 2331 1302 2361 τοῖς
1318 2330 1389 2356 οὕτω
1412 2331 1519 2361 σεπτοῖς
1543 2330 1591 2356 καὶ
1618 2330 1752 2365 πρέπουσι

967 2376 1035 2412 μόνῃ
1049 2377 1081 2411 τῇ
1105 2376 1234 2402 ἀνωτάτω
1258 2376 1336 2409 φύσει
1357 2384 1386 2402 τε
1403 2376 1451 2401 καὶ
1466 2376 1540 2411 δόξῃ,
1565 2375 1594 2401 τὸ
1610 2375 1752 2410 ἀρτίτοκον

966 2422 1064 2456 βρέφος
1089 2420 1157 2448 εἶναι
1182 2422 1252 2456 orig;
1277 2421 1366 2448 καίτοι
1390 2422 1490 2452 παντὸς
1511 2421 1558 2448 τοῦ
1583 2421 1751 2456 κεκλημένου

966 2465 1034 2500 πρὸς
1060 2465 1188 2501 ὕπαρξιν,
1212 2466 1428 2501 κατεζευγμένου
1458 2466 1534 2502 Θεῷ,
1561 2467 1608 2493 καὶ
1634 2466 1679 2493 τὸν
1702 2465 1752 2500 τῆς

965 2511 1086 2542 δουλείας
1100 2511 1295 2546 ὑποτρέχοντος
1313 2512 1403 2546 ζυγόν.
1426 2512 1496 2538 Ἀλλ’
1511 2512 1592 2548 οἰήσῃ
1613 2512 1683 2546 τάχα
1700 2519 1752 2537 που

966 2557 1032 2592 πρὸς
1049 2557 1156 2584 ἅπαντά
1169 2565 1209 2583 σοι
1231 2557 1310 2584 ταυτὶ
1330 2558 1375 2585 τὸν
1388 2558 1491 2584 εἰκαῖον
1516 2559 1618 2585 ἐκεῖνον
1635 2558 1753 2594 ἀρκέσαι

965 2603 1053 2637 λόγον,
1066 2604 1111 2630 τὸν
1125 2603 1185 2630 ἐπεί
1198 2612 1229 2637 γε
1245 2604 1300 2640 {tot
1318 2604 1363 2630 ἐπί
1378 2604 1421 2640 γε]
1437 2605 1474 2640 τῷ
1491 2605 1546 2631 δεῖν
1559 2604 1687 2640 ἀλλήλαις
1702 2605 1753 2636 τὰς

966 2649 1061 2684 φύσεις
1076 2650 1268 2682 συνάπτεσθαι,
1285 2651 1331 2677 καὶ
1356 2651 1414 2677 οῠτι
1439 2660 1490 2678 που
1513 2652 1573 2678 καθ’
1591 2651 1751 2683 ὑπόστασιν,

965 2695 1023 2722 ἀλλ’
1037 2695 1074 2726 ὡς
1084 2696 1113 2721 ἐν
1125 2697 1190 2731 τιμῇ
1205 2696 1304 2731 μᾶλλον
1321 2697 1532 2732 ἀπαραλλάκτῳ,
1547 2697 1593 2724 καὶ⁸
1604 2698 1633 2723 ὲν
1648 2696 1752 2732 ἰσότητι

965 2742 1014 2776 τῆς
1031 2741 1125 2773 ἀξίας·
1139 2743 1219 2769 ταυτὶ.
1234 2742 1288 2778 γὰρ
1305 2743 1371 2778 ἡμῖν
1388 2743 1431 2770 ἀεὶ
1449 2743 1522 2777 λέγει
1544 2742 1668 2778 ἀμαθῶς.
1689 2743 1752 2770 Ὅτι

964 2788 992 2814 δὲ
1010 2788 1132 2824 σαθραῐς,
1146 2789 1192 2815 καὶ
1205 2789 1408 2821 εὐδιακλάστοις
1422 2790 1536 2822 ἐννοίαις
1551 2791 1751 2825 ἐπερηρεισμέ-

965 2843 1020 2865 νος,
1035 2834 1068 2860 τὰ
1083 2834 1169 2861 τοιάδε
1195 2835 1291 2869 λέγων,
1315 2835 1417 2872 ἁλώσῃ,
1441 2835 1611 2872 δειχθήσεται
1637 2837 1683 2862 καὶ
1701 2837 1752 2864 οὐκ

965 2881 1004 2912 εἰς
1021 2880 1136 2916 μακρὰν,
1151 2884 1364 2917 παρενεγκόντος
1379 2884 1443 2918 ἡμῖν
1455 2882 1502 2910 τοῦ
1518 2882 1613 2919 καιροῦ
1625 2884 1671 2910 καὶ
1684 2884 1751 2918 πρός
