1883 3054
116 147 151 177 5‘1
686 145 871 174 ADVERSUS
891 145 1092 174 NESTORIUM
1114 147 1177 175 LIB.
1200 147 1220 176 I.
1715 149 1750 178 58

118 217 149 242 τε
168 209 249 235 ταυτὶ
263 208 309 235 τὸν
325 208 413 242 λόγον.
430 207 552 242 Συνείρει
567 208 593 234 δὲ
614 208 717 237 τούτοις
740 207 811 242 ἕτερ’
833 207 901 233 ἄττα

1006 207 1211 242 impossibilem,
1235 208 1382 236 admodum
1399 213 1475 236 acute
1488 209 1676 237 demonstrare
1692 218 1699 243 ;
1717 218 1749 237 ac

119 254 153 281 δι’
179 251 218 281 ὢν
247 254 326 290 ᾠήθη
353 254 501 285 δύνασθαι,
524 255 570 280 καὶ
600 253 673 288 μάλα
697 254 850 288 ἐμφρόνως.
875 252 912 284 ὡς

120 299 236 334 ἀκαλλῆ,
252 300 300 325 καὶ
312 299 456 333 ἁνέᾳικτον
471 300 517 326 τὸν
529 301 577 334 τῆς
592 299 653 325 καθ’
669 300 742 334 ἡμᾶς
762 299 913 333 γεννήσεως

120 343 264 378 ἀποψῆναι
279 343 388 378 τρόπον.
411 344 468 370 Καὶ
490 343 664 378 ἅντανίστησι
681 343 730 378 μὲν
747 343 836 378 ἐαυτῷ
850 343 912 374 τοὺς

122 390 190 425 πρὸς
204 389 283 424 ἡμῶν
299 390 394 423 λόγους
406 398 412 404 ·
429 390 516 416 οἴεται
536 390 564 416 δὲ
589 389 835 425 κατευμεγεθήσειν
863 390 912 424 ρᾳ-

119 435 198 467 ὂίως,
221 436 269 462 καὶ
298 436 374 462 οὐδὲν
402 435 483 467 ὄντας
506 437 632 470 ἐπιφανεῖ
659 435 713 472 [ἵσ.
739 435 910 471 ἁποφανεῖν],

120 481 208 508 καῖτοι
225 481 429 515 πρεσϐεύοντας
446 481 570 516 τάληθές.
589 482 658 516 Ἔφη
674 482 702 508 δὲ
716 480 818 512 οὕτως·

156 525 289 562 [Εἰθεὸς.
299 527 392 561 φησὶν,
407 527 421 552 ὁ
433 526 560 562 Χριστὸς,
572 526 667 561 ἐτέχθη
683 526 711 552 δὲ
725 526 739 551 ὁ
749 525 865 561 Χριστὸς
880 526 912 552 ὲκ

121 572 170 607 τῆς
193 573 333 608 μακαρίας
348 573 467 608 Μαρίας,
494 572 551 604 πῶς
573 573 623 599 οὐκ
639 572 712 599 ἔστιν
736 573 752 607 ὴ
775 572 912 608 Παρθένος

120 617 273 649 Θεοτόκος;
299 618 382 644 Οὐδὲν
408 618 524 653 κρύπτω
539 617 593 644 τῶν
609 618 675 653 παρ’
692 618 782 644 αὐτῶν
804 617 909 644 ἀντιθέ-

120 672 190 690 σεων
200 671 206 677 ·
229 664 244 690 ὁ
259 663 314 698 γὰρ
333 663 383 698 τῆς
398 663 528 699 ἀληθείας
543 664 661 699 ἐραστὴς
679 664 767 690 πάντα
780 663 815 690 τὰ
836 664 912 699 παρὰ

118 708 166 735 τοῦ
178 709 295 743 ψεύδους
309 709 398 744 ἐαυτῷ
415 709 577 745 προσλαϐὼν
596 710 772 746 ἀντιτίθησι.]
783 708 849 737 Εἶτα.
861 711 911 746 τὴν

119 753 196 779 λύσιν
220 754 364 789 ἐπιφέρειν
387 755 525 789 πειρᾶται,
551 754 688 786 τοιαύταις
709 756 781 783 τισὶν
796 756 911 787 ἐννοίαις

119 799 274 834 χρώμενος·
291 799 453 835 [Πλάττεται
471 801 520 836 μὲν
535 800 598 836 γὰρ,
619 802 713 835 φησὶν,
726 802 755 827 ἐν
773 801 864 837 μήτρᾳ
880 801 910 827 τὸ

120 845 239 879 βρέτεος·
256 845 314 871 ἀλλ’
327 846 380 877 ἓως
396 846 446 881 μὲν
460 846 537 873 οῠπω
552 846 740 882 μεμόρφωται,
754 845 844 881 ψυχὴν
858 846 908 872 οὐκ

118 877 192 925 sier-
223 877 401 925 εἱδοποιηθὲιί
418 891 447 918 δὲ
479 891 529 927 ἤδη
552 877 688 926 lpu'xo'séat
721 877 907 927 maps-"8505.
925 877 947 907 Β

119 936 226 971 Ὠσπερ
251 935 298 963 οὖν
320 938 336 972 ή
356 937 425 972 γυνὴ
448 935 534 964 aliaat
553 937 602 972 μὲν
623 937 653 964 τὺ
674 937 764 972 σῶμα,
783 937 863 973 ψυχοῖ
881 937 909 964 δὲ

119 981 195 1014 θεὸς,
219 983 267 1008 καὶ
283 982 333 1009 οὐκ
357 982 390 1009 ἂν
407 983 512 1017 λέγοιτο
535 983 603 1019 γυνὴ
621 983 780 1019 ψυχοτόκος,
799 985 838 1011 ὅτι
861 985 911 1021 εμ-

118 1028 205 1062 ψυχον
227 1029 382 1063 ἐγέννησεν,
406 1029 612 1064 ἀνθρωποτόκος
636 1029 664 1056 δὲ
691 1030 806 1065 μᾶλλον,
828 1030 909 1064 οὕτω,

120 1074 198 1107 φησὶ,
224 1075 271 1099 καὶ
296 1075 312 1109 ὴ
330 1075 454 1109 μακαρία
469 1075 618 1110 Παρθένος,
635 1075 682 1102 καὶ
701 1077 725 1102 εἰ
738 1076 847 1103 τέτοκεν
862 1077 910 1104 ἆν-

118 1119 239 1154 θρωπον,
250 1127 282 1145 συ
287 1119 489 1155 μπαρελθόντος
499 1121 573 1157 αὐτῷ
582 1120 628 1148 τοῦ
638 1121 706 1148 Θεοῦ
715 1122 801 1157 Λόγου
812 1122 909 1159 (ταύτῃ

118 1166 174 1200 γὰρ
190 1166 329 1201 ἐχρήσατο
351 1168 384 1202 τῇ
399 1167 498 1203 φωνῇ),
521 1167 551 1194 οὐ
574 1167 618 1195 διὰ
636 1168 714 1196 τοῦτο
730 1169 883 1206 Θεοτόκος.]

425 1235 551 1262 ΚΕΦΔΔ.
568 1237 605 1263 Δ’.

154 1309 218 1348 'Ap‘
229 1310 286 1345 οὖν,
300 1313 362 1340 εξπὲ
378 1321 434 1348 μοι,
451 1313 624 1348 διαϐέϐληται
641 1314 716 1350 παρὰ
742 1315 783 1342 σοὶ
796 1315 826 1342 τὸ
841 1315 910 1350 πρὸς

119 1359 199 1395 ἡμῶν
220 1359 384 1395 εἷρημένονς
413 1357 469 1393 ἆρά
494 1367 535 1385 σοι
550 1359 623 1386 δοκεί
645 1362 701 1392 τοῖς
720 1361 910 1397 οὕτωςόρθῶς

119 1406 167 1432 καὶ
181 1405 336 1440 ἀκιεδήλως
351 1405 460 1440 ἔχουσιν
480 1406 616 1438 ἀσυνέτως
631 1407 770 1442 ἐπιτιμᾷν,
786 1408 833 1434 καὶ
849 1408 909 1443 οὐχὶ

118 1451 165 1477 τοῦ
185 1451 223 1486 μὴ
247 1451 378 1477 δύνασθαι
400 1451 522 1484 δοξάζειν
537 1451 555 1478 ἃ.
574 1452 637 1488 χρὴ,
660 1452 709 1487 τῆς
727 1453 826 1479 σαυτοῦ
849 1453 907 1480 δια-

118 1497 194 1527 νοίας
216 1495 355 1530 καθοριεῑς
377 1496 412 1522 τὰ
435 1497 612 1531 ὲγκλήματας
631 1494 677 1528 Οἷς
691 1497 745 1533 γὰρ
763 1497 795 1524 ἂν
810 1498 908 1533 ἀπᾴδοι

118 1543 149 1568 τὸ
168 1542 279 1577 ἀληθὲς,
296 1542 401 1574 τούτοις
416 1543 449 1569 ἂν
464 1543 577 1576 γένοιτο,
597 1543 643 1569 καὶ
664 1543 724 1570 λίαν
738 1543 862 1578 ἑτοίμως,
879 1545 908 1571 ἐν
922 1558 943 1588 C

120 1588 261 1623 παραδοχῇ
275 1588 305 1614 τὸ
321 1588 358 1623 μὴ
371 1588 459 1620 οὕτως
478 1588 549 1623 ἕχον,
562 1589 608 1615 καὶ
623 1588 652 1615 τὸ
667 1591 722 1621 τοῖς
737 1590 908 1624 ἀριστοεπεῖν

121 1635 244 1660 εἰωθόσιν
254 1635 396 1669 ἐπιτιμᾷν,
407 1634 450 1670 εἴη
461 1634 494 1661 ἂν
505 1635 555 1660 οὐκ
569 1634 695 1670 ἀζήμιον
709 1635 808 1670 μᾶλλον
818 1635 846 1661 δὲ
858 1635 908 1671 ἤδη

118 1681 167 1707 καὶ
180 1681 319 1713 ἀπόδειξις
334 1680 453 1716 ἐναργὴς
466 1680 512 1707 τοῦ
529 1681 740 1716 προσκεκλίσθαι
755 1681 793 1716 τῷ
806 1681 907 1716 ψεύδει,

120 1728 166 1754 καὶ
185 1727 232 1753 τοῦ
247 1727 357 1753 ἑλέσθαι
370 1729 464 1763 τιμᾷν,
482 1727 499 1754 ἃ
513 1729 559 1754 καὶ
576 1729 663 1763 μισεῖν
680 1728 802 1763 ἄμεινον,
817 1729 855 1760 ὡς
868 1728 909 1754 λο-

119 1773 220 1808 γισμοῦ
243 1773 292 1799 τοῦ
309 1774 414 1804 εἰκότος
436 1774 626 1808 ἡμαρτηκότα.
651 1774 731 1800 Ἀλλά
744 1774 798 1800 τῶν
823 1774 908 1806 οὕτως

120 1819 241 1854 αἰσχρῶν
255 1819 386 1853 ἐννοήσας
405 1819 493 1850 οὐδεὶς
505 1818 614 1854 [οὺδέν],
624 1820 719 1846 ἑαυτὸν
735 1820 783 1855 μὲν
794 1820 846 1856 ἔφη
859 1821 908 1855 τῆς

119 1864 249 1899 ἀληθείας
263 1864 389 1898 γενέσθαι
401 1865 448 1890 τὸν
459 1864 584 1899 ἐραστὴν,
594 1866 666 1900 ἡμᾶς
681 1865 708 1891 δὲ
720 1866 909 1894 τεκταίνεσθαι

119 1911 149 1937 τὺ
163 1911 262 1945 ψεῦδος
281 1912 372 1946 αὐτῷ·
384 1911 474 1937 καίτοι
491 1911 520 1937 τὸ
535 1913 628 1946 χρῆμα
642 1911 715 1938 ἔστιν
730 1912 759 1944 ἐξ
773 1913 909 1948 ἀντιστρό-

120 1965 170 1990 φου
191 1957 293 1992 μᾶλλον
312 1957 384 1989 ἰδεῖν,
406 1958 446 1983 ὃτι
467 1965 496 1983 τε
512 1957 599 1991 ὀρθῶς
615 1957 681 1992 ἔχει,
696 1958 742 1984 καὶ
756 1958 827 1985 ἔστιν
844 1959 909 1995 ἀλη-

137 2003 165 2033 ἑς
178 2011 184 2016 ·
208 2002 238 2028 ὐ
253 2002 308 2037 γάρ
324 2011 363 2028 τοι
380 2002 427 2028 τοῦ
445 2001 567 2036 ψεύδους,
585 2002 630 2028 καὶ
647 2003 696 2037 τῆς
712 2003 820 2038 ἀπάτης
846 2011 908 2030 συν-

120 2048 220 2082 ήγορος
243 2050 301 2078 τοῖς
327 2047 378 2082 τῆς
406 2047 534 2082 ἀληθείας
562 2050 755 2080 συνασπισταίς
778 2049 909 2077 ἀνάπτειν

120 2093 249 2127 πειρᾶται
274 2094 324 2127 τῆς
351 2092 535 2128 ψευδομυθίας
558 2094 604 2120 τὸν
630 2094 733 2129 μῶμον,
762 2096 832 2130 τάχα
857 2105 908 2123 που

121 2138 166 2164 καὶ
191 2139 232 2170 εἰς
258 2138 343 2173 λήθην
367 2138 506 2174 ἐληλακὼς
532 2139 577 2166 τοῦ
603 2141 742 2176 προφήτου
769 2141 907 2175 λέγοντος-

124 2193 133 2209 I
156 2184 223 2210 Οὐαὶ
241 2185 264 2210 οὶ
282 2185 409 2218 λέγοντες
431 2185 461 2211 τὸ
483 2186 600 2220 πονηρὸν
623 2186 715 2217 καλὸν,
732 2187 777 2213 καὶ
788 2187 817 2214 τὸ
828 2189 909 2215 καλὸν

964 254 1015 280 sibi
1046 255 1165 282 rationes
1189 260 1296 282 nostras
1310 255 1414 289 objicit,
1435 259 1519 287 ratus,
1538 256 1661 289 quamvis
1679 257 1750 283 verl-

965 303 1046 325 talem
1061 299 1190 331 colamus,
1208 300 1285 328 facile
1298 309 1345 326 sua
1371 300 1442 327 mole
1465 307 1514 327 ttos
1527 301 1699 331 obrutnrttm,
1721 305 1748 326 ut

964 346 1062 373 nullius
1084 346 1164 382 pretii
1183 354 1243 374 esse
1269 346 1392 374 homines
1418 350 1603 373 ostensurum.
1626 344 1671 373 Sic
1684 353 1749 379 ergo

963 392 1030 419 dixit
1043 402 1049 419 :

1007 524 1125 551 Ncsron.
1138 524 1178 559 [Si
1199 524 1269 551 Deus
1279 524 1464 558 estCltristns,
1476 524 1573 560 inquit,
1588 529 1615 551 et
1625 524 1748 552 Christus

962 577 995 597 ex
1011 571 1088 597 beata
1107 569 1188 596 Maria
1219 576 1260 597 est
1283 577 1369 603 ortus,
1397 579 1446 598 cnr
1467 571 1548 606 Virgo
1570 579 1621 598 non
1645 571 1680 598 sit
1700 570 1747 598 Dei

962 615 1098 650 gettitrix?
1111 616 1182 643 Nihil
1199 616 1306 643 occulto
1319 617 1390 652 qttod
1402 617 1435 644 ab
1446 617 1499 643 illis
1519 616 1665 651 obiicitur:
1683 624 1746 644 nam

962 661 1082 688 veritatis
1097 661 1206 696 amator;
1214 662 1304 688 omnia
1320 670 1379 696 qua:
1395 670 1410 689 a
1426 661 1541 689 falsitate
1553 662 1606 689 dici
1622 667 1746 697 possunt,

962 712 1073 741 accepta
1094 707 1143 734 sibi
1156 706 1260 740 objicit.
1282 707 1345 735 Inde
1369 707 1530 735 solutionem
1548 707 1645 735 aﬂerre
1663 715 1746 734 cotta-

963 752 1113 778 turtalihns
1129 752 1271 779 sententils
1287 760 1368 780 usus:
1389 753 1533 781 Formatur
1550 753 1633 787 enim,
1648 753 1747 788 inquit,

963 798 989 822 ln
1003 801 1079 822 utero
1092 796 1193 829 infans,
1218 797 1264 825 sed
1282 798 1369 832 quoad
1384 798 1498 833 figuram
1515 797 1660 833 acceperit,
1676 807 1746 825 non-

961 843 1024 870 dum
1051 843 1132 870 habet
1155 844 1292 870 animam:
1311 849 1340 871 at
1354 844 1399 871 ubi
1425 845 1557 879 figuratus
1584 845 1675 877 fuerit,
1689 845 1746 879 jam

962 887 1052 914 anima
1078 888 1265 915 infortnatura
1283 889 1346 916 Deo.
1373 889 1408 917 Ut
1423 889 1505 924 igitur
1527 889 1623 917 mulier
1648 897 1747 924 corpus

963 933 1043 967 parit,
1062 933 1108 960 sed
1122 933 1193 960 Deus
1218 934 1336 961 animam
1349 935 1454 968 tribuit,
1470 942 1556 970 neque
1571 935 1629 962 ideo
1642 936 1747 962 dicetur

961 978 1058 1005 anima:
1073 979 1199 1014 genitrix,
1214 980 1276 1014 quia
1290 981 1395 1014 peperit
1408 981 1568 1014 animatum,
1594 981 1641 1008 sed
1658 982 1746 1016 potius

960 1025 1077 1052 hominis
1092 1026 1208 1060 genitrix
1226 1035 1234 1059 ;
1251 1027 1290 1054 sic
1306 1034 1412 1061 quoque
1432 1027 1510 1054 beata
1534 1026 1624 1062 Virgo.
1647 1027 1746 1062 ittquit,

960 1071 1011 1098 etsi
1029 1072 1134 1106 peperit
1146 1072 1281 1099 hominem
1299 1073 1379 1100 simul
1395 1081 1456 1101 cum
1481 1073 1527 1102 illo
1539 1079 1747 1109 pertransennte

961 1116 1007 1144 Dei
1028 1117 1116 1145 Verbo
1133 1118 1205 1153 (nam
1224 1119 1274 1146 hac
1300 1123 1340 1146 est
1361 1127 1428 1147 voce
1449 1119 1535 1156 usus),
1554 1128 1606 1148 non
1634 1121 1693 1148 ideo
1705 1124 1748 1148 est

960 1162 1008 1192 Dei
1021 1164 1166 1200 geniti-LL]

1287 1233 1362 1261 CAP.
1379 1232 1424 1260 Π.

997 1309 1063 1336 Num
1084 1310 1175 1344 igitur.
1189 1318 1292 1345 qttmso,
1304 1311 1487 1339 accusandum
1518 1317 1596 1346 putas
1612 1313 1683 1348 quod
1701 1314 1744 1341 di-

960 1356 1031 1383 citur
1045 1363 1059 1382 ο
1081 1356 1184 1383 nobis?
1201 1365 1263 1383 num
1295 1356 1352 1389 tibi,
1375 1364 1435 1392 quae
1454 1361 1507 1384 tam
1534 1363 1608 1386 recta
1633 1365 1696 1386 sunt
1714 1367 1746 1386 at:

960 1402 1054 1436 proba,
1066 1401 1147 1429 stulte
1163 1402 1383 1436 reprehendenda
1396 1403 1535 1430 videntur?
1547 1411 1579 1431 ac
1591 1412 1642 1432 non
1658 1405 1746 1439 potius

960 1451 1076 1474 mentem
1099 1452 1171 1474 tuam
1195 1447 1337 1475 accusabis
1363 1449 1434 1481 quod
1465 1454 1538 1476 recte
1564 1450 1666 1477 sentire
1693 1459 1744 1477 non

960 1493 1047 1520 valeat
1060 1492 1073 1520 ?
1086 1493 1139 1527 18
1151 1492 1220 1519 Nam
1241 1493 1339 1527 quibus
1359 1492 1495 1528 displicet'
1508 1495 1624 1527 veritas,
1644 1496 1676 1523 iis
1695 1503 1744 1524 usu

960 1540 1044 1571 venit,
1057 1539 1200 1573 etquidetn
1217 1539 1355 1572 facillime,
1376 1544 1405 1566 ut
1419 1539 1445 1567 id
1469 1541 1540 1574 quod
1559 1547 1638 1569 secus
1664 1543 1746 1570 habet

960 1585 1184 1620 amplectantur:
1214 1591 1242 1612 et
1276 1590 1350 1613 recte
1377 1585 1519 1621 loquentes
1549 1587 1746 1622 reprehendere

958 1631 1029 1659 haud
1054 1631 1152 1658 damno
1165 1636 1252 1663 vacat,
1269 1631 1326 1659 imo
1347 1638 1412 1658 vero
1429 1638 1617 1666 argumentum
1633 1639 1674 1661 est
1686 1636 1744 1661 evi-

958 1678 1024 1705 dens
1037 1677 1120 1704 aniuti
1138 1678 1171 1704 ad
1189 1677 1334 1705 falsitatem
1349 1679 1486 1713 propensi,
1497 1684 1524 1706 et
1537 1687 1568 1706 ea
1579 1681 1745 1715 amplecten-

959 1724 994 1751 tis
1011 1731 1071 1758 qua:
1082 1724 1220 1751 exsecrari
1250 1728 1362 1758 praestat
1378 1729 1436 1752 ut-a
1451 1730 1523 1752 recta
1542 1726 1646 1753 ratione
1666 1727 1746 1753 dissi-

959 1769 1060 1797 dentia.
1076 1768 1128 1797 Sed
1145 1777 1224 1804 quam
1241 1770 1295 1797 sittt
1313 1771 1370 1797 haec
1383 1771 1470 1805 turpia
1489 1771 1554 1798 nihil
1569 1772 1700 1806 cogitans,
1715 1779 1746 1799 se

958 1822 1018 1843 esse
1034 1815 1102 1842 dixit
1118 1815 1241 1843 veritatis
1257 1819 1419 1848 amatorem,
1445 1824 1493 1844 nos
1520 1823 1614 1845 contra
1639 1823 1745 1844 struere

958 1861 1127 1889 mendacium
1147 1870 1155 1888 :
1175 1869 1237 1889 cum
1262 1862 1288 1889 id
1316 1862 1472 1889 econtrario
1500 1868 1528 1889 et
1560 1863 1744 1890 rationabilins

958 1914 1018 1935 esse
1031 1912 1059 1934 et
1081 1907 1172 1935 verius
1195 1908 1368 1943 perspicuum
1390 1908 1425 1935 sit
1441 1916 1523 1936 :nam
1552 1908 1676 1936 falsitatis
1701 1917 1745 1936 er-

959 1952 1083 1985 rorisque
1096 1957 1235 1987 patronus,
1247 1953 1370 1980 veritatis
1390 1958 1601 1988 propugnatores
1620 1954 1745 1980 falsitatis

959 1999 1064 2026 tnacnla
1077 2003 1190 2026 conatttr
1205 2007 1360 2034 aspergere.
1371 1999 1471 2027 oblitus
1486 2000 1599 2027 fortasse
1608 2001 1746 2035 propheta:

959 2045 1073 2072 dicentis
1093 2055 1100 2072 :
1121 2055 1130 2071 ι
1150 2045 1194 2072 Va:
1209 2046 1254 2080 qui
1268 2046 1470 2073 dicuntbonum
1484 2046 1582 2073 malum
1604 2051 1631 2074 et
1647 2047 1745 2073 malum

959 2093 1071 2124 bonum,
1088 2092 1132 2126 qui
1150 2097 1252 2127 ponunt
1272 2093 1397 2120 tenebras
1416 2092 1504 2119 lucem
1528 2098 1554 2119 et
1569 2093 1653 2119 lucem
1671 2099 1745 2120 tene-

959 2139 1024 2165 bras
1041 2137 1061 2153 “
1075 2138 1104 2165 lt
1125 2136 1222 2164 Verum
1235 2144 1268 2164 ex
1291 2137 1373 2164 allato
1401 2145 1414 2164 tt
1442 2145 1473 2164 se
1492 2138 1613 2172 exemplo
1640 2137 1746 2165 nescire

961 2185 1034 2211 illum
1056 2189 1149 2219 aperte
1172 2184 1234 2217 quid
1250 2183 1332 2214 dicat,
1348 2190 1495 2217 coarguere
1511 2184 1639 2210 conabor.

121 2229 255 2264 πονηρόν·
272 2230 296 2255 οἱ
314 2229 436 2260 τιθέντες
458 2230 488 2255 τὺ
507 2230 600 2261 σκότος
618 2231 658 2262 εἰς
684 2231 751 2265 φῶς,
768 2232 814 2258 καὶ
834 2233 863 2259 τὺ
885 2234 942 2269 φῶς
969 2233 1009 2264 εἰς
1033 2230 1137 2260 σκότος.
1156 2239 1165 2254 ι
1186 2227 1258 2262 Πλὴν
1271 2228 1303 2254 ἐκ
1320 2227 1365 2254 τοῦ
1386 2227 1579 2264 παροισθέντος
1597 2228 1671 2264 αὒτῷ
1691 2237 1745 2255 πα·

121 2276 301 2312 ραδεῐγματος
327 2277 395 2312 μηδὲ
422 2277 509 2304 εἰδότα
537 2278 640 2312 σαφῶς,
665 2278 678 2305 ὂ
704 2279 789 2314 λέγει,
814 2281 946 2316 διελέγξαι
961 2279 1137 2316 πειράσομαι-

154 2321 283 2347 Τίκτεται
302 2321 351 2356 μὲν
365 2321 421 2357 γὰρ
442 2322 496 2348 ἀπὸ
517 2323 617 2358 σαρκὸς
638 2324 655 2358 ή
679 2323 746 2360 σὰρξ
768 2325 903 2360 ὁμολογου-

1002 2325 1124 2359 Gignitur
1136 2316 1208 2350 cniin
1227 2330 1241 2349 a
1257 2329 1338 2349 carne
1367 2329 1430 2350 caro
1444 2323 1536 2357 procul
1552 2323 1642 2357 dubio,
1659 2328 1686 2351 et
1702 2325 1746 2352 ille

120 2367 209 2402 μένως
220 2375 227 2381 ·
248 2368 262 2394 ὁ
282 2367 310 2393 δὲ
332 2376 363 2401 γε
379 2368 435 2394 τῶν
451 2368 519 2394 ὅλων
535 2369 706 2404 Δημιουργὸς
727 2371 789 2397 καθ’
802 2372 831 2398 ὃν
851 2370 904 2398 οἶδε

117 2413 218 2448 τρόπον
242 2421 270 2439 τε
299 2413 346 2439 καὶ
368 2413 458 2447 λόγον,
483 2415 599 2441 ποιεῖται
614 2414 662 2450 τὴν
684 2415 824 2450 ψύχωσιν·
851 2417 909 2444 ἀλλ’

117 2459 134 2492 ἡ
149 2457 268 2484 τεκοῦσα
284 2458 362 2494 γυνὴ,
388 2459 478 2485 καίτοι
496 2459 580 2494 μόνης
595 2457 662 2487 οὖσα
677 2461 754 2496 πηγὴ
775 2463 825 2497 τῆς
848 2471 910 2498 σαρ-

117 2503 174 2535 κὸς,
201 2503 347 2539 ἄνθρωπον
372 2504 434 2530 ὅλον
456 2505 600 2531 ἀποτεκεῖν
617 2507 785 2540 πιστεύεται,
810 2507 856 2534 τὸν
877 2509 910 2534 ἐκ

116 2548 207 2583 ψυχῆς
222 2548 256 2584 δὴ
279 2548 351 2582 λέγω
374 2549 423 2576 καὶ
448 2548 582 2584 σώματος,
609 2551 697 2577 καίτοι
711 2550 779 2586 πρὸς
792 2551 841 2587 τὴν
859 2553 910 2588 τῆς

116 2594 208 2629 ψυχῆς
236 2594 354 2631 ὓπαρξιν
377 2595 434 2622 τῶν
457 2597 522 2631 παρ’
546 2597 645 2632 ἑαυτῆς
668 2597 909 2632 συνεισενεγκοῦσα

118 2641 203 2675 μηδὲν
217 2649 225 2656 ο
241 2641 255 2667 ὁ
275 2641 303 2666 δέ
322 2649 354 2675 γε
379 2640 524 2677 ἄνθρωπον
546 2642 641 2675 εἰπὼν,
667 2643 835 2678 συνεσήμηνέ
858 2652 909 2669 που

116 2686 226 2717 πάντως
241 2686 282 2721 τῷ
298 2686 407 2722 σώματι
422 2687 471 2721 τὴν
484 2687 629 2715 ὲνωθεῖσαν
643 2688 718 2723 αὺτῷ
732 2688 831 2724 ψυχήν.
849 2689 910 2714 ’Ὡσ-

116 2739 169 2766 περ
181 2729 228 2757 οὖν
241 2732 259 2766 ἡ
281 2732 364 2766 γυνὴ,
383 2731 473 2758 καίτοι
490 2730 609 2759 τεκοῦσα
621 2732 651 2759 τὸ
667 2732 747 2768 σῶμα
760 2733 850 2768 μόνον,
864 2733 909 2761 τὸν

116 2776 148 2801 ὲκ
161 2776 250 2811 ψυχῆς
268 2777 317 2803 καὶ
341 2775 472 2812 σώματος
488 2777 645 2805 ἀποτίκτειν
667 2777 793 2813 λέγεται·
819 2777 909 2805 διαλυ-

150 2867 170 2882 ⁵¹
189 2866 241 2894 lsa.
260 2874 287 2901 ν,
304 2867 349 2894 ‘20.

962 2377 1052 2398 rerutn
1068 2369 1188 2396 omniutn
1204 2367 1299 2402 Opifex
1323 2368 1403 2395 tnodo
1416 2372 1444 2395 et
1465 2369 1568 2395 ratione
1585 2377 1664 2404 quam
1687 2370 1746 2405 ipse

960 2416 1045 2448 novit,
1063 2419 1092 2442 ut
1110 2414 1227 2442 animata
1261 2414 1296 2440 sit
1323 2412 1403 2440 efﬁcit
1426 2421 1433 2440 τ
1454 2414 1501 2440 sed
1531 2418 1619 2441 tamen
1649 2415 1746 2442 mulier

960 2469 1020 2496 qua:
1046 2460 1162 2496 peperit,
1188 2459 1241 2487 etsi
1267 2459 1357 2486 carnis
1385 2459 1572 2486 tantummodo
1594 2460 1629 2486 sit
1657 2461 1744 2496 origo,

961 2511 1046 2534 totum
1062 2506 1199 2533 hominem
1214 2510 1302 2532 tamen
1324 2505 1402 2532 enixa
1425 2504 1565 2538 "creditur,
1594 2513 1626 2533 ex
1654 2507 1745 2534 anima

959 2552 1069 2587 inquam
1081 2557 1108 2578 et
1119 2558 1242 2586 corpore,
1255 2551 1378 2585 quamvis
1392 2551 1424 2578 ad
1447 2551 1632 2579 exsistentiam
1649 2553 1745 2580 anima:

959 2598 1028 2626 nihil
1041 2605 1056 2624 a
1074 2605 1103 2625 se
1119 2597 1176 2632 ipsa
1189 2597 1352 2625 contulerit:
1372 2598 1419 2625 sed
1446 2602 1534 2625 tamen
1547 2598 1593 2633 qtti
1609 2599 1744 2626 hominem

959 2644 1039 2676 dixit,
1055 2644 1173 2671 animam
1189 2651 1296 2678 quoque
1311 2644 1418 2678 corpori
1444 2644 1547 2671 unitam
1566 2645 1646 2672 simul
1661 2646 1744 2680 signi-

960 2689 1059 2716 ﬁcavit.
1078 2688 1114 2716 Ut
1128 2696 1193 2723 ergo
1205 2688 1302 2716 mulier
1312 2689 1435 2724 quamvis
1445 2689 1532 2717 solum
1546 2697 1643 2724 corpus
1652 2691 1742 2722 enixa,

959 2741 990 2762 ea
1007 2741 1121 2769 corpore
1132 2739 1160 2761 et
1173 2734 1263 2761 anima
1287 2739 1456 2762 constantem
1474 2736 1611 2770 peperisse
1629 2735 1742 2766 dicitur.

960 2786 1048 2814 neque
1060 2784 1148 2807 tamen
1165 2780 1190 2807 id
1204 2780 1301 2808 anima:
1318 2781 1467 2808 rationibus
1489 2781 1635 2816 quidquam
1648 2780 1741 2812 otlicit,
