1883 3054
135 157 169 185 43

623 155 662 182 'S.
682 154 817 183 CYRIIJLI
837 154 1071 182 ALEXANDRIN!
1091 154 1250 183 ARCHIEP.

1732 154 1767 182 u

136 219 236 242 malum
257 213 328 241 haud
356 218 505 249 expertem,
523 213 582 241 aliis
600 213 776 241 nihilominus
795 213 925 241 adversus

1013 225 1017 241 ι
1033 224 1081 250 την
1103 216 1174 243 κατὰ
1187 216 1287 252 σάρκα,
1307 217 1352 243 καὶ
1367 215 1400 243 ὲκ
1416 215 1561 250 γυναικός·
1577 214 1767 251 θορυϐούντων

135 261 209 287 illum
232 260 363 294 efferatis,
385 261 441 295 ipse
473 267 502 288 se
529 259 694 295 interponit,
722 267 840 293 moxque
864 259 923 286 illos

136 307 284 342 approbat,
305 314 373 341 quos
397 313 445 333 sua
462 305 583 334 docendo
612 305 780 340 perdiderat,
794 309 921 333 cmterum

136 354 162 380 in
187 360 248 380 eum
266 353 384 388 linguam
401 352 508 379 exacuit
532 351 577 387 qui
590 351 674 386 ipsius
705 352 832 386 dogmata
865 359 918 378 non

136 400 310 432 sustinuerat,
341 402 369 425 et
397 397 424 424 in
445 401 554 425 sanctos
579 396 673 424 Patres
695 397 741 431 qui
764 396 835 431 piam
860 396 922 423 ﬁdei

136 446 318 474 deﬁnitionem
347 444 424 472 nobis
449 444 656 474 constituerant,
672 449 754 477 quam
770 446 801 469 ut
835 441 921 468 animi

136 493 282 520 anchoram
310 491 441 518 habemus
458 494 541 517 tutam
558 496 590 516 ac
605 488 722 522 ﬁrmam,
738 493 768 515 ut
790 487 920 523 scriptum

134 543 176 566 est
187 538 221 564 ⁸⁸.

974 261 1003 288 δὲ
1019 262 1086 296 πρὸς
1099 262 1185 289 ταῦτα
1201 262 1255 289 τῶν
1276 263 1381 298 δήμων,
1401 262 1450 289 καὶ
1471 261 1527 288 τῶν
1545 262 1594 297 μὲν
1617 261 1765 293 πλείστων,

975 307 1023 334 καὶ
1038 308 1167 340 συνετῶν,
1188 308 1219 334 οὐ
1235 308 1355 345 μετρίοις
1377 309 1458 336 αὐτὸν
1477 309 1598 340 ὲπαίνοις
1618 306 1766 342 τετιμηκό-

975 361 1038 385 των,
1061 353 1098 385 ὼς
1118 354 1217 389 εὐσεϐῆ
1233 363 1275 386 τε,
1297 355 1345 382 καὶ
1364 354 1560 385 συνετώτατον.
1581 353 1693 387 καὶτῆς
1710 352 1766 379 τῶν

974 397 1118 433 δογμάτων
1132 398 1278 434 ὀρθότητος
1297 400 1348 426 οὐκ
1360 399 1542 435 ἠμοιρηκότα,
1563 397 1765 433 λελυττηκότων

975 451 1008 477 γε
1041 443 1094 479 μὴν
1118 445 1178 471 κατ’
1202 445 1285 472 αὑτοῦ
1311 445 1366 472 τῶν
1392 445 1492 478 ἄλλων,
1512 444 1647 472 διαλαὸὼν
1670 443 1763 475 αὐτὸς,

974 488 1135 524 ἀποδέχεται
1151 490 1202 524 μὲν
1220 490 1302 522 εὐθὺς
1315 490 1449 522 ἐκείνους.
1465 490 1512 522 οὓς
1525 490 1560 517 τὰ
1571 488 1670 516 ἑαυτοῦ
1688 487 1764 514 διδά-

973 542 1047 560 σκων
1061 535 1251 562 ἀπολώλεκεν-
1268 536 1396 572 ὲπιθήγει
1421 536 1449 562 δὲ
1471 536 1520 571 τὴν
1537 535 1661 570 γλῶτταν
1688 533 1765 568 αὐτῷ

134 593 163 611 τε
180 583 219 619 τῷ
233 582 270 618 μὴ
302 579 478 616 ἀνασχομένῳ
501 579 536 606 τὰ
557 578 652 611 αὐτοῦ,
669 578 716 604 καὶ
753 578 806 614 μὴν
829 579 877 605 καὶ
903 579 959 610 τοῖς
978 579 1066 612 ἁγίοις
1089 580 1241 616 Πατράσιν,
1260 581 1285 607 o't'
1310 581 1355 608 τὸν
1370 581 1468 617 εὐσεϐῆ
1491 581 1541 616 τῆς
1563 581 1681 612 πίστεως
1700 580 1765 615 ὅρον

134 633 200 668 ἡμῖν
215 630 492 665 τεθεσμοθετήκασιν,
513 629 547 664 ἢν
563 627 601 660 ὡς
617 627 742 663 ἄγκυραν
778 627 876 663 ἔχομεν
894 627 943 662 τῆς

136 681 226 717 μένον.

169 725 309 762 [Νεςποιι.
330 723 440 751 Gaudeo
466 722 554 753 enim,
577 721 681 756 inquit,
705 725 825 748 vestrum
851 719 924 754 aspi-

133 773 209 800 ciens
233 771 332 798 zelum.
357 769 477 796 Indidem
503 768 646 802 perspicue
671 766 783 801 coargui
809 769 924 801 possunt

133 827 193 854 qum
213 816 361 845 abinfelici
386 815 495 842 homine
517 819 582 842 sunt
603 813 735 849 ﬂagitiose
749 812 820 840 dicta
837 821 843 840 :
860 819 921 839 nam

134 871 249 899 quorum
279 863 338 890 dum
364 867 428 889 sunt
451 861 650 895 generationes,
669 867 761 886 eorum
791 859 843 886 duo
868 858 923 885 sint

135 912 181 938 lilii
205 905 317 937 n‘ecesse
339 912 380 935 est
396 916 401 934 :
416 907 464 934 sed
486 906 605 933 Ecclesia
633 912 715 932 unum
737 904 858 940 agnoscit
875 903 923 931 Fi-

133 956 211 987 lium,
228 955 315 989 ipsum
331 952 471 980 Dominum
486 949 649 985 Christum]

456 1019 532 1046 CAP.
557 1018 598 1045 Vl.

168 1089 336 1118 Stultissitne
361 1087 425 1123 quid
453 1087 495 1114 liis
524 1087 557 1113 de
584 1086 666 1114 rebus
692 1087 863 1114 sentiendum
887 1086 923 1114 sit

135 1136 317 1164 deﬁnitionem
344 1133 458 1168 protulit
485 1132 597 1158 dicens:
614 1131 746 1167 [Quorum
771 1132 831 1159 dua:
859 1136 924 1159 sunt

134 1182 336 1217 generationes,
352 1181 452 1213 feorum
474 1178 526 1204 duo
540 1184 649 1212 quoque
673 1177 728 1204 sint
744 1177 790 1204 lilii
811 1185 923 1205 necesse

134 1226 198 1263 est]
213 1226 348 1254 Caeterum
367 1223 468 1251 omissa
490 1223 533 1250 liis
549 1224 582 1250 de
598 1223 680 1251 rebus
703 1223 809 1251 exiliori
830 1224 923 1258 dispu-

136 1274 250 1305 tatione,
267 1270 377 1299 interim
396 1277 458 1304 qua:
481 1269 514 1295 ad
531 1269 663 1296 orationis
684 1273 784 1296 nostra:
798 1269 922 1304 proposi-

136 1324 193 1346 tum
210 1325 243 1345 ex
259 1315 382 1352 diligenti
399 1314 577 1349 inquisitione
591 1314 705 1341 inveniri
723 1318 847 1349 poterunt
865 1314 923 1341 col-

135 1365 260 1399 ligamus.
289 1362 373 1397 Igitur
397 1361 464 1387 duas
497 1367 558 1387 esse
577 1360 780 1394 generationes,
812 1359 923 1387 minime

135 1408 332 1436 admittendum
359 1405 475 1433 censuit.
502 1404 586 1432 Unam
607 1411 688 1440 porro
717 1405 883 1432 nativitatem
906 1412 920 1431 a

130 1454 213 1482 nobis
232 1460 292 1481 esse
305 1450 486 1479 conﬁtendam
499 1450 607 1482 asserit,
625 1457 657 1477 ne
675 1450 741 1477 duos
756 1450 826 1476 ﬁlios
841 1449 922 1478 intel-

135 1502 259 1536 ligimus,
275 1506 307 1525 ac
329 1499 351 1525 si
373 1504 486 1524 necesse
503 1496 549 1529 sit,
566 1496 588 1524 si
607 1496 666 1522 dute
683 1503 795 1530 prorsus
811 1504 922 1531 genera-

135 1547 223 1573 tiones
235 1545 300 1576 siut,
314 1544 380 1570 duos
393 1543 458 1569 item
474 1541 545 1568 ﬁlios
560 1540 664 1567 inferri.
680 1539 872 1576 Prodeatergo
888 1549 920 1568 ac

134 1593 231 1620 doceat
254 1594 347 1618 utram
375 1588 579 1623 generatimtem
604 1586 680 1613 malit
704 1586 859 1620 admittere,
887 1587 921 1613 il-

936 948 958 976 Β

979 627 1069 664 ψυχῆς
1092 629 1201 665 ἀσφαλῆ
1225 639 1254 657 τε
1278 630 1327 658 καὶ
1348 630 1472 666 βεὸαίαν,
1495 629 1566 657 κατὰ
1588 630 1619 656 τὸ
1639 638 1765 665 γεγραμ-

1010 719 1117 755 [Χαιρω
1131 719 1197 756 γὰρ,
1211 720 1274 756 ἔφη,
1283 720 1330 747 τὸν
1344 720 1477 756 ὑμέτερον
1489 720 1658 755 θεασάμενος
1669 719 1762 756 ζῆλον.

974 765 1092 791 Δὺτόθεν
1101 766 1160 792 ἐστὶ
1172 766 1259 800 σαφὴς
1267 767 1315 801 τῆς
1323 766 1532 801 τῶνλεχθέντων
1547 766 1601 802 [ῑσ.
1612 766 1700 802 σαφὴς
1710 766 1765 793 τῶν

972 810 1134 847 λεχθέντων]
1149 812 1201 838 ὑπὸ
1214 812 1263 847 τῆς
1276 812 1322 839 τοῦ
1343 812 1459 839 δειλαίου
1479 813 1590 848 μιαρίας
1606 814 1621 839 ὁ
1634 812 1762 848 ἐλεγχος⁸

974 852 1013 883 ὧν
1027 856 1081 893 γὰρ
1092 857 1139 884 δύο
1151 859 1301 893 γεννήσεις,
1318 858 1419 885 τούτων
1430 858 1476 884 δύο
1491 859 1543 885 υἱοί
1552 867 1559 874 ·
1575 860 1590 894 ἡ
1604 859 1633 885 δὲ
1647 858 1766 893 Ἐκκλη-

974 903 1021 930 σία
1035 903 1084 930 ἕνα
1099 900 1169 930 οἶδεν
1186 903 1262 936 Υιὸν,
1277 904 1323 930 τὸν
1335 903 1474 939 Δεσπότην
1486 904 1628 940 Χριστόν.Ί

1263 1016 1392 1043 ΚΕΦᾹΛ.
1413 1017 1459 1050 ς’.

1016 1083 1197 1118 Ἀνοητοτατα
1215 1090 1265 1118 μεν
1280 1080 1326 1110 οὗν
1341 1083 1387 1110 τὸν
1401 1083 1456 1110 τῶν
1471 1083 1519 1111 ἐπὶ
1533 1084 1638 1116 τούτοις
1653 1084 1766 1112 ἐννοιῶν

975 1128 1038 1164 ὅρον
1064 1128 1242 1164 ἐξηνέγκατο,
1256 1129 1360 1163 λέγων·
1381 1127 1443 1165 [Ὧν
1463 1130 1518 1166 γὰρ
1543 1130 1589 1157 δύο
1605 1131 1764 1167 γεννήσεις,

974 1175 1078 1202 τούτων
1094 1175 1142 1202 καὶ
1154 1174 1201 1201 δύο
1215 1175 1290 1211 υίοί.]
1311 1175 1498 1212 ’ἰσχνομυθίας
1508 1185 1540 1211 γε
1557 1177 1610 1212 μὴν
1623 1177 1672 1212 τῆς
1687 1177 1717 1203 ἐν
1732 1185 1765 1211 γε

975 1221 1082 1253 τούτοις
1096 1221 1227 1256 ἀφέμενοι
1241 1243 1248 1255 ,
1263 1222 1331 1254 τέως
1349 1222 1417 1258 πρὸς
1432 1222 1478 1249 τὸν
1493 1222 1540 1249 τοῦ
1564 1223 1645 1257 λόγου
1660 1222 1765 1250 σκοπὸν

975 1266 1009 1293 τὰ
1022 1265 1052 1299 ἐξ
1065 1266 1198 1301 ἀκριϐοῦς
1210 1266 1334 1303 ἐρεύνης,
1350 1267 1416 1303 φέρε
1427 1267 1469 1302 δὴ,
1481 1268 1559 1303 φέρε,
1577 1267 1763 1304 συλλέγωμεν.

975 1311 1080 1338 Οὐκοῦν
1101 1311 1291 1347 ἁπαράδεκτον
1316 1313 1378 1348 [Ion
1398 1313 1422 1339 ει
1439 1313 1487 1340 δύο
1510 1311 1582 1340 εἶναι
1604 1315 1764 1350 γεννήσεις,

974 1357 1176 1393 ἀπαράδεκτον]
1192 1358 1354 1393 ἐποιήσατο,
1374 1359 1513 1394 χρῆναιδέ
1529 1368 1596 1395 φησι
1616 1360 1683 1396 μίαν
1696 1362 1764 1394 ὀμο-

975 1403 1112 1438 λογεῖσθαι
1124 1404 1192 1439 πρὸς
1208 1404 1302 1439 ἡμῶν,
1319 1405 1362 1432 ἴνα
1377 1405 1415 1440 μὴ
1432 1405 1478 1431 δύο
1494 1406 1598 1440 νοῶμεν
1618 1406 1710 1438 υἱούς·
1726 1406 1765 1438 ὡς

975 1450 1004 1477 ὂν
1020 1450 1175 1484 ἐπάναγκες
1186 1470 1192 1482 ,
1207 1452 1232 1477 εἰ
1246 1451 1292 1477 δύο
1305 1451 1413 1483 πάντως
1428 1452 1456 1478 αἱ
1471 1451 1613 1485 ἀποτέξεις
1632 1450 1698 1483 εἶεν,
1717 1452 1765 1478 δύο

976 1495 1023 1522 καὶ
1036 1496 1111 1527 υἱοὺς
1131 1497 1305 1532 εἰσφέρεσθαι
1316 1505 1322 1512 ·
1340 1497 1489 1525 διδασκέτω
1511 1498 1664 1534 παρελθὼν,
1682 1499 1764 1525 ποίαν

976 1541 1031 1577 ἄρα
1043 1541 1097 1568 τῶν
1113 1543 1267 1577 γεννήσεων
1279 1543 1473 1579 παραδέξεται,
1489 1543 1537 1579 τὴν
1551 1543 1716 1578 προαιώνιόν
1734 1551 1764 1571 τι

975 1588 1023 1614 καὶ
1048 1588 1079 1614 ἐκ
1105 1588 1223 1623 Πατρὸς,
1245 1588 1307 1615 καθ’
1320 1588 1354 1624 ἢν
1377 1588 1456 1615 οὔπω
1470 1589 1679 1625 σεσαρκωμένος
1697 1589 1764 1622 Θεὸς

129 1639 226 1666 iamne
247 1644 280 1664 ex
304 1635 384 1663 Patre
410 1638 473 1660 ante
493 1632 602 1665 srecula,
626 1639 676 1667 per
698 1639 779 1667 quant
802 1632 922 1659 nondum

1021 1634 1035 1661 6
1051 1633 1147 1668 Λόγος,
1163 1634 1247 1669 ἧγουν
1261 1635 1376 1669 ταυτηνὶ
1398 1634 1448 1669 τὴν
1476 1635 1644 1670 πρόσφατον,
1663 1635 1712 1662 καὶ
1731 1636 1764 1662 ἐκ

136 1685 291 1712 incarnatus
319 1681 388 1708 Deus
399 1683 459 1707 erat
479 1678 606 1708 Verbum,
621 1685 654 1704 an
669 1685 732 1704 vero
745 1678 815 1705 hanc
834 1685 925 1705 recen-

133 1736 189 1758 tem
203 1733 230 1757 et
244 1736 279 1756 ex
296 1725 426 1754 muliere?
440 1725 507 1752 Nam
526 1725 549 1751 si
566 1724 638 1751 illam
654 1724 725 1751 dicet
739 1724 834 1756 solam,
849 1723 920 1750 illam

136 1778 198 1804 dico
220 1780 283 1803 ante
305 1773 404 1801 SBCIIla
426 1776 454 1799 et
472 1779 504 1798 ex
529 1769 620 1801 Patre.
647 1769 692 1796 ille
711 1769 763 1796 erit
787 1769 879 1803 utique
897 1772 925 1795 et

137 1822 246 1857 quidem
264 1819 337 1847 solus
348 1818 449 1849 Filius,
468 1817 514 1851 qui
529 1823 563 1843 ex
581 1823 614 1842 eo
629 1816 778 1842 secundtun
800 1819 922 1841 naturam

137 1872 178 1894 est
195 1870 281 1896 ortus,
297 1868 443 1897 antequam
464 1860 537 1887 carni
554 1863 581 1886 et
602 1858 723 1893 sanguini
739 1858 923 1885 communica-

130 1915 181 1939 tret
191 1910 214 1926 "
229 1919 236 1937 :
253 1914 354 1937 temere
370 1912 459 1933 autem
468 1913 502 1932 ac
514 1904 613 1931 frustra
625 1903 783 1939 mysterium
799 1903 923 1929 incarna-

137 1950 219 1985 tionis
229 1955 375 1987 asseritur;
386 1952 458 1979 nullo
467 1951 537 1979 enim
547 1951 626 1978 tuodo
637 1950 755 1984 seipsum
766 1949 922 1981 exiuanivit,

129 2009 226 2037 neque
242 2001 324 2028 subiit
339 1999 409 2027 servi
427 1998 542 2025 formam
555 1996 588 2030 °°,
605 1995 652 2023 sed
666 1996 706 2022 sic
720 1995 879 2030 permansit,
897 2000 925 2021 et

136 2054 229 2076 veram
253 2045 344 2073 carnis
373 2042 568 2079 injunctionem
584 2042 724 2075 bur-usque
744 2039 853 2074 refugit.
872 2039 920 2066 Sin

131 2102 205 2122 wero
228 2092 275 2127 qui
294 2090 430 2118 extremis
453 2087 619 2122 temporibus
640 2093 674 2113 ex
702 2085 820 2119 muliere
844 2090 923 2112 natus

135 2144 187 2173 est,
208 2139 232 2167 is
245 2138 338 2172 utique
355 2136 459 2163 dicetur
477 2139 505 2162 et
523 2133 630 2168 quidem
646 2132 720 2159 solus
735 2130 830 2163 Filius,
843 2135 924 2165 atque

135 2187 217 2213 etiam
236 2184 321 2212 solam
340 2184 410 2210 hanc
425 2189 459 2208 ex
477 2181 590 2207 muliere
607 2178 809 2212 generationem
826 2177 924 2204 admit-

137 2237 224 2259 temus
237 2237 325 2264 :sergo
343 2227 498 2256 necessario
513 2225 630 2261 perdidit
647 2225 756 2252 illudex
774 2223 829 2251 Deo
843 2223 923 2250 Patre

135 2277 253 2306 Verbum
269 2283 303 2303 ne
319 2276 355 2303 sit
371 2274 518 2302 secundum
534 2277 657 2298 naturam
675 2269 769 2297 Filius.
786 2270 840 2297 Sed
852 2269 924 2296 videt

136 2330 248 2359 prorsus
269 2322 311 2348 vir
326 2320 379 2347 .Dei
405 2325 511 2346 amator
532 2325 612 2352 quam
640 2316 696 2344 sint
718 2316 760 2342 liae
780 2315 921 2342 sententiae

137 2370 270 2400 absurda},
283 2372 310 2395 et
324 2371 490 2401 quantopere
502 2363 556 2397 22
568 2363 602 2389 ad
616 2362 783 2396 impietatem
798 2364 920 2394 vergant.

139 2415 174 2443 Ut
187 2421 253 2448 ergo
274 2413 316 2439 via
339 2411 411 2445 regia
431 2409 596 2445 gradiantur,
621 2408 688 2434 duas
704 2407 821 2434 dicimus
838 2405 923 2432 fuisse

138 2461 303 2490 nativitates,
329 2457 377 2485 sed
395 2463 477 2483 unum
496 2455 524 2481 in
539 2458 654 2488 utraque
676 2452 786 2483 Filium,
809 2459 870 2478 cum
894 2451 920 2476 in

137 2513 218 2534 carne
231 2504 348 2531 nondum
364 2507 446 2533 esset,
464 2500 578 2528 Verbum
592 2507 625 2527 ex
641 2498 707 2530 Deo,
722 2499 846 2525 eumdem
859 2503 923 2523 vero

137 2557 231 2586 postea
251 2550 333 2577 etiam
351 2549 534 2579 incarnatum,
552 2552 579 2574 et
590 2547 635 2580 qui
652 2549 762 2580 propter
775 2551 824 2570 nos
836 2549 924 2577 gene-

139 2597 269 2624 rationem
290 2595 438 2623 secunduut
466 2599 577 2620 carnem
603 2599 645 2619 ex
663 2590 774 2617 muliere
798 2587 923 2616 subierit.

138 2643 204 2670 Nam
224 2642 246 2669 si
262 2641 376 2668 dixisset
391 2640 417 2667 in
440 2639 594 2666 hominibus
611 2642 740 2672 oportere
753 2642 877 2671 prorsus,
900 2634 923 2661 si

137 2689 204 2715 duas
220 2686 408 2722 generationes
427 2684 560 2716 dicamus,
588 2684 654 2709 duos
670 2689 730 2708 esse
753 2681 831 2712 ﬁlios,
850 2684 923 2706 recte

136 2742 168 2761 ae
193 2740 254 2760 vere
279 2731 474 2759 dixissetzsed
496 2730 561 2764 quia
585 2728 685 2756 Christi
709 2727 868 2762 mysterium
897 2731 923 2752 et

138 2778 331 2806 incarnationis
357 2777 425 2803 ratio
440 2775 520 2802 aliam
540 2775 610 2801 viam
636 2779 719 2807 tenet,
737 2779 764 2801 et
790 2774 816 2800 in
842 2773 922 2800 rebus

179 2869 202 2884 ⁵⁸
213 2867 295 2895 Hebr.
314 2874 350 2900 vt,
366 2865 407 2893 l9.
447 2866 470 2881 ε’
482 2865 562 2892 llobr.
580 2872 610 2895 ll,
632 2864 671 2891 li.
710 2864 732 2878 ¹⁶
742 2862 859 2897 Philipp.
874 2869 904 2894 ll,
916 2861 942 2890 6.

939 2296 960 2323 lt

974 1679 1102 1713 γυναικός
1114 1687 1121 1711 ;
1135 1679 1167 1706 El
1182 1678 1231 1713 μὲν
1247 1676 1294 1705 οὖν
1309 1679 1417 1714 ἐκείνην
1439 1679 1514 1714 ἐρεῖ,
1532 1679 1579 1706 καὶ
1602 1680 1697 1716 μόνην,
1713 1681 1764 1717 τὴν

975 1724 1141 1760 προαιὼνιον
1156 1725 1245 1758 λέγω,
1262 1725 1309 1751 καὶ
1332 1726 1364 1751 ὲκ
1384 1725 1492 1761 Πατρὸς
1505 1744 1513 1758 ,
1530 1726 1632 1758 ἐκεῖνος
1652 1726 1686 1754 ἂν
1708 1727 1763 1763 εῐη,

974 1771 1022 1798 καὶ
1040 1771 1119 1806 μόνος
1140 1770 1216 1804 Υἱὸς,
1232 1771 1246 1797 6
1263 1770 1292 1803 ἐξ
1306 1770 1388 1797 αὑτοῦ
1412 1771 1484 1798 κατά
1503 1771 1594 1806 φύσιν,
1608 1771 1685 1799 οὔπω
1699 1781 1764 1809 σαρο

974 1817 1032 1850 κὸς,
1064 1817 1111 1844 καὶ
1128 1817 1244 1852 αἵματος
1265 1817 1490 1853 κεκοινωνηκώςν
1507 1818 1570 1852 εξκῆ
1590 1817 1630 1851 δὲ,
1651 1818 1700 1845 καὶ
1725 1819 1764 1850 ὡς

974 1863 1046 1889 ἔοικε
1064 1862 1073 1898 [
1086 1863 1129 1890 lo’.
1144 1863 1222 1898 ἔτυχε
1233 1862 1244 1899 ]
1255 1883 1262 1895 ,
1285 1863 1316 1889 τὸ
1329 1862 1380 1897 τῆς
1396 1863 1629 1898 ἐνανθρωπὴσεως
1643 1863 1763 1891 λαλεῖται

976 1910 1141 1943 μυστήριον·
1160 1908 1208 1934 καὶ
1228 1907 1365 1934 κεκένωκε
1392 1907 1442 1942 μὲν
1466 1907 1564 1934 ἑαυτὸν
1585 1908 1644 1934 κατ’
1669 1907 1763 1934 οὐδένα

974 1955 1089 1990 τρόπον·
1111 1954 1174 1981 οὗτε
1198 1954 1251 1989 μὴν
1265 1954 1294 1980 ὲν
1313 1955 1346 1989 τῇ
1360 1953 1407 1980 τοῦ
1424 1953 1517 1980 δούλου
1540 1954 1635 1988 γέγονε
1650 1955 1762 1990 μορφῇ·

976 2000 1114 2035 μεμένηκε
1130 2000 1158 2026 δὲ
1172 2000 1253 2032 οὓτω,
1269 2000 1319 2035 τὴν
1340 1999 1408 2035 πρὸς
1429 1999 1518 2035 σάρκα
1539 1999 1647 2026 σύνοδον
1673 2000 1762 2034 ἀληθῆ

974 2047 1021 2072 καὶ
1038 2047 1078 2077 εἰς
1090 2045 1171 2082 δεῦρο
1184 2045 1413 2081 παραιτούμενος.
1435 2045 1506 2072 Ἀλλ’
1521 2045 1535 2072 6
1551 2044 1606 2082 [Ῐσ.
1622 2045 1681 2072 ἀλλ’
1696 2047 1721 2072 εί
1736 2045 1761 2082 6]

975 2093 1004 2119 ὲν
1020 2092 1144 2127 ἐσχάτοις
1159 2093 1266 2128 καιροῖς
1283 2092 1315 2118 ὲκ
1331 2091 1469 2125 γυναικὸς,
1486 2092 1568 2124 αὐτὸς
1590 2092 1624 2118 ἂν
1646 2091 1761 2126 λέγοιτο,

975 2138 1022 2164 καὶ
1047 2138 1127 2173 μόνος
1149 2138 1229 2169 Υἱός·
1245 2137 1292 2165 καὶ
1317 2138 1349 2173 δὴ
1369 2137 1416 2164 καὶ
1442 2137 1507 2172 μίαν
1531 2138 1644 2173 ταυτηνὶ
1661 2138 1711 2173 τὴν
1731 2138 1761 2164 ἐκ

974 2185 1105 2218 γυναικὸς
1119 2184 1330 2219 παραδεξόμεθα
1347 2184 1490 2219 γέννησιν,
1507 2182 1662 2210 ἀπώλισθεν
1679 2183 1762 2217 ἀναγ-

973 2230 1060 2261 καίως
1074 2229 1121 2256 τοῦ
1140 2227 1210 2255 εἶναι
1225 2229 1296 2255 κατὰ
1318 2229 1399 2263 φύσιν
1422 2229 1485 2260 Υἱὸς
1497 2229 1512 2255 6
1526 2229 1558 2254 ὲκ
1573 2227 1641 2254 Θεοῦ
1655 2228 1763 2264 Πατρὺς

975 2275 1072 2309 Λόγος.
1094 2275 1164 2300 Ἀλλ’
1176 2275 1227 2310 ὅρα
1243 2274 1305 2310 [ῖσ.
1329 2274 1399 2311 ὁρᾷ]
1421 2283 1472 2301 που
1487 2274 1596 2305 πάντως
1609 2275 1623 2300 6
1636 2273 1763 2308 θεοφιλὴς

974 2320 1024 2356 τὴν
1038 2320 1092 2346 τῶν
1105 2320 1215 2347 ἐννοιῶν
1228 2320 1353 2354 ἀτοπίαν,
1377 2321 1424 2347 καὶ
1450 2320 1480 2347 τὸ
1505 2319 1564 2346 λίαν
1581 2320 1764 2350 ἀπονενευκὸς

974 2366 1015 2397 είς
1036 2365 1175 2392 ἀσέϐειαν.
1190 2365 1249 2392 Ἵνα
1264 2366 1353 2392 τοίνυν
1366 2366 1423 2393 ὁδὸν
1437 2365 1583 2401 ὲρχώμεθα
1597 2365 1646 2400 τὴν
1661 2365 1764 2400 βασιλι-

974 2410 1037 2446 κὴν,
1051 2410 1098 2437 δύο
1113 2410 1203 2446 φαμὲν
1221 2411 1347 2445 γενέσθαι
1363 2411 1411 2443 τὰς
1436 2411 1587 2444 ἁποτέξεις,
1609 2411 1658 2437 ἕνα.
1674 2410 1702 2436 δὲ
1718 2409 1764 2436 τὸν

974 2456 1006 2482 δι’
1021 2457 1121 2491 ἀμφοῖν
1135 2457 1198 2483 Υῐόν
1210 2466 1217 2472 ⁵
1235 2456 1312 2483 οὔπω
1326 2457 1376 2492 μὲν
1393 2458 1421 2484 ἐν
1437 2458 1519 2492 σαρκὶ
1534 2458 1663 2491 γεγονότα
1674 2457 1721 2483 τὸν
1732 2458 1764 2483 ὲκ

976 2502 1042 2528 Θεοῦ
1060 2503 1160 2536 Λόγον·
1178 2503 1223 2529 τὸν
1236 2503 1317 2529 αὐτὸν
1333 2503 1359 2529 δὲ
1381 2503 1451 2538 μετὰ
1467 2503 1546 2529 τοῦτο
1560 2503 1608 2529 καὶ
1628 2511 1764 2537 σεσαρκω-

979 2547 1068 2582 μένον,
1086 2548 1132 2574 καὶ
1148 2548 1180 2574 δι’
1198 2548 1277 2583 ἡμῶν
1293 2548 1348 2584 [Ῐσ.
1365 2548 1398 2575 δι’
1414 2548 1500 2584 ἡμᾶς]
1519 2548 1568 2584 τὴν
1590 2550 1621 2575 ἐκ
1636 2548 1764 2582 γυναικὸς

976 2592 1129 2619 ἁνατλάντα
1152 2593 1278 2628 γέννησιν
1303 2593 1373 2620 κατὰ
1396 2593 1495 2629 σάρκα.
1518 2594 1548 2620 Εἰ
1567 2593 1617 2628 μὲν
1642 2594 1698 2629 γὰρ
1721 2594 1763 2619 ἐπ’

976 2637 1128 2673 ἀνθρώπων
1143 2638 1245 2672 ἔφασκε
1258 2638 1294 2671 τὸ,
1303 2639 1400 2674 χρῆναι
1414 2638 1446 2673 δὴ
1463 2638 1569 2669 ’πάντως
1582 2638 1629 2664 δύο
1646 2638 1764 2665 νοεῖσθαι

975 2683 1039 2714 τοὺς
1061 2685 1144 2717 υἱοὺς,
1163 2685 1187 2710 εί
1208 2684 1236 2710 δὲ
1253 2684 1300 2711 δύο
1314 2683 1368 2720 [ian
1386 2685 1411 2710 εἰ
1426 2684 1483 2720 δύο]
1504 2685 1645 2718 γεννήσεις
1666 2684 1766 2719 ὀνομά-

976 2727 1069 2763 ςομεν,
1090 2729 1179 2764 ὀρθῶς
1197 2729 1229 2755 ἂν
1251 2729 1316 2764 εφη,
1335 2729 1382 2756 καὶ
1396 2727 1430 2765 ἧν
1447 2729 1561 2764 ἀληθές·
1579 2728 1674 2764 ἐπειδὴ
1689 2729 1717 2754 δὲ
1736 2728 1765 2754 τὸ

976 2773 1093 2808 Χριστοῦ
1104 2773 1253 2809 μυστήριον
1276 2774 1322 2800 καὶ
1335 2773 1349 2799 ὁ
1364 2774 1412 2809 τῆς
1426 2773 1660 2809 ὲνανθρωπὴσεως
1676 2773 1764 2807 λόγος,
