1883 3054
113 174 148 200 ιε.
687 169 876 199 ADVERSUS
893 168 1098 197 NESTORIUM
1118 168 1183 197 LIB.
1204 170 1225 197 ῐ.
1705 172 1739 200 ιδ

114 232 210 268 ἑτέραν
228 230 286 266 ἔχει
301 239 352 267 την
365 231 434 264 ὁδὸν,
450 231 498 259 καὶ
513 232 564 259 οὐκ
582 231 612 258 ἐν
630 239 664 266 γε
681 232 737 262 τοῖς
753 231 814 258 καθ’
833 231 883 266 ἠμέ

970 229 1059 257 rostris
1070 236 1122 256 non
1138 229 1231 257 eodem
1251 229 1331 258 modo
1344 228 1519 263 conspicitur.
1537 236 1586 257 cur
1596 237 1740 258 consuetu-

116 278 264 314 ἰποτρόπως
276 279 386 313 ὁρὶται,
396 277 423 304 τί
437 279 499 310 ταῖς
512 278 574 305 καθ’
586 278 660 314 ἡμᾶς
674 277 828 312 συνηθείαις
841 284 904 303 συν-

114 324 195 360 ορῶν,
213 321 274 350 εἶτα
283 325 340 356 τοῖς
356 324 533 359 παραδόξοις,
545 324 592 350 καὶ
606 321 778 358 ὑπὲρδλόγον,
786 322 832 348 τδν
843 321 906 348 νοῦν

115 369 213 401 ἐνιεὶς,
239 369 281 400 είς
305 369 520 405 ἀδρανεστάτην,
542 368 589 395 καὶ
606 367 700 403 ἀμαθῆ
716 367 766 402 τὴν
789 366 907 400 ὀλιγοπι-

116 415 193 441 στίαν
214 415 415 450 καταφωρᾶται
434 414 545 447 πεσών;
574 413 607 439 Ὃ
635 413 664 439 δέ
688 421 733 447 μοι
757 411 907 446 θαυμάζειν

115 461 238 493 ἔπεισιν,
254 461 343 487 ἐκεῖνό
362 462 436 486 ἐστιν
447 468 454 475 ·
481 460 530 486 ἕνα
542 459 596 495 γὰρ
610 460 639 485 ἐν
651 458 755 488 τούτοις
769 457 906 492 ὁμολογῶν

118 507 182 533 Υῐδν
207 507 308 534 εἰδέναι
325 507 375 542 τὴν
396 505 577 541 Ἐκκλησίαν,
592 503 793 540 προστεθεικὼς
806 504 846 536 δὲ,
865 504 906 529 ὃτι

116 554 162 580 τὸν
170 553 313 589 Δεσπότην
325 553 454 588 Χριστὸν,
461 553 554 580 οὐκέτι
563 552 711 587 τετήρηκεν
721 551 778 577 ἕνα·
790 549 906 585 διῖστησι

115 601 171 636 γὰρ
186 600 312 636 ἀλλήλων
326 600 361 626 τὰ
377 600 516 635 ἡνωμένα,
538 599 586 626 καὶ
601 598 652 625 ἀνὰ
673 598 755 633 μέρος
777 596 906 631 ἑκάτερον

114 647 236 682 τίθησιν,
252 646 282 672 ού
295 646 322 672 τί
339 646 388 681 μὲν
407 645 466 672 ἐστι
482 644 552 671 κατὰ
567 643 647 679 φύσιν
662 643 676 669 ὁ
691 643 788 676 Λόγος,
804 642 907 677 διερευ-

115 692 252 727 νώμενος,
268 692 295 718 τί
311 692 338 717 δὲ
350 692 425 726 καὶὴ
442 689 525 724 σάρΞ”
542 688 683 724 ἄνθρωπον
697 687 725 714 δὲ
738 686 849 722 μᾶλλον,
859 686 906 712 καὶ

115 738 196 769 Θεὺν,
215 737 256 768 ὡς
272 738 300 763 ἐν
316 736 418 771 ἰσότητι
443 736 513 770 μόνῃ
533 734 582 769 τῆς
597 733 684 767 δόξης,
700 732 823 767 καθάπερ
841 731 906 765 γοῦν

115 783 215 814 οἴεται,
231 781 369 815 συλλέγων
386 781 426 812 εἰς
440 780 480 811 ἓν,
494 780 561 814 ὅπερ
578 779 635 805 ἐστὶ
648 778 786 809 παντελῶς
799 778 908 813 ἀμήχα-

117 837 164 856 νον
190 827 343 864 [ἀπίθανον
356 826 365 863 j
378 847 385 859 ,
402 826 503 860 μᾶλλον
518 826 546 852 δὲ
561 825 608 852 καὶ
623 823 778 858 ἀνέφικτον,
800 823 847 849 καὶ
861 823 907 849 τὸν

116 873 165 901 τοῦ
190 873 341 910 μυστηρίου
362 872 441 906 λόγον
466 870 607 899 κατασείει
636 870 705 906 πρὸς
728 869 758 896 τὸ
780 869 905 900 ἀκαλλὲς.

119 921 194 956 Ἔφη
211 920 241 946 δὲ
257 919 345 950 οὕτως
355 927 362 934 ·

155 967 214 1004 [Δεῖ
229 966 258 993 δὲ
280 966 366 1001 ἡμᾶς,
390 964 439 991 νῦν
456 963 509 1000 γὰρ
522 961 603 999 ἦλθον
617 963 658 995 εἰς
672 962 785 995 ἔννοιαν,
801 962 847 988 καὶ
859 961 909 997 τὴν

119 1012 193 1039 κατὰ
218 1011 339 1039 Νίκαιαν
365 1009 474 1037 σύνοδον
500 1009 606 1044 μαθεῖν,
623 1007 741 1043 οὐδαμοῦ
766 1006 910 1042 τολμῶσαν

119 1059 219 1091 εἰπεῖν,
234 1058 278 1084 ὅτι
298 1058 313 1084 ό
336 1056 403 1088 Θεὸς
422 1055 554 1090 ἐγεννήθη
578 1055 611 1081 ἐκ
629 1054 752 1090 Μαρίας’
775 1053 826 1088 ἔφη
843 1053 909 1087 γὰρ,

118 1104 161 1130 ὅτι
187 1102 359 1138 Πιστεύομιν
370 1102 411 1133 είς
422 1101 471 1128 ἕνα
481 1100 547 1127 Θεὸν
561 1099 670 1135 Πατέρα
684 1099 891 1134 παντοκράτορα
900 1105 908 1112 ·

118 1150 168 1177 καὶ
180 1150 221 1181 είς
235 1148 285 1175 ἕνα
299 1148 403 1183 Κύριον
423 1146 527 1182 Ἰησοῦν
540 1146 668 1181 Χριστόν.
689 1145 850 1181 Προσέχετε,
869 1144 910 1170 ὅτι

120 1197 256 1233 πρότερον
270 1195 423 1226 τεθεικότες
433 1195 477 1227 τὸ,
488 1193 616 1230 Χριστὸς,
626 1193 640 1219 ὅ
656 1193 715 1219 ἐστι
732 1192 844 1227 μήνυμα
855 1191 910 1217 τῶν

123 1243 170 1270 δύο
187 1242 309 1278 φύσεων,
330 1241 380 1268 οὐχ
397 1239 490 1270 εἶπαν,
508 1240 555 1272 Εἰς
570 1239 619 1266 ινα
643 1238 708 1265 Θεὸν
729 1238 828 1272 Λόγον·
852 1237 909 1263 ἀλλ’

121 1289 220 1316 ἔλαϐον
232 1288 263 1315 τὸ
277 1288 363 1323 δνομα
385 1287 415 1313 τὺ
434 1287 567 1321 σημαῖνον
589 1285 750 1321 ἀμφότερα,
777 1284 821 1310 ἵνα
846 1284 910 1310 ὃταν

122 1333 349 1361 ὑποκαταϐαίνων
366 1331 486 1368 ἀκούσῃς
509 1331 634 1363 θάνατον,
661 1330 698 1366 μὴ
722 1329 828 1364 Εενίζῃ³
856 1329 909 1360 ἵνα,

120 1380 167 1406 τδν
195 1379 400 1414 σταυρωθέντα,
428 1379 476 1405 καὶ
498 1377 634 1412 ταφέντα,
666 1376 703 1412 μὴ
729 1375 834 1411 πλήττῃ
861 1374 911 1410 τὴν

122 1425 218 1462 ἀκοὴν,
234 1425 273 1457 ὡς
286 1425 414 1459 θεότητος
426 1424 514 1451 ταῦτα
529 1421 700 1458 πειθούσης.]
723 1419 789 1448 Εἶτα
807 1420 911 1451 τούτοις

122 1471 264 1505 ἐπιφέρει·
285 1469 467 1506 [Πιστεύομεν
486 1470 525 1501 είς
543 1469 592 1495 ενα
604 1468 707 1503 Κύριον
727 1466 830 1502 Ὶησούν
843 1467 910 1501 Χρι-

123 1517 202 1549 στὸν,
229 1516 277 1542 τδν
299 1516 362 1542 Υἱδν
386 1515 432 1542 τὸν
454 1515 595 1551 μονογενῆ,
617 1514 662 1540 τὸν
688 1513 719 1539 ἐκ
739 1513 785 1539 τοῦ
806 1511 911 1548 Πατρὺς

120 1561 307 1596 γεννηθέντα·
332 1560 379 1586 τὸν
403 1560 546 1596 ὁμοούσιον
570 1559 610 1595 τῷ
635 1559 739 1594 Πατρί·
771 1558 817 1584 τὸν
844 1566 910 1584 κατ-

121 1607 234 1634 ελθόντα
247 1608 281 1634 ἐκ
295 1606 351 1633 τῶν
367 1605 491 1642 οὐρανῶν
511 1605 544 1632 δι’
559 1606 643 1640 ἡμᾶς,
669 1604 715 1631 καὶ
736 1603 911 1639 σαρκωθέντα

119 1654 155 1681 ὲκ
169 1654 331 1689 Πνεύματος
347 1653 435 1686 ἁγίου.
449 1652 507 1678 Οὺκ
523 1649 608 1683 εἶπον,
621 1652 662 1678 ὅτι
678 1650 725 1677 καὶ
744 1649 910 1685 Γεννηθέντα

118 1701 153 1727 ἐκ
165 1699 328 1735 Πνεύματος
343 1698 432 1733 ἁγίου.
447 1697 678 1732 Διερμηνεύοντας
692 1696 720 1723 δὲ
733 1696 795 1727 τοὺς
817 1695 911 1729 ἁγίους

119 1747 260 1782 Πατέρας,
276 1745 302 1771 τί
318 1745 351 1779 δὴ
366 1744 420 1780 ἄρα
434 1744 465 1770 τὸ
478 1742 659 1778 Σαρκωθέντα
673 1742 732 1768 ἐστὶ
742 1761 749 1773 ,
761 1740 853 1776 φησὶν,
874 1740 911 1766 εί-

119 1794 183 1819 πεῖν
196 1792 227 1818 τὸ
235 1791 332 1818 Ἐνανθ
337 1789 530 1826 ρωπήσαντα·]
539 1789 564 1815 τί
578 1788 644 1815 δὲτὸ
651 1787 912 1823 Ἐνανθρωπήσαντα

116 1837 347 1872 κατασημήνειεν
374 1836 425 1868 ἂν,
450 1834 600 1868 διατρανῶν
628 1833 709 1864 αὐτὸς
734 1832 786 1866 ἔφη
813 1831 910 1858 πάλιν·

118 1883 172 1920 [ού
186 1883 293 1919 τροπὴν
308 1882 358 1917 τῆς
379 1881 448 1913 ιδίας
477 1881 584 1914 φύσεως
607 1878 791 1914 ύπομεινάσης
804 1878 844 1908 είς
862 1875 911 1912 τὴν

118 1931 223 1965 σάρκα,
241 1927 311 1955 ἀλλὰ
326 1927 377 1962 τὴν
393 1927 533 1962 ἐνοίκησιν
546 1927 595 1961 τὴν
609 1926 649 1957 είς
663 1921 830 1960 ἄνθρωπον]

426 1995 552 2022 ΚΕΦΑΛ.
575 1994 613 2021 Z'.

153 2064 231 2102 'Apa.
245 2066 279 2092 ἂν
291 2063 436 2099 ἀνάσχοιτό
449 2072 492 2094 τις
507 2062 561 2089 τῶν
579 2061 728 2088 τελούντων
744 2060 772 2086 ἐν
782 2059 911 2094 Χριστια-

114 2114 174 2145 νοῖς
189 2113 206 2147 ἢ
221 2112 272 2148 τῆς
285 2111 398 2146 ἐνούσης
411 2110 469 2141 τοῖς
481 2108 570 2142 λόγοις
584 2106 757 2141 ἀσελτηρίας,
773 2105 789 2140 ἢ
800 2104 849 2139 τῆς
856 2104 911 2131 τῶν

115 2158 232 2184 ἐννοιῶν
260 2156 435 2188 δυσσεὸείας;
458 2153 502 2191 ἆρ’
516 2154 566 2180 οὐκ
593 2152 711 2188 ἐναργὴς
735 2151 777 2186 είη
798 2150 831 2177 ἂν
854 2151 911 2182 τοῖς

115 2204 229 2240 ἀληθῶς
245 2203 390 2239 ἀρτίφροσι
407 2200 560 2237 βωμολογία
582 2199 671 2231 ταυτὶ,
690 2197 736 2225 καὶ
750 2197 849 2232 τρόπος
860 2196 911 2222 οὐκ

117 2251 240 2285 ἀγεννὴς
255 2251 304 2285 τῆς
314 2249 386 2276 κατὰ
396 2247 516 2283 Χριστοῦ
529 2244 733 2281 γλωσσαλγίας;
748 2243 910 2277 συκοφαντεί
925 2258 947 2286 D

117 2297 176 2332 γὰρ
189 2297 240 2330 τὴν
256 2294 399 2329 ἀλήθειαν·
416 2292 467 2319 ούκ
483 2289 551 2318 εἷναί
567 2298 649 2326 φησιν
665 2289 727 2315 Υἱὸν
744 2287 851 2322 ἀληθῶς
861 2287 911 2313 αὐ-

117 2341 176 2372 τὸν,
191 2339 280 2375 ἑτέρῳ
291 2337 371 2364 τοῦτο
384 2336 555 2372 προσνέμων.
569 2334 732 2371 [Προσέχετε
745 2331 910 2367 γὰρ,φησὶν,

118 2385 162 2411 ὃτι
180 2383 316 2420 πρότερον
334 2381 487 2412 τεθεικότες
501 2379 532 2406 τὸ
546 2379 673 2415 Χριστὸς,
690 2378 704 2404 ὃ
719 2379 777 2404 ἐστι
799 2377 912 2412 μήνυμα

119 2431 177 2456 τῶν
187 2429 235 2456 δύο
250 2429 368 2462 φύσεων,
378 2427 429 2454 οὐκ
443 2423 540 2452 εἶπαν·
553 2423 721 2459 Πιστεύομεν
735 2423 775 2454 είς
787 2422 834 2448 ἕνα
845 2421 912 2448 Θεὸν

120 2473 236 2510 Λόγον.]
252 2473 308 2500 Καὶ
321 2473 387 2508 περὶ
401 2472 452 2507 μὲν
467 2470 514 2497 τοῦ
527 2470 667 2506 ὀνόματος.
685 2469 756 2503 φημὶ
773 2467 802 2493 δὲ
819 2467 851 2502 δὴ
864 2465 911 2493 τοῦ

121 2518 253 2556 Χριστὸς,
267 2518 336 2555 μετὰ
360 2517 447 2555 βραχὺ
472 2517 691 2552 διερευνήσομαι,
707 2513 822 2549 πότερόν
847 2521 911 2539 ποτε

122 2567 176 2593 τῶν
191 2566 240 2593 δύο
262 2565 371 2600 φύσεων
389 2563 556 2599 σημαντικόν
579 2563 665 2593 ἐστιν,
685 2561 702 2596 ἢ
723 2561 776 2596 μή·
793 2559 824 2585 τὸ
839 2559 867 2585 δὲ
883 2559 911 2584 ἐν

123 2613 227 2649 χερσὶν,
243 2612 281 2644 ὡς
295 2611 346 2644 ενι,
359 2609 601 2645 διαγυμνάζωμεν.
618 2606 703 2634 Οίστὰ
725 2606 774 2642 μὲν
795 2603 840 2632 οὖν
857 2603 912 2631 εἶεν

125 2660 155 2686 ἂν
168 2659 228 2685 κατ’
242 2657 339 2685 οὐδένα
353 2656 469 2692 τρόπον,
483 2655 518 2681 τὰ
531 2653 618 2685 οὕτως
628 2652 761 2684 ἐκτόπως,
774 2652 822 2678 καὶ
842 2651 910 2684 ἀτη-

128 2703 211 2738 μελῶς
226 2702 302 2738 αὐτῷ
316 2700 538 2736 πεφλυαρημένα
548 2707 555 2714 ν
573 2698 639 2734 φαίη
652 2697 676 2725 δ’
693 2697 736 2730 ἂν,
754 2694 841 2731 οἶμαι,
857 2695 910 2727 τὶς,

127 2750 182 2781 τοὺς
195 2749 265 2784 ὑπέρ
275 2756 308 2783 γε
323 2747 382 2774 τῶν
395 2746 484 2780 ἁγίων
494 2745 622 2780 Πατέρων
634 2742 794 2778 ποιούμενος
805 2741 910 2774 λόγους·

127 2795 154 2821 Τί
166 2795 230 2831 δρᾷς
242 2794 327 2827 οὕτω,
344 2791 369 2820 ὦ
383 2792 507 2826 γενναῖε,
527 2791 651 2824 γλῶσσαν
666 2789 715 2823 τὴν
730 2788 858 2822 ἄγροικον
869 2787 909 2812 iv-

126 2841 163 2874 ιεὶς
177 2841 310 2878 ἀνδράσιν
327 2839 435 2873 ἁγίοις,
448 2834 489 2868 οἷς
503 2836 536 2863 ἃν
550 2836 648 2871 πρέποι
659 2835 689 2861 τὸ
699 2833 829 2868 αλὲγεσθαι
842 2832 914 2867 παρ’

120 2888 190 2916 αὐτοῦ
211 2888 260 2916 τοῦ
287 2886 410 2914 πάντων
438 2882 517 2918 ἡμῶν
531 2879 805 2921 ΣωτῆροςΧρισ-ιοῦτ
831 2878 912 2917 «λοὺχ

959 276 1022 303 dine
1037 282 1097 311 quae
1116 276 1185 311 apud
1205 283 1254 304 nos
1278 276 1350 311 viget
1366 276 1496 311 inspecta,
1513 276 1609 304 deinde
1622 278 1740 303 animum

960 323 993 348 ad
1013 329 1057 349 res
1079 321 1254 349 admirabiles
1272 326 1300 350 et
1316 329 1377 356 qua:
1395 322 1528 349 rationem
1544 326 1672 357 superam
1696 324 1742 349 ad-

957 365 1066 400 jiciens,
1082 366 1115 393 ad
1137 366 1298 393 imbecillam
1315 371 1344 394 et
1359 366 1467 394 stultam
1483 366 1668 394 inﬁdelitatem
1683 375 1740 393 ma-

959 410 1058 439 nifeste
1074 411 1190 438 labitur?
1202 412 1277 445 Quod
1294 417 1383 440 autem
1407 413 1470 439 mihi
1490 413 1516 439 in
1533 417 1652 440 mentem
1669 414 1742 439 venit

960 457 1100 490 admirari,
1117 457 1182 484 illud
1199 462 1250 484 est.
1265 458 1332 484 Cum
1348 458 1419 485 enim
1435 458 1462 484 in
1480 458 1524 486 his
1538 458 1627 485 verbis
1639 458 1742 486 confes-

960 510 1007 529 sus
1027 507 1109 535 esset,
1129 502 1274 530 Ecclesiam
1298 511 1380 530 unum
1406 502 1504 530 Filium
1531 511 1688 539 agnoscere,
1710 512 1742 531 ac

959 549 1153 582 subjunxisset,
1173 550 1300 576 nimirum
1314 549 1401 584 ipsum
1417 549 1492 577 illum
1507 549 1649 578 Dominum
1663 551 1742 578 Chri-

959 598 1041 626 stum,
1057 601 1189 629 nusquam
1206 600 1297 629 postea
1316 595 1429 622 retinuit
1443 603 1537 628 unum,
1553 597 1600 625 sed
1614 598 1686 632 ipsas
1699 605 1742 624 res

960 640 1049 667 unitas
1074 641 1214 675 distinguit
1236 641 1306 667 inter
1334 648 1378 673 se,
1404 649 1436 668 ac
1459 643 1572 669 seorsim
1602 647 1743 677 utramque

959 687 1054 721 ponit;
1073 693 1127 713 non
1149 686 1212 721 quid
1237 685 1354 713 Verbum
1372 686 1408 713 sit
1437 689 1582 715 secundum
1606 693 1741 720 naturam,

959 732 1023 766 quid
1041 731 1104 759 item
1125 738 1189 758 caro
1206 731 1367 765 disquirens,
1385 733 1431 760 sed
1455 733 1591 761 hominem
1609 739 1636 761 et
1657 733 1742 761 Deum

962 781 1088 811 tanquam
1111 777 1177 810 sola,
1199 781 1229 804 ut
1249 777 1304 812 ipse
1326 782 1412 811 putat,
1434 778 1588 812 azqualitate
1607 779 1698 813 gloria:
1715 779 1741 806 in

960 831 1042 851 unum
1057 823 1185 859 colligens
1199 832 1205 850 :
1222 824 1292 858 quod
1307 831 1393 858 neque
1405 824 1535 851 credibile
1550 829 1590 851 est
1604 825 1742 858 cuiquam,

960 876 1048 904 neque
1067 868 1124 896 ﬁeri
1140 873 1229 904 potest
1245 879 1251 896 ;
1266 870 1387 903 tantique
1407 869 1527 904 mysterii
1552 870 1684 897 rationem
1706 871 1740 898 ad

924 919 945 946 Β
959 912 1152 940 absurditatem
1166 913 1300 947 deturbat.
1317 912 1363 939 Sic
1377 920 1494 947 namque
1511 913 1579 940 dixit
1592 922 1601 942 :

996 958 1126 994 [Νεετοιι.
1148 958 1203 986 Nos
1229 963 1319 985 autem
1343 963 1466 993 oportet,
1486 960 1558 994 quod
1580 967 1652 988 nunc
1676 961 1742 988 mihi

958 1003 1033 1030 venit
1050 1004 1076 1031 in
1095 1010 1211 1031 mentem
1224 1024 1232 1036 ,
1255 1004 1397 1032 advertere
1418 1006 1499 1032 etiam
1520 1006 1656 1034 Nicaanam
1679 1015 1743 1043 syn-

959 1050 1039 1077 odum
1053 1057 1184 1085 nusquam
1197 1051 1288 1078 dicere
1299 1058 1404 1084 ausam,
1416 1051 1500 1079 Deum
1514 1059 1547 1080 ex
1563 1053 1648 1080 Maria
1668 1056 1743 1089 geni-

961 1101 1016 1122 tum
1033 1104 1041 1122 :
1056 1096 1095 1122 ait
1113 1095 1185 1123 enim
1202 1096 1362 1124 :Credimus
1378 1097 1405 1124 in
1429 1105 1510 1124 unum
1530 1098 1612 1125 Deum
1634 1099 1742 1127 Patrem

959 1140 1183 1175 omnipotentem,
1198 1145 1224 1168 et
1247 1141 1274 1168 in
1298 1149 1380 1168 unum
1395 1142 1536 1169 Dominum
1552 1143 1644 1171 Jesum
1660 1144 1742 1172 Chri-

962 1191 1045 1213 stum.
1057 1186 1205 1219 Attendite,
1218 1187 1288 1222 quod
1301 1195 1361 1214 cum
1378 1188 1452 1222 prius
1467 1189 1619 1222 posuissent
1632 1197 1741 1223 nomen,

960 1233 1092 1265 Christus,
1107 1234 1178 1267 quod
1191 1233 1257 1259 duas
1279 1237 1388 1261 naturas
1407 1234 1519 1267 indicat,
1536 1243 1588 1262 non
1600 1235 1718 1263 dixerint
1732 1245 1741 1264 :

961 1279 987 1306 ln
1003 1286 1084 1305 unum
1100 1279 1182 1306 Deum
1197 1277 1327 1311 Verbum,
1339 1280 1385 1306 sed
1396 1281 1656 1314 acceperintnomen
1671 1283 1742 1316 quod

961 1326 1105 1358 utrumque
1130 1322 1313 1357 signiﬁcaret;
1347 1328 1376 1350 ut
1406 1331 1466 1351 cum
1494 1324 1605 1353 inferius
1636 1326 1743 1354 audires

963 1373 1088 1399 mortem,
1113 1368 1181 1396 nihil
1205 1369 1350 1402 movearis,
1365 1377 1398 1396 ne
1415 1370 1459 1397 illa
1476 1372 1568 1402 verba.
1584 1372 1742 1400 cruciﬁxum

960 1420 986 1440 et
1001 1414 1146 1449 sepultum,
1161 1422 1241 1441 aures
1253 1415 1399 1447 oll‘endant,
1409 1420 1535 1451 tanquam
1547 1417 1604 1444 hate
1618 1418 1652 1445 sit
1663 1426 1743 1452 passa

960 1459 1112 1495 divinitas.]
1135 1459 1236 1487 Deinde
1255 1461 1287 1486 ad
1311 1461 1369 1488 hmo
1393 1461 1437 1488 illa
1462 1461 1619 1496 subjungit:
1639 1463 1743 1500 [Credi-

962 1513 1021 1532 mus
1045 1505 1071 1531 in
1099 1512 1180 1532 unum
1202 1505 1344 1532 Dominum
1368 1505 1458 1534 Jesum
1482 1508 1619 1535 Christum
1644 1509 1741 1536 Filium

961 1550 1148 1584 unigenitum,
1178 1557 1210 1577 ex
1237 1550 1317 1578 Patre
1343 1557 1454 1583 natum,
1487 1554 1742 1581 consubstantialem

924 1592 945 1620 C
961 1595 1032 1623 Patri
1051 1597 1116 1631 :qni
1138 1597 1276 1624 descendit
1295 1598 1327 1624 de
1345 1598 1421 1625 coalis
1438 1604 1548 1634 propter
1571 1608 1630 1632 nos,
1649 1606 1677 1628 et
1701 1602 1743 1628 in-

961 1648 1089 1670 carnatus
1101 1647 1143 1670 est
1154 1644 1186 1670 de
1201 1644 1302 1678 Spiritu
1317 1650 1421 1672 sancto.
1439 1645 1495 1673 Non
1511 1647 1635 1674 dixerunt
1666 1648 1743 1681 item,

961 1687 1059 1715 Natum
1078 1687 1111 1715 de
1135 1688 1238 1722 Spiritu
1262 1694 1365 1717 sancto.
1383 1689 1466 1717 Porro
1489 1697 1599 1719 sanctos
1616 1693 1674 1721 illos
1690 1693 1744 1720 Pa-

963 1738 1028 1766 tres,
1046 1734 1145 1768 inquit,
1169 1739 1198 1761 ut
1213 1734 1455 1769 interpretarentur
1468 1737 1594 1770 quidnam
1617 1737 1679 1765 illud
1698 1742 1743 1771 sit,

961 1779 1130 1813 lncarnatus,
1155 1779 1257 1806 dixisse
1279 1779 1354 1811 illud,
1379 1780 1463 1807 llomo
1480 1781 1569 1809 factus
1589 1782 1654 1819 εει]
1675 1784 1742 1817 Quid

961 1833 1026 1853 vero
1045 1825 1091 1857 sit,
1103 1825 1189 1853 Homo
1208 1826 1307 1858 factus,
1332 1834 1426 1854 rursus
1450 1827 1507 1862 ipse
1525 1828 1663 1856 declarans
1684 1831 1742 1858 ait:

963 1870 1027 1908 [Sua
1045 1871 1098 1906 23
1125 1871 1208 1906 ipsius
1230 1877 1326 1899 natura
1348 1880 1399 1899 non
1425 1873 1450 1899 in
1476 1880 1557 1900 carne
1577 1881 1744 1910 remanente,

962 1917 1009 1945 sed
1025 1916 1246 1944 inhabitationem
1266 1917 1380 1944 hominis
1395 1917 1550 1954 subeunte.]

1273 1983 1349 2012 CAP.
1371 1983 1428 2012 Vll.

996 2052 1037 2079 An
1053 2059 1118 2079 vero
1131 2051 1273 2086 quisquam
1292 2050 1338 2086 qui
1365 2051 1436 2078 inter
1459 2051 1630 2079 Christianos
1650 2059 1745 2080 cense-

963 2101 1016 2130 tur,
1032 2104 1110 2130 arquo
1123 2096 1213 2123 animo
1228 2095 1298 2122 ferat
1317 2095 1359 2122 vel
1380 2095 1508 2130 ineptiam
1528 2097 1684 2130 verborum,
1704 2097 1745 2124 vel

962 2144 1155 2172 sententiarum
1173 2142 1357 2177 impietatem?
1372 2141 1467 2169 Nonne
1493 2143 1550 2170 haec
1569 2143 1649 2170 verba
1673 2144 1744 2178 apud

961 2190 1086 2218 cordatos
1110 2196 1176 2217 sane
1205 2189 1330 2216 homines
1356 2193 1483 2224 tanquam
1514 2189 1665 2216 scurrilitas
1697 2191 1745 2216 ha-

963 2237 1048 2264 benda
1057 2240 1130 2269 sunt,
1139 2243 1171 2262 ac
1187 2234 1381 2262 maledicentia;
1391 2234 1416 2261 in
1426 2234 1562 2262 Christum
1575 2242 1658 2270 genus
1673 2235 1744 2262 haud

962 2282 1103 2310 inﬁmum?
1129 2281 1317 2309 Calumniatur
1341 2281 1413 2307 enim
1433 2280 1574 2307 veritatem
1589 2289 1596 2307 :
1613 2288 1665 2308 non
1683 2287 1744 2308 esse

962 2329 1049 2364 ipsum
1068 2328 1156 2362 inquit
1178 2334 1242 2354 vere
1261 2325 1370 2357 Filium,
1395 2333 1455 2352 cum
1479 2325 1530 2352 hoc
1546 2332 1642 2352 nomen
1667 2325 1744 2352 alteri

962 2375 1072 2401 tribuat.
1081 2372 1240 2409 [Attendite,
1253 2371 1426 2406 inquit,quod
1434 2378 1495 2397 cum
1508 2371 1582 2405 prius
1592 2371 1745 2407 posuissent

961 2420 1013 2447 hoc
1033 2427 1140 2450 nomen,
1165 2418 1297 2450 Christus,
1322 2418 1392 2452 quod
1412 2418 1478 2443 duas
1499 2421 1611 2444 naturas
1633 2417 1744 2450 indicat,

962 2473 1014 2492 non
1028 2464 1155 2496 dixerint,
1170 2463 1347 2490 Credimusin
1363 2469 1443 2488 unum
1458 2461 1539 2488 Deum
1554 2461 1696 2497 Verbum]
1704 2462 1745 2488 Ac

962 2511 995 2537 de
1012 2510 1120 2537 nomine
1142 2511 1202 2541 hoc,
1232 2516 1327 2543 nempe
1354 2507 1464 2540 Christi,
1481 2507 1560 2542 paulo
1575 2513 1636 2542 post
1657 2508 1744 2535 disse-

961 2565 1033 2589 ram,
1060 2561 1149 2583 utrum
1178 2556 1284 2582 tandem
1315 2555 1382 2582 duas
1405 2559 1517 2581 naturas
1537 2554 1687 2588 signiﬁcet,
1711 2561 1745 2580 an

961 2609 1039 2630 secus
1060 2602 1153 2637 :quod
1185 2602 1240 2636 jam
1265 2605 1307 2628 est
1333 2608 1387 2634 pra:
1412 2599 1557 2631 manibus,
1582 2604 1611 2626 ut
1639 2599 1745 2626 licuerit

961 2647 1149 2676 discutiamus.
1184 2647 1266 2682 Igitur
1291 2646 1365 2674 nullo
1390 2645 1471 2673 modo
1495 2645 1603 2680 quidem
1627 2643 1745 2671 ferendae

962 2700 1026 2724 sunt
1040 2702 1128 2730 nugtr,
1145 2702 1212 2728 quas
1229 2695 1279 2721 iste
1300 2693 1366 2721 adeo
1385 2693 1501 2720 absurde
1520 2697 1547 2719 et
1567 2691 1689 2726 imperite
1705 2691 1746 2717 ef—

962 2740 1045 2768 futit:
1067 2740 1114 2767 sed
1140 2739 1211 2767 dicet
1229 2739 1328 2773 aliquis
1349 2743 1449 2770 tamen,
1468 2743 1497 2765 ut
1520 2741 1628 2764 sanctos
1649 2735 1744 2763 Patres

963 2785 1087 2813 defendat
1109 2784 1199 2817 :Quid
1223 2785 1297 2819 agis,
1323 2791 1339 2810 ο
1364 2784 1433 2810 bone
1453 2784 1504 2815 vir,
1528 2790 1588 2809 cum
1613 2783 1744 2809 adversus

965 2837 1073 2858 sanctos
1093 2831 1165 2857 viros
1189 2828 1330 2857 eﬂ'eratam
1361 2828 1477 2863 linguam
1503 2827 1624 2858 emittis,
1647 2826 1746 2861 quibus

962 2877 1034 2912 juste
1050 2877 1084 2904 ab
1102 2877 1161 2911 ipso
1182 2875 1301 2903 omnium
1332 2879 1453 2902 nostrum
1477 2873 1616 2901 Salvatore
1638 2871 1746 2898 Christo
