1883 3054
140 177 175 204 47
632 165 663 193 S.
681 162 820 192 CVBILLI
841 158 1078 189 ALEXANDIHNI
1096 156 1259 186 ARCHIEP.
1735 153 1772 181 ιε

141 236 195 265 dici
209 238 299 270 potest
313 253 321 261 .
335 243 345 258 ι
362 232 418 258 Non
430 230 496 257 estis
509 236 555 255 vos
568 227 613 262 qui
632 224 785 261 loquimini,
799 224 847 250 sed
858 221 925 270 βοὶ-

1021 221 1054 252 εἰς
1070 220 1132 246 ἐστε
1148 219 1173 246 οί
1185 217 1342 251 λαλοῦντες,
1353 217 1421 245 ἀλλὰ
1434 216 1466 245 τδ
1476 216 1588 252 Πνεῦμα
1600 215 1648 243 τοῦ
1660 214 1771 250 Πατρὸς

142 268 216 310 ritus
228 280 316 308 Patris
330 278 412 305 vestri
429 276 474 311 qui
493 274 610 310 loquitur
629 274 656 299 in
676 269 752 298 vobis
761 270 783 285 “
796 269 807 296 ?
822 278 832 295 ι
853 268 924 301 Quid

141 327 213 355 enim
228 331 270 353 est
289 325 323 351 ab
335 324 388 351 illis
398 324 565 357 perceptum,
577 318 650 353 quod
671 323 725 344 non
742 314 785 342 vel
807 314 926 342 maxime

141 370 293 400 admirabili
320 368 471 397 subtilitate
484 365 566 393 fuerit
593 362 757 397 expolitum?
785 360 925 396 quodnam

143 420 239 453 dogma
248 414 428 443 necessarium
439 409 670 447 pratermissumi
685 407 781 442 quisve
790 404 926 433 cautionis

144 450 240 489 modus
262 457 417 494 neglectus?
442 455 512 492 [Non
537 454 594 481 ausi
618 457 701 484 sunt,
718 451 827 484 inquit.
855 450 926 477 inter

144 507 205 534 ﬁdei
223 505 371 534 sententias
387 508 499 538 ponere,
520 501 603 527 Deum
615 498 733 525 Verbum
749 503 809 525 esse
820 503 854 524 ex
871 494 927 522 Ma-

145 554 186 580 ria
202 549 347 588 genitum]
369 549 454 583 Igitur
474 548 497 574 si
523 545 574 573 hac
595 546 630 572 de
645 551 726 572 causa
747 542 865 578 majores
879 549 928 569 no-

144 605 216 626 stros
243 604 364 628 accusas,
390 600 419 623 et
442 600 468 622 te
494 600 566 628 aegre
593 591 664 618 l‘erre
690 590 760 617 dicis
780 589 854 623 quod
872 595 927 615 non

145 644 240 672 iisdem
251 650 374 678 prorsus,
393 640 491 676 quibus
506 644 545 670 ιιι,
559 637 670 664 vocibus
687 636 728 662 usi
743 639 816 666 sunt,
833 638 927 666 restat.

145 696 174 717 ut
190 688 270 717 simul
285 688 357 723 ipsos
379 693 487 721 quoque
501 688 611 712 sanctos
623 680 758 717 apostolos
772 685 800 707 et
812 686 929 712 evange-

145 735 220 762 listas
244 733 398 760 crimineris
424 739 432 758 :
453 730 498 765 qui
523 736 584 756 cum
605 727 638 755 de
665 726 766 754 Christi
798 724 929 760 mysterio

145 780 228 806 libros
244 775 466 811 conscripserint,
489 780 536 801 eos
560 773 612 801 tuis
629 771 741 799 vocibus
761 771 794 797 ad
816 769 928 796 verbum

144 830 210 851 usos
224 822 317 857 utique
333 828 414 848 nemo
427 819 512 855 possit
522 817 677 846 ostendere.
687 816 781 851 Igitur,
791 815 814 842 si
829 814 928 850 placet,

147 870 224 896 mitte
237 869 304 900 haec,
320 871 349 894 ut
370 885 378 893 .
399 885 408 893 .
430 887 438 894 .
457 884 466 892 .
488 883 496 892 .
518 883 525 891 .
543 868 571 892 et
584 862 727 890 considera
741 861 830 896 potius
845 859 930 895 ipsius

147 915 185 942 rei
208 914 339 940 rationem
361 911 397 938 ab
413 910 467 937 illis
482 909 652 944 explicatam.
680 906 805 942 Erigitur
821 905 895 932 enim
913 911 928 931 a

144 961 226 988 nobis
241 960 308 986 lldes
324 959 350 985 in
373 961 496 985 sanctam
510 960 539 983 et
560 952 822 982 consubstantialem
841 950 931 979 Trini-

149 1014 242 1036 tatem.
268 1006 338 1041 Ergo
361 1012 423 1032 eum
449 1003 585 1030 fateantur
606 999 718 1029 credere
740 1006 770 1026 se
794 998 821 1025 in
848 1005 930 1025 unum

147 1053 231 1080 Deum
246 1051 352 1078 Patrem
370 1048 593 1083 omnipotentem,
605 1045 726 1073 omnium
742 1042 890 1070 visibilium
905 1046 933 1070 et

149 1096 322 1124 iuvisibilium
333 1092 477 1124 (actorem,
491 1096 520 1119 et
537 1092 564 1118 in
581 1097 663 1117 unum
679 1089 823 1116 Dominum
838 1086 932 1115 Jesum

142 1142 283 1169 Christum
297 1139 396 1166 Filium
407 1137 483 1172 ejus;
506 1142 594 1170 neque
610 1134 680 1161 alter
692 1134 741 1164 sit,
757 1138 786 1160 ut
807 1140 856 1160 nos
869 1140 931 1160 ere-

148 1190 245 1219 dimus,
257 1185 340 1213 .Jesus
355 1184 478 1212 Christus
494 1182 623 1209 Dominus
637 1184 735 1214 praeter
751 1179 826 1205 illum
848 1185 931 1204 unum

143 1239 175 1261 et
189 1231 336 1261 secundum
351 1235 475 1257 naturam
494 1235 526 1254 ac
540 1234 604 1254 vere
619 1226 718 1253 Filium
733 1233 765 1253 ex
787 1225 843 1252 Deo
855 1224 931 1259 geni-

146 1286 215 1312 tum,
240 1283 355 1312 cumque
378 1274 444 1302 illud
470 1274 542 1308 quod
566 1277 625 1300 erat
649 1271 719 1299 Dens
745 1270 874 1303 Verbum,
898 1271 934 1297 sit

148 1327 228 1352 homo
248 1323 348 1351 factum
372 1328 420 1356 per
443 1319 516 1346 illam
541 1317 634 1353 procul
655 1316 738 1344 dubio
762 1323 797 1343 ex
822 1315 934 1343 muliere

148 1370 366 1405 generationem:
379 1365 434 1403 24
447 1365 493 1401 qui
508 1364 565 1392 ﬁeri
581 1367 679 1399 potest,
690 1367 719 1390 ut
730 1362 775 1396 qui
790 1362 933 1396 dispensa-

147 1419 248 1444 tionem
267 1415 427 1450 pmdicant,
451 1412 536 1446 ipsius
551 1411 634 1437 etiam
649 1417 683 1437 ex
710 1409 823 1436 muliere
836 1407 935 1435 nativi-

150 1468 230 1489 tatem
245 1460 391 1488 secundum
409 1464 517 1486 carnem
533 1455 624 1490 eloqui
641 1462 693 1482 non
710 1453 854 1481 manifeste
868 1460 935 1480 cou-

150 1504 312 1533 vincantnr?
335 1503 410 1530 Tunc
433 1503 506 1530 enim
536 1501 602 1528 illud
625 1500 742 1528 Verbum
767 1499 839 1535 quod
864 1498 934 1527 Dens

142 1557 217 1583 erat,
227 1557 255 1578 et
271 1550 315 1578 ille
330 1549 414 1577 Filius
425 1549 472 1584 qui
483 1551 542 1575 erat
554 1546 699 1582 sapientia,
714 1551 741 1573 et
755 1546 821 1578 vita,
836 1550 863 1572 et
876 1545 933 1578 lux,

977 266 1055 302 ὑμῶν
1075 267 1106 293 1:6
1119 265 1217 292 λαλοῦν
1232 266 1261 292 ιν
1278 265 1361 300 ὖμϊν;
1376 273 1386 290 ι
1406 264 1440 291 Τί
1452 263 1507 299 γὰρ
1523 263 1553 290 οὐ
1571 262 1696 298 νενόηται
1712 260 1771 287 τῶν

977 312 1038 340 λίαν
1049 311 1240 347 ἱπεξεσμένων
1253 311 1294 343 είς
1308 310 1454 346 ίσχνότητα
1463 309 1511 345 τὴν
1521 307 1751 344 τεθαυμασμένην
1762 314 1771 340 ;

978 358 1005 385 τί
1018 357 1072 385 τῶν
1090 356 1247 391 ἀναγκαίων
1263 356 1410 392 παρῶπται
1422 355 1604 392 δογμάτων,ἢ
1621 356 1696 386 ποῖος
1718 354 1772 380 ao-

978 405 1036 435 τοῖς
1048 403 1199 438 ἀσφαλείας
1213 402 1350 438 ἠμέληται
1366 402 1481 438 τρόπος;
1508 401 1557 437 [οὒ
1574 400 1771 436 τετολμήκασι,

979 452 1057 487 φησι,
1067 452 1124 483 τοῖς
1138 450 1203 486 περὶ
1216 450 1266 486 τῆς
1280 449 1398 482 πίστεως
1410 448 1528 476 ἐνθεῖναι
1539 447 1640 482 λόγοις,
1650 446 1692 472 ὅτι
1703 445 1772 475 Θεὸς

979 498 1066 531 Λόγος
1077 498 1110 524 ὲκ
1124 496 1235 532 Μαρίας
1246 493 1402 531 ἐγεννήθη]
1418 493 1523 522 Οὐκοῦν
1535 494 1560 519 εί
1573 491 1674 525 ταύτης
1688 490 1773 516 ἕνεκα

978 542 1028 577 τῆς
1045 541 1136 573 αἰτίας
1156 541 1220 572 τοὺς
1239 539 1293 576 πρὸ
1312 539 1391 576 ἡμῶν
1403 538 1548 574 γεγονότας
1567 537 1649 572 αἰτιᾷ,
1667 535 1714 563 καὶ
1728 534 1774 560 λε-

979 586 1117 622 λυπῆσθαι
1140 586 1205 621 φὴς,
1221 585 1263 612 ὅτι
1287 585 1325 620 μὴ
1344 583 1561 620 ἀπαραλλάκτως
1573 582 1633 612 ταῖς
1651 580 1711 611 σαῖς
1727 577 1773 605 εὖ·

981 641 1077 669 ρηνται
1093 631 1257 667 κεχρημένοι
1276 631 1389 665 φωναῖς.
1403 629 1463 665 ὥρα
1476 629 1546 664 τάχα
1564 635 1616 654 που
1632 623 1772 652 συναιτιᾶο

981 677 1044 704 σθαι
1064 677 1112 704 καὶ
1132 677 1232 708 αὐτοὺς
1245 676 1308 707 τοὺς
1322 675 1418 710 ἁγίους
1433 673 1598 704 ἀποστόλους
1621 671 1669 698 καὶ
1688 671 1772 704 εὐαγ-

980 723 1123 758 γελιστάςσ
1147 721 1356 758 συγγεγράφασι
1381 721 1431 756 μὲν
1454 720 1508 756 γὰρ
1524 720 1574 755 τῆς
1589 719 1636 746 ἐπὶ
1659 715 1771 753 Χριστῷ

983 768 1177 805 μυσταγωγίας
1201 769 1251 801 τὰς
1276 767 1402 803 βίϐλους’
1425 765 1562 799 αὑτολεξεὶ
1582 765 1610 792 δὲ
1626 765 1685 795 ταῖς
1710 763 1772 794 σαῖς

981 816 1032 843 οὐκ
1047 815 1080 843 ἂν
1093 814 1237 847 ἐπιδείξειὲ
1261 823 1303 847 τις
1324 813 1514 850 χρησαμένους
1538 812 1651 846 φωναῖς.
1661 809 1732 837 Ἀλλ’
1747 808 1775 836 εἴ

983 871 1025 890 σοι
1038 861 1122 894 δοκεῖ,
1137 861 1214 888 τουτὶ
1233 861 1284 897 μὲν
1299 861 1398 896 πάρες,
1410 860 1448 892 ὡς
1463 859 1573 895 [λείπει
1589 857 1640 894 ra]
1655 857 1733 893 ἄθρει
1743 855 1772 883 δὲ

945 917 967 945 Β
982 907 1083 944 μᾶλλον
1099 907 1149 943 τὴν
1163 907 1210 934 τοῦ
1225 907 1390 943 πράγματος
1403 906 1519 941 δήλωσιν
1534 904 1606 940 μάλα
1620 902 1773 937 πεποιημέ-

981 963 1053 986 νους.
1068 954 1223 989 Πράττεται
1239 953 1289 989 μὲν
1301 953 1356 989 γάρ
1367 952 1435 987 πρὸς
1448 950 1526 987 ἡμῶν
1539 952 1556 987 ἡ
1568 950 1660 981 πίστις
1671 949 1710 980 είς
1723 947 1772 983 τὴν

982 1000 1063 1034 ἁγίαν
1076 999 1122 1026 καὶ
1129 998 1210 1035 ὸμοού
1215 1007 1271 1026 σιον
1281 999 1392 1035 Τριάδα.
1401 997 1510 1033 Ἐπειδὴ
1519 997 1547 1024 δέ
1557 1005 1624 1031 φασι
1633 994 1773 1022 πιστεύειν

982 1047 1022 1077 εἰς
1035 1046 1082 1072 ἕνα
1095 1045 1172 1076 Θεὸν,
1186 1045 1295 1081 Πατέρα
1310 1045 1527 1080 παντοκράτορα,
1543 1043 1652 1069 πάντων
1664 1040 1772 1076 ὁρατῶν

982 1100 1012 1119 τε
1030 1092 1076 1118 καὶ
1092 1091 1216 1126 ἀοράτων
1230 1091 1345 1126 ποιητήν
1355 1098 1361 1104 ·
1379 1091 1426 1117 καὶ
1440 1090 1480 1120 είς
1490 1089 1538 1116 ἕνα
1549 1088 1652 1124 Κύριον
1667 1086 1773 1122 Ἰησοῦν

982 1137 1101 1172 Χριστὸν
1118 1137 1164 1163 τὸν
1181 1136 1244 1162 Υίὴν
1261 1135 1360 1162 αὐτοῦ’
1384 1136 1434 1170 οὐχ
1459 1135 1552 1170 ἔτερος
1572 1134 1601 1161 δὲ
1626 1132 1687 1160 καθ’
1699 1133 1773 1169 ἡμᾶς

989 1182 1092 1217 Ἰησοῦς
1109 1182 1227 1217 Χριστὸς
1242 1181 1344 1218 Κύριος
1361 1181 1437 1217 παρὰ
1448 1180 1494 1207 τὸν
1507 1180 1554 1207 ἕνα
1565 1179 1613 1207 καὶ
1623 1178 1715 1214 φύσει,
1726 1179 1772 1205 καὶ

983 1228 1090 1262 ἀληθῶς
1107 1228 1170 1255 Υίόν
1181 1236 1187 1243 ’
1212 1228 1241 1260 ὃς
1265 1229 1298 1255 ἐκ
1314 1227 1381 1255 Θεοῦ
1400 1226 1539 1262 πεφηνὼς,
1554 1226 1602 1254 καὶ
1621 1226 1688 1258 Θεδς
1703 1225 1742 1252 ὢν
1758 1225 1773 1251 6

983 1274 1078 1308 Λόγος,
1091 1274 1204 1308 γέγονεν
1220 1273 1374 1310 ἄνθρωπος,
1385 1274 1430 1301 διὰ
1445 1273 1596 1309 γεννήσεως
1608 1273 1637 1300 δὲ
1651 1272 1774 1309 δηλονότι

983 1319 1032 1354 τῆς
1055 1320 1086 1345 ὲκ
1103 1318 1241 1353 γυναικὸς,
1259 1319 1321 1346 τίνα
1335 1319 1435 1354 τρόπον
1454 1320 1478 1345 οἱ
1495 1319 1540 1345 τὸν
1553 1318 1603 1354 τῆς
1617 1318 1774 1354 οίκονομίας

983 1366 1163 1401 κηρύττοντες
1178 1366 1266 1400 λόγον,
1279 1367 1329 1393 οὐκ
1353 1367 1386 1393 ἂν
1403 1366 1492 1393 ἁλοῖεν
1511 1364 1594 1393 αὐτοῦ
1616 1367 1666 1401 τὴν
1679 1366 1711 1392 ἐκ
1724 1374 1775 1401 γυ-

983 1412 1076 1442 ναικὸς
1089 1411 1160 1438 κατὰ
1175 1411 1267 1446 σάρκα
1281 1410 1425 1443 λαλοῦντες
1438 1411 1580 1446 γέννησιν;
1591 1410 1659 1438 Τότε
1673 1410 1728 1447 γὰρ
1742 1411 1777 1445 δὴ

984 1456 1102 1492 Χριστὸς
1119 1455 1220 1491 Ἰησοῦς
1237 1456 1407 1491 ὠνόμασται,
1427 1456 1493 1488 Θεὸς
1513 1455 1551 1483 ὣν
1572 1457 1587 1483 ό
1610 1456 1707 1491 Λόγος,
1728 1456 1777 1483 καὶ

986 1502 1077 1536 σοφία,
1091 1502 1138 1528 καὶ
1152 1501 1219 1536 ζωὴ.
1242 1502 1289 1528 καὶ
1304 1501 1371 1536 φῶς,
1386 1501 1401 1527 6
1415 1501 1489 1533 Υιός.
1506 1501 1641 1537 Πρόδηλον
1657 1498 1717 1535 οὖν,
1734 1500 1776 1528 ὅτι

985 1547 1035 1582 τῆς
1058 1547 1165 1574 τοιᾶσδε
1183 1547 1305 1582 κλήσεως
1318 1548 1332 1574 6
1347 1547 1444 1584 καιρὸς
1459 1547 1703 1584 συνειστρέχουσαν
1720 1547 1778 1582 εχει

144 1597 298 1633 appellatus
311 1601 353 1623 est
371 1594 451 1622 Jesus
470 1594 605 1621 Christus.
625 1592 800 1627 Perspicuum
825 1597 866 1619 est
884 1592 933 1626 igi-

1021 1601 1034 1618 ν
1050 1591 1189 1627 γέννησιν,
1207 1591 1256 1627 τὴν
1271 1591 1315 1619 διά
1328 1592 1361 1626 γε
1376 1601 1448 1627 φημι
1459 1594 1510 1629 τῆς
1523 1593 1604 1628 ἁγίας
1622 1591 1774 1628 Παρθένου.

150 1651 203 1676 ιιιι,
216 1643 290 1670 illam
305 1649 338 1669 ex
349 1645 441 1669 sancta
455 1639 563 1673 Virgine
579 1639 748 1666 nativitatem
759 1638 854 1665 eodem
870 1643 935 1664 teni.

146 1697 215 1726 pore
236 1696 297 1716 cum
319 1686 452 1722 ejusmodi
469 1685 652 1720 appellatione
667 1685 850 1712 concurrisse.
869 1683 936 1712 Cre-

151 1734 239 1763 tlendo
254 1738 344 1760 autem
360 1733 388 1759 in
401 1731 541 1759 Christum
554 1730 657 1762 Jesum,
676 1729 703 1757 in
719 1729 794 1757 illum
810 1737 894 1756 unum
909 1733 936 1757 et.

145 1788 246 1808 natura
264 1783 291 1806 et
306 1785 369 1806 vere
387 1777 483 1805 Filium
505 1783 554 1804 nos
569 1776 690 1807 credere,
707 1776 770 1803 dum
792 1776 849 1802 haec
870 1774 936 1802 ﬁdes

149 1835 199 1862 per
213 1827 299 1861 ipsum
313 1825 431 1852 recurrit
445 1823 471 1850 in
482 1822 601 1856 Patrem,
616 1822 718 1849 clarum
730 1822 760 1848 [it
773 1829 807 1850 ex
819 1829 852 1849 eo
864 1821 936 1857 quod

151 1874 208 1907 ipse
224 1873 350 1899 universo
366 1875 500 1898 terrarum
515 1870 574 1896 orbi
593 1868 744 1904 proclamat
758 1878 766 1896 ε
781 1878 790 1894 ι
806 1869 857 1902 Qui
877 1875 937 1896 cre-

150 1921 190 1946 dit
205 1919 231 1945 in
254 1926 307 1950 me,
321 1925 374 1945 non
388 1917 414 1944 in
430 1924 472 1943 Ine
487 1915 586 1948 credit,
604 1916 651 1943 sed
673 1915 699 1942 in
722 1922 785 1942 eunt
801 1915 847 1949 qui
864 1914 938 1942 misit

153 1972 195 1992 tne
206 1964 245 1997 "‘.;
262 1973 271 1990 ι
290 1967 317 1991 et
334 1972 341 1990 :
357 1973 367 1989 ι
384 1963 433 1996 Qui
454 1962 526 1989 videt
543 1969 597 1993 nte,
619 1961 691 1988 videt
707 1968 769 1988 eum
791 1961 836 1995 qui
863 1960 938 1987 misit

151 2011 243 2041 me";
259 2020 270 2036 υ
288 2015 315 2038 et
339 2017 455 2037 rursus:
474 2018 484 2036 ι
498 2008 616 2036 Creditis
633 2008 660 2035 in
679 2006 776 2039 Deum,
795 2013 822 2034 et
845 2007 871 2034 in
895 2013 938 2034 me

151 2057 254 2085 credite
267 2056 305 2092 (ι)
318 2055 350 2083 ⁸⁸.
366 2065 375 2082 ι
392 2053 483 2090 Neque
500 2056 570 2083 enim
596 2055 690 2089 utique
712 2053 870 2084 asserimus,
886 2052 938 2079 dn-

149 2103 248 2138 _pliceni
272 2102 346 2129 illuni
376 2110 391 2128 a
421 2101 497 2129 nobis
526 2101 604 2127 [idem
628 2101 755 2134 exigere;
783 2099 830 2126 sed
847 2099 938 2134 potius

150 2151 260 2180 docere,
278 2148 401 2184 quisquis
418 2147 496 2174 [idem
516 2147 544 2173 in
558 2154 618 2173 eum
639 2145 800 2180 susceperit,
818 2144 892 2171 illum
911 2144 938 2171 in

152 2196 239 2230 ipsum
252 2193 362 2221 Patrem
389 2193 511 2220 credere.
534 2192 587 2220 Sed
606 2192 681 2227 quia,
704 2196 734 2219 ut
755 2191 831 2218 lllttm
850 2190 938 2217 facere

154 2245 280 2276 parerat,
288 2239 427 2267 nominum
438 2238 650 2273 zequivocatione
665 2238 745 2272 paulo
760 2242 820 2272 post
836 2242 936 2270 utetur,

155 2287 305 2316 rommunia
318 2293 379 2314 esse
395 2285 487 2313 dicens
501 2289 528 2313 et
543 2284 641 2313 Christi
656 2291 764 2319 nomen,
776 2289 804 2311 et
820 2283 935 2317 homini,

152 2339 233 2369 atque
264 2333 347 2361 etiam
371 2331 451 2366 Filii,
480 2338 565 2366 eaque
593 2331 740 2358 convenire
767 2330 939 2358 conﬁrmabit

154 2379 242 2407 Verbo
258 2379 295 2407 illi
310 2386 344 2406 ex
362 2377 443 2406 Patre
463 2378 564 2413 genito,
579 2378 662 2405 etiam
679 2376 702 2404 si
717 2377 792 2404 solus
813 2377 937 2404 conside-

152 2431 227 2453 retur
244 2426 363 2453 nondum
387 2429 527 2458 assumpta
547 2430 642 2456 carne,
663 2429 769 2450 necnon
791 2423 873 2449 etiam
899 2421 936 2449 illi

153 2471 252 2505 templo
273 2478 306 2498 es
323 2468 434 2504 Virgine
455 2474 534 2502 nato;
551 2473 580 2496 et
598 2468 677 2503 quia,
699 2473 729 2495 ut
748 2472 828 2503 puto,
849 2467 890 2494 liis
904 2467 938 2494 de

154 2518 233 2544 rebus
247 2516 391 2550 disputatio
411 2514 587 2550 inquisitione
605 2522 702 2550 magna
718 2514 832 2549 indiget,
846 2521 878 2541 ea
901 2514 935 2541 ad

151 2570 270 2599 praesens
292 2566 442 2598 opportune
461 2562 488 2589 in
513 2566 618 2597 tempus
635 2561 805 2589 commodius
822 2561 936 2597 rejects,

985 1639 1046 1666 Ὅτι
1063 1638 1237 1670 πιστεύοντες
1253 1638 1308 1674 [ῖσ.
1322 1638 1363 1665 ὅτι
1373 1639 1400 1666 δὲ
1411 1638 1596 1675 πιστεύοντες]
1606 1640 1646 1671 είς
1661 1638 1778 1675 Χριστὸν

991 1684 1106 1720 Ἰησοῦν,
1124 1685 1165 1715 είς
1184 1685 1229 1711 τὸν
1251 1684 1299 1711 ἕνα
1327 1684 1374 1711 καὶ
1396 1684 1477 1718 φύσει
1507 1685 1555 1712 καὶ
1580 1685 1689 1721 άληθῶς
1714 1684 1777 1712 Υίδν

986 1729 1161 1765 πιστεύομεν,
1177 1730 1366 1765 ἁναφοιτώσης
1378 1730 1429 1766 τῆς
1439 1730 1557 1762 πίστεως
1567 1731 1606 1762 εἰς
1613 1730 1659 1758 τὸν
1668 1731 1779 1767 Πατέρα

985 1777 1019 1804 δι’
1037 1777 1131 1808 αὑτοῦ,
1146 1777 1240 1812 σαφῶς
1256 1776 1319 1813 [Im
1338 1777 1434 1814 σαφὲς]
1450 1777 1484 1805 ἂν
1501 1778 1616 1813 γένοιτο,
1631 1778 1777 1815 διακεκρα-

985 1822 1062 1856 γότος
1079 1821 1162 1849 αὑτοῦ
1176 1822 1215 1857 τῷ
1225 1822 1322 1858 κόσμῳ
1335 1823 1416 1849 παντί
1427 1830 1433 1837 ·
1451 1832 1461 1849 ι
1473 1823 1501 1849 '0
1514 1822 1649 1850 πιστεύων
1662 1824 1701 1854 είς
1713 1823 1776 1858 ἐμὲ,

985 1868 1017 1895 οὐ
1035 1868 1159 1895 πιστεύει
1183 1869 1223 1900 είς
1247 1869 1309 1904 ἐμὲ,
1323 1868 1379 1895 ἀλλ’
1394 1869 1435 1900 εἰς
1460 1868 1505 1895 τὸν
1529 1868 1677 1904 πέμψαντά
1700 1877 1746 1904 με·
1766 1879 1775 1895 ι

989 1915 1047 1946 καὶ,
1068 1923 1078 1940 ι
1091 1915 1118 1941 ’0
1142 1913 1252 1949 θεωρῶν
1276 1914 1337 1949 ἐμὲ,
1352 1913 1452 1949 θεωρεῖ
1473 1914 1521 1941 τὸν
1540 1915 1688 1950 πέμψαντά
1705 1923 1750 1951 με*
1768 1925 1776 1941 ι

988 1961 1035 1988 καὶ
1059 1960 1149 1992 πάλιν,
1173 1960 1343 1987 ιΠιστεύετε
1367 1961 1408 1992 εἰς
1428 1961 1474 1988 τὸν
1495 1961 1572 1992 Θεὸν,
1591 1961 1639 1988 καὶ
1662 1962 1704 1993 είς
1729 1962 1780 1997 ἐμὲ

987 2007 1137 2034 πιστεύετε.
1154 2016 1164 2032 i
1184 2007 1238 2033 Καὶ
1259 2007 1288 2033 οὐ
1312 2007 1342 2042 δή
1365 2007 1415 2034 πού
1438 2016 1540 2043 φαμεν,
1557 2007 1595 2040 ὡς
1609 2008 1656 2034 δύο
1671 2008 1780 2039 πίστεις

988 2053 1056 2088 πρὸς
1072 2053 1150 2088 ἡμῶν
1166 2053 1252 2079 αἰτεῖ·
1270 2053 1391 2080 διδάσκει
1404 2054 1432 2080 δὲ
1446 2053 1557 2088 μᾶλλον,
1572 2053 1610 2086 ὡς
1627 2055 1653 2080 ει
1665 2062 1708 2086 τις
1724 2055 1779 2081 εισ-

986 2098 1094 2132 δέξαιτο
1112 2099 1162 2134 τὴν
1184 2100 1224 2130 είς
1238 2099 1319 2125 αὑτὸν
1335 2100 1437 2132 πίστιν,
1452 2100 1528 2136 σὺτῷ
1552 2101 1716 2128 πεπίστευκε
1741 2101 1780 2136 τῷ

989 2145 1088 2180 Πατρί.
1099 2144 1206 2182 Ἐπειδὴ
1230 2145 1260 2172 δὲ
1283 2145 1355 2173 κατὰ
1377 2145 1408 2173 τὸ
1428 2146 1503 2178 εἰκὸς
1521 2147 1554 2182 τῇ
1570 2146 1624 2173 τῶν
1638 2147 1780 2182 ὀνομάτων

987 2190 1133 2226 ὁμωνυμίᾳ
1146 2191 1320 2226 διε-χρήσεται,
1339 2192 1418 2219 κοινὰ
1429 2191 1516 2227 λέγων
1528 2189 1599 2219 εἶναι
1613 2192 1644 2219 τό
1661 2201 1690 2219 τε
1710 2193 1779 2229 Χρι-

989 2237 1062 2268 στὸς,
1074 2237 1122 2263 καὶ
1140 2236 1171 2263 τὸ
1195 2236 1307 2272 Κύριος,
1326 2237 1372 2264 καὶ
1388 2238 1442 2273 μὴν
1461 2240 1508 2265 καὶ
1527 2238 1599 2271 Υίὺς,
1619 2239 1735 2274 πρέπειν
1749 2247 1779 2266 τε

990 2283 1059 2309 αὐτὰ
1075 2282 1302 2310 διαϐεϐαιώσεται
1315 2283 1354 2318 τῷ
1366 2284 1398 2310 ὲκ
1413 2283 1519 2319 Πατρὸς
1533 2284 1612 2318 φύντι
1628 2284 1718 2319 Λόγῳ,
1728 2285 1781 2311 κᾶν

988 2329 1013 2355 εἰ
1037 2329 1124 2355 νοοῖτο
1151 2328 1241 2362 μόνος,
1260 2329 1307 2356 καὶ
1331 2329 1431 2366 σαρκὸς
1457 2329 1528 2357 οὓτω
1547 2330 1585 2366 (5)
1609 2330 1779 2366 μεταλαχών,

987 2376 1036 2403 καὶ
1051 2377 1105 2412 μὴν
1119 2379 1158 2411 τῷ
1169 2378 1201 2403 ὲκ
1213 2376 1352 2411 Παρθένου
1364 2377 1444 2411 φύντι
1458 2376 1529 2412 ναῷο
1541 2377 1626 2405 δεῖται
1640 2377 1679 2410 δὲ,
1690 2374 1779 2412 οἶμαι,

988 2422 1106 2457 βασάνου
1121 2422 1222 2458 πολλῆς
1235 2424 1249 2450 6
1263 2423 1310 2450 ἐπὶ
1327 2423 1434 2454 τούτοις
1451 2422 1530 2456 λόγος
1540 2431 1546 2438 ·
1565 2423 1606 2455 εἰς
1620 2423 1727 2459 καιρὸν,
1743 2423 1780 2455 ὡς

987 2468 1067 2504 ἔφην,
1082 2467 1156 2504 αὑτῷ
1171 2469 1312 2504 πρέποντα
1327 2469 1469 2504 χρησίμως
1491 2469 1573 2496 αὑτὸν
1593 2470 1634 2501 είς
1648 2469 1678 2496 τὸ
1692 2470 1781 2505 παρὸν

988 2514 1160 2551 ἀναθέμενοι,
1176 2515 1219 2550 ἐφ’
1231 2515 1329 2551 ἑτέραν
1343 2515 1426 2551 ἷωμιν
1441 2515 1491 2550 τῆς
1504 2516 1586 2549 ἁγίας
1600 2515 1711 2543 συνόδου
1724 2525 1780 2551 φω-

989 2560 1049 2596 νὴν,
1065 2561 1096 2596 ἢν
1109 2562 1200 2589 οὐτοσὶ
1213 2561 1399 2598 παρατρέπων
1412 2561 1460 2588 ἐπὶ
1474 2561 1504 2588 τὸ
1517 2562 1593 2597 αὐτῷ
1608 2561 1715 2594 δοκοῦν,
1732 2562 1781 2598 τὴν

187 2656 207 2670 ⁵·
224 2654 317 2682 Matth.
335 2663 362 2688 ι,
379 2654 424 2682 20.
461 2655 484 2670 “
495 2654 572 2682 Joan.
589 2662 639 2687 xu,
655 2655 700 2682 Η.
740 2654 852 2683 “Jnan.
867 2663 924 2690 xiv,
940 2655 968 2684 9.
1007 2656 1030 2672 “
1044 2657 1110 2685 Ibid.
1132 2658 1158 2685 Ι.

790 2735 870 2763 ΛΒΤ.
891 2735 1026 2764 AGELLII
1045 2736 1161 2764 ΝΟΤίΕ.

191 2816 226 2851 ;ι)
242 2815 298 2841 Hoc
314 2814 494 2851 testimonium
513 2814 617 2851 videtur
631 2814 749 2851 Cyrinus
769 2815 823 2842 alio
836 2817 931 2842 ordine

148 2849 316 2887 protulisse:
332 2849 434 2887 Credite
453 2850 480 2887 in
498 2857 548 2887 me,
567 2855 595 2887 et
610 2850 636 2875 in
655 2849 739 2887 psum
753 2851 859 2881 credite,
879 2850 929 2883 vel,

148 2884 274 2918 Creditis,
292 2892 346 2920 quo
361 2885 439 2913 modo
452 2884 544 2912 citavit
560 2884 641 2911 etiam
654 2884 699 2911 lib.
713 2892 742 2910 ιι.

1021 2815 1059 2850 (5)
1076 2815 1165 2853 Malim
1180 2816 1279 2853 legere,
1295 2816 1372 2844 οὔπω
1397 2817 1568 2853 μεταλαχών,
1593 2823 1622 2845 ιιι
1646 2818 1713 2845 dixit
1737 2827 1782 2846 sn-

986 2858 1032 2891 pru
1050 2858 1115 2891 ωε..
1126 2851 1172 2891 2-1.
1191 2851 1267 2891 obitu)
1282 2852 1382 2891 σαρλεὸς
1398 2851 1453 2880 οιαὶ
1476 2851 1591 2891 αἵματος
1614 2862 1780 2890 κεκοινωνη-

986 2887 1051 2918 κὼς,
1068 2891 1095 2913 ct
1109 2887 1179 2914 infra
1193 2888 1237 2921 66',
1259 2888 1307 2914 καὶ
1325 2887 1402 2914 οὔπω
1418 2887 1636 2918 σεσαοιιωιιένος.
