1883 3054
102 154 136 181 l9
668 157 855 186 ADVERSUS
873 157 1074 188 NESTORIUM
1095 161 1158 189 ΜΒ.
1180 162 1201 190 1.
1696 173 1730 202 50

103 215 149 244 τῆς
172 211 302 247 ἀληθείας
327 214 526 248 καταδιάζεται
549 216 675 253 δύναμιν.
691 219 761 254 «Ιδησλ⁸
776 219 841 255 γὰρ,
854 220 882 247 ὂτ

976 221 980 247 I
995 221 1106 250 alteram
1120 229 1222 253 sancta:
1235 225 1307 254 illius
1323 228 1418 263 synodi
1433 237 1527 256 vocem
1543 234 1729 267 transeamus.

103 259 270 294 γεγράφασιν
283 261 307 287 oi
320 261 454 297 Πατέρεςο
473 262 658 300 [Πιστεύομεν
670 266 711 298 είς
725 267 773 294 ἕνα
790 267 895 302 Κύριον

110 305 208 342 Ἰησοῦν
221 306 352 342 Χριστὸν,
368 309 416 335 τὸν
430 309 497 336 Υἰὸν
508 310 554 337 τὸν
572 313 715 348 μονογενῆ,
735 313 782 340 τὸν
797 315 829 340 ἐκ
843 314 892 341 τοῦ

106 352 205 387 augt;
228 353 408 389 γεννηθέντα,
425 355 473 383 τὸν
495 356 638 392 όμοούσιον
660 359 701 394 τῷ
724 360 822 396 Πατρὶ,
845 361 892 388 τὸν

104 398 261 426 κατελθόντα
277 400 310 426 δι’
323 401 409 436 ἡμᾶς,
427 402 477 429 καὶ
493 403 668 437 σαρκωθέντα
683 406 715 432 ἐκ
732 406 892 441 Πνεύματος

104 444 198 480 ariam]
206 444 509 482 Ἐπιφέρειδὲτούτοις,
522 449 568 476 καί
580 458 646 486 φησι
660 453 726 486 περὶ
738 452 793 480 τῶν
804 453 891 488 ἁγίων

104 490 244 525 Πατέρων’
261 491 488 528 [Ὗποκατιόντες
496 495 535 528 δὲ,
550 496 732 533 ἑρμηνεύουσι
754 499 800 526 τὸν
813 500 891 526 ὲναν-

103 539 292 574 θρωτιήσαντα,
309 540 406 568 τοῦτον
424 541 570 578 λεγόμενον
585 545 771 579 σαρκωθέντα,
786 546 817 573 οὺ
829 555 891 582 τρο-

103 586 152 621 πὴν
163 586 213 621 τῆς
232 586 312 619 θείας
329 588 441 623 φύσεως
455 589 642 626 ὑπομεινάσης
658 593 699 624 εἰς
714 593 764 628 τὴν
787 593 889 628 σάρκα,

102 632 162 659 ἀλλὰ
182 633 231 668 τὴν
253 634 395 670 ἐνοίκησιν
408 635 459 671 τὴν
473 637 514 669 είς
529 636 695 674 ἄνθρωπον]
705 639 748 666 Ἐν
760 639 890 676 ἐξηγήσει

101 679 128 705 δι
142 679 219 706 πάλιν
232 681 284 716 τῆς
301 681 389 718 αὐτῆς
403 682 496 718 ἔχεται
511 683 639 717 διανοίας,
651 686 697 712 καὶ
714 686 746 721 δὴ
759 687 807 714 καὶ
818 687 890 715 οὕτω

102 725 190 761 φησίν.

132 816 353 854 [Ἦκολούθησαν
371 819 411 856 τῷ
427 820 605 858 εὐαγγελιστῇ
621 831 629 839 ν
645 823 692 850 καὶ
706 824 760 860 γὰρ
775 825 789 852 ό
808 825 890 860 εὐαγα

103 864 233 900 γελιστὴς,
249 865 339 892 ἐλθὼν
352 867 393 898 είς
407 867 457 902 τὴν
471 868 685 904 ὲνανθρώπησιν,
694 870 779 905 ἔφυγε
793 871 889 908 γέννη-

103 919 142 938 σιν
156 912 241 938 εἰπεῖν
263 913 313 939 ἐπὶ
330 912 376 939 τοῦ
389 913 458 940 Θεοῦ
474 914 572 949 Λόγου,
587 916 634 942 καὶ
652 917 760 944 τέθεικε
780 917 889 954 σάρκω-

104 965 154 984 σιν·
177 957 242 990 ποῦ;
267 958 407 986 ἄκουσον·
433 969 442 986 ι
458 961 512 987 Kal.
524 962 538 988 ό
548 961 633 995 Λόγος
648 962 716 998 σὰρξ
731 964 841 998 ἐγένετο
851 973 858 981 ’
875 975 885 993 ι

102 1003 147 1030 οὐκ
164 1001 241 1030 εἷπε·
260 1004 313 1031 Διά
338 1005 440 1041 σαρκὸς
454 1007 686 1044 ὲγεννήθη.”οπου
709 1010 763 1046 γὰρ
782 1019 888 1046 μνημο-

103 1049 217 1076 νεύουσιν
237 1051 263 1076 oi
284 1051 441 1085 ἀπόστολοι,
457 1053 473 1088 ἥ
498 1054 522 1080 οί
539 1054 731 1089 εὐαγγελισταὶ
745 1056 792 1083 τοῦ
809 1057 886 1090 Υίοῦ,

102 1094 222 1126 τιθέασιν,
240 1096 283 1122 ὅτι
303 1096 438 1133 ἐγεννήθη
454 1098 485 1125 ἐκ
499 1101 638 1133 γυναικός.
653 1101 775 1137 Πρόσεχε
787 1102 826 1138 τῷ
844 1103 889 1129 λε-

102 1139 211 1175 γομένῳ.
226 1141 400 1176 παρακαλῶ·
422 1142 489 1170 ὅπου
503 1143 558 1180 γὰρ
571 1144 680 1179 λέγουσι
695 1146 724 1173 τὸ
740 1147 825 1183 ὄνομα
840 1148 889 1176 τοῦ

103 1183 173 1218 Υῑοῧ,
187 1186 234 1212 καὶ
250 1186 294 1213 ὅτι
313 1187 410 1224 ἐτέχθη
428 1188 461 1216 ὲκ
480 1190 619 1223 γυναικὸς,
630 1191 736 1219 τιθέασι
750 1193 790 1224 τὺ,
800 1194 889 1227 Ἐγενο

103 1230 165 1266 νήθη
177 1237 183 1244 ·
202 1231 271 1258 ὅπου
289 1232 320 1259 δὲ
343 1235 542 1269 μνημονεύουσι
558 1236 605 1263 τοῦ
619 1237 717 1272 Λόγου,
735 1238 822 1272 οὐδεὶς
837 1240 887 1266 αὺ-

102 1274 151 1302 τῶν
166 1276 318 1313 ἐτόλμησεν
333 1280 431 1311 εἰπεῖν,
445 1281 571 1317 γέννησιν
587 1282 631 1310 διὰ
643 1285 694 1319 τῆς
709 1284 888 1321 ἀνθρωπότη-

102 1328 151 1352 τος.
160 1320 188 1347 '0
197 1321 252 1357 γὰρ
268 1324 408 1359 μακάριος
419 1325 545 1362 Ἰωάννης
557 1328 572 1354 ό
581 1327 787 1365 εὐαγγελιστὴς,
802 1320 888 1358 ἐλθὼν

103 1367 138 1398 εις
160 1367 204 1394 τὸν
229 1368 331 1403 Λόγον,
357 1370 405 1397 καὶ
428 1371 469 1404 εις
494 1371 544 1408 τὴν
567 1374 774 1410 ἐνανθρώπησιν
792 1376 887 1410 αὑτοῦ,

103 1413 211 1440 ἄκουσον
229 1411 276 1441 οἷά
296 1424 390 1450 φησιν.
413 1426 423 1443 ι
442 1417 472 1444 '0
483 1418 568 1453 Λόγος
590 1420 657 1455 σὰρξ
676 1421 795 1455 ἐγένετο.
811 1423 834 1459 ι]

398 1495 524 1526 ΚΕΦᾹΛ.
543 1499 586 1526 H'.

943 276 1024 304 quam
1043 269 1094 298 iste
1115 275 1145 298 ut
1169 272 1203 299 ad
1227 279 1305 301 suam
1328 275 1490 302 sententiam
1512 283 1658 311 pervertat.
1678 279 1728 313 ipsi

942 315 1138 349 potentissima:
1153 318 1263 345 veritati
1285 320 1432 348 succurrit.
1445 321 1491 348 Ait
1501 322 1573 349 enim
1586 323 1729 357 scripsisse

941 360 1057 390 Patres:
1070 362 1224 399 [Credimus
1239 364 1266 392 in
1282 373 1366 393 unum
1379 366 1521 394 Dominum
1543 367 1634 396 Jesum
1650 370 1730 397 Chri-

941 412 1024 441 stum,
1049 408 1148 437 Filium
1172 411 1353 446 unigenitum,
1374 420 1408 440 ex
1432 414 1514 442 Patre
1535 420 1640 449 natum,
1659 424 1727 444 con-

941 455 1146 484 substantialem
1168 456 1261 485 Patri:
1275 459 1321 493 qui
1338 460 1477 488 descendit
1493 466 1602 496 propter
1620 470 1681 494 nos.
1700 468 1727 490 ct

941 502 1099 531 incarnatus
1111 504 1199 531 estde
1214 503 1315 539 Spiritu
1335 507 1452 543 sancto.]
1471 507 1511 534 Ad
1530 509 1586 536 haec
1599 509 1681 537 infert
1695 518 1726 537 ac

941 547 1007 575 dicit
1028 549 1062 575 de
1077 549 1182 578 sanctis
1197 550 1252 578 illis
1265 550 1393 580 Patribus
1406 561 1413 579 :
1431 552 1559 589 [Inferius
1572 562 1637 582 vero
1655 554 1726 583 hunc

941 592 1029 627 ipsum
1052 594 1099 629 qui
1125 594 1225 622 dicitur
1241 595 1411 629 incarnatus,
1433 597 1647 632 interpretantur
1666 606 1726 626 esse

941 639 1077 666 hominem
1095 639 1196 668 factum
1209 650 1218 669 :
1232 649 1284 669 non
1300 643 1371 677 quod
1391 647 1488 670 natura
1509 643 1600 671 divina
1615 643 1640 671 in
1663 652 1725 672 car-

941 691 1002 711 nem
1019 685 1055 712 sit
1074 681 1188 720 mutata,
1206 687 1254 714 sed
1272 688 1343 723 quod
1359 688 1386 716 in
1403 689 1512 717 homine
1527 689 1678 726 habitarit.]
1697 690 1725 719 In

940 730 1108 764 expositione
1123 739 1218 760 rursus
1235 733 1322 761 eidem
1338 733 1454 761 inhaeret
1472 736 1624 767 sententiae,
1643 744 1674 763 ac
1689 736 1726 764 ita

939 775 1004 803 dicit
1021 785 1028 804 :

976 821 1116 858 [Νεετοιι.
1138 822 1230 850 Secuti
1250 829 1314 851 sunt
1327 825 1519 860 evangelistam
1537 838 1543 854 :
1560 835 1622 855 nam
1641 835 1724 855 evan-

940 868 1035 902 gelista
1058 870 1103 896 ubi
1119 869 1152 896 ad
1171 871 1334 897 narrandam
1357 872 1577 901 humanationem
1591 875 1723 909 pervenit.

940 914 1030 942 dicere
1043 916 1241 950 generationem
1259 916 1285 944 in
1301 916 1354 945 Deo
1367 917 1456 946 Verbo
1470 919 1574 952 vitavit,
1591 928 1622 948 ac
1638 922 1727 955 posuit

940 961 1167 990 incarnationem.
1191 962 1325 991 Ubinam?
1342 964 1403 992 audi
1421 974 1427 991 :
1448 974 1457 990 ι
1474 965 1506 992 Et
1521 965 1639 993 Verbum
1660 974 1725 994 caro

939 1006 1039 1035 factum
1053 1013 1095 1036 est
1107 1009 1147 1043 ";
1164 1018 1174 1035 ›
1194 1017 1248 1037 non
1266 1010 1352 1038 dixit:
1366 1010 1418 1038 Per
1434 1019 1545 1040 carnem
1567 1019 1648 1040 natus
1661 1018 1702 1040 est
1716 1022 1723 1040 :

939 1062 1001 1082 nam
1023 1055 1067 1083 ubi
1093 1057 1207 1091 apostoli
1224 1057 1267 1084 vel
1287 1057 1459 1094 evangelista
1478 1059 1641 1086 mentionem
1663 1060 1724 1087 Filii

940 1101 1062 1135 faciunt,
1084 1107 1188 1138 ponunt
1211 1107 1302 1130 natum
1325 1111 1386 1131 esse
1407 1112 1439 1132 ex
1458 1105 1582 1134 muliere.
1596 1106 1723 1138 Attende.

939 1155 1041 1182 quaeso,
1057 1149 1128 1183 quod
1143 1148 1244 1177 dicitur
1255 1157 1263 1176 :
1275 1149 1328 1185 25
1342 1150 1386 1177 ubi
1397 1154 1613 1178 commemorant
1627 1159 1724 1178 nonwn

940 1193 1012 1227 Filii,
1031 1199 1059 1222 et
1082 1195 1184 1223 editum
1201 1203 1262 1223 esse
1283 1203 1316 1223 ex
1341 1196 1464 1228 muliere,
1483 1202 1586 1231 ponunt
1602 1197 1724 1231 verbum,

939 1239 1024 1269 Natus
1040 1246 1099 1275 est;
1117 1242 1166 1270 sed
1181 1242 1226 1270 ubi
1243 1242 1323 1270 Verbi
1338 1243 1422 1270 divini
1434 1243 1596 1270 mentionem
1611 1242 1724 1276 faciunt.

938 1295 1019 1316 nemo
1043 1288 1149 1316 illorum
1173 1297 1258 1317 ausus
1276 1294 1317 1317 est
1342 1289 1443 1323 dicere,
1461 1289 1580 1324 genitum
1601 1297 1662 1317 esse
1678 1297 1726 1324 per

937 1332 1144 1361 humanitatem.
1160 1333 1228 1362 Nam
1251 1334 1346 1362 beatus
1359 1334 1477 1363 Joannes
1497 1335 1662 1370 evangelista
1679 1335 1724 1362 ubi

937 1378 1062 1413 pervenit
1081 1379 1115 1406 ad
1137 1379 1266 1410 Verbum,
1282 1383 1309 1406 et
1333 1378 1392 1414 ejus
1408 1379 1641 1411 humanationem,
1662 1378 1733 1406 audi

938 1424 1001 1460 quid
1018 1425 1090 1452 dicat
1105 1435 1112 1453 :
1131 1433 1141 1451 ι
1156 1425 1275 1453 Verbum
1293 1433 1358 1452 caro
1376 1425 1477 1452 factum
1492 1430 1544 1453 est.
1558 1424 1585 1460 ι]

1252 1502 1327 1530 CAP.
1345 1502 1415 1531 Vill.

133 1558 196 1612 Oé‘p’e
213 1559 245 1596 δὴ
261 1558 497 1612 οὗν-παραθέντες
506 1561 546 1597 οἷς
558 1565 610 1601 ἔφη
624 1566 729 1596 καὶτοῦ
740 1570 802 1598 καθ’
812 1571 882 1608 ἡμᾶς

976 1572 1030 1607 Age
1042 1571 1107 1607 jam,
1123 1579 1185 1599 cum
1208 1571 1251 1600 his
1266 1579 1325 1607 qua!
1344 1571 1413 1599 dixit
1430 1571 1619 1606 componendo
1641 1571 1733 1598 nostri

105 1603 232 1638 Συμϐόλου
247 1605 299 1641 τὴν
311 1606 452 1639 ἀπόδοσιν,
467 1609 565 1644 ἴδωμεν
584 1611 609 1637 εί
629 1612 666 1647 μή
682 1622 708 1640 τι
728 1603 884 1644 ιιεκαινοτόζ

105 1659 181 1685 μηται
209 1652 282 1687 παρὰ
300 1653 396 1680 τούτου
422 1655 469 1681 καὶ
493 1657 558 1692 περὶ
579 1658 675 1694 αὑτήν·
695 1670 705 1686 ι
720 1661 890 1699 Πιστεύομεν

105 1698 140 1728 είς
151 1696 198 1725 ἕνα
211 1698 279 1726 Θεὸν
297 1700 410 1735 Πατέρα
428 1703 645 1740 παντοκράτορα,
659 1706 769 1735 πάντων
782 1696 889 1744 ὁρατῶν

105 1743 146 1768 καὶ
166 1742 291 1778 ἀοράτων
320 1747 454 1782 ποιητήν·
474 1748 521 1775 καὶ
538 1750 578 1781 είς
602 1749 650 1777 ἕνα
667 1752 768 1788 Κύριον
785 1742 889 1790 ’Ϊησοῦν

105 1788 221 1823 Χριστὸν,
239 1790 286 1817 τὸν
303 1790 368 1817 Υἱδν
381 1792 428 1819 τοῦ
443 1792 519 1827 Θεοῦ,
532 1796 695 1832 γεννηθέντα
714 1799 747 1826 ἐκ
766 1788 821 1827 τοῦ.
832 1802 889 1828 Πα-

105 1834 162 1869 τρδς
177 1836 310 1872 μονογενῆ
326 1837 376 1873 (6),
393 1839 541 1874 τουτέστιν,
561 1842 593 1869 ὲκ
607 1843 657 1879 τῆς
671 1844 765 1878 οὐσίας
778 1846 826 1874 τοῦ
839 1848 889 1875 αὺ-

105 1882 165 1930 τοῦέ
178 1884 242 1910 Θεὸν
258 1885 292 1912 ὲκ
310 1885 390 1917 Θεοῦ,
407 1888 464 1922 φῶς
479 1888 511 1915 ἐκ
524 1891 623 1924 φωτὸς,
639 1891 705 1920 Θεὸν
718 1894 845 1930 ἀληθινὸν
856 1897 890 1924 ὲκ

106 1928 166 1956 Θεοῦ
178 1929 318 1966 ἀληθινοῦ,
334 1933 511 1968 γεννηθέντα,
522 1936 554 1963 οὐ
570 1938 728 1973 ποιηθέντα,
746 1928 889 1976 ὁμοούσιον

106 1975 140 2010 τῷ
153 1975 247 2012 Πατρὶ,
262 1978 297 2005 δι’
314 1977 345 2006 οὗ
362 1979 397 2006 τὰ
414 1981 502 2009 πάντα
516 1982 635 2017 ἐγένετο,
650 1985 684 2013 τά
699 1994 729 2013 τε
747 1986 775 2014 ὲν
788 1988 827 2024 τῷ
841 1989 888 2016 οὔ-

108 2022 184 2057 ρανῷ,
199 2024 245 2051 καὶ
260 2025 296 2051 τὰ
310 2025 357 2052 ἐπὶ
371 2026 422 2061 τῆς
437 2029 501 2064 γῆς·
521 2029 568 2056 τὸν
580 2029 695 2066 δι’,ήμᾶς
706 2033 769 2065 τοὺς
783 2022 889 2070 ἀνθρώ-

108 2075 177 2115 πονς,
194 2071 239 2096 καὶ
257 2071 302 2098 διὰ
317 2071 369 2108 τὴν
385 2073 523 2110 ἡμετέραν
545 2078 693 2113 σωτηρίαν,
710 2080 887 2115 κατελθόντα,

108 2114 148 2140 καὶ
163 2117 347 2150 σαρκωθέντα,
365 2118 413 2145 καὶ
424 2119 582 2158 ὲνανθρωπή
588 2131 681 2158 σαντα,
695 2125 825 2160 παθόντα,
840 2114 889 2156 και

109 2160 251 2188 ἀναστάντα
264 2164 298 2198 τῇ
313 2164 393 2201 τρίτῃ
408 2165 500 2202 ἡμέρᾳ
511 2175 519 2182 ο
533 2168 679 2197 ἀνελθόντα
703 2171 743 2203 εἰς
762 2173 826 2206 τοὺς
846 2174 889 2201 οὗ·

111 2206 214 2255 ρανούς·
232 2209 382 2255 ἐρχόμενον
396 2213 486 2247 κρῖναι
500 2213 605 2247 ζῶντας
630 2217 678 2244 καὶ
690 2219 815 2255 νεκρούς.
832 2221 888 2248 Καὶ

109 2253 145 2300 εἰς
154 2253 184 2300 το
196 2254 310 2291 Πνεῦμα
325 2256 356 2283 τὸ
370 2256 458 2292 ἅγιον,
471 2259 539 2288 »Ἴθι
551 2261 582 2297 δὴ
594 2260 651 2295 οὖν,
665 2260 688 2290 ὦ
703 2253 822 2300 γενναῖε,
836 2267 888 2295 ποῦ

109 2298 263 2346 τεθείκασιν,
292 2303 363 2336 εἰπὲ,
389 2305 453 2341 περὶ
474 2306 521 2333 τοῦ
544 2307 626 2342 Υἱοῦ,
651 2298 828 2346 σαραωθέντα
857 2315 889 2342 ἐκ

111 2345 258 2393 Πνιύματος
281 2350 361 2384 ἁγίου
386 2352 432 2378 καὶ
453 2353 565 2389 Μαρίας
585 2355 635 2391 τῆς
653 2357 807 2393 Παρθένου;
822 2359 890 2387 ἀλλὰ

197 2395 246 2442 μὲν
255 2396 402 2430 ἑκδείξειεν
414 2398 447 2426 ἂν
456 2399 557 2434 ἥκιστά
566 2409 608 2435 γε,
619 2402 688 2438 πλὴν
698 2392 788 2431 ἐκεῖνο
799 2405 887 2442 ἄθρει.

110 2438 170 2488 Φασὶ
183 2440 246 2475 γὰρ,
261 2442 345 2469 αὐτὸν
359 2443 406 2470 τὸν
427 2445 459 2471 ὲκ
480 2445 547 2473 Θεοῦ
562 2448 659 2482 Λόγον,
675 2449 721 2476 τὸν
736 2438 887 2488 Μονογενῆ,

112 2484 151 2511 τὸν
165 2486 196 2513 ἐκ
212 2488 261 2519 τῆς
283 2488 378 2521 οὐσίας
391 2489 439 2517 τοῦ
456 2491 571 2527 Πατρός,
585 2493 631 2520 τὸν
644 2494 679 2522 δι’
693 2494 723 2523 οὗ
737 2497 772 2524 τὰ
788 2484 887 2532 πάντα,

112 2530 138 2556 τὸ
150 2530 205 2566 φῶς
220 2532 251 2558 τὸ
268 2533 406 2569 ἀληθινὸν,
420 2537 594 2573 σαρκωθῆναί
607 2547 636 2566 τε
652 2541 698 2568 καὶ
711 2530 890 2580 ὲνανθρωπῆέ

114 2585 168 2607 σαι.
183 2579 278 2606 παθεῖν
298 2589 329 2607 τε
356 2581 406 2608 καὶ
420 2582 584 2619 ἀναστῆναν
605 2587 651 2613 καὶ
675 2587 738 2623 μὴν,
755 2589 796 2616 ὄτι
819 2579 889 2618 κατὰ

113 2625 214 2657 meai);
238 2626 371 2662 ἐπανήξει
396 2629 502 2664 κριτής.
511 2629 579 2657 Ἀλλ’
595 2631 638 2658 ἵνα
663 2633 709 2660 καὶ
733 2635 794 2667 ταῖς
817 2637 889 2671 παρ’

142 2713 163 2730 ⁸⁵
174 2713 248 2743 Joan.
263 2724 284 2750 ι,
303 2717 345 2745 ιιι.

943 1618 1062 1654 Symboli
1085 1618 1244 1652 editionem,
1271 1619 1451 1654 inquii-emus,
1481 1626 1513 1646 an
1538 1619 1620 1646 etiam
1643 1619 1669 1646 in
1694 1627 1730 1646 ea

939 1665 1077 1702 quidpiam
1091 1665 1125 1693 ab
1147 1666 1198 1693 hoc
1217 1666 1326 1693 homine
1343 1666 1473 1693 audacter
1483 1666 1520 1693 sit
1544 1665 1699 1693 innovatum
1717 1675 1724 1692 :

943 1721 952 1738 ι
972 1712 1116 1740 Credimus
1133 1711 1158 1739 in
1173 1719 1255 1739 unum
1278 1711 1361 1739 Deum
1379 1711 1486 1739 Patrem
1503 1711 1733 1746 omnipotentem,

938 1758 1059 1785 omnium
1076 1757 1220 1786 visibilium
1236 1762 1264 1786 et
1284 1758 1457 1786 invisibiiium
1481 1758 1609 1785 factorem
1625 1767 1633 1786 :
1648 1763 1676 1786 et
1697 1758 1732 1786 in:

939 1810 1021 1830 unum
1033 1803 1174 1830 Dominum
1189 1802 1280 1830 Iesum
1295 1803 1432 1830 Christum
1446 1802 1543 1830 Filiqu
1566 1803 1623 1837 Dei,
1634 1808 1732 1830 natum

939 1857 972 1877 ex
983 1849 1063 1878 Patre
1075 1849 1256 1885 unigenitum,
1268 1849 1319 1877 hoc
1329 1854 1419 1882 est,ex
1427 1849 1548 1884 ejusdem
1558 1849 1725 1882 substantia;

939 1895 1023 1922 Deum
1039 1895 1073 1922 de
1089 1894 1155 1928 Deo,
1174 1894 1266 1922 iumen
1283 1895 1316 1923 de
1337 1895 1450 1928 lumine,
1474 1894 1558 1922 Deum
1574 1902 1669 1922 verum
1692 1895 1737 1923 de

939 1940 996 1968 Deo
1017 1948 1093 1974 vero,
1112 1940 1246 1976 genitum,
1261 1948 1314 1969 non
1338 1940 1450 1974 factum,
1467 1939 1734 1968 consubstantialem

938 1987 1024 2020 Patri,
1040 1995 1086 2022 per
1097 1994 1178 2022 quem
1192 1986 1282 2014 omnia
1306 1986 1375 2014 facta
1397 1990 1470 2019 sunt,
1486 1993 1546 2021 quae
1566 1985 1592 2013 in
1614 1985 1685 2014 caelo
1700 1990 1727 2012 et

939 2042 999 2069 qua:
1019 2033 1046 2061 iu
1061 2038 1131 2061 terra
1149 2042 1155 2060 :
1172 2033 1217 2068 qui
1235 2036 1346 2067 propter
1365 2039 1416 2059 nos
1435 2031 1560 2059 homines
1573 2035 1600 2059 et
1617 2036 1733 2067 propter»

939 2085 1059 2108 nostram
1087 2079 1201 2107 salutem
1219 2078 1370 2111 descendit,
1394 2082 1423 2105 et
1445 2078 1605 2106 incarnatus
1624 2080 1678 2110 est,
1699 2080 1734 2104 ek

938 2127 1019 2155 homo
1031 2126 1119 2154 iactus
1129 2130 1170 2154 est
1182 2134 1189 2157 :
1203 2133 1298 2160 passus
1309 2129 1362 2157 est,
1374 2129 1401 2152 et
1417 2124 1565 2152 resurrexit
1575 2124 1655 2151 tertia
1670 2123 1732 2155 die,

938 2172 1060 2200 ascendit
1082 2171 1108 2199 in
1132 2171 1226 2205 corios,
1250 2174 1382 2198 venturus
1403 2174 1446 2197 est
1464 2169 1587 2204 judicare
1604 2169 1679 2196 vivos
1699 2174 1732 2196 et.-

942 2225 1071 2247 mortuos.
1092 2218 1126 2246 Et
1143 2219 1170 2246 in
1189 2217 1320 2253 Spiritum
1336 2223 1469 2244 sanctum.
1487 2225 1496 2243 ›
1509 2215 1565 2251 Age
1579 2215 1670 2251 igitur.
1685 2214 1726 2242 vir

939 2265 1058 2301 egregie,
1073 2265 1116 2292 dic
1129 2265 1237 2292 ubinam
1253 2263 1392 2298 posuerint
1405 2263 1438 2290 de
1461 2262 1540 2295 Filio,
1557 2261 1735 2289 incarnatum»

940 2319 1000 2340 esse
1019 2313 1051 2340 de
1075 2311 1178 2347 Spiritu
1198 2315 1294 2339 sancto
1304 2313 1332 2337 et
1353 2308 1437 2336 Maria
1453 2307 1587 2343 Virgine?
1603 2307 1684 2341 Atqui
1699 2306 1734 2333 id-

939 2358 1083 2386 osteuderc
1096 2358 1207 2385 minime
1217 2357 1316 2391 poterit
1326 2365 1333 2383 :
1343 2355 1390 2383 sed
1399 2360 1486 2382 tamen
1499 2354 1563 2381 illud
1573 2353 1731 2380 considam.

941 2404 1071 2432 Fatentur
1085 2403 1157 2431 enim
1180 2402 1266 2437 ipsum
1290 2400 1337 2429 Dei
1352 2400 1482 2430 \erbum,
1505 2398 1580 2425 illum
1596 2396 1726 2431 Unigeni-

941 2455 1009 2482 tum,
1031 2449 1105 2477 illum
1121 2456 1155 2476 ex
1177 2448 1328 2475 substantia
1355 2446 1455 2479 Patris,
1476 2444 1550 2471 illum
1578 2450 1626 2478 per
1644 2449 1725 2476 quem

940 2496 1044 2529 omnia,
1059 2494 1123 2522 illud
1138 2494 1226 2522 lumen
1241 2500 1347 2526 verum,
1363 2492 1533 2520 incarnatum
1551 2495 1622 2522 esse,
1642 2492 1670 2516 et
1686 2487 1724 2513 fa-

942 2547 1015 2571 ctum
1040 2542 1193 2574 hominem,
1209 2544 1236 2568 et
1258 2546 1379 2574 passum,
1396 2542 1424 2565 et
1437 2535 1629 2566 resurrexisse,
1647 2533 1725 2568 quin—

941 2590 1022 2617 etiam
1037 2596 1087 2616 suo
1102 2592 1225 2622 tempore
1238 2586 1386 2614 rediturum
1398 2582 1527 2620 judicem.
1542 2580 1602 2631 lam
1622 2586 1686 2631 vero
1697 2584 1727 2606 ut

941 2636 1000 2671 ejus
1016 2634 1106 2662 verbis
1126 2631 1306 2661 certissimam
1321 2636 1443 2658 normam
1462 2625 1621 2663 opponendo
1636 2624 1727 2652 videa-

737 2795 818 2823 ANT.
839 2796 975 2825 AGELLII
995 2796 1111 2826 ΝΟΤΕ.

146 2865 326 2911 (tij'ForLtasse
348 2867 420 2911 nido
443 2868 564 2911 inversus
589 2876 628 2897 est
654 2877 683 2911 et
712 2873 882 2903 scribendum

976 2882 1002 2911 ιι,
1030 2876 1093 2904 Υὶδν
1113 2875 1160 2903 τοῦ
1177 2874 1245 2903 Θεοῦ
1270 2871 1402 2910 μονογενῆ
1415 2890 1422 2904 ,
1455 2868 1619 2904 γεννηθέντα
1634 2867 1666 2893 ὲκ
1680 2865 1728 2892 τοῦ

116 2899 219 2936 Πατρός,
240 2901 341 2929 Filium
357 2902 407 2930 Dei
423 2904 587 2938 unigenitum,
603 2915 633 2933 ea:
649 2905 730 2936 I‘atre
748 2899 849 2937 natum.
