1883 3054
164 153 195 180 51
676 152 705 179 S.
726 150 862 180 CYlllLLl
881 149 1114 178 ALEXANDRINI
1133 150 1292 178 ARCHIEP.
1753 150 1789 177 52

164 218 224 239 mus
244 215 342 246 quanta
366 210 402 238 sit
425 210 452 238 in
477 209 529 237 illis
553 209 699 245 imperitia,
726 209 825 237 asserit
843 217 907 244 aper

1043 208 1081 235 τοῦ
1104 210 1205 244 φωναῖς
1220 207 1323 244 ἀκριϐῆ
1339 208 1388 244 τὴν
1407 208 1521 243 βάσανον
1541 207 1667 239 ἐνιέντες,
1686 207 1786 242 ἴδωμεν

165 257 252 291 ipsum
277 256 322 283 Dei
342 256 457 284 Verbum
481 256 652 284 incarnatum
674 263 734 283 esse
756 259 784 283 et
808 255 944 283 hominem

165 302 265 330 factum
292 303 351 330 illos
374 303 474 334 dicere,
499 306 527 329 et
548 309 641 329 eorum
659 301 765 328 veritati
789 301 945 335 suﬁragium

166 349 265 382 ferens,
281 354 407 384 tanquam
427 348 613 376 convenientia
635 349 754 376 dicentes
770 352 859 375 ornat.
877 347 946 374 Num

166 395 258 429 igitur,
284 395 456 429 dic,qu:rso.
475 402 537 421 cum
562 394 731 421 incarnatum
756 399 785 421 et
810 394 945 421 hominem

166 439 265 467 factum
280 440 365 473 aiunt,
378 439 449 467 aliud
464 440 600 474 quidpiam
613 440 773 475 signiﬁcant.
791 447 871 474 quam
887 447 947 467 esse

164 485 311 512 secundum
330 493 438 512 carnem
450 485 565 512 natum?
586 485 780 512 lucarnationis
805 485 876 513 enim
903 486 947 513 ltic

165 530 272 562 modus,
289 535 315 557 et
331 531 438 565 quidem
456 530 529 558 solus
542 531 565 558 ei
580 531 735 566 contingere
747 535 843 565 potest,
860 532 904 566 qui
919 537 945 559 et

163 580 239 602 extra
254 583 361 602 carnem
377 580 403 602 et
415 576 561 603 secundum
585 584 660 603 suam
677 582 798 604 ttaturant
814 577 944 605 subsistit.

165 621 257 656 Neque
273 622 345 649 enim
368 629 477 649 carnem
501 622 632 656 quispiam
652 622 749 649 dixerit
767 623 944 655 incantatam,

165 673 214 694 nec
229 667 372 701 quisquam
390 667 415 694 id
432 667 490 694 ﬁeri
509 672 596 702 potest
611 668 680 702 quod
703 673 759 694 erat
777 677 784 694 :
798 667 844 694 sed
858 668 880 694 si
893 675 944 701 qua

165 712 237 739 circa
253 712 339 747 ipsunt
356 713 519 747 intelligatur
533 713 603 739 facta
621 713 815 748 dispensatoria
833 714 946 740 mutatio

165 759 193 786 in
209 758 281 786 aliud
296 759 432 794 quidpiam
446 764 543 793 praeter
556 759 580 786 id
596 759 667 794 quod
684 763 752 791 erat,
769 764 824 786 tum
838 760 944 786 demunt

166 804 202 831 ita
215 804 267 832 dici
289 805 542 833 convenientissinte
559 811 660 841 posset.
675 806 729 841 26
740 806 767 833 Si
786 806 867 841 igitur
880 805 945 833 Uni-

164 850 283 884 genitum
300 858 361 878 esse
382 851 550 879 incarnatum
577 852 669 879 dicunt
690 852 757 887 (hoc
782 856 871 879 autem
899 858 946 885 per

998 256 1024 282 τί
1047 255 1078 282 τὸ
1097 255 1192 290 χρῆμα
1216 255 1265 290 τῆς
1289 254 1403 289 ἐνούσης
1426 254 1521 286 αὐταῖς
1546 254 1677 290 ἀμαθίας,
1693 254 1786 280 διαδε-

998 300 1122 327 6αιοῦται
1145 299 1247 334 σαφῶς,
1265 299 1440 334 σαρκωθῆναί
1462 307 1493 325 τε
1511 299 1559 326 καὶ
1573 298 1787 333 ἐνανθρωπῆσαι

998 345 1044 372 τδν
1065 346 1097 371 ἐκ
1119 344 1186 371 Θεοῦ
1203 344 1289 378 Λόγον
1303 345 1399 375 αὑταῖς
1421 343 1476 380 [ῖσ.
1493 343 1602 379 αὐτοὺς]
1623 345 1723 376 εἰπεῖν,
1738 343 1787 370 καὶ

998 391 1058 422 ταῖς
1081 391 1121 422 εἰς
1147 390 1276 425 ἀλήθειαν
1302 389 1413 424 ψήφοις,
1430 389 1468 421 ὠς
1488 389 1522 416 τὰ
1540 390 1632 416 εἰκότα
1654 389 1784 423 λέγοντας

1000 433 1201 470 στεφανοίτΑρ¹
1217 434 1274 466 οὖν,
1289 435 1350 462 εἰπέ
1366 444 1422 470 μοι,
1440 434 1614 470 σαρκωθῆναί
1634 443 1665 461 τε
1680 435 1729 461 καὶ
1741 435 1785 460 ὲν-

999 482 1178 518 ανθρωπῆσαι
1194 481 1329 516 λέγοντες,
1348 481 1440 516 ἐτερόν
1453 489 1480 507 τι
1494 481 1656 516 σημαίνουσι
1669 480 1746 516 παρὰ
1755 480 1786 506 τὺ

999 528 1177 564 γεγεννῆσθαι
1191 527 1262 555 κατὰ
1276 527 1383 563 σάρκα;
1401 527 1567 562 Σαρκὼσεως
1582 526 1636 561 γὰρ
1650 522 1730 558 οὗτος
1751 525 1784 552 ἂν

999 574 1112 608 γένοιτο,
1128 574 1175 601 καὶ
1192 574 1281 608 μόνος,
1295 574 1309 600 ὁ
1321 574 1420 609 τρόπος
1436 573 1475 608 τῷ
1485 573 1532 600 καὶ
1544 572 1595 606 ἔξω
1611 572 1723 608 σαρκὸς,
1736 573 1784 599 καὶ

998 620 1070 647 κατὰ
1081 621 1160 654 φύσιν
1173 620 1239 646 ἰδίαν
1255 619 1429 655 ὐφεστηκότι.
1445 619 1482 645 Οὐ
1493 619 1546 654 γάρ
1557 627 1618 651 που,
1630 619 1680 654 τὴν
1694 619 1783 654 σάρκα

999 665 1198 701 σεσαρκῶσθαι,
1211 666 1277 701 φαίη
1291 674 1332 697 τις
1349 665 1393 696 ἂν,
1414 665 1469 691 οὐδ’
1480 664 1513 692 ἂν
1530 665 1634 699 γένοιτό
1649 673 1691 696 τις
1703 663 1717 690 ὃ
1730 662 1764 699 ἦν
1774 672 1782 679 ·

997 711 1054 738 ἀλλ’
1065 712 1143 746 εἰπερ
1156 720 1198 743 τις
1211 713 1296 737 νοοῖτο
1306 711 1370 746 περί
1381 711 1462 738 αὑτὸν
1470 710 1602 746 γενομένη
1616 710 1783 745 μετάστασις

997 757 1153 792 οἰκονομικὴ
1170 757 1212 791 ἐφ’
1228 756 1320 792 ἔτερόν
1335 765 1371 787 τι,
1389 757 1454 792 παρ’
1465 757 1534 792 ὅπερ
1550 757 1600 783 οὐκ
1612 754 1647 791 ἦν
1664 756 1714 791 (7),
1726 755 1782 790 ἔχοι

998 803 1030 830 ἂν
1044 804 1059 830 ό
1072 803 1150 837 λόγος
1173 804 1214 837 ἐφ’
1226 803 1314 838 ἐαυτῷ
1330 802 1362 837 δὴ
1376 802 1436 829 τότε
1452 802 1518 829 πολὺ
1533 802 1564 829 τδ
1576 802 1660 834 εἰκός.
1676 801 1781 828 Οὐκοῦν

998 850 1022 876 εἰ
1041 848 1230 884 σεσαρκῶσθαί
1250 857 1315 883 φασι
1339 849 1383 875 τὸν
1405 849 1554 884 Μονογενῆ,
1570 848 1614 875 διὰ
1628 848 1781 883 γεννήσεως

164 896 299 923 carnalem
318 898 533 931 generationem,
549 898 600 925 nisi
621 898 710 929 fallor,
727 906 776 925 nec
794 898 847 925 alio
867 905 907 924 mo

1036 895 1131 930 ρκικῆς
1146 895 1233 930 ὁρῷτο
1249 895 1281 922 ἂν
1297 895 1351 931 [ἵσ.
1368 894 1390 922 δ’
1403 894 1459 930 av],
1476 894 1563 929 οἶμαι,
1581 894 1665 926 τουτὶ,
1683 895 1731 920 καὶ
1750 895 1779 920 οὐ

164 946 252 976 potest
272 942 364 978 ﬁeri),
384 943 518 977 quomodo
539 943 681 978 quisquam
705 943 812 971 inﬁtiari
836 947 922 978 potest
936 963 943 976 ,

166 987 226 1014 illos
240 993 332 1022 aperte
345 988 485 1016 confessos
498 995 569 1021 esse.
586 988 670 1016 Deum
689 989 752 1015 illud
770 987 884 1015 Verbum
902 995 944 1016 se-

164 1033 280 1060 cundum
295 1040 404 1060 carnem
419 1041 480 1062 esse
500 1034 613 1060 natum?
635 1033 670 1060 At
690 1033 762 1060 enim
785 1041 837 1060 non
852 1037 945 1068 aperte

163 1079 303 1113 generatio
317 1084 358 1107 est
370 1085 520 1114 nuncupata
540 1089 546 1105 :
562 1079 607 1107 sed
629 1084 718 1106 tamen
742 1079 825 1113 ipsius
842 1080 879 1106 rei
896 1087 944 1106 na-

165 1129 224 1151 tura
242 1132 294 1151 non
315 1125 407 1157 aliam,
427 1129 457 1152 ut
474 1125 553 1152 modo
575 1124 640 1158 dixi,
661 1124 731 1151 viam
754 1125 945 1153 incarnationis

164 1170 304 1204 agnoscit;
325 1170 500 1205 quamobrem
527 1171 632 1198 etiamsi
662 1171 723 1206 quid
745 1171 832 1198 minus
853 1177 946 1206 aperte

164 1217 269 1244 dicatur
284 1217 310 1244 itt
328 1217 370 1244 his
392 1221 466 1244 certe
488 1217 578 1248 rebus,
596 1225 649 1244 non
671 1223 811 1252 propterea
833 1217 877 1244 illa
903 1218 945 1244 via

165 1261 257 1288 relicta
273 1269 332 1296 quae
348 1261 402 1288 sola
428 1266 532 1289 naturae
557 1263 662 1296 cognita
684 1268 736 1295 est,
755 1263 788 1289 ad
807 1263 886 1290 aliam
905 1268 945 1290 est

164 1307 242 1334 nobis
253 1309 459 1335 transeundum.
477 1308 613 1343 Scriptum
625 1313 665 1336 est
678 1309 749 1335 enim
766 1309 791 1336 itt
807 1309 875 1337 libro
891 1309 945 1337 Ge-

167 1361 263 1382 neseos
289 1362 296 1381 :
324 1363 333 1379 ε
350 1354 380 1381 ΕΙ
405 1354 487 1382 Setlto
501 1359 578 1382 natus
596 1358 638 1382 est
663 1354 743 1388 ﬁlius,
761 1360 787 1382 et
803 1355 947 1390 appellarit

164 1405 260 1425 nomen
278 1398 335 1433 ejus
358 1398 429 1426 Enos
450 1399 483 1426 “.
500 1409 509 1425 ι
529 1399 595 1426 Nunt
619 1400 699 1434 igitur
720 1401 781 1435 quia
806 1400 944 1435 Scriptura

164 1443 253 1477 posuit
275 1443 325 1471 ltoc
355 1444 478 1476 verbum,
500 1445 584 1472 Natus
605 1449 657 1476 est.
682 1445 741 1472 ideo
766 1446 946 1479 generationis

164 1489 272 1516 ntodunt
289 1497 340 1516 non
362 1490 553 1518 adntittemus?
569 1495 597 1517 at
615 1491 660 1525 qui
680 1491 736 1518 ﬁeri
759 1496 845 1525 potest
868 1496 896 1518 ut
919 1491 945 1519 id

164 1542 216 1562 non
232 1534 267 1562 sit
284 1534 492 1563 stultissimum?
508 1535 566 1570 Ipsa
580 1544 695 1571 namque
711 1537 748 1564 rei
772 1541 864 1564 natura
880 1545 943 1572 pro-

163 1580 303 1613 pemodum
321 1582 401 1608 etiam
417 1582 515 1609 invitos
527 1583 598 1617 cogit
617 1586 645 1609 ut
658 1583 731 1609 illum
755 1588 830 1617 partu
844 1584 943 1610 editum

163 1626 312 1662 intelligere
329 1627 469 1655 fateamur.
490 1629 545 1655 Cur
566 1629 647 1664 igitur
665 1629 877 1657 incarnationem
894 1636 943 1656 au—

163 1672 249 1704 diens,
266 1680 318 1700 non
332 1673 422 1700 statim
435 1673 598 1701 intellectum
612 1676 793 1709 generationis
806 1675 944 1702 admittit?

163 1718 279 1745 Omnino
300 1723 390 1745 autent
407 1719 609 1748 humanationls
624 1722 732 1748 nomine
750 1728 944 1749 commemora-

163 1768 200 1795 to,
216 1771 265 1790 cur
278 1771 331 1790 non
344 1764 415 1791 illico
424 1764 556 1792 intellexit
572 1773 628 1794 rem
643 1766 728 1800 ipsam
743 1766 944 1794 ltumanationis

162 1815 216 1835 non
232 1808 333 1836 homini
352 1809 429 1844 plane
445 1810 599 1842 convenire,
615 1817 648 1837 ne
660 1811 685 1837 id
700 1811 786 1845 ipsum
804 1811 874 1846 qttod
885 1815 944 1838 erat

162 1853 219 1880 ﬁeri
244 1861 277 1881 ac
298 1855 371 1881 nasci
394 1855 525 1887 videatur.
545 1856 592 1883 sed
610 1855 698 1884 Verbo
713 1864 745 1884 ex
763 1856 816 1884 Deo
833 1857 944 1891 genito?

163 1898 214 1926 Ubi
231 1904 320 1927 autem
336 1900 492 1928 humanatio
503 1909 565 1928 vere
582 1901 664 1930 fuisse
675 1902 803 1936 creditur,
816 1903 852 1930 ibi
867 1911 945 1938 pror-

154 1953 209 1972 sus
224 1950 267 1973 est
282 1947 430 1982 generatio,
447 1956 495 1983 per
507 1956 587 1983 qttatn
604 1949 686 1976 homo
706 1949 792 1977 factus
809 1950 943 1984 intelliga-

163 1996 215 2018 tur.
239 1991 290 2019 Sed
314 2000 366 2020 non
385 1993 436 2021 isto
454 1994 531 2021 modo
550 1995 596 2022 tibi
612 1995 718 2023 videtur
734 1996 943 2032 intelligendum,

161 2044 221 2063 cum
233 2037 318 2072 ipsum
331 2037 376 2065 Dei
389 2038 505 2066 Verbum
521 2040 687 2068 incarnatum
698 2049 756 2070 esse
768 2047 795 2069 et
807 2043 942 2070 hominem

162 2081 260 2109 factum
275 2083 391 2111 dicitur:
407 2092 469 2111 nam
483 2091 576 2112 contra
589 2087 690 2119 dixisti,
707 2092 736 2114 ut
751 2095 810 2115 cum
823 2089 943 2115 omnium

164 2127 301 2155 hominum
322 2129 496 2165 intelligentia
523 2139 641 2166 pugnare
658 2133 794 2165 nitereris,
811 2133 943 2161 humana-

163 2172 262 2200 tionem
279 2181 331 2201 non
346 2174 397 2202 hoc
412 2175 575 2210 signiﬁcare,
594 2177 663 2211 quod
684 2177 774 2205 divina
794 2185 888 2206 natura
915 2180 943 2206 in

160 2225 267 2245 carnem
287 2219 323 2246 sit
338 2225 450 2252 mutata,
464 2221 510 2248 sed
527 2223 597 2256 quod
614 2223 770 2251 inltabilarit
783 2224 808 2251 in
823 2225 941 2253 homine.

158 2264 197 2290 Ac
211 2263 281 2297 quod
296 2263 332 2289 ait
347 2264 443 2292 divinae
454 2269 554 2293 naturae
571 2266 596 2293 in
609 2274 718 2293 carnem
733 2268 941 2295 dcmutationem

159 2313 186 2334 et
199 2309 389 2342 itnpossibilem
405 2317 475 2342 esse,
493 2315 520 2338 et
543 2311 615 2338 nullo
633 2312 711 2339 modo
733 2312 770 2339 illi
788 2313 941 2346 convenireI

160 2354 185 2380 id
203 2354 353 2381 rectissime
374 2355 474 2382 dictum
496 2356 622 2384 fatemur.
637 2357 797 2385 Laudandus
813 2364 855 2386 est
869 2359 941 2386 enim

159 2407 174 2426 ι
189 2399 264 2426 nobis
278 2400 348 2434 quod
365 2401 391 2428 itt
407 2401 458 2429 hac
470 2407 546 2436 parte
561 2408 632 2430 recte
654 2403 725 2438 loqui
747 2404 872 2431 voluerit.
891 2404 942 2431 Fa-

160 2447 218 2470 teor
238 2444 310 2472 ettim
332 2453 441 2475 manere
462 2447 534 2474 illam
556 2448 755 2482 inconcussam,
778 2458 864 2484 neque
889 2451 942 2478 ullo

160 2489 240 2516 tnodo
255 2490 283 2516 in
303 2490 374 2518 aliud
391 2492 527 2527 quidpiam
544 2494 677 2522 demutari
696 2496 830 2523 diversum
851 2496 886 2524 ab
907 2503 940 2524 eo

159 2535 230 2569 quod
242 2543 302 2563 esse
316 2537 445 2564 creditur.
460 2537 511 2565 Sed
525 2538 584 2573 ejus
595 2540 676 2568 verba
690 2541 767 2576 longe
782 2542 815 2569 ab
829 2549 862 2570 eo
872 2542 943 2576 quod

193 2624 216 2640 “
225 2624 292 2652 Gen.
311 2633 347 2658 tv,
361 2625 407 2653 26.

996 941 1056 967 καθ’
1074 940 1165 976 ἕτερον
1182 941 1292 977 τρόπον,
1313 941 1372 973 πῶς
1392 942 1442 968 οὐκ
1466 940 1569 975 ἔφασαν
1590 940 1724 976 ἐναργῶς,
1738 940 1780 966 ὅτι

995 987 1155 1022 γεγέννηται
1171 987 1241 1014 κατὰ
1257 988 1345 1023 σάρκα
1358 988 1423 1020 Θεὸς
1438 987 1475 1014 ὢν
1495 988 1509 1014 ὁ
1521 987 1621 1022 Λόγος;
1645 987 1715 1014 Ἀλλ’
1729 987 1780 1014 οὐκ

995 1035 1163 1070 ὠνόμασται,
1179 1035 1270 1070 φησὶν,
1288 1035 1410 1071 ἐναργῶς
1434 1037 1450 1070 ἡ
1471 1034 1614 1069 γέννησις·
1636 1034 1693 1061 ἀλλ’
1709 1034 1726 1068 ἥ
1748 1042 1781 1068 γε

994 1082 1041 1108 τοῦ
1057 1082 1218 1117 πράγματος
1235 1081 1314 1116 φύσις
1330 1082 1379 1117 οὺχ
1393 1082 1488 1116 ἐτέραν
1502 1078 1567 1111 οἶδε,
1581 1080 1708 1114 καθάπερ
1728 1079 1778 1114 ἠδη

997 1129 1135 1163 προεῖπον,
1149 1127 1195 1154 τοῦ
1211 1127 1400 1162 σεσαρκῶσθαι
1422 1127 1472 1162 τὴν
1494 1126 1660 1157 ὁδόν.”Ωστε,
1679 1125 1731 1152 κᾶν
1756 1125 1780 1150 εἰ

997 1173 1034 1208 μή
1051 1181 1078 1199 τι
1089 1173 1193 1207 λέγοιτο
1209 1173 1301 1206 σαφῶς
1312 1172 1340 1199 ἓν
1351 1180 1382 1206 γε
1393 1173 1449 1204 τοῖς
1463 1171 1592 1202 τοιούτοις
1610 1170 1780 1206 πράγμασιν,

995 1219 1025 1246 οὺ
1039 1219 1115 1254 παρὰ
1129 1219 1206 1246 τοῦτο
1217 1219 1265 1255 τὴν
1279 1218 1362 1254 μόνην
1375 1219 1408 1253 τῇ
1419 1218 1498 1252 φύσει
1508 1217 1710 1252 διεγνωσμένην
1721 1215 1782 1242 όδὺν

995 1263 1213 1294 ἀπολελοιπότες.
1228 1263 1269 1296 ἐφ’
1282 1262 1377 1296 ἑτέραν
1390 1262 1499 1297 ἥξομεν.
1511 1262 1668 1296 Γέγραπται
1682 1259 1739 1295 γὰρ
1751 1260 1781 1285 ἐν

995 1309 1034 1344 τῷ
1049 1309 1097 1344 τῆς
1113 1309 1248 1340 Γενέσεως
1266 1308 1359 1343 βιϐλίῳ
1370 1316 1376 1323 ·
1395 1317 1403 1333 ι
1418 1308 1471 1334 Καὶ
1482 1307 1520 1342 τῷ
1531 1307 1583 1342 Σὴθ
1594 1306 1703 1341 ἐγένετο
1712 1305 1781 1339 υἱὸς,

996 1355 1043 1381 καί
1068 1354 1227 1388 ἐπωνόμασε
1253 1354 1282 1380 τὸ
1306 1354 1390 1388 ὖνομα
1417 1353 1498 1380 αὑτοῦ
1521 1352 1613 1384 Ἐνώς.
1628 1350 1705 1386 ι’Ᾱρ’
1721 1349 1781 1383 οὖν,

995 1399 1144 1435 ἐπειδήπερ
1165 1401 1181 1435 ἡ
1202 1400 1295 1435 Γραφὴ
1318 1399 1424 1426 τέθεικε
1447 1399 1486 1430 τὸ,
1507 1398 1639 1432 Ἐγένετο,
1661 1397 1706 1424 τὸν
1731 1396 1782 1431 τῆς

995 1446 1148 1480 γεννήσεως
1162 1446 1260 1480 τρόπον
1275 1445 1305 1471 οὐ
1321 1443 1545 1480 παραδεξόμεθα;
1561 1442 1620 1470 εἶτα
1631 1442 1690 1474 πῶς
1701 1441 1782 1468 τοῦτο

995 1491 1045 1518 οὐκ
1059 1490 1180 1525 άμαθές;
1195 1490 1267 1525 Αὐτὴ
1280 1489 1333 1526 γὰρ
1344 1491 1418 1525 ἡμᾶς
1436 1491 1452 1525 ὴ
1465 1490 1511 1516 τοῦ
1528 1489 1687 1524 πράγματος
1700 1488 1782 1522 φύσις

997 1535 1139 1570 μονονουχὶ
1160 1536 1207 1562 καὶ
1229 1535 1277 1570 οὐχ
1295 1535 1407 1566 ἑκόντας
1421 1534 1578 1561 ὲκϐιάσεται
1595 1533 1663 1569 πρὸς
1682 1532 1782 1567 ὁμολο-

997 1582 1059 1615 γίαν
1073 1582 1122 1617 τὴν
1139 1582 1186 1608 τοῦ
1200 1581 1326 1616 τετέχθαι
1345 1582 1414 1607 νοεῖν
1428 1580 1518 1608 αὐτόν.
1534 1580 1596 1611 Πῶς
1611 1577 1657 1606 οὖν
1674 1578 1782 1606 ἀκούων

995 1627 1044 1661 τὴν
1062 1627 1208 1662 σάρκωσιν,
1222 1627 1251 1653 οὑ
1274 1627 1324 1658 τὰς
1343 1626 1419 1662 παρὰ
1441 1627 1491 1662 τῆς
1510 1626 1661 1661 γεννήσεως
1677 1624 1782 1655 ἐννοίας

997 1673 1144 1708 εἰσδέχεται
1159 1673 1347 1708 παραχρῆμα;
1371 1672 1572 1708 Ὠνομασμένης
1585 1671 1614 1699 δέ
1623 1671 1691 1702 ὅλως
1703 1671 1781 1697 ἐναν-

997 1718 1175 1754 θρωπήσεως,
1192 1719 1251 1750 πῶς
1266 1719 1297 1745 οὐ
1313 1717 1429 1753 συνῆκεν
1441 1718 1530 1750 εὐθὺς,
1545 1717 1583 1749 ὡς
1598 1716 1629 1743 τὸ
1642 1716 1692 1751 τῆς
1705 1715 1781 1742 ἐναν-

997 1764 1163 1800 θρωπήσεως
1180 1766 1274 1800 χρῆμα
1291 1765 1389 1800 πρέποι
1403 1764 1436 1791 ἂν
1451 1764 1501 1791 οὐκ
1518 1762 1654 1799 ἀνθρώπῳ
1669 1762 1778 1798 μᾶλλον,

997 1810 1040 1837 ῐνα
1052 1810 1089 1846 μὴ
1103 1810 1168 1837 αὐτό
1175 1819 1201 1836 τι
1210 1809 1332 1844 φαίνοιτο
1343 1810 1453 1845 γεγονὸς
1465 1810 1479 1836 ὃ
1490 1807 1534 1845 ἦν,
1543 1809 1610 1836 ἀλλὰ
1621 1808 1659 1843 τῷ
1670 1809 1702 1834 ἐκ
1712 1807 1780 1834 Θεοῦ

997 1856 1075 1890 φύντι
1091 1856 1187 1891 Δόγῳ;
1204 1852 1242 1883 Ob
1255 1855 1278 1883 δ’
1288 1856 1321 1883 ἂν
1332 1857 1349 1892 ἡ
1363 1855 1567 1891 ἐνανθρώπησις
1583 1853 1690 1890 ἀληθῶς
1704 1853 1780 1888 γενέ-ι

997 1902 1060 1929 σθαι
1076 1901 1247 1937 πιοτεύηται,
1260 1903 1318 1928 ἐκεῖ
1333 1911 1384 1928 που
1396 1901 1504 1933 πάντως
1519 1901 1535 1936 ή
1550 1900 1686 1936 γέννησις,
1703 1900 1737 1927 δι’
1747 1897 1779 1936 ἦς

997 1945 1030 1973 ἂν
1056 1946 1143 1981 ὁρῷτο
1164 1947 1310 1981 γενόμενος
1328 1946 1480 1981 ἄνθρωπος.
1490 1945 1558 1971 Ἀλλ’
1573 1945 1623 1972 οὐκ
1646 1944 1713 1971 αὐτό
1739 1953 1780 1971 σοι

996 1992 1069 2018 δοκεῖ
1090 1993 1161 2019 κατὰ
1183 1992 1276 2019 τοῦτον
1298 1992 1395 2027 χρῆναι
1417 1991 1534 2018 νοεῖσθαι
1555 1991 1601 2018 τὸν
1625 1991 1726 2026 τρόπον
1750 1991 1780 2017 τὸ

997 2038 1171 2074 σαρκωθῆναί
1186 2047 1216 2065 τε
1229 2039 1277 2065 καὶ
1290 2038 1499 2074 ὲνανθρωπῆσαι
1522 2036 1651 2071 λέγεσθαι
1671 2037 1718 2063 τὸν
1733 2035 1779 2062 τοῦ

996 2083 1064 2111 Θεοῦ
1080 2076 1165 2119 Λέύγον
1175 2093 1183 2100 ·
1197 2083 1265 2119 ἔφης
1280 2085 1333 2120 γάρ
1349 2084 1439 2116 πάλιν,
1451 2084 1509 2115 ταῖς
1523 2083 1650 2110 ἁπάντων
1664 2083 1780 2114 ἐννοίαις

996 2130 1133 2165 ἀνταίρειν
1155 2129 1312 2165 ἐπιχειρῶν,
1334 2129 1477 2164 σημαίνειν
1493 2129 1543 2164 τὴν
1564 2127 1778 2163 ἐνανθρώπησιν.

995 2176 1027 2203 οὺ
1041 2175 1091 2211 τὴν
1108 2176 1147 2207 εἰς
1163 2176 1253 2211 σάρκα
1270 2175 1421 2211 μεταϐολὴν
1432 2177 1481 2211 τῆς
1494 2174 1569 2206 θείας
1582 2174 1699 2209 φύσεως.
1712 2173 1779 2200 ἀλλὰ

996 2222 1045 2257 τὴν
1070 2221 1207 2256 ἐνοίκησιν
1225 2221 1276 2256 τὴν
1296 2221 1336 2252 εἰς
1358 2220 1510 2256 ἄνθρωπον.
1524 2220 1580 2254 Τὴν
1603 2219 1652 2254 μὲν
1668 2217 1716 2245 οὖν
1731 2218 1778 2252 τῆς

993 2267 1069 2299 θείας
1083 2266 1191 2301 φύσεως
1214 2267 1254 2298 εἰς
1277 2266 1366 2301 σάρκα
1383 2265 1562 2300 παρα-τροπὴν
1582 2264 1729 2298 άνέφικτόν
1749 2272 1778 2290 τε

992 2311 1062 2339 εἶναι
1087 2312 1163 2347 φησὶ,
1179 2312 1226 2338 καὶ
1240 2312 1298 2338 κατ’
1312 2311 1405 2338 οὐδένα
1419 2310 1518 2347 τρὂον
1531 2311 1598 2346 αὐτῇ
1614 2310 1779 2345 σομόαίνου-

993 2367 1043 2385 σαν
1055 2366 1062 2373 ’
1076 2358 1123 2385 καὶ
1140 2357 1212 2393 μάλα
1236 2357 1323 2392 ὀρθῶς
1334 2365 1341 2373 ³
1358 2357 1537 2392 ἐπαινέσομεν
1552 2357 1606 2391 γὰρ
1629 2357 1658 2382 ἐν
1673 2356 1778 2387 τούτοις

993 2405 1164 2440 ἀριστοεπείν
1184 2404 1333 2440 ᾑρημένον.
1350 2404 1423 2439 Φημὶ
1436 2403 1491 2438 γὰρ
1503 2402 1670 2438 άκράδαντον
1689 2402 1779 2436 ὑπάρ-

993 2460 1051 2486 χειν
1065 2451 1160 2486 αὐτὴν⁹
1175 2451 1222 2477 καὶ⁸
1237 2450 1275 2482 ὡς
1291 2451 1340 2477 οὐκ
1355 2450 1388 2477 ἂν
1409 2450 1550 2485 μεταθεϊτο
1563 2448 1631 2484 πρὸς
1644 2448 1738 2484 ἕτερόν
1752 2456 1778 2474 τι

993 2497 1057 2532 παρ’
1074 2497 1141 2532 ὅπερ
1156 2495 1226 2523 εἶναι
1241 2496 1433 2523 πεπίστευται·
1448 2494 1618 2530 διημάρτηκε
1632 2493 1661 2520 δὲ
1673 2493 1715 2519 ὃτι
1731 2491 1778 2518 τοῦ

996 2542 1147 2578 πρέπον-τός
1159 2550 1190 2568 τε
1206 2542 1253 2569 καὶ
1272 2541 1387 2577 ἀληθοῦς
1401 2541 1415 2568 ὁ
1432 2541 1509 2576 λόγος
1523 2538 1607 2575 αὐτῷ,
1624 2538 1674 2575 τὴν
1697 2539 1778 2566 ὲναν-

799 2706 877 2734 ANT.
898 2707 1034 2736 AGELLII
1052 2708 1167 2738 NOTAE.

194 2781 233 2816 (7)
261 2780 415 2820 Legendutrt
433 2782 539 2810 videtur
562 2788 608 2820 aut
632 2783 689 2811 sine
717 2785 793 2820 παρ’,
810 2789 855 2812 aut
880 2785 938 2812 sine

157 2816 217 2847 οὐκ,
237 2821 266 2842 ut
282 2818 415 2844 sententia
438 2822 552 2844 constet.
578 2818 623 2845 Sic
649 2825 738 2845 autent
759 2816 839 2852 'loqui
870 2821 938 2847 solvt

158 2855 263 2885 auctor,
280 2855 309 2878 ut
320 2852 398 2886 paulo
414 2857 484 2887 post,
496 2853 546 2879 οὐκ
558 2852 590 2880 ἂν
606 2853 746 2888 μεταθεῖτο
763 2855 831 2889 πρὸς
844 2854 885 2881 ἓτε
892 2855 937 2889 ρόν

990 2795 1016 2823 τι
1034 2787 1098 2821 παρ’
1112 2787 1178 2823 ὅπερ
1203 2785 1272 2813 εῖναι
1294 2787 1483 2823 πεπίστενται.
1510 2787 1542 2815 Et
1564 2786 1646 2822 infra,
1672 2786 1777 2823 τροπὴν

991 2822 1139 2857 ὑπομείνας
1151 2822 1200 2858 τὴν
1212 2823 1250 2855 εἰς
1265 2823 1333 2858 ὅπερ
1347 2823 1394 2849 οὐκ
1408 2821 1446 2858 ἦν,
