1883 3054
114 140 148 169 εις
679 134 865 163 ADVERSUS
883 132 1083 161 NESTORIUM
1101 132 1166 162 LIB.
1187 132 1207 161 Ι.
1698 131 1733 159 5Ιι

115 197 253 234 θρώπησιν
275 197 345 224 εἶναι
361 196 597 232 διαδεδαιουμένῳ
618 196 668 232 τὴν
695 197 734 228 εἰς
758 195 900 231 ἄνθρωπον
916 211 921 225 Α

993 199 1056 226 :eat,
1080 199 1106 221 et
1126 194 1160 221 ab
1177 194 1234 228 ipsa
1257 193 1369 221 veritate
1389 193 1540 224 aberrasse,
1563 192 1589 220 in
1611 199 1642 219 eo
1662 194 1733 227 quod

115 244 255 279 ἐνοίκησιν,
264 244 421 276 καταδεῖξαι
432 244 609 279 πειράσομαι.
621 244 651 270 El
663 243 712 279 μὲν
722 243 776 279 γὰρ
787 242 830 277 ἐφ’
841 241 900 272 ἑνός

115 298 142 316 τε
155 290 199 316 καὶ
216 289 299 324 μόνου
310 289 358 316 τοῦ
376 289 551 325 Ἐμμανουὴλ
567 289 666 325 ἀληθὲς
680 287 748 316 εἶναι
761 288 791 315 τὺ
807 287 902 323 χρῆμά

116 345 187 370 φησι,
206 335 356 363 διδασκέτω
376 337 427 373 τὴν
451 336 558 363 αἰτίαν·
577 336 673 372 μαθεῖν
694 335 748 370 γὰρ
765 335 815 362 οὐκ
829 334 898 370 ἐχω-

117 383 192 417 ῆγουν
207 382 320 417 ὁριστὴν
335 382 429 414 αὐτὸν,
444 382 492 409 καὶ
509 382 668 418 νομοθέτην,
679 378 718 409 ὧν
731 381 764 408 ἂν
781 380 902 416 βούλοιτο

117 425 199 459 λέγειν
212 425 441 459 ἀκατασκέπτως,
452 427 597 462 ἀνάσχοιτο
609 427 642 454 ἂν
657 426 755 457 οὐδείς.
765 425 835 452 Ἀλλ’
852 425 902 451 οὐκ

117 471 156 504 ἐφ’
167 470 225 502 ἑνὸς
244 471 296 506 μὲν
313 472 473 508 ῖσωςήτῶν
490 472 652 508 ὁρισθέντων
669 472 758 508 διήκει
769 471 900 506 δύναμις·

117 516 145 542 οὐ
153 516 361 551 διασεὸλήσεται
375 518 435 552 μὲν,
452 517 504 545 κᾶν
515 519 539 544 εί
551 518 621 545 κατὰ
632 517 742 544 πάντων
753 516 796 552 εἴη
809 516 900 551 τυχόν.

118 560 216 588 οὐκοῦν
228 562 280 597 οὐχ
295 562 381 594 ἅπαξ,
399 563 468 590 ἀλλὰ
484 563 654 594 πλειστάκις,
671 561 902 597 ἐνηνθρωπηκότα

117 607 178 634 Θεὸν
197 607 370 643 εὑρήσομεν
391 609 440 635 καὶ
456 608 487 635 οὗ
502 609 529 635 τί
549 617 601 635 που
621 608 700 644 μόνον
719 608 765 634 τὸν
787 608 819 634 ὲκ
834 607 901 633 Θεοῦ

119 653 216 689 [la-Iph;
227 654 328 687 Λόγον,
345 654 495 690 προσθείην
507 654 529 681 δ’
547 653 580 681 ἂν
596 654 682 688 ἔγωγε
700 654 748 681 καὶ
765 653 846 679 αὑτὸν
856 653 902 679 τὸν

118 699 232 735 Πατέρα,
245 701 295 726 καὶ
312 701 426 736 προσέτι
440 701 472 727 τὸ
486 701 597 735 Πνεῦμα
609 700 641 727 τὸ
659 700 746 734 ἅγιον.
763 700 834 733 Ἔφη
853 699 902 734 μὲν

117 746 177 781 γὰρ,
185 745 219 772 δι’
229 746 289 778 ἐνὸς
300 746 357 772 τῶν
367 746 455 781 ἁγίων
468 746 624 782 προφητῶν,
637 745 763 781 περὶτῶν
774 746 802 772 ἐν
813 745 902 772 πίστει

116 791 343 826 δεδικαιωμένων.
357 793 397 819 ὃτι
414 802 423 818 ι
440 792 590 828 Ἐνοικήσω
617 793 646 819 ὲν
662 792 764 825 αὐτοῖς,
784 792 832 819 καὶ
853 793 903 827 έμ-

118 840 304 876 περιπατήσω,
322 841 369 867 καὶ
381 840 478 876 ἔσομαι
490 840 578 867 αὐτῶν
590 840 666 872 Θεὸς,
682 840 728 866 καὶ
743 839 818 866 αὐτοὶ
829 839 902 866 ἔσον-

952 240 1171 267 humanationem
1189 239 1259 266 idem
1275 246 1335 267 esse
1352 244 1432 274 atque
1455 239 1482 265 in
1505 238 1613 265 homine
1629 238 1734 265 inhabi-

952 287 1081 314 tationem
1094 285 1219 320 atlirtnat,
1231 285 1351 313 conabor
1363 285 1517 313 ostendere.
1528 283 1595 311 Nam
1607 283 1628 311 si
1640 284 1665 310 in
1679 290 1734 310 uno

951 337 978 360 et
990 333 1047 360 solo
1064 332 1238 360 Emmanuele
1252 332 1279 359 id
1298 338 1392 359 verum
1410 338 1470 358 esse
1491 329 1601 361 asserit,
1614 328 1672 363 ejus
1694 329 1733 356 rei

951 386 1060 406 causam
1073 381 1185 412 doceat;
1202 385 1288 413 neque
1302 377 1374 405 enim
1388 376 1460 404 illam
1478 375 1627 410 intelligere
1641 381 1710 410 queo
1725 383 1733 402 τ

951 425 1052 460 alioqui
1080 429 1155 452 certe
1179 425 1250 451 hunc
1276 423 1444 451 deﬁnitorem
1474 429 1505 449 ac
1531 420 1734 456 legumlatorem

951 479 1044 499 eorum
1059 478 1119 505 quae
1136 475 1238 497 temere
1250 469 1340 497 dicere
1354 468 1475 500 libuerit,
1490 474 1570 494 nemo
1584 466 1663 493 ferat.
1682 465 1735 492 Sed

952 525 1004 545 non
1022 517 1054 544 ad
1072 525 1153 544 unum
1180 515 1343 543 deﬁnitionis
1363 514 1443 549 hujus
1462 514 1503 540 vis
1525 511 1663 548 pertingit,
1682 509 1735 545 27

951 570 1040 598 neque
1058 563 1109 589 ulla
1127 561 1300 594 eritinvidia,
1317 560 1422 588 etiamsi
1439 559 1564 586 omnibus
1575 557 1658 589 insit;
1673 563 1736 591 ergo

952 617 1006 637 non
1024 608 1118 640 semel,
1128 608 1174 635 sed
1187 607 1285 641 sapius
1298 607 1380 633 Deum
1395 605 1494 632 factum
1511 603 1646 631 hominem
1663 603 1737 630 inve-

952 655 1067 687 niemus,
1095 661 1182 689 neque
1197 654 1283 681 solum
1310 652 1374 679 illud
1392 659 1425 679 ex
1442 651 1495 678 Deo
1511 650 1589 676 Patre
1609 648 1735 680 Verbum,

952 701 1000 729 sed
1021 700 1145 734 adjiciam
1169 707 1220 735 ego
1245 702 1318 726 certe
1342 698 1422 725 etiam
1451 697 1536 731 ipsum
1564 695 1682 727 Patrem,
1707 701 1738 720 ac

952 752 1083 783 praterea
1101 746 1231 780 Spiritum
1253 748 1387 771 sanctum.
1406 743 1478 770 Dixit
1494 742 1565 769 enim
1586 748 1634 776 per
1645 747 1739 775 quem-

954 793 1014 820 dam
1028 800 1043 820 e
1057 792 1158 820 sanctis
1173 790 1320 826 prophetis,
1336 789 1368 817 de
1382 788 1535 816 ltominibus
1547 794 1595 821 per
1606 784 1737 818 iidemju-

954 838 1077 867 stilicatis
1097 847 1102 865 :
1121 847 1130 864 ι
1145 837 1304 865 lnhabitabo
1326 835 1353 862 in
1373 834 1449 870 ipsis,
1464 839 1491 861 et
1512 831 1694 862 inambulabo,
1712 834 1742 857 et

117 886 158 912 ταί
172 894 223 921 μου
239 885 317 917 λαός.
339 896 348 912 ι
361 886 435 921 Ἐφη
451 885 479 912 δὲ
491 887 538 913 καὶ
552 885 633 918 αὐτὸς
647 887 661 913 ὁ
679 885 811 921 Χριστόςο
825 894 833 910 ι
847 885 902 911 Καὶ
915 876 921 905 Ῑ

993 893 1000 912 ι
1015 884 1134 919 ipsorum
1159 884 1240 914 Deus,
1257 886 1284 909 et
1297 881 1346 916 ipsi
1372 883 1451 908 erunt
1468 879 1532 906 mihi
1549 878 1663 913 populus
1678 878 1710 903 ".
1728 887 1738 903 ι

118 932 161 959 ιάν
176 932 217 962 τίς
238 940 293 966 μου
315 931 433 967 ἀκούσῃ,
449 931 615 967 ἐλευσόμεθα
635 930 691 965 ἐγὼ
713 931 760 958 καὶ
773 931 788 957 ὁ
808 930 903 965 Πατήρ

119 985 176 1012 μου,
191 977 238 1003 καὶ
253 977 343 1013 μονὴν
357 977 424 1014 παρ’
434 977 509 1013 αὐτῷ
525 976 704 1012 ποιησόμεθα,
721 977 768 1004 καὶ
781 977 810 1004 ἐν
830 975 904 1011 αὺτῷ

119 1022 316 1059 καταλύσομεν.
324 1033 333 1049 ι
343 1024 471 1059 Γέγραφε
482 1024 511 1051 δέ
519 1033 571 1050 που
584 1024 632 1051 καὶ
642 1025 656 1050 ό
671 1023 825 1059 σοφώτατος
835 1023 905 1050 Παῦ-

119 1069 168 1100 λος·
180 1080 188 1094 ι
200 1070 255 1096 Καὶ
270 1070 378 1105 Μωσῆς
394 1070 444 1105 μὲν
462 1070 556 1102 πιστὸς
571 1071 600 1097 ὲν
614 1070 668 1105 ὅλῳ
682 1070 721 1105 τῷ
732 1071 798 1105 οἴκῳ
811 1069 904 1103 αὑτοῦ,

119 1114 153 1146 ὡς
173 1114 315 1150 θεράπων,
342 1117 384 1147 εἰς
405 1117 554 1152 μαρτύριον
577 1116 631 1143 τῶν
656 1116 904 1152 λαληθησομένων

119 1160 228 1196 Χριστὸς
241 1161 270 1188 δὲ
289 1162 331 1194 ὠς
347 1162 422 1194 Υἱὸς,
443 1163 490 1189 ἐπὶ
513 1163 558 1189 τδν
577 1160 652 1189 οἷκον
672 1162 772 1195 αὐτοῦ,
787 1159 818 1189 οὗ
832 1161 906 1193 οἶκός

121 1206 198 1241 ἐσμεν
213 1207 307 1242 ἡμεῖς.
323 1218 333 1233 ι
348 1207 404 1234 Καὶ
422 1208 475 1243 μὴν
488 1209 537 1235 καὶ
553 1207 673 1244 περὶτοῦ
688 1208 765 1242 ἁγίου
778 1208 906 1242 Πνεῦμα-

120 1259 174 1284 τος·
189 1262 198 1278 ι
209 1253 267 1280 οὐκ
284 1254 378 1281 οἴδατε
398 1255 440 1281 ὅτι
461 1254 527 1286 ναὸς
537 1254 604 1282 Θεοῦ
622 1255 696 1287 ὲστε,
711 1254 759 1280 καὶ
777 1254 807 1280 τὸ
820 1254 905 1280 Πνεῦ-

122 1306 158 1333 μα
170 1297 217 1325 τοῦ
232 1298 305 1326 Θεοῦ
319 1300 390 1327 οἰκεῖ
408 1302 436 1327 ὲν
454 1301 532 1336 ὑμῐν;
549 1310 557 1326 ι
569 1300 674 1328 Οὐκοῦν
691 1301 716 1327 εί
726 1301 756 1327 τὸ
767 1300 907 1335 ἐνοικῆσαί

121 1351 172 1370 τισι
193 1343 327 1379 λέγεσθαι
346 1346 395 1372 καὶ
410 1346 457 1373 τὸν
471 1346 526 1373 τῶν
540 1346 608 1373 ὅλων
629 1346 705 1377 Θεὸν,
725 1346 803 1372 τοῦτό
821 1347 905 1377 ἐστιν.

122 1388 137 1423 ή
157 1389 376 1426 ἑνανθρὼπησις,
403 1392 488 1427 ἤγουν
510 1393 526 1427 ἡ
545 1392 699 1427 σάρκωσις,
722 1391 843 1425 λεγέσθω
861 1391 908 1417 καὶ

122 1435 161 1469 ἐφ’
173 1435 291 1462 ἑκάστου
308 1437 364 1464 τῶν
384 1438 435 1472 τῆς
451 1438 524 1469 θείας
541 1438 648 1472 φύσεως
670 1434 821 1472 γεγονότων
848 1446 908 1464 κοι-

122 1480 219 1514 νωνῶν,
235 1482 285 1508 καὶ
303 1482 358 1518 μὴν
370 1483 419 1509 καὶ
433 1483 535 1510 ἔνοικον
547 1484 703 1519 ἐσχηκότων
718 1483 811 1515 αὑτὸν,
826 1483 868 1510 ὅτι
879 1491 908 1509 τε

954 930 1026 957 Dixit
1041 930 1121 957 etiam
1139 929 1196 963 ipse
1209 928 1352 956 Christus:
1368 936 1377 952 ι
1390 927 1423 953 Et
1441 926 1463 954 si
1479 926 1544 960 quis,
1555 933 1598 952 me
1613 924 1738 955 audierit,

954 976 1093 1003 veniemus
1110 982 1160 1009 ego
1177 978 1204 1002 et
1227 973 1308 1001 Pater
1329 979 1416 1004 meus,
1437 977 1465 999 et
1482 971 1648 999 mansionem
1669 968 1742 1004 apud

954 1029 1015 1049 eum
1039 1021 1179 1052 faciemus,
1202 1024 1230 1047 et
1253 1020 1279 1047 in
1305 1019 1363 1053 ipso
1389 1017 1588 1045 diversabimur
1614 1015 1652 1051 (8)
1672 1014 1706 1042 ⁸³.
1729 1023 1738 1040 ι

955 1067 1071 1100 Scripsit
1090 1066 1171 1093 etiam
1193 1066 1288 1093 beatus
1306 1063 1404 1092 Paulus
1421 1073 1434 1090 :-
1449 1073 1458 1089 ι
1476 1063 1509 1090 Et
1527 1062 1615 1089 M’oses
1634 1061 1742 1095 quidem

957 1112 1041 1138 ﬁdelis
1057 1111 1084 1138 in
1098 1115 1153 1139 tota
1168 1111 1248 1138 domo
1260 1110 1318 1145 ejus
1333 1115 1362 1137 ut
1376 1109 1502 1140 famulus,
1518 1108 1544 1135 in
1559 1105 1740 1134 testimoniutn

955 1164 1048 1184 eorum
1065 1164 1125 1191 quae
1139 1156 1252 1183 dicenda
1272 1159 1350 1182 erant
1365 1163 1372 1181 :
1393 1154 1516 1181 Christus
1533 1159 1596 1179 vero
1612 1156 1640 1178 ut
1658 1151 1743 1178 Filius

956 1210 1037 1238 super
1058 1202 1166 1230 domum
1191 1201 1258 1236 ejus,
1282 1200 1360 1235 cujus
1381 1200 1477 1227 domus
1492 1205 1585 1226 sumus
1608 1204 1656 1223 nos
1679 1196 1712 1222 θ’.
1730 1204 1741 1221 ι

957 1247 1110 1281 Quinetiam
1126 1247 1159 1274 de
1181 1250 1276 1274 sancto
1293 1245 1396 1281 Spiritu
1412 1254 1418 1272 :
1438 1254 1448 1270 ι
1463 1243 1578 1272 Nescitis
1594 1243 1657 1278 quia
1673 1247 1737 1268 tem-

957 1293 1029 1328 plum
1046 1293 1093 1322 Dei
1109 1293 1184 1326 estis,
1197 1297 1224 1320 et
1238 1292 1355 1327 Spiritus
1371 1291 1418 1318 Dei
1433 1291 1536 1318 habitat
1550 1290 1575 1317 in
1590 1289 1666 1316 vobis
1676 1288 1745 1314 ⁷⁸ἳί

957 1339 1028 1374 Ergo
1050 1339 1074 1367 si
1098 1339 1212 1374 idipsum
1235 1337 1311 1373 quod
1330 1337 1481 1365 inhabitare
1501 1336 1527 1364 in
1546 1335 1678 1370 aliquibus
1699 1334 1743 1360 ille

958 1384 1078 1412 omnium
1094 1384 1223 1412 Dominus
1237 1383 1344 1416 dicitur,
1359 1382 1410 1410 hoc
1425 1382 1470 1410 illa
1481 1385 1521 1409 est
1535 1380 1690 1408 lmmanatio
1702 1378 1748 1406 vel‘

959 1431 1120 1464 int-amatio,
1135 1431 1188 1459 dici
1213 1430 1295 1457 liceat
1316 1429 1397 1457 etiam
1414 1429 1440 1456 in
1463 1434 1625 1462 unoquoque
1647 1426 1744 1453 divina:

960 1483 1063 1505 natura:
1085 1478 1228 1513 participe,
1253 1482 1335 1511 atque
1354 1475 1436 1503 etiam
1460 1474 1655 1501 inhabitantem
1672 1471 1699 1498 in
1716 1478 1745 1498 se

124 1528 165 1574 καὶ
177 1528 388 1565 ἐνηνθρώπησε,
404 1530 452 1556 καὶ
463 1530 532 1566 πρός
542 1539 572 1557 τε
593 1518 680 1566 τούτῳ
692 1531 734 1563 τὸ,
748 1530 905 1566 ὲσαρκὼθη.

993 1532 1034 1551 um
1050 1525 1176 1555 habente,
1197 1528 1224 1550 et
1237 1522 1374 1550 hominem
1394 1521 1494 1549 factum
1510 1526 1579 1551 esse,
1595 1523 1622 1546 et
1637 1518 1745 1552 insuper

124 1571 157 1601 Οὖ
170 1574 201 1609 δὴ
226 1576 386 1610 γεγονότος,
412 1577 461 1603 καὶ
484 1577 702 1613 παραδεχθέντος
724 1578 762 1608 ὡς
778 1578 907 1613 ἀληθοῦς,

125 1620 278 1654 πλειστάκις
295 1622 351 1650 κᾶν
367 1623 475 1657 λέγοιτο
488 1624 651 1660 γεγενῆσθαι
675 1624 743 1660 σὰρξ
760 1626 774 1652 ὁ
792 1626 824 1651 ἐκ
840 1625 908 1652 Θεοῦ

126 1666 225 1702 [ἰατρὸς
241 1668 332 1702 Λόγος
341 1676 349 1683 ·
366 1669 466 1696 ἐνοικεῖ
476 1669 504 1696 δὲ
518 1670 566 1696 καὶ
579 1671 619 1702 είς
633 1670 713 1706 δεῦρο
733 1670 841 1701 πολλοῖς
854 1671 908 1697 τῶν

127 1711 275 1747 σεϐομένων
291 1714 388 1741 αὐτόν.
411 1715 492 1742 Ἀλλὰ
507 1716 561 1747 ναὶ,
576 1715 653 1751 φησὶ,
669 1716 826 1751 γέγραπται
845 1717 911 1752 περὶ

126 1756 169 1783 τοῦ
187 1757 255 1784 Θεοῦ
272 1759 364 1794 Λόγου
375 1780 382 1791 ,
399 1759 441 1786 ὃτι
459 1769 468 1786 ι
487 1761 657 1795 Ἐσκήνωσεν
674 1761 703 1787 ὲν
720 1762 796 1797 ἡμῖν.
810 1771 820 1788 ι
837 1762 910 1798 Ἔφη

126 1803 152 1829 δὲ
173 1803 245 1831 καὶὸ
258 1804 406 1837 θεσπέσιος
430 1805 535 1837 Παῦλος
554 1807 618 1842 περὶ
630 1806 676 1833 τοῦ
701 1809 810 1834 πάντων
831 1808 911 1842 ἡμῶν

127 1848 247 1884 Σωτῆρος
260 1850 385 1885 Χριστοῦ
397 1871 405 1883 ,
420 1852 461 1878 ὅτι
478 1860 487 1878 ι
503 1852 547 1878 Ἐν
559 1851 633 1886 αὐτῷ
648 1851 793 1887 κατῴκησε
809 1853 864 1879 πᾶν
882 1853 913 1879 τὺ

128 1893 260 1930 πλήρωμα
269 1896 322 1930 τῆς
336 1896 465 1932 θεότητος
481 1897 656 1932 σωματικῶς.
669 1907 678 1923 ι
693 1898 849 1933 Ἐσκήνωσε
863 1899 913 1933 μὲν

128 1941 155 1967 ὲν
172 1942 237 1978 ἡμῖν
258 1943 503 1978 ὁμολογουμένως·
529 1944 685 1979 γέγραπται
709 1944 763 1980 γὰρ
779 1944 845 1971 ὡδί·
867 1946 914 1972 καὶ

130 1986 180 2023 μὴν
190 1988 236 2015 καὶ
249 1989 291 2016 ὅτι
301 1989 476 2026 κατῴκηκεν,
488 1990 538 2017 οὐκ
548 1991 725 2026 ἀντιτάξομαι
736 1991 842 2026 λέγοντὶ
855 2000 897 2018 σοι
905 1999 913 2007 ·

129 2033 255 2070 βούλομαι
267 2036 297 2063 δὲ
314 2037 417 2071 μᾶλλον
427 2037 477 2069 τὰς
487 2037 542 2064 τῶν
555 2037 695 2073 θεηγόρων
706 2038 745 2071 (9)
759 2037 915 2072 βασανίζειν

129 2081 227 2115 φωνάς.
244 2081 275 2109 Ὀ
293 2083 346 2118 μὲν
369 2083 424 2118 γὰρ
447 2084 581 2120 μακάριος
601 2083 797 2119 εὑαγγελιστὴς
821 2092 915 2119 προει-

132 2127 228 2163 ρηκὼς,
243 2129 286 2156 ὅτι
302 2129 353 2156 καὶ
371 2138 381 2155 ι
392 2130 423 2156 Ὀ
436 2129 522 2164 Λόγος
543 2129 610 2165 σὰρξ
625 2130 745 2164 ἐγένετο,
767 2139 777 2156 ›
793 2136 916 2164 προσεπ-

131 2173 224 2209 ήνεγκε
237 2174 387 2210 ῖχρειωδῶς
410 2175 458 2202 καὶ
477 2176 523 2209 τὸ,
542 2185 552 2201 ι
570 2175 741 2210 Ἑσκήνωσεν
761 2175 791 2201 ὲν
807 2175 884 2209 ἡμῖν,
902 2183 912 2198 ι

960 1571 1140 1598 incarnatum.
1165 1569 1242 1602 Quod
1266 1568 1287 1596 si
1311 1568 1410 1595 factum
1433 1571 1483 1598 est,
1502 1570 1528 1592 et
1553 1565 1575 1592 si
1600 1568 1628 1591 ut
1650 1571 1744 1590 verum

960 1616 1123 1648 admittitur,
1138 1615 1193 1650 jam
1208 1614 1271 1641 illud
1287 1621 1320 1641 ex
1340 1613 1394 1640 Deo
1409 1612 1526 1640 Verbum
1549 1618 1620 1645 saepe
1635 1617 1747 1637 carnem

961 1662 1060 1689 factum
1077 1661 1130 1688 dici
1146 1660 1211 1687 nihil
1231 1659 1355 1694 prohibet
1371 1668 1379 1686 :
1402 1658 1535 1686 inhabitat
1554 1661 1642 1683 autem
1665 1656 1745 1683 etiam

961 1709 1049 1736 adhuc
1064 1707 1091 1734 in
1115 1706 1207 1734 multis
1229 1713 1290 1733 eum
1314 1703 1474 1732 colentibus.
1499 1703 1534 1729 At
1549 1702 1632 1734 enim,
1649 1701 1745 1735 inquit,

961 1754 1091 1788 scriptum
1105 1756 1145 1779 est
1157 1752 1191 1779 de
1204 1752 1257 1778 Deo
1268 1749 1357 1777 Verbo
1370 1758 1377 1777 :
1394 1759 1403 1775 ι
1415 1749 1552 1776 Habitavit
1565 1749 1591 1775 in
1606 1747 1682 1774 nobis
1693 1747 1726 1774 τί.
1735 1756 1744 1772 ι

963 1800 1036 1826 Dixit
1058 1799 1139 1826 etiam
1161 1798 1256 1825 beatus
1279 1796 1378 1823 Paulus
1400 1795 1434 1823 de
1456 1794 1577 1821 omnium
1607 1792 1748 1820 Salvatnre

963 1845 1070 1874 Christo
1094 1853 1101 1872 :
1129 1853 1138 1870 ι
1156 1843 1185 1870 ln
1203 1850 1236 1870 eo
1259 1841 1390 1869 habitavit
1414 1841 1503 1868 omnis
1524 1839 1661 1875 plenitudo
1682 1839 1750 1865 divi-

964 1893 1057 1920 nitatis
1074 1890 1251 1926 corporaliter
1269 1890 1303 1917 ".
1319 1898 1328 1914 ι
1347 1888 1446 1916 Fateor
1468 1887 1541 1914 illum
1560 1886 1697 1913 habitasse
1721 1885 1748 1911 in

965 1939 1042 1966 nobis
1058 1938 1108 1973 (sic
1125 1944 1240 1971 namque
1252 1935 1384 1969 scriptum
1399 1933 1462 1969 est),
1496 1939 1546 1959 nec
1577 1932 1604 1958 in
1637 1930 1683 1957 illo
1710 1930 1748 1956 in-

964 1985 1125 2015 ltabitasse,
1162 1982 1209 2009 tibi
1238 1980 1337 2008 dicenti
1369 1978 1555 2014 repugnabo:
1589 1976 1634 2004 sed
1667 1975 1754 2002 velim.

964 2031 1054 2066 potius
1083 2030 1131 2057 has
1158 2027 1341 2062 theologorum
1376 2033 1455 2053 voces
1488 2023 1655 2052 examinare.
1683 2021 1755 2048 Nam.

965 2078 1061 2105 beatus
1082 2074 1245 2110 evangelista
1271 2080 1331 2100 cum
1359 2072 1434 2107 prius
1458 2071 1586 2102 dixisset,
1605 2079 1613 2095 ι
1633 2068 1749 2097 Verbum

966 2131 1029 2151 caro
1049 2121 1149 2150 factum
1171 2124 1229 2152 est,
1245 2129 1255 2146 ι
1271 2118 1409 2154 subjumtit
1423 2121 1584 2152 opportune,
1601 2124 1610 2141 ι
1628 2114 1660 2141 Ει
1676 2114 1756 2140 habi-

967 2169 1034 2196 tavit
1049 2169 1075 2194 in
1090 2166 1186 2199 nobis;
1201 2175 1211 2192 ι
1229 2170 1258 2192 ut
1272 2172 1320 2200 per
1340 2168 1487 2198 utrumque
1505 2163 1634 2196 integrant
1651 2159 1750 2186 Christi

133 2205 173 2245 ίνα
182 2205 218 2247 δι’
233 2205 338 2255 ἀμφοῖν
351 2205 538 2256 ἀδιαλώϐητον
551 2221 579 2247 ἐν
595 2205 662 2256 ἡμῖν
676 2205 857 2256 ἐνεργάσηται
867 2217 914 2245 τοῦ

996 2214 1090 2250 ysterii
1107 2212 1288 2248 cognitionem
1313 2210 1392 2237 nobis
1415 2209 1542 2236 traderet.
1561 2206 1626 2233 Nam
1649 2205 1751 2232 unitntn

133 2264 197 2291 κατὰ
210 2265 331 2300 Χριστὸν
348 2265 501 2301 μυστηρίου
518 2265 568 2300 τὴν
589 2264 700 2299 γνῶσιν.
717 2265 778 2291 Ὅτι
797 2264 846 2299 μὲν
861 2263 916 2299 γὰρ

133 2310 219 2346 ἡνὼθη
236 2311 321 2347 σαρκὶ
337 2311 400 2338 καθ’
415 2311 564 2338 ὑπόστασιν
580 2313 594 2338 ό
610 2312 642 2337 ὲκ
655 2310 723 2338 Θεοῦ
744 2310 849 2346 Πατρδς
865 2310 916 2336 Λό-

133 2365 188 2390 γος,
199 2356 404 2392 διαμεμένηκεν
418 2355 429 2393 [
442 2357 484 2384 ῑσ.
497 2356 720 2392 διαμεμήνυκεν]
732 2356 856 2391 ἐναργῶς
872 2355 918 2381 διά

135 2410 164 2436 γε
185 2402 232 2429 τοῦ
261 2403 352 2439 σάρκα
369 2402 462 2437 λέγειν
482 2402 609 2437 γενέσθαι
624 2402 721 2429 αὐτόν’
735 2402 777 2428 ὄτι
799 2401 827 2428 δὲ
849 2399 918 2436 σὰρξ

134 2447 258 2483 γεγονὼς,
270 2449 322 2475 οὐκ
335 2449 375 2481 εἰς
388 2448 438 2483 τὴν
453 2449 502 2483 τῆς
518 2448 618 2483 σαρκὸς
635 2446 849 2483 μετακεχώρηκε
866 2446 917 2481 φύ-

169 2539 188 2554 ⁶⁷
201 2539 287 2566 Levit.
305 2546 380 2570 uvt,
397 2537 448 2569 1‘2;
465 2537 486 2564 ll
501 2538 564 2565 Cor.
578 2545 615 2569 vt,
638 2537 679 2564 lii.

151 2574 190 2602 Η.
226 2573 365 2601 "Coloss.
385 2581 418 2604 ιι,
436 2574 462 2600 9.

719 2537 741 2552 ⁵³
755 2536 834 2564 Joztn.
854 2544 909 2567 xtv,
927 2535 972 2562 9.5.

969 2268 1029 2288 esse
1042 2259 1116 2287 carni
1132 2258 1280 2286 secundum
1294 2255 1458 2292 hypostasim
1475 2254 1539 2281 illud
1557 2260 1587 2280 ex
1607 2251 1660 2279 Deo
1674 2250 1754 2277 Patre

968 2306 1087 2333 Verbum
1101 2303 1230 2331 indicavit
1245 2307 1337 2337 aperte
1350 2309 1411 2328 cum
1427 2300 1504 2330 dixit.
1522 2300 1607 2334 ipsum
1625 2305 1684 2324 esse
1695 2304 1754 2324 can-

969 2360 1030 2379 nem
1042 2351 1141 2379 factum
1155 2351 1227 2384 :jam
1242 2355 1306 2375 vero
1317 2354 1425 2374 carnem
1442 2345 1540 2373 factum
1555 2351 1607 2370 non
1622 2343 1647 2369 in
1665 2343 1755 2369 carnis

970 2399 1099 2426 transisse
1109 2401 1245 2427 naturam,
1257 2400 1344 2429 neque
1356 2391 1529 2420 mutationem
1547 2390 1572 2416 in
1582 2389 1608 2416 id
1619 2388 1689 2423 quod
1702 2395 1754 2414 non

969 2449 1028 2472 erat
1041 2442 1167 2475 subiisse,
1180 2441 1228 2469 sed
1240 2447 1300 2468 cum
1312 2446 1344 2467 eo
1355 2437 1427 2473 quod
1437 2435 1584 2464 secundum
1596 2443 1644 2462 nos
1656 2434 1753 2461 factum

1011 2535 1033 2550 θ’
1047 2533 1129 2561 Hebr.
1146 2540 1190 2565 ιιι,
1209 2531 1237 2563 5,
1252 2529 1280 2557 ὓ.
1336 2529 1359 2545 ⁷⁰
1370 2527 1382 2555 1.
1393 2526 1456 2555 Cor.
1473 2534 1516 2559 ιιι,
1534 2526 1576 2554 16.
1592 2511 1594 2513 ι
1614 2525 1756 2555 “domm,

778 2647 855 2675 ANT.
877 2645 1010 2675 AGELLII
1031 2644 1146 2672 ΝΟΤᾸΞ.

173 2744 210 2779 (8)
218 2743 373 2779 Posteriora
385 2741 468 2779 verba
481 2747 503 2768 et
515 2741 541 2768 in
556 2741 610 2779 ipso
621 2741 648 2767 di
657 2739 826 2779 versabimur,
836 2746 922 2779 neque

142 2773 224 2807 Latini
240 2779 318 2807 codd.
346 2777 414 2805 Novi
440 2773 616 2808 Testamenti,
645 2783 730 2809 neque
758 2773 844 2801 δι’·υοὶ
873 2774 921 2799 Int-

143 2815 222 2846 beut;
257 2819 284 2841 et
315 2814 389 2841 idem
424 2811 575 2846 signilieunt
608 2818 667 2846 cum
707 2809 922 2846 praecedentibus

144 2844 229 2878 verbis
246 2857 253 2875 :
274 2849 345 2877 idem
363 2852 407 2876 est
427 2844 500 2876 enim
517 2845 652 2882 diversari
669 2846 696 2874 in
717 2844 818 2879 aliquo,
842 2847 869 2871 et
895 2844 922 2870 in

976 2744 1008 2763 ευ
1041 2736 1206 2763 mansionem
1240 2733 1340 2761 facere.
1369 2732 1510 2760 Habebunt
1545 2735 1633 2757 tamen
1666 2735 1761 2756 omnes

976 2773 1056 2799 codd.
1077 2771 1181 2805 Cyrilli.

1011 2807 1048 2841 (9)
1065 2799 1110 2833 Sic
1127 2806 1262 2838 appellare
1282 2803 1350 2830 solet
1369 2809 1506 2841 saerornm
1527 2799 1687 2835 scriptorum
1713 2805 1774 2824 au»

975 2837 1074 2875 ctorcs,
1089 2846 1117 2868 ut
1133 2837 1266 2875 apostolos
1282 2844 1308 2866 et
1325 2837 1514 2872 evangelistam.
