1883 3054
123 128 158 156 55
635 125 664 154 S.
685 125 822 152 CYBILLI
842 125 1078 154 ALEXANDRINI
1097 126 1256 155 ARCHIEP.
1719 125 1753 154 56

125 187 168 210 est
185 181 318 210 mansisse
330 182 401 218 quod
416 186 486 216 erat,
497 182 523 210 id
536 190 633 210 rursus
648 183 822 219 perspicuum
839 183 914 217 facit,

1003 195 1023 218 θ,
1044 185 1148 221 τροπὴν
1171 185 1323 221 ὑπομείνας
1338 185 1388 221 ¹τὴν
1408 185 1449 216 είς
1469 184 1537 220 ὅπερ
1553 184 1603 211 οὐκ
1623 181 1668 220 ἦν,
1683 183 1754 210 ἀλλὰ

125 228 168 255 illa
194 228 274 255 verba
300 238 307 255 :
333 227 496 255 «Habitavit
519 227 546 255 in
565 227 653 260 nobis,
669 237 680 254 ι
700 228 837 262 prioribus
862 228 914 257 illis

124 274 266 308 adjiciens.
288 273 427 302 Habitasse
439 278 528 302 autem
544 274 610 302 dicit
628 274 722 302 beatus
738 273 840 301 Paulus
859 274 916 309 38

126 328 152 346 m
165 319 274 348 Christo
291 328 399 348 onmem
416 320 608 355 plenitudinem
625 321 776 348 divinitatis
787 327 915 355 corpora-

125 366 196 398 liter,
222 373 256 394 ne
279 367 414 402 quispiam
439 366 590 401 simplicem
613 366 656 394 vel
684 366 912 394 babitudinariam

126 412 320 440 habitationem
341 412 503 446 suspicetur,
519 412 566 440 sed
583 419 686 445 veram,
703 417 732 439 ut
749 413 828 440 modo
846 412 912 445 dixi,

123 461 151 484 et
161 457 307 485 secundum
318 458 496 493 hypostasim.
510 458 604 493 Neque
615 459 687 486 enim
702 459 744 486 vir
755 458 799 486 ille
811 458 913 493 Spiritu

125 501 174 529 Dei
187 502 282 536 plenus
296 502 439 537 ignorabat
452 503 640 537 incorporeum
655 503 776 530 esse‘Dei
797 502 912 530 Verbum

123 551 148 573 et
169 545 350 582 impalpabile.
362 546 463 575 Verum
475 547 538 584 quia
554 555 666 576 necesse
677 553 736 575 erat
748 554 777 574 ut
792 548 913 583 mysterii

124 593 267 628 explicatio
279 593 353 621 nulla
370 594 476 622 ratione
498 601 594 621 manca
611 594 758 627 videretur,
780 595 827 621 sed
845 594 914 622 adeo

124 644 252 666 accurate
265 646 296 666 ac
312 639 439 667 distincte
450 638 483 666 ad
503 644 603 667 rectam
618 640 738 674 regulam
757 640 913 667 veritatem-

124 691 176 717 que
193 685 356 716 traderetur,
371 689 401 711 ut
415 691 497 712 omne
511 684 671 711 miraculum
690 689 841 720 superaret,
858 685 913 712 vim

125 728 206 757 infert
218 730 418 764 consequentiae
435 737 537 764 rerum,
554 734 581 757 et
603 737 685 764 prope
704 731 829 762 dixerim,
843 731 913 764 quod

125 775 310 810 incorpoream
324 776 397 802 illam
409 783 597 810 summamque
611 782 735 803 naturam
749 777 836 809 decet,
847 783 913 803 con-

123 822 227 857 temnit.
251 830 258 849 :
281 822 382 857 adjecit
408 822 481 849 enim
501 823 624 854 verbum,
643 823 824 855 corporaltler,
850 830 911 849 cum

123 866 204 894 aliter
217 867 308 896 dicere
322 875 375 895 non
393 868 517 901 haberet,
531 875 612 903 quam
630 872 721 896 nostra
736 868 912 904 intelligentia
928 859 950 886 Β

124 918 151 940 et
170 913 260 948 lingua
278 913 408 948 consequi
426 918 528 948 posset.
550 913 588 941 Ne
609 914 690 949 igitur
704 922 766 942 cum
783 915 832 942 iste
846 915 913 942 sim-

124 961 219 996 plicem
244 961 323 989 nobis
349 961 574 989 inhabitationem
600 967 806 996 commemorat,
836 968 913 996 putes

123 1006 225 1040 aliquid
239 1014 300 1034 eum
316 1007 405 1034 dicere
416 1008 486 1041 quod
504 1014 556 1034 non
569 1007 714 1034 admodum
733 1008 768 1034 sit
782 1008 914 1035 damnau-

123 1053 197 1080 dum.
215 1052 283 1079 Nam
297 1059 324 1078 ut
338 1056 456 1085 evertat,
472 1058 503 1079 ut
517 1053 575 1087 ipse
587 1058 674 1087 putat,
690 1053 770 1088 idque
786 1053 913 1081 nimirum

123 1098 262 1132 audacter,
280 1098 482 1133 generationem
499 1098 559 1126 Filii
573 1099 719 1126 secundum
733 1107 855 1130 carnem,
871 1107 914 1126 ra-

123 1144 325 1172 tiocinationem
338 1143 475 1178 componit
487 1143 585 1171 anilem
596 1151 627 1171 ac
638 1144 759 1177 stultam,
774 1149 800 1172 et
812 1145 912 1172 nullum

123 1199 155 1218 ex
172 1191 284 1218 veritate
304 1191 418 1218 fulcrum
434 1190 589 1218 habentem.
610 1191 727 1218 liursum
745 1198 859 1226 namque
874 1191 914 1219 sic

124 1238 227 1270 scribit,
247 1245 308 1264 cum
325 1237 459 1265 adversus
480 1236 598 1264 Arianos
611 1237 823 1272 disputationem
838 1237 914 1264 insti-

123 1284 228 1311 tuisset.

160 1329 300 1366 [Nm-ron.
319 1329 420 1358 Tamen
435 1329 577 1357 divinitate
589 1335 663 1357 certe
680 1336 739 1363 quae
752 1328 839 1363 major
861 1333 912 1361 est,

123 1384 210 1410 ipsum
226 1376 271 1403 Dei
286 1375 404 1403 Verbum
419 1375 554 1402 recentius
567 1382 628 1402 esse
640 1380 793 1409 nugantur;
807 1379 836 1401 at
848 1382 914 1402 vero

124 1423 149 1450 hi
166 1422 243 1449 beata
255 1421 340 1449 Maria
356 1422 442 1457 ipsum
465 1422 642 1456 posteriorem
666 1420 794 1453 cilicium,
810 1425 837 1448 et
855 1428 913 1447 ma-

124 1473 191 1494 trem
205 1467 378 1502 temporalem
395 1467 445 1502 ipsi
463 1467 559 1494 lleitati
575 1467 664 1501 opiﬁci
679 1472 829 1501 temporum
845 1474 914 1502 pra:-

124 1519 227 1549 ponnnt
246 1523 254 1540 :
271 1514 325 1541 imo
348 1521 411 1541 vero
435 1514 519 1548 ipsam
535 1513 635 1540 Christi
654 1518 792 1547 parentem
807 1521 841 1540 ne
853 1520 914 1542 esse

124 1561 230 1594 quidem
247 1559 350 1587 Christi
368 1564 481 1586 matrem
500 1559 592 1586 sinunt
609 1569 614 1585 :
631 1566 692 1586 nam
708 1559 730 1586 si
749 1566 802 1586 nou
825 1560 913 1586 homi-

124 1607 166 1634 nis
182 1611 287 1639 natura,
313 1607 360 1633 sed
382 1606 452 1633 Deus
478 1605 593 1632 Verbum
614 1605 673 1638 fuit,
697 1610 726 1632 ut
748 1605 785 1633 illi
811 1606 913 1638 dicunt,

124 1660 203 1688 quem
225 1652 270 1680 illa
283 1652 398 1687 peperit,
420 1652 528 1686 pariens
546 1651 611 1678 editi
635 1656 728 1686 partus
745 1651 818 1679 nullo
836 1652 915 1679 modo

125 1704 213 1727 mater
230 1703 272 1726 est
289 1705 297 1725 :
312 1698 358 1733 qui
376 1698 448 1725 enim
475 1698 510 1724 sit
539 1701 625 1725 mater
645 1697 717 1724 illius
733 1697 779 1731 qui
800 1697 834 1724 ab
857 1696 916 1731 ejus

125 1750 221 1771 natura
240 1744 276 1771 sit
294 1743 459 1771 extrahens?
475 1742 552 1776 Quod
569 1742 592 1770 si
607 1748 692 1770 mater
711 1743 780 1777 apud
800 1750 846 1770 eos
866 1751 914 1776 ap-

125 1790 252 1824 pellatur,
266 1789 422 1817 ltumanitas
435 1794 478 1816 est
492 1793 569 1823 partu
586 1789 670 1820 edita,
686 1795 740 1816 nou
765 1789 893 1815 divinitas
908 1799 913 1816 2

126 1845 187 1863 nam
198 1837 296 1870 cuique
306 1835 384 1862 matri
395 1835 533 1870 proprium
541 1838 584 1862 est
592 1834 823 1862 consubstantiale
836 1842 915 1868 pare-

126 1890 166 1911 re.
183 1883 234 1909 Aut
247 1882 327 1917 igitur
339 1889 391 1908 non
407 1881 459 1908 erit
475 1886 563 1908 mater
577 1888 638 1916 qua:
652 1880 914 1908 consubstantialem

126 1929 176 1956 sibi
190 1927 302 1955 minime
313 1927 418 1962 peperit
431 1936 438 1954 :
457 1931 502 1954 aut
517 1927 540 1954 si
556 1932 642 1953 mater
656 1926 690 1954 ab
709 1927 777 1962 ipsis
792 1931 914 1959 vocatur,

126 1972 176 2001 sibi
193 1973 220 2000 in
236 1973 389 2001 substantia
404 1972 520 2000 similetn
534 1971 656 2007 genuit.]

449 2029 526 2058 CAP.
546 2028 590 2056 IX.

162 2079 292 2112 Perquam
310 2077 432 2104 abditum
450 2084 516 2104 sane
538 2077 734 2104 sententiarum
759 2078 871 2113 pondus,
883 2086 916 2106 ac

126 2126 273 2153 vehemens
290 2129 317 2152 et
334 2124 497 2152 inevitabilis
511 2125 629 2152 hominis
643 2125 688 2159 qui
705 2126 782 2153 nobis
800 2126 835 2153 ita
850 2134 915 2154 con-

127 2171 248 2206 scripsit,
279 2170 497 2206 syllogismorum
531 2171 574 2197 vis
603 2171 734 2199 cernitur.
763 2171 914 2204 Undenam,

968 229 1037 265 μετὰ
1060 230 1107 257 τοῦ
1127 229 1254 265 γινέσθαι
1272 229 1334 256 καθ’
1347 230 1431 264 ἡμᾶς,
1450 229 1605 264 μεμένηκεν
1620 229 1690 263 ὅπερ
1707 225 1752 263 ἦν,

967 274 1105 311 διατρανοί
1127 275 1211 302 πάλιν
1235 275 1288 308 τὸ,
1313 284 1322 300 ι
1341 274 1512 309 Ἐσκήνωσεν
1535 274 1565 300 ἐν
1585 274 1661 308 ἡμῖν,
1686 283 1696 298 ι
1715 272 1754 307 τῷ

967 320 1068 357 πρώτῳ
1081 321 1291 357 προπεθιικιῦς.
1309 320 1480 355 Κατοικῆσαι
1491 320 1519 347 δέ
1530 329 1612 355 φησιν
1624 321 1639 346 ὁ
1654 320 1754 346 θεσπέ-

967 375 1025 399 σιος
1048 367 1154 399 Παῦλος
1171 367 1201 394 ὲν
1223 366 1263 401 τῷ
1289 365 1401 402 Χριστῷ
1418 367 1472 393 πᾶν
1495 366 1526 392 τὸ
1541 365 1679 401 πλήρωμα
1703 366 1754 397 τῆς

966 412 1093 449 θεότητος
1113 412 1293 448 σωματικῶς·
1308 412 1351 439 ἵνα
1372 413 1409 447 μὴ
1421 411 1613 447 ἁπλῆν,ηγουν
1625 411 1753 446 σχετικὴι

965 458 1014 493 τὴν
1035 458 1195 493 κατοίκησιν
1220 458 1401 492 ὑποτοπήσειέ
1424 466 1476 490 τις,
1497 457 1553 485 ἀλλ’
1573 457 1669 491 ὥσπερ
1683 456 1753 491 ἔφην

965 504 1077 540 ἀρτίως,
1098 504 1230 540 ἀληθινήν
1246 513 1277 531 τε
1298 505 1346 531 καὶ
1368 503 1430 531 καθ’
1447 504 1605 530 ὑπόστασιν.
1621 503 1681 529 Ὅτι
1703 503 1754 537 μὲν

964 551 1019 586 γὰρ
1034 550 1180 586 ἀσώματος
1196 549 1227 577 τέ
1244 551 1312 584 ἐστι,
1332 552 1379 577 καὶ
1393 549 1498 585 ἀναφὴς
1513 551 1527 576 ὁ
1548 549 1594 576 τοῦ
1616 548 1684 575 Θεοῦ
1700 548 1753 574 Λό-

964 607 1022 632 γος,
1036 598 1088 624 οὐκ
1100 597 1234 633 ἠγνόηκεν
1255 597 1269 623 ό
1290 597 1526 632 πνευματοφόρος.
1545 595 1655 631 Ἐπειδὴ
1669 595 1698 622 δὲ
1718 593 1752 629 ἦν

964 645 1125 678 ἀναγκαῖον,
1141 643 1189 679 τὴν
1205 642 1253 670 τοῦ
1275 643 1426 678 μυστηρίου
1441 642 1557 678 δήλωσιν
1579 642 1638 668 κατ’
1655 640 1754 667 οὐδένα

964 690 1065 726 τρόπον
1084 689 1199 725 ὁρᾶσθαι
1221 689 1438 724 μεμωμημένην,
1455 687 1555 723 ἀκριϐῆ
1575 688 1602 714 δὲ
1617 686 1688 713 οὓτω
1707 695 1755 719 γε-

965 735 1068 767 νέσθαι,
1081 736 1129 762 καὶ
1145 735 1352 771 διηρθρωμένην
1366 735 1404 765 εἰς
1416 734 1446 760 τὸ
1459 733 1522 760 εὐθύ
1535 741 1564 759 τε
1582 733 1627 759 καὶ
1640 731 1753 766 ἀληθὲς,

964 782 1002 812 ὡς
1017 782 1147 808 ἐπέκεινα
1165 781 1265 812 παντὸς
1291 781 1359 807 ἰέναι
1384 779 1538 815 θαύματος,
1555 777 1752 809 καταὸιὰςεται

963 826 994 852 τὸ
1007 826 1092 858 εἰκὸς,
1104 826 1151 852 καὶ
1171 826 1312 861 μονονουχὶ
1326 825 1356 852 τὸ
1375 825 1481 861 πρέπον
1496 824 1619 859 ὑπερορᾷ
1630 824 1664 858 τῇ
1681 823 1753 849 ἀσω-

966 873 1044 908 μάτῳ
1063 880 1093 898 τε
1107 872 1154 898 καὶ
1170 871 1317 907 ὑπερτάτη)
1332 870 1412 904 φύσει
1424 879 1430 885 ·
1448 869 1625 905 προστέθεικε
1638 868 1693 903 γὰρ
1711 868 1752 899 τὸ,

964 916 1149 952 σωματικῶς,
1160 917 1208 952 οὐχ
1219 917 1320 952 ἑτέρως
1331 916 1401 951 ἔχων
1415 916 1512 946 εἰπεῖν,
1524 915 1541 950 ἢ
1553 915 1590 946 ὡς
1600 914 1633 941 ἂν
1648 914 1754 948 γένοιτο

964 964 1012 990 καὶ
1024 963 1072 998 νῷ.
1088 963 1136 989 καὶ
1149 963 1258 998 γλώττῃ
1276 963 1310 998 τῇ
1328 961 1390 989 καθ’
1409 962 1483 997 ἡμᾶς
1497 961 1616 995 ἐφικτόν.
1634 961 1681 995 Μὴ
1698 960 1754 986 τοί-

965 1019 1011 1037 νυν
1026 1010 1116 1045 ἁπλῆν
1132 1011 1198 1045 ἡμῖν
1211 1009 1379 1044 ὀνομάζοντα
1395 1008 1542 1043 ἐνοίκησιν,
1554 1008 1610 1034 οῐου
1624 1016 1649 1034 τι
1663 1007 1754 1041 λέγειν

964 1056 1046 1083 αὑτὸν
1068 1056 1121 1082 τῶν
1145 1056 1176 1082 οὑ
1205 1056 1308 1091 σφόδρα
1327 1054 1562 1089 διαὸεὸλημένων·
1594 1053 1755 1087 ἀνατρέπων

964 1104 1028 1139 γὰρ,
1045 1102 1172 1137 καθάπερ
1196 1099 1243 1128 οὖν
1266 1102 1368 1132 οἴεται,
1387 1102 1434 1127 καὶ
1458 1100 1532 1135 μάλα
1548 1098 1690 1130 νεανικῶς,
1703 1098 1754 1132 τὴν

964 1149 1035 1176 κατά
1051 1149 1140 1184 σάρκα
1155 1148 1280 1184 γέννησιν
1298 1147 1346 1173 τοῦ
1362 1145 1439 1177 Υἰοῦ,
1460 1145 1601 1180 συντίθησι
1621 1143 1754 1178 λογισμὸν

964 1195 1139 1231 γραοπρεπῆ,
1157 1195 1206 1221 καὶ
1225 1194 1339 1229 ἠλίθιον,
1355 1193 1402 1220 καὶ
1415 1192 1574 1226 ὑποδάθραν
1589 1191 1639 1218 οὐκ
1657 1189 1754 1225 ἔχοντα

963 1243 1012 1277 τὴν
1032 1241 1061 1274 ἐξ
1082 1240 1221 1276 ἀληθείας.
1235 1240 1340 1276 Γράφει
1369 1239 1424 1274 γὰρ
1443 1238 1490 1264 καὶ
1513 1235 1565 1264 ὦδε
1587 1237 1679 1270 πάλιν,
1703 1245 1753 1263 πε-

964 1288 1075 1323 ποίηται
1092 1287 1121 1314 δὲ
1140 1287 1208 1322 πρὸς
1228 1285 1384 1320 Ἀρειανοὺς
1397 1284 1411 1310 ὁ
1428 1284 1506 1318 λόγος
1517 1283 1602 1318 αὐτῷ.

1000 1334 1116 1371 [Ὅμως
1135 1333 1163 1360 δὲ
1186 1333 1237 1360 κᾶν
1257 1332 1383 1366 θεότητος
1402 1331 1525 1366 μείζονος
1549 1330 1594 1357 τὸν
1616 1329 1683 1356 Θεον
1700 1334 1753 1355 Λο-

963 1389 1012 1415 γον
1023 1379 1137 1416 ληροῦσι
1149 1378 1279 1415 νεώτερον
1290 1387 1297 1393 ·
1313 1376 1385 1405 οὗτοι
1400 1378 1429 1404 δὲ
1449 1377 1530 1403 αὑτὸν
1549 1375 1598 1410 τῆς
1614 1374 1755 1410 μακαρίας

964 1425 1074 1462 Μαρίας
1094 1423 1257 1460 ἐργάζονται
1273 1422 1398 1458 δεύτερον
1410 1431 1416 1437 -
1438 1422 1485 1449 καὶ
1503 1421 1608 1457 μητέρα
1624 1419 1754 1455 χρονικὴν

963 1475 997 1508 τῇ
1012 1471 1170 1508 δημιουργῷ
1180 1471 1234 1498 τῶν
1250 1470 1354 1506 χρόνων
1370 1469 1500 1504 ὲφιστῶοι
1510 1468 1623 1502 Θεότητι
1633 1475 1640 1482 ⁸
1653 1466 1754 1502 μᾶλλον

965 1519 994 1546 δὲ
1008 1518 1068 1545 οὐδὲ
1084 1517 1191 1553 μητέρα
1206 1516 1252 1543 τοῦ
1264 1515 1382 1551 Χριστοῦ
1399 1515 1448 1550 τὴν
1460 1513 1641 1550 Χριστοτόκον
1656 1511 1752 1538 ἐῶσιν·

966 1565 990 1591 εὶ
1002 1565 1057 1599 γὰρ
1074 1564 1124 1590 οὐκ
1136 1562 1281 1599 ἀνθρώπου
1303 1562 1394 1596 φύσις,
1411 1561 1478 1587 ἀλλά
1494 1560 1560 1591 Θεὸς
1576 1560 1589 1586 ό
1605 1558 1691 1593 Λόγος
1701 1556 1753 1592 ἦν,

966 1610 1061 1646 ὥσπερ
1083 1610 1181 1637 ἐκεῖνοί
1200 1617 1293 1644 φασιν,
1312 1608 1326 1635 ὃ
1341 1608 1396 1644 [ῐσ.
1412 1607 1438 1643 ό]
1459 1607 1524 1642 παρ’
1541 1606 1662 1640 ἐκείνης,
1677 1605 1694 1640 ἡ
1707 1613 1754 1630 τε-

965 1656 1051 1683 κοῦσα
1065 1656 1114 1682 τοῦ
1124 1655 1266 1690 τεχθέντος
1281 1654 1312 1681 οὐ
1328 1654 1430 1689 μήτηρ.
1443 1652 1506 1682 Πῶς
1520 1651 1574 1688 γὰρ
1584 1652 1628 1685 εἰη
1640 1658 1683 1683 τις
1700 1650 1754 1685 μή-

965 1711 1017 1738 τηρ
1028 1701 1075 1728 τοῦ
1086 1702 1136 1736 τῆς
1147 1700 1255 1736 φύσεως
1263 1700 1312 1735 τῆς
1324 1700 1407 1734 αὐτῆς
1419 1698 1574 1733 ἀλλοτρίου;
1586 1697 1650 1724 Είδὲ
1663 1697 1755 1731 μήτηρ

967 1748 1031 1783 παρ’
1053 1747 1143 1774 αὐτῶν
1163 1747 1334 1782 ὀνομάζοιτο,
1359 1745 1536 1781 ἀνθρωπότης
1551 1743 1581 1770 τὸ
1597 1742 1704 1778 τεχθὲν,
1723 1742 1755 1768 οὐ

966 1794 1061 1828 θεότης
1073 1802 1079 1808 '
1098 1793 1189 1828 πάσης
1207 1792 1262 1828 γὰρ
1287 1791 1354 1819 ῐδιον
1373 1791 1475 1826 μητρδς
1493 1789 1625 1825 ὁμοοὺσια
1638 1788 1753 1815 τίκτειν.

967 1841 1002 1867 Ἦ
1013 1839 1060 1867 οὖν
1074 1840 1125 1866 οὐκ
1140 1839 1217 1866 ἔσται
1236 1839 1339 1874 μήτηρ,
1354 1837 1498 1874 ὸμοοὺσιον
1508 1837 1590 1872 ἑαυτῇ
1604 1835 1641 1871 μὴ
1657 1834 1754 1862 τεκοῦ-

967 1895 1016 1913 σα·
1043 1887 1059 1923 ἢ
1081 1886 1173 1921 μήτηρ
1195 1885 1260 1920 παρ’
1283 1883 1373 1911 αὐτῶν
1400 1883 1571 1919 καλουμένη,
1591 1882 1638 1908 τὸν
1665 1882 1750 1916 ἑαυτῇ

967 1933 1026 1960 κατ’
1043 1932 1138 1959 οὐσίαν
1154 1931 1300 1966 ἐγέννησεν
1318 1929 1441 1966 ὂμοιον.]

1268 2030 1395 2058 ΚΕΦΑΛ.
1411 2029 1449 2056 8'.

1007 2080 1051 2112 Ὠς
1072 2078 1142 2114 βαθὺ
1165 2079 1196 2105 τὸ
1217 2078 1312 2114 χρῆμα
1338 2076 1392 2104 τῶν
1409 2075 1534 2108 ἐννοιῶν,
1556 2074 1630 2110 δεινὴ
1654 2073 1684 2100 δὲ
1707 2073 1755 2099 καὶ

965 2125 1164 2160 δυσδιάφυκτος
1177 2123 1225 2151 τοῦ
1248 2124 1283 2150 τὰ
1301 2123 1391 2150 τοιάδε
1407 2121 1630 2157 συγγεγραφότος
1655 2119 1723 2154 ἡμῖν
1737 2119 1754 2153 ἡ

965 2173 998 2199 ὲκ
1009 2172 1064 2198 τῶν
1078 2169 1265 2205 συλλογισμῶν
1279 2169 1387 2203 ἀνάγκη
1398 2168 1532 2202 φαίνεται.
1547 2165 1632 2192 Πόθεν
1642 2165 1710 2200 ἡμῖν
1722 2164 1756 2190 τὰ

126 2223 230 2251 quaeso,
249 2215 380 2251 ejusmodi
402 2214 514 2242 fabellas
538 2215 666 2243 collectas
687 2216 789 2243 habens
810 2216 836 2243 in
857 2224 914 2244 me-

1003 2218 1057 2245 ιὰδε
1072 2217 1285 2253 συναγηγερκὼς
1298 2216 1338 2247 εἰς
1352 2214 1432 2250 μέσον
1447 2212 1515 2248 ἔρχῃ
1530 2211 1668 2247 μυθάρια;
1682 2210 1699 2245 ἢ
1713 2209 1757 2240 τίς

127 2262 200 2289 dium
215 2261 327 2296 prodis?
354 2264 401 2288 aut
415 2261 540 2295 quisnam
557 2268 668 2295 prorsus
685 2262 712 2288 in
728 2269 788 2288 eam
803 2267 914 2289 senten-

127 2309 224 2335 tiarum
242 2306 438 2334 stultitiam‘est
456 2307 555 2340 lapsus,
573 2312 602 2334 ut
616 2311 690 2341 putet
708 2314 739 2334 ac
759 2308 831 2334 dicat
846 2307 914 2336 Uni-

127 2353 210 2388 geniti
225 2352 351 2380 deitatem
366 2360 418 2379 non
436 2360 469 2380 ex
484 2351 565 2380 Patre
577 2358 640 2380 ante
650 2353 748 2380 saecula
762 2353 913 2381 subsisten-

129 2400 192 2426 tiam
207 2399 319 2431 habere,
335 2399 381 2426 sed
399 2403 428 2425 ut
449 2406 511 2425 esse
533 2399 674 2434 inciperet,
690 2406 704 2426 a
720 2406 802 2427 carne
813 2404 841 2427 et
852 2407 914 2427 san-

128 2445 208 2480 guine
222 2445 328 2472 initium
341 2444 477 2479 accepisse
487 2444 499 2471 7
509 2443 576 2478 Quis
592 2444 661 2472 adeo
684 2445 808 2479 stupidus
823 2450 865 2473 est
887 2450 915 2473 et

129 2492 285 2526 imperitus,
308 2496 336 2518 et
362 2499 499 2518 sacrarum
525 2491 688 2518 Litterarum
717 2491 796 2526 plane
819 2492 914 2520 rudis?

127 2538 193 2572 Quis
218 2546 270 2565 non
297 2538 420 2565 meminit
445 2537 500 2573 29
518 2536 594 2564 isaia:
609 2537 643 2565 de
667 2538 726 2572 ipso
742 2539 886 2566 clamantis
905 2548 912 2565 :

131 2593 140 2609 α
160 2582 368 2610 Generatiouem
390 2583 450 2616 ejus
471 2583 533 2618 quis
558 2584 697 2610 euarrabit
718 2584 763 2610 7’?
777 2594 786 2610 ι
804 2584 914 2612 Joannis

128 2630 209 2657 etiam
226 2635 320 2664 aperte
343 2630 488 2658 seribentis
505 2638 511 2656 ε
538 2639 548 2655 ι
563 2629 590 2656 1η
609 2629 744 2664 principio
766 2635 827 2658 erat
852 2630 914 2657 Ver-

129 2676 204 2708 bum,
230 2681 258 2703 et
286 2675 401 2703 Verbum
423 2680 482 2702 erat
502 2676 572 2710 apud
598 2676 692 2708 Deum,
716 2681 742 2703 et.
760 2676 829 2704 Deus
854 2681 914 2704 erat

129 2720 245 2749 Verbum
263 2730 270 2748 :
289 2721 379 2748 omnia
393 2728 440 2755 per
457 2721 544 2755 ipsum
558 2720 630 2749 facta
647 2726 720 2754 sunt,
734 2726 762 2749 et
779 2721 838 2750 sine
855 2722 913 2757 ipso

127 2766 227 2793 factum
240 2771 283 2793 est
297 2766 362 2793 nihil
375 2766 418 2792 7*?
433 2775 442 2791 ι
462 2765 539 2799 Quod
551 2766 572 2794 si
585 2767 675 2795 omnia
693 2775 742 2803 per
758 2768 855 2803 ipsum,
867 2769 913 2803 qui

162 2835 183 2851 "
197 2834 247 2861 lsa.
264 2841 321 2866 Lill,
340 2833 367 2861 8.
404 2833 515 2862 “Joan.
533 2841 552 2866 ι,
567 2834 625 2861 1-3.

966 2265 1035 2296 ὅλως
1048 2263 1168 2298 ἀμαθίας
1184 2263 1224 2294 είς
1239 2261 1318 2289 τοῦτο
1334 2257 1503 2287 κατώλισθεν
1515 2256 1636 2288 ἐννοιῶν,
1647 2255 1686 2286 ὡς
1698 2255 1756 2280 οἴει

968 2309 1032 2336 σθαί
1047 2318 1077 2335 τε
1098 2309 1145 2335 καὶ
1161 2308 1252 2343 λέγειν
1274 2307 1325 2342 τὴν
1339 2306 1454 2340 θεότητα
1470 2304 1519 2331 τοῦ
1536 2302 1708 2337 Μονογενοῦς
1724 2301 1755 2327 οὺ

969 2356 1133 2392 προαιιὶΝιον
1149 2354 1222 2390 ἔχειν
1237 2354 1288 2389 τὴν
1302 2352 1420 2388 ὓπαρξιν
1437 2352 1469 2378 ὲκ
1483 2350 1601 2387 Πατρδς,
1624 2348 1712 2392 ἀρχὴν
1727 2347 1757 2374 δὲ

970 2401 1072 2437 μᾶλλον
1085 2401 1134 2435 τῆς
1149 2401 1190 2431 είς
1210 2399 1241 2426 τὺ
1254 2398 1325 2426 εἶναι
1335 2397 1452 2433 παρόδου
1466 2396 1555 2432 σάρκα
1569 2404 1599 2422 τε
1619 2395 1666 2421 καὶ
1685 2391 1757 2428 αἷμα

969 2446 1076 2479 λαόεϊν;
1099 2446 1147 2478 Τίς
1166 2445 1252 2476 οὕτως
1276 2444 1470 2480 ἑμϐρόντητος,
1497 2442 1544 2469 καὶ
1564 2439 1758 2475 ὐλιγογνώμων

968 2493 1036 2525 ἐστὶ,
1054 2493 1102 2520 καὶ⁸
1114 2492 1170 2519 τῶν
1185 2491 1265 2528 ιερῶν
1278 2490 1455 2526 Γραμμάτων
1469 2489 1583 2524 ἀνήκοος
1598 2485 1757 2518 παντελῶς;

967 2539 1015 2570 Τίς
1031 2539 1062 2566 οὐ
1073 2538 1256 2574 διαμέμνηται
1274 2535 1484 2571 διακεκραγότος
1500 2535 1549 2568 μὲν
1565 2533 1677 2561 Ἡσαΐου
1694 2533 1759 2568 περὶ

968 2584 1066 2610 αὑτοῦ·
1082 2592 1091 2609 ι
1107 2582 1162 2618 Τὴν
1175 2582 1272 2617 γενεὰν
1287 2581 1370 2608 αὑτοῦ
1384 2581 1425 2612 τίς
1439 2581 1613 2615 διηγήσεται;
1629 2588 1638 2604 ι
1653 2578 1759 2612 Γεγρα-

968 2630 1048 2663 φότος
1059 2628 1087 2655 δὲ
1106 2628 1154 2655 καὶ
1176 2628 1301 2655 Ἰωάννου
1319 2626 1429 2661 σαφῶς·
1449 2635 1458 2651 ι
1480 2625 1524 2652 Ἐν
1543 2625 1613 2660 ἀρχῇ
1628 2621 1663 2659 ἦν
1676 2624 1691 2649 ὁ
1708 2624 1760 2649 Λό-

967 2682 1025 2708 γος,
1043 2674 1090 2701 καὶ
1108 2674 1123 2700 ό
1146 2673 1232 2708 Λόγος
1243 2670 1278 2708 ἦν
1302 2672 1370 2708 πρὸς
1386 2671 1432 2698 τὸν
1445 2671 1522 2703 Θεὸν,
1545 2670 1593 2696 καὶ
1609 2668 1676 2700 Θεὸς
1693 2666 1728 2703 ἦν
1746 2669 1760 2695 ό

967 2720 1071 2754 Λόγος·
1090 2719 1180 2746 πάντα
1201 2719 1234 2746 δι’
1253 2718 1336 2745 αὑτοῦ
1356 2717 1474 2752 ἐγένετο,
1495 2716 1542 2742 καὶ
1567 2714 1652 2750 χωρὶς
1674 2714 1759 2740 αὑτοῦ

967 2766 1077 2801 ἐγένετο
1089 2765 1150 2794 οὐδὲ
1163 2765 1193 2793 ἓν
1203 2773 1211 2799 ;
1222 2774 1231 2792 ι
1250 2765 1305 2792 Καὶ
1327 2765 1353 2791 εἰ
1367 2763 1455 2791 πάντα
1468 2761 1501 2790 δι’
1521 2760 1615 2796 αὐτοῦ,
1630 2760 1689 2793 πῶς
1703 2761 1760 2787 τῶν
