1883 3054
69 131 100 158 51

70 192 101 218 δι’
125 189 209 219 αὐτοῦ
233 191 397 226 γεγονότων
420 192 628 228 ὀψιγενέστερος
651 193 696 229 εἴη
719 195 753 220 ἂν
779 193 794 220 ὁ
816 193 870 228 πρὸ
884 195 908 223 Α

72 236 171 269 παντὸς
184 236 296 269 αἰῶνος,
310 238 359 265 καὶ
370 238 479 273 χρόνων
491 246 498 271 ;
514 238 547 265 Τί
557 238 649 265 τοίνυν
659 239 690 266 τὸ
705 239 789 266 πᾶσιν
803 240 871 266 ἁπό-

72 283 180 318 6λητυν,
198 282 236 314 ὡς
252 283 416 318 εἰρημένον,
431 284 584 319 είσφὲρεις;
605 283 712 311 Παῦσαι
734 292 871 319 συκοφαν-

73 329 126 355 τῶν
136 329 200 360 τοὺς
215 328 252 355 τὰ
265 328 324 365 {ica
339 330 376 357 ad
391 329 438 365 σὰ]
454 330 566 362 δικαίως
580 330 808 365 ὲπαιτιωμένους,
824 331 872 358 καὶ

75 375 124 411 τῆς
133 376 162 401 ἰν
174 374 268 406 αὐτοῖς
277 375 402 411 ἀμαθίας
414 375 599 409 διαγελῶντας
617 376 647 403 τὸ
666 376 789 412 μέγεθος.
808 377 872 404 Ὅτε

76 421 164 448 τοίνυν
185 421 275 452 οὐδεὶς
294 422 309 448 ὁ
324 421 416 456 λέγων
439 421 523 454 ἐστὶν,
539 422 578 454 ὡς
597 422 755 449 ὲπιτέτοκεν
768 424 784 457 ἡ
795 423 872 458 Παρ-

77 467 151 499 “vo;
164 468 197 494 ὲκ
220 467 274 503 τῆς
292 467 362 500 ιδίας
380 468 483 504 σαρκὸς
497 468 546 503 τὴν
568 468 617 502 τῆς
635 468 763 504 θεότητος
781 468 871 503 φύσιν,

79 512 116 548 μὴ
127 512 266 539 διατείνου
282 513 384 548 μάτην,
398 513 547 548 λογισμοὺς
557 514 623 548 ἡμῖν
635 514 808 544 ἀναπλέκων,
824 514 874 541 οὐκ

78 558 107 591 ἐξ
121 558 243 594 ἀληθῶν.
269 559 318 585 καὶ
343 558 448 586 ἅπασιν
473 559 700 595 ὁμολογουμένων
727 559 874 594 γεγονότας

78 605 244 640 λημμάτων.
257 605 291 631 Τί
306 604 334 632 δέ
351 613 381 631 σε
397 605 429 632 τὸ
444 605 587 637 πεπεικδς,
602 605 719 641 ἀκρατῆ,
735 606 782 632 καὶ
800 605 873 632 ἀπύ-

79 651 163 677 λωτον
185 650 260 678 οὕτω
286 651 403 686 χαλάσαι
425 650 475 686 τὴν
502 650 626 685 γλῶτταν
641 651 713 678 κατὰ
735 651 790 678 τῶν
806 651 874 686 ὀρθὰ

80 699 191 734 φρονεῖν
208 697 455 730 διεσπουδακότων,
474 698 522 724 καὶ
537 698 638 729 παντὸς
655 697 703 725 τοῦ
725 697 874 734 σεϐομένου

80 742 147 770 Θεοῦ
168 743 226 780 [ισ.
241 743 319 780 Θεὸν]
337 743 465 779 ἔγκλημα
481 743 613 778 καταχέαι
637 743 723 770 δεινὸν
739 743 787 770 καὶ
802 752 874 778 παγ-

80 790 221 825 χάλεπονς
244 790 334 825 Ἐφης
350 789 405 825 γὰρ
422 789 504 817 πάλιν
519 791 563 817 ἐπ’
576 789 744 825 Ἐκκλησίας
758 798 765 805 ⁸

116 833 222 872 [Εἶπον
235 836 264 862 δὲ
289 835 339 871 ἤδη
357 835 528 869 πλειστάκις,
552 837 593 863 δτι
614 837 640 863 εί
655 845 697 869 τις
720 837 736 872 ἢ
761 837 791 863 ἐν
811 836 876 872 ὑμῖν

81 881 275 917 ἀφελέστερος,
286 882 313 908 εί
324 890 354 908 τε
369 882 400 908 ὲν
418 882 509 914 ἄλλοις
522 884 589 914 τισὶ,
605 883 694 918 χαίρει
703 884 736 918 τῇ
750 882 797 909 τοῦ
812 882 877 909 Θεο-

81 927 161 959 τόκος
175 929 265 963 φωνῇ,
280 928 343 963 ἐμοὶ
363 928 433 964 πρὸς
454 928 504 964 τὴν
518 929 610 964 φωνὴν
626 929 723 963 φθόνος
734 929 784 955 οὐκ
801 929 875 956 ἐστι’

83 975 163 1009 μόνον
179 974 218 1010 μὴ
235 975 347 1001 ποιείτω
364 975 415 1010 τὴν
431 975 570 1011 Παρθένον
586 975 674 1010 θεάν.]

388 1032 516 1059 ΚΕΦΑΛ.
536 1033 565 1059 1¹.

114 1087 201 1115 Πάλιν
215 1089 283 1124 ἡμῖν
294 1088 459 1124 διαλοιδορῇ,
477 1090 523 1116 καὶ
539 1089 638 1124 πικρὸν
655 1089 741 1121 οὕτως
757 1089 877 1125 ἐπιθὴσῃ

83 1134 135 1171 [ἴσ.
154 1134 309 1170 ὲπιθήγεις]
328 1135 428 1170 στόμα,
445 1135 585 1167 ὀνειδίζεις
603 1135 631 1161 δὲ
650 1135 699 1171 τὴν
713 1136 878 1172 Συναγωγὴν

83 1181 196 1216 Κυρίου,
223 1181 295 1208 κατὰ
315 1181 347 1208 τὸ
372 1182 586 1218 γεγραμμένον;
609 1182 680 1208 Ἀλλ’
695 1183 775 1218 ἡμεῖς
797 1191 841 1217 γε.
855 1180 877 1210 ὧ

83 1227 149 1259 ’τᾶν,
163 1227 189 1254 οἱ
202 1227 336 1254 Θεοτόκον
352 1227 479 1262 λέγοντες
490 1228 577 1263 αὑτήν
587 1236 593 1243 ·
605 1227 839 1264 τεθεοποιὴκαμεν
849 1229 878 1255 δὲ

83 1273 175 1300 οὐδένα
194 1273 308 1300 πώποτε
328 1273 383 1300 τῶν
399 1274 549 1302 τελούντων
571 1275 600 1301 ὲν
624 1275 771 1310 κτίσμασι”
788 1283 878 1302 κατει-

83 1320 199 1354 θίσμεθα
221 1319 250 1347 δὲ
267 1320 333 1347 Θεὸν
361 1320 462 1348 εἰδέναι
491 1320 537 1347 τὸν
567 1321 627 1353 ἕνα,
650 1321 698 1348 καὶ
719 1321 812 1355 φύσει,
831 1322 878 1348 καὶ

82 1366 206 1401 ἁληθῶςι
236 1366 318 1401 ἴσμεν
342 1367 371 1393 δὲ
385 1367 529 1402 ἄνθρωπον
554 1365 636 1394 οὖσαν
661 1367 722 1394 καθ’
740 1367 813 1403 ἡμᾶς
828 1367 878 1401 τὴν

83 1412 222 1447 μακαρίαν
239 1412 392 1448 Παρθένον.
414 1412 521 1449 ’Δλώσῃ
533 1413 621 1440 δὲκαὶ
635 1413 686 1440 οὐκ
699 1413 738 1445 εἰς
757 1414 877 1449 μακρὰν,

82 1458 224 1494 ἄνθρωπον
239 1459 307 1494 ἡμῖν
323 1459 460 1495 Θεοφόρον
477 1459 636 1494 ἀποφαίνων
655 1459 738 1491 αὐτὸς
748 1460 793 1486 τὸν
813 1460 879 1494 Ἐμ-

84 1504 218 1540 μανουὴλ,
232 1504 282 1531 καὶ
294 1504 350 1531 τῶν
368 1504 424 1531 σῶν
434 1504 659 1540 ἐπιχειρημάτων
673 1504 723 1541 τὴν
741 1505 879 1541 κατάρρη-

84 1559 124 1576 σιν
136 1549 273 1582 ἐπιτιθεὶς
287 1550 388 1586 ἑτέρῳ.

894 1547 915 1576 C

209 1666 408 1710 ΤΟΜοΣ
449 1665 745 1710 ΔΕΥΤΕΡΟΣ.

123 1749 157 1777 Ἦ
172 1749 288 1784 γλῶσσα
308 1749 358 1785 μὲν
371 1748 440 1785 πῦρ,
449 1749 497 1777 καὶ
509 1749 697 1785 ἁκατάσχετόν
711 1750 770 1776 ἐστι
785 1750 880 1782 κακὸν,

83 1796 157 1823 καθὰ
180 1796 343 1832 γέγραπται
353 1804 360 1811 ·
376 1796 441 1824 τάδε
456 1795 583 1822 ἐντεῦθεν
596 1795 682 1831 βλάϐη
701 1796 882 1832 διωθούμενος

83 1842 98 1868 ὁ
111 1841 258 1873 θεσπέσιος
270 1841 368 1876 ψάλλει
383 1841 466 1869 Δαδίδ
477 1849 483 1856 ·
497 1851 506 1868 ι
518 1841 583 1875 Θοῦ,
593 1840 691 1877 Κύριε,
706 1841 829 1878 φυλακὴν
843 1841 882 1877 τῷ

85 1887 203 1923 στόματί
217 1896 283 1923 μου,
293 1887 342 1914 καὶ
357 1887 444 1926 θύραν
457 1888 588 1924 περιοχῆς
598 1888 663 1923 περὶ
674 1887 708 1914 τὰ
721 1887 796 1923 χείλη
814 1896 881 1923 μου·

87 1932 125 1968 μὴ
139 1932 271 1969 ἐκκλίνῃς
288 1933 340 1967 τὴν
355 1932 472 1968 καρδίαν
488 1941 538 1968 μου
557 1933 598 1964 είς
618 1932 715 1967 λόγους
738 1932 882 1967 πονηρίας,

86 1977 132 2004 τοῦ
145 1977 368 2013 προφασίζεσθαι
381 1977 535 2013 προφάσεις
547 1978 576 2004 ὲν
591 1977 750 2013 ἁμαρτίαις,
760 1986 770 2004 ι
782 1977 819 2004 Τὸ
834 1977 884 2013 μὲν

86 2024 140 2060 γᾶρ
152 2024 302 2059 εὐστομεῖν
315 2022 458 2056 δύνασθαι,
475 2023 522 2050 καὶ
536 2023 638 2059 ἀκριϐῆ
655 2022 704 2059 τὴν
721 2023 884 2058 ὲπιτήρησιν

87 2071 132 2097 ἐπὶ
147 2070 277 2104 γλώττης
292 2069 375 2105 ἔχειν,
394 2066 432 2096 ὧν
456 2069 489 2096 ἂν
507 2069 591 2105 δεήσῃ
606 2068 707 2103 λέγειν,
723 2069 740 2104 ἢ
757 2069 806 2104 μὴ,
822 2069 883 2095 θεό-

87 2115 162 2142 δοτον
176 2113 288 2150 ἀληθῶς
299 2115 341 2150 εἴη
357 2115 404 2142 ἂν·
423 2114 470 2141 καὶ
483 2114 513 2140 τὺ
524 2113 621 2149 χρῆμά
635 2114 708 2140 ἐστιν
725 2114 776 2140 οὐκ
790 2114 820 2140 ἐν
838 2121 884 2149 μι-

88 2162 146 2197 κρῷ
163 2161 250 2197 λόγῳ.
275 2161 352 2197 παρά
367 2169 401 2195 γε
427 2162 485 2192 τοῖς
512 2160 562 2187 οὐκ
584 2159 762 2195 ἀθαύμαστον
787 2159 884 2195 ὲπιτη-

87 2207 197 2234 δεύουσι
214 2207 365 2234 πολιτείαν.
373 2205 411 2233 Τό
425 2215 456 2241 γε
469 2205 522 2242 μὴν
535 2205 653 2241 προαλὲς
663 2205 702 2237 είς
712 2205 823 2240 λόγους,
835 2205 883 2232 καὶ
899 2217 921 2245 η

88 2254 119 2280 τὺ
132 2254 261 2290 ἀχάλινον
275 2253 314 2285 εἰς
327 2252 482 2288 τερθρείας,
500 2251 622 2278 κινδύνου
642 2250 753 2287 μεστὸν,
770 2250 818 2278 καὶ
841 2251 882 2282 εἰς

89 2300 229 2336 πέταυρον
248 2299 312 2335 ᾅδου
328 2299 385 2334 (10)
401 2297 582 2333 κατακομίζει
598 2297 663 2329 τοὺς
680 2296 880 2332 κεχρημένους.

90 2347 250 2382 Γέγραπται
263 2345 302 2375 δὲ,
315 2345 356 2371 ὅτι
370 2344 496 2376 θάνατος,
513 2344 560 2371 καὶ
582 2343 640 2378 ζωὴ
655 2344 684 2370 ὲν
701 2344 774 2380 χειρὶ
793 2343 882 2378 γλώσ-

90 2399 157 2427 σης·
171 2391 196 2417 οἱ
213 2390 241 2417 δὲ
260 2389 425 2426 κρατοῦντες
439 2388 534 2424 αὐτῆς,
553 2388 656 2416 ἔδονται
675 2389 739 2421 τοὺς
761 2390 883 2425 καρποὺς

91 2437 187 2473 αὐτῆς.
202 2435 428 2472 Προσπεφώνηκε
452 2435 480 2462 δὲ
496 2435 544 2461 καὶ
560 2434 653 2471 ἕτερός
676 2443 718 2466 τις
739 2436 804 2471 ἡμῖν
826 2435 882 2463 τῶν

93 2482 199 2517 σοφῶν·
222 2492 232 2508 ‹
250 2482 283 2509 Εἰ
298 2481 348 2517 μὲν
364 2481 424 2508 ἔστι
449 2490 492 2508 σοι
511 2480 590 2515 λόγος
606 2481 750 2513 συνέσεως,
768 2483 883 2518 ἀποκρί-

92 2527 166 2563 θητι·
185 2529 209 2555 εί
232 2528 261 2555 δὲ
279 2528 328 2563 μὴ,
352 2527 416 2562 χεὶρ
441 2526 511 2553 ἔστω
526 2527 573 2554 ἐπὶ
593 2526 632 2562 τῷ
656 2527 769 2562 στόματί
795 2537 851 2556 σου.
870 2538 879 2554 ι

99 2572 232 2608 Ἀμαθοῦς
255 2573 309 2608 γὰρ
336 2573 419 2606 λόγου
440 2571 496 2604 πῶς
515 2572 566 2598 οὐκ
587 2572 708 2607 ἀμείνων
731 2572 748 2608 ἠ
773 2575 882 2609 σιωπή;

127 2662 166 2689 "l
183 2662 248 2696 lieg.
267 2669 333 2693 ιντι,
349 2661 397 2688 43.

649 124 840 161 Αυνιιιιευς
856 131 1058 161 ussromuu
1079 132 1142 162 LIB.
1165 132 1197 161 ιι.

439 2659 530 2687 "Jac.
548 2667 587 2694 ιιι,
603 2661 664 2688 5-8.
705 2661 727 2679 ⁷⁷
739 2661 811 2689 Psal.
825 2671 887 2695 οη,
902 2664 929 2696 5,

1683 131 1718 159 58

923 194 980 221 fieri
999 197 1087 229 potest
1102 198 1132 222 ut
1155 194 1237 222 rebus
1252 199 1301 228 per
1315 192 1404 228 ipsum
1428 190 1507 219 factis
1524 189 1559 218 sit
1583 194 1647 218 natu
1671 197 1718 224 po-

923 240 1032 271 sterior.
1047 240 1094 275 qui
1112 245 1176 267 ante
1189 239 1281 267 omnia
1299 239 1396 267 saecula
1420 243 1449 265 et
1465 241 1586 272 tempora
1603 242 1718 270 praees-

923 285 977 312 sit?
991 285 1060 319 Quid
1074 285 1157 321 igitur
1167 285 1238 320 quod
1253 285 1287 312 ab
1298 284 1425 312 omnibus
1436 281 1570 316 reﬁcitur,
1587 285 1717 315 tanquam

923 331 959 357 sit
975 332 1075 358 dictum
1090 331 1203 360 defers?
1219 330 1318 358 Desine
1343 336 1391 357 eos
1405 326 1567 356 calumniari
1589 325 1635 360 qui
1655 325 1718 360 jure

924 380 969 402 tua
980 380 1119 409 accusant,
1130 381 1158 404 et
1172 383 1297 411 magnam
1314 375 1340 402 in
1360 374 1413 402 illis
1427 373 1571 401 stultitiam
1587 371 1711 398 irrident.

923 422 990 450 Cum
1015 423 1104 457 itaque
1126 430 1205 450 nemo
1222 423 1257 450 sit
1277 421 1321 456 qui
1339 421 1422 453 dicat,
1444 420 1549 447 beatam
1574 417 1712 452 Virginem

924 476 956 495 ex
982 477 1031 496 sua
1055 476 1137 496 carne
1159 468 1308 497 divinitatis
1332 472 1455 494 naturam
1482 464 1638 500 peperisse,
1662 463 1717 490 noli

924 514 1024 542 frustra
1042 515 1167 542 laborare
1179 519 1208 541 ut
1225 514 1448 541 ratiocinationes
1467 511 1546 539 nobis
1562 511 1670 538 intexss
1683 516 1717 536 ex

925 561 1154 596 Suppositiottibus
1162 565 1248 595 neque
1259 560 1430 594 veris,ueque
1442 557 1510 592 apud
1518 564 1612 585 omnes
1621 555 1714 584 certis.

925 608 991 641 Quae
1007 615 1071 635 vero
1085 615 1166 634 causa
1182 612 1208 635 te
1226 606 1343 641 impulit,
1358 609 1393 633 ut
1403 605 1520 640 linguam
1540 603 1607 630 adeo
1628 603 1714 637 impo-

926 659 1025 682 tentem
1039 658 1066 681 et
1078 653 1236 681 effrenatam
1252 653 1360 680 lnxares
1376 651 1506 679 adversus
1519 657 1564 678 eos
1578 649 1623 685 qui
1640 654 1714 677 recta

926 708 1022 736 sapere
1045 699 1223 732 studuissent,
1238 705 1265 727 et
1280 699 1408 726 ontnibus
1427 697 1473 725 Dei
1493 696 1643 724 cultoribus
1661 695 1717 723 cri-

926 754 988 774 men
1000 746 1117 774 inferres
1127 753 1221 781 grave,
1235 750 1262 773 et
1275 745 1397 772 omnium
1410 741 1635 771 atrocissimum?
1649 741 1717 769 Nam

927 801 1021 821 rursus
1037 793 1063 820 in
1080 792 1202 820 Ecclesia
1219 791 1310 820 dixisti
1327 799 1334 818 τ

963 838 1102 876 [Νεςτοιι.
1119 838 1176 866 Dixi
1193 837 1249 872 jam
1261 837 1370 872 saepius,
1392 835 1492 871 si-quis
1505 835 1577 863 inter
1590 842 1637 862 vos
1653 833 1719 862 sim-

929 885 1037 919 plicior,
1072 885 1130 912 sive
1160 885 1232 911 ittter
1251 890 1428 918 quoscunque
1458 882 1542 916 alios,
1566 888 1632 908 voce
1655 880 1718 912 hac,

929 932 974 959 Dei
991 931 1119 966 genitrix,
1145 931 1254 965 gaudet,
1283 929 1354 964 apud
1379 936 1422 956 tne
1439 926 1511 955 nulla
1536 931 1577 955 est
1594 927 1627 954 de
1653 932 1720 954 voce

929 978 1082 1006 dissensio:
1097 982 1206 1004 tantum
1225 983 1259 1004 tte
1271 974 1409 1010 Virginem
1427 974 1506 1002 deam
1538 971 1649 1001 faciat.l

1266 1031 1344 1060 CAP.
1357 1031 1392 1059 Χ.

929 1119 931 1121 ,
966 1090 1069 1118 linrsus
1100 1089 1179 1117 nobis
1207 1089 1380 1122 conviciaris,
1404 1094 1432 1116 et
1461 1088 1660 1116 amarulcnlum
1688 1095 1720 1115 οι

928 1137 1029 1171 inligis.
1051 1136 1201 1170 exprobras
1216 1136 1299 1164 etiam
1320 1135 1449 1163 Ecclesiae
1465 1135 1583 1168 Domini,
1607 1139 1636 1162 ul
1651 1134 1720 1162 scri-

929 1189 1002 1218 ptttttt
1018 1187 1060 1210 est
1075 1183 1120 1210 "‘3
1135 1182 1235 1210 Verum
1266 1189 1327 1215 nos,
1345 1190 1362 1209 ο
1377 1182 1419 1209 vir
1431 1182 1549 1217 egregie,
1575 1181 1621 1216 qui
1647 1181 1720 1208 illaut

930 1230 976 1257 Dei
994 1229 1154 1264 genitricem
1167 1230 1293 1260 dicimus.
1309 1229 1444 1256 neminem
1458 1235 1578 1261 unquam
1593 1227 1638 1262 qui
1651 1227 1722 1254 inter

928 1281 1069 1303 creaturas
1085 1280 1254 1308 censeretur,
1277 1275 1361 1302 Deum
1380 1273 1515 1305 fecimus;
1542 1277 1623 1307 atque
1650 1272 1722 1300 hunc

928 1329 1032 1349 morctn
1058 1327 1191 1355 tenemus,
1216 1326 1247 1349 ιιι
1274 1320 1359 1349 Deum
1388 1320 1508 1348 sciamus
1544 1319 1619 1346 illntn
1637 1326 1721 1346 unum

929 1374 956 1396 et
987 1373 1085 1396 natura
1108 1373 1137 1395 et
1162 1375 1226 1396 vere
1244 1367 1329 1395 Deum
1347 1376 1355 1394 :
1370 1367 1473 1394 scimus
1503 1366 1588 1394 etiam
1614 1365 1721 1393 beatam

930 1415 1002 1442 illattt
1030 1415 1168 1450 Virginem
1197 1414 1333 1442 hominem
1358 1413 1442 1441 fuisse
1475 1412 1559 1440 nostri
1590 1412 1720 1440 similent.

930 1461 984 1488 Scd
1003 1461 1059 1496 ipse
1073 1468 1122 1488 nec
1136 1461 1221 1488 multo
1236 1464 1298 1495 post
1319 1459 1531 1494 deprehenderis
1555 1459 1643 1493 ipsum
1660 1457 1723 1484 Em-

931 1505 1081 1533 manuelem
1110 1505 1247 1533 hominem
1283 1504 1361 1532 ttobis
1389 1503 1526 1531 Deiferum
1565 1502 1724 1537 praedicare,

934 1557 1095 1586 tuorumque
1121 1556 1344 1586 argumentorum
1367 1549 1620 1577 condemnationem
1645 1545 1724 1575 alter’.

932 1597 1061 1624 tribuere.

1037 1671 1242 1718 TOMUS
1278 1671 1612 1716 SECUNDUS.
1642 1715 1647 1721 ,

968 1749 1016 1777 Est
1025 1748 1125 1784 lingua,
1143 1747 1215 1775 sicut
1232 1746 1362 1781 scriptum
1381 1750 1422 1773 est
1435 1745 1469 1778 "‘,
1488 1745 1566 1780 ignis,
1592 1749 1620 1772 et
1643 1744 1726 1772 effre-

930 1799 1026 1822 naluttt
1049 1792 1160 1826 ntaltttn,
1185 1791 1263 1825 cujus
1277 1797 1308 1819 ut
1331 1791 1502 1818 incommoda
1519 1791 1619 1818 vitaret
1633 1790 1726 1825 psallit

932 1841 1029 1868 beatus
1042 1838 1125 1866 David
1141 1848 1148 1866 :
1167 1847 1177 1865 ι
1192 1838 1276 1871 Pone,
1291 1838 1414 1870 Domine,
1424 1838 1573 1865 custodiam
1592 1837 1632 1864 ori
1651 1844 1725 1870 meo,

933 1891 961 1914 et
975 1886 1074 1914 ostium
1089 1884 1305 1913 circumstantiae
1327 1883 1405 1911 labiis
1422 1884 1490 1911 meis
1510 1893 1517 1910 :
1534 1891 1586 1910 non
1606 1883 1726 1912 declines

933 1939 982 1960 cor
1003 1939 1092 1959 meum
1109 1931 1135 1958 in
1157 1931 1239 1958 verba
1257 1930 1379 1964 malitiae,
1406 1931 1439 1957 ad
1457 1930 1628 1958 excusandas
1643 1937 1726 1957 excu'

934 1978 1055 2006 sationes
1069 1977 1095 2005 in
1108 1977 1228 2012 peccatis
1243 1976 1278 2004 ".
1295 1985 1306 2003 ι
1325 1975 1392 2003 Nam
1410 1982 1486 2003 recte
1498 1976 1554 2003 oris
1569 1975 1658 2003 ofﬁcio
1675 1976 1725 2009 nti,

933 2029 960 2052 et
974 2023 1095 2058 diligenti
1116 2024 1243 2050 cautione
1262 2022 1398 2049 moderari
1412 2022 1532 2057 linguam
1556 2023 1727 2049 observando

933 2069 998 2104 quid
1014 2068 1157 2096 dicendum
1180 2067 1227 2100 sit,
1250 2067 1306 2102 3o
1325 2067 1389 2102 quid
1406 2067 1585 2099 reticendum,
1604 2067 1725 2094 divinum

933 2114 1013 2150 plane
1039 2121 1137 2140 munus
1148 2118 1202 2144 est.
1227 2118 1256 2141 et
1281 2121 1326 2140 res
1356 2113 1427 2140 haud
1448 2113 1666 2147 parvipcndenda
1693 2111 1727 2139 iis

934 2165 1009 2188 certe
1031 2161 1076 2194 qui
1102 2167 1164 2187 cum
1190 2159 1269 2187 laude
1304 2159 1387 2186 vitam
1413 2159 1512 2187 ducere
1546 2159 1656 2187 student
1675 2169 1682 2186 :
1699 2163 1726 2186 ιιι

934 2211 1039 2238 contra,
1053 2205 1096 2232 illa
1113 2212 1234 2241 preceps
1248 2206 1274 2232 itt
1290 2205 1426 2240 loquendo
1438 2205 1590 2235 temeritas.
1609 2209 1636 2231 et
1647 2203 1726 2231 effre-

934 2257 1014 2279 natus
1026 2253 1059 2278 ad
1081 2259 1167 2286 nugas
1195 2251 1372 2279 elfundeudas
1399 2251 1516 2286 impetus
1538 2249 1659 2285 periculo
1674 2258 1726 2277 non

935 2302 1022 2329 caret,
1035 2303 1063 2325 et
1082 2297 1108 2324 in
1137 2298 1318 2332 prycipitium
1345 2296 1444 2324 ittferni
1467 2297 1589 2323 homines
1606 2303 1638 2323 eo
1651 2304 1727 2324 more

935 2345 1062 2380 praeditos
1086 2344 1184 2372 defert.
1213 2344 1349 2378 Scriptum
1371 2349 1412 2371 est
1436 2343 1529 2374 etiam,
1556 2347 1671 2370 mortem
1695 2349 1727 2369 ac

934 2392 1019 2418 vitam
1034 2398 1094 2418 esse
1112 2391 1138 2417 in
1156 2399 1236 2418 manu
1259 2390 1415 2424 linguauet
1436 2390 1481 2424 qui
1497 2389 1568 2416 illum
1586 2389 1726 2421 cohibent,

935 2438 1017 2465 edere
1032 2436 1136 2465 fructus
1151 2438 1211 2472 ejus
1224 2437 1258 2464 ⁷³.
1274 2436 1349 2463 Alius
1361 2436 1444 2463 etiam
1460 2437 1572 2470 sapiens
1586 2443 1636 2462 nos
1660 2435 1727 2461 allo—

936 2487 1014 2508 cutus
1033 2486 1094 2510 cst:
1121 2491 1130 2508 ι
1152 2481 1179 2509 Si
1198 2490 1291 2509 revera
1310 2486 1352 2509 est
1374 2481 1421 2508 tibi
1445 2489 1535 2508 sermo
1565 2481 1725 2516 prudentim,

937 2531 1090 2563 responde:
1107 2529 1149 2556 sitt
1175 2529 1274 2560 minus,
1297 2535 1393 2554 manus
1410 2528 1445 2554 sit
1459 2527 1491 2554 ad
1518 2535 1548 2555 os
1573 2527 1692 2554 luunt".
1714 2537 1723 2552 ι

938 2574 1004 2601 Nam
1030 2575 1112 2602 stulto
1133 2574 1252 2601 sermoni
1280 2573 1476 2608 praeferendum
1504 2581 1566 2600 esse
1588 2573 1726 2600 silentium

944 2664 971 2691 4.
1010 2664 1033 2680 ⁷⁸
1047 2663 1126 2691 Prov.
1147 2672 1224 2696 xvnt,
1241 2664 1288 2692 2|.
1327 2664 1350 2680 "
1363 2663 1448 2691 Eccli.
1464 2671 1490 2696 ν,
1506 2663 1549 2690 Η.

728 2740 808 2769 ΛΝΤ.
829 2742 966 2770 AGELLII
985 2743 1103 2771 ΝΟΤᾹΞ.

126 2822 176 2856 (l0)
189 2820 215 2848 lu
223 2818 393 2858 Proverbiis
410 2821 454 2844 est
464 2817 514 2856 ltoc
525 2825 619 2847 nomen
634 2819 751 2854 positum
763 2827 823 2856 cap.
853 2828 890 2855 ix,
911 2829 981 2850 νει-ε.
1005 2821 1047 2854 l8,
1061 2820 1105 2850 ubi
1118 2820 1214 2850 Latina
1229 2821 1419 2858 interpretatio
1435 2821 1515 2851 habet
1531 2830 1537 2848 :
1559 2819 1590 2848 Et
1611 2820 1639 2847 in
1650 2820 1720 2854 1ρω-

98 2852 172 2886 [tt/ldis
184 2857 281 2890 inferni
298 2855 427 2883 conviva:
443 2852 508 2886 ejus.
