1883 3054
104 142 132 170 61

652 142 1061 174 ADVERSUS-NESTORIUM
1084 146 1148 174 LIB.
1171 146 1214 175 ll.’

1700 146 1737 179 62

103 199 148 225 καὶ
172 198 215 231 ἐφ’
229 196 306 232 ἡμῶν
325 196 418 223 αὐτῶν
442 198 522 224 νοοῖτ*
540 197 575 224 ἀν
600 198 730 231 είκότως”
749 199 846 235 ἀνθρωλ

992 203 1030 230 ius
1044 202 1124 230 Verbi
1146 203 1298 237 incarnata,
1326 207 1356 231 ttt
1381 204 1478 239 procul
1505 204 1588 233 dubio
1603 206 1629 234 in
1657 208 1735 235 nobis

106 246 154 278 γὰρ
165 241 204 275 εἷς
215 242 322 278 ἀληθῶς
333 243 514 278 συγκείμενος
524 243 553 276 ἐξ
562 244 695 279 ἀνομοίων
707 246 889 281 πραγμάτων,

104 289 187 324 ψυχῆς
200 289 233 324 δὴ
248 288 320 322 λέγω
330 289 378 314 καὶ
392 287 530 323 σώματος.
546 289 788 325 Ἐπισημήνασθαι
797 291 826 317 δὲ
843 291 891 318 xat

106 334 148 360 νῦν
156 334 311 367 ἀναγκαῖον,
328 333 369 359 ὅτι
384 332 414 359 τὸ
428 332 528 360 ἑνωθὲν
536 333 574 368 τῷ
582 333 642 369 Θεῷ
649 334 727 370 Λόγῳ
737 335 826 370 σῶμα,
836 344 890 370 φα-

105 380 152 414 μὲν
158 378 314 413 ἐψυχῶσθαι
325 378 398 414 ψυχῇ
412 378 519 414 λογικῇ,
531 379 725 415 Προσθήσομαι
736 380 765 407 δὲ
779 382 890 408 κάκεῖνο

104 425 251 461 χρησίμως·
267 425 349 460 ἑτέρα
368 425 418 460 μὲν
439 427 493 460 γὰρ
506 425 582 461 παρὰ
603 425 651 452 τὸν
672 427 704 453 ὲκ
718 426 786 453 Θεοῦ
802 427 889 462 Λόγον

104 473 118 506 ὴ
133 470 207 505 σὰρξ,
223 470 297 498 κατά
315 479 348 505 γε
363 471 409 497 τὸν
421 471 471 507 τῆς
488 471 554 503 ίδίας
572 471 681 506 φύσεως
703 471 791 506 λόγον,
809 473 890 507 ἑτέρα

103 519 127 545 δὲ
140 517 217 544 πάλιν
234 516 375 549 οὐσιωδῶς
394 517 412 553 ἡ
428 517 512 544 αὑτοῦ
526 517 573 544 τοῦ
598 517 684 552 Λόγου
700 518 791 553 φύσις.
816 518 889 553 Πλὴν

101 564 124 590 εἰ
143 564 187 590 καὶ
209 564 312 591 νοεῖται
337 563 464 599 διάφορα,
486 566 533 591 καὶ
548 565 588 596 είς
607 565 754 601 ἑτερότητα
771 565 889 602 φυσικὴν

102 608 313 644 διεσχοινισμένα
336 609 370 636 τὰ
380 609 579 645 ώνομασμένα,
594 609 653 636 ἀλλ’
675 608 715 642 εἷς
728 610 758 644 ἐξ
785 611 888 646 ἀμφοῖν

101 657 192 682 νοεῖται
209 655 331 691 Χριστός
343 664 350 670 ·
367 656 429 682 καθ’
446 656 542 683 ἕνωσιν
566 655 655 692 ἀληθῆ
676 656 800 692 ἀλλήλοις
818 665 888 691 συμ-

101 702 260 737 ϐεᾶηκότων,
278 701 408 738 θεότητος
421 710 451 728 τε
471 702 517 729 καὶ
538 702 758 738 ἀνθρωπὸτητος.
784 702 887 738 Ἐμπε-

99 750 135 776 δοί
148 749 174 775 δὲ
198 748 268 784 πρὸς
292 748 372 775 τοῦτο
391 750 465 784 ἡμᾶς
483 749 499 784 ή
525 748 702 780 θεόπνευστος
719 749 825 784 Γραφὴ,
844 749 889 776 διὰ

101 794 197 831 μυρίων
212 794 263 829 μὲν
277 795 351 821 ὅσων
365 795 537 830 πραγμάτων
554 803 584 821 τε
609 795 655 822 καὶ
676 795 764 829 λόγων
775 803 781 809 ·
798 803 887 830 παρα-

99 843 216 877 δείγμασι
237 841 266 868 δὲ
286 841 428 877 χρωμένη,
451 841 486 868 δι’
504 838 542 869 ὦν
557 841 589 868 ἄν
611 849 655 873 τις
671 842 718 868 καὶ
735 841 796 868 λίαν
820 842 887 869 ἀκο-

943 247 1008 282 ipsis
1018 249 1100 275 etiam
1110 250 1302 276 convenienter
1318 249 1488 286 intelligitur.
1517 250 1595 279 Unus
1612 260 1732 287 namque

942 289 1023 318 homo
1034 291 1114 326 plane
1124 298 1164 320 est
1174 300 1206 320 ex
1217 293 1396 322 dissimilibus
1411 296 1503 328 rebus,
1524 302 1558 323 ex
1568 297 1671 331 anima,
1685 298 1728 324 in-

941 345 1038 372 quam,
1054 343 1082 366 et
1095 346 1209 374 corpore
1227 341 1402 375 compositus.
1417 340 1502 369 Porro
1526 342 1591 369 illud
1606 347 1648 369 est
1663 351 1736 371 nunc

940 384 1022 410 etiam
1043 385 1203 418 notandum,
1230 385 1310 413 lateri
1336 394 1386 414 nos
1418 394 1516 421 corpus
1536 387 1603 415 illud
1628 389 1734 416 unitum

941 428 997 457 Deo
1012 430 1112 462 Verbo,
1133 431 1217 459 fuisse
1242 433 1333 459 anima
1347 433 1473 460 rationali
1487 434 1647 462 animatum.
1667 435 1734 462 Illud

940 483 1047 511 quoque
1065 477 1135 504 haud
1148 478 1321 506 incommode
1331 478 1493 512 addiderim,
1506 480 1586 507 aliam
1596 488 1657 508 esse
1670 488 1731 508 car-

940 529 1001 548 nem
1025 530 1040 549 a
1056 522 1113 550 Deo
1142 523 1233 551 Verbo
1259 524 1341 560 (quod
1357 525 1391 552 ad
1411 533 1466 553 sum
1483 530 1587 553 natura:
1601 527 1733 553 rationum

939 565 1058 600 attinet),
1075 567 1213 601 aliamque
1230 576 1325 596 rursus
1344 569 1526 597 essentialiter
1551 571 1635 604 ipsam
1650 570 1733 599 Verbi

940 617 1075 639 naturam.
1095 612 1149 640 Sed
1165 615 1290 648 quamvis
1315 614 1371 642 haec
1396 615 1507 643 dilIerre
1534 616 1732 652 intelligantur,

938 663 966 686 et
982 658 1096 686 naturali
1112 659 1270 687 diversitate
1292 667 1352 688 esse
1383 661 1534 696 disjuncta,
1554 670 1623 690 unus
1638 667 1731 690 tatucn

938 713 970 732 ex
989 710 1105 740 utroque
1124 705 1249 733 Christus
1277 705 1448 742 intelligitur,
1474 708 1536 734 dum
1565 716 1613 743 per
1638 715 1732 736 veram

938 751 1073 779 unitatem
1100 752 1190 779 deitas
1212 752 1292 779 simul
1309 756 1336 779 et
1352 753 1507 780 humanitas
1522 754 1639 782 invicem
1665 762 1732 782 con-

937 798 1060 825 veniunt.
1073 797 1100 825 ιιι
1118 798 1170 825 hac
1185 805 1250 825 vero
1266 799 1400 826 sententia
1425 806 1477 826 nos
1494 799 1644 827 innumeris
1671 805 1728 827 tum

938 843 1032 876 factis,
1065 848 1120 871 tum
1153 843 1232 870 dictis
1265 842 1406 879 Scriptura
1441 844 1570 873 divinitus
1600 846 1730 881 inspirata

98 888 146 914 νιτὶ
161 888 228 924 πρός
251 896 289 921 γε
312 887 344 914 τὺ
366 887 496 914 δύνασθαι
520 887 638 914 κατιδεῖν
650 888 682 914 τδ
696 887 814 922 Χριστοῦ
832 896 841 923 ι

990 890 1090 923 lirmat,
1117 890 1164 917 sed
1179 890 1314 925 praecipue
1326 890 1388 917 dum
1414 891 1547 926 exemplis
1571 893 1668 924 utitur,
1683 900 1730 927 per

99 935 199 970 στήριον
226 934 350 962 διελάσει
376 935 480 969 σαφῶς.
507 935 579 970 Ἔφη
608 935 699 962 τοίνυν
716 936 730 962 ὁ
751 935 886 971 μακάριος

98 981 228 1016 προφήτης
250 980 369 1013 Ἡσαΐας
380 989 386 996 ·
404 990 413 1007 ι
429 981 484 1008 Καὶ
498 981 637 1016 ἀπεστάλη
651 981 720 1017 πρός
735 990 770 1016 με
786 981 814 1008 ἓν
831 981 885 1009 τῶν

99 1027 228 1063 Σεραφίμ·
245 1028 296 1054 καὶ
311 1029 346 1062 τῇ
370 1028 443 1063 χειρὶ
460 1026 532 1062 εἶχεν
548 1026 682 1062 ἄνθρακα,
700 1027 730 1054 ὃν
746 1029 777 1064 τῇ
796 1027 884 1054 λαὸίδι

97 1071 182 1097 Fuﬁa»:
193 1070 246 1097 ἀπὸ
257 1070 308 1097 τοῦ
322 1071 525 1107 θυσιαστηρίου,
538 1071 584 1099 καὶ
594 1071 682 1107 ἥψατο
692 1071 739 1100 τοῦ
751 1072 885 1108 στόματός

99 1127 155 1153 μου,
168 1118 214 1144 καὶ
228 1115 309 1143 εἶπεν
320 1126 328 1133 ·
351 1117 417 1144 Ἰδοὺ
430 1118 520 1153 ἥψατο
533 1117 613 1145 τοῦτο
628 1118 682 1145 τῶν
696 1118 809 1153 χειλέων
824 1127 882 1152 σου,

96 1163 138 1190 καὶ
151 1163 243 1197 ἀφελεῖ
261 1162 315 1194 τὰς
332 1163 446 1197 ἀνομίας
463 1171 521 1196 σου,
541 1163 588 1190 καὶ
607 1163 656 1194 τὰς
673 1163 811 1199 ἁμαρτίας
836 1172 883 1190 σου

97 1209 290 1244 περικαθαριεί.
317 1218 328 1234 ι
350 1208 646 1245 Πολυπραγμονοῦντες
666 1209 706 1242 δὲ,
724 1209 761 1241 ὡς
778 1209 828 1242 ἔνι,
852 1209 884 1236 τὸ

95 1256 139 1290 τῆς
157 1255 281 1290 ὁράσεως
298 1255 391 1291 βάθος,
418 1255 468 1290 οὐχ
492 1255 585 1290 ἓτερον
602 1253 671 1283 εἷναί
695 1264 795 1291 φαμεν,
813 1255 883 1291 πλὴν

95 1302 131 1329 ὅτι
146 1302 189 1328 τὸν
213 1301 322 1337 Κύριον
345 1301 426 1337 ἡμῶν
450 1301 553 1337 Ἰησοῦν
576 1301 704 1338 Χριστὸν,
726 1302 772 1329 τὸν
797 1303 826 1328 ὲν
844 1301 883 1337 τῷ

95 1347 269 1382 θυσιαστηρίῳ
288 1346 418 1382 κείμενον
441 1346 566 1382 ἄνθρακα
581 1347 675 1382 νοητόν
688 1356 695 1363 ·
713 1347 756 1382 ἐφ’
777 1344 799 1382 ᾧ
815 1348 881 1384 παρ’

95 1393 164 1428 ἡμῶν
179 1392 326 1425 εὒωδιάζει
348 1392 475 1428 θυμίαμα
505 1393 543 1429 τῷ
566 1392 625 1428 Θεῷ
648 1393 696 1420 καὶ
718 1393 822 1429 Πατρί·
848 1394 882 1421 δι’

93 1438 166 1466 αὐτοῦ
190 1438 244 1474 γὰρ
269 1438 326 1474 τὴν
351 1438 535 1474 προσαγωγὴν
551 1438 719 1474 ἐσχήκαμεν,
742 1438 832 1466 δεκτοί
852 1439 882 1466 τέ

95 1486 178 1520 ἐσμεν,
193 1484 243 1517 τὰς
259 1484 455 1520 πνευματικὰς
477 1483 619 1516 τελοῦντες
634 1484 772 1520 λατρείας.
797 1482 883 1517 Οὗτος

95 1530 173 1557 τοίνυν
186 1531 200 1557 ό
219 1528 327 1564 ἄνθραξ
352 1529 366 1555 ὸ
388 1529 468 1560 θεῖος.
492 1528 557 1555 ὃταν
572 1528 675 1564 ἅψηται
691 1528 746 1555 τῶν
768 1527 881 1564 χειλέων

939 943 998 971 qua!
1013 936 1143 963 facillime
1155 936 1271 971 quisque
1288 937 1321 963 ad
1337 935 1436 963 Christi
1451 937 1610 972 mysterium
1623 938 1729 973 perspi-

939 989 988 1009 cue
1012 982 1215 1016 intelligendum
1243 981 1354 1009 tendere
1385 982 1482 1016 possit.
1520 981 1619 1010 Beatus
1649 983 1730 1018 igitur

938 1027 1067 1061 propheta
1090 1027 1174 1054 Isaias
1201 1027 1259 1055 ait:
1285 1036 1294 1053 ι
1316 1027 1349 1054 Ει
1367 1028 1464 1054 ntissus
1480 1031 1522 1055 est
1547 1028 1579 1055 ad
1598 1036 1641 1056 me
1658 1036 1729 1056 unus

938 1073 971 1100 de
983 1074 1137 1108 Seraphim,
1155 1080 1182 1101 et
1196 1075 1221 1101 in
1239 1082 1319 1101 manu
1341 1074 1459 1102 habebat
1477 1074 1633 1107 carbonem,
1648 1083 1729 1110 quem

937 1118 1041 1154 forcipe
1053 1124 1196 1154 acceperat
1224 1128 1256 1148 ex
1273 1120 1364 1152 altari,
1380 1124 1408 1147 et
1429 1120 1519 1155 tetigit
1533 1128 1563 1148 os
1587 1128 1686 1154 laeum,
1702 1127 1729 1149 et

937 1164 1007 1191 divit
1025 1173 1031 1191 ε
1046 1164 1115 1192 Ecce
1133 1165 1221 1201 tetigit
1241 1166 1292 1193 hoc
1313 1165 1383 1192 labia
1395 1170 1450 1197 tua,
1464 1171 1491 1193 et
1506 1166 1611 1194 auleret
1628 1167 1728 1201 iniqui-

938 1212 1008 1235 tates
1037 1212 1106 1239 tuas,
1137 1214 1164 1235 et
1180 1210 1299 1244 expiabit
1326 1215 1437 1245 peccata
1465 1215 1510 1237 tua
1523 1210 1556 1236 ⁸³.
1576 1220 1585 1237 ι
1609 1211 1730 1239 Visionis

937 1253 1018 1288 hujus
1043 1254 1255 1289 profunditatem
1277 1260 1307 1282 ut
1331 1255 1404 1283 vires
1433 1255 1523 1283 ferunt
1542 1257 1728 1292 exquirentes,

937 1298 991 1334 32
1005 1307 1058 1326 non
1076 1299 1149 1328 aliud
1168 1301 1218 1328 nisi
1237 1301 1380 1328 Dominum
1399 1306 1522 1329 nostrum
1537 1302 1629 1329 Jesum
1648 1302 1730 1330 Chri-

936 1350 1009 1372 stum
1034 1353 1096 1373 esse
1122 1346 1238 1374 dicimus
1265 1346 1418 1381 spiritalem
1446 1346 1521 1374 illum
1539 1339 1728 1375 carbonem‘in

936 1391 1014 1418 altari
1027 1392 1156 1426 positum,
1181 1400 1263 1427 super
1290 1400 1344 1427 quo
1369 1393 1518 1429 thymiama
1531 1393 1587 1421 Deo
1608 1401 1639 1420 at:
1653 1393 1728 1421 Patri

935 1443 950 1463 a
967 1436 1045 1464 nobis
1059 1436 1185 1465 adoletur
1197 1446 1204 1465 :
1218 1445 1265 1472 per
1281 1438 1369 1472 ipsum
1384 1439 1456 1466 enim
1473 1446 1613 1466 accessum
1626 1439 1726 1466 habui-

936 1490 1006 1514 mus,
1034 1487 1063 1511 et
1092 1483 1243 1518 spiritalem
1276 1484 1378 1511 cultum
1409 1490 1593 1520 exsequentes
1620 1486 1726 1520 accepti

935 1535 1039 1556 sumus.
1053 1528 1102 1556 Hic
1118 1529 1209 1564 itaque
1222 1530 1305 1557 carbo
1319 1529 1428 1558 divinus
1452 1530 1496 1558 ubi
1524 1530 1679 1558 accedentis
1692 1530 1726 1557 ad

96 1585 135 1603 σου
153 1575 206 1612 [ισ.
221 1575 283 1612 τοῦ]
302 1575 464 1610 προσιόντος
483 1574 567 1609 αὐτῷ,
581 1574 782 1610 διεσμηγμένον
797 1574 839 1602 εὺε

985 1574 1045 1602 abia
1058 1575 1188 1610 tetigerit,
1198 1575 1268 1603 illico
1278 1576 1406 1603 mundum
1418 1576 1521 1608 reddet,
1532 1581 1613 1611 atque
1621 1577 1725 1611 peccati

94 1623 218 1657 ἀποφανεῖ
243 1622 292 1649 καὶ
315 1622 429 1656 ἁπάσης
445 1621 581 1657 ἁμαρτίας
595 1621 768 1657 ὴμοιρηκότα
783 1630 881 1648 παντε-

95 1668 149 1702 λῶς.
164 1669 298 1696 ’Δπτεται
312 1668 344 1696 δὲ
366 1668 428 1695 τινα
448 1667 547 1702 τρόπον
559 1667 613 1694 τῶν
630 1669 659 1694 ὲν
675 1668 740 1703 ἡμῖν
753 1667 878 1703 χειλέων,

93 1715 183 1748 διδάξει
196 1713 284 1749 λέγων
304 1715 321 1741 ό
340 1714 475 1749 μακάριος
490 1713 611 1746 Παῦλος·
630 1723 640 1740 ι
668 1713 767 1748 Ἐγγύς
784 1722 829 1740 σου
849 1714 880 1740 τὸ

95 1759 162 1795 ῥῆμά
183 1759 256 1785 ἐστιν
281 1759 312 1785 ὲν
339 1758 378 1793 τῷ
402 1757 517 1792 στόματί
537 1765 583 1784 σου
603 1757 650 1784 καὶ
675 1759 704 1784 ἐν
725 1759 758 1793 τῇ
781 1757 879 1793 καρδίᾳ

94 1813 150 1833 σου·
163 1806 204 1833 ὅτι
219 1805 267 1832 ἐὰν
291 1805 377 1840 εῐπῃς
400 1805 429 1831 ὲν
445 1803 485 1839 τῷ
507 1804 621 1840 στόματί
646 1813 702 1837 σου,
720 1804 761 1831 ὅτι
777 1804 880 1839 Κύριος

98 1851 214 1887 Ὶησοῦς’
231 1852 280 1878 καὶ
306 1850 460 1888 πιστεύσῃς
483 1851 512 1876 ὲν
534 1852 567 1886 τῇ
593 1851 692 1886 καρδίᾳ
720 1859 778 1882 σου,
802 1851 842 1878 ὅτι
865 1851 879 1877 ό

92 1898 150 1930 Θ;δ;
165 1897 246 1925 αὑτὸν
256 1898 374 1934 ἦγειρεν
386 1897 419 1923 ὲκ
435 1896 550 1933 νεκρῶν,
566 1896 695 1932 σωθήσῃο
712 1896 812 1932 καρδίᾳ.
825 1896 878 1932 γὰρ

94 1944 240 1971 πιστεύεται
263 1944 306 1976 είς
322 1942 509 1978 δικαιοσύνην
531 1943 646 1977 στόματι
663 1942 692 1969 δὲ
707 1943 878 1978 ὁμολογεῖται

92 1991 127 2022 εὶς
142 1990 287 2025 σωτηρίαν.
309 1999 321 2015 ι
346 1988 479 2024 ’Δνορακι
497 1988 526 2015 δὲ
546 1988 752 2023 παρεικάζεται,
777 1988 820 2015 διά
836 1996 877 2015 τοι

91 2036 118 2062 τὸ
140 2036 170 2062 ἐκ
195 2035 268 2062 δυοῖν
299 2034 423 2062 νοεῖσθαι
453 2034 500 2061 καὶ
529 2033 663 2069 ἀνομοίων
688 2032 876 2069 πραγμάτων·

93 2082 184 2117 συνόδῳ
198 2090 230 2116 γε
248 2081 305 2116 μὴν
323 2082 355 2116 τῇ
380 2080 451 2107 κατά
473 2079 600 2114 ἀλήθειαν
617 2078 758 2113 μονονουχὶ
775 2078 878 2104 συνδεῖ-

92 2127 147 2154 σθαι
162 2126 228 2162 πρὸς
242 2126 344 2152 ἕνωσιν
356 2134 364 2141 ·
385 2125 536 2156 είσδεδυκὺς
551 2124 605 2160 γὰρ
619 2123 658 2159 τῷ
676 2123 747 2159 ξύλῳ
763 2123 792 2150 τὸ
811 2123 876 2159 πῦρ,

91 2174 127 2205 εἰς
141 2173 241 2200 οίκείαν
257 2171 326 2199 αὐτὸ
345 2171 546 2207 μεταστοιχειοῖ
561 2170 662 2206 τρόπον
680 2169 740 2196 τινὰ
754 2170 832 2203 δόξαν
847 2179 877 2197 τε

92 2220 134 2246 καὶ
145 2219 267 2254 δύναμιν,
285 2217 378 2244 καίτοι
393 2217 545 2253 τετηρηκὸς
564 2217 632 2251 ὅπερ
647 2213 692 2251 ἧν.
711 2215 876 2252 Μαργαρίτῃ

91 2265 117 2292 δὲ
127 2265 204 2293 νΑλιν
219 2263 318 2291 ἑαυτὸν
333 2264 462 2298 ἀφομοιοῖ
475 2262 561 2296 λέγων
577 2263 591 2289 ὁ
603 2261 706 2297 Κύριος
726 2261 803 2297 ἡμῶν
822 2262 876 2297 Ἰη-

91 2310 148 2342 σοῦς
161 2311 278 2346 Χριστός
289 2318 297 2325 ⁸
317 2319 327 2335 ι
354 2309 452 2344 Ὁμοία
470 2309 544 2335 ἐστὶν
560 2309 577 2344 ἡ
593 2307 717 2344 βασιλεία
726 2308 781 2334 τῶν
794 2308 877 2342 οὐρα-

90 2357 138 2383 νῶν
151 2356 285 2392 ἀνθρώπῳ
299 2355 415 2391 ἐμπύρῳ
427 2353 551 2390 ζητοῦντι
569 2353 668 2385 καλοὺς
690 2353 874 2389 μαργαρίτας·

90 2402 170 2436 εὑρὼν
186 2402 213 2429 δὲ
231 2403 283 2429 ἕνα
298 2401 450 2436 πολύτιμον
476 2399 659 2436 μαργαρίτην,
677 2399 802 2427 ἀπελθὼν
826 2401 875 2426 πέ-

90 2457 187 2484 πραχεν
199 2448 250 2475 ὃσα
268 2445 340 2483 εἶχε,
364 2447 413 2474 καὶ
427 2446 560 2482 ἠγόρασεν
575 2446 666 2472 αὐτόν.
689 2455 698 2471 ι
722 2446 827 2472 ’Δκούω
847 2446 876 2473 δὲ

91 2495 133 2521 καὶ
147 2494 244 2529 ἑτέρως
262 2493 361 2520 ἑαυτὸν
381 2493 448 2527 ἡμῖν
470 2491 693 2522 καταδεικνύντος
718 2491 765 2517 καὶ
780 2491 874 2525 λέγον-

90 2548 131 2572 τος
140 2548 147 2555 ·
163 2548 172 2565 ι
191 2539 262 2574 Ἐγὼ
272 2538 354 2570 ἄνθος
364 2537 412 2564 τοῦ
426 2537 528 2569 πεδίου,
540 2537 631 2573 κρίνον
641 2536 695 2564 τῶν
707 2536 847 2564 κοιλάδων.
862 2546 872 2561 ι

92 2587 162 2620 Ἔχει
188 2585 239 2621 μὲν
259 2585 317 2620 γὰρ
335 2585 364 2611 ὲν
393 2582 447 2618 ίὸίᾳ
464 2581 542 2616 φύσει
566 2582 615 2619 τὴν
641 2582 780 2618 θεοπρεπῆ
807 2582 876 2617 λαμ-

90 2631 202 2668 πρότητα
221 2630 270 2658 τοῦ
287 2629 358 2657 Θεοῦ
380 2629 429 2656 καὶ
442 2627 549 2665 Πατρός
559 2637 567 2644 ·
591 2628 735 2661 εὐωδιάζει
751 2629 779 2655 δὲ
795 2629 876 2655 πάλιν

90 2678 163 2704 αὐτὸν
182 2677 237 2714 lto.
255 2676 366 2713 αὺτδς],
380 2676 454 2703 κατά
467 2683 510 2711 γε,
535 2676 617 2712 φημὶ,
640 2675 689 2711 τὴν
710 2676 808 2711 νοητὴν
821 2675 851 2701 εὑ
865 2690 877 2695 -

90 2723 189 2755 οσμίαν.
218 2723 328 2758 Ὥσπερ
357 2723 458 2753 τοίνυν,
486 2722 530 2748 ὲπί
553 2730 583 2748 τε
616 2722 663 2749 τοῦ
695 2721 875 2757 μαργαρίτου,

91 2768 201 2804 καὶμὴν
224 2768 275 2795 καὶ
297 2768 349 2795 τοῦ
375 2768 480 2797 κρίνου.
508 2769 604 2794 νοεῖται
630 2768 719 2803 μέντοι
745 2768 825 2803 σῶμα
846 2767 878 2794 τὸ

123 2858 143 2874 ⁸³
154 2858 203 2886 Ιδα.
219 2866 257 2892 vt,
275 2856 304 2892 6,
320 2857 349 2884 '7.

894 2249 916 2277 D

932 1621 1023 1649 omnis
1049 1627 1161 1656 prorsus
1180 1626 1331 1656 expertem.
1359 1621 1411 1649 Sed
1442 1621 1513 1650 labia
1542 1627 1634 1650 nostra
1656 1630 1726 1658 quo-

933 1675 995 1694 nam
1023 1667 1104 1694 modo
1126 1667 1278 1702 contingat,
1304 1668 1381 1695 docet
1412 1667 1508 1695 beatus
1539 1667 1639 1695 Paulus
1664 1675 1725 1695 cum

932 1711 1021 1740 dicit:
1039 1720 1049 1737 ι
1075 1711 1164 1746 Prope
1202 1716 1226 1739 te
1241 1716 1284 1739 est
1304 1712 1416 1740 verbum
1445 1712 1472 1739 in
1497 1719 1544 1739 ore
1570 1716 1626 1742 tuo,
1651 1716 1679 1738 et
1698 1712 1725 1738 in

932 1757 1014 1786 corde
1032 1762 1078 1785 tuo
1095 1758 1178 1792 :quia
1189 1757 1210 1784 si
1224 1757 1326 1785 dixeris
1343 1757 1370 1784 in
1388 1765 1436 1784 ore
1452 1761 1496 1784 tuo
1508 1757 1570 1792 quia
1593 1757 1725 1784 Dominus

931 1804 1022 1836 Jesus,
1036 1808 1063 1830 et
1079 1804 1229 1831 credideris
1247 1804 1273 1830 in
1293 1804 1376 1831 corde
1392 1809 1438 1831 tuo
1463 1803 1527 1838 quia
1554 1803 1628 1831 Deus
1651 1803 1725 1830 illurn

931 1851 1073 1878 Suscitavit
1087 1859 1101 1878 ιι
1120 1850 1246 1881 mortuis,
1269 1850 1361 1878 salvus
1378 1851 1444 1878 eris.
1472 1850 1560 1878 Corde
1577 1850 1650 1878 enim
1666 1858 1726 1877 cre-

932 1898 1004 1924 ditur
1020 1897 1053 1924 ad
1064 1897 1210 1931 justitiam,
1226 1905 1273 1924 ore
1289 1901 1378 1924 autem
1403 1896 1538 1924 confessio
1556 1896 1586 1923 lit
1606 1896 1639 1923 ad
1651 1897 1725 1923 salu-

932 1949 984 1971 tem
994 1943 1028 1971 ⁸⁵.
1043 1953 1052 1969 ι
1065 1943 1169 1970 Dicitur
1182 1947 1270 1970 atttem
1285 1942 1397 1970 carboni
1410 1942 1567 1978 persimilis,
1578 1947 1723 1977 propterea

931 1990 1002 2025 quod
1020 1997 1053 2017 ex
1063 1989 1168 2017 duabus
1186 1997 1218 2017 ac
1236 1989 1414 2016 dissimilibus
1441 1989 1523 2016 rebus
1549 1988 1722 2023 intelligitur,

931 2036 978 2064 sed
995 2036 1031 2063 ita
1045 2035 1193 2063 secundum
1218 2037 1359 2063 veritatem
1381 2035 1618 2067 convenientibus,
1649 2039 1676 2061 ut
1697 2035 1722 2061 in

932 2082 1063 2109 unitatem
1095 2081 1288 2116 propemodum
1316 2080 1524 2116 conjungantur.
1551 2079 1624 2115 Ignis
1650 2081 1723 2107 cnim

931 2129 975 2155 ttbi
996 2128 1097 2163 lignum
1120 2128 1281 2163 penetrarit,
1302 2127 1365 2154 illud
1381 2127 1406 2154 in
1424 2135 1500 2155 suain
1527 2126 1614 2161 ipsius
1640 2125 1723 2153 clari-

932 2179 1012 2202 tatem
1037 2182 1069 2202 ac
1094 2174 1166 2200 vires
1192 2173 1335 2206 transl‘crt,
1355 2181 1388 2200 eo
1417 2177 1507 2200 tamen
1525 2177 1634 2199 servato
1651 2172 1722 2206 quod

931 2225 998 2246 erat.
1012 2219 1165 2255 Margarin
1176 2227 1206 2246 se
1219 2227 1312 2246 rursus
1326 2222 1466 2254 comparat
1479 2217 1610 2246 Dominus
1629 2222 1723 2245 noster

929 2264 1008 2292 Jesus
1029 2265 1153 2292 Christus
1175 2273 1236 2292 cum
1266 2264 1353 2292 dicit:
1373 2273 1383 2290 ι
1413 2263 1508 2291 Simile
1536 2267 1579 2291 est
1604 2270 1718 2298 regnum

929 2311 1058 2338 ccelorum
1071 2309 1172 2337 homini
1187 2309 1348 2344 negotiatori
1369 2308 1500 2343 quaerenti
1516 2308 1602 2335 bonas
1616 2308 1722 2341 marga-

930 2357 997 2383 ritas
1014 2365 1021 2383 :
1041 2356 1147 2383 inventa
1164 2361 1253 2383 autem
1270 2363 1320 2381 una
1342 2354 1459 2389 pretiosa
1474 2353 1632 2387 margarita,
1649 2353 1722 2379 vadit

929 2407 956 2428 et
973 2401 1066 2428 vendit
1088 2402 1213 2429 universa
1235 2409 1295 2436 qum
1319 2400 1410 2431 habet,
1431 2403 1458 2426 et
1479 2399 1545 2426 emit
1560 2398 1631 2425 illam
1650 2398 1685 2425 ⁸⁸.
1708 2407 1718 2424 ι

928 2447 989 2474 ΑΙἰο
1013 2454 1121 2482 quaque
1140 2447 1220 2473 modo
1233 2447 1306 2473 illiim
1321 2453 1382 2472 sese
1403 2444 1480 2472 nobis
1501 2444 1621 2472 indicare
1640 2444 1721 2471 audio

929 2491 1084 2519 dicentem:
1103 2501 1112 2518 ι
1130 2492 1185 2527 Ego
1198 2491 1247 2518 llos
1258 2491 1356 2526 campi,
1371 2491 1456 2517 lilium
1476 2490 1638 2518 convallium
1650 2491 1683 2517 “.
1707 2500 1717 2516 ι

928 2537 994 2565 Cum
1007 2538 1114 2565 euimin
1134 2546 1182 2565 sua
1195 2542 1290 2564 natura
1315 2537 1433 2564 divinam
1458 2536 1610 2564 claritatem
1624 2536 1671 2564 Dei
1687 2544 1720 2564 ac

928 2583 1018 2610 Patris
1043 2584 1152 2616 habeat,
1178 2583 1248 2611 idem
1277 2588 1406 2616 praeterea
1422 2583 1508 2618 spirat
1528 2583 1638 2610 odorem
1655 2591 1718 2610 sua-

930 2630 1071 2657 veolentizn
1100 2629 1239 2664 spiritalis.
1266 2629 1300 2656 Ut
1325 2636 1390 2663 ergo
1413 2629 1439 2656 in
1463 2628 1621 2663 margarita,
1638 2633 1719 2662 atque

930 2675 1013 2702 etiam
1036 2675 1103 2706 lilio,
1128 2674 1253 2708 quantivis
1267 2673 1417 2708 subjectum
1435 2673 1488 2701 illis
1516 2680 1614 2708 corpus
1631 2673 1719 2705 perci-

931 2721 1031 2755 piatur,
1050 2720 1159 2747 ciaritas
1174 2725 1263 2746 tamen
1289 2727 1336 2746 seu
1354 2720 1421 2747 odor
1433 2727 1466 2747 ex
1482 2719 1589 2753 propria
1615 2719 1719 2746 ratione

930 2767 1030 2794 abillis
1055 2766 1154 2802 quibus
1169 2766 1272 2798 insunt,
1286 2771 1414 2801 tanquam
1432 2765 1540 2794 diversa
1557 2769 1717 2798 noscuntur,

389 2856 412 2871 ει
428 2855 503 2882 lium.
522 2863 548 2888 λ,
565 2857 643 2884 ε-ιυ.
686 2857 709 2872 ⁸⁸
721 2856 818 2885 Matth.
832 2865 894 2890 xm,
912 2856 956 2889 45,
974 2857 1016 2885 16.
1065 2857 1088 2873 “
1102 2857 1132 2885 Ct

525 2863 548 2888 ι,
565 2857 643 2884 ε-ιυ.
686 2857 709 2872 ⁸⁸
721 2856 818 2885 Matth.
832 2865 894 2890 xm,
912 2856 956 2889 45,
974 2857 1016 2885 16.
1065 2857 1088 2873 “
1102 2857 1180 2885 Cant.
1198 2864 1226 2890 tt,
1245 2855 1268 2884 Ι.
