1883 3054
683 131 713 159 8.
733 133 870 163 ονιιιιιι
890 137 1006 167 ALEXA

168 182 215 208 sed
242 181 362 211 vicissim
390 192 499 221 propria
525 193 589 216 sunt
603 189 772 226 habentium,
788 202 842 223 non
858 196 894 224 ab
917 198 956 226 eis
970 201 993 231 Α

167 227 266 260 aliena,
277 237 337 256 cuin
351 231 376 258 in
392 231 671 267 illisinseparabiliter
683 238 805 267 haereant
819 250 825 267 :
837 243 870 269 ad
882 251 958 271 cum-

167 274 228 300 dem
241 281 350 310 quoque
374 278 482 305 modum
499 280 532 306 de
555 280 732 311 Emmanuele
749 285 808 320 ipso
825 289 904 316 nobis
917 295 959 318 est

165 320 376 350 existimandum
393 331 425 351 ac
445 326 628 356 sentiendum.
645 329 755 359 Natura:
777 340 896 370 namque
912 343 957 363 ra-

167 366 242 394 tione
265 367 372 395 diversa
398 376 461 398 sunt
488 372 615 401 divinitas
636 379 662 402 ct
682 384 745 404 caro
763 386 772 405 ι
791 379 838 406 sed
859 388 957 416 corpus

167 411 251 442 Verbi
274 419 411 451 proprium
439 425 508 450 erat,
531 429 616 455 neque
637 423 788 458 sciunt-tum
807 435 822 454 a
843 435 956 463 corpore

165 456 230 484 illud
242 459 345 487 unitum
361 463 467 496 corpori
487 463 601 492 Verbum
619 476 626 494 :
643 467 713 495 haud
723 471 795 498 enim
817 473 898 501 aliter
911 476 954 503 in-

166 502 288 538 telligere
310 505 351 533 l'as
371 512 413 534 est
435 507 652 545 Emmanuelem,
680 514 706 542 id
729 522 781 549 est,
809 517 954 549 Nobiscum

166 546 247 576 Deus.
275 549 370 585 Itaque
400 560 593 590 nonnunquam
607 563 635 584 ut
662 560 752 593 homo,
774 568 802 590 et
824 572 857 592 ex
877 574 954 594 tuen-

165 600 229 621 snra
257 603 313 623 suae
341 599 535 629 exinanitionis
569 604 688 638 seipsum
710 608 788 636 nobis
819 611 953 648 indicans,

910 639 950 648 η.

164 639 294 669 dicebat:
319 652 329 669 ‹
348 643 434 672 Nemo
451 647 520 674 tollit
543 650 662 678 animam
691 660 778 681 meam
794 663 809 682 a
828 660 919 691 me";
941 669 950 686 ι

164 684 310 720 aliquando
330 696 424 717 rursus
442 696 568 726 tanquam
586 694 656 724 Dens
675 698 803 733 Verbum,
825 707 852 730 et
867 693 952 740 utqui

166 729 196 740 ,A
305 732 356 740 --

797 729 802 733 ,
846 729 850 730 ,
909 729 950 740 Γ.

163 729 197 756 de
211 731 291 764 ctelo,
304 732 357 768 33
373 739 400 761 et
413 744 482 764 unus
499 746 559 765 cum
572 748 620 768 sua
638 750 720 772 carne
732 746 929 783 intelligeretur
943 761 950 779 :

166 785 176 801 ι
190 775 274 805 Nemo
286 781 417 812 ascendit,
434 783 532 818 inquit,
546 786 571 812 iu
589 788 697 822 ctelum,
710 792 763 819 nisi
779 795 824 828 qui
837 795 950 825 descen-

162 822 202 848 dit
218 823 252 851 de
263 825 343 858 coelo,
359 826 445 855 Filius
460 829 576 859 hominis
592 833 625 861 ".
646 845 656 860 ι
680 835 746 864 Cum
767 822 849 874 igitur

162 867 260 896 Filium
276 878 360 899 sacrae
374 873 482 902 Litterae
491 877 608 913 undique
621 880 646 907 in
663 867 794 912 unitatem
812 867 950 923 insepara-
966 876 986 903 Β

161 914 243 942 bilem
258 924 404 954 veramque
419 922 593 958 coniungant,
618 932 644 953 et
659 927 684 954 in
700 937 780 958 uitam
805 940 949 968 personam

162 960 284 996 redigam
298 962 323 989 in
336 963 387 992 llde
398 974 406 998 ;
419 966 463 994 hic
473 973 560 996 tatuen
577 978 659 1000 vanus
668 974 748 1003 homo
760 978 850 1006 tnultis
863 983 950 1010 modis

161 1005 300 1042 disjnngit,
330 1013 356 1036 et
387 1011 517 1042 adversus
551 1017 637 1051 ipsum
663 1027 771 1055 quoque
807 1024 947 1054 Christum

161 1057 263 1081 temere
272 1062 397 1092 nugatur,
411 1058 494 1087 Dettm
511 1064 650 1097 appellans
671 1067 735 1095 illud
750 1078 782 1097 ex
798 1070 879 1101 Patre
896 1075 949 1102 Deo

160 1096 289 1133 Verbum,
306 1106 335 1128 ut
356 1105 464 1137 quidem
486 1096 537 1135 suo
548 1096 613 1137 loco
634 1120 666 1139 ac
692 1119 812 1150 tempore
839 1127 949 1155 progre—

159 1145 236 1173 Ilif'ns
247 1149 334 1174 oratio
355 1149 437 1184 plane
460 1153 576 1184 docebit.
599 1158 715 1187 Simulat
738 1145 812 1191 enim
835 1145 864 1193 se
889 1145 949 1196 rr’ne-

159 1195 244 1224 tuere,
262 1195 437 1230 nequispiam
453 1200 516 1227 dum
533 1209 633 1232 sanctae
651 1205 772 1241 Virginis
794 1215 946 1242 reverentia

158 1239 246 1267 victus
259 1239 330 1268 illam
345 1242 391 1270 Dei
404 1246 562 1280 genitricem
575 1255 857 1285 vocat,confusionem
867 1264 947 1294 atque

158 1285 313 1333 mistioneut
339 1290 554 1320 substantiarum
576 1296 647 1324 inter
669 1306 699 1327 se
717 1300 816 1329 factam
836 1285 944 1339 putains,

576 1320 641 1324 .._._.
669 1320 699 1327 ..ν
717 1320 816 1329 ιιιυιιιυι
836 1320 944 1339 μιιιίιιιυ,

156 1320 284 1360 Ecclesiae
299 1335 421 1370 dogmata
442 1337 578 1375 deturpct,
602 1347 725 1378 quamvis
741 1347 777 1375 ita
794 1357 872 1378 nemo
883 1360 945 1380 sen-

157 1376 206 1403 tiat
219 1386 226 1403 :
241 1379 288 1405 sed
315 1385 344 1406 ut
362 1383 482 1418 corrigat
498 1376 617 1420 scilicet,»
635 1393 664 1416 ut
683 1391 742 1426 ipse
762 1399 847 1429 putat,
862 1404 944 1431 grave

693 1421 698 1426 .
762 1421 768 1427 .
831 1421 847 1429 ν.
862 1421 942 1431 υνυ-

156 1421 206 1449 ltoc
222 1424 332 1458 malum,
352 1434 459 1455 sursum
476 1430 601 1460 deorsum
619 1437 710 1464 omnia
733 1439 838 1473 miscet,
869 1449 942 1471 recta

153 1474 271 1503 veraque
286 1474 420 1500 sententia
439 1475 560 1510 neglecta
580 1487 587 1505 :
609 1480 649 1507 sic
664 1488 781 1517 namque
800 1485 887 1514 dixit:

152 1513 240 1541 καίτοι
263 1516 342 1543 τοῦτο
364 1520 523 1554 φρονοῦντος
540 1524 646 1557 οὐδενός
658 1534 664 1542 ·
683 1527 842 1564 ἐπανορθῶν
860 1532 900 1564 δὲ.
916 1534 954 1567 ὡς
973 1544 987 1562 ο

151 1558 206 1586 τῶν
224 1561 264 1593 είς
285 1562 419 1599 ὀρθότητα
434 1566 481 1593 καὶ
497 1568 626 1604 ἀλήθειαν
641 1558 792 1610 ἀφειδήσας
809 1558 988 1617 ἐννοιιῖονῖνέιρ

190 1605 330 1641 [Νεετοκ.
359 1609 388 1638 Si
411 1611 464 1639 ﬂde
486 1613 600 1650 simplici
626 1605 974 1662 Dei-parant'prolerresJ:

151 1652 223 1679 ttulla
239 1659 310 1681 esset
324 1657 395 1690 apud
410 1665 452 1686 me
462 1659 588 1690 dictionis
605 1652 717 1699 invidia,
735 1652 812 1696 verbi
826 1652 937 1700 sensum

149 1700 338 1734 exquirentem
352 1711 359 1730 :
373 1705 420 1732 sed
432 1706 494 1740 quia
510 1709 588 1736 video
606 1715 631 1737 te
648 1718 780 1746 praetextu
791 1723 855 1751 erga
874 1718 938 1746 bea—

151 1749 203 1771 tatn
216 1745 327 1774 Mariam
340 1748 463 1784 honoris,
478 1752 668 1784 haereticorum
685 1759 849 1789 confirmare
865 1763 937 1791 blas-

150 1789 298 1824 phemiam,
329 1793 390 1822 ideo
410 1796 535 1825 dictionis
553 1800 731 1833 prolationem
757 1810 836 1835 caute
868 1817 938 1844 prte-

150 1836 252 1868 tnunio,
272 1845 333 1866 cum
359 1842 508 1875 periculum
535 1845 560 1871 in
578 1853 610 1872 ea
635 1847 754 1877 dictione
779 1851 867 1881 latens
890 1863 937 1882 su-

148 1886 270 1916 spectum
289 1883 414 1913 habeam.
432 1887 459 1914 Id
481 1894 510 1915 ut
525 1890 626 1919 clarius
642 1893 739 1927 dicam,
754 1901 782 1923 et
796 1897 830 1925 ab
845 1900 935 1928 omni-

148 1926 199 1954 bus
219 1929 321 1964 percipi
342 1930 446 1960 facilius
462 1936 556 1968 possit,
577 1939 623 1972 qni
639 1926 736 1968 Arium
751 1945 845 1971 sectati
860 1950 933 1979 sunt,

147 1972 174 1999 et
191 1972 353 2003 Eunomium
368 1982 396 2004 et
409 1978 619 2016 Apollinarium,
630 1990 657 2012 et
668 1988 789 2016 omnium
801 1990 933 2024 ejusmodi

147 2017 255 2047 familiae
273 2021 412 2051 hominum
428 2025 517 2059 chori,
548 2029 710 2059 studuerunt
731 2032 777 2061 Dei
794 2036 933 2070 genitricis

146 2065 353 2099 appellationem
366 2072 505 2106 invehere,
523 2079 552 2101 ut
572 2075 644 2103 facta
660 2065 932 2114 mistione,vduabus-

145 2117 198 2145 que
211 2114 316 2141 naturis
335 2115 446 2145 minime
461 2119 606 2154 distinctis,
621 2124 686 2152 nihil
701 2134 734 2153 ex
751 2127 793 2156 his
810 2136 869 2163 qua
883 2132 934 2158 uti-

144 2156 211 2184 liora
229 2164 302 2193 sunt,
323 2160 357 2188 de
381 2162 552 2193 humanitate
574 2168 676 2197 dictum
697 2173 878 2209 acciperetur,
899 2185 932 2205 ac

143 2202 219 2231 locus
235 2205 288 2232 illis
308 2206 365 2242 jam
383 2209 514 2240 adversus
529 2213 613 2249 ipsam
631 2216 801 2247 divinitatem
814 2227 929 2256 pateret,

143 2253 272 2283 tanquam
297 2253 387 2281 omnia
414 2255 448 2283 ab
476 2264 530 2285 uno
557 2260 723 2296 dicerentur,
744 2272 796 2293 non
825 2268 930 2298 ratione

142 2295 281 2331 dignitatis
304 2305 339 2327 ex
363 2301 420 2336 ipsa
442 2303 634 2337 conjunctione
660 2313 864 2346 consequentis,
883 2316 929 2343 sed
947 2313 970 2341 D

143 2342 227 2376 ipsius
242 2345 346 2373 ratione
364 2353 476 2377 naturze.
497 2350 572 2379 Unus
595 2358 637 2393 est
658 2342 775 2391 namque
793 2358 928 2395 Christus,

141 2392 169 2414 et
185 2396 255 2416 unus
272 2390 411 2426 Dominus,
435 2396 483 2422 sed
503 2397 529 2424 in
542 2390 661 2432 Christo,
678 2400 703 2427 in
724 2403 872 2438 unigenito,
887 2406 929 2433 in-

140 2442 232 2469 qttam,
248 2436 326 2471 Filio,
340 2445 367 2466 et
378 2440 478 2469 Christi
491 2451 587 2471 nomen
601 2451 628 2472 et
643 2445 702 2474 Filii
721 2436 792 2476 nunc
809 2450 841 2477 de
856 2451 926 2479 divi-

140 2481 234 2515 nitate,
249 2491 320 2513 nunc
343 2487 377 2514 de
401 2489 578 2525 humanitate,
594 2500 665 2522 nunc
691 2496 725 2522 de
756 2497 927 2528 humanitate

139 2527 331 2566 divinitateque
347 2533 467 2571 dicitur.]

467 2605 542 2633 CAP.
570 2607 590 2635 Ι.

177 2664 267 2698 Vides,
282 2671 310 2694 ut
331 2669 523 2705 ntultiplicibus
544 2679 743 2708 sententiarum
763 2685 925 2712 commentis

137 2710 220 2744 impie
235 2712 367 2748 variatur,
392 2721 419 2744 et
436 2717 509 2746 illam
533 2723 682 2751 secundum
705 2733 816 2754 carnetn
842 2736 925 2764 gene-

137 2758 269 2785 rationem
289 2759 423 2795 Unigeniti
441 2773 492 2791 non
508 2766 587 2794 aliter
604 2769 719 2798 futuram
740 2773 823 2802 fuisse
840 2783 922 2803 cona-

171 2846 194 2861 ¹⁷
206 2845 283 2876 Joan.
301 2858 326 2885 κ,
343 2851 381 2878 l8.
423 2852 532 2881 “Joan.
550 2855 576 2886 5.
598 2857 637 2884 l5.

1009 140 1126 170 NDRINI
1143 142 1306 174 ARCHIEP.

1009 199 1197 237 ὑποκείμενον,
1215 204 1232 239 ἡ
1261 204 1290 230 δέ
1314 213 1346 239 γε
1371 206 1401 232 ἐν
1425 206 1501 242 αὐτῷ
1524 207 1697 244 λαμπρότης,
1722 210 1811 245 ᾖγουν

1009 245 1107 273 εὐωδία
1125 247 1185 274 κατ’
1201 248 1265 275 [διον
1289 249 1380 284 λόγον,
1403 251 1440 283 ὡς
1456 251 1538 288 ἐτερα
1555 254 1605 288 μὲν
1629 255 1708 290 παρὰ
1724 256 1760 282 τὰ
1777 257 1811 283 ἐν

1008 289 1049 323 οἷς
1062 293 1146 319 εἰσιν·
1165 293 1218 321 ἴδια
1234 295 1263 322 δέ
1279 296 1360 324 πάλιν
1374 298 1463 325 αὐτῶν
1477 300 1524 326 καὶ
1538 300 1588 327 οὐκ
1599 289 1729 337 ἀλλότρια
1750 303 1809 329 τῶν

1007 338 1123 373 ἐχόντων
1147 340 1205 368 ἐστὶ
1220 342 1254 368 τὰ
1270 343 1431 385 (iw-uo;
1453 346 1640 380 ἐμπεφυκότα,
1664 348 1736 375 κατὰ
1758 349 1809 375 τὸν

1007 384 1098 417 αὑτὸν,
1114 383 1204 421 οἶμαι,
1219 383 1326 423 τρόπᾶί
1336 383 1501 426 {oi/omn“
1511 400 1539 418 τε
1555 392 1602 419 καὶ
1617 394 1805 428 φρονήσομεν,

1006 430 1053 456 καὶ
1071 430 1116 456 ἐπι
1132 439 1164 465 γε
1178 431 1225 459 τοῦ
1251 433 1424 470 Ἐμμανουήλ
1437 444 1443 451 ’
1459 436 1566 472 ἑτεροῖα
1590 438 1639 473 μέν
1659 439 1714 474 γὰρ
1730 439 1807 466 κατὰ

1006 476 1055 510 τὴν
1077 477 1169 511 φύσιν,
1193 478 1287 515 θεότης
1304 489 1333 507 τε
1355 481 1402 508 καὶ
1419 482 1504 518 σάρξ·
1524 483 1582 510 ἀλλ’
1607 485 1672 511 ἴδιον
1694 483 1730 521 ἦν
1753 485 1804 512 τοῦ

1005 514 1253 560 Λόγοῖῖἷᾱσῶμα·
1266 514 1316 553 τοῦ
1332 527 1360 554 δὲ
1384 514 1511 563 σώματος
1523 530 1554 556 οὐ
1570 514 1772 567 κεχωρισμένος
1788 533 1804 558 6

1006 568 1116 601 ἐνωθεὶς
1142 569 1218 606 αὐτῷ
1235 572 1339 606 Λόγος·
1363 576 1451 601 νοοῖτο
1474 576 1529 611 γὰρ
1553 573 1603 604 ὧδέ
1626 586 1656 603 τε
1678 578 1726 604 καὶ
1749 579 1803 613 οὐχ

1005 616 1106 652 ἑτέρως
1122 618 1136 644 6
1159 617 1344 656 Ἑμμανουὴλ,
1361 622 1495 654 τουτέστι,
1511 623 1580 651 Μεθ’
1597 625 1676 660 ἡμῶν
1690 627 1705 652 6
1718 627 1800 658 Θεός.

1004 662 1158 698 Τοιγάρτοι,
1181 665 1246 692 ποτέ
1264 666 1314 701 μὲν
1334 668 1372 701 ὡς
1393 668 1545 703 ἄνθρωπος,
1564 672 1611 698 καὶ
1626 672 1658 699 ἐκ
1674 672 1728 700 τῶν
1747 674 1799 708 τῆς

1003 710 1144 742 κενώσεως
1168 711 1276 747 μέτρων
1299 713 1394 741 ἑαυτὸν
1420 716 1487 751 ἡμῖν
1515 717 1625 753 ἐμφανῆ
1650 718 1799 752 καθιστὰς,

1002 755 1137 789 ἔφασκεν·
1158 767 1167 783 ι
1187 758 1281 791 οὐδεὶς
1293 760 1367 795 αίρει
1381 761 1431 797 τὴν
1446 761 1536 798 ψυχήν
1552 772 1603 799 μου
1622 765 1670 792 ἀπ’
1682 766 1752 800 ἐμοῦ
1763 775 1770 781 ·
1784 776 1796 792 ι

1003 802 1067 828 ποτέ
1080 801 1113 838 δὴ
1131 802 1184 839 [Im
1200 803 1241 840 δὲ]
1261 805 1352 839 πάλιν,
1368 806 1405 839 ὡς
1418 808 1484 841 Θεὸς
1499 808 1537 836 ὢν
1551 810 1565 836 6
1580 810 1675 844 Λόγος,
1696 812 1745 839 καὶ
1765 812 1799 845 ἐξ

1002 847 1116 883 οὖρανοῦ
1139 849 1292 884 νοούμενος,
1309 852 1356 879 καὶ
1371 850 1412 885 εἷς
1428 854 1496 889 μετὰ
1518 855 1568 890 τῆς
1593 856 1661 888 ἰδίας
1679 858 1795 894 σαρκὸς,

1006 903 1015 918 ι
1031 893 1126 926 Οὐδεὶς
1140 895 1303 932 ἀναϐέϐηκε,
1319 898 1412 933 φησὶν,
1429 900 1469 931 είς
1484 900 1530 928 τὸν
1544 902 1668 937 οὐρανὸν,
1685 904 1710 930 ει
1726 904 1765 941 μὴ
1779 906 1796 932 6

1002 940 1034 966 ἐκ
1051 940 1098 968 τοῦ
1114 941 1228 977 οὐρανοῦ
1253 944 1385 978 καταϐὰς,
1401 945 1415 972 6
1440 946 1504 979 Υἱὸς
1527 947 1575 974 τοῦ
1599 949 1756 984 ἀνθρώπου.
1782 961 1792 976 ι

1002 985 1171 1021 Πανταχόθεν
1198 987 1287 1016 τοίνυν
1312 991 1352 1021 είς
1379 990 1476 1019 ἕνωσιν
1501 993 1666 1029 ἀδιάτμητόν
1692 1004 1721 1022 τε
1746 998 1796 1023 καὶ

1000 1031 1086 1067 ἀληθῆ
1111 1033 1266 1066 συνδέοντος
1290 1036 1357 1070 ἡμῖν
1381 1037 1427 1064 τοῦ
1454 1038 1527 1074 ίεροῦ
1553 1040 1719 1075 Γράμματος
1745 1043 1795 1068 τὸν

1001 1077 1075 1111 Υὶόν,
1092 1079 1138 1105 καὶ
1160 1081 1201 1112 είς
1225 1081 1369 1117 πρόσωπον
1384 1083 1414 1110 ἐν
1435 1084 1618 1121 ἀποφέροντος
1641 1088 1671 1115 ἐν
1687 1088 1792 1121 πίστει,

1000 1123 1117 1161 διίστησι
1133 1126 1272 1162 πολλαχῶς
1294 1129 1308 1155 6
1325 1130 1451 1165 περιττὸς
1472 1131 1573 1164 οὑτοσὶ,
1598 1133 1646 1160 καὶ
1667 1135 1794 1169 πεφλυα-

1000 1178 1084 1205 ρηκεν
1103 1172 1163 1207 εἰκῆ
1182 1174 1228 1199 καὶ
1244 1174 1325 1201 αὑτοῦ
1341 1175 1388 1202 τοῦ
1412 1177 1543 1212 Χριστοῦ,
1558 1179 1625 1206 Θεὸν
1647 1181 1794 1216 ὀνομάζων

998 1216 1044 1243 τὴν
1059 1218 1091 1244 ἐκ
1109 1217 1176 1245 Θεοῦ
1195 1219 1301 1256 Πατρός
1315 1221 1418 1256 Λόγον⁵
1432 1223 1556 1260 καθάπερ
1570 1225 1666 1258 ἀμέλει
1685 1227 1793 1262 προῖὼν

998 1262 1012 1288 ὁ
1036 1263 1114 1298 λόγος
1136 1265 1267 1299 ἐκδιδάξει
1292 1268 1397 1303 σαφῶς,
1412 1269 1451 1302 ὼς
1474 1271 1503 1297 ἐν
1519 1271 1612 1308 οἰκείῳ
1632 1273 1719 1308 καιρῷ
1739 1275 1789 1316 καὶ

997 1309 1082 1344 τόπῳ.
1103 1311 1318 1340 Ὑποπλάττεται
1335 1314 1383 1350 μὲν
1405 1315 1459 1351 γὰρ
1480 1317 1595 1345 δεδιέναι
1609 1318 1647 1354 μὴ
1668 1319 1723 1355 ἄρα
1746 1313 1791 1352 τις

996 1355 1066 1381 αἰδοῖ
1085 1357 1118 1391 τῇ
1142 1357 1206 1393 περὶ
1222 1358 1272 1394 τὴν
1290 1360 1370 1394 ἁγίαν
1394 1361 1531 1397 Παρθένον
1546 1363 1711 1398 ἡττώμενος,
1728 1363 1791 1393 εἶτα

995 1399 1126 1429 Θεοτόκον
1137 1403 1222 1439 αὐτὴν
1233 1405 1379 1440 ὀνομάσας,
1391 1407 1498 1443 φυρμὸν
1507 1409 1555 1436 καὶ
1564 1410 1726 1446 ἀνάκρασιν,
1738 1412 1789 1448 τὴν

993 1447 1033 1477 εἰς
1046 1447 1164 1483 ἀλλήλας
1176 1451 1258 1485 φημὶ,
1271 1451 1325 1478 τῶν
1339 1452 1517 1481 ὑποστάσεων
1527 1455 1653 1489 γενέσθαι
1661 1447 1786 1492 νομίσας,

993 1492 1048 1518 τῶν
1059 1493 1110 1528 τῆς
1128 1495 1291 1530 Ἐκκλησίας
1305 1497 1448 1534 δογμάτων
1467 1501 1588 1537 καταχέῃ
1605 1502 1636 1529 τὸ
1650 1503 1770 1535 ἀκαλλές
1779 1513 1786 1520 ο

989 1537 1069 1571 ἵεται,
1088 1538 1120 1566 τὸ
1137 1539 1233 1574 δεινὸν,
1249 1543 1305 1570 ἀνω
1319 1551 1350 1570 τε
1367 1545 1414 1572 καὶ
1426 1545 1502 1574 κάτω
1518 1546 1553 1574 τὰ
1571 1548 1661 1575 πάντα
1677 1551 1786 1585 συγχεῖ,

990 1591 1006 1618 η
1022 1583 1075 1619 γὰρ
1092 1584 1178 1618 οὕτως
1189 1594 1196 1602 ·

1027 1629 1071 1666 [El
1087 1632 1156 1667 μετὰ
1173 1633 1290 1666 πίστεως
1307 1635 1405 1672 ἁπλῆς,
1420 1636 1461 1670 τὸ,
1475 1637 1605 1671 Θεοτόκος
1619 1640 1785 1677 προέφερες,

992 1676 1042 1703 οὐκ
1056 1677 1089 1704 ἄν
1106 1686 1148 1705 σοι
1164 1679 1214 1714 τῆς
1231 1680 1330 1714 λέξεως
1343 1682 1490 1718 ἐφθόνησα,
1508 1685 1554 1712 τὸν
1572 1686 1634 1713 νοῦν
1648 1676 1785 1720 ἐξετάζων

991 1721 1037 1747 τοῦ
1052 1722 1183 1757 ῥήματος.
1207 1725 1276 1751 Ἀλλ’
1293 1727 1442 1764 ἐπειδήπερ
1458 1729 1514 1764 ὁρῶ
1530 1738 1560 1757 σε
1577 1732 1715 1767 προφάσει
1733 1733 1783 1769 τῆς

991 1769 1054 1802 περὶ
1068 1769 1118 1803 τὴν
1142 1771 1280 1806 μακαρίαν
1307 1773 1417 1808 Μαρίαν
1438 1775 1532 1811 τιμῆς,
1556 1776 1610 1804 τῶν
1632 1779 1782 1813 αῑρετικῶν

991 1812 1150 1847 βεϐαιοῦντα
1173 1815 1222 1852 τὴν
1237 1816 1423 1853 βλασφημίαν,
1438 1820 1483 1848 διὰ
1497 1820 1576 1848 τοῦτο
1597 1823 1647 1858 τὴν
1664 1812 1719 1859 τῆς
1740 1824 1782 1851 λέ-

991 1856 1057 1890 ξεως
1081 1861 1221 1895 προφορὰν
1238 1862 1422 1900 ὰσφαλίζομαι
1433 1874 1440 1880 ·
1455 1865 1501 1892 τὸν
1515 1866 1544 1893 ἐν
1562 1869 1594 1904 τῇ
1619 1856 1781 1905 λέξει-κρυ-

989 1904 1122 1939 πτόμενον
1139 1907 1259 1934 κίνδυνον
1275 1909 1460 1946 ὑφορώμενος.
1483 1913 1541 1939 Ἴνα
1559 1913 1588 1940 δέ
1609 1915 1675 1941 αὐτὸ
1697 1904 1780 1950 σαξρέ-

989 1958 1093 1987 στερον.
1111 1952 1159 1980 καὶ
1174 1954 1257 1981 πᾶσιν
1277 1956 1474 1994 εὺληπτότερον
1497 1960 1577 1993 εἴπω,
1592 1962 1649 1993 τοῖς
1672 1963 1779 1998 Ἀρείου

988 1996 1034 2022 καὶ
1058 1997 1201 2034 Εὑνομίου,
1226 2001 1274 2028 καὶ
1295 2002 1510 2040 Ἀπολλιναρίου,
1528 2006 1576 2033 καὶ
1590 1996 1710 2034 πάντων-
1722 2011 1778 2041 τοῖς

987 2044 1077 2078 χοροῖς
1091 2044 1146 2071 τῶν
1157 2047 1207 2081 τῆς
1217 2048 1342 2084 τοιαύτης
1355 2051 1472 2086 φατρίας
1482 2052 1583 2088 σπουδῇ
1595 2054 1649 2089 [ῑσ.
1662 2055 1778 2094 σπουδὴ]

986 2088 1117 2117 Θεοτόκον
1133 2092 1262 2128 εἰσάγειν,
1277 2095 1313 2127 ὡς
1337 2097 1462 2132 κράσεως
1477 2088 1632 2135 γινομένης,
1650 2102 1698 2129 καὶ

985 2133 1032 2162 δύο
1046 2136 1153 2170 φύσεων
1169 2138 1206 2175 μὴ
1220 2139 1426 2176 διαιρουμένων,
1441 2143 1524 2179 μηδὲν
1534 2133 1587 2171 τῶν
1600 2133 1722 2173 ἐὐτελῶν
1737 2149 1777 2179 είς

984 2180 1034 2217 τὴν
1053 2183 1249 2221 ἅνθρωπότητα
1266 2186 1470 2222 λαμϐάνεσθαιο
1490 2190 1538 2217 καὶ
1559 2190 1651 2227 χώραν
1676 2193 1776 2225 αὐτοὺς

984 2229 1077 2256 λοιπὸν
1100 2231 1170 2258 κατὰ
1188 2232 1238 2267 τῆς
1258 2233 1384 2269 θεότητος
1407 2235 1490 2271 ἔχειν,
1515 2236 1554 2269 ὡς
1570 2238 1679 2265 πάντων
1695 2239 1775 2274 1570-

986 2277 1073 2311 μένων
1089 2279 1155 2314 παρ’
1170 2279 1241 2311 ἐνὸς,
1257 2280 1287 2306 οὐ
1304 2281 1374 2308 κατὰ
1399 2282 1449 2318 τὴν
1472 2283 1527 2310 ἀπὸ
1548 2284 1597 2319 τῆς
1626 2286 1776 2318 συναιρείας

982 2321 1072 2354 ἀξίαν,
1090 2323 1158 2350 ἀλλὰ
1169 2324 1240 2351 κατὰ
1253 2325 1302 2361 τὴν
1319 2326 1409 2360 φύσιν.
1422 2324 1469 2360 Εἷς
1485 2328 1534 2362 μὲν
1548 2328 1602 2365 γὰρ
1614 2330 1627 2356 ὁ
1642 2330 1773 2364 Χριστὸς,

983 2369 1030 2395 καὶ
1044 2366 1084 2401 εἷς
1103 2370 1218 2406 Κύριος·
1236 2371 1293 2398 ἀλλ’
1307 2372 1353 2399 ἐπὶ
1371 2373 1418 2399 τοῦ
1437 2374 1568 2409 Χριστοῦ,
1590 2375 1637 2402 ἐπὶ
1656 2375 1703 2403 τοῦ
1723 2385 1773 2411 μοι

982 2415 1107 2449 νογενοῦς
1126 2415 1198 2450 λέγω
1213 2416 1290 2450 Υίοῦ,
1306 2419 1353 2446 καὶ
1375 2419 1415 2452 τὸ,
1432 2421 1558 2456 Χριστὸς,
1577 2423 1623 2449 καὶ
1637 2423 1678 2455 τὸ,
1697 2423 1771 2456 Υιὸς.

982 2461 1046 2487 ποτὲ
1076 2461 1126 2496 μὲν
1149 2462 1195 2489 ἐπὶ
1221 2462 1270 2497 τῆς
1297 2463 1433 2500 θεότητος,
1449 2467 1514 2492 ποτὲ
1533 2466 1560 2493 δὲ
1582 2467 1629 2494 ἐπὶ
1649 2468 1699 2503 τῆς
1722 2471 1771 2496 ἀν-

980 2505 1162 2542 θρωπότητος,
1179 2509 1225 2535 καὶ
1245 2509 1370 2545 θεότητος
1385 2510 1440 2547 [ισ.
1459 2512 1524 2539 ποτέ
1540 2513 1568 2540 δὲ
1585 2514 1632 2540 ἐπὶ
1647 2514 1697 2549 τῆς
1723 2516 1771 2542 ἁν-

982 2552 996 2578 θ
1000 2553 1179 2589 ρωπότητος.]

1277 2623 1403 2651 ΚΕΦΛΛ.
1422 2626 1463 2652 A'.

1019 2686 1099 2722 Ὁρᾷς
1115 2687 1189 2720 ὅπως
1215 2689 1394 2725 πολυτρόποις
1419 2692 1532 2720 ἐννοιῶν
1546 2693 1701 2729 εὑρήμασιι
1718 2697 1768 2723 ἀν-

976 2731 1057 2764 οσίως
1068 2735 1319 2769 καταποικίλλεται,
1331 2737 1379 2764 καὶ
1388 2737 1437 2773 τὴν
1451 2739 1522 2765 κατὰ
1536 2739 1627 2775 σάρκα
1638 2741 1769 2778 γέννησιν

976 2778 1024 2805 τοῦ
1038 2779 1215 2815 Μονογενοῦς,
1234 2782 1272 2814 ὡς
1286 2783 1336 2810 οὐκ
1349 2783 1382 2810 ἂν
1402 2784 1504 2820 ἑτέρως
1518 2785 1650 2822 ἐσομένην
1669 2790 1765 2824 πειρᾶ-
