1883 3054
58 156 94 183 85
646 155 801 184 Αῡνεοδι

968 156 1058 184 ’ΝΟΜ
1080 156 1145 185 LIB.
1166 158 1198 185 11.
1679 160 1711 188 οῦ

61 224 105 242 ται
117 214 271 248 δεικνύειν,
290 216 316 242 εί
333 215 372 252 μή
387 224 433 248 τις
448 216 552 251 γένοιτο
566 215 620 243 τῶν
636 216 804 254 ὗεοστᾲσεωι

992 219 1145 250 ostendere,
1165 218 1217 245 nisi
1240 217 1329 253 aliqua
1351 216 1566 246 substantiarum
1591 217 1661 245 inter
1683 226 1711 246 se

64 262 183 298 ἀλλήλας
210 262 361 297 ἀνάχυσις,
389 263 476 298 ἤγουν
500 261 661 298 σύγκρασις.
692 263 791 290 Καίτοι
816 262 870 289 τῶν

65 309 115 345 τῆς
136 308 308 344 Ἐκκλησίας
324 308 498 337 διδασκάλων
518 310 549 336 οὐ
570 309 664 336 τοῦτον
692 310 767 345 ἡμᾶς
786 318 871 345 μυστ-

42 385 48 395 .
70 354 255 390 αγωγοὺντων
265 354 315 381 τὸν
327 355 442 389 τρόπον·
458 355 567 382 σύνοδον
574 355 630 391 γὰρ
639 355 728 391 ἀληθῆ
741 355 870 390 γενέσθαι

71 401 169 436 φαμὲν,
187 400 346 433 ἑνιίισαντος
370 403 422 437 μὲν
447 402 536 437 ἑαυτῷ
557 401 603 428 τοῦ
619 402 706 437 Λόγου
722 401 753 428 τὸ
777 401 869 437 σῶμα,

73 447 260 483 μεμενηκότος
279 447 310 474 as
333 448 404 483 ὅπερ
421 445 466 484 ἦν.
491 448 520 474 ’0
545 447 573 475 δὲ
598 448 654 475 τῶν
676 448 805 475 τοιούτων
831 448 870 480 είς

71 494 132 521 νοῦν
150 494 223 529 ἔχων
237 494 327 526 οὐδὲν,
343 494 542 530 δεδυσσέεηκεν
564 495 595 522 οὐ
621 495 750 531 μετρίως,
766 495 870 528 διῖστάς

71 542 110 573 sl;
123 540 171 568 δύο
186 540 326 576 πρόσωπά
342 549 384 574 τε,
400 541 448 567 καί
465 541 638 573 ὑποστάσεις,
649 541 805 578 ὀλοτρόπως
822 541 871 569 ἀλ-

71 586 159 621 λήλων
184 585 370 622 διῃρημένος,
398 586 517 622 ἑκατέρᾳ
540 594 570 613 τε
595 585 690 621 λόγους
711 586 775 619 τοὺς
800 586 869 623 αὐτῇ

72 631 230 667 πρέποντας
253 631 394 664 ἀνατιθεὶς
424 632 524 664 ίδικῶς.
552 632 608 658 Καὶ
635 632 716 659 πάλιν
733 632 781 659 ἕνα
803 632 871 668 φησὶ

72 677 189 713 Χριστὸν
213 677 320 713 Ἰησοῦν
336 677 450 712 Κύριον,
465 677 503 709 ὡς
520 676 665 712 ἀνθρώπου
689 676 749 712 Θεῷ
769 684 872 712 συνημ-

74 724 154 760 μένου
170 724 245 751 κατά
261 724 347 759 μόνην
362 723 413 759 τὴν
429 723 518 756 ἀξίαν,
533 722 564 749 οὐ
581 723 642 750 καθ’
657 722 754 749 ἕνωσιν
770 722 869 758 ἀληθῆ,

71 770 207 803 τουτέστι,
233 770 284 806 τὴν
309 770 381 797 κατά
407 769 499 804 φύσιν.
523 769 584 801 Πῶς
600 767 648 796 οὖν
663 769 721 796 ἐστι
739 768 794 805 [ιον.
811 769 871 801 πῶς

73 814 118 844 οὖν
134 813 178 848 εἷς
197 815 270 852 ἐστι]
296 815 417 851 Χριστὸς
429 807 486 842 ῖαί
511 814 575 846 Υίὸς
596 814 629 841 τὺ
653 813 764 850 Κύριος,
791 813 871 850 εἰπερ

72 864 174 899 ἀμφοῖν
196 863 250 890 ἀνὰ
277 862 359 899 μέρος
374 861 522 897 ἀρμόσειεν
536 861 580 894 ἂν,
595 860 634 892 ὡς
654 860 733 896 ἔφης.
758 860 799 891 τὸ.
817 857 870 887 ὧδέ

72 918 102 937 τε
115 909 366 945 κατονομάζεσθαι,
383 909 432 936 καὶ
447 906 517 936 εἶναι
531 907 602 934 κατὰ
616 907 755 942 ἀλήθειαν,
769 906 814 933 διά
826 914 868 932 τοι
884 899 906 927 Β

72 957 102 983 τὸ
127 955 269 991 συμϐῆναι
293 956 356 983 καθ’
372 956 470 983 ἕνωσιν
491 954 591 990 ἥκιστα
606 953 655 990 μὲν
673 953 796 988 ἀλλήλων
819 952 870 984 τὰς

73 1003 249 1035 ὑποστάσεις,
265 1001 395 1029 ἐνοῦσθαι
410 1001 439 1028 δὲ
454 1001 525 1028 κατὰ
540 1000 625 1036 μόνην
637 1000 687 1036 τὴν
703 999 794 1033 ἀξίαν⁷
809 1000 868 1035 ἦτοι

73 1049 121 1084 τὴν
142 1048 302 1081 αὑθεντίαν,
328 1049 416 1083 {now
434 1047 573 1081 ἐξουσίαν·
600 1047 651 1074 κᾶν
671 1054 714 1073 τοι
738 1046 788 1078 τὰς
813 1045 869 1073 τῶν

73 1095 247 1131 πραγμάτων
267 1093 563 1130 πολυπραγμονοῦντες
584 1093 691 1128 φύσεις,
706 1094 742 1120 τὰ
764 1093 793 1119 ὲν
812 1092 868 1119 ἰσό-

72 1150 133 1176 τητι
150 1141 203 1176 τῆς
219 1140 312 1174 ἀξίας,
332 1141 363 1167 οὐ
380 1140 481 1176 ταύτης
497 1140 578 1167 ἕνεκα
596 1140 645 1176 τῆς
661 1139 751 1171 αίτίας
766 1139 869 1166 ἀποϐεο

72 1187 193 1223 σὶηκότα
209 1187 440 1222 καταθρήσαιμεν
463 1186 497 1213 ἂν
513 1187 545 1213 τὸ
564 1186 698 1222 ὑπάρχειν
718 1186 868 1213 ίδιοσυστά-

72 1242 133 1265 τως.
163 1233 237 1260 Οὕτε
263 1233 317 1269 μὴν
344 1233 376 1260 τὸ
402 1234 551 1269 ἰσομοιρεῖν
574 1233 615 1264 είς
640 1232 729 1264 δόξαν,
755 1231 868 1267 ἀρκέσει

72 1281 139 1316 πρὸς
154 1280 256 1307 ἕνωσιν
267 1288 276 1296 ο
292 1278 348 1307 οἷόν
363 1280 391 1307 τί
407 1288 494 1315 φημι·
507 1279 609 1315 Πέτρος
621 1287 651 1306 τε
665 1279 711 1305 καὶ
731 1279 868 1313 Ἰωάννης,

70 1328 154 1362 ἄμφω
171 1327 224 1363 μὲν
238 1328 328 1363 ἢστην
350 1326 494 1353 ἀπόστολοι
515 1335 545 1353 τε
570 1326 616 1353 καὶ
638 1326 721 1360 ἅγιοι,
739 1326 787 1352 καὶ
809 1327 870 1357 ταῖς

71 1374 230 1410 ἰσομέτροις
247 1374 355 1409 τιμαῖς,
371 1373 420 1400 καὶ
437 1373 568 1408 δυνάμεσι
583 1374 644 1405 ταῖς
660 1372 704 1399 διὰ
718 1372 765 1400 τοῦ
784 1372 870 1399 Πνεῦ-

71 1428 155 1456 ματος
173 1420 413 1456 κατηγλαῖσμένοι
430 1420 507 1455 παρά
522 1419 569 1446 τοῦ
587 1419 697 1446 πάντων
717 1418 796 1455 ἡμῶν
811 1419 869 1446 Σω-

69 1466 151 1500 τῆρος
162 1465 286 1501 Χριστοῦ
294 1473 302 1481 ·
311 1466 410 1500 ἤκουον
421 1464 476 1501 γὰρ
484 1464 552 1500 ὁμοῦ
565 1466 621 1496 τοῖς
633 1464 724 1496 ἀλλοις
733 1473 740 1480 ’
750 1473 759 1490 ι
775 1465 870 1500 Ὑμεῖς

69 1515 131 1538 ἐστε
163 1511 197 1537 τὸ
223 1512 285 1546 φῶς
303 1511 351 1538 τοῦ
379 1511 484 1546 κόσμου
518 1521 528 1537 ι
560 1511 664 1537 τούτου.
693 1510 747 1537 Καὶ
767 1510 868 1538 πάλιν·

71 1567 81 1584 ι
111 1557 312 1590 ’Δσθενοῦντας
326 1557 492 1593 Θεραπεύετε
503 1566 509 1573 ·
535 1557 648 1593 νεκροὺς
670 1557 807 1606 ἐγείρετε·
825 1556 869 1606 λε·
883 1576 905 1606 c

69 1606 158 1640 προὺς
180 1603 368 1640 καθαρίζετε·
391 1604 518 1639 δαιμόνια
534 1603 687 1630 ἐκϐάλλετε.
707 1612 717 1629 ι
736 1601 810 1639 Ἀρα
822 1599 869 1629 οὖν

68 1651 99 1683 ἐξ
112 1649 311 1686 ἰπμοιροὺσης
325 1649 416 1682 ἀξίας,
429 1650 512 1684 ἡγουν
525 1648 668 1679 αὐθεντίας
681 1648 771 1679 αὐτοῖς
781 1647 869 1682 ὑπάρ-

69 1696 114 1728 ξαι
141 1697 248 1730 φαμὲν,
277 1694 309 1721 τὸ
335 1695 376 1726 εἰς
407 1694 549 1729 ἄνθρωπον
576 1693 623 1720 ἕνα
643 1690 868 1725 καταλογίζεσθαι

67 1743 132 1774 τοὺς
149 1742 209 1772 δύο,
225 1743 275 1769 καὶ
289 1742 370 1777 ἀρκεῖ
382 1741 462 1767 τοῦτο
476 1740 544 1776 πρὸς
558 1739 664 1770 ἓνωσιν,
679 1739 728 1774 τὴν
740 1738 778 1769 ὡς
792 1738 820 1764 ἐν
835 1746 868 1772 γε

68 1790 129 1820 ταῖς
144 1788 317 1814 ὑποστάσεσι
331 1787 421 1821 λέγω;
434 1783 502 1812 Εἶτα
516 1785 574 1816 πῶς
585 1786 636 1812 οὐκ
651 1784 754 1820 ἠλίθιον
768 1784 866 1820 κομιδῇ

68 1835 101 1862 τὸ
127 1832 182 1861 ὦδε
209 1835 332 1870 φρονεῖν.
357 1833 438 1860 νοοῖτ’
456 1832 490 1859 ἂν
512 1832 641 1864 εἰκότωςς
667 1832 700 1858 Τί
723 1831 868 1867 τοιγαροῦν

70 1881 236 1916 ὑποπλαττῃ
261 1879 312 1915 μὲν
328 1877 399 1906 εῖναι
418 1879 467 1914 τὴν
489 1879 580 1905 πίστιν
595 1878 686 1914 ὀρθὸς,
709 1877 758 1904 ἕνα
781 1877 868 1912 λέγων

71 1927 193 1963 Χριστὸν
225 1926 330 1962 Ἰησοῦν
354 1925 473 1961 Κύριον·
503 1923 561 1952 εἶτα
585 1924 736 1960 διατέμνων
762 1925 802 1956 είς
822 1923 869 1950 δύο

71 1973 212 2010 προσωπά
228 1981 259 1999 τε
284 1972 331 1999 καὶ
355 1972 518 2003 ὑποστάσεις
540 1971 585 1998 τὸν
607 1970 665 2002 ἕνα,
684 1970 732 1997 καὶ
752 1970 798 1996 τὸν
819 1970 869 2005 μὲν

71 2021 123 2056 τῆς
136 2019 259 2055 ἀληθοῦς
275 2018 398 2050 ἐνώσεως
414 2018 557 2053 ἀτιμάζεις
573 2017 684 2050 τρόπον,
698 2017 731 2043 δι’
751 2014 786 2052 ἧς
802 2016 869 2051 ἀλη-

73 2067 128 2099 θῶς
151 2064 195 2098 εἷς
213 2074 245 2092 τε
262 2065 309 2092 καὶ
331 2065 411 2100 μόνος
428 2064 461 2091 ἂν
475 2065 518 2099 εῐη
537 2065 551 2090 ὁ
568 2063 685 2098 Χριστός
697 2072 704 2079 ·
723 2064 869 2097 συνάφειαν

72 2114 101 2141 δὲ
117 2112 232 2148 ἀληθῶς
249 2112 394 2146 ὀνομάζεις
415 2112 465 2147 τὴν
483 2110 636 2146 ἱσοτιμίαν;
660 2111 740 2141 Ποῖος
754 2110 809 2145 γὰρ
825 2106 867 2136 οὒ-

73 2161 118 2192 τός
132 2161 193 2186 ἐστι
209 2159 358 2193 συναφείας
375 2159 491 2193 τρόπος;
512 2158 546 2184 'H
569 2157 620 2184 οὐκ
641 2154 719 2183 οἶσθα
738 2156 779 2182 ὃτι
792 2154 869 2190 φίλον

74 2215 136 2237 πως
158 2206 205 2232 ἀεὶ
230 2206 286 2236 τοῖς
303 2205 373 2231 κατὰ
396 2204 470 2231 τόνδε
487 2203 532 2230 τὸν
547 2203 613 2239 βίον,
636 2202 666 2229 τὺ
686 2203 715 2229 ὲν
734 2201 869 2233 εὺκλείαις

924 262 1086 291 confusione
1112 268 1159 292 aut
1186 264 1376 292 commistione
1399 263 1479 296 facta,
1499 271 1560 291 cum
1587 263 1712 291 doctores

920 307 1050 336 Ecclesia:
1064 317 1116 337 non
1131 310 1205 338 hunc
1216 311 1324 338 modum
1341 310 1419 338 nobis
1431 310 1603 338 tradiderint.
1615 310 1712 337 Veram

921 362 1042 389 namque
1053 356 1274 390 coniunctionem
1289 356 1387 383 factam
1405 355 1533 389 dicimus,
1548 356 1584 383 ita
1600 360 1629 383 ut
1646 355 1711 383 Ver-

920 401 985 428 bum
1004 399 1057 428 sibi
1077 401 1187 436 quidem
1207 409 1305 436 corpus
1321 401 1423 434 uniret,
1445 401 1493 429 sed
1517 401 1543 428 id
1559 401 1630 436 quod
1653 405 1711 427 erat

922 452 1118 482 permaneret:
1143 447 1188 475 hic
1211 455 1276 475 vero
1299 446 1354 483 34
1376 447 1444 475 nihil
1467 447 1601 483 ejusmodi
1621 447 1697 475 conci

920 492 998 527 piens
1015 493 1116 525 animo,
1131 501 1184 520 non
1204 494 1333 521 mediocri
1347 493 1493 528 impietatis
1509 493 1622 521 crimine
1639 493 1711 520 labo-

921 543 974 570 rat,
997 546 1058 565 cum
1090 539 1116 565 in
1146 539 1213 566 duas
1244 546 1376 574 personas
1403 543 1432 567 et
1453 539 1521 567 duas
1551 539 1712 574 hypostascs

920 584 1031 612 omnino
1044 585 1115 612 inter
1124 592 1154 612 se
1167 585 1289 613 diversas
1304 585 1468 619 abjunxerit,
1479 586 1514 613 ita
1529 590 1559 612 ut
1570 593 1711 613 sermones

919 631 1019 666 cuique
1042 631 1239 659 convenientes
1264 633 1374 667 utrique
1389 640 1511 667 personae
1532 633 1641 668 proprie
1663 633 1711 660 tri-

920 677 1017 704 bueret
1031 686 1037 703 :
1056 683 1084 704 et
1106 685 1201 705 rursus
1216 686 1298 705 unum
1310 678 1377 706 dicit
1394 679 1534 706 Christum
1547 677 1639 706 Jesum
1659 677 1711 705 Do-

921 723 1038 756 minum,
1053 728 1182 759 tanquam
1199 724 1255 751 sola
1273 724 1413 760 dignitatis
1430 726 1547 758 ratione,
1567 733 1621 753 non
1646 733 1710 752 vera

920 769 1031 800 unione,
1048 770 1098 796 hoc
1110 774 1162 802 est,
1175 776 1228 797 non
1245 770 1394 797 secundum
1407 775 1543 803 naturam,
1556 770 1638 798 homo
1648 778 1709 798 cum

921 813 977 842 Deo
1000 815 1162 849 coniunctus
1179 817 1226 844 sit.
1242 817 1364 850 Quonam
1384 817 1467 853 igitur
1491 817 1572 846 modo
1586 826 1655 845 unus
1669 823 1710 845 est

921 860 1062 894 Christus,
1086 867 1113 889 et
1130 862 1214 890 Filius
1233 863 1375 896 Dominus,
1392 863 1527 898 siquidem
1549 869 1579 891 ut
1597 865 1709 895 asseris,

920 907 1030 942 utrique
1039 909 1154 936 seorsim
1171 910 1300 937 convenit
1311 917 1364 936 non
1375 910 1456 937 modo
1464 910 1542 937 utsic
1550 909 1709 945 appelletur,

920 961 1015 982 verum
1030 955 1111 983 etiam
1127 961 1155 982 ut
1167 956 1203 983 sit
1217 963 1292 989 vere,
1305 963 1368 984 cum
1383 956 1436 984 isto
1453 956 1533 984 modo
1546 956 1592 983 ﬂat
1606 959 1635 982 ut
1647 956 1712 983 sub-

921 1002 1030 1030 stantize
1051 1003 1162 1031 minime
1185 1003 1257 1031 inter
1283 1011 1312 1031 se
1333 1003 1481 1031 secundum
1499 1003 1627 1031 unionem
1646 1010 1712 1030 cou-

920 1046 1060 1078 venerint,
1076 1046 1123 1074 sed
1148 1047 1235 1074 solum
1259 1048 1408 1075 secundum
1428 1048 1585 1082 dignitatem
1601 1048 1643 1075 vel
1666 1056 1712 1075 au-

920 1091 1087 1126 ctoritatem,
1105 1093 1146 1120 vel
1164 1098 1326 1128 potestatem
1347 1094 1428 1122 unita:
1440 1094 1607 1129 sintYAtqui
1622 1094 1644 1122 si
1664 1103 1712 1122 na-

921 1142 997 1165 turas
1006 1146 1096 1166 rerum
1112 1140 1335 1176 pervestigemus,
1346 1141 1498 1168 videbimus
1504 1149 1565 1176 quae
1576 1142 1635 1176 pari
1648 1146 1712 1168 sunt

920 1184 1062 1219 dignitate,
1079 1193 1131 1212 non
1150 1193 1182 1212 ea
1204 1186 1239 1214 de
1263 1194 1345 1214 causa
1370 1187 1396 1214 id
1413 1187 1540 1214 amittere
1562 1195 1596 1214 ne
1618 1188 1710 1214 minus

924 1230 982 1265 ipsa
1002 1232 1114 1267 proprie
1139 1233 1323 1268 privatimque
1345 1234 1507 1266 consistant,
1530 1241 1617 1269 neque
1638 1235 1711 1269 quod

921 1277 983 1310 pari
998 1277 1054 1304 sint
1067 1277 1154 1312 gloria
1169 1278 1194 1305 id
1210 1279 1244 1306 ad
1255 1279 1381 1307 unionem
1393 1279 1561 1308 elliciendam
1576 1279 1710 1308 sufﬁcere.

921 1321 1002 1350 Verbi
1025 1324 1122 1357 gratia,
1148 1323 1249 1352 Petrus
1265 1330 1292 1352 et
1314 1324 1435 1353 Joannes
1451 1326 1532 1353 ambo
1547 1330 1574 1353 et
1594 1325 1710 1360 aposnoli

920 1373 947 1395 et
968 1370 1054 1397 sancti
1073 1370 1123 1397 viri
1149 1375 1240 1405 erant,
1258 1376 1286 1399 et
1299 1372 1357 1407 pari
1374 1372 1476 1400 honore
1497 1379 1529 1400 ac
1548 1373 1648 1400 virtute
1664 1380 1712 1407 per

921 1413 1054 1449 Spiritum
1076 1421 1198 1444 sanctum
1232 1417 1266 1445 ab
1289 1418 1410 1445 omnium
1435 1418 1575 1446 Salvatore
1600 1418 1711 1446 Christo

920 1461 1041 1490 decorati
1061 1471 1068 1489 :
1087 1463 1167 1490 simul
1182 1464 1254 1491 enim
1273 1472 1334 1491 cum
1358 1466 1466 1492 cateris
1482 1465 1534 1492 sibi
1549 1465 1650 1492 dictum
1663 1472 1711 1491 au-

921 1507 1049 1535 dierant:
1069 1517 1078 1534 ι
1095 1508 1148 1536 Vos
1164 1509 1230 1537 estis
1246 1509 1291 1537 lux
1307 1511 1401 1537 mundi
1417 1520 1428 1537 ι
1446 1510 1527 1545 hujus
1540 1510 1584 1538 ":
1603 1515 1630 1537 et
1653 1519 1711 1537 rur—

921 1560 998 1582 sum:
1013 1562 1023 1580 ι
1041 1554 1165 1582 lnlirmos
1177 1560 1283 1589 curate,
1296 1561 1418 1584 mortuos
1433 1558 1573 1590 suscitato,
1588 1557 1711 1592 leprosos

924 1599 1062 1631 mundate,
1088 1599 1222 1628 daemonia
1244 1601 1336 1636 ejicite
1357 1603 1392 1632 “.
1415 1612 1425 1629 ι
1451 1603 1519 1631 Num
1536 1612 1602 1640 ergo
1622 1613 1656 1632 ex
1678 1612 1712 1632 eo

922 1644 995 1679 quod
1024 1645 1082 1680 pari
1106 1651 1185 1673 erant
1211 1647 1345 1682 dignitate
1372 1649 1416 1677 vel
1443 1651 1619 1684 auctoritate,
1644 1651 1710 1678 ilhul

921 1689 1003 1717 etiam
1016 1698 1065 1718 eos
1082 1692 1208 1720 habuisse
1225 1700 1392 1727 asseremus,
1404 1700 1433 1722 ut
1449 1703 1510 1723 cum
1538 1697 1590 1723 duo
1606 1699 1710 1727 essent,

922 1743 992 1763 unus
1016 1736 1097 1764 humo
1120 1740 1300 1767 censeretur?
1321 1741 1404 1775 idque
1429 1741 1462 1769 ad
1485 1742 1614 1769 unionem
1636 1748 1711 1769 certe

920 1781 1101 1817 hypostaseon
1119 1791 1181 1812 esse
1202 1786 1291 1813 satis?
1310 1786 1392 1821 Atqui
1413 1795 1501 1814 nonne
1519 1788 1710 1815 stultissimum

921 1830 1087 1858 censendum
1107 1832 1143 1859 sit
1164 1832 1199 1859 ita
1212 1833 1338 1860 sentire?
1349 1833 1404 1860 Cur
1418 1841 1483 1869 ergo
1501 1838 1527 1861 te
1542 1834 1655 1861 simulas
1668 1841 1710 1861 re-

923 1880 994 1903 ctam
1011 1875 1090 1903 fidem
1110 1881 1215 1909 tenere,
1228 1885 1289 1905 curn
1302 1879 1440 1906 Christum
1455 1878 1545 1906 Jesum
1567 1879 1709 1906 Dominum

920 1922 990 1950 dicis
1001 1923 1111 1957 quidem
1127 1931 1221 1956 unum,
1237 1925 1284 1951 sed
1300 1925 1371 1952 hunc
1387 1933 1471 1952 unum
1493 1925 1518 1952 in
1533 1925 1600 1952 duas
1621 1933 1711 1960 perso-

921 1976 970 1996 nas
994 1975 1023 1996 et
1049 1969 1209 2005 hypostascs
1231 1970 1348 1998 dividis?
1367 1975 1394 1998 et
1415 1979 1486 1998 vera:
1510 1971 1583 1999 illius
1603 1971 1711 1999 unionis

922 2016 1044 2048 modum,
1067 2023 1115 2050 per
1138 2024 1217 2050 quem
1232 2024 1296 2043 vere
1311 2024 1381 2044 unus
1403 2024 1435 2044 ac
1451 2017 1523 2044 solus
1543 2025 1604 2045 esse
1619 2022 1710 2051 potest

922 2061 1059 2093 Christus,
1072 2062 1219 2097 improbas,
1230 2062 1302 2090 illam
1319 2070 1384 2090 vero
1402 2063 1514 2091 honoris
1527 2064 1707 2099 aequalitatem

921 2115 986 2135 vere
1011 2109 1229 2142 coniunctionem
1255 2109 1393 2144 appellas?
1413 2110 1506 2143 Qualis
1523 2111 1595 2138 enim
1616 2112 1639 2138 is
1668 2116 1710 2138 est

923 2154 1128 2188 conjunctiOnis
1151 2155 1322 2182 modus?An
1340 2156 1449 2191 ignoras
1465 2164 1564 2191 cupere
1586 2157 1710 2184 homines

921 2199 968 2234 qui
981 2200 1008 2227 in
1024 2199 1076 2228 hoc
1090 2200 1191 2227 saeculo
1205 2207 1358 2233 versantur,
1373 2202 1508 2229 mundana
1521 2203 1599 2236 potiri
1612 2203 1709 2238 gloria,

75 2250 148 2279 εῐναι
164 2252 323 2286 κοσμικαῖς,
341 2250 366 2276 οἶ
381 2250 430 2281 τὰς
446 2249 520 2284 παρὰ
536 2248 591 2275 τῶν
605 2247 777 2284 κρατούντων
793 2247 818 2274 πῖ

965 2253 1026 2280 sque
1044 2254 1057 2273 a
1071 2246 1239 2281 principibus
1252 2248 1369 2275 honores
1386 2249 1515 2282 consequi
1525 2248 1600 2275 ?Sed
1615 2257 1708 2282 quam.

76 2298 155 2325 τοῦσι
175 2298 276 2333 τιμάς;
299 2296 370 2323 Ἀλλ’
395 2297 424 2322 ὲν
444 2296 511 2327 [σοις
527 2295 602 2326 ὄντες
624 2294 788 2330 ἀξιώμασιν,
812 2293 870 2320 ἐσθ’

78 2347 135 2379 ὅτε,
155 2345 330 2380 διεστήκασιν
346 2343 472 2379 ἀλλήλων
491 2342 607 2378 ὑπάρξει
628 2350 658 2369 τε
677 2343 710 2377 τῇ
725 2341 786 2368 καθ’
808 2340 869 2374 ἕνα,

77 2391 168 2425 φημὶ.
192 2390 240 2416 καὶ
263 2389 354 2424 μέντοι
375 2389 406 2415 τὸ
432 2387 486 2424 [ἵσ.
511 2387 561 2424 τῷ]
579 2387 720 2422 βούλεσθαι
742 2387 776 2414 τὰ
800 2387 869 2413 αὐτὰ

78 2437 187 2472 φρονεῖν
200 2443 232 2461 τε
245 2435 292 2462 καὶ
305 2435 372 2470 ὄρᾷν
382 2443 389 2449 ε
407 2434 465 2461 ἀλλ’
475 2434 554 2469 εἴπερ
568 2431 601 2470 ἦν
616 2441 657 2464 τις
673 2433 771 2468 δεσμὸς
786 2434 870 2467 ἀναγ-

80 2484 154 2514 καῖος
178 2482 220 2513 εἰς
244 2481 360 2516 ἑνότητα
389 2480 526 2514 συλλέγων
546 2480 645 2511 αὐτοὺς
671 2479 720 2515 τῆς
748 2478 827 2512 ἀξίας
852 2480 866 2506 ό

80 2529 186 2564 τρόπος,
203 2527 331 2563 καθάπερ
353 2526 449 2562 ἀμέλει
468 2527 515 2553 καὶ
531 2525 667 2561 σύμϐασις
691 2525 804 2561 φυσικὴ,
819 2526 868 2552 οὐχ

81 2576 112 2602 ἂν
132 2575 161 2601 ἑν
187 2574 289 2610 ἰσότητι
305 2581 412 2609 γερων,
434 2573 494 2609 ἦτοι
516 2574 566 2608 τῆς
589 2572 667 2606 ἀξίας
689 2573 868 2609 ὑπάρχοντες,

82 2620 241 2648 ὑποστάσεσι
249 2628 280 2646 τε
291 2619 339 2646 καὶ
349 2618 460 2654 γνώμῃ,
472 2619 511 2650 είς
525 2618 555 2645 τὸ
565 2618 658 2654 ἕτερος
670 2616 739 2645 εἶναι
751 2618 799 2646 καὶ
811 2618 870 2645 ἓτε-

85 2676 125 2702 ρος
144 2667 236 2698 ἰδικῶς
256 2665 382 2701 ἀλλήλων
406 2664 628 2699 ἀπενοσφίξοντο.
651 2663 707 2691 Ποῦ
722 2663 867 2699 τοιγαροῦν

83 2715 124 2751 τὴν
144 2714 192 2750 σὴν
211 2713 365 2748 συνάφειαν
387 2711 523 2747 θήσομεν;
539 2710 572 2736 Τί
594 2710 623 2736 δὲ
639 2709 686 2736 καὶ
701 2709 799 2744 δρᾶσαι
823 2709 867 2735 λο-

84 2761 220 2797 ramalia;
244 2758 472 2796 Ὀμογνωμονεϊν
495 2757 549 2792 ἄρα
568 2756 699 2783 πέπεικεν
720 2756 833 2788 αὐτοὺς,
851 2755 867 2791 ἦ

82 2808 204 2843 συμϐῆναι
221 2805 443 2843 παρεσκεύασεν
459 2804 499 2835 είς
516 2803 629 2838 ἑνότητα
654 2802 789 2838 μυστικήν
807 2800 864 2837 [ἵσ.

108 2901 226 2930 "Matth.
243 2908 273 2934 v,
294 2899 340 2927 14.
382 2897 407 2913 ’θ
422 2895 517 2923 Matth.
535 2903 561 2929 ι,
575 2895 602 2922 8.

923 2293 963 2319 vis
982 2300 1176 2327 nonnunquam
1196 2294 1327 2328 a-qualem
1353 2293 1470 2321 habeant
1493 2294 1634 2329 dignitatis
1647 2303 1711 2329 gra-

920 2339 998 2371 dum,
1020 2344 1110 2367 tamen
1136 2340 1252 2368 invicem
1272 2341 1375 2368 distant
1397 2346 1452 2368 tum
1472 2341 1602 2376 singulari
1621 2342 1712 2369 subsi-

921 2386 1031 2417 stentia,
1052 2391 1108 2414 tum
1125 2395 1190 2414 vero
1203 2387 1229 2414 in
1248 2395 1281 2415 eo
1295 2388 1366 2422 quod
1381 2396 1433 2415 non
1448 2388 1542 2414 eadem
1559 2396 1654 2422 sapere
1666 2393 1710 2415 at-

921 2439 975 2466 que
996 2431 1126 2466 perficere
1141 2432 1216 2460 libet.
1233 2433 1314 2467 Atqui
1332 2432 1354 2460 si
1376 2433 1516 2468 dignitatis
1532 2434 1600 2460 ratio
1615 2433 1709 2461 vincu-

921 2478 976 2506 lum
996 2484 1068 2506 esset
1085 2479 1268 2506 necessarium
1285 2487 1339 2514 quo
1351 2479 1378 2506 in
1399 2479 1530 2507 unitatem
1546 2479 1709 2515 colligeren-

923 2532 977 2558 tur,
998 2530 1028 2553 ut
1044 2531 1086 2553 est
1105 2524 1198 2560 procul
1214 2525 1296 2553 dubio
1317 2525 1360 2552 illa
1383 2525 1540 2560 conjunctio
1564 2526 1708 2557 naturalis,

923 2580 1061 2607 nunquam
1080 2571 1107 2598 in
1123 2571 1256 2599 honorum
1272 2571 1316 2599 vel
1329 2571 1470 2606 dignitatis
1488 2571 1643 2606 requa-litate
1662 2580 1709 2606 νο-

921 2618 977 2651 siti,
1002 2618 1141 2653 hypostasi
1157 2622 1238 2652 atque
1254 2617 1335 2644 etiam
1349 2617 1482 2644 sententia
1496 2617 1621 2651 privatim
1639 2617 1711 2643 inter

922 2673 952 2692 se
963 2665 1178 2699 sejungereutur,
1192 2663 1246 2699 35
1261 2668 1292 2690 ut
1314 2663 1384 2691 alter
1403 2663 1449 2691 hic
1469 2668 1552 2694 esset,
1568 2663 1614 2690 ille
1629 2662 1708 2690 alter.

922 2710 981 2744 Quo
1009 2710 1092 2744 igitur
1117 2709 1177 2736 loco
1205 2714 1278 2736 tuam
1306 2709 1527 2744 coniunctionem
1558 2709 1712 2743 ponemus?

921 2755 1022 2791 quidve
1046 2753 1155 2782 eliicere
1176 2754 1345 2790 putabimur?
1365 2754 1559 2782 Consentirene
1579 2753 1661 2789 igitur
1683 2752 1711 2779 il-

923 2801 956 2829 lis
982 2800 1129 2836 persuasit.
1146 2806 1193 2828 aut
1221 2799 1284 2828 fecit
1309 2804 1339 2827 ut
1354 2799 1390 2835 .in
1416 2799 1557 2835 mysticam
1580 2798 1711 2826 unitatem
