1883 3054
90 165 92 170 _
144 137 179 164 67
657 137 687 164 S.
707 136 847 166 CYRILLI
866 135 1101 164 ALEXANDRINI
1121 135 1282 164 ARCHIEP.
1748 136 1790 164 68

145 195 347 224 convenirent?
362 194 428 231 {Sed
444 194 535 223 dicere
547 194 574 222 id
592 202 645 222 non
667 196 778 230 poteris.
795 194 862 223 Nam
879 196 888 222 I

1049 193 1112 230 κήν]
1125 202 1132 226 ;
1151 193 1221 220 Ἀλλ’
1233 194 1285 220 οὐκ
1300 193 1334 220 ἂν
1351 192 1423 229 ἔχοις
1442 193 1539 220 είπεῖν·
1555 191 1708 227 Ἐκδέδειχε
1727 193 1789 226 γὰρ

149 240 255 268 ratione
279 242 495 269 demonstratum
510 245 564 273 est,
580 240 652 267 illam
665 248 725 269 esse
741 241 768 268 in
792 246 936 276 utramque

147 291 252 319 partem
268 288 416 315 admodum
433 286 582 314 inﬁrmam.
603 286 669 314 lllud
684 283 794 322 'quoque
811 287 877 314 mihi
892 294 937 314 ex-

150 331 234 366 plices
257 333 351 365 velim,
375 341 437 360 nam
459 339 555 367 rogare
575 333 731 360 necessario
752 339 846 368 cogor,
871 332 935 367 quid

150 378 207 412 ipsa
223 377 343 413 dignitas
354 378 455 412 iuverit
469 378 617 411 hominem,
631 382 660 405 ut
676 378 734 413 ipse
755 378 858 410 dixisti,
874 385 935 405 cum

148 423 202 451 Deo
221 424 311 452 Verbo
323 424 508 456 coniunctum,
521 428 549 451 et
563 431 596 450 ex
612 423 726 450 muliere
743 423 854 450 natum?
867 422 935 450 Num

146 475 213 497 vero
227 477 319 504 parem
335 469 421 504 gloria
434 474 462 496 et
476 469 638 497 excellentia
654 469 784 501 reddidit,
800 473 828 496 et
846 474 938 496 tantus

145 520 177 542 ut
193 520 266 543 esset
288 514 394 547 etfecit,
414 520 547 550 quantum
570 519 599 542 et
628 515 716 550 ipsum
732 523 794 543 esse
818 515 936 542 Verbum

145 560 276 588 credibile
287 560 353 588 est?
368 561 420 588 Sed
430 561 566 595 quomodo
580 568 634 588 non
647 561 692 588 ille
705 562 862 594 mentietur,
874 569 936 588 cum

146 607 212 634 dicit
226 615 235 635 :
261 615 272 632 ί
290 606 412 635 Gloriam
431 615 518 635 meam
545 607 624 634 alteri
640 615 692 635 non
713 608 784 635 dabo
797 608 841 635 "?
856 617 867 634 ι
883 607 938 634 fru-

146 658 203 680 stra
223 653 306 680 etiam
332 657 449 688 uugatus
462 653 515 680 erit
533 652 578 680 ille
595 653 703 680 divinus
718 653 870 680 carminum
887 661 936 680 au-

146 704 216 732 ctor,
245 699 284 727 sic
311 698 397 726 ferme
411 699 521 726 dicens:
540 708 549 724 ι
566 698 634 732 Quis
651 699 758 726 tandem
775 699 802 726 in
821 699 938 726 nubibus

145 744 301 780 mquabitur
315 743 450 771 Domino?
463 748 511 771 aut
530 744 592 779 quis
608 743 705 771 similis
724 744 775 771 erit
795 744 850 772 Deo
868 745 894 771 in
911 744 939 771 ti-

147 790 192 818 liis
204 790 250 817 Dei
264 790 307 818 "i
326 799 335 816 ι
354 791 395 817 An
411 797 475 817 vero
499 790 520 817 is
540 797 594 817 non
616 790 669 817 erit
681 790 752 817 alios
767 791 801 817 ah
818 790 864 818 illo
882 798 937 817 uno

147 841 176 864 et
195 836 345 864 secundum
363 840 488 862 naturam
505 835 553 863 Dei
577 835 668 863 Patris
685 835 785 866 Verbo‘.
808 835 854 870 qui
880 843 940 870 pro-

985 240 1000 265 ό
1014 239 1093 273 λόγος
1117 238 1185 275 πρὸς
1202 238 1287 274 ἄμφω
1301 238 1394 272 ταυτὶ,
1408 237 1477 264 πολὺ
1492 237 1622 265 νοσοῦσαν
1641 237 1674 263 τὸ
1697 235 1791 270 ἀδραο

985 285 1040 317 νές.
1052 285 1142 321 Φράζε
1155 284 1185 311 δέ
1201 292 1247 319 μοι
1262 284 1383 311 κάκεῖνο·
1398 283 1606 320 προαερὴσομαι
1621 282 1678 318 γὰρ
1693 283 1790 316 ἀναγ-

986 331 1087 364 καίως,
1114 330 1140 357 τί
1155 330 1186 357 τὸ
1201 330 1251 364 τῆς
1270 329 1350 363 ἀξίας
1372 329 1461 365 ὢνησε
1482 329 1577 365 χρῆμα
1602 329 1659 361 τὸν,
1685 327 1791 361 ὥσπερ

986 376 1054 412 ἔφης
1066 376 1159 410 αὐτὸς,
1173 375 1213 411 τῷ
1226 375 1285 411 Θεῷ
1297 375 1376 411 Λόγῳ
1390 375 1560 411 συνημμένον
1574 374 1719 410 ἄνθρωπον
1734 373 1790 399 καὶ

986 424 1020 450 ὲκ
1043 422 1190 457 γυναικόςς
1207 420 1283 458 Ἀρα
1300 422 1355 457 γὰρ
1371 422 1428 448 ἴσον
1444 421 1586 457 ἀπέφηνεν
1602 421 1632 447 ἐν
1646 420 1710 456 δόξῃ
1734 418 1789 445 καὶ

987 469 1120 504 ὑπεροχῇ,
1141 467 1189 494 καὶ
1203 467 1331 494 τοσοῦτον
1345 465 1415 494 εῐναι
1430 465 1647 501 παρεσκεύασεν,
1665 466 1729 496 ὅσος
1749 465 1790 491 ἂν

986 512 1058 542 εἶναι
1071 513 1226 542 πιστεύοιτο
1239 514 1286 541 καὶ
1300 513 1398 545 αὑτός
1412 510 1479 539 Elim
1492 512 1551 544 πῶς
1563 512 1593 538 οὺ
1605 511 1789 547 διαψεύσιται

987 561 1084 595 λέγων,
1101 570 1112 586 ι
1125 559 1181 595 Τὴν
1192 560 1273 593 δόξαν
1290 568 1341 595 μου
1364 559 1450 594 ἑτέρῳ
1468 559 1499 585 οὐ
1517 557 1613 590 δώσω;
1628 567 1638 583 ι
1657 557 1789 591 πεφλυά-

989 615 1056 642 ρηκε
1072 606 1100 633 δὲ
1117 606 1205 642 μάτην
1218 605 1267 632 καὶ
1282 605 1363 636 αὐτὸς
1378 606 1445 640 ἡμῖν
1455 605 1470 631 ό
1487 603 1631 635 θεσπέσιος
1648 602 1788 638 μελῳδὸς,

987 651 1036 678 ὡδί
1053 660 1104 678 που
1123 651 1221 686 λέγων,
1240 652 1282 678 ὃτι
1304 659 1313 676 ι
1329 651 1377 682 Τίς
1399 652 1428 676 ὲν
1452 649 1579 684 νεφέλαις
1615 649 1790 684 ισωθήσδται

988 698 1026 734 τῷ
1046 698 1160 733 Κυρίῳ;
1181 697 1197 733 ἢ
1215 697 1257 728 τίς
1278 696 1478 732 ὁμοὶωθήσεται
1499 695 1539 731 τῷ
1556 694 1652 730 Κυρίῳ
1667 695 1697 721 ἐν
1712 695 1789 724 υἱοῖς

987 743 1071 776 Θεοῦ;
1084 754 1093 769 ι
1114 744 1150 770 Ἦ
1166 743 1216 778 οὐχ
1233 743 1326 778 ἔτερος
1346 743 1423 778 παρά
1438 743 1485 769 τὸν
1499 742 1548 768 ἓνα
1562 742 1609 768 καὶ
1625 740 1716 775 φύσει,
1735 740 1789 767 καὶ

988 791 1021 818 ὲκ
1036 790 1105 816 Θεοῦ
1126 789 1233 825 Πατρός
1252 789 1348 823 Λόγον,
1362 790 1376 815 ό
1391 789 1452 815 κατ’
1472 788 1540 815 ἰδίαν
1565 787 1715 814 ὑπόστασιν
1732 786 1788 821 τῆς

988 837 1057 872 πρὸς
1079 835 1160 862 αὑτὸν
1180 835 1306 870 ἑνότητός
1329 835 1438 870 ἀληθῶς
1454 834 1701 869 διεσχοινισμένος;
1720 830 1788 859 εἶτα

148 883 214 917 priae
240 882 395 916 hypostasis
417 882 523 909 ratione
549 888 615 909 vere
639 881 675 908 sit
695 880 729 908 ab
746 881 807 915 ejus
835 882 891 908 nuit

1044 882 1110 917 ςοὺχ
1124 881 1227 908 ἀπασιν
1241 881 1372 917 ἑναργέςς
1389 880 1446 907 ἀλλ’
1458 881 1510 907 οὐκ
1525 880 1582 906 ίσον
1598 879 1647 914 μὲν
1666 879 1705 913 τῷ
1720 877 1787 913 Θεῷ

148 928 320 964 disiunctus?
331 928 440 955 cuinam
451 935 514 955 vero
528 927 556 955 id
571 935 625 954 non
638 927 675 955 sit
686 927 938 954 evidentissimum?

149 975 202 1002 Sed
213 973 388 1008 coniunctum
405 980 472 1002 sane
487 973 574 1008 ipsum
592 973 664 1000 haud
680 973 784 1008 a‘qtlale
800 973 855 1000 Deo
874 972 939 1000 Ver-

990 928 1069 963 Λόγῳ
1084 926 1234 962 πεποίηκεν
1254 927 1271 961 ἡ
1294 926 1358 958 ἀξία
1372 925 1404 951 τὸ
1426 923 1614 959 συνημμένον·
1628 922 1729 958 ὁρᾶται
1750 929 1787 956 γε

992 975 1046 1009 μὴν
1059 974 1106 1000 καὶ
1123 973 1197 999 ἐστιν
1210 973 1238 998 ὲν
1254 972 1342 1007 μείοσι
1352 979 1360 986 ·
1378 971 1436 1002 πῶς
1452 968 1499 997 οὗν
1519 970 1568 996 ἕνα
1582 969 1635 1004 φὴς
1650 968 1786 1003 Χριστὸν,

150 1021 191 1050 bo
199 1019 319 1054 dignitas
335 1018 409 1051 fecit,
421 1019 493 1054 quod
507 1018 619 1046 inferius
634 1018 680 1045 illo
693 1026 753 1046 esse
768 1019 890 1054 ρει-δρίαν

1058 1020 1133 1052 Υἰὺν,
1149 1019 1195 1046 καὶ
1209 1018 1323 1053 Κύριον,
1339 1018 1427 1044 καίτοι
1441 1015 1606 1052 προῦχοντος
1628 1015 1686 1047 ἑνὸς
1708 1013 1787 1041 κατά

148 1070 209 1099 est;
221 1063 446 1099 quomodoigitur
462 1071 543 1091 unum
563 1064 664 1091 asseris
679 1063 829 1096 Christum,
847 1070 874 1091 et

1041 1066 1094 1093 τῶν
1115 1065 1224 1092 ὲννοιιῖιν
1238 1065 1286 1099 τὴν
1304 1064 1428 1098 δύναμιν,
1442 1063 1491 1089 καὶ
1506 1061 1668 1097 ὑφιζηκότος
1685 1060 1784 1096 ἑτέρου

151 1111 227 1144 lium,
244 1115 274 1138 et
293 1109 449 1143 Dominum,
465 1110 592 1145 quamvis
609 1117 689 1142 unus,
704 1111 775 1145 quod
793 1114 894 1137 sentem

1056 1111 1124 1148 πρὸς
1145 1111 1227 1138 αὑτὸν
1252 1110 1374 1145 ίσότητός
1388 1117 1418 1135 τε
1435 1108 1484 1135 καὶ
1497 1107 1592 1143 δόξηςς
1611 1106 1715 1138 Ἄλλως
1740 1114 1785 1139 τε,

150 1164 209 1184 rum
226 1156 280 1184 vim
298 1157 406 1189 attinet,
422 1157 459 1183 sit
474 1157 661 1191 praestantior,
680 1155 750 1183 alter
768 1155 892 1186 inferior.

1041 1158 1167 1184 ›σεποίσω
1185 1157 1240 1192 γὰρ
1255 1153 1295 1187 οἷς
1317 1155 1385 1190 ἔφην
1402 1155 1451 1181 καὶ
1468 1153 1539 1184 τόδε.
1554 1153 1702 1189 δεδώρηται
1718 1152 1784 1179 κατ’

149 1203 210 1237 ejus
224 1202 364 1237 majestate
380 1207 407 1230 et
427 1202 514 1237 gloria
531 1202 643 1229 minor?
662 1201 808 1233 Praeterea,
826 1206 854 1228 ut
875 1202 891 1228 il

1043 1203 1072 1230 δν
1084 1204 1099 1230 ό
1111 1203 1142 1230 ὲκ
1160 1202 1227 1229 Θεοῦ
1245 1201 1352 1237 Πατρδς
1365 1200 1450 1235 Λόγος
1461 1200 1511 1235 τὴν
1525 1199 1593 1227 ἰδίαν
1607 1198 1686 1231 ἀξίαν
1698 1197 1740 1233 τῷ
1750 1197 1785 1224 ἐκ

149 1255 259 1283 quoque
282 1247 325 1275 his
351 1254 411 1282 quin
428 1247 549 1274 diximus
575 1247 733 1282 adjungam.
761 1248 883 1279 donavit,

1041 1249 1138 1281 ναικός·
1157 1248 1228 1275 κατά
1243 1248 1304 1274 τίνα
1327 1247 1356 1274 δὲ
1378 1246 1478 1282 τρόπον
1500 1245 1566 1272 αὐτὸ
1588 1245 1621 1280 δὴ
1636 1244 1710 1271 τουτὶ
1731 1252 1784 1271 πε·-

152 1293 209 1326 ipse
222 1293 373 1324 existimat,
390 1292 455 1319 illud
470 1299 503 1319 ex
525 1291 579 1319 Deo
594 1291 675 1319 Patre
696 1292 814 1319 Verbum
831 1292 866 1318 illi
884 1301 895 1319 ιι

1043 1296 1114 1331 ιχθαι
1137 1295 1221 1330 φησὶ,
1247 1292 1400 1330 βασανίζειν
1423 1289 1597 1327 ἄξιον.τΛρα
1619 1298 1715 1326 rumve
1736 1290 1786 1317 καὶ

151 1337 226 1364 lieris
242 1337 299 1364 tilio
319 1345 397 1365 suam
418 1337 503 1372 ipsius
519 1337 691 1372 dignitatem.
708 1338 761 1365 Sed
783 1338 834 1365 hoc
852 1339 893 1373 ips

1046 1340 1075 1372 ὸς
1089 1339 1147 1374 φῶς
1166 1338 1293 1373 ἀληθινόν
1303 1347 1311 1371 ;
1323 1336 1397 1373 ’Λρα
1415 1337 1496 1379 φιζιει
1513 1336 1589 1368 Θεὸς,
1602 1336 1648 1363 καὶ
1663 1335 1721 1371 ζωὴ
1736 1336 1785 1362 καὶ

151 1390 267 1418 quonam
287 1384 409 1410 sitmodo
424 1389 541 1418 gestum,
557 1384 706 1418 exquirere
719 1389 762 1411 est.
773 1392 862 1418 opera:
877 1393 892 1419 p

1042 1387 1167 1422 ιιουργδς,
1182 1387 1229 1413 καὶ
1244 1385 1325 1420 σοφία
1341 1386 1389 1412 καὶ
1402 1385 1527 1420 δύναμις,
1537 1384 1619 1411 εἰκὼν
1634 1385 1681 1411 καὶ
1693 1383 1785 1411 ἀπαύ-

152 1428 219 1455 tium
235 1436 242 1455 :
259 1427 328 1455 Num
344 1429 402 1463 ipse
417 1436 524 1464 quoque
551 1429 639 1456 factus
654 1435 695 1456 est
717 1429 761 1456 lux
777 1431 860 1457 vera?
875 1440 890 1457 ιι

1043 1441 1088 1468 ιμα
1101 1433 1151 1466 τῆς
1169 1432 1344 1463 ὑποστάσεως
1358 1430 1405 1457 τοῦ
1419 1430 1540 1466 Πατρός;
1555 1430 1602 1457 καὶ
1616 1430 1650 1457 τὰ
1663 1430 1713 1465 τῆς
1728 1430 1786 1457 ἀνω

151 1481 185 1501 ex
201 1478 297 1502 natura
313 1475 394 1508 Deus,
409 1479 436 1502 et
450 1475 514 1505 vita.
527 1479 554 1502 et
572 1482 662 1501 rerum
681 1475 782 1510 opifex,
794 1481 822 1502 et
834 1478 894 1511 sapit

1042 1488 1071 1513 ης
1099 1478 1326 1513 πλεονεκτήματα
1354 1475 1496 1511 κεχώρηκε
1527 1476 1649 1510 φυσικῶς
1673 1476 1715 1507 είς
1736 1476 1785 1501 ἕνα

153 1521 200 1553 tia,
219 1525 247 1548 et
260 1521 355 1554 virtus,
371 1521 461 1556 imago
476 1521 558 1547 etiam
576 1525 604 1547 et
627 1520 757 1555 splendor
781 1521 893 1548 subslntt

1044 1525 1056 1551 ὴ
1074 1523 1128 1551 τῶν
1143 1523 1353 1558 πεποιημένων;
1366 1522 1398 1548 Τί
1413 1520 1460 1548 οὖν
1479 1522 1537 1548 ἐστι
1556 1521 1586 1549 τὸ
1603 1521 1743 1555 ἐξαίρετον
1757 1521 1787 1547 ὲν

153 1567 252 1601 Patris,
266 1571 293 1594 et
307 1567 351 1593 illa
367 1566 476 1594 eximize
489 1573 520 1592 ac
536 1573 672 1600 supremae
694 1567 768 1594 illius
784 1567 878 1601 gloria:
895 1582 896 1589 η

1048 1570 1117 1596 κατὰ
1133 1569 1213 1604 φύσιν
1228 1568 1288 1604 Θεῷ
1300 1577 1307 1600 ;
1321 1569 1346 1595 τί
1361 1568 1392 1594 τὸ
1411 1568 1483 1603 μέγα
1510 1567 1558 1594 καὶ
1574 1567 1645 1602 ὑπὲρ
1660 1568 1746 1602 ἡμᾶς,
1762 1568 1787 1594 εί

154 1618 278 1640 namenta
295 1613 321 1639 in
338 1620 420 1638 unum
435 1612 552 1644 aliquem
568 1619 583 1639 e
597 1612 700 1638 creatis
718 1612 876 1639 hominibus
893 1621 897 1639 ι

1044 1617 1131 1652 ἔχεται
1159 1616 1209 1651 τὴν
1235 1615 1324 1642 κτίσιν
1348 1614 1547 1641 καταπλουτεῖν
1570 1613 1713 1645 δύνασθαι,
1738 1613 1787 1640 καὶ

157 1658 282 1685 turaliter
295 1657 480 1685 induxerunt?
493 1658 561 1690 Quid
574 1657 656 1692 igitur
668 1657 798 1684 eximium
817 1664 858 1685 cst
871 1659 897 1685 in

1043 1671 1071 1689 το
1088 1662 1235 1695 οὺσιωδῶς,
1256 1662 1291 1688 τὰ
1307 1663 1336 1688 ὲν
1355 1659 1397 1693 οἷς
1417 1662 1492 1687 ἑστιν
1506 1660 1612 1695 ἀγαθά;
1634 1661 1692 1687 ἀλλ’
1703 1662 1742 1693 ὡς
1758 1661 1786 1687 ὲν

154 1705 300 1731 secundum
315 1709 438 1730 naturam
462 1703 537 1730 Deo?
565 1703 632 1737 quid
657 1711 783 1738 magnum
808 1709 835 1730 et
860 1711 897 1737 sui

1049 1709 1102 1741 έξει
1126 1707 1176 1743 τῆς
1200 1707 1275 1739 Θείας
1300 1706 1380 1742 τυχὸν
1405 1706 1542 1742 ὑπεροχῆς
1568 1706 1710 1742 πεφόρηκε
1737 1706 1787 1742 τὴν

155 1756 215 1782 nos,
231 1749 253 1776 si
271 1748 313 1777 fas
323 1754 365 1776 est
379 1753 532 1776 creaturam
547 1749 588 1776 his
607 1749 687 1776 bouis
700 1757 761 1784 quae
777 1749 836 1783 ipse
850 1750 898 1777 hall

1044 1761 1090 1782 ενι
1107 1752 1159 1778 Δύο
1176 1751 1208 1787 δὴ
1224 1752 1305 1778 πάλιν
1325 1751 1517 1786 ἀναμφιλόγως
1532 1751 1596 1782 υἱοὶ,
1611 1751 1692 1786 εἴπερ
1711 1751 1787 1778 ἐστὶν

154 1801 183 1823 et
210 1796 319 1831 quidem
344 1794 569 1828 substantialiter,
597 1802 678 1829 posse
706 1795 881 1829 locupletari?

1044 1799 1104 1833 ﬁse,
1123 1799 1160 1829 ὡς
1174 1799 1266 1833 ἔτερόν
1286 1807 1323 1831 τι,
1337 1799 1384 1825 καὶ
1398 1798 1508 1824 έλαττον
1526 1798 1597 1824 κατά
1619 1797 1700 1832 φύσιν
1716 1799 1787 1831 ἐστὶ,

155 1842 228 1869 enim
247 1841 405 1876 dignitatem
429 1845 558 1875 tauquam
584 1842 746 1876 participata
772 1843 889 1868 fortasse
907 1841 945 1868 di-

156 1889 218 1915 vina
240 1887 398 1914 excellentia
426 1887 510 1921 gessit
534 1895 542 1914 :
567 1887 649 1922 igitur
668 1888 720 1914 duo
745 1895 840 1915 rursus
864 1892 946 1914 erunt

150 1934 251 1969 .procul
275 1933 356 1961 dubio
393 1933 438 1961 ﬁlii
457 1953 466 1966 ,
488 1933 623 1968 siquidem
658 1941 753 1961 verum
789 1938 830 1961 est
851 1935 885 1961 ab
911 1940 945 1960 eo

158 1979 229 2015 quod
251 1979 484 2014 participationem
503 1979 668 2014 impertitnr,
691 1980 828 2007 diversum
845 1987 905 2008 esse
919 1985 946 2007 et

158 2026 271 2054 inferius
289 2026 436 2053 secundum
453 2029 590 2057 naturam,
614 2025 640 2053 ii]
657 2025 729 2060 quod
746 2026 806 2053 ideo
828 2026 946 2053 honora-

158 2077 213 2106 tur,
230 2072 293 2106 quia
320 2073 352 2098 ad
374 2072 460 2105 ipsum
486 2071 642 2098 relationem
660 2071 751 2098 habet.
772 2071 946 2099 Conviuceris

158 2126 223 2154 ergo
237 2126 270 2146 ne
286 2125 317 2145 ea
333 2118 441 2152 quidem
458 2118 527 2144 scire
543 2124 603 2151 qum
619 2117 698 2144 dicis.
715 2117 770 2144 Cur
791 2121 879 2143 autem
900 2124 947 2143 eos

160 2171 273 2192 accusas
286 2163 330 2198 qui
343 2170 422 2190 voces
437 2162 463 2190 in
481 2162 636 2197 Evangeliis
651 2162 752 2196 positas
764 2162 808 2188 nni
827 2168 948 2196 persona

161 2209 282 2236 tribuunt
292 2208 303 2235 τ
313 2210 410 2235 Annon
424 2208 494 2240 ideo,
520 2207 581 2242 quia
595 2215 663 2234 novo
674 2214 749 2234 more
763 2207 830 2234 duos
843 2207 947 2233 inducis

994 1845 1041 1872 τοῦ
1065 1846 1114 1880 τὴν
1139 1845 1247 1880 μέθεξιν
1273 1845 1453 1880 ἐμποιοῦντος
1478 1844 1569 1880 αὐτῷ,
1590 1845 1620 1872 τὺ
1639 1846 1732 1881 σχέσει
1754 1848 1787 1882 τῇ

995 1889 1062 1925 πρὸς
1080 1889 1160 1916 αὑτὸν
1181 1889 1338 1924 τιμώμενον
1349 1898 1356 1905 ·
1372 1889 1464 1925 ἀλώσῃ
1481 1890 1513 1925 δὴ
1528 1888 1574 1917 οὖν
1589 1890 1650 1917 οὐδὲ
1671 1892 1752 1923 εἰδὼς
1769 1892 1788 1919 ἃ

995 1935 1095 1969 λέγεις.
1116 1936 1198 1970 Λίτιᾷ
1216 1935 1244 1962 δὲ
1261 1935 1319 1962 ἀνθ’
1331 1936 1392 1962 ὅτου
1410 1936 1474 1967 τοὺς
1488 1936 1530 1962 ἑνὶ
1549 1936 1687 1972 προσώπῳ
1703 1946 1788 1973 προσ-

996 1980 1128 2015 νέμοντας
1145 1980 1194 2012 τάς
1214 1981 1244 2007 ὲν
1263 1982 1320 2012 τοῖς
1332 1981 1509 2015 Εὑαγγελίοις
1525 1982 1632 2016 φωνάς;
1647 1981 1711 2018 Ἆρ’
1726 1984 1788 2019 οὐχὶ

995 2025 1042 2052 δύο
1062 2026 1231 2061 καινοτομῶν
1246 2026 1335 2058 υῑοὺς;
1349 2026 1410 2058 Πῶς
1425 2026 1479 2062 γὰρ
1494 2027 1536 2054 ἔτι
1550 2028 1653 2063 Κύριος
1671 2026 1722 2061 εἷς,
1739 2030 1788 2056 καὶ

996 2071 1122 2106 Χριστὸς,
1137 2072 1184 2097 καὶ
1200 2071 1275 2103 Υἱὸς,
1288 2072 1312 2098 ει
1333 2072 1480 2106 πρόσωπον
1494 2073 1576 2100 ίδικδν
1591 2074 1725 2110 ἑκατέρῳ,
1741 2076 1789 2102 καὶ

997 2115 1086 2150 λόγος,
1109 2116 1227 2152 καὶμὴν
1249 2116 1297 2143 καὶ
1321 2116 1488 2155 ﬁngeres“,
1511 2118 1692 2154 ἀναχωροῦσα
1717 2121 1788 2155 πρὸς

998 2162 1155 2198 ἑτερότητα,
1170 2163 1216 2189 καὶ
1231 2162 1260 2188 τὸ
1274 2162 1323 2197 τῆς
1337 2162 1454 2197 ἀληθοῦς
1468 2163 1592 2196 ἑνώσεως
1607 2165 1704 2200 χρῆμα
1718 2175 1789 2201 παρ-

999 2208 1163 2243 αιτουμένη,
1191 2208 1237 2234 καὶ
1263 2208 1293 2234 τὸ
1321 2207 1479 2242 ἀσύμῦατον
1505 2209 1658 2245 όλοτρόπως
1689 2211 1789 2246 ἔχουσα

162 2254 250 2281 lilios?
271 2253 339 2280 Nam
355 2253 490 2288 quomodo
506 2240 575 2279 unus
589 2252 644 2287 jam
667 2252 805 2284 Dominus,
826 2256 853 2279 et
867 2251 905 2279 Ch

1045 2254 1070 2284 ος
1079 2240 1131 2289 τὴν
1141 2240 1258 2289 -έτέραν;
1271 2253 1326 2280 Καὶ
1340 2240 1415 2287 τό-γε
1435 2240 1586 2290 παράδοξον
1605 2256 1651 2282 καὶ
1664 2240 1720 2283 τῶν
1739 2258 1788 2284 αὺ-

159 2306 218 2328 stns
232 2304 259 2326 et
273 2299 356 2326 Filius
366 2298 429 2330 erit,
439 2299 461 2326 si
473 2298 580 2332 utrique
591 2306 638 2325 sua
653 2306 766 2333 persona
775 2303 817 2326 est
831 2303 857 2325 et
869 2299 948 2331 ratio,

160 2345 302 2381 36atque
312 2345 392 2372 etiam
402 2344 564 2380 ltypostasis,
575 2345 607 2371 ad
618 2345 800 2372 diversitatem
809 2345 948 2378 secedens,

160 2398 189 2419 et
203 2399 259 2419 rem
273 2398 343 2418 vera:
360 2391 467 2418 unionis
490 2398 628 2422 recusans,
643 2395 670 2418 et
685 2399 744 2425 qua:
763 2391 872 2418 omnino
885 2398 946 2418 cum

161 2438 246 2465 altera
263 2438 410 2465 convenire
427 2445 480 2463 non
497 2437 603 2471 possit?
619 2436 749 2471 Quodque
763 2437 807 2464 vix
819 2437 948 2465 credibile

161 2488 215 2516 est,
239 2488 266 2510 et.
291 2483 350 2518 ejus
375 2483 601 2517 blasphemiarum
628 2482 822 2517 turpitudinem
845 2483 945 2518 prodit,

161 2528 315 2556 communia
330 2528 396 2555 dicit
416 2535 477 2555 esse
501 2528 557 2555 haec
579 2528 697 2560 nomina,
721 2528 805 2555 Filius
826 2529 946 2562 inquam,

161 2580 188 2602 et
200 2573 337 2605 Christus,
353 2578 379 2600 et
396 2573 523 2600 Dominus
537 2583 544 2600 :
562 2581 622 2608 qua:
642 2574 664 2601 si
684 2574 720 2600 ita
736 2574 888 2601 communia
903 2574 946 2601 di-

161 2621 210 2651 cit,
225 2623 254 2646 ut
271 2619 315 2645 uni
332 2618 453 2651 Christo,
465 2624 492 2646 et
504 2619 664 2653 quibusdam
677 2625 774 2654 preter
787 2620 872 2654 ipsum
888 2619 947 2647 aliis

161 2663 334 2696 conveniant,
349 2671 403 2690 non
416 2663 532 2690 absurda
547 2663 605 2699 ejus
619 2664 671 2691 erit
681 2664 778 2691 oratio.
795 2663 842 2691 Sin
860 2665 947 2698 impe-

162 2710 213 2736 rite
231 2708 370 2743 disjungit,
387 2711 516 2742 putatque
530 2716 561 2735 ea
582 2708 728 2736 convenire
744 2713 771 2736 et
792 2709 842 2743 ipsi
860 2708 947 2736 Verbo

161 2754 299 2788 privatim,
311 2758 336 2780 et
350 2753 385 2780 illi
401 2760 432 2780 ex
450 2753 563 2781 muliere
583 2753 656 2787 tilio;
675 2754 728 2781 duo
743 2754 821 2790 plane
840 2762 946 2784 rursum

195 2841 216 2856 °‘
230 2840 280 2868 lsa.
294 2848 358 2874 ml,
374 2840 401 2868 8.
447 2841 470 2856 ”
482 2840 554 2868 Psal.
570 2848 702 2875 Luxvnt,
721 2841 747 2870 'l.

1001 2299 1048 2325 τοῦ
1063 2298 1223 2334 δυσφημιῶν
1242 2300 1391 2334 ἀποφαῖνον
1405 2300 1453 2335 τὴν
1466 2300 1623 2336 βδελυρίαν·
1639 2302 1717 2329 κοινά
1737 2312 1789 2339 φη-

1002 2352 1044 2371 σιν
1063 2341 1133 2371 εἶναι
1150 2344 1183 2371 τὰ
1205 2345 1336 2380 ὀνόματα,
1360 2346 1390 2371 τό
1408 2353 1437 2372 τε
1458 2346 1630 2381 Υἱὸς,φημὶ,
1651 2348 1699 2374 καὶ
1721 2349 1790 2383 Χρι-

1001 2390 1063 2422 στὸς
1082 2391 1130 2417 καὶ
1149 2390 1269 2426 Κύριος·
1285 2391 1371 2418 καὶεί
1391 2392 1440 2426 μὲν
1454 2389 1523 2418 εἶναι
1544 2392 1622 2419 κοινά
1646 2401 1730 2428 φησιν
1752 2394 1789 2426 ὡς

1001 2435 1042 2462 ένὶ
1056 2435 1094 2470 τῷ
1110 2436 1230 2471 Χριστῷ,
1245 2436 1291 2463 καί
1305 2445 1360 2462 τισι
1376 2437 1440 2472 παρ’
1455 2436 1536 2464 αὐτὸν
1548 2437 1662 2472 ἑτέροις,
1683 2438 1742 2472 Εχοι
1756 2439 1789 2465 ἂν

999 2481 1071 2512 εἰκὸς
1089 2481 1104 2507 ό
1120 2481 1197 2515 λόγος
1213 2481 1296 2517 αὐτῷ.
1317 2482 1348 2508 Εί
1363 2482 1392 2508 δὲ
1409 2482 1541 2518 διῖστησιν
1563 2483 1687 2518 ἀμαθῶς,
1704 2483 1788 2510 οἴεταί

1000 2535 1029 2552 τε
1046 2526 1161 2562 πρέπειν
1180 2527 1249 2554 αὺτά
1266 2528 1313 2554 καὶ
1333 2528 1424 2559 ίδικῶς
1443 2527 1482 2562 τῷ
1494 2528 1583 2564 Λόγῳ,
1605 2529 1652 2555 καὶ
1674 2529 1729 2564 μὴν
1753 2530 1789 2565 τῷ

1000 2572 1033 2598 ὲκ
1053 2571 1191 2605 γυναικὸς,
1204 2572 1252 2598 δύο
1273 2581 1325 2599 που
1340 2574 1448 2605 πάντως
1470 2573 1551 2600 πάλιν
1571 2574 1618 2601 καὶ
1637 2575 1790 2610 ἀναμφιλόο

999 2626 1054 2651 γως
1069 2618 1193 2653 Χριστοὶ,
1209 2619 1256 2645 καὶ
1274 2619 1344 2651 Υἱοὶ,
1360 2620 1407 2646 καὶ
1425 2619 1531 2655 Κύριοι·
1545 2620 1596 2656 ἔφη
1616 2621 1682 2657 γὰρ,
1700 2622 1742 2648 ὅτι
1761 2622 1790 2648 τὸ

999 2664 1115 2699 Χριστὸς
1129 2664 1225 2700 ὄνομα,
1242 2665 1308 2692 ποτὲ
1328 2665 1378 2699 μὲν
1405 2666 1496 2693 θετέον
1519 2667 1567 2693 ἐπὶ
1589 2667 1638 2702 τῆς
1662 2667 1791 2702 θεότητος

999 2710 1095 2746 αὐτῆς,
1112 2711 1176 2737 ποτὲ
1191 2711 1220 2738 δὲ
1235 2712 1283 2738 καὶ
1295 2712 1341 2738 ἐπὶ
1355 2713 1404 2747 τῆς
1417 2712 1635 2748 ἁνθρωπότητος,
1651 2712 1668 2747 ἦ
1687 2713 1735 2739 καὶ
1748 2712 1790 2738 ἐπ’

999 2757 1117 2793 ἀμφοῖν·
1135 2757 1257 2793 ὀνήσειεν
1273 2758 1295 2785 δ’
1308 2758 1341 2785 ἂν
1357 2760 1372 2793 ὴ
1388 2759 1533 2794 ὁμωνυμία
1551 2759 1580 2785 τὸ
1602 2758 1726 2794 σύμπαν,
1747 2758 1791 2785 oi:-
