1883 3054
63 157 92 184 69
624 154 814 184 ADVERSUS
834 154 1037 184 NESTORIUM
1057 155 1122 184 LIB.
1143 153 1178 184 11.
1666 156 1702 186 το

62 218 110 250 ἂν,
122 216 161 248 εἰς
178 223 212 250 γε
231 214 264 242 τὺ
280 214 339 242 δεῖν
359 215 410 243 ἕνα
426 215 546 244 νοεῖσθαι
568 217 698 252 Χριστὸν.
717 217 766 243 καὶ
781 216 850 249 Υιδν,

951 218 1022 245 citra
1036 217 1233 245 dubitationem
1246 220 1326 244 erunt
1341 213 1455 248 Christi,
1477 218 1505 243 et
1519 213 1593 247 Filii,
1610 219 1635 242 et
1649 215 1702 242 Do~

63 263 104 290 ui
118 261 230 297 Κύριον,
247 261 388 296 τέμνοντα
402 261 466 297 δίχα
485 261 534 288 τοῦ
555 263 603 289 καὶ
621 263 706 294 αὑτᾶς
728 262 852 297 ἀλλήλων

62 308 105 340 τὰς
122 307 286 338 ὑποστάσεις
299 307 457 342 ἀποφοιτᾷν
468 315 474 321 ·
489 307 538 335 καὶ
550 307 591 339 εις
606 307 693 343 ἱδικὴν
708 308 855 343 ἑτερότητα

63 354 112 380 τῶν
130 353 284 388 προσώπων
307 352 525 388 διεσταλμένων.
546 353 672 388 Ἐμφανῆ
691 354 745 388 γὰρ
758 354 854 390 ὥσπερ

63 402 124 435 ἡμῖν
147 399 283 431 καθιστὰς
305 401 357 434 τῆς
382 400 499 435 ὲνούσης
523 399 598 435 αὐτῷ
622 400 776 436 δυσμαθῐας
805 401 855 436 τὴν

64 447 178 481 δύναμιν,
197 446 376 481 προσεπάγει
391 446 440 473 καί
455 453 548 481 φησιν·

906 263 985 290 mini.
1011 263 1084 290 Dixit
1105 263 1178 290 enim
1203 262 1305 290 Christi
1329 269 1427 289 nomen
1449 268 1642 295 nonnunquam
1669 261 1702 288 de

907 308 965 343 ipsa
986 308 1138 340 divinitate,
1163 315 1357 342 nonnunquam
1385 307 1419 335 de
1445 306 1628 338 humanitate,
1656 310 1701 332 aut
1736 309 1742 314 '

905 354 990 381 etiam
1007 353 1040 381 de
1057 359 1172 388 utroque
1195 353 1410 388 intelligendum.
1434 351 1463 379 In
1481 351 1638 380 universum
1652 359 1688 378 au

906 405 961 427 tem
976 399 1042 426 nihil
1056 399 1220 426 dividentem
1236 399 1337 434 juverit
1348 399 1468 433 ejusdem
1484 399 1601 426 nominis
1614 399 1701 433 aequi-

904 446 1013 473 vocatio
1025 446 1051 473 in
1064 446 1126 478 hoc,
1142 450 1170 472 ut
1186 453 1256 473 unus
1273 445 1399 473 Christus
1414 445 1593 480 intelligatur.
1605 450 1634 472 et
1656 444 1700 471 Fi-

65 496 118 523 lius.
135 499 162 521 et
174 492 320 525 Dominus,
336 494 445 522 etiamsi
469 495 534 529 ipsae
564 494 726 530 bypostases
753 494 871 521 invicem
887 494 1021 529 sejunctze
1053 503 1106 521 non
1125 494 1190 525 sint,
1211 501 1244 522 ac
1267 501 1389 529 personae
1412 495 1521 528 propria
1544 493 1701 521 diversitate

66 540 200 568 distincta.
218 537 255 565 Ut
269 539 346 566 enim
361 547 419 567 suae
434 541 512 568 nobis
531 541 674 575 imperitiae
688 542 743 567 vim
759 543 897 575 ostendat,
911 540 1034 575 adiungit
1047 546 1075 568 et
1088 542 1126 568 ait
1145 550 1151 568 :

95 586 186 622 [Ὅταν
203 583 252 612 οὖν
265 587 285 621 ἡ
301 586 362 613 θεία
375 587 472 623 Γραφὴ
489 587 573 623 μέλλῃ
583 587 683 622 λέγειν,
696 587 713 623 ἢ
730 588 857 623 γέννησιν

64 633 104 659 τοῦ
120 630 235 668 Χριστοῦ
258 632 311 668 τὴν
327 633 359 659 ὲκ
375 633 427 668 τῆς
443 633 579 669 μακαρίας
596 633 748 670 Παρθένου,
772 634 788 669 ἢ
805 634 855 661 θά-

64 687 143 711 νατον,
156 677 282 712 οὐδαμοῦ
303 678 430 712 φαίνεται
444 679 552 706 τιθεῖσα
562 699 570 711 ,
590 679 668 712 Θεὸς,
683 679 771 715 ἀλλ’ἢ
788 681 856 716 Χρι-

66 725 128 757 στὸς,
143 724 160 759 ἢ
174 723 250 756 Υἱὸς.
265 724 285 759 ἦ
304 724 420 759 Κύριος.
439 725 551 758 Ἐπειδὴ
565 725 653 752 ταῦτα
669 725 704 752 τὰ
718 726 783 762 τρία
797 727 854 754 τῶν

64 772 104 798 δύο
120 770 226 805 φύσεών
243 772 303 797 εἰσι
320 771 482 806 σημαντικά
493 779 500 786 ·
513 772 578 798 ποτὲ
594 772 644 807 μὲν
657 772 772 808 ταύτης,
785 773 851 800 ποτε

65 820 83 846 δ’
101 819 215 853 ἐκείνης.
239 818 312 844 ποτὲ
327 819 357 845 δὲ
373 820 476 855 ταύτης
495 820 642 856 κάκείνηςο
657 819 713 848 οἷόν
731 830 758 848 τι
773 821 855 856 λέγω,

64 867 120 892 ὅταν
133 865 181 899 τὴν
195 864 226 897 ἐξ
245 865 370 900 οὐρανοῦ
384 865 513 901 γέννησιν
530 867 597 902 ἡμῖν
611 867 628 902 ἡ
643 867 740 903 Γραφὴ
760 867 857 903 διηγῆ-

944 588 1077 625 [Νεετοιι.
1099 588 1150 616 Ubi
1163 589 1244 624 igitur
1260 596 1344 616 sacrae
1355 588 1464 616 Littera:
1477 588 1518 616 vel
1532 589 1700 616 nativitatem

907 634 1011 663 Christi
1028 635 1061 663 de
1075 635 1153 662 beata
1166 634 1279 670 Virgine
1294 640 1341 662 aut
1355 635 1414 670 ejus
1425 640 1540 663 mortem
1550 639 1700 669 exponunt,

907 689 1038 717 nusquam
1048 686 1151 716 ponunt
1159 682 1255 714 Deum,
1267 682 1314 709 sed
1325 681 1366 709 vel
1376 682 1524 714 ChristumI
1538 683 1578 709 vel
1590 681 1700 715 Filium,

908 727 949 756 vel
959 728 1118 761 Dominum;
1133 735 1194 755 nam
1206 728 1262 755 haec
1272 728 1323 755 tria
1335 728 1403 754 duas
1413 732 1525 755 naturas
1535 727 1700 763 signiﬁcant.

906 782 977 802 nunc
997 774 1079 806 hanc,
1105 781 1178 801 nunc
1205 773 1294 806 illam;
1318 780 1390 800 nunc
1408 777 1436 800 et
1459 774 1529 800 hanc
1549 778 1577 800 et
1602 773 1675 800 illam
1690 782 1698 789 -

908 819 983 847 verbi
996 819 1093 854 gratia,
1106 827 1167 846 cum
1179 819 1253 847 illam
1266 827 1282 846 ο
1293 819 1362 847 εωΙο
1373 819 1544 847 nativitatem
1559 818 1700 855 Scriptura

907 866 986 893 nobis
993 866 1114 900 exponit,
1124 865 1189 900 quid
1199 865 1237 892 ait
1245 865 1257 891 ?
1265 864 1339 892 Misit
1353 865 1424 893 Deus
1431 863 1528 892 Filium
1537 872 1615 892 suum
1627 873 1635 898 ;
1645 872 1699 892 non

65 920 114 943 ται,
130 911 153 937 τί
168 911 262 945 λέγεις
284 911 497 945 Ἐξαπέστειλεν
510 913 524 939 6
539 912 606 944 Θεὸς
619 913 666 939 τὸν
683 913 747 940 Υἱὸν
761 913 850 941 αὑτοῦ.

944 916 996 939 lem
1013 919 1020 938 :
1039 910 1114 939 Misit
1127 911 1287 938 DeusDeum
1306 909 1436 943 Verbum,
1451 910 1498 938 sed
1511 918 1610 938 nomen
1618 911 1700 938 sumit

65 957 116 984 06x
125 955 208 989 εἶπεν,
218 957 435 989 Ἐξαπέστειλεν
445 959 459 984 6
466 958 532 990 Θεὸς
544 958 591 984 τὸν
603 958 670 985 Θεδν
680 959 776 994 Λόγον·
789 959 858 986 ἀλλὰ

65 1003 186 1038 λαμϐάνει
204 1002 236 1029 τι
259 1003 351 1038 ὄνομα
367 1003 398 1030 τὺ
418 1003 520 1038 μηνῦον
539 1004 590 1035 τὰς
615 1003 712 1038 φύσεις
729 1004 780 1037 τὰς
797 1005 855 1033 δύο.

72 1049 169 1084 Ἐπειδὴ
183 1049 238 1084 γὰρ
252 1049 268 1075 6
283 1049 355 1081 Υῑὺς
371 1049 516 1084 ἄνθρωπός
529 1050 588 1076 ἐστι.
603 1051 650 1077 καὶ
667 1050 744 1083 Θεὸς,
762 1051 836 1085 λέγει
849 1059 856 1066 ·

69 1103 76 1119 ι
93 1093 295 1127 Ἑξαπέστειλεν
308 1095 356 1121 τὸν
381 1095 446 1120 Υἱδν
468 1094 550 1121 αὐτοῦ
573 1095 746 1131 γεννώμενον
759 1096 790 1122 ὲκ
805 1105 856 1130 γυ-

67 1140 164 1170 ναικός·
179 1149 188 1166 ι
207 1139 254 1166 ἵνα
278 1140 348 1166 ὅταν
370 1139 492 1175 ἀκούσῃς
511 1140 542 1166 τὸ
566 1139 737 1174 γεννώμενον
752 1141 784 1167 ἐκ
804 1149 856 1174 γυλ-

66 1183 159 1216 νιικὺς,
170 1181 230 1210 εἶτα
242 1183 305 1220 ἴδῃς
319 1184 351 1210 τὺ
362 1184 447 1219 ὄνομα
459 1184 638 1220 προκείμενον
648 1184 679 1211 τὸ
692 1185 794 1220 μηνῦον
806 1186 857 1217 τὰς

68 1231 150 1264 sint;
166 1230 215 1262 τὰς
227 1230 288 1263 δύο,
309 1230 353 1257 ἵνα
370 1230 420 1266 τὴν
435 1230 562 1266 γέννησιν
581 1231 632 1266 τὴν
648 1231 681 1257 ὲιι
695 1231 744 1266 τῆς
767 1239 857 1267 μακα-

69 1276 120 1312 pix;
134 1275 286 1311 Παρθένου,
304 1275 372 1303 Υἱοῦ
389 1276 450 1311 μὲν,
459 1275 545 1312 καλῇς
555 1284 562 1291 ·
578 1275 642 1302 Υιὺν
656 1276 711 1311 γὰρ
724 1276 855 1312 ἐγέννησε

67 1321 126 1348 Θεοῦ
152 1322 198 1348 καὶ
211 1323 229 1356 ἡ
246 1322 437 1357 Χριστοσόκος
450 1321 596 1358 Παρθένος.
616 1321 687 1348 Ἀλλ’
701 1322 851 1357 ἐπειδήπερ

909 957 980 992 quod
993 958 1061 985 duas
1075 962 1186 984 naturas
1200 957 1384 984 indicatznam
1395 957 1457 992 quia
1472 956 1555 984 Filius
1567 956 1649 984 homo
1657 961 1700 983 est

908 1011 940 1031 ac
957 1003 1040 1036 Deus,
1056 1004 1186 1038 inquitn
1204 1003 1277 1031 Misit
1285 1003 1383 1030 Filium
1397 1010 1476 1030 suum
1494 1007 1586 1030 natum
1600 1010 1633 1029 ex
1642 1009 1700 1028 mu—

908 1049 974 1077 liere
987 1049 1028 1082 ﬂ;
1041 1058 1050 1075 ι
1063 1054 1161 1077 utcum
1176 1049 1307 1082 audieris,
1324 1054 1417 1084 natum
1428 1056 1462 1076 ex
1476 1048 1598 1079 muliere,
1610 1048 1699 1075 conti-

907 1101 962 1123 nuo
972 1093 1065 1121 videas
1073 1094 1245 1128 praepositum
1259 1101 1355 1121 nomen
1366 1093 1438 1128 quod
1454 1093 1521 1121 duas
1536 1097 1649 1120 naturas
1659 1094 1700 1120 in-

908 1139 992 1171 dicat,
1009 1144 1038 1166 ut
1055 1139 1225 1166 nativitatem
1241 1146 1275 1166 ex
1290 1139 1368 1167 beata
1385 1138 1495 1175 Virgine
1507 1139 1568 1167 Filii
1584 1146 1645 1166 esse
1659 1139 1701 1166 tli-

907 1192 966 1218 cas;
977 1191 1039 1212 nam
1054 1184 1100 1212 Dei
1113 1184 1210 1212 Filium
1222 1185 1404 1219 genuitetiam
1416 1184 1461 1213 illa
1472 1184 1699 1219 Cbristigenitrix

908 1231 1000 1266 Virgo.
1017 1231 1070 1259 Sed
1082 1231 1145 1266 quia
1159 1230 1207 1258 Dei
1219 1231 1305 1259 Filius
1312 1231 1410 1267 duplex
1427 1235 1470 1260 est
1491 1231 1638 1260 secundum
1653 1239 1700 1258 na.

907 1280 996 1308 turas.
1009 1277 1103 1310 genuit
1123 1276 1332 1309 humanitatem,
1348 1284 1408 1312 quae
1433 1282 1477 1306 est
1498 1277 1569 1306 illius
1589 1282 1701 1312 propter

905 1322 1078 1358 coniunctum
1095 1322 1146 1349 sibi
1164 1321 1287 1359 Filiom.]
1482 1322 1484 1326 ’

66 1368 78 1392 ὁ
93 1367 149 1399 Υἱὸς
161 1368 207 1394 τοῦ
222 1368 296 1394 Θεοῦ
310 1368 421 1399 διπλοῦς
435 1368 493 1395 ἔστι
509 1368 560 1400 τὰς
570 1367 677 1402 φύσεις,
691 1367 820 1410 ἐγέννησε
834 1367 895 1403 Ιοὺκ
912 1367 1054 1404 ιγέννησε]
1071 1368 1121 1404 μὲν
1136 1369 1182 1396 τὸν
1197 1368 1261 1397 Υιὸν
1281 1368 1329 1395 τοῦ
1344 1367 1423 1401 Θεοῦ,
1434 1368 1492 1396 ἀλλ’
1507 1368 1634 1404 ιγὲννησε
1649 1368 1699 1405 τὴν

68 1414 262 1450 ἁνθρωπὸτητα,
272 1415 339 1451 ἥτις
353 1415 429 1442 ἐστὶν
440 1415 508 1449 υἱὸς,
521 1416 565 1443 διὰ
578 1415 624 1443 τὸν
638 1415 811 1452 συνημμένον
821 1415 910 1452 Tum]

366 1486 493 1514 ΚΕΦΑΛ.
510 1486 547 1514 B’.

102 1551 165 1578 Ἀλλ’
181 1552 263 1587 ἡμεῖς
278 1559 323 1585 γε,
345 1548 369 1578 ὦ
383 1551 452 1584 ’τᾶν,
464 1552 489 1579 οἱ
505 1552 559 1579 τῶν
575 1551 630 1579 σῶν
649 1553 854 1590 τερετισμάτων

69 1597 96 1623 τὰ
113 1596 210 1632 ἀμείνω
226 1597 344 1632 φρονεῖν
359 1597 524 1631 ἐγνωκότες·
540 1597 588 1624 καὶ
604 1597 655 1632 τῆς
671 1597 853 1626 θεοπνεύστου

70 1642 167 1677 Γρσφῆς
189 1642 404 1678 ἰχνηλατοῢντες
424 1643 470 1670 τὸν
486 1643 586 1678 κόσμον
602 1643 657 1679 [fon
671 1643 793 1680 σκοπὸν],
807 1644 855 1671 ἕνα

68 1687 188 1723 λεγούσης
207 1687 255 1715 τὸν
273 1687 390 1723 Πατέρα
407 1688 454 1715 καὶ
467 1687 531 1715 Θεὸν
551 1688 581 1720 ἐξ
597 1685 627 1715 οὗ
640 1689 675 1716 τὰ
692 1690 791 1722 πάντα,
808 1691 856 1716 καὶ

68 1736 108 1760 ἕνα
127 1734 223 1770 Κύριον
240 1734 352 1770 Ἰησοῦν
374 1733 503 1769 Χριστὸν,
519 1733 553 1761 δι’
567 1731 598 1762 οὗ
614 1734 648 1762 τὰ
668 1735 757 1762 πάντα
781 1743 853 1771 παρ-

69 1780 128 1816 ήχθη
152 1780 218 1816 πρὸς
242 1780 367 1814 γένεσιν,
390 1780 455 1806 ὅταν
475 1779 637 1815 ἀκούσωμεν
652 1781 685 1807 ὲκ
707 1781 755 1816 τῆς
772 1781 854 1815 ἁγίας

70 1826 193 1861 Παρθένου
218 1825 406 1860 γεγεννῆσθαι
431 1824 563 1860 Χριστὸν,
584 1826 645 1852 τότε
661 1825 705 1861 δὴ,
721 1826 783 1852 τότε
807 1828 855 1853 καὶ

70 1871 133 1906 μάλα
154 1872 317 1907 ἐμφρόνως,
334 1871 382 1898 καὶ
400 1872 462 1898 κατ’
475 1870 540 1897 εὐθὺ
559 1871 608 1907 τῆς
632 1871 762 1907 ἀληθείας
784 1872 853 1899 ἰέναι

71 1918 265 1950 σπουδάζοντες,
284 1917 335 1944 τὸν
349 1918 381 1943 ὲκ
396 1916 464 1944 Θεοῦ
481 1916 586 1952 Πατρὸς
605 1917 692 1951 φύντα
706 1917 792 1951 Λόγον
811 1919 854 1944 ὲν-

70 1964 234 2000 ανθρωπῆσαί
257 1963 293 1998 γέ
318 1972 421 1998 φαμεν,
449 1963 497 1989 καὶ
520 1963 654 1998 ένωθῆναι
686 1964 769 1999 σαρκὶ
791 1964 853 1990 καθ’

70 2011 214 2050 ὑπό-Ξεισιν,
230 2009 398 2045 γεννηθῆναι
413 2018 442 2036 τε
458 2009 528 2036 κατὰ
548 2009 654 2044 σάρκα·
669 2011 718 2037 καὶ
736 2010 786 2045 τῆς
803 2011 854 2046 σῆς

70 2058 103 2087 εἰς
116 2055 190 2083 τοῦτο
202 2056 351 2091 τερθρεεας
366 2056 415 2082 οὐκ
433 2054 582 2090 ἀνεξόμεθα
593 2063 601 2071 ⁸
617 2055 658 2082 ἐν).
672 2055 700 2082 δὲ
716 2055 763 2082 καὶ
780 2056 853 2091 μόνῳ

70 2103 103 2136 τῷ
122 2102 189 2129 κατὰ
211 2102 294 2139 φΞιν
313 2100 371 2136 Υἱῷ
393 2101 425 2127 τὺ
445 2100 562 2137 Χριστὸς
578 2100 665 2136 ὄνομα
686 2102 853 2137 προσνεμοῦ-

72 2156 124 2183 μεν,
136 2148 244 2179 εἰκότως
255 2156 262 2163 ·
278 2147 439 2182 γεννήσεως
452 2147 666 2183 ὀνομαζομένης,
679 2147 730 2183 τῆς
745 2147 789 2175 διὰ
802 2149 853 2184 τῆς

70 2194 141 2227 ἁγίας
154 2193 306 2229 Παρθένου.
324 2192 409 2219 Κοινὰ
425 2192 474 2228 μὲν
490 2193 556 2228 γὰρ,
570 2193 608 2225 ὡς
622 2193 701 2228 ἔφην,
718 2193 792 2229 αὐτῷ
806 2195 853 2221 καὶ

1242 1484 1318 1513 CAP.
1339 1484 1371 1512 ll.

942 1553 977 1580 At
992 1560 1042 1580 nos
1063 1557 1147 1585 certe,
1163 1559 1180 1580 ο
1200 1552 1240 1579 vir
1263 1552 1377 1587 optime,
1401 1552 1446 1587 qui
1463 1552 1517 1580 tuis
1541 1552 1620 1587 nugis
1641 1559 1698 1580 me-

905 1598 973 1626 liora
991 1599 1093 1626 sentire
1109 1598 1289 1631 decrevimus,
1311 1601 1338 1624 et
1360 1597 1512 1624 divinarum
1533 1595 1698 1625 Litterarum

906 1644 1074 1680 propositum
1095 1644 1320 1678 pervestigamus,
1346 1650 1407 1678 quae
1432 1642 1526 1670 dicunt
1543 1650 1626 1670 unum
1649 1642 1698 1670 Pa-

906 1694 975 1717 trem
991 1693 1019 1717 et
1043 1690 1126 1717 Deum
1147 1697 1180 1716 ex
1206 1696 1260 1724 quo
1282 1689 1385 1720 omnia,
1401 1693 1427 1716 et
1446 1695 1532 1716 unum
1555 1689 1698 1717 Dominum

905 1734 997 1762 Jesum
1022 1734 1169 1766 Christum,
1192 1741 1241 1768 per
1265 1741 1345 1768 quem
1363 1733 1454 1760 omnia
1476 1738 1505 1761 ιιι
1526 1738 1617 1762 essent
1636 1742 1698 1768 pro-

905 1781 985 1809 ducta
1005 1780 1112 1814 sunt",
1127 1788 1188 1808 cum
1210 1780 1336 1808 audimus
1359 1787 1391 1807 ex
1406 1779 1460 1815 37
1474 1785 1569 1808 sancta
1588 1780 1698 1816 Virgine

905 1832 998 1855 natum
1015 1833 1076 1854 esse
1088 1825 1239 1857 Christum,
1253 1825 1325 1853 illico
1338 1825 1486 1861 prudenter
1501 1825 1647 1853 admodutn
1669 1829 1698 1853 nl.

905 1879 981 1901 recto
1006 1873 1039 1901 ad
1061 1873 1205 1900 veritatem
1228 1872 1326 1900 itinere
1349 1875 1537 1907 properantes,
1570 1871 1636 1899 illud
1662 1879 1696 1899 ex

905 1919 961 1948 Deo
971 1918 1055 1947 Patre
1068 1923 1161 1946 natum
1175 1918 1290 1946 Verbum
1303 1918 1439 1945 hominem
1452 1918 1553 1945 factum
1567 1918 1696 1952 dicimus,

903 1969 931 1992 et
954 1965 1060 1991 unitum
1084 1963 1160 1991 carni
1185 1963 1334 1991 secundum
1358 1963 1537 1999 hypostasim,
1552 1967 1580 1991 et
1602 1968 1696 1991 natutn

904 2009 1053 2037 secundum
1073 2016 1195 2041 carnem,
1222 2013 1250 2036 et
1275 2013 1333 2036 tuas
1358 2008 1386 2036 in
1413 2008 1464 2036 hac
1492 2015 1522 2036 re
1545 2009 1698 2044 praestigias

908 2055 982 2082 nullo
1010 2055 1091 2082 modo
1115 2054 1271 2090 patiemur:
1286 2054 1334 2081 sed
1355 2053 1402 2081 oni
1426 2058 1454 2081 et
1477 2053 1527 2081 soli
1546 2054 1696 2081 secundum

905 2106 1029 2129 naturam
1047 2100 1117 2128 Filio
1131 2100 1232 2128 Christi
1251 2108 1348 2128 nomen
1362 2100 1512 2128 tribuemus
1527 2109 1534 2131 :
1547 2105 1574 2127 et
1587 2099 1696 2134 quidem

902 2148 976 2184 jure,
991 2155 1051 2175 cum
1065 2147 1109 2175 illa
1123 2154 1171 2182 per
1186 2153 1308 2174 sanctam
1324 2146 1463 2182 Virginem
1477 2146 1571 2179 editio,
1584 2153 1697 2180 genera-

903 2195 941 2222 tio
959 2199 1140 2228 nuncupetur.
1164 2193 1325 2221 Communia
1352 2199 1469 2227 namque
1491 2197 1555 2220 sunt
1578 2192 1615 2219 illi
1633 2199 1695 2219 cum

71 2239 162 2274 ἑτέροις
182 2235 237 2264 εἷεν
252 2239 288 2265 ἂν
305 2237 342 2264 τὰ
363 2237 452 2264 τοιάδε
473 2238 527 2265 τῶν
544 2238 686 2273 ὀνομάτων
704 2238 850 2274 ὁμολογου-

946 2241 967 2268 is
981 2247 1100 2275 quoque,
1114 2244 1144 2266 ut
1155 2239 1223 2272 dixi,
1238 2238 1371 2274 ejusmodi
1392 2238 1512 2266 nomina.
1528 2237 1604 2264 Multi
1622 2245 1696 2264 natu-

72 2285 159 2318 μένως,
179 2284 276 2311 Πολλοὶ
296 2284 353 2320 γὰρ
373 2284 428 2310 oio‘.
443 2284 514 2311 κατὰ
537 2284 628 2320 χάριν.
646 2284 692 2312 καὶ
714 2284 780 2323 θεοὶ,
804 2286 852 2311 καὶ

70 2331 159 2365 κύριοι,
173 2330 201 2356 ἐν
214 2339 245 2356 τε
267 2330 379 2366 ούρανῷ
404 2332 451 2357 καὶ
467 2331 514 2357 ἐπὶ
529 2331 580 2366 τῆς
598 2331 660 2366 γῆς,
677 2330 749 2358 καθὰ
771 2332 817 2358 καὶ
838 2332 852 2358 6

71 2376 201 2408 Θεσπέσιος
212 2377 281 2412 ἡμῖν
295 2377 398 2411 γράφει
417 2376 534 2409 Παῦλος,
555 2377 625 2412 πλὴν
640 2377 678 2408 ὡς
698 2378 727 2404 έν
743 2377 852 2412 μεθέξει

70 2422 112 2448 τοῦ
123 2423 189 2449 κατὰ
201 2423 294 2457 φύσιν,
309 2423 356 2449 καὶ
371 2422 442 2449 κατὰ
458 2423 583 2466 μίμησιν.
597 2423 634 2449 T6
648 2422 676 2449 δέ
691 2431 723 2456 γε
735 2413 851 2459 Χρῦτὸς

72 2468 146 2503 limiti:
159 2477 187 2495 τε
202 2469 249 2495 καὶ
262 2468 372 2504 χρῆμα,
388 2468 489 2503 πρέποι
511 2467 544 2494 ἂν
566 2467 626 2494 κατ’
640 2467 735 2494 οὐδένα
750 2468 850 2503 τρόπον

72 2512 105 2546 τῷ
122 2515 151 2540 ὲκ
170 2514 276 2549 Πατρδς
297 2514 356 2540 ὕντι
371 2513 451 2548 Λόγῳ
475 2513 581 2548 γυμνῷ,
603 2513 650 2540 καὶ
670 2513 729 2540 καθ’
743 2513 848 2546 ἑαυτὸν,

73 2560 113 2586 καὶ
123 2560 171 2592 ἔξω
182 2560 283 2596 σαρκὸς
293 2559 362 2595 πρὸς
373 2560 390 2594 ἡ
394 2559 452 2594 μῶν
462 2559 608 2594 νοουμένῳ.
621 2560 652 2586 El
663 2559 691 2586 δὲ
701 2559 733 2594 δὴ
744 2559 849 2593 λέγοιτο

73 2605 178 2632 κενῶσαι
193 2614 223 2632 τε
239 2605 349 2638 ἑαυτὸν,
363 2605 412 2632 καὶ
430 2606 458 2631 ἐν
472 2606 505 2640 τῇ
519 2604 566 2631 τοῦ
582 2605 674 2632 δούλου
688 2605 848 2632 καθικέσθαι

76 2653 166 2687 μορφῇ,
180 2653 226 2678 καὶ
244 2651 308 2678 καθ’
327 2652 404 2686 ἡμᾶς
422 2650 547 2684 γενέσθαι
560 2650 606 2677 διὰ
620 2650 670 2684 τὴν
690 2650 790 2685 σάρκα,
805 2658 850 2676 κε-

75 2699 190 2734 κλήσεται
204 2699 251 2725 καὶ
266 2697 417 2730 αὑτδς,διά
436 2705 476 2723 τοι
495 2696 527 2723 16
543 2696 696 2733 κεχρίσθαι,
716 2697 848 2732 Χριστός”

75 2744 101 2770 οὐ
115 2745 164 2780 γὰρ
177 2745 322 2780 κέχρισται
338 2742 401 2770 κατ’
415 2742 483 2769 ἰδίαν
499 2742 579 2776 φύσιν
593 2742 658 2774 Θεὸς
671 2742 708 2769 ὢν
722 2743 736 2769 ὁ
747 2742 832 2775 Λόγος
843 2749 849 2757 ·

75 2788 157 2823 γέγονε
170 2789 197 2816 δὲ
210 2789 314 2824 μᾶλλον
327 2789 343 2824 ἡ
358 2788 450 2824 χρίσις
462 2787 535 2822 αὐτῷ
549 2789 612 2823 περὶ
623 2787 654 2814 ἰδ
670 2787 850 2823 ἀνθρώπινον.

907 2293 959 2321 que
982 2286 1029 2313 lilii
1053 2286 1203 2314 secundum
1233 2285 1359 2319 gratiam,
1378 2289 1405 2311 et
1425 2284 1473 2316 dii,
1488 2288 1516 2311 et
1540 2283 1642 2310 domini
1667 2283 1693 2309 iu

906 2332 978 2360 ccelo
994 2336 1022 2359 et
1043 2332 1069 2359 in
1095 2337 1180 2363 terra,
1198 2336 1227 2358 ut
1242 2332 1337 2358 beatus
1360 2329 1460 2358 Paulus
1479 2329 1619 2361 scribit",
1645 2330 1692 2357 sed

905 2377 965 2412 ejus
982 2378 1189 2413 participatione
1204 2382 1285 2412 atque
1304 2377 1465 2409 imitatione,
1484 2376 1530 2411 qui
1544 2375 1692 2404 secundum

905 2428 1031 2450 naturam
1054 2424 1185 2458 ejusmodi
1208 2428 1260 2451 est.
1278 2423 1313 2449 At
1335 2429 1399 2450 vero
1419 2422 1520 2450 Christi
1541 2429 1639 2449 nomen
1660 2430 1693 2449 ac

906 2477 958 2501 res,
976 2468 1065 2497 Verbo
1080 2469 1118 2496 illi
1135 2477 1168 2496 ex
1182 2469 1262 2496 Patre
1277 2467 1430 2498 exsistenti,
1446 2474 1478 2494 ac
1496 2466 1568 2494 nudo
1579 2471 1606 2494 et
1617 2474 1692 2494 seor-

904 2514 954 2541 sim
968 2518 996 2540 et
1020 2517 1095 2540 extra
1111 2521 1220 2540 carnem
1245 2512 1427 2545 considerato,
1444 2512 1517 2539 nullo
1533 2511 1613 2538 modo
1627 2518 1693 2538 con-

905 2560 991 2587 venit.
1017 2559 1093 2592 Quod
1114 2559 1137 2586 si
1163 2558 1262 2586 dicitur
1281 2557 1397 2592 seipsum
1421 2557 1587 2590 exinanisse,
1613 2561 1641 2584 et
1665 2557 1691 2584 in

902 2606 973 2633 servi
996 2604 1084 2632 forma
1111 2604 1294 2636 descendisse,
1316 2608 1344 2631 et
1365 2603 1468 2631 factum
1493 2602 1579 2630 fuisse
1601 2603 1690 2630 nostri

902 2651 1018 2679 similem
1041 2655 1154 2685 propter
1177 2657 1288 2677 carnem
1299 2650 1334 2681 ",
1349 2650 1407 2684 ipse
1430 2656 1538 2684 quoque
1556 2653 1691 2683 quatenus

904 2702 1002 2725 unctus
1028 2701 1082 2730 est,
1094 2696 1219 2724 Christus
1230 2695 1373 2724 vocabitur
1387 2705 1395 2723 :
1409 2703 1463 2723 non
1487 2695 1558 2722 enim
1572 2694 1690 2722 Verbum

903 2742 975 2777 quod
1001 2741 1072 2770 Deus
1093 2745 1153 2769 erat
1165 2741 1313 2768 secundum
1335 2748 1411 2768 suam
1433 2744 1559 2768 naturam
1581 2744 1623 2767 est
1641 2747 1692 2765 un-

905 2792 989 2819 ctum,
1005 2787 1053 2814 sed
1069 2787 1154 2822 ipsius
1177 2786 1269 2814 unctio
1286 2786 1376 2822 potius
1402 2786 1430 2814 in
1451 2785 1569 2814 hominis
1595 2788 1693 2812 natura

107 2876 219 2904 "Calat.
237 2885 274 2910 tv,
290 2878 318 2905 ό.
357 2877 382 2901 9³
396 2877 405 2904 l
419 2876 480 2904 Cor.
497 2885 554 2912 vul,
568 2877 596 2906 6.
633 2876 656 2894 "
673 2877 740 2905 Ibid.
755 2876 781 2903 5.
820 2874 843 2890 ’⁵
854 2875 970 2911 Philipp.
987 2883 1017 2909 ll,
1032 2876 1058 2908 7,
1076 2875 1102 2918 8.,
