1883 3054
148 152 179 180 7|

651 147 681 176 S.
699 146 841 175 CYRILLI
863 145 1102 174 ΑιεχΑΝοιιιΝι
1125 145 1285 173 ΔΠΕΙΙΙΕΡ.

1772 142 1821 169 72

151 213 213 240 fuit.
232 211 279 240 Sic
301 211 386 247 igitur
403 210 450 238 illo
465 214 625 245 antegressa
638 208 667 236 in
687 216 741 243 quo
763 208 855 235 unctio
876 208 946 235 facta

1040 217 1080 234 τω
1095 206 1243 243 τοιγαροῦν
1257 205 1478 242 προσϐεϐηκότος
1491 204 1608 237 ἐκείνου,
1625 203 1694 240 περὶ
1707 213 1738 231 ου
1754 202 1822 247 TE-

150 262 192 286 est
213 259 287 292 (nam
310 257 369 290 eius
394 256 502 290 propria
523 255 682 282 humanitas
709 254 792 281 estin
817 261 870 288 qua
894 252 946 280 fuit

152 304 266 337 unctio),
285 311 345 330 cum
360 302 498 329 Christum
512 300 588 328 illotn
602 300 780 335 appellamus,
797 307 850 326 non
871 304 901 326 ut
918 303 945 326 tu

145 333 281 378 lcﬂ'renate
301 349 441 384 loqueris,
471 354 644 375 communem
668 347 805 374 hominem
828 354 843 373 a
856 346 946 374 Verbo

152 395 281 426 divisum,
299 399 327 421 et
342 393 459 421 seorsim
475 393 593 428 positum
606 400 639 419 ex
656 397 749 419 sancta
766 391 876 426 Virgine
893 391 947 417 edi-

153 445 209 468 tum
236 447 374 475 putamus,
396 440 443 467 sed
469 439 568 474 ipsum,
594 444 623 465 ut
637 438 703 471 dixi,
734 446 766 465 ex
791 437 845 465 Deo
865 437 948 464 Patre

151 485 283 518 Verbum,
297 485 403 512 unitum
424 483 512 516 carni,
529 488 559 511 et
575 483 636 510 oleo
650 482 841 510 exsultatiouis
861 489 876 508 a
893 482 947 509 Deo

152 536 180 558 et
199 530 282 558 Patre
305 535 417 558 unctum
436 529 606 557 humanitus.
625 527 711 556 Porro
734 527 781 555 Dei
800 527 880 555 Verbi
897 535 947 554 ott-

152 577 269 604 ctionem
291 575 317 603 itt
336 575 506 603 humanitate
524 574 623 602 (actam
640 573 737 605 fuisse,
757 580 812 608 quo
827 578 949 607 tempore

152 621 250 650 similis
267 621 347 649 nobis
368 620 508 656 apparuit,
533 627 619 647 sacra:
638 619 750 647 Litterte
764 619 843 646 nobis
855 622 949 646 osten-

152 668 227 694 dent.
244 666 311 694 Cum
329 666 401 694 enim
418 666 515 693 beatus
528 665 614 693 Jacob
630 669 741 699 paterna
756 663 838 691 domo
847 663 949 691 cedens

153 714 180 742 itt
199 712 421 747 Mesopotamiam
439 717 575 748 pergeret,
596 716 624 738 et
641 711 675 738 ad
691 710 783 737 Laban
805 709 950 736 contende-

153 766 196 788 ret
213 759 353 787 Bathnelis
368 759 464 791 lilium,
477 759 503 785 iu
519 758 606 786 locum
619 758 764 792 quemdam
778 757 948 791 interiectum

154 805 290 841 pervenit,
308 805 400 840 ibique
415 805 581 836 diversatus,
599 805 626 831 in
645 803 816 838 suppositqu
832 802 949 836 lapidem

155 852 298 880 inclinavit
311 855 401 886 caput,
418 855 446 878 et
465 857 590 877 somnum
609 849 697 883 cepit;
715 857 748 876 ac
769 855 817 883 per
830 849 949 882 quietem

154 907 216 926 cum
231 898 282 925 sibi
296 897 399 925 scalam
416 897 509 924 videre
520 897 594 924 visus
608 901 682 924 esset
698 896 732 923 de
744 895 826 923 terris
841 894 875 922 ad
891 901 949 921 σω-
965 897 986 925 Β

155 944 210 972 Ιιιιιι
225 944 436 979 pertingentem.
451 942 564 978 angelos
578 947 709 977 praeterea
725 949 773 977 per
785 949 845 969 eam
858 948 950 968 ascen-

155 992 250 1018 dentes
265 998 297 1018 ac
320 990 528 1022 descendentes,
556 989 735 1023 inuixomque
752 995 834 1023 super
846 995 877 1015 ea
898 987 951 1014 Do-

157 1039 281 1070 minum,
313 1037 458 1064 admodum
485 1036 619 1063 visionem
646 1040 690 1063 est
724 1035 895 1066 admiratus,
924 1038 952 1061 et

156 1089 298 1118 acceptum
322 1083 439 1117 lapidem
466 1090 515 1116 pro
541 1082 621 1109 titulo
645 1082 754 1114 statuit,
783 1087 811 1108 et
838 1081 866 1108 in
893 1081 952 1116 eius

156 1135 308 1157 exn-emunt
331 1129 430 1156 infudit
451 1128 540 1156 oleum
551 1128 586 1155 ³⁷.
602 1127 662 1156 Jam
687 1128 714 1154 in
739 1127 782 1155 his
806 1127 951 1155 considera

156 1175 300 1203 Domittum
320 1181 442 1202 nostrum
458 1173 550 1202 Iesum
565 1174 705 1202 Christum
728 1173 804 1201 illttm
827 1181 910 1200 unum
925 1177 953 1201 et

157 1222 244 1249 solum
266 1226 295 1249 et
315 1228 380 1249 vere
398 1220 508 1253 Filium,
531 1220 608 1255 quasi
621 1220 677 1255 38
690 1219 806 1254 lapidem
831 1225 952 1247 erecttuu

158 1269 185 1296 in
210 1267 339 1295 titulum:
362 1267 385 1294 is
408 1267 481 1294 enim
506 1271 548 1294 est
573 1266 641 1302 lapis
659 1266 775 1298 electos,
803 1266 952 1299 angularis.

157 1315 302 1349 pretiosus,
330 1313 357 1340 in
383 1318 464 1348 caput
483 1312 587 1347 anguli,
610 1317 639 1340 et
662 1320 677 1338 ει
695 1312 750 1339 Deo
772 1317 800 1338 et
820 1311 902 1338 Patre
925 1311 952 1338 iu

159 1360 336 1387 fundamenta
351 1358 417 1386 Sion
435 1358 539 1393 positus
549 1357 584 1384 ".
601 1357 642 1385 Ad
658 1358 727 1391 have,
746 1358 856 1385 modum
869 1357 953 1384 etiam

158 1406 239 1433 velim
256 1405 398 1440 inspicias,
413 1411 467 1438 quo
480 1403 516 1431 sit
535 1407 636 1431 unctus
651 1412 657 1430 :
674 1411 727 1430 non
747 1403 820 1430 enim
835 1403 895 1430 oleo
913 1407 954 1429 to-

161 1455 216 1476 tum
230 1450 349 1484 undique
366 1448 483 1483 lapidem
499 1448 598 1475 beatus
614 1447 698 1476 Jacob
713 1448 847 1482 irrigavit,
859 1447 906 1474 sed
927 1447 954 1474 iu

160 1495 232 1523 illius
246 1499 400 1522 extremum
416 1493 525 1522 infudit.
540 1492 637 1528 Igitur,
653 1498 683 1520 ιιι
698 1493 734 1520 ita
751 1493 885 1524 dicamus,
900 1500 953 1520 non

161 1546 233 1569 totus
247 1541 291 1569 ille
305 1539 478 1575 Unigenitus,
493 1546 582 1574 neque
596 1539 623 1566 itt
641 1546 689 1567 sua
706 1539 764 1574 ipse
778 1544 885 1572 natura,
901 1546 953 1573 qna

161 1588 279 1617 Verbum
301 1592 353 1622 est,
379 1591 479 1615 unctus
500 1591 562 1620 est;
582 1593 644 1614 nam
670 1586 806 1621 quomodo
830 1593 895 1613 suos
917 1575 990 1613 illic

161 1635 273 1671 spiritus
295 1634 450 1670 impertitus
478 1633 591 1668 intelligi
617 1633 721 1668 possit?
739 1633 785 1660 sed
809 1632 909 1667 potius,
927 1636 957 1659 ut

161 1682 228 1714 dixi,
244 1682 270 1708 in
288 1686 412 1708 extremo
425 1681 546 1716 ungitur,
563 1679 616 1706 hoc
631 1685 684 1711 est,
701 1678 833 1710 exterius,
852 1682 880 1704 et
897 1682 957 1704 tan-

161 1735 243 1763 quam
261 1727 288 1754 in
307 1732 385 1760 parte
399 1732 482 1761 atque
499 1731 635 1757 extremo,
654 1724 782 1751 nimirum
799 1724 824 1750 in
843 1731 893 1751 suo
908 1731 957 1758 per

161 1780 255 1801 veram
268 1773 395 1800 unionem
406 1779 521 1806 corpore
537 1780 546 1799 :
561 1776 589 1799 et
603 1771 676 1798 sicut
693 1778 789 1806 passus
801 1778 863 1798 esse
874 1777 957 1797 carne

163 1819 264 1847 dicitur
275 1819 433 1846 humanitus
442 1819 479 1851 ",
494 1818 619 1853 quamvis
636 1825 684 1852 per
699 1822 823 1843 naturam
841 1821 869 1843 ut
886 1815 957 1843 Deus

163 1870 237 1893 esset
249 1864 426 1900 impassibilis
436 1884 444 1897 ,
465 1864 502 1891 ita
525 1862 685 1898 intelligitur
699 1867 796 1890 unctus
809 1861 956 1888 secundum

163 1912 377 1942 humanitatem,
404 1911 468 1938 licet
495 1915 581 1944 ungat
608 1909 667 1944 ipse
695 1916 744 1935 suo
766 1908 862 1943 spiritu
889 1915 957 1943 quos

154 1957 252 1993 'ipsius
267 1953 438 1985 sanctitatem
455 1956 618 1992 participare
632 1955 722 1983 decet.
736 1954 774 1982 lta
793 1961 840 1982 nos
853 1959 879 1981 et
893 1961 957 1981 sen-

167 2004 218 2031 tire
240 2003 395 2033 statuimus,
424 2007 452 2028 et
477 2007 552 2029 recte
572 2001 678 2036 ingredi
701 2001 901 2031 cansuevimus,
929 2003 958 2028 ut

166 2049 239 2085 regia
263 2055 390 2083 rectaque
404 2048 446 2075 via
470 2048 622 2074 tendamus.
645 2047 705 2082 Ipse
727 2054 791 2074 vero
807 2053 869 2073 cum
886 2045 958 2079 ejus-

166 2097 238 2124 modi
259 2096 369 2124 nomina
385 2097 453 2123 duas
478 2100 590 2122 naturas
603 2093 759 2128 signiﬁcare
775 2093 859 2124 dicat,
875 2092 959 2119 alter-

166 2142 220 2169 utri
236 2143 308 2177 quod
324 2142 373 2168 sibi
389 2141 490 2176 placuit
509 2148 557 2175 pro
572 2147 622 2167 suo
633 2138 748 2167 arbitrio
767 2139 872 2171 tribuit,
887 2138 960 2166 etde

167 2188 316 2216 humilibus
334 2189 425 2215 verbis
448 2188 482 2214 ad
504 2187 598 2214 carnis
621 2185 852 2220 dispensationem
873 2185 959 2220 perti-

1000 262 1079 288 γονεν
1095 254 1111 288 ὴ
1127 253 1218 289 χρίσις
1241 252 1334 288 (αὑτοῦ
1350 253 1404 288 γὰρ
1417 252 1434 287 ἡ
1453 250 1674 286 ὲνανθρώπησις,
1690 250 1758 287 περὶ
1777 243 1821 275 οὗ

1001 300 1114 334 γέγονεν
1126 300 1143 335 ἠ
1158 298 1272 335 χρίσις),
1285 299 1350 326 ὅταν
1359 299 1426 334 ἡμῖν
1441 296 1609 332 ὀνομάζηται
1624 295 1757 331 Χριστὸς,
1776 294 1819 321 οὐ

1001 346 1073 373 κατά
1090 354 1122 380 γε
1149 345 1198 381 τὴν
1219 345 1268 380 σὴν
1289 344 1500 380 ἀθυροστομίαν,
1527 344 1671 379 ἄνθρωπον
1702 341 1818 372 ἁπλῶς

1001 391 1223 427 ὑποτοπήσομεν,
1234 390 1399 426 διῃρημένον
1414 389 1462 416 τοῦ
1473 389 1570 424 Λόγου,
1587 389 1635 416 καὶ
1647 388 1700 416 ἀνὰ
1717 388 1819 424 μέρος

1001 437 1138 472 κείμενον,
1158 437 1190 463 ὲκ
1206 437 1257 473 τῆς
1274 436 1356 470 ἁγίας
1373 435 1498 471 τετέχθαι
1513 435 1664 470 Παρθένου,
1680 435 1739 462 ἀλλ’
1754 434 1821 461 αὑ-

1001 482 1057 515 τὸν,
1072 483 1111 515 ὼς
1128 482 1191 519 ἔφη,
1208 483 1253 509 τὸν
1278 483 1310 509 ὲκ
1329 482 1398 509 Θεοῦ
1423 481 1531 517 Πατρδς
1554 482 1641 516 Λόγον
1661 480 1819 508 ἑνωθέντα

1003 529 1088 565 σαρκὶ
1101 548 1108 560 ,
1130 529 1177 555 καὶ
1191 528 1231 564 τῷ
1247 528 1329 564 ἐλαίῳ
1344 528 1395 564 τῆς
1414 527 1601 562 ἀγαλλιάσεως
1619 526 1820 562 κεχρισμένον

1001 574 1180 610 ἀνθρωπίνως
1200 574 1277 610 παρὰ
1293 574 1340 601 τοῦ
1355 573 1423 601 Θεοῦ
1438 573 1486 600 καὶ
1500 573 1617 609 Πατρός.
1631 573 1692 600 Ὀτι
1708 572 1739 599 δὲ
1756 570 1820 605 γέ-

1002 629 1064 655 γονε
1078 620 1117 657 τῷ
1128 619 1188 656 Θεῷ
1200 620 1280 656 Λόγῳ
1296 620 1361 656 περὶ
1379 619 1410 647 τὸ
1426 619 1595 655 ἀνθρώπινον
1609 619 1625 654 ἡ
1639 618 1742 654 χρίσις,
1758 618 1817 645 ὅτε

1003 666 1108 702 πέφηνε
1126 666 1187 694 καθ’
1200 667 1285 703 ἡμᾶς,
1303 667 1375 703 ἱερὸν
1390 667 1466 702 ἡμᾶς
1484 665 1650 693 πιστώσεται
1668 665 1816 702 Γράμμα.

1009 711 1039 738 '0
1055 712 1104 748 μὲν
1117 713 1172 748 γὰρ
1185 713 1328 744 θεσπέσιος
1345 711 1453 745 Ἰακὼϐ,
1466 713 1516 747 τῆς
1531 711 1579 738 τοῦ
1595 712 1702 747 Πατρὺς
1718 710 1818 738 ἀπαί-

1005 765 1059 793 ρων
1079 758 1188 790 ἑστίας,
1209 758 1250 789 είς
1266 757 1318 793 τὴν
1331 756 1387 784 τῶν
1409 756 1546 792 ποταμῶν
1562 757 1684 792 ὑπήγετο
1701 757 1815 792 μέσην,

1003 804 1052 830 καί
1070 804 1139 839 πρὸς
1153 803 1247 831 Δάϐαν
1261 803 1305 839 ᾔει
1318 803 1365 831 τὸν
1381 803 1428 831 τοῦ
1446 802 1581 839 Βαθουὴλ,
1595 803 1635 829 ἐν).
1645 802 1675 830 δὲ
1688 803 1746 830 τῶν
1761 803 1817 829 διὰ

1006 849 1090 885 μέσου
1109 850 1217 885 χωρίων
1231 849 1410 885 ἐμϐεϐληκὼς
1429 848 1616 884 κατηυλίζετο.
1631 849 1686 876 Καὶ
1706 849 1742 884 δὴ
1758 849 1817 875 καὶ

1000 896 1067 932 λίθῳ
1085 895 1136 931 τὴν
1153 895 1274 931 κεφαλὴν
1291 895 1456 928 ὐποκλίνας,
1469 895 1514 922 τὸν
1526 895 1610 922 ὕπνον
1628 895 1787 930 εἰσδέχεται
1805 903 1812 908 ·

1001 942 1128 978 κλίμακα
1140 951 1170 969 τε
1191 942 1374 977 τεθεαμένος,
1391 942 1442 978 τὴν
1456 943 1487 969 ὲκ
1504 942 1557 977 γῆς
1577 942 1634 969 ἄνω
1654 942 1816 978 διήκουσαν

1001 989 1042 1020 εἰς
1054 989 1100 1016 τὸν
1118 988 1245 1024 οὐρανὸν,
1269 988 1466 1020 ἁναϐαίνοντάς
1480 997 1510 1015 τε
1527 988 1574 1015 καὶ
1588 988 1815 1020 καταϐαίνοντας

1001 1033 1035 1060 δι’
1051 1033 1138 1069 αὐτῆς
1172 1033 1236 1065 τοὺς
1266 1033 1409 1068 ἀγγέλους,
1443 1034 1680 1070 ὲπεστηριγμένον
1703 1034 1734 1062 δὲ
1760 1033 1816 1061 τὸν

1002 1080 1107 1116 Κύριον
1123 1079 1167 1106 ἐπ’
1181 1079 1276 1115 αὐτῆς,
1292 1080 1386 1116 θαῦμα
1403 1081 1452 1116 μὲν
1469 1080 1524 1107 τῶν
1545 1081 1667 1116 όράσεων
1685 1081 1815 1107 ἐποιεῖτο

1003 1125 1071 1153 πολύ
1084 1132 1091 1140 ·
1113 1124 1205 1152 λαϐὼν
1223 1126 1252 1152 δὲ
1275 1125 1322 1153 τδν
1338 1125 1424 1159 λίθον,
1448 1126 1564 1163 ἔστησεν
1586 1127 1668 1154 αὑτὸν
1690 1127 1813 1163 στήλην,

1003 1173 1052 1200 καὶ
1075 1174 1188 1210 ἐπέχεεν
1207 1173 1295 1200 ἔλαιον
1314 1173 1360 1200 ἐπὶ
1382 1173 1412 1200 τὺ
1439 1173 1523 1208 ἄκρον
1540 1173 1635 1209 αὐτῆς.
1653 1174 1753 1210 Ἀθρει
1774 1175 1813 1210 δὴ

1006 1221 1037 1246 ἐν
1058 1220 1164 1252 τούτοις
1188 1219 1235 1247 τὸν
1262 1219 1365 1254 Κύριον
1388 1219 1467 1255 ἡμῶν
1485 1219 1589 1255 Ἰησοῦν
1611 1221 1740 1255 Χριστὸν,
1762 1221 1813 1247 τδν

1003 1266 1052 1294 ἕνα
1068 1267 1117 1293 καὶ
1142 1266 1223 1302 μόνον
1248 1267 1296 1293 καὶ
1319 1266 1431 1301 ἀληθῶς
1445 1266 1522 1298 Υίὸν,
1536 1266 1573 1298 ὡς
1592 1266 1665 1293 λίθον
1684 1268 1813 1303 ἀναστη-

1003 1312 1155 1348 λούμενον·
1177 1313 1225 1340 καὶ
1251 1313 1306 1347 γάρ
1329 1313 1387 1339 ἑστι
1409 1312 1482 1344 λίθος
1505 1312 1651 1347 ἐκλεκτὸς,
1675 1314 1810 1349 ἀκρογω-

1004 1360 1100 1392 νιαῖος,
1114 1359 1232 1394 ἔντιμος,
1256 1359 1297 1390 εἰς
1313 1358 1435 1394 κεφαλὴν
1453 1358 1566 1393 γωνίας,
1589 1359 1637 1386 καὶ
1654 1360 1694 1391 είς
1710 1359 1746 1386 τὰ
1763 1359 1811 1386 Θευ

1006 1404 1087 1441 μελισ
1104 1404 1174 1432 Σιὼν
1196 1405 1352 1441 τεθειμένος
1377 1406 1452 1441 παρὰ
1473 1405 1520 1433 τοῦ
1535 1406 1604 1433 Θεοῦ
1619 1406 1668 1434 καὶ
1685 1407 1809 1441 Πατρός.

1007 1450 1104 1486 Ἀθρει
1125 1450 1153 1477 δέ
1170 1459 1217 1486 μοι
1233 1451 1302 1487 πρὸς
1321 1451 1409 1487 τούτῳ
1427 1452 1474 1479 καὶ
1492 1453 1554 1479 τινα
1573 1452 1718 1489 κέχρισται
1742 1453 1812 1489 τρό-

1006 1503 1056 1522 πον
1067 1504 1073 1510 ’
1088 1496 1119 1522 οὐ
1132 1495 1187 1531 γὰρ
1205 1495 1265 1522 ὅλον
1287 1495 1320 1522 δι’
1338 1495 1400 1522 ὅλου
1420 1495 1460 1531 τῷ
1476 1496 1558 1532 ἐλαίῳ
1584 1497 1733 1523 κατέδευσε
1750 1496 1808 1531 [ιον.

1006 1541 1168 1578 κατέχευσε]
1189 1541 1236 1569 τὸν
1250 1541 1323 1568 λίθον
1336 1542 1350 1569 ὀ
1365 1542 1509 1574 θεσπέσιος
1528 1542 1626 1570 Ἰακώϐ
1637 1551 1645 1559 ⁸
1662 1543 1761 1578 ὲπέχεε
1779 1543 1809 1570 δὲ

1009 1588 1110 1624 μᾶλλον
1129 1589 1176 1615 ἐπὶ
1194 1589 1225 1615 τὸ
1240 1589 1324 1624 ἄκρον
1337 1588 1432 1616 αὑτοῦ.
1449 1588 1565 1622 Οὐκοῦν,
1577 1589 1611 1616 ἶν’
1621 1588 1709 1621 οὕτως
1723 1590 1809 1616 εἴπω-

1009 1643 1070 1670 μεν,
1084 1635 1133 1670 οὐχ
1149 1634 1232 1667 ἅπας,
1246 1634 1308 1661 οὔτε
1321 1635 1375 1670 μὴν
1422 1635 1508 1669 Λόγος
1523 1635 1597 1662 ἐστὶν
1611 1636 1625 1662 ὁ
1637 1635 1808 1671 Μονογενὴς.

1008 1681 1047 1712 εἰς
1066 1680 1134 1707 ἰδίαν
1145 1680 1227 1712 αὐτὸς
1244 1681 1392 1717 κέχρισται
1406 1681 1498 1715 φύσιν·
1516 1681 1586 1716 (πῶς
1601 1681 1655 1717 γὰρ
1672 1681 1706 1708 ἂν
1721 1684 1809 1710 νοοῖτο

1009 1726 1185 1762 μετεσχηκὼς
1200 1726 1248 1754 τοῦ
1266 1727 1331 1753 ἰδίου
1346 1727 1504 1762 πνεύματος
1516 1729 1535 1763 ;)
1560 1729 1668 1764 χρίεται
1683 1729 1712 1756 δὲ
1737 1729 1808 1764 μᾶλ-

1007 1772 1063 1805 λον,
1078 1773 1116 1804 ὼς
1138 1773 1216 1809 ἔφην,
1231 1773 1278 1799 ἐπὶ
1299 1774 1331 1800 τὸ
1348 1773 1443 1809 ἄκρον,
1469 1775 1620 1806 τουτέστιν,
1644 1774 1806 1809 ὲξωφανῶς,

1008 1819 1056 1845 καὶ
1070 1815 1125 1844 οἷον
1145 1819 1174 1844 ὲν
1193 1818 1271 1854 μέρει
1286 1819 1334 1845 καὶ
1347 1818 1424 1855 ἄκρῳ
1437 1819 1475 1854 τῷ
1499 1819 1559 1846 καθ’
1572 1819 1668 1846 ἕνωσιν
1681 1820 1732 1856 τὴν
1744 1820 1808 1855 ἀλη-

1009 1863 1085 1899 θινὴν
1101 1864 1158 1898 ἰδίῳ
1175 1864 1297 1899 σώματι·
1314 1865 1362 1890 καὶ
1376 1864 1470 1900 ὥσπερ
1484 1865 1593 1899 λέγεται
1610 1865 1708 1891 παθεῖν
1724 1874 1808 1901 σαρκι

1008 1909 1198 1945 ἀνθρωπίνως,
1212 1909 1303 1936 καίτοι
1323 1909 1372 1946 τὴν
1392 1910 1473 1944 φύσιν
1489 1911 1619 1946 ὑπάρχων
1638 1910 1748 1946 ἀπαθὴς
1769 1911 1807 1942 ὡς

980 1954 986 2005 ll
1008 1955 1090 1987 Θεός·
1109 1954 1183 1981 οὕτω
1199 1956 1301 1981 νοεῖται
1315 1955 1494 1991 κεχρισμένος
1512 1955 1582 1981 κατά
1599 1963 1630 1988 γε
1650 1954 1680 1981 τὸ
1699 1955 1806 1990 ἀνθρώ-

1009 2009 1098 2033 πινον,
1122 2001 1211 2028 καίτοι
1227 2001 1312 2037 χρίων
1334 2001 1415 2032 αὐτὸς
1439 2001 1478 2036 τῷ
1502 2000 1560 2035 ἰδίῳ
1582 2001 1719 2036 πνεύματι
1743 2001 1807 2033 τοὺς

1009 2045 1050 2079 οἷς
1074 2046 1107 2074 ἂν
1126 2048 1227 2083 πρέποι
1256 2048 1420 2083 μεταλαχεῖν
1452 2047 1503 2082 τῆς
1533 2047 1679 2082 ἁγιότητος
1708 2047 1804 2074 αὐτοῦ.

1016 2093 1085 2120 Ἀλλ’
1108 2094 1189 2129 ἡμεῖς
1213 2094 1263 2129 μὲν
1285 2091 1337 2121 ὦδέ
1362 2103 1391 2120 τε
1421 2095 1530 2130 φρονεῖν
1557 2094 1735 2129 ἐγνώκαμεν,
1760 2095 1806 2120 καὶ

1009 2140 1165 2176 ὁρθοποδεῖν
1192 2140 1353 2176 εἰθίσμεθα,
1378 2141 1428 2176 τὴν
1450 2141 1593 2176 βασιλικήν
1611 2149 1641 2167 τε
1658 2140 1705 2167 καὶ
1728 2141 1806 2168 ἀδιά-

1011 2195 1128 2222 στροφον
1144 2187 1289 2222 ἐρχόμενοι
1304 2187 1408 2223 τρίϐον,
1429 2188 1465 2223 Ση
1471 2187 1588 2223 μαντικὰ
1603 2187 1631 2214 δὲ
1647 2187 1736 2220 λέγων
1759 2188 1806 2213 αὺ-

167 2234 295 2261 nentibus
319 2233 457 2261 erubescit
482 2237 534 2260 :et
563 2232 687 2266 quamvis
714 2231 822 2258 beatum
845 2229 956 2257 Paulum

1038 2241 1057 2264 ›ς
1074 2233 1130 2259 τῶν
1153 2232 1200 2259 δύο
1215 2233 1322 2274 φύςὲων
1341 2233 1375 2260 τὰ
1390 2233 1479 2260 τοιάδε
1495 2233 1547 2259 τῶν
1569 2233 1720 2268 ὀνομάτων,
1741 2233 1806 2259 ἑκα-

166 2281 258 2307 audiat
273 2280 408 2307 dicentem
426 2289 433 2306 :
450 2289 459 2305 ι
475 2278 548 2305 Misit
564 2277 635 2304 Deus
649 2276 747 2304 Filium
766 2284 844 2303 suum
858 2276 959 2303 factum

165 2335 198 2354 ex
222 2326 347 2358 muliere,
368 2326 469 2353 factum
485 2325 536 2352 sub
550 2324 608 2363 lege
620 2324 627 2339 ¹
641 2331 648 2356 ;
665 2333 674 2349 ι
691 2325 792 2357 Apage,
812 2322 909 2357 inquit,
925 2330 959 2349 ne

166 2372 285 2399 Verbum
309 2379 342 2398 ex
371 2371 426 2398 Deo
450 2375 544 2397 uatum
569 2376 631 2397 esse
650 2369 762 2396 missum
786 2373 885 2402 putus:
905 2375 957 2395 non

166 2419 238 2445 enim
253 2426 287 2444 ex
310 2417 425 2444 muliere
440 2417 544 2444 factum
562 2420 614 2449 est,
636 2422 690 2442 non
706 2414 808 2440 factum
823 2414 873 2440 sub
888 2413 956 2448 lege.

165 2464 254 2499 Atque
278 2468 306 2490 ιιι
327 2464 506 2490 ostendamus
533 2462 607 2496 quod
636 2459 752 2487 dicimus
779 2467 832 2486 non
858 2466 956 2485 vattunt

165 2517 227 2537 esse
241 2509 410 2544 ﬁgmentum,
424 2508 472 2535 sed
485 2507 569 2542 ipsius
583 2514 632 2534 nos
645 2507 682 2533 uti
694 2506 815 2537 vocibus,
829 2506 885 2540 ipsa
899 2505 955 2539 jam

166 2562 262 2582 rursus
274 2555 332 2587 eius
347 2554 427 2581 verba
444 2554 471 2580 in
485 2553 602 2580 medium
621 2552 744 2579 aﬂ'eram.

165 2603 232 2630 δὲού
253 2576 421 2637 φενακισμὸς
432 2602 536 2633 εἰκαῖος
555 2601 590 2627 τὰ
606 2600 672 2635 παρ’
683 2599 763 2635 ἡμῶν
774 2607 780 2614 ·
796 2576 959 2634 κεχρήμεθα
977 2601 1005 2628 δὲ

165 2647 248 2682 μέσον
263 2647 329 2673 οἴσω
343 2646 378 2673 τὰ
392 2646 533 2682 είρημένα.

200 2695 331 2731 ιΝειιτοιι.
353 2695 522 2726 Misitenim,
537 2694 632 2728 inquit,
656 2694 725 2721 Deus
746 2692 845 2721 Filium
867 2700 956 2724 suum,

166 2748 257 2769 natum
275 2749 308 2768 ex
328 2741 452 2773 muliere,
488 2741 586 2768 factum
611 2740 661 2767 sub
680 2740 747 2775 lege.
765 2739 821 2767 lloc
838 2740 897 2767 loco
921 2740 958 2767 in‘

167 2789 236 2815 dicat
254 2788 363 2822 quidem
386 2787 454 2814 duas
470 2791 592 2819 naturas,
609 2787 656 2814 sed
682 2786 709 2813 id
733 2786 801 2814 dicit
813 2787 885 2821 quod
904 2787 955 2813 Ilu-

204 2876 304 2904 "Gen.
322 2883 415 2908 xxvut,
436 2875 529 2903 l2-l8.
567 2874 653 2903 "lsa.
667 2882 762 2907 xxvtn,
784 2875 827 2902 i6.
863 2876 885 2890 "
899 2874 906 2901 1
922 2874 993 2901 Ρι·ι1”.

1013 2280 1080 2316 τέρᾳ.
1097 2279 1128 2306 τὸ
1147 2279 1242 2307 δοκοῦν
1264 2279 1397 2315 ἀπονέμει
1413 2279 1472 2315 μετ’
1486 2279 1625 2312 ἑξουσίας-
1642 2279 1689 2305 καὶ
1704 2279 1736 2305 τὸ
1758 2279 1807 2314 μὲ-

1012 2333 1087 2361 τριον
1101 2326 1139 2357 είς
1158 2324 1255 2360 λόγους
1269 2325 1319 2360 τῆς
1337 2325 1406 2360 μετὰ
1419 2325 1520 2360 σαρκὸς
1535 2325 1690 2360 οἰκονομίας
1709 2324 1806 2359 αίσχύο

1012 2378 1102 2396 νεται·
1118 2370 1171 2397 κᾶν
1190 2370 1296 2406 ἀκούσῃ
1318 2369 1444 2404 λέγοντος
1461 2370 1509 2396 τοῦ
1525 2369 1662 2405 μακαρίου
1680 2369 1803 2396 Παύλου·

1014 2426 1023 2442 ι
1042 2416 1249 2449 Ἐξαπέστειλεν
1263 2417 1277 2443 ὁ
1288 2416 1354 2448 Θεὸς
1367 2416 1413 2442 τὸν
1425 2416 1489 2443 Υἰδν
1505 2415 1600 2448 αὐτοῦ,
1614 2415 1762 2450 γενόμενον
1773 2415 1804 2441 ὲκ

1011 2463 1150 2496 γυναικὸς,
1170 2462 1317 2498 γενόμενον
1332 2462 1384 2489 ὑπὸ
1402 2462 1483 2497 νόμον
1493 2471 1499 2477 ·
1515 2473 1524 2488 ι
1539 2463 1655 2496 Ἀπαγε,
1674 2462 1753 2497 φησι,
1768 2462 1803 2497 μὴ

1009 2508 1055 2536 τὸν
1074 2510 1106 2535 ὲκ
1124 2509 1192 2536 Θεοῦ
1213 2509 1300 2544 φύντα
1321 2509 1406 2543 Λόγον
1429 2508 1599 2537 ἀπεστάλθαι
1621 2507 1751 2543 νομίσῃς’
1773 2508 1803 2533 οὺ

1010 2556 1064 2591 γὰρ
1076 2556 1188 2590 γέγονεν
1199 2558 1232 2583 ὲκ
1247 2556 1378 2590 γυναικός
1387 2564 1395 2571 '
1408 2556 1438 2582 οὺ
1457 2555 1568 2589 γέγονεν
1579 2554 1631 2581 ὑπὸ
1649 2555 1732 2589 νόμον
1742 2561 1750 2569 ν
1763 2553 1804 2580 ἃιι

1034 2603 1134 2639 μᾶλλον
1163 2605 1223 2636 ταῖς
1252 2603 1336 2630 αὑτοῦ
1362 2604 1480 2638 φωναῖς,
1507 2603 1577 2630 αὐτὰ
1602 2602 1633 2638 δὴ
1657 2601 1740 2628 πάλιν
1767 2603 1804 2632 εὶς

1042 2693 1249 2730 [Ἑξαπέστειλε
1266 2694 1330 2730 γὰρ,
1345 2694 1440 2731 φησιν,
1453 2695 1469 2721 ό
1482 2694 1547 2727 Θεὸς
1561 2694 1607 2720 τον
1628 2694 1692 2721 Υἰὸν
1707 2694 1802 2726 αὑτοῦ,

1006 2740 1153 2775 γενόμενον
1178 2741 1210 2767 ὲκ
1230 2740 1376 2774 γυναικὸς,
1397 2739 1545 2775 γενόμενον
1564 2739 1617 2766 ὑπὸ
1633 2739 1726 2775 νόμον.
1746 2740 1803 2766 Ἑν-

1006 2786 1093 2813 mea
1122 2787 1219 2822 μηνύει
1247 2787 1298 2822 μὲν
1317 2787 1366 2818 τὰς
1386 2786 1434 2813 δύο
1459 2786 1574 2822 φύσεις·
1595 2786 1625 2813 τὸ
1653 2786 1803 2822 συμϐαῖνον

1010 2883 1045 2906 tv,
1066 2875 1088 2900 Ι.
1129 2874 1237 2901 ‘Calut.
1257 2884 1290 2906 ιν,
1309 2878 1334 2904 4.
