  <div class='ocr_page' id='page_1' title='image "/cluster/home/n/w/nwhite01/storage/ocr_20150623/76/njp.32101007590019/044.png"; bbox 0 0 1883 3054; ppageno 0'>
   <div class='ocr_carea' id='block_1_1' title="bbox 84 139 1700 171">
    <p class='ocr_par' dir='ltr' id='par_1_1' title="bbox 84 139 1700 171">
     <span class='ocr_line' id='line_1_1' title="bbox 84 139 1700 171; baseline 0.001 -2"><span class='ocrx_word' id='word_1_1' title='bbox 84 143 112 169; x_wconf 73' lang='lat'><strong>73</strong></span> <span class='ocrx_word' id='word_1_2' title='bbox 618 140 802 170; x_wconf 72' lang='lat' dir='ltr'><strong>ADVERSIIS</strong></span> <span class='ocrx_word' id='word_1_3' title='bbox 821 139 1022 169; x_wconf 78' lang='lat' dir='ltr'><strong>NESTORIUM</strong></span> <span class='ocrx_word' id='word_1_4' title='bbox 1044 143 1107 170; x_wconf 84' lang='lat' dir='ltr'><strong>LIB.</strong></span> <span class='ocrx_word' id='word_1_5' title='bbox 1128 144 1162 171; x_wconf 82' lang='lat' dir='ltr'><strong>l1.</strong></span> <span class='ocrx_word' id='word_1_6' title='bbox 1662 143 1700 171; x_wconf 73' lang='grc' dir='ltr'>Π</span> 
     </span>
    </p>
   </div>
   <div class='ocr_carea' id='block_1_2' title="bbox 82 201 866 239">
    <p class='ocr_par' dir='ltr' id='par_1_2' title="bbox 82 201 862 239">
     <span class='ocr_line' id='line_1_2' title="bbox 82 201 862 239; baseline 0 -10"><span class='ocrx_word' id='word_1_7' title='bbox 82 201 205 239; x_wconf 67' lang='grc' dir='ltr'>[ωμσὰν]</span> <span class='ocrx_word' id='word_1_8' title='bbox 226 201 255 227; x_wconf 82' lang='grc' dir='ltr'><strong>δὲ</strong></span> <span class='ocrx_word' id='word_1_9' title='bbox 277 203 346 237; x_wconf 61' lang='grc' dir='ltr'><strong>περὶ⁵</strong></span> <span class='ocrx_word' id='word_1_10' title='bbox 372 203 422 238; x_wconf 83' lang='grc' dir='ltr'>τὴν</span> <span class='ocrx_word' id='word_1_11' title='bbox 448 203 658 238; x_wconf 78' lang='grc' dir='ltr'>ἀνορωπότητα,</span> <span class='ocrx_word' id='word_1_12' title='bbox 682 203 774 237; x_wconf 76' lang='grc' dir='ltr'>λέγει·</span> <span class='ocrx_word' id='word_1_13' title='bbox 800 204 862 229; x_wconf 69' lang='grc' dir='ltr'><strong>ἐπεὶ</strong></span> 
     </span>
    </p>
   </div>
   <div class='ocr_carea' id='block_1_3' title="bbox 932 201 1694 239">
    <p class='ocr_par' dir='ltr' id='par_1_3' title="bbox 932 204 1694 239">
     <span class='ocr_line' id='line_1_3' title="bbox 932 204 1694 239; baseline 0.005 -11"><span class='ocrx_word' id='word_1_14' title='bbox 932 204 1038 231; x_wconf 83' lang='lat' dir='ltr'><strong>tanitati</strong></span> <span class='ocrx_word' id='word_1_15' title='bbox 1057 206 1183 232; x_wconf 88' lang='lat' dir='ltr'><strong>convenit</strong></span> <span class='ocrx_word' id='word_1_16' title='bbox 1197 215 1203 233; x_wconf 88' lang='grc'>;</span> <span class='ocrx_word' id='word_1_17' title='bbox 1217 204 1316 239; x_wconf 84' lang='lat' dir='ltr'><strong>alioqui</strong></span> <span class='ocrx_word' id='word_1_18' title='bbox 1345 210 1408 239; x_wconf 83' lang='lat' dir='ltr'><strong>roga</strong></span> <span class='ocrx_word' id='word_1_19' title='bbox 1430 205 1628 232; x_wconf 88' lang='lat' dir='ltr'><strong>contentiosum</strong></span> <span class='ocrx_word' id='word_1_20' title='bbox 1646 205 1694 232; x_wconf 77' lang='lat' dir='ltr'><strong>lto-</strong></span> 
     </span>
    </p>
   </div>
   <div class='ocr_carea' id='block_1_4' title="bbox 80 247 862 283">
    <p class='ocr_par' dir='ltr' id='par_1_4' title="bbox 80 247 862 283">
     <span class='ocr_line' id='line_1_4' title="bbox 80 247 862 283; baseline 0 -9"><span class='ocrx_word' id='word_1_21' title='bbox 80 247 215 282; x_wconf 78' lang='grc' dir='ltr'>άπαίτησον</span> <span class='ocrx_word' id='word_1_22' title='bbox 233 247 279 273; x_wconf 79' lang='grc' dir='ltr'><strong>τὸν</strong></span> <span class='ocrx_word' id='word_1_23' title='bbox 294 247 460 282; x_wconf 75' lang='grc' dir='ltr'><strong>φιλόνεικον,</strong></span> <span class='ocrx_word' id='word_1_24' title='bbox 483 248 524 279; x_wconf 81' lang='grc' dir='ltr'>τίς</span> <span class='ocrx_word' id='word_1_25' title='bbox 546 248 653 282; x_wconf 75' lang='grc' dir='ltr'>ἐγένετο</span> <span class='ocrx_word' id='word_1_26' title='bbox 670 248 721 274; x_wconf 81' lang='grc' dir='ltr'><strong>ὑπὸ</strong></span> <span class='ocrx_word' id='word_1_27' title='bbox 736 249 832 283; x_wconf 84' lang='grc' dir='ltr'>νόμον;</span> <span class='ocrx_word' id='word_1_28' title='bbox 847 249 862 274; x_wconf 84' lang='grc' dir='ltr'><strong>ὁ</strong></span> 
     </span>
    </p>
   </div>
   <div class='ocr_carea' id='block_1_5' title="bbox 80 291 255 328">
    <p class='ocr_par' dir='ltr' id='par_1_5' title="bbox 80 291 255 328">
     <span class='ocr_line' id='line_1_5' title="bbox 80 291 255 328; baseline -0.006 -8"><span class='ocrx_word' id='word_1_29' title='bbox 80 293 138 324; x_wconf 77' lang='grc' dir='ltr'>Θεὸς</span> <span class='ocrx_word' id='word_1_30' title='bbox 146 292 226 327; x_wconf 78' lang='grc' dir='ltr'>Λόγος</span> <span class='ocrx_word' id='word_1_31' title='bbox 234 291 255 328; x_wconf 80' lang='grc' dir='ltr'>ς]</span> 
     </span>
    </p>
   </div>
   <div class='ocr_carea' id='block_1_6' title="bbox 371 362 555 390">
    <p class='ocr_par' dir='ltr' id='par_1_6' title="bbox 371 362 555 390">
     <span class='ocr_line' id='line_1_6' title="bbox 371 362 555 390; baseline 0 -2"><span class='ocrx_word' id='word_1_32' title='bbox 371 362 496 390; x_wconf 75' lang='grc' dir='ltr'><strong>ΚΕΦΑΛ.</strong></span> <span class='ocrx_word' id='word_1_33' title='bbox 519 362 555 388; x_wconf 77' lang='grc' dir='ltr'><strong>Γ.</strong></span> 
     </span>
    </p>
   </div>
   <div class='ocr_carea' id='block_1_7' title="bbox 110 428 863 465">
    <p class='ocr_par' dir='ltr' id='par_1_7' title="bbox 110 428 863 465">
     <span class='ocr_line' id='line_1_7' title="bbox 110 428 863 465; baseline 0.001 -11"><span class='ocrx_word' id='word_1_34' title='bbox 110 428 171 454; x_wconf 71' lang='grc' dir='ltr'><strong>Εἶτα.</strong></span> <span class='ocrx_word' id='word_1_35' title='bbox 190 428 248 458; x_wconf 84' lang='grc' dir='ltr'>πῶς</span> <span class='ocrx_word' id='word_1_36' title='bbox 271 428 324 454; x_wconf 83' lang='grc' dir='ltr'>οὐκ</span> <span class='ocrx_word' id='word_1_37' title='bbox 349 429 536 465; x_wconf 77' lang='grc' dir='ltr'>ὲμϐρόντητος</span> <span class='ocrx_word' id='word_1_38' title='bbox 562 429 669 465; x_wconf 84' lang='grc' dir='ltr'>ἀληθῶς</span> <span class='ocrx_word' id='word_1_39' title='bbox 692 429 734 465; x_wconf 73' lang='grc' dir='ltr'>εἴη</span> <span class='ocrx_word' id='word_1_40' title='bbox 760 429 803 462; x_wconf 83' lang='grc' dir='ltr'>ἂν,</span> <span class='ocrx_word' id='word_1_41' title='bbox 829 429 863 456; x_wconf 84' lang='grc' dir='ltr'><strong>τὰ</strong></span> 
     </span>
    </p>
   </div>
   <div class='ocr_carea' id='block_1_8' title="bbox 80 471 860 510">
    <p class='ocr_par' dir='ltr' id='par_1_8' title="bbox 80 471 860 510">
     <span class='ocr_line' id='line_1_8' title="bbox 80 471 860 510; baseline 0.005 -12"><span class='ocrx_word' id='word_1_42' title='bbox 80 471 142 499; x_wconf 74' lang='grc' dir='ltr'>οὕτω</span> <span class='ocrx_word' id='word_1_43' title='bbox 165 473 235 508; x_wconf 75' lang='grc' dir='ltr'><strong>σαφῆ</strong></span> <span class='ocrx_word' id='word_1_44' title='bbox 261 474 309 500; x_wconf 73' lang='grc' dir='ltr'>καὶ</span> <span class='ocrx_word' id='word_1_45' title='bbox 336 474 440 502; x_wconf 73' lang='grc' dir='ltr'>ἅπασιν</span> <span class='ocrx_word' id='word_1_46' title='bbox 466 475 643 510; x_wconf 75' lang='grc' dir='ltr'><strong>ἐγνωσμένα,</strong></span> <span class='ocrx_word' id='word_1_47' title='bbox 668 476 717 502; x_wconf 79' lang='grc' dir='ltr'>καὶ</span> <span class='ocrx_word' id='word_1_48' title='bbox 740 475 860 510; x_wconf 75' lang='grc' dir='ltr'>ἀναμφι-</span> 
     </span>
    </p>
   </div>
   <div class='ocr_carea' id='block_1_9' title="bbox 80 518 862 557">
    <p class='ocr_par' dir='ltr' id='par_1_9' title="bbox 80 518 862 557">
     <span class='ocr_line' id='line_1_9' title="bbox 80 518 862 557; baseline 0.003 -13"><span class='ocrx_word' id='word_1_49' title='bbox 80 518 155 551; x_wconf 73' lang='grc' dir='ltr'>λόγως</span> <span class='ocrx_word' id='word_1_50' title='bbox 169 518 280 553; x_wconf 77' lang='grc' dir='ltr'>ἔχοντα,</span> <span class='ocrx_word' id='word_1_51' title='bbox 305 519 339 546; x_wconf 81' lang='grc' dir='ltr'>τό</span> <span class='ocrx_word' id='word_1_52' title='bbox 367 529 401 554; x_wconf 89' lang='grc' dir='ltr'><strong>γε</strong></span> <span class='ocrx_word' id='word_1_53' title='bbox 429 519 495 557; x_wconf 82' lang='grc' dir='ltr'>ἧκον</span> <span class='ocrx_word' id='word_1_54' title='bbox 520 521 560 552; x_wconf 85' lang='grc' dir='ltr'>εἰς</span> <span class='ocrx_word' id='word_1_55' title='bbox 590 521 672 548; x_wconf 79' lang='grc' dir='ltr'>αὑτὸν</span> <span class='ocrx_word' id='word_1_56' title='bbox 700 521 862 557; x_wconf 78' lang='grc' dir='ltr'><strong>ἀνατρέπειν</strong></span> 
     </span>
    </p>
   </div>
   <div class='ocr_carea' id='block_1_10' title="bbox 81 563 862 602">
    <p class='ocr_par' dir='ltr' id='par_1_10' title="bbox 81 563 862 602">
     <span class='ocr_line' id='line_1_10' title="bbox 81 563 862 602; baseline 0.005 -13"><span class='ocrx_word' id='word_1_57' title='bbox 81 563 251 598; x_wconf 62' lang='grc' dir='ltr'>πειρώμεειοςς</span> <span class='ocrx_word' id='word_1_58' title='bbox 279 565 353 592; x_wconf 82' lang='grc' dir='ltr'>Τίνα</span> <span class='ocrx_word' id='word_1_59' title='bbox 380 567 527 602; x_wconf 84' lang='grc' dir='ltr'><strong>πέπομφεν</strong></span> <span class='ocrx_word' id='word_1_60' title='bbox 553 568 620 602; x_wconf 79' lang='grc' dir='ltr'>ἡμῖν</span> <span class='ocrx_word' id='word_1_61' title='bbox 647 567 676 600; x_wconf 82' lang='grc' dir='ltr'>ἐξ</span> <span class='ocrx_word' id='word_1_62' title='bbox 702 566 824 599; x_wconf 70' lang='grc' dir='ltr'>οὓρανῶν</span> <span class='ocrx_word' id='word_1_63' title='bbox 848 568 862 594; x_wconf 84' lang='grc' dir='ltr'>ὁ</span> 
     </span>
    </p>
   </div>
   <div class='ocr_carea' id='block_1_11' title="bbox 81 611 861 648">
    <p class='ocr_par' dir='ltr' id='par_1_11' title="bbox 81 611 861 648">
     <span class='ocr_line' id='line_1_11' title="bbox 81 611 861 648; baseline 0.005 -13"><span class='ocrx_word' id='word_1_64' title='bbox 81 611 172 645; x_wconf 70' lang='grc' dir='ltr'>Πατὴρ,</span> <span class='ocrx_word' id='word_1_65' title='bbox 188 611 304 646; x_wconf 84' lang='grc' dir='ltr'><strong>Σωτῆρα</strong></span> <span class='ocrx_word' id='word_1_66' title='bbox 321 612 371 638; x_wconf 73' lang='grc' dir='ltr'><strong>καὶ</strong></span> <span class='ocrx_word' id='word_1_67' title='bbox 393 612 560 648; x_wconf 82' lang='grc' dir='ltr'>Λυτρωτήν;</span> <span class='ocrx_word' id='word_1_68' title='bbox 574 613 604 639; x_wconf 85' lang='grc' dir='ltr'>οὑ</span> <span class='ocrx_word' id='word_1_69' title='bbox 627 612 674 638; x_wconf 82' lang='grc' dir='ltr'>τὸν</span> <span class='ocrx_word' id='word_1_70' title='bbox 693 614 725 639; x_wconf 82' lang='grc' dir='ltr'>ἐκ</span> <span class='ocrx_word' id='word_1_71' title='bbox 745 612 796 647; x_wconf 81' lang='grc' dir='ltr'>τῆς</span> <span class='ocrx_word' id='word_1_72' title='bbox 815 613 861 639; x_wconf 90' lang='grc' dir='ltr'><strong>οὺ-</strong></span> 
     </span>
    </p>
   </div>
   <div class='ocr_carea' id='block_1_12' title="bbox 82 656 863 694">
    <p class='ocr_par' dir='ltr' id='par_1_12' title="bbox 82 656 863 694">
     <span class='ocr_line' id='line_1_12' title="bbox 82 656 863 694; baseline 0.006 -13"><span class='ocrx_word' id='word_1_73' title='bbox 82 656 132 687; x_wconf 77' lang='grc' dir='ltr'><strong>σὲας</strong></span> <span class='ocrx_word' id='word_1_74' title='bbox 152 657 230 683; x_wconf 72' lang='grc' dir='ltr'>αὐτοῦ</span> <span class='ocrx_word' id='word_1_75' title='bbox 248 658 341 691; x_wconf 77' lang='grc' dir='ltr'>φύντα</span> <span class='ocrx_word' id='word_1_76' title='bbox 357 659 465 694; x_wconf 85' lang='grc' dir='ltr'>Λόγον;</span> <span class='ocrx_word' id='word_1_77' title='bbox 486 659 533 691; x_wconf 77' lang='grc' dir='ltr'><strong>Τίς</strong></span> <span class='ocrx_word' id='word_1_78' title='bbox 547 661 621 686; x_wconf 79' lang='grc' dir='ltr'>ἐστιν</span> <span class='ocrx_word' id='word_1_79' title='bbox 638 660 653 685; x_wconf 85' lang='grc' dir='ltr'>ὁ</span> <span class='ocrx_word' id='word_1_80' title='bbox 675 659 796 690; x_wconf 77' lang='grc' dir='ltr'>καταϐὰς</span> <span class='ocrx_word' id='word_1_81' title='bbox 815 660 863 686; x_wconf 79' lang='grc' dir='ltr'><strong>καὶ</strong></span> 
     </span>
    </p>
   </div>
   <div class='ocr_carea' id='block_1_13' title="bbox 82 702 862 741">
    <p class='ocr_par' dir='ltr' id='par_1_13' title="bbox 82 702 862 741">
     <span class='ocr_line' id='line_1_13' title="bbox 82 702 862 741; baseline 0.005 -13"><span class='ocrx_word' id='word_1_82' title='bbox 82 702 171 734; x_wconf 73' lang='grc' dir='ltr'>ἀναϐὰς</span> <span class='ocrx_word' id='word_1_83' title='bbox 194 703 325 738; x_wconf 72' lang='grc' dir='ltr'>ὑπεράνω</span> <span class='ocrx_word' id='word_1_84' title='bbox 359 705 416 731; x_wconf 81' lang='grc' dir='ltr'>τῶν</span> <span class='ocrx_word' id='word_1_85' title='bbox 438 705 572 740; x_wconf 74' lang='grc' dir='ltr'>οὐρανῶν,</span> <span class='ocrx_word' id='word_1_86' title='bbox 596 705 641 732; x_wconf 80' lang='grc' dir='ltr'><strong>ἵνα</strong></span> <span class='ocrx_word' id='word_1_87' title='bbox 669 705 802 741; x_wconf 80' lang='grc' dir='ltr'><strong>πληρώσῃ</strong></span> <span class='ocrx_word' id='word_1_88' title='bbox 828 705 862 732; x_wconf 80' lang='grc' dir='ltr'>τὰ</span> 
     </span>
    </p>
   </div>
   <div class='ocr_carea' id='block_1_14' title="bbox 83 746 862 785">
    <p class='ocr_par' dir='ltr' id='par_1_14' title="bbox 83 746 862 785">
     <span class='ocr_line' id='line_1_14' title="bbox 83 746 862 785; baseline 0.004 -11"><span class='ocrx_word' id='word_1_89' title='bbox 83 749 173 780; x_wconf 74' lang='grc' dir='ltr'>πάντας</span> <span class='ocrx_word' id='word_1_90' title='bbox 189 746 243 784; x_wconf 70' lang='grc' dir='ltr'><strong>ἄρα</strong></span> <span class='ocrx_word' id='word_1_91' title='bbox 265 750 298 775; x_wconf 76' lang='grc' dir='ltr'><strong>τὺ</strong></span> <span class='ocrx_word' id='word_1_92' title='bbox 313 750 410 777; x_wconf 73' lang='grc' dir='ltr'>πάντα.</span> <span class='ocrx_word' id='word_1_93' title='bbox 433 750 563 777; x_wconf 80' lang='grc' dir='ltr'><strong>δύνασθαι</strong></span> <span class='ocrx_word' id='word_1_94' title='bbox 586 750 718 785; x_wconf 83' lang='grc' dir='ltr'><strong>πληροῦν,</strong></span> <span class='ocrx_word' id='word_1_95' title='bbox 732 751 779 785; x_wconf 79' lang='grc' dir='ltr'>τῆς</span> <span class='ocrx_word' id='word_1_96' title='bbox 801 751 862 777; x_wconf 82' lang='grc' dir='ltr'>καθ’</span> 
     </span>
    </p>
   </div>
   <div class='ocr_carea' id='block_1_15' title="bbox 82 794 861 832">
    <p class='ocr_par' dir='ltr' id='par_1_15' title="bbox 82 794 861 832">
     <span class='ocr_line' id='line_1_15' title="bbox 82 794 861 832; baseline 0.003 -11"><span class='ocrx_word' id='word_1_97' title='bbox 82 796 144 829; x_wconf 76' lang='grc' dir='ltr'>ἡμᾶς</span> <span class='ocrx_word' id='word_1_98' title='bbox 168 795 273 829; x_wconf 77' lang='grc' dir='ltr'>φύσεως</span> <span class='ocrx_word' id='word_1_99' title='bbox 296 795 383 831; x_wconf 78' lang='grc' dir='ltr'>ἔργον</span> <span class='ocrx_word' id='word_1_100' title='bbox 408 794 477 823; x_wconf 72' lang='grc' dir='ltr'>εἶναι</span> <span class='ocrx_word' id='word_1_101' title='bbox 501 797 570 832; x_wconf 70' lang='grc' dir='ltr'>φὴς,</span> <span class='ocrx_word' id='word_1_102' title='bbox 594 798 642 823; x_wconf 78' lang='grc' dir='ltr'><strong>καὶ</strong></span> <span class='ocrx_word' id='word_1_103' title='bbox 663 798 720 828; x_wconf 76' lang='grc' dir='ltr'>τοῖς</span> <span class='ocrx_word' id='word_1_104' title='bbox 746 797 796 831; x_wconf 84' lang='grc' dir='ltr'>τῆς</span> <span class='ocrx_word' id='word_1_105' title='bbox 812 797 861 823; x_wconf 81' lang='grc' dir='ltr'>άν-</span> 
     </span>
    </p>
   </div>
   <div class='ocr_carea' id='block_1_16' title="bbox 83 841 861 878">
    <p class='ocr_par' dir='ltr' id='par_1_16' title="bbox 83 841 861 878">
     <span class='ocr_line' id='line_1_16' title="bbox 83 841 861 878; baseline 0.004 -12"><span class='ocrx_word' id='word_1_106' title='bbox 83 841 240 877; x_wconf 72' lang='grc' dir='ltr'>ὑρωπότητος</span> <span class='ocrx_word' id='word_1_107' title='bbox 265 842 386 876; x_wconf 72' lang='grc' dir='ltr'>ἀνάψεις</span> <span class='ocrx_word' id='word_1_108' title='bbox 415 842 541 878; x_wconf 84' lang='grc' dir='ltr'>μέτροις;</span> <span class='ocrx_word' id='word_1_109' title='bbox 569 843 633 878; x_wconf 80' lang='grc' dir='ltr'>περὶ</span> <span class='ocrx_word' id='word_1_110' title='bbox 656 842 729 874; x_wconf 82' lang='grc' dir='ltr'>τίνος</span> <span class='ocrx_word' id='word_1_111' title='bbox 757 843 861 877; x_wconf 81' lang='grc' dir='ltr'>γέγρα-</span> 
     </span>
    </p>
   </div>
   <div class='ocr_carea' id='block_1_17' title="bbox 83 878 898 924">
    <p class='ocr_par' dir='ltr' id='par_1_17' title="bbox 83 878 898 924">
     <span class='ocr_line' id='line_1_17' title="bbox 83 878 898 924; baseline 0.002 -11"><span class='ocrx_word' id='word_1_112' title='bbox 83 896 124 920; x_wconf 63' lang='grc' dir='ltr'><strong>φεν</strong></span> <span class='ocrx_word' id='word_1_113' title='bbox 136 888 149 913; x_wconf 78' lang='grc'>6</span> <span class='ocrx_word' id='word_1_114' title='bbox 164 888 299 922; x_wconf 80' lang='grc' dir='ltr'>μακάριος</span> <span class='ocrx_word' id='word_1_115' title='bbox 320 888 471 923; x_wconf 78' lang='grc' dir='ltr'><strong>Ἰωάννης,</strong></span> <span class='ocrx_word' id='word_1_116' title='bbox 493 898 501 914; x_wconf 80' lang='grc' dir='ltr'><strong>ι</strong></span> <span class='ocrx_word' id='word_1_117' title='bbox 525 888 552 915; x_wconf 92' lang='lat'><strong>&#39;0</strong></span> <span class='ocrx_word' id='word_1_118' title='bbox 573 888 675 915; x_wconf 83' lang='grc' dir='ltr'>ἄνωθεν</span> <span class='ocrx_word' id='word_1_119' title='bbox 697 889 861 924; x_wconf 82' lang='grc' dir='ltr'><strong>ἐρχόμενος,</strong></span> <span class='ocrx_word' id='word_1_120' title='bbox 879 878 898 904; x_wconf 75' lang='grc' dir='ltr'><strong><em>Β</em></strong></span> 
     </span>
    </p>
   </div>
   <div class='ocr_carea' id='block_1_18' title="bbox 83 934 864 970">
    <p class='ocr_par' dir='ltr' id='par_1_18' title="bbox 83 934 864 970">
     <span class='ocr_line' id='line_1_18' title="bbox 83 934 864 970; baseline 0.004 -12"><span class='ocrx_word' id='word_1_121' title='bbox 83 934 162 959; x_wconf 74' lang='grc' dir='ltr'>ἐπάνω</span> <span class='ocrx_word' id='word_1_122' title='bbox 186 934 295 960; x_wconf 69' lang='grc' dir='ltr'>πάντων</span> <span class='ocrx_word' id='word_1_123' title='bbox 325 935 418 966; x_wconf 70' lang='grc' dir='ltr'>ἐστίνς</span> <span class='ocrx_word' id='word_1_124' title='bbox 442 944 451 960; x_wconf 76' lang='grc' dir='ltr'><strong><em>ι</em></strong></span> <span class='ocrx_word' id='word_1_125' title='bbox 478 935 512 961; x_wconf 81' lang='grc' dir='ltr'><em>Ἦ</em></span> <span class='ocrx_word' id='word_1_126' title='bbox 539 935 609 970; x_wconf 79' lang='grc' dir='ltr'>τάχα.</span> <span class='ocrx_word' id='word_1_127' title='bbox 632 943 684 961; x_wconf 80' lang='grc' dir='ltr'><strong>που</strong></span> <span class='ocrx_word' id='word_1_128' title='bbox 711 935 758 961; x_wconf 74' lang='grc' dir='ltr'><strong>καὶ</strong></span> <span class='ocrx_word' id='word_1_129' title='bbox 783 935 864 966; x_wconf 81' lang='grc' dir='ltr'><strong>αὐτὸς</strong></span> 
     </span>
    </p>
   </div>
   <div class='ocr_carea' id='block_1_19' title="bbox 83 979 864 1016">
    <p class='ocr_par' dir='ltr' id='par_1_19' title="bbox 83 979 864 1016">
     <span class='ocr_line' id='line_1_19' title="bbox 83 979 864 1016; baseline 0 -10"><span class='ocrx_word' id='word_1_130' title='bbox 83 979 299 1014; x_wconf 58' lang='grc' dir='ltr'>ιζευδομυϐήσειεν</span> <span class='ocrx_word' id='word_1_131' title='bbox 323 980 360 1006; x_wconf 81' lang='grc' dir='ltr'>ἂν</span> <span class='ocrx_word' id='word_1_132' title='bbox 377 981 435 1011; x_wconf 83' lang='grc' dir='ltr'>τοῖς</span> <span class='ocrx_word' id='word_1_133' title='bbox 455 980 588 1007; x_wconf 74' lang='grc' dir='ltr'><strong>Ἰουδαίων</strong></span> <span class='ocrx_word' id='word_1_134' title='bbox 607 980 704 1016; x_wconf 84' lang='grc' dir='ltr'><strong>δήμοις</strong></span> <span class='ocrx_word' id='word_1_135' title='bbox 728 980 864 1015; x_wconf 75' lang='grc' dir='ltr'>ἐπιτιμῶν</span> 
     </span>
    </p>
   </div>
   <div class='ocr_carea' id='block_1_20' title="bbox 84 1025 864 1061">
    <p class='ocr_par' dir='ltr' id='par_1_20' title="bbox 84 1025 864 1061">
     <span class='ocr_line' id='line_1_20' title="bbox 84 1025 864 1061; baseline 0.001 -10"><span class='ocrx_word' id='word_1_136' title='bbox 84 1035 107 1051; x_wconf 80' lang='grc' dir='ltr'><strong>τε</strong></span> <span class='ocrx_word' id='word_1_137' title='bbox 127 1026 169 1051; x_wconf 74' lang='grc' dir='ltr'>καὶ</span> <span class='ocrx_word' id='word_1_138' title='bbox 183 1025 269 1059; x_wconf 80' lang='grc' dir='ltr'>λέγων</span> <span class='ocrx_word' id='word_1_139' title='bbox 280 1035 288 1041; x_wconf 88' lang='grc'>·</span> <span class='ocrx_word' id='word_1_140' title='bbox 309 1035 319 1051; x_wconf 85' lang='grc'><strong><em>‹</em></strong></span> <span class='ocrx_word' id='word_1_141' title='bbox 342 1025 438 1061; x_wconf 80' lang='grc' dir='ltr'>Ὑμεῖς</span> <span class='ocrx_word' id='word_1_142' title='bbox 452 1027 484 1052; x_wconf 82' lang='grc' dir='ltr'>ὲκ</span> <span class='ocrx_word' id='word_1_143' title='bbox 500 1026 555 1052; x_wconf 86' lang='grc' dir='ltr'><strong>τῶν</strong></span> <span class='ocrx_word' id='word_1_144' title='bbox 576 1026 652 1053; x_wconf 82' lang='grc' dir='ltr'>κάτω</span> <span class='ocrx_word' id='word_1_145' title='bbox 670 1026 742 1058; x_wconf 69' lang='grc' dir='ltr'>ἐστὲ,</span> <span class='ocrx_word' id='word_1_146' title='bbox 759 1026 815 1060; x_wconf 73' lang='grc' dir='ltr'><strong>ἐγὼ</strong></span> <span class='ocrx_word' id='word_1_147' title='bbox 832 1027 864 1053; x_wconf 81' lang='grc' dir='ltr'>ὲκ</span> 
     </span>
    </p>
   </div>
   <div class='ocr_carea' id='block_1_21' title="bbox 83 1070 863 1105">
    <p class='ocr_par' dir='ltr' id='par_1_21' title="bbox 83 1070 863 1105">
     <span class='ocr_line' id='line_1_21' title="bbox 83 1070 863 1105; baseline 0.004 -10"><span class='ocrx_word' id='word_1_148' title='bbox 83 1070 129 1096; x_wconf 81' lang='grc' dir='ltr'><strong>τῶν</strong></span> <span class='ocrx_word' id='word_1_149' title='bbox 142 1070 192 1096; x_wconf 73' lang='grc' dir='ltr'><strong>ἂνω</strong></span> <span class='ocrx_word' id='word_1_150' title='bbox 210 1070 286 1104; x_wconf 73' lang='grc' dir='ltr'>εἰμες</span> <span class='ocrx_word' id='word_1_151' title='bbox 303 1080 311 1095; x_wconf 80' lang='grc' dir='ltr'><strong>ι</strong></span> <span class='ocrx_word' id='word_1_152' title='bbox 326 1071 376 1097; x_wconf 69' lang='grc' dir='ltr'><strong>καὶ</strong></span> <span class='ocrx_word' id='word_1_153' title='bbox 395 1070 491 1097; x_wconf 80' lang='grc' dir='ltr'>πάλιν·</span> <span class='ocrx_word' id='word_1_154' title='bbox 512 1081 520 1096; x_wconf 85' lang='grc' dir='ltr'><strong>ι</strong></span> <span class='ocrx_word' id='word_1_155' title='bbox 541 1070 612 1104; x_wconf 82' lang='grc' dir='ltr'><strong>Ἐγὼ</strong></span> <span class='ocrx_word' id='word_1_156' title='bbox 625 1072 676 1098; x_wconf 79' lang='grc' dir='ltr'>οὐκ</span> <span class='ocrx_word' id='word_1_157' title='bbox 694 1072 752 1105; x_wconf 79' lang='grc' dir='ltr'>εἰμὶ</span> <span class='ocrx_word' id='word_1_158' title='bbox 767 1072 800 1098; x_wconf 79' lang='grc' dir='ltr'>ἐκ</span> <span class='ocrx_word' id='word_1_159' title='bbox 815 1071 863 1098; x_wconf 84' lang='grc' dir='ltr'><strong>τοῦ</strong></span> 
     </span>
    </p>
   </div>
   <div class='ocr_carea' id='block_1_22' title="bbox 85 1115 865 1152">
    <p class='ocr_par' dir='ltr' id='par_1_22' title="bbox 85 1115 865 1152">
     <span class='ocr_line' id='line_1_22' title="bbox 85 1115 865 1152; baseline 0.004 -11"><span class='ocrx_word' id='word_1_160' title='bbox 85 1117 173 1150; x_wconf 53' lang='lat' dir='ltr'><strong>uirgo-4</strong></span> <span class='ocrx_word' id='word_1_161' title='bbox 188 1116 292 1142; x_wconf 73' lang='grc' dir='ltr'>τούτου.</span> <span class='ocrx_word' id='word_1_162' title='bbox 313 1126 323 1142; x_wconf 75' lang='grc' dir='ltr'><strong><em>ι</em></strong></span> <span class='ocrx_word' id='word_1_163' title='bbox 345 1117 377 1143; x_wconf 77' lang='grc' dir='ltr'><strong>Εἰ</strong></span> <span class='ocrx_word' id='word_1_164' title='bbox 403 1118 458 1151; x_wconf 73' lang='grc' dir='ltr'>γὰρ</span> <span class='ocrx_word' id='word_1_165' title='bbox 477 1115 511 1152; x_wconf 80' lang='grc' dir='ltr'>ἦν</span> <span class='ocrx_word' id='word_1_166' title='bbox 524 1117 666 1152; x_wconf 83' lang='grc' dir='ltr'>ἄνθρωπος</span> <span class='ocrx_word' id='word_1_167' title='bbox 679 1118 711 1144; x_wconf 81' lang='grc' dir='ltr'>ἐκ</span> <span class='ocrx_word' id='word_1_168' title='bbox 734 1118 865 1151; x_wconf 77' lang='grc' dir='ltr'>γυναικὸς</span> 
     </span>
    </p>
   </div>
   <div class='ocr_carea' id='block_1_23' title="bbox 84 1163 865 1200">
    <p class='ocr_par' dir='ltr' id='par_1_23' title="bbox 84 1163 865 1200">
     <span class='ocr_line' id='line_1_23' title="bbox 84 1163 865 1200; baseline 0.003 -12"><span class='ocrx_word' id='word_1_169' title='bbox 84 1163 136 1189; x_wconf 71' lang='grc' dir='ltr'>καθ’</span> <span class='ocrx_word' id='word_1_170' title='bbox 149 1163 193 1189; x_wconf 74' lang='grc' dir='ltr'><strong>ἕνα</strong></span> <span class='ocrx_word' id='word_1_171' title='bbox 208 1163 261 1188; x_wconf 76' lang='grc' dir='ltr'>τῶν</span> <span class='ocrx_word' id='word_1_172' title='bbox 276 1163 379 1194; x_wconf 78' lang='grc' dir='ltr'>ἄλλων,</span> <span class='ocrx_word' id='word_1_173' title='bbox 393 1164 441 1189; x_wconf 76' lang='grc' dir='ltr'><strong>καὶ</strong></span> <span class='ocrx_word' id='word_1_174' title='bbox 455 1164 514 1198; x_wconf 76' lang='grc' dir='ltr'><strong>οὐχὶ</strong></span> <span class='ocrx_word' id='word_1_175' title='bbox 528 1163 559 1198; x_wconf 82' lang='grc' dir='ltr'><strong>δὴ</strong></span> <span class='ocrx_word' id='word_1_176' title='bbox 573 1164 674 1198; x_wconf 86' lang='grc' dir='ltr'>μᾶλλον</span> <span class='ocrx_word' id='word_1_177' title='bbox 688 1163 865 1200; x_wconf 82' lang='grc' dir='ltr'>σεσαρκωμέ-</span> 
     </span>
    </p>
   </div>
   <div class='ocr_carea' id='block_1_24' title="bbox 85 1208 864 1244">
    <p class='ocr_par' dir='ltr' id='par_1_24' title="bbox 85 1208 864 1244">
     <span class='ocr_line' id='line_1_24' title="bbox 85 1208 864 1244; baseline 0.004 -11"><span class='ocrx_word' id='word_1_178' title='bbox 85 1217 131 1239; x_wconf 79' lang='grc' dir='ltr'>νος,</span> <span class='ocrx_word' id='word_1_179' title='bbox 142 1209 185 1234; x_wconf 76' lang='grc' dir='ltr'><strong>καὶ</strong></span> <span class='ocrx_word' id='word_1_180' title='bbox 198 1209 226 1233; x_wconf 80' lang='grc' dir='ltr'>ἐν</span> <span class='ocrx_word' id='word_1_181' title='bbox 239 1208 404 1243; x_wconf 67' lang='grc' dir='ltr'>ἁνθρωπείᾳ</span> <span class='ocrx_word' id='word_1_182' title='bbox 418 1210 509 1243; x_wconf 80' lang='grc' dir='ltr'>μορφῇ</span> <span class='ocrx_word' id='word_1_183' title='bbox 531 1209 670 1244; x_wconf 80' lang='grc' dir='ltr'>πεφηνὼς,</span> <span class='ocrx_word' id='word_1_184' title='bbox 686 1211 700 1235; x_wconf 87' lang='grc' dir='ltr'>ὁ</span> <span class='ocrx_word' id='word_1_185' title='bbox 715 1209 817 1236; x_wconf 77' lang='grc' dir='ltr'>ἄνωθέν</span> <span class='ocrx_word' id='word_1_186' title='bbox 834 1218 864 1236; x_wconf 87' lang='grc' dir='ltr'><strong>τε</strong></span> 
     </span>
    </p>
   </div>
   <div class='ocr_carea' id='block_1_25' title="bbox 85 1253 864 1288">
    <p class='ocr_par' dir='ltr' id='par_1_25' title="bbox 85 1253 864 1288">
     <span class='ocr_line' id='line_1_25' title="bbox 85 1253 864 1288; baseline 0.001 -9"><span class='ocrx_word' id='word_1_187' title='bbox 85 1254 124 1280; x_wconf 77' lang='grc' dir='ltr'><strong>καὶ</strong></span> <span class='ocrx_word' id='word_1_188' title='bbox 140 1254 168 1279; x_wconf 78' lang='grc' dir='ltr'>ὲκ</span> <span class='ocrx_word' id='word_1_189' title='bbox 183 1253 249 1279; x_wconf 83' lang='grc' dir='ltr'>Θεοῦ</span> <span class='ocrx_word' id='word_1_190' title='bbox 269 1253 381 1288; x_wconf 79' lang='grc' dir='ltr'>Πατρὸς</span> <span class='ocrx_word' id='word_1_191' title='bbox 398 1254 496 1287; x_wconf 78' lang='grc' dir='ltr'>Λόγος,</span> <span class='ocrx_word' id='word_1_192' title='bbox 509 1253 567 1284; x_wconf 88' lang='grc' dir='ltr'><strong>πῶς</strong></span> <span class='ocrx_word' id='word_1_193' title='bbox 580 1254 613 1280; x_wconf 78' lang='grc' dir='ltr'>ἂν</span> <span class='ocrx_word' id='word_1_194' title='bbox 626 1255 712 1280; x_wconf 85' lang='grc' dir='ltr'>νοοῖτο</span> <span class='ocrx_word' id='word_1_195' title='bbox 734 1254 780 1280; x_wconf 72' lang='grc' dir='ltr'><strong>καὶ</strong></span> <span class='ocrx_word' id='word_1_196' title='bbox 793 1254 864 1280; x_wconf 80' lang='grc' dir='ltr'>ἄνω-</span> 
     </span>
    </p>
   </div>
   <div class='ocr_carea' id='block_1_26' title="bbox 85 1299 865 1333">
    <p class='ocr_par' dir='ltr' id='par_1_26' title="bbox 85 1299 865 1333">
     <span class='ocr_line' id='line_1_26' title="bbox 85 1299 865 1333; baseline 0.001 -9"><span class='ocrx_word' id='word_1_197' title='bbox 85 1299 123 1324; x_wconf 75' lang='grc' dir='ltr'>θεν</span> <span class='ocrx_word' id='word_1_198' title='bbox 143 1299 187 1325; x_wconf 69' lang='grc' dir='ltr'><strong>καὶ</strong></span> <span class='ocrx_word' id='word_1_199' title='bbox 210 1299 239 1331; x_wconf 79' lang='grc' dir='ltr'><strong>ἐξ</strong></span> <span class='ocrx_word' id='word_1_200' title='bbox 261 1299 402 1333; x_wconf 68' lang='grc' dir='ltr'>οὖρανοῦ;</span> <span class='ocrx_word' id='word_1_201' title='bbox 422 1299 481 1330; x_wconf 83' lang='grc' dir='ltr'>πῶς</span> <span class='ocrx_word' id='word_1_202' title='bbox 504 1299 595 1325; x_wconf 73' lang='grc' dir='ltr'>ἐπάνω</span> <span class='ocrx_word' id='word_1_203' title='bbox 618 1299 727 1326; x_wconf 85' lang='grc' dir='ltr'>πάντων</span> <span class='ocrx_word' id='word_1_204' title='bbox 751 1299 799 1325; x_wconf 71' lang='grc' dir='ltr'>καὶ</span> <span class='ocrx_word' id='word_1_205' title='bbox 816 1299 865 1325; x_wconf 76' lang='grc' dir='ltr'>οὐκ</span> 
     </span>
    </p>
   </div>
   <div class='ocr_carea' id='block_1_27' title="bbox 86 1345 866 1381">
    <p class='ocr_par' dir='ltr' id='par_1_27' title="bbox 86 1345 866 1381">
     <span class='ocr_line' id='line_1_27' title="bbox 86 1345 866 1381; baseline 0 -10"><span class='ocrx_word' id='word_1_206' title='bbox 86 1345 130 1371; x_wconf 72' lang='grc' dir='ltr'><strong>ἀπὸ</strong></span> <span class='ocrx_word' id='word_1_207' title='bbox 143 1354 172 1379; x_wconf 86' lang='grc' dir='ltr'><strong>γε</strong></span> <span class='ocrx_word' id='word_1_208' title='bbox 184 1345 230 1372; x_wconf 81' lang='grc' dir='ltr'><strong>τοῦ</strong></span> <span class='ocrx_word' id='word_1_209' title='bbox 249 1346 358 1380; x_wconf 77' lang='grc' dir='ltr'><strong>κόσμου</strong></span> <span class='ocrx_word' id='word_1_210' title='bbox 372 1365 379 1376; x_wconf 91' lang='grc'><strong>,</strong></span> <span class='ocrx_word' id='word_1_211' title='bbox 399 1345 445 1372; x_wconf 82' lang='grc' dir='ltr'><strong>καί</strong></span> <span class='ocrx_word' id='word_1_212' title='bbox 459 1353 499 1372; x_wconf 79' lang='grc' dir='ltr'>τοι</span> <span class='ocrx_word' id='word_1_213' title='bbox 514 1346 615 1381; x_wconf 79' lang='grc' dir='ltr'>κόσμου</span> <span class='ocrx_word' id='word_1_214' title='bbox 639 1345 723 1381; x_wconf 84' lang='grc' dir='ltr'>μέρος</span> <span class='ocrx_word' id='word_1_215' title='bbox 735 1345 866 1380; x_wconf 86' lang='grc' dir='ltr'>ὑπάρχων</span> 
     </span>
    </p>
   </div>
   <div class='ocr_carea' id='block_1_28' title="bbox 85 1391 867 1427">
    <p class='ocr_par' dir='ltr' id='par_1_28' title="bbox 85 1391 867 1427">
     <span class='ocr_line' id='line_1_28' title="bbox 85 1391 867 1427; baseline 0.001 -10"><span class='ocrx_word' id='word_1_216' title='bbox 85 1392 122 1418; x_wconf 69' lang='grc' dir='ltr'>διὰ</span> <span class='ocrx_word' id='word_1_217' title='bbox 134 1392 179 1427; x_wconf 70' lang='grc' dir='ltr'>τὴν</span> <span class='ocrx_word' id='word_1_218' title='bbox 203 1392 294 1426; x_wconf 75' lang='grc' dir='ltr'>σάρκα</span> <span class='ocrx_word' id='word_1_219' title='bbox 307 1412 316 1424; x_wconf 88' lang='grc'><strong>,</strong></span> <span class='ocrx_word' id='word_1_220' title='bbox 335 1392 385 1418; x_wconf 79' lang='grc' dir='ltr'><strong>καὶ</strong></span> <span class='ocrx_word' id='word_1_221' title='bbox 408 1391 469 1417; x_wconf 84' lang='grc' dir='ltr'>ὅσον</span> <span class='ocrx_word' id='word_1_222' title='bbox 490 1391 557 1426; x_wconf 66' lang='grc' dir='ltr'>ᾗκεν</span> <span class='ocrx_word' id='word_1_223' title='bbox 580 1392 668 1418; x_wconf 72' lang='grc' dir='ltr'>εἰπεῖν</span> <span class='ocrx_word' id='word_1_224' title='bbox 683 1392 754 1418; x_wconf 80' lang='grc' dir='ltr'>κατά</span> <span class='ocrx_word' id='word_1_225' title='bbox 778 1400 810 1426; x_wconf 85' lang='grc' dir='ltr'><strong>γε</strong></span> <span class='ocrx_word' id='word_1_226' title='bbox 835 1392 867 1418; x_wconf 81' lang='grc' dir='ltr'><strong>τὸ</strong></span> 
     </span>
    </p>
   </div>
   <div class='ocr_carea' id='block_1_29' title="bbox 86 1437 866 1473">
    <p class='ocr_par' dir='ltr' id='par_1_29' title="bbox 86 1437 866 1473">
     <span class='ocr_line' id='line_1_29' title="bbox 86 1437 866 1473; baseline 0.003 -11"><span class='ocrx_word' id='word_1_227' title='bbox 86 1437 177 1471; x_wconf 79' lang='grc' dir='ltr'>πρέπον</span> <span class='ocrx_word' id='word_1_228' title='bbox 191 1439 223 1472; x_wconf 84' lang='grc' dir='ltr'>τῇ</span> <span class='ocrx_word' id='word_1_229' title='bbox 238 1437 434 1473; x_wconf 81' lang='grc' dir='ltr'>ἀνθρωπότητι</span> <span class='ocrx_word' id='word_1_230' title='bbox 453 1438 561 1473; x_wconf 79' lang='grc' dir='ltr'>μέτρον,</span> <span class='ocrx_word' id='word_1_231' title='bbox 575 1437 696 1472; x_wconf 85' lang='grc' dir='ltr'>γεγονὼς</span> <span class='ocrx_word' id='word_1_232' title='bbox 711 1438 780 1472; x_wconf 84' lang='grc' dir='ltr'><strong>μετά</strong></span> <span class='ocrx_word' id='word_1_233' title='bbox 798 1438 866 1465; x_wconf 91' lang='grc' dir='ltr'>πάν-</span> 
     </span>
    </p>
   </div>
   <div class='ocr_carea' id='block_1_30' title="bbox 87 1483 866 1520">
    <p class='ocr_par' dir='ltr' id='par_1_30' title="bbox 87 1483 866 1520">
     <span class='ocr_line' id='line_1_30' title="bbox 87 1483 866 1520; baseline 0.001 -11"><span class='ocrx_word' id='word_1_234' title='bbox 87 1492 131 1509; x_wconf 81' lang='grc' dir='ltr'><strong>των</strong></span> <span class='ocrx_word' id='word_1_235' title='bbox 144 1483 191 1509; x_wconf 77' lang='grc' dir='ltr'><strong>ὑπὸ</strong></span> <span class='ocrx_word' id='word_1_236' title='bbox 206 1483 274 1510; x_wconf 82' lang='grc' dir='ltr'>Θεοῦ</span> <span class='ocrx_word' id='word_1_237' title='bbox 289 1483 407 1520; x_wconf 82' lang='grc' dir='ltr'><strong>;Ταύτῃ</strong></span> <span class='ocrx_word' id='word_1_238' title='bbox 419 1492 471 1515; x_wconf 79' lang='grc' dir='ltr'>τοι,</span> <span class='ocrx_word' id='word_1_239' title='bbox 485 1485 532 1510; x_wconf 76' lang='grc' dir='ltr'>καὶ</span> <span class='ocrx_word' id='word_1_240' title='bbox 550 1484 616 1510; x_wconf 77' lang='grc' dir='ltr'>Θεὸν</span> <span class='ocrx_word' id='word_1_241' title='bbox 632 1483 727 1510; x_wconf 76' lang='grc' dir='ltr'>ἑαυτοῦ</span> <span class='ocrx_word' id='word_1_242' title='bbox 745 1484 866 1510; x_wconf 72' lang='grc' dir='ltr'>κατωνό-</span> 
     </span>
    </p>
   </div>
   <div class='ocr_carea' id='block_1_31' title="bbox 89 1527 865 1564">
    <p class='ocr_par' dir='ltr' id='par_1_31' title="bbox 89 1527 865 1564">
     <span class='ocr_line' id='line_1_31' title="bbox 89 1527 865 1564; baseline 0.001 -10"><span class='ocrx_word' id='word_1_243' title='bbox 89 1527 148 1560; x_wconf 75' lang='grc' dir='ltr'>μαζε</span> <span class='ocrx_word' id='word_1_244' title='bbox 161 1528 203 1554; x_wconf 79' lang='grc' dir='ltr'><strong>τὸν</strong></span> <span class='ocrx_word' id='word_1_245' title='bbox 216 1529 349 1564; x_wconf 74' lang='grc' dir='ltr'>Πατέραο</span> <span class='ocrx_word' id='word_1_246' title='bbox 367 1529 457 1555; x_wconf 74' lang='grc' dir='ltr'>καίτοι</span> <span class='ocrx_word' id='word_1_247' title='bbox 474 1529 554 1562; x_wconf 75' lang='grc' dir='ltr'>φύσει</span> <span class='ocrx_word' id='word_1_248' title='bbox 572 1529 621 1555; x_wconf 75' lang='grc' dir='ltr'>καὶ</span> <span class='ocrx_word' id='word_1_249' title='bbox 637 1529 717 1561; x_wconf 60' lang='grc' dir='ltr'><strong>αὐτὲις</strong></span> <span class='ocrx_word' id='word_1_250' title='bbox 735 1529 865 1564; x_wconf 79' lang='grc' dir='ltr'>ὑπάρχων</span> 
     </span>
    </p>
   </div>
   <div class='ocr_carea' id='block_1_32' title="bbox 87 1574 866 1610">
    <p class='ocr_par' dir='ltr' id='par_1_32' title="bbox 87 1574 866 1610">
     <span class='ocr_line' id='line_1_32' title="bbox 87 1574 866 1610; baseline 0.003 -11"><span class='ocrx_word' id='word_1_251' title='bbox 87 1574 158 1606; x_wconf 67' lang='grc' dir='ltr'>Θεὸς,</span> <span class='ocrx_word' id='word_1_252' title='bbox 169 1574 213 1600; x_wconf 73' lang='grc' dir='ltr'><strong>καὶ</strong></span> <span class='ocrx_word' id='word_1_253' title='bbox 228 1575 261 1600; x_wconf 78' lang='grc' dir='ltr'>ἐκ</span> <span class='ocrx_word' id='word_1_254' title='bbox 274 1575 327 1608; x_wconf 78' lang='grc' dir='ltr'>τῆς</span> <span class='ocrx_word' id='word_1_255' title='bbox 343 1574 439 1606; x_wconf 77' lang='grc' dir='ltr'>οὐσίας</span> <span class='ocrx_word' id='word_1_256' title='bbox 458 1575 540 1601; x_wconf 77' lang='grc' dir='ltr'>αὑτοῦ</span> <span class='ocrx_word' id='word_1_257' title='bbox 559 1575 686 1609; x_wconf 74' lang='grc' dir='ltr'>πεφηνὼς</span> <span class='ocrx_word' id='word_1_258' title='bbox 707 1575 770 1606; x_wconf 75' lang='grc' dir='ltr'>Υἱὸς</span> <span class='ocrx_word' id='word_1_259' title='bbox 787 1584 866 1610; x_wconf 83' lang='grc' dir='ltr'>μονο-</span> 
     </span>
    </p>
   </div>
   <div class='ocr_carea' id='block_1_33' title="bbox 88 1620 866 1657">
    <p class='ocr_par' dir='ltr' id='par_1_33' title="bbox 88 1620 866 1657">
     <span class='ocr_line' id='line_1_33' title="bbox 88 1620 866 1657; baseline 0.003 -13"><span class='ocrx_word' id='word_1_260' title='bbox 88 1620 165 1653; x_wconf 76' lang='grc' dir='ltr'>γενής.</span> <span class='ocrx_word' id='word_1_261' title='bbox 188 1620 254 1654; x_wconf 76' lang='grc' dir='ltr'>Περὶ</span> <span class='ocrx_word' id='word_1_262' title='bbox 280 1621 358 1651; x_wconf 82' lang='grc' dir='ltr'>τίνος</span> <span class='ocrx_word' id='word_1_263' title='bbox 383 1620 438 1655; x_wconf 78' lang='grc' dir='ltr'><strong>ἄρα</strong></span> <span class='ocrx_word' id='word_1_264' title='bbox 463 1622 543 1655; x_wconf 70' lang='grc' dir='ltr'>φησὶν</span> <span class='ocrx_word' id='word_1_265' title='bbox 575 1622 589 1648; x_wconf 87' lang='grc' dir='ltr'>ὁ</span> <span class='ocrx_word' id='word_1_266' title='bbox 613 1622 747 1657; x_wconf 79' lang='grc' dir='ltr'>μακάριος</span> <span class='ocrx_word' id='word_1_267' title='bbox 775 1621 866 1653; x_wconf 72' lang='grc' dir='ltr'>Δαεὶδ,</span> 
     </span>
    </p>
   </div>
   <div class='ocr_carea' id='block_1_34' title="bbox 89 1665 866 1700">
    <p class='ocr_par' dir='ltr' id='par_1_34' title="bbox 89 1665 866 1700">
     <span class='ocr_line' id='line_1_34' title="bbox 89 1665 866 1700; baseline 0.005 -10"><span class='ocrx_word' id='word_1_268' title='bbox 89 1675 96 1689; x_wconf 80' lang='grc' dir='ltr'><strong>ι</strong></span> <span class='ocrx_word' id='word_1_269' title='bbox 106 1665 284 1698; x_wconf 75' lang='grc' dir='ltr'>Ἐξαπέστειλε</span> <span class='ocrx_word' id='word_1_270' title='bbox 302 1667 352 1693; x_wconf 77' lang='grc' dir='ltr'>τὸν</span> <span class='ocrx_word' id='word_1_271' title='bbox 363 1667 450 1700; x_wconf 77' lang='grc' dir='ltr'>Λόγον</span> <span class='ocrx_word' id='word_1_272' title='bbox 465 1667 561 1700; x_wconf 79' lang='grc' dir='ltr'>αὐτοῦ,</span> <span class='ocrx_word' id='word_1_273' title='bbox 570 1668 618 1693; x_wconf 80' lang='grc' dir='ltr'><strong>καὶ</strong></span> <span class='ocrx_word' id='word_1_274' title='bbox 632 1668 726 1694; x_wconf 70' lang='grc' dir='ltr'>ἐάσατο</span> <span class='ocrx_word' id='word_1_275' title='bbox 735 1667 832 1699; x_wconf 80' lang='grc' dir='ltr'>αὐτούς</span> <span class='ocrx_word' id='word_1_276' title='bbox 843 1675 866 1699; x_wconf 75' lang='grc' dir='ltr'><strong>;ι</strong></span> 
     </span>
    </p>
   </div>
   <div class='ocr_carea' id='block_1_35' title="bbox 87 1710 868 1748">
    <p class='ocr_par' dir='ltr' id='par_1_35' title="bbox 87 1710 868 1748">
     <span class='ocr_line' id='line_1_35' title="bbox 87 1710 868 1748; baseline 0.004 -12"><span class='ocrx_word' id='word_1_277' title='bbox 87 1710 181 1737; x_wconf 76' lang='grc' dir='ltr'>Σέσωκε</span> <span class='ocrx_word' id='word_1_278' title='bbox 199 1712 253 1746; x_wconf 79' lang='grc' dir='ltr'>γὰρ</span> <span class='ocrx_word' id='word_1_279' title='bbox 270 1713 349 1747; x_wconf 74' lang='grc' dir='ltr'>ἡμᾶς</span> <span class='ocrx_word' id='word_1_280' title='bbox 359 1732 365 1743; x_wconf 85' lang='grc'><strong>,</strong></span> <span class='ocrx_word' id='word_1_281' title='bbox 389 1713 420 1738; x_wconf 79' lang='grc' dir='ltr'>οὐ</span> <span class='ocrx_word' id='word_1_282' title='bbox 445 1713 565 1748; x_wconf 73' lang='grc' dir='ltr'>πρέσόυς</span> <span class='ocrx_word' id='word_1_283' title='bbox 575 1732 583 1743; x_wconf 86' lang='grc'><strong>,</strong></span> <span class='ocrx_word' id='word_1_284' title='bbox 598 1713 648 1739; x_wconf 82' lang='grc' dir='ltr'>οὐκ</span> <span class='ocrx_word' id='word_1_285' title='bbox 661 1713 791 1747; x_wconf 74' lang='grc' dir='ltr'>ἅγγελος,</span> <span class='ocrx_word' id='word_1_286' title='bbox 810 1713 868 1740; x_wconf 78' lang='grc' dir='ltr'><strong>ἀλλ’</strong></span> 
     </span>
    </p>
   </div>
   <div class='ocr_carea' id='block_1_36' title="bbox 87 1757 857 1795">
    <p class='ocr_par' dir='ltr' id='par_1_36' title="bbox 87 1757 857 1795">
     <span class='ocr_line' id='line_1_36' title="bbox 87 1757 857 1795; baseline 0.004 -12"><span class='ocrx_word' id='word_1_287' title='bbox 87 1757 155 1789; x_wconf 71' lang='grc' dir='ltr'>αὐτὸς</span> <span class='ocrx_word' id='word_1_288' title='bbox 169 1759 182 1784; x_wconf 79' lang='grc' dir='ltr'><strong><em>ὁ</em></strong></span> <span class='ocrx_word' id='word_1_289' title='bbox 194 1758 310 1794; x_wconf 78' lang='grc' dir='ltr'>Κύριος,</span> <span class='ocrx_word' id='word_1_290' title='bbox 326 1759 402 1784; x_wconf 84' lang='grc' dir='ltr'>κατὰ</span> <span class='ocrx_word' id='word_1_291' title='bbox 413 1758 463 1790; x_wconf 79' lang='grc' dir='ltr'><strong>τὰς</strong></span> <span class='ocrx_word' id='word_1_292' title='bbox 478 1759 599 1794; x_wconf 77' lang='grc' dir='ltr'><strong>Γραφάς.</strong></span> <span class='ocrx_word' id='word_1_293' title='bbox 619 1759 698 1786; x_wconf 75' lang='grc' dir='ltr'><strong>Ἀ).λὰ</strong></span> <span class='ocrx_word' id='word_1_294' title='bbox 716 1759 759 1786; x_wconf 75' lang='grc' dir='ltr'>ναί</span> <span class='ocrx_word' id='word_1_295' title='bbox 775 1768 857 1795; x_wconf 82' lang='grc' dir='ltr'>φησιν</span> 
     </span>
    </p>
   </div>
   <div class='ocr_carea' id='block_1_37' title="bbox 86 1803 867 1839">
    <p class='ocr_par' dir='ltr' id='par_1_37' title="bbox 86 1803 867 1839">
     <span class='ocr_line' id='line_1_37' title="bbox 86 1803 867 1839; baseline 0.004 -11"><span class='ocrx_word' id='word_1_296' title='bbox 86 1803 189 1829; x_wconf 73' lang='grc' dir='ltr'>ὀπὰντα</span> <span class='ocrx_word' id='word_1_297' title='bbox 204 1804 329 1838; x_wconf 74' lang='grc' dir='ltr'>πληροῦν</span> <span class='ocrx_word' id='word_1_298' title='bbox 351 1803 500 1839; x_wconf 78' lang='grc' dir='ltr'>δυνάμενος</span> <span class='ocrx_word' id='word_1_299' title='bbox 515 1804 580 1835; x_wconf 77' lang='grc' dir='ltr'>Θεὸς</span> <span class='ocrx_word' id='word_1_300' title='bbox 594 1804 678 1838; x_wconf 80' lang='grc' dir='ltr'>Λόγος</span> <span class='ocrx_word' id='word_1_301' title='bbox 692 1804 867 1831; x_wconf 80' lang='grc' dir='ltr'>ἀπέσταλται.</span> 
     </span>
    </p>
   </div>
   <div class='ocr_carea' id='block_1_38' title="bbox 88 1848 869 1886">
    <p class='ocr_par' dir='ltr' id='par_1_38' title="bbox 88 1848 869 1886">
     <span class='ocr_line' id='line_1_38' title="bbox 88 1848 869 1886; baseline 0.035 -13"><span class='ocrx_word' id='word_1_302' title='bbox 88 1848 143 1874; x_wconf 71' lang='grc' dir='ltr'><strong>Τίνα</strong></span> <span class='ocrx_word' id='word_1_303' title='bbox 158 1848 273 1883; x_wconf 74' lang='grc' dir='ltr'>τρόπονς</span> <span class='ocrx_word' id='word_1_304' title='bbox 292 1849 344 1874; x_wconf 66' lang='grc' dir='ltr'>ποῦ</span> <span class='ocrx_word' id='word_1_305' title='bbox 358 1849 413 1884; x_wconf 66' lang='grc' dir='ltr'>γάρ</span> <span class='ocrx_word' id='word_1_306' title='bbox 431 1849 481 1875; x_wconf 59' lang='grc' dir='ltr'><strong>οὐκ</strong></span> <span class='ocrx_word' id='word_1_307' title='bbox 495 1848 566 1876; x_wconf 75' lang='grc' dir='ltr'><strong>εἷναί</strong></span> <span class='ocrx_word' id='word_1_308' title='bbox 578 1858 668 1884; x_wconf 72' lang='grc' dir='ltr'>φαμεν</span> <span class='ocrx_word' id='word_1_309' title='bbox 681 1850 778 1883; x_wconf 55' lang='grc' dir='ltr'><strong>αὐτόνί</strong></span> <span class='ocrx_word' id='word_1_310' title='bbox 793 1850 809 1886; x_wconf 73' lang='grc' dir='ltr'>ἢ</span> <span class='ocrx_word' id='word_1_311' title='bbox 823 1850 869 1876; x_wconf 55' lang='grc' dir='ltr'><strong>καὶ</strong></span> 
     </span>
    </p>
   </div>
   <div class='ocr_carea' id='block_1_39' title="bbox 86 1893 869 1930">
    <p class='ocr_par' dir='ltr' id='par_1_39' title="bbox 86 1893 869 1930">
     <span class='ocr_line' id='line_1_39' title="bbox 86 1893 869 1930; baseline 0.003 -10"><span class='ocrx_word' id='word_1_312' title='bbox 86 1895 138 1920; x_wconf 73' lang='grc' dir='ltr'>ὅποι</span> <span class='ocrx_word' id='word_1_313' title='bbox 162 1895 375 1930; x_wconf 72' lang='grc' dir='ltr'>πεμφθήσεταις</span> <span class='ocrx_word' id='word_1_314' title='bbox 392 1894 604 1930; x_wconf 80' lang='grc' dir='ltr'>καταγορεύσεις</span> <span class='ocrx_word' id='word_1_315' title='bbox 619 1893 665 1922; x_wconf 68' lang='grc' dir='ltr'>οὖν</span> <span class='ocrx_word' id='word_1_316' title='bbox 683 1896 736 1930; x_wconf 80' lang='grc' dir='ltr'><strong>ἄρα</strong></span> <span class='ocrx_word' id='word_1_317' title='bbox 758 1896 804 1922; x_wconf 75' lang='grc' dir='ltr'><strong>καὶ</strong></span> <span class='ocrx_word' id='word_1_318' title='bbox 822 1896 869 1922; x_wconf 79' lang='grc' dir='ltr'><strong>τοῦ</strong></span> 
     </span>
    </p>
   </div>
   <div class='ocr_carea' id='block_1_40' title="bbox 87 1940 870 1976">
    <p class='ocr_par' dir='ltr' id='par_1_40' title="bbox 87 1940 870 1976">
     <span class='ocr_line' id='line_1_40' title="bbox 87 1940 870 1976; baseline 0.003 -11"><span class='ocrx_word' id='word_1_319' title='bbox 87 1941 213 1974; x_wconf 75' lang='grc' dir='ltr'>πανσόφου</span> <span class='ocrx_word' id='word_1_320' title='bbox 223 1940 406 1972; x_wconf 74' lang='grc' dir='ltr'>Μωσὲιι›ς,ὡ;</span> <span class='ocrx_word' id='word_1_321' title='bbox 423 1941 472 1975; x_wconf 84' lang='grc' dir='ltr'>τὴν</span> <span class='ocrx_word' id='word_1_322' title='bbox 486 1941 641 1976; x_wconf 76' lang='grc' dir='ltr'>ἀπόρρητον</span> <span class='ocrx_word' id='word_1_323' title='bbox 654 1941 701 1967; x_wconf 84' lang='grc' dir='ltr'><strong>τοῦ</strong></span> <span class='ocrx_word' id='word_1_324' title='bbox 711 1940 776 1967; x_wconf 83' lang='grc' dir='ltr'><strong>Θεοῦ</strong></span> <span class='ocrx_word' id='word_1_325' title='bbox 791 1941 870 1973; x_wconf 79' lang='grc' dir='ltr'>δόξαν</span> 
     </span>
    </p>
   </div>
   <div class='ocr_carea' id='block_1_41' title="bbox 86 1985 868 2021">
    <p class='ocr_par' dir='ltr' id='par_1_41' title="bbox 86 1985 868 2021">
     <span class='ocr_line' id='line_1_41' title="bbox 86 1985 868 2021; baseline 0.003 -10"><span class='ocrx_word' id='word_1_326' title='bbox 86 1985 112 2011; x_wconf 77' lang='grc' dir='ltr'>οὐ</span> <span class='ocrx_word' id='word_1_327' title='bbox 129 1986 240 2021; x_wconf 76' lang='grc' dir='ltr'><strong>μετρίως</strong></span> <span class='ocrx_word' id='word_1_328' title='bbox 254 1986 428 2021; x_wconf 66' lang='grc' dir='ltr'>ἠδικηκότας</span> <span class='ocrx_word' id='word_1_329' title='bbox 444 1986 495 2021; x_wconf 71' lang='grc' dir='ltr'>ἔφη</span> <span class='ocrx_word' id='word_1_330' title='bbox 511 1986 575 2021; x_wconf 80' lang='grc' dir='ltr'>γὰρ,</span> <span class='ocrx_word' id='word_1_331' title='bbox 586 1987 626 2012; x_wconf 74' lang='grc' dir='ltr'>ὅτι</span> <span class='ocrx_word' id='word_1_332' title='bbox 643 1995 652 2011; x_wconf 74' lang='grc' dir='ltr'><strong>ι</strong></span> <span class='ocrx_word' id='word_1_333' title='bbox 671 1986 868 2021; x_wconf 78' lang='grc' dir='ltr'>Κατασὲὖηκεν</span> 
     </span>
    </p>
   </div>
   <div class='ocr_carea' id='block_1_42' title="bbox 86 2029 872 2066">
    <p class='ocr_par' dir='ltr' id='par_1_42' title="bbox 86 2029 872 2066">
     <span class='ocr_line' id='line_1_42' title="bbox 86 2029 872 2066; baseline 0.001 -11"><span class='ocrx_word' id='word_1_334' title='bbox 86 2031 99 2055; x_wconf 80' lang='grc' dir='ltr'>ὁ</span> <span class='ocrx_word' id='word_1_335' title='bbox 112 2029 171 2062; x_wconf 72' lang='grc' dir='ltr'>Θεὸς</span> <span class='ocrx_word' id='word_1_336' title='bbox 184 2032 249 2058; x_wconf 75' lang='grc' dir='ltr'>εῖδει</span> <span class='ocrx_word' id='word_1_337' title='bbox 266 2031 358 2066; x_wconf 71' lang='grc' dir='ltr'>πυρὸς</span> <span class='ocrx_word' id='word_1_338' title='bbox 378 2031 425 2057; x_wconf 72' lang='grc' dir='ltr'><strong>ἐπὶ</strong></span> <span class='ocrx_word' id='word_1_339' title='bbox 439 2031 470 2057; x_wconf 77' lang='grc' dir='ltr'>τὸ</span> <span class='ocrx_word' id='word_1_340' title='bbox 481 2031 544 2066; x_wconf 73' lang='grc' dir='ltr'>ὅρος</span> <span class='ocrx_word' id='word_1_341' title='bbox 561 2031 634 2057; x_wconf 80' lang='grc' dir='ltr'>Σινᾶ.</span> <span class='ocrx_word' id='word_1_342' title='bbox 656 2041 665 2056; x_wconf 74' lang='grc' dir='ltr'><strong>ι</strong></span> <span class='ocrx_word' id='word_1_343' title='bbox 683 2030 741 2057; x_wconf 81' lang='grc' dir='ltr'>Κᾶν</span> <span class='ocrx_word' id='word_1_344' title='bbox 754 2031 872 2066; x_wconf 78' lang='grc' dir='ltr'><strong>ἀκούσῃς</strong></span> 
     </span>
    </p>
   </div>
   <div class='ocr_carea' id='block_1_43' title="bbox 87 2075 872 2112">
    <p class='ocr_par' dir='ltr' id='par_1_43' title="bbox 87 2075 872 2112">
     <span class='ocr_line' id='line_1_43' title="bbox 87 2075 872 2112; baseline 0.004 -12"><span class='ocrx_word' id='word_1_345' title='bbox 87 2075 199 2109; x_wconf 68' lang='grc' dir='ltr'>ὶέγοντος</span> <span class='ocrx_word' id='word_1_346' title='bbox 217 2077 265 2103; x_wconf 76' lang='grc' dir='ltr'><strong>τοῦ</strong></span> <span class='ocrx_word' id='word_1_347' title='bbox 289 2077 426 2111; x_wconf 74' lang='grc' dir='ltr'>μακαρίου</span> <span class='ocrx_word' id='word_1_348' title='bbox 451 2077 535 2103; x_wconf 72' lang='grc' dir='ltr'><strong>Δαϐὶδ</strong></span> <span class='ocrx_word' id='word_1_349' title='bbox 562 2077 628 2112; x_wconf 70' lang='grc' dir='ltr'>πρὸς</span> <span class='ocrx_word' id='word_1_350' title='bbox 644 2077 699 2102; x_wconf 80' lang='grc' dir='ltr'>τῶν</span> <span class='ocrx_word' id='word_1_351' title='bbox 719 2077 787 2103; x_wconf 84' lang='grc' dir='ltr'><strong>ὅλων</strong></span> <span class='ocrx_word' id='word_1_352' title='bbox 805 2085 872 2112; x_wconf 79' lang='grc' dir='ltr'>κρα-</span> 
     </span>
    </p>
   </div>
   <div class='ocr_carea' id='block_1_44' title="bbox 90 2121 872 2157">
    <p class='ocr_par' dir='ltr' id='par_1_44' title="bbox 90 2121 872 2157">
     <span class='ocr_line' id='line_1_44' title="bbox 90 2121 872 2157; baseline 0.004 -11"><span class='ocrx_word' id='word_1_353' title='bbox 90 2121 174 2147; x_wconf 65' lang='grc' dir='ltr'>τοῦντα</span> <span class='ocrx_word' id='word_1_354' title='bbox 197 2123 262 2148; x_wconf 58' lang='lat' dir='ltr'><strong>ego“;</strong></span> <span class='ocrx_word' id='word_1_355' title='bbox 276 2131 284 2136; x_wconf 87' lang='lat'>&#39;</span> <span class='ocrx_word' id='word_1_356' title='bbox 303 2133 311 2148; x_wconf 78' lang='grc' dir='ltr'><strong>ι</strong></span> <span class='ocrx_word' id='word_1_357' title='bbox 335 2122 539 2155; x_wconf 74' lang='grc' dir='ltr'>Ἑξαποστελεῖς</span> <span class='ocrx_word' id='word_1_358' title='bbox 564 2123 593 2148; x_wconf 83' lang='grc' dir='ltr'>τὸ</span> <span class='ocrx_word' id='word_1_359' title='bbox 608 2122 720 2157; x_wconf 85' lang='grc' dir='ltr'>Πνεῦμά</span> <span class='ocrx_word' id='word_1_360' title='bbox 743 2131 801 2155; x_wconf 84' lang='grc' dir='ltr'>σου,</span> <span class='ocrx_word' id='word_1_361' title='bbox 826 2123 872 2149; x_wconf 74' lang='grc' dir='ltr'><strong>καὶ</strong></span> 
     </span>
    </p>
   </div>
   <div class='ocr_carea' id='block_1_45' title="bbox 91 2167 873 2203">
    <p class='ocr_par' dir='ltr' id='par_1_45' title="bbox 91 2167 873 2203">
     <span class='ocr_line' id='line_1_45' title="bbox 91 2167 873 2203; baseline 0.003 -11"><span class='ocrx_word' id='word_1_362' title='bbox 91 2167 292 2202; x_wconf 71' lang='grc' dir='ltr'>κτιοοήσονται·</span> <span class='ocrx_word' id='word_1_363' title='bbox 325 2168 373 2193; x_wconf 73' lang='grc' dir='ltr'><strong>καὶ</strong></span> <span class='ocrx_word' id='word_1_364' title='bbox 399 2168 567 2199; x_wconf 76' lang='grc' dir='ltr'>ἀνακαινιεῖς</span> <span class='ocrx_word' id='word_1_365' title='bbox 595 2168 626 2194; x_wconf 79' lang='grc' dir='ltr'>τὸ</span> <span class='ocrx_word' id='word_1_366' title='bbox 652 2167 798 2203; x_wconf 81' lang='grc' dir='ltr'>πρόσωπον</span> <span class='ocrx_word' id='word_1_367' title='bbox 824 2169 873 2202; x_wconf 80' lang='grc' dir='ltr'>τῆς</span> 
     </span>
    </p>
   </div>
   <div class='ocr_carea' id='block_1_46' title="bbox 914 248 1696 285">
    <p class='ocr_par' dir='ltr' id='par_1_46' title="bbox 914 248 1696 285">
     <span class='ocr_line' id='line_1_46' title="bbox 914 248 1696 285; baseline 0.005 -11"><span class='ocrx_word' id='word_1_368' title='bbox 914 248 1023 282; x_wconf 84' lang='lat' dir='ltr'><strong>minem,</strong></span> <span class='ocrx_word' id='word_1_369' title='bbox 1042 251 1165 284; x_wconf 84' lang='lat' dir='ltr'><strong>quisnam</strong></span> <span class='ocrx_word' id='word_1_370' title='bbox 1190 250 1277 278; x_wconf 81' lang='lat' dir='ltr'><strong>factus</strong></span> <span class='ocrx_word' id='word_1_371' title='bbox 1298 255 1340 278; x_wconf 86' lang='lat' dir='ltr'><strong>est</strong></span> <span class='ocrx_word' id='word_1_372' title='bbox 1359 250 1409 278; x_wconf 91' lang='lat' dir='ltr'><strong>sub</strong></span> <span class='ocrx_word' id='word_1_373' title='bbox 1428 249 1505 285; x_wconf 80' lang='lat' dir='ltr'><strong>lege?</strong></span> <span class='ocrx_word' id='word_1_374' title='bbox 1524 249 1604 278; x_wconf 88' lang='lat' dir='ltr'><strong>illene</strong></span> <span class='ocrx_word' id='word_1_375' title='bbox 1625 249 1696 278; x_wconf 87' lang='lat' dir='ltr'><strong>Deus</strong></span> 
     </span>
    </p>
   </div>
   <div class='ocr_carea' id='block_1_47' title="bbox 913 294 1049 323">
    <p class='ocr_par' dir='ltr' id='par_1_47' title="bbox 913 294 1049 323">
     <span class='ocr_line' id='line_1_47' title="bbox 913 294 1049 323; baseline 0.007 -2"><span class='ocrx_word' id='word_1_376' title='bbox 913 294 1030 323; x_wconf 82' lang='lat' dir='ltr'><strong>Verbum</strong></span> <span class='ocrx_word' id='word_1_377' title='bbox 1038 296 1049 311; x_wconf 79' lang='lat'><strong>&quot;</strong></span> 
     </span>
    </p>
   </div>
   <div class='ocr_carea' id='block_1_48' title="bbox 1234 365 1373 393">
    <p class='ocr_par' dir='ltr' id='par_1_48' title="bbox 1234 365 1373 393">
     <span class='ocr_line' id='line_1_48' title="bbox 1234 365 1373 393; baseline 0.007 -1"><span class='ocrx_word' id='word_1_378' title='bbox 1234 365 1308 393; x_wconf 78' lang='lat' dir='ltr'><strong>CAP.</strong></span> <span class='ocrx_word' id='word_1_379' title='bbox 1329 366 1373 393; x_wconf 89' lang='lat' dir='ltr'><strong>Ill.</strong></span> 
     </span>
    </p>
   </div>
   <div class='ocr_carea' id='block_1_49' title="bbox 948 429 1695 466">
    <p class='ocr_par' dir='ltr' id='par_1_49' title="bbox 948 429 1695 466">
     <span class='ocr_line' id='line_1_49' title="bbox 948 429 1695 466; baseline 0.001 -10"><span class='ocrx_word' id='word_1_380' title='bbox 948 429 1006 456; x_wconf 82' lang='lat' dir='ltr'><strong>Jam</strong></span> <span class='ocrx_word' id='word_1_381' title='bbox 1024 437 1086 457; x_wconf 89' lang='lat' dir='ltr'><strong>vero</strong></span> <span class='ocrx_word' id='word_1_382' title='bbox 1106 432 1239 465; x_wconf 89' lang='lat' dir='ltr'><strong>quomodo</strong></span> <span class='ocrx_word' id='word_1_383' title='bbox 1261 440 1313 458; x_wconf 84' lang='lat' dir='ltr'><strong>non</strong></span> <span class='ocrx_word' id='word_1_384' title='bbox 1337 433 1372 459; x_wconf 90' lang='lat' dir='ltr'><strong>sit</strong></span> <span class='ocrx_word' id='word_1_385' title='bbox 1396 432 1474 466; x_wconf 84' lang='lat' dir='ltr'><strong>plane</strong></span> <span class='ocrx_word' id='word_1_386' title='bbox 1496 432 1630 466; x_wconf 83' lang='lat' dir='ltr'><strong>stupidus,</strong></span> <span class='ocrx_word' id='word_1_387' title='bbox 1651 432 1695 465; x_wconf 89' lang='lat' dir='ltr'><strong>qui</strong></span> 
     </span>
    </p>
   </div>
   <div class='ocr_carea' id='block_1_50' title="bbox 913 476 1696 508">
    <p class='ocr_par' dir='ltr' id='par_1_50' title="bbox 913 476 1696 508">
     <span class='ocr_line' id='line_1_50' title="bbox 913 476 1696 508; baseline 0.003 -7"><span class='ocrx_word' id='word_1_388' title='bbox 913 482 956 502; x_wconf 81' lang='lat' dir='ltr'><strong>res</strong></span> <span class='ocrx_word' id='word_1_389' title='bbox 973 476 1040 502; x_wconf 82' lang='lat' dir='ltr'><strong>adeo</strong></span> <span class='ocrx_word' id='word_1_390' title='bbox 1059 476 1157 508; x_wconf 86' lang='lat' dir='ltr'><strong>claras,</strong></span> <span class='ocrx_word' id='word_1_391' title='bbox 1177 481 1204 504; x_wconf 91' lang='lat' dir='ltr'><strong>et</strong></span> <span class='ocrx_word' id='word_1_392' title='bbox 1221 476 1346 504; x_wconf 84' lang='lat' dir='ltr'><strong>omnibus</strong></span> <span class='ocrx_word' id='word_1_393' title='bbox 1369 481 1457 508; x_wconf 73' lang='lat' dir='ltr'><strong>notas,</strong></span> <span class='ocrx_word' id='word_1_394' title='bbox 1471 482 1498 503; x_wconf 91' lang='lat' dir='ltr'><strong>et</strong></span> <span class='ocrx_word' id='word_1_395' title='bbox 1510 476 1544 503; x_wconf 84' lang='lat' dir='ltr'><strong>ab</strong></span> <span class='ocrx_word' id='word_1_396' title='bbox 1559 477 1632 503; x_wconf 92' lang='lat' dir='ltr'><strong>omni</strong></span> <span class='ocrx_word' id='word_1_397' title='bbox 1648 477 1696 503; x_wconf 89' lang='lat' dir='ltr'><strong>du-</strong></span> 
     </span>
    </p>
   </div>
   <div class='ocr_carea' id='block_1_51' title="bbox 913 520 1697 556">
    <p class='ocr_par' dir='ltr' id='par_1_51' title="bbox 913 520 1697 556">
     <span class='ocr_line' id='line_1_51' title="bbox 913 520 1697 556; baseline 0 -9"><span class='ocrx_word' id='word_1_398' title='bbox 913 520 1042 547; x_wconf 86' lang='lat' dir='ltr'><strong>bitatione</strong></span> <span class='ocrx_word' id='word_1_399' title='bbox 1065 520 1177 552; x_wconf 84' lang='lat' dir='ltr'><strong>alienas,</strong></span> <span class='ocrx_word' id='word_1_400' title='bbox 1198 521 1269 555; x_wconf 88' lang='lat' dir='ltr'><strong>quod</strong></span> <span class='ocrx_word' id='word_1_401' title='bbox 1293 522 1325 549; x_wconf 89' lang='lat' dir='ltr'><strong>ad</strong></span> <span class='ocrx_word' id='word_1_402' title='bbox 1350 522 1439 556; x_wconf 89' lang='lat' dir='ltr'><strong>ipsum</strong></span> <span class='ocrx_word' id='word_1_403' title='bbox 1455 523 1563 555; x_wconf 85' lang='lat' dir='ltr'><strong>attinet,</strong></span> <span class='ocrx_word' id='word_1_404' title='bbox 1583 527 1697 548; x_wconf 87' lang='lat' dir='ltr'><strong>conatur</strong></span> 
     </span>
    </p>
   </div>
   <div class='ocr_carea' id='block_1_52' title="bbox 913 565 1698 598">
    <p class='ocr_par' dir='ltr' id='par_1_52' title="bbox 913 565 1698 598">
     <span class='ocr_line' id='line_1_52' title="bbox 913 565 1698 598; baseline 0.003 -6"><span class='ocrx_word' id='word_1_405' title='bbox 913 566 1054 593; x_wconf 76' lang='lat' dir='ltr'><strong>evertere?</strong></span> <span class='ocrx_word' id='word_1_406' title='bbox 1069 565 1153 598; x_wconf 87' lang='lat' dir='ltr'><strong>Quem</strong></span> <span class='ocrx_word' id='word_1_407' title='bbox 1166 567 1242 594; x_wconf 81' lang='lat' dir='ltr'><strong>nobis</strong></span> <span class='ocrx_word' id='word_1_408' title='bbox 1256 566 1337 594; x_wconf 88' lang='lat' dir='ltr'><strong>Pater</strong></span> <span class='ocrx_word' id='word_1_409' title='bbox 1355 568 1388 594; x_wconf 88' lang='lat' dir='ltr'><strong>de</strong></span> <span class='ocrx_word' id='word_1_410' title='bbox 1403 568 1473 595; x_wconf 69' lang='lat' dir='ltr'><strong>caelo</strong></span> <span class='ocrx_word' id='word_1_411' title='bbox 1490 568 1562 594; x_wconf 85' lang='lat' dir='ltr'><strong>misit</strong></span> <span class='ocrx_word' id='word_1_412' title='bbox 1575 566 1698 594; x_wconf 80' lang='lat' dir='ltr'><strong>Salvato-</strong></span> 
     </span>
    </p>
   </div>
   <div class='ocr_carea' id='block_1_53' title="bbox 913 611 1697 646">
    <p class='ocr_par' dir='ltr' id='par_1_53' title="bbox 913 611 1697 646">
     <span class='ocr_line' id='line_1_53' title="bbox 913 611 1697 646; baseline 0.001 -9"><span class='ocrx_word' id='word_1_413' title='bbox 913 619 969 638; x_wconf 86' lang='lat' dir='ltr'><strong>reut</strong></span> <span class='ocrx_word' id='word_1_414' title='bbox 994 619 1025 638; x_wconf 84' lang='lat' dir='ltr'><strong>ac</strong></span> <span class='ocrx_word' id='word_1_415' title='bbox 1049 611 1277 646; x_wconf 78' lang='lat' dir='ltr'><strong>Redemptorcm?</strong></span> <span class='ocrx_word' id='word_1_416' title='bbox 1302 621 1392 640; x_wconf 83' lang='lat' dir='ltr'><strong>nonne</strong></span> <span class='ocrx_word' id='word_1_417' title='bbox 1417 613 1504 646; x_wconf 86' lang='lat' dir='ltr'><strong>ipsum</strong></span> <span class='ocrx_word' id='word_1_418' title='bbox 1527 612 1641 638; x_wconf 88' lang='lat' dir='ltr'><strong>Verbum</strong></span> <span class='ocrx_word' id='word_1_419' title='bbox 1664 613 1697 638; x_wconf 93' lang='lat' dir='ltr'><strong>de</strong></span> 
     </span>
    </p>
   </div>
   <div class='ocr_carea' id='block_1_54' title="bbox 913 658 1698 693">
    <p class='ocr_par' dir='ltr' id='par_1_54' title="bbox 913 658 1698 693">
     <span class='ocr_line' id='line_1_54' title="bbox 913 658 1698 693; baseline 0 -9"><span class='ocrx_word' id='word_1_420' title='bbox 913 665 961 684; x_wconf 75' lang='lat' dir='ltr'><strong>sua</strong></span> <span class='ocrx_word' id='word_1_421' title='bbox 978 658 1097 685; x_wconf 80' lang='lat' dir='ltr'><strong>essentia</strong></span> <span class='ocrx_word' id='word_1_422' title='bbox 1125 659 1237 685; x_wconf 85' lang='lat' dir='ltr'><strong>natum?</strong></span> <span class='ocrx_word' id='word_1_423' title='bbox 1250 659 1379 691; x_wconf 81' lang='lat' dir='ltr'><strong>Quisnam</strong></span> <span class='ocrx_word' id='word_1_424' title='bbox 1402 659 1446 685; x_wconf 92' lang='lat' dir='ltr'><strong>ille</strong></span> <span class='ocrx_word' id='word_1_425' title='bbox 1464 663 1505 685; x_wconf 90' lang='lat' dir='ltr'><strong>est</strong></span> <span class='ocrx_word' id='word_1_426' title='bbox 1519 659 1564 693; x_wconf 91' lang='lat' dir='ltr'><strong>qui</strong></span> <span class='ocrx_word' id='word_1_427' title='bbox 1584 658 1698 685; x_wconf 85' lang='lat' dir='ltr'><strong>descen-</strong></span> 
     </span>
    </p>
   </div>
   <div class='ocr_carea' id='block_1_55' title="bbox 914 702 1698 738">
    <p class='ocr_par' dir='ltr' id='par_1_55' title="bbox 914 702 1698 738">
     <span class='ocr_line' id='line_1_55' title="bbox 914 702 1698 738; baseline -0.001 -9"><span class='ocrx_word' id='word_1_428' title='bbox 914 703 952 730; x_wconf 79' lang='lat' dir='ltr'><strong>dit</strong></span> <span class='ocrx_word' id='word_1_429' title='bbox 968 707 995 729; x_wconf 88' lang='lat' dir='ltr'><strong>et</strong></span> <span class='ocrx_word' id='word_1_430' title='bbox 1016 703 1140 730; x_wconf 89' lang='lat' dir='ltr'><strong>ascendit</strong></span> <span class='ocrx_word' id='word_1_431' title='bbox 1163 711 1244 738; x_wconf 81' lang='lat' dir='ltr'><strong>super</strong></span> <span class='ocrx_word' id='word_1_432' title='bbox 1265 704 1359 737; x_wconf 71' lang='lat' dir='ltr'><strong>caelos,</strong></span> <span class='ocrx_word' id='word_1_433' title='bbox 1382 709 1411 730; x_wconf 94' lang='lat' dir='ltr'><strong>ut</strong></span> <span class='ocrx_word' id='word_1_434' title='bbox 1426 704 1551 737; x_wconf 88' lang='lat' dir='ltr'><strong>impleret</strong></span> <span class='ocrx_word' id='word_1_435' title='bbox 1568 702 1698 730; x_wconf 81' lang='lat' dir='ltr'><strong>omnia’?</strong></span> 
     </span>
    </p>
   </div>
   <div class='ocr_carea' id='block_1_56' title="bbox 914 748 1698 784">
    <p class='ocr_par' dir='ltr' id='par_1_56' title="bbox 914 748 1698 784">
     <span class='ocr_line' id='line_1_56' title="bbox 914 748 1698 784; baseline 0.001 -10"><span class='ocrx_word' id='word_1_436' title='bbox 914 757 976 775; x_wconf 91' lang='lat' dir='ltr'><strong>num</strong></span> <span class='ocrx_word' id='word_1_437' title='bbox 996 748 1049 776; x_wconf 90' lang='lat' dir='ltr'><strong>hoc</strong></span> <span class='ocrx_word' id='word_1_438' title='bbox 1065 749 1150 784; x_wconf 87' lang='lat' dir='ltr'><strong>ipsum</strong></span> <span class='ocrx_word' id='word_1_439' title='bbox 1168 757 1247 783; x_wconf 80' lang='lat' dir='ltr'><strong>posse</strong></span> <span class='ocrx_word' id='word_1_440' title='bbox 1262 750 1352 776; x_wconf 80' lang='lat' dir='ltr'><strong>omnia</strong></span> <span class='ocrx_word' id='word_1_441' title='bbox 1375 749 1496 784; x_wconf 85' lang='lat' dir='ltr'><strong>implere.</strong></span> <span class='ocrx_word' id='word_1_442' title='bbox 1519 757 1619 777; x_wconf 59' lang='lat' dir='ltr'><strong>nostra:</strong></span> <span class='ocrx_word' id='word_1_443' title='bbox 1637 757 1698 777; x_wconf 82' lang='lat' dir='ltr'><strong>esse</strong></span> 
     </span>
    </p>
   </div>
   <div class='ocr_carea' id='block_1_57' title="bbox 912 795 1698 829">
    <p class='ocr_par' dir='ltr' id='par_1_57' title="bbox 912 795 1698 829">
     <span class='ocr_line' id='line_1_57' title="bbox 912 795 1698 829; baseline 0.001 -9"><span class='ocrx_word' id='word_1_444' title='bbox 912 802 979 828; x_wconf 86' lang='lat' dir='ltr'><strong>opus</strong></span> <span class='ocrx_word' id='word_1_445' title='bbox 1000 799 1103 822; x_wconf 68' lang='lat' dir='ltr'><strong>natura:</strong></span> <span class='ocrx_word' id='word_1_446' title='bbox 1132 801 1220 829; x_wconf 83' lang='lat' dir='ltr'><strong>putas,</strong></span> <span class='ocrx_word' id='word_1_447' title='bbox 1247 800 1274 822; x_wconf 92' lang='lat' dir='ltr'><strong>et</strong></span> <span class='ocrx_word' id='word_1_448' title='bbox 1297 796 1474 822; x_wconf 71' lang='lat' dir='ltr'><strong>humanitatis</strong></span> <span class='ocrx_word' id='word_1_449' title='bbox 1494 802 1626 822; x_wconf 61' lang='lat' dir='ltr'><strong>mensurae</strong></span> <span class='ocrx_word' id='word_1_450' title='bbox 1650 795 1698 822; x_wconf 92' lang='lat' dir='ltr'><strong>tri-</strong></span> 
     </span>
    </p>
   </div>
   <div class='ocr_carea' id='block_1_58' title="bbox 915 840 1696 876">
    <p class='ocr_par' dir='ltr' id='par_1_58' title="bbox 915 840 1696 876">
     <span class='ocr_line' id='line_1_58' title="bbox 915 840 1696 876; baseline 0 -9"><span class='ocrx_word' id='word_1_451' title='bbox 915 840 990 867; x_wconf 84' lang='lat' dir='ltr'><strong>buis?</strong></span> <span class='ocrx_word' id='word_1_452' title='bbox 1008 841 1042 867; x_wconf 89' lang='lat' dir='ltr'><strong>de</strong></span> <span class='ocrx_word' id='word_1_453' title='bbox 1067 848 1182 875; x_wconf 91' lang='lat' dir='ltr'><strong>quonam</strong></span> <span class='ocrx_word' id='word_1_454' title='bbox 1210 842 1319 876; x_wconf 80' lang='lat' dir='ltr'><strong>scripsit</strong></span> <span class='ocrx_word' id='word_1_455' title='bbox 1347 841 1401 876; x_wconf 81' lang='lat'><strong>39</strong></span> <span class='ocrx_word' id='word_1_456' title='bbox 1425 842 1518 868; x_wconf 84' lang='lat' dir='ltr'><strong>beatus</strong></span> <span class='ocrx_word' id='word_1_457' title='bbox 1546 841 1662 868; x_wconf 82' lang='lat' dir='ltr'><strong>Joannes</strong></span> <span class='ocrx_word' id='word_1_458' title='bbox 1689 850 1696 867; x_wconf 88' lang='lat'><strong>:</strong></span> 
     </span>
    </p>
   </div>
   <div class='ocr_carea' id='block_1_59' title="bbox 918 885 1697 920">
    <p class='ocr_par' dir='ltr' id='par_1_59' title="bbox 918 885 1697 920">
     <span class='ocr_line' id='line_1_59' title="bbox 918 885 1697 920; baseline 0.003 -10"><span class='ocrx_word' id='word_1_459' title='bbox 918 894 927 910; x_wconf 75' lang='grc' dir='ltr'><strong>ι</strong></span> <span class='ocrx_word' id='word_1_460' title='bbox 945 885 996 918; x_wconf 87' lang='lat' dir='ltr'><strong>Qui</strong></span> <span class='ocrx_word' id='word_1_461' title='bbox 1026 887 1167 912; x_wconf 85' lang='lat' dir='ltr'><strong>desursum</strong></span> <span class='ocrx_word' id='word_1_462' title='bbox 1193 886 1285 917; x_wconf 91' lang='lat' dir='ltr'><strong>venit,</strong></span> <span class='ocrx_word' id='word_1_463' title='bbox 1308 892 1388 920; x_wconf 83' lang='lat' dir='ltr'><strong>supra</strong></span> <span class='ocrx_word' id='word_1_464' title='bbox 1409 886 1499 912; x_wconf 82' lang='lat' dir='ltr'><strong>omnia</strong></span> <span class='ocrx_word' id='word_1_465' title='bbox 1525 885 1630 912; x_wconf 72' lang='lat' dir='ltr'><strong>est&#39;?t</strong></span> <span class='ocrx_word' id='word_1_466' title='bbox 1656 885 1697 912; x_wconf 87' lang='lat' dir='ltr'><strong>Att</strong></span> 
     </span>
    </p>
   </div>
   <div class='ocr_carea' id='block_1_60' title="bbox 915 931 1697 966">
    <p class='ocr_par' dir='ltr' id='par_1_60' title="bbox 915 931 1697 966">
     <span class='ocr_line' id='line_1_60' title="bbox 915 931 1697 966; baseline -0.001 -8"><span class='ocrx_word' id='word_1_467' title='bbox 915 931 999 964; x_wconf 85' lang='lat' dir='ltr'><strong>ipsum</strong></span> <span class='ocrx_word' id='word_1_468' title='bbox 1013 939 1121 965; x_wconf 87' lang='lat' dir='ltr'><strong>quoque</strong></span> <span class='ocrx_word' id='word_1_469' title='bbox 1139 932 1248 958; x_wconf 80' lang='lat' dir='ltr'><strong>mentiri</strong></span> <span class='ocrx_word' id='word_1_470' title='bbox 1271 932 1387 958; x_wconf 76' lang='lat' dir='ltr'><strong>fortasse</strong></span> <span class='ocrx_word' id='word_1_471' title='bbox 1402 932 1548 966; x_wconf 83' lang='lat' dir='ltr'><strong>putandum</strong></span> <span class='ocrx_word' id='word_1_472' title='bbox 1565 936 1616 963; x_wconf 81' lang='lat' dir='ltr'><strong>est,</strong></span> <span class='ocrx_word' id='word_1_473' title='bbox 1634 938 1697 958; x_wconf 86' lang='lat' dir='ltr'><strong>cum</strong></span> 
     </span>
    </p>
   </div>
   <div class='ocr_carea' id='block_1_61' title="bbox 913 975 1697 1010">
    <p class='ocr_par' dir='ltr' id='par_1_61' title="bbox 913 975 1697 1010">
     <span class='ocr_line' id='line_1_61' title="bbox 913 975 1697 1010; baseline 0.001 -8"><span class='ocrx_word' id='word_1_474' title='bbox 913 975 1065 1002; x_wconf 69' lang='lat' dir='ltr'><strong>Judteorum</strong></span> <span class='ocrx_word' id='word_1_475' title='bbox 1083 976 1194 1010; x_wconf 88' lang='lat' dir='ltr'><strong>populos</strong></span> <span class='ocrx_word' id='word_1_476' title='bbox 1205 976 1351 1010; x_wconf 71' lang='lat' dir='ltr'><strong>obiurgans</strong></span> <span class='ocrx_word' id='word_1_477' title='bbox 1369 977 1433 1004; x_wconf 89' lang='lat' dir='ltr'><strong>dicit</strong></span> <span class='ocrx_word' id='word_1_478' title='bbox 1448 986 1454 1003; x_wconf 70' lang='grc' dir='ltr'><strong><em>τ</em></strong></span> <span class='ocrx_word' id='word_1_479' title='bbox 1473 986 1482 1002; x_wconf 76' lang='grc' dir='ltr'><strong>ι</strong></span> <span class='ocrx_word' id='word_1_480' title='bbox 1501 977 1551 1003; x_wconf 88' lang='lat' dir='ltr'><strong>Vos</strong></span> <span class='ocrx_word' id='word_1_481' title='bbox 1564 977 1598 1004; x_wconf 92' lang='lat' dir='ltr'><strong>de</strong></span> <span class='ocrx_word' id='word_1_482' title='bbox 1618 977 1697 1003; x_wconf 89' lang='lat' dir='ltr'><strong>deor-</strong></span> 
     </span>
    </p>
   </div>
   <div class='ocr_carea' id='block_1_62' title="bbox 914 1021 1699 1056">
    <p class='ocr_par' dir='ltr' id='par_1_62' title="bbox 914 1021 1699 1056">
     <span class='ocr_line' id='line_1_62' title="bbox 914 1021 1699 1056; baseline 0.001 -8"><span class='ocrx_word' id='word_1_483' title='bbox 914 1029 973 1048; x_wconf 84' lang='lat' dir='ltr'><strong>sum</strong></span> <span class='ocrx_word' id='word_1_484' title='bbox 994 1021 1070 1052; x_wconf 82' lang='lat' dir='ltr'><strong>e5tis,</strong></span> <span class='ocrx_word' id='word_1_485' title='bbox 1092 1029 1143 1056; x_wconf 77' lang='lat' dir='ltr'><strong>ego</strong></span> <span class='ocrx_word' id='word_1_486' title='bbox 1165 1023 1198 1049; x_wconf 89' lang='lat' dir='ltr'><strong>de</strong></span> <span class='ocrx_word' id='word_1_487' title='bbox 1222 1023 1346 1056; x_wconf 88' lang='lat' dir='ltr'><strong>superuis</strong></span> <span class='ocrx_word' id='word_1_488' title='bbox 1370 1023 1467 1050; x_wconf 75' lang='lat' dir='ltr'><strong>sum“?</strong></span> <span class='ocrx_word' id='word_1_489' title='bbox 1481 1032 1490 1048; x_wconf 80' lang='grc' dir='ltr'><strong>ι</strong></span> <span class='ocrx_word' id='word_1_490' title='bbox 1516 1027 1543 1050; x_wconf 88' lang='lat' dir='ltr'><strong>et</strong></span> <span class='ocrx_word' id='word_1_491' title='bbox 1568 1030 1674 1050; x_wconf 87' lang='lat' dir='ltr'><strong>rursum</strong></span> <span class='ocrx_word' id='word_1_492' title='bbox 1690 1031 1699 1049; x_wconf 85' lang='lat'><strong>:</strong></span> 
     </span>
    </p>
   </div>
   <div class='ocr_carea' id='block_1_63' title="bbox 918 1069 1699 1102">
    <p class='ocr_par' dir='ltr' id='par_1_63' title="bbox 918 1069 1699 1102">
     <span class='ocr_line' id='line_1_63' title="bbox 918 1069 1699 1102; baseline 0.004 -7"><span class='ocrx_word' id='word_1_493' title='bbox 918 1078 927 1094; x_wconf 83' lang='grc' dir='ltr'><strong>ι</strong></span> <span class='ocrx_word' id='word_1_494' title='bbox 943 1069 998 1102; x_wconf 87' lang='lat' dir='ltr'><strong>Ego</strong></span> <span class='ocrx_word' id='word_1_495' title='bbox 1022 1076 1074 1095; x_wconf 87' lang='lat' dir='ltr'><strong>ttott</strong></span> <span class='ocrx_word' id='word_1_496' title='bbox 1095 1076 1156 1096; x_wconf 88' lang='lat' dir='ltr'><strong>sum</strong></span> <span class='ocrx_word' id='word_1_497' title='bbox 1177 1070 1211 1095; x_wconf 85' lang='lat' dir='ltr'><strong>de</strong></span> <span class='ocrx_word' id='word_1_498' title='bbox 1235 1070 1287 1096; x_wconf 90' lang='lat' dir='ltr'><strong>hoc</strong></span> <span class='ocrx_word' id='word_1_499' title='bbox 1307 1070 1439 1096; x_wconf 72' lang='lat' dir='ltr'><strong>mundo“.</strong></span> <span class='ocrx_word' id='word_1_500' title='bbox 1460 1079 1469 1096; x_wconf 76' lang='grc' dir='ltr'><strong>ι</strong></span> <span class='ocrx_word' id='word_1_501' title='bbox 1487 1069 1552 1097; x_wconf 86' lang='lat' dir='ltr'><strong>Nam</strong></span> <span class='ocrx_word' id='word_1_502' title='bbox 1575 1071 1597 1098; x_wconf 86' lang='lat' dir='ltr'><strong>si</strong></span> <span class='ocrx_word' id='word_1_503' title='bbox 1619 1072 1699 1098; x_wconf 88' lang='lat' dir='ltr'><strong>ltotno</strong></span> 
     </span>
    </p>
   </div>
   <div class='ocr_carea' id='block_1_64' title="bbox 914 1114 1696 1149">
    <p class='ocr_par' dir='ltr' id='par_1_64' title="bbox 914 1114 1696 1149">
     <span class='ocr_line' id='line_1_64' title="bbox 914 1114 1696 1149; baseline 0.003 -7"><span class='ocrx_word' id='word_1_504' title='bbox 914 1119 985 1142; x_wconf 87' lang='lat' dir='ltr'><strong>esset</strong></span> <span class='ocrx_word' id='word_1_505' title='bbox 998 1122 1030 1141; x_wconf 85' lang='lat' dir='ltr'><strong>ex</strong></span> <span class='ocrx_word' id='word_1_506' title='bbox 1043 1114 1156 1141; x_wconf 86' lang='lat' dir='ltr'><strong>muliere</strong></span> <span class='ocrx_word' id='word_1_507' title='bbox 1171 1115 1216 1141; x_wconf 87' lang='lat' dir='ltr'><strong>utti</strong></span> <span class='ocrx_word' id='word_1_508' title='bbox 1232 1115 1341 1142; x_wconf 86' lang='lat' dir='ltr'><strong>cuilibet</strong></span> <span class='ocrx_word' id='word_1_509' title='bbox 1355 1116 1468 1142; x_wconf 77' lang='lat' dir='ltr'><strong>aliorum</strong></span> <span class='ocrx_word' id='word_1_510' title='bbox 1480 1117 1579 1149; x_wconf 82' lang='lat' dir='ltr'><strong>simile,</strong></span> <span class='ocrx_word' id='word_1_511' title='bbox 1595 1125 1628 1144; x_wconf 88' lang='lat' dir='ltr'><strong>ac</strong></span> <span class='ocrx_word' id='word_1_512' title='bbox 1644 1125 1696 1144; x_wconf 88' lang='lat' dir='ltr'><strong>non</strong></span> 
     </span>
    </p>
   </div>
   <div class='ocr_carea' id='block_1_65' title="bbox 915 1161 1697 1196">
    <p class='ocr_par' dir='ltr' id='par_1_65' title="bbox 915 1161 1697 1196">
     <span class='ocr_line' id='line_1_65' title="bbox 915 1161 1697 1196; baseline 0.004 -10"><span class='ocrx_word' id='word_1_513' title='bbox 915 1161 1004 1194; x_wconf 85' lang='lat' dir='ltr'><strong>potius</strong></span> <span class='ocrx_word' id='word_1_514' title='bbox 1015 1161 1183 1187; x_wconf 84' lang='lat' dir='ltr'><strong>iucarnatum</strong></span> <span class='ocrx_word' id='word_1_515' title='bbox 1205 1165 1231 1187; x_wconf 89' lang='lat' dir='ltr'><strong>et</strong></span> <span class='ocrx_word' id='word_1_516' title='bbox 1248 1161 1274 1187; x_wconf 93' lang='lat' dir='ltr'><strong>in</strong></span> <span class='ocrx_word' id='word_1_517' title='bbox 1293 1161 1412 1188; x_wconf 84' lang='lat' dir='ltr'><strong>ltumana</strong></span> <span class='ocrx_word' id='word_1_518' title='bbox 1425 1161 1509 1188; x_wconf 80' lang='lat' dir='ltr'><strong>forma</strong></span> <span class='ocrx_word' id='word_1_519' title='bbox 1524 1167 1697 1196; x_wconf 82' lang='lat' dir='ltr'><strong>conspectum</strong></span> 
     </span>
    </p>
   </div>
   <div class='ocr_carea' id='block_1_66' title="bbox 916 1206 1700 1242">
    <p class='ocr_par' dir='ltr' id='par_1_66' title="bbox 916 1206 1700 1242">
     <span class='ocr_line' id='line_1_66' title="bbox 916 1206 1700 1242; baseline 0.004 -10"><span class='ocrx_word' id='word_1_520' title='bbox 916 1206 980 1233; x_wconf 88' lang='lat' dir='ltr'><strong>illud</strong></span> <span class='ocrx_word' id='word_1_521' title='bbox 995 1207 1137 1233; x_wconf 81' lang='lat' dir='ltr'><strong>desursum</strong></span> <span class='ocrx_word' id='word_1_522' title='bbox 1151 1212 1178 1233; x_wconf 90' lang='lat' dir='ltr'><strong>et</strong></span> <span class='ocrx_word' id='word_1_523' title='bbox 1197 1213 1230 1233; x_wconf 87' lang='lat' dir='ltr'><strong>ex</strong></span> <span class='ocrx_word' id='word_1_524' title='bbox 1249 1207 1302 1234; x_wconf 90' lang='lat' dir='ltr'><strong>Deo</strong></span> <span class='ocrx_word' id='word_1_525' title='bbox 1321 1206 1410 1234; x_wconf 82' lang='lat' dir='ltr'><strong>Patre‘</strong></span> <span class='ocrx_word' id='word_1_526' title='bbox 1421 1207 1547 1239; x_wconf 87' lang='lat' dir='ltr'><strong>Verbum,</strong></span> <span class='ocrx_word' id='word_1_527' title='bbox 1565 1209 1700 1242; x_wconf 90' lang='lat' dir='ltr'><strong>quomodo</strong></span> 
     </span>
    </p>
   </div>
   <div class='ocr_carea' id='block_1_67' title="bbox 915 1252 1702 1289">
    <p class='ocr_par' dir='ltr' id='par_1_67' title="bbox 915 1252 1702 1289">
     <span class='ocr_line' id='line_1_67' title="bbox 915 1252 1702 1289; baseline 0.005 -11"><span class='ocrx_word' id='word_1_528' title='bbox 915 1253 1058 1279; x_wconf 82' lang='lat' dir='ltr'><strong>desursum</strong></span> <span class='ocrx_word' id='word_1_529' title='bbox 1077 1252 1146 1279; x_wconf 84' lang='lat' dir='ltr'><strong>idem</strong></span> <span class='ocrx_word' id='word_1_530' title='bbox 1163 1258 1189 1279; x_wconf 89' lang='lat' dir='ltr'><strong>et</strong></span> <span class='ocrx_word' id='word_1_531' title='bbox 1205 1253 1238 1279; x_wconf 91' lang='lat' dir='ltr'><strong>de</strong></span> <span class='ocrx_word' id='word_1_532' title='bbox 1252 1253 1322 1279; x_wconf 64' lang='lat' dir='ltr'><strong>cutio</strong></span> <span class='ocrx_word' id='word_1_533' title='bbox 1339 1253 1553 1288; x_wconf 77' lang='lat' dir='ltr'><strong>intelligeretur?</strong></span> <span class='ocrx_word' id='word_1_534' title='bbox 1567 1255 1702 1289; x_wconf 87' lang='lat' dir='ltr'><strong>quomodo</strong></span> 
     </span>
    </p>
   </div>
   <div class='ocr_carea' id='block_1_68' title="bbox 916 1298 1703 1334">
    <p class='ocr_par' dir='ltr' id='par_1_68' title="bbox 916 1298 1703 1334">
     <span class='ocr_line' id='line_1_68' title="bbox 916 1298 1703 1334; baseline 0.003 -10"><span class='ocrx_word' id='word_1_535' title='bbox 916 1305 998 1331; x_wconf 85' lang='lat' dir='ltr'><strong>supra</strong></span> <span class='ocrx_word' id='word_1_536' title='bbox 1016 1298 1107 1324; x_wconf 84' lang='lat' dir='ltr'><strong>omnia</strong></span> <span class='ocrx_word' id='word_1_537' title='bbox 1132 1303 1160 1325; x_wconf 89' lang='lat' dir='ltr'><strong>et</strong></span> <span class='ocrx_word' id='word_1_538' title='bbox 1183 1305 1236 1325; x_wconf 93' lang='lat' dir='ltr'><strong>non</strong></span> <span class='ocrx_word' id='word_1_539' title='bbox 1263 1298 1296 1325; x_wconf 88' lang='lat' dir='ltr'><strong>de</strong></span> <span class='ocrx_word' id='word_1_540' title='bbox 1320 1298 1430 1330; x_wconf 80' lang='lat' dir='ltr'><strong>mundo,</strong></span> <span class='ocrx_word' id='word_1_541' title='bbox 1450 1299 1573 1333; x_wconf 80' lang='lat' dir='ltr'><strong>quamvis</strong></span> <span class='ocrx_word' id='word_1_542' title='bbox 1593 1305 1703 1334; x_wconf 87' lang='lat' dir='ltr'><strong>propter</strong></span> 
     </span>
    </p>
   </div>
   <div class='ocr_carea' id='block_1_69' title="bbox 916 1344 1702 1379">
    <p class='ocr_par' dir='ltr' id='par_1_69' title="bbox 916 1344 1702 1379">
     <span class='ocr_line' id='line_1_69' title="bbox 916 1344 1702 1379; baseline 0.003 -9"><span class='ocrx_word' id='word_1_543' title='bbox 916 1351 1025 1370; x_wconf 76' lang='lat' dir='ltr'><strong>carnem</strong></span> <span class='ocrx_word' id='word_1_544' title='bbox 1049 1351 1112 1378; x_wconf 80' lang='lat' dir='ltr'><strong>pars</strong></span> <span class='ocrx_word' id='word_1_545' title='bbox 1126 1349 1201 1371; x_wconf 82' lang='lat' dir='ltr'><strong>esset</strong></span> <span class='ocrx_word' id='word_1_546' title='bbox 1224 1344 1326 1376; x_wconf 87' lang='lat' dir='ltr'><strong>mundi,</strong></span> <span class='ocrx_word' id='word_1_547' title='bbox 1345 1349 1373 1370; x_wconf 90' lang='lat' dir='ltr'><strong>et</strong></span> <span class='ocrx_word' id='word_1_548' title='bbox 1395 1349 1525 1379; x_wconf 84' lang='lat' dir='ltr'><strong>quantum</strong></span> <span class='ocrx_word' id='word_1_549' title='bbox 1549 1345 1640 1372; x_wconf 88' lang='lat' dir='ltr'><strong>dicere</strong></span> <span class='ocrx_word' id='word_1_550' title='bbox 1661 1345 1702 1372; x_wconf 81' lang='lat' dir='ltr'><strong>fas</strong></span> 
     </span>
    </p>
   </div>
   <div class='ocr_carea' id='block_1_70' title="bbox 917 1391 1702 1425">
    <p class='ocr_par' dir='ltr' id='par_1_70' title="bbox 917 1391 1702 1425">
     <span class='ocr_line' id='line_1_70' title="bbox 917 1391 1702 1425; baseline 0.001 -8"><span class='ocrx_word' id='word_1_551' title='bbox 917 1395 966 1422; x_wconf 89' lang='lat' dir='ltr'><strong>cst,</strong></span> <span class='ocrx_word' id='word_1_552' title='bbox 983 1398 1016 1417; x_wconf 85' lang='lat' dir='ltr'><strong>ex</strong></span> <span class='ocrx_word' id='word_1_553' title='bbox 1037 1398 1162 1417; x_wconf 85' lang='lat' dir='ltr'><strong>mensura</strong></span> <span class='ocrx_word' id='word_1_554' title='bbox 1177 1398 1237 1425; x_wconf 63' lang='lat' dir='ltr'><strong>quae</strong></span> <span class='ocrx_word' id='word_1_555' title='bbox 1252 1391 1412 1418; x_wconf 87' lang='lat' dir='ltr'><strong>humanitati</strong></span> <span class='ocrx_word' id='word_1_556' title='bbox 1425 1392 1560 1423; x_wconf 80' lang='lat' dir='ltr'><strong>convenit,</strong></span> <span class='ocrx_word' id='word_1_557' title='bbox 1583 1393 1633 1418; x_wconf 88' lang='lat' dir='ltr'><strong>sub</strong></span> <span class='ocrx_word' id='word_1_558' title='bbox 1649 1392 1702 1418; x_wconf 87' lang='lat' dir='ltr'><strong>Deo</strong></span> 
     </span>
    </p>
   </div>
   <div class='ocr_carea' id='block_1_71' title="bbox 919 1437 1702 1465">
    <p class='ocr_par' dir='ltr' id='par_1_71' title="bbox 919 1437 1702 1465">
     <span class='ocr_line' id='line_1_71' title="bbox 919 1437 1702 1465; baseline 0.003 -3"><span class='ocrx_word' id='word_1_559' title='bbox 919 1437 1016 1463; x_wconf 79' lang='lat' dir='ltr'><strong>factum</strong></span> <span class='ocrx_word' id='word_1_560' title='bbox 1049 1445 1109 1464; x_wconf 80' lang='lat' dir='ltr'><strong>cum</strong></span> <span class='ocrx_word' id='word_1_561' title='bbox 1137 1437 1282 1465; x_wconf 81' lang='lat' dir='ltr'><strong>omnibus?</strong></span> <span class='ocrx_word' id='word_1_562' title='bbox 1305 1437 1361 1464; x_wconf 87' lang='lat' dir='ltr'><strong>llac</strong></span> <span class='ocrx_word' id='word_1_563' title='bbox 1388 1437 1489 1464; x_wconf 80' lang='lat' dir='ltr'><strong>ratione</strong></span> <span class='ocrx_word' id='word_1_564' title='bbox 1514 1438 1594 1464; x_wconf 89' lang='lat' dir='ltr'><strong>etiam</strong></span> <span class='ocrx_word' id='word_1_565' title='bbox 1618 1437 1702 1464; x_wconf 89' lang='lat' dir='ltr'><strong>Deum</strong></span> 
     </span>
    </p>
   </div>
   <div class='ocr_carea' id='block_1_72' title="bbox 917 1483 1703 1519">
    <p class='ocr_par' dir='ltr' id='par_1_72' title="bbox 917 1483 1703 1519">
     <span class='ocr_line' id='line_1_72' title="bbox 917 1483 1703 1519; baseline 0.001 -10"><span class='ocrx_word' id='word_1_566' title='bbox 917 1490 995 1509; x_wconf 83' lang='lat' dir='ltr'><strong>suum</strong></span> <span class='ocrx_word' id='word_1_567' title='bbox 1010 1484 1163 1517; x_wconf 83' lang='lat' dir='ltr'><strong>appellabat</strong></span> <span class='ocrx_word' id='word_1_568' title='bbox 1184 1484 1272 1518; x_wconf 88' lang='lat' dir='ltr'><strong>ipsum</strong></span> <span class='ocrx_word' id='word_1_569' title='bbox 1292 1483 1409 1515; x_wconf 77' lang='lat' dir='ltr'><strong>Patrem,</strong></span> <span class='ocrx_word' id='word_1_570' title='bbox 1428 1484 1550 1519; x_wconf 83' lang='lat' dir='ltr'><strong>quamvis</strong></span> <span class='ocrx_word' id='word_1_571' title='bbox 1565 1484 1622 1518; x_wconf 85' lang='lat' dir='ltr'><strong>ipse</strong></span> <span class='ocrx_word' id='word_1_572' title='bbox 1638 1491 1703 1515; x_wconf 83' lang='lat' dir='ltr'><strong>quo-</strong></span> 
     </span>
    </p>
   </div>
   <div class='ocr_carea' id='block_1_73' title="bbox 881 1530 1701 1574">
    <p class='ocr_par' dir='ltr' id='par_1_73' title="bbox 881 1530 1701 1574">
     <span class='ocr_line' id='line_1_73' title="bbox 881 1530 1701 1574; baseline -0.001 -18"><span class='ocrx_word' id='word_1_573' title='bbox 881 1530 903 1574; x_wconf 63' lang='grc' dir='ltr'>ὁ</span> <span class='ocrx_word' id='word_1_574' title='bbox 919 1537 971 1563; x_wconf 87' lang='lat' dir='ltr'><strong>que</strong></span> <span class='ocrx_word' id='word_1_575' title='bbox 994 1537 1026 1556; x_wconf 74' lang='lat' dir='ltr'><strong>ex</strong></span> <span class='ocrx_word' id='word_1_576' title='bbox 1050 1536 1146 1556; x_wconf 87' lang='lat' dir='ltr'><strong>natura</strong></span> <span class='ocrx_word' id='word_1_577' title='bbox 1172 1530 1243 1557; x_wconf 84' lang='lat' dir='ltr'><strong>Deus</strong></span> <span class='ocrx_word' id='word_1_578' title='bbox 1264 1535 1347 1562; x_wconf 86' lang='lat' dir='ltr'><strong>esset,</strong></span> <span class='ocrx_word' id='word_1_579' title='bbox 1363 1535 1391 1557; x_wconf 91' lang='lat' dir='ltr'><strong>et</strong></span> <span class='ocrx_word' id='word_1_580' title='bbox 1418 1538 1451 1557; x_wconf 81' lang='lat' dir='ltr'><strong>ex</strong></span> <span class='ocrx_word' id='word_1_581' title='bbox 1476 1530 1534 1564; x_wconf 86' lang='lat' dir='ltr'><strong>ejus</strong></span> <span class='ocrx_word' id='word_1_582' title='bbox 1553 1531 1701 1557; x_wconf 76' lang='lat' dir='ltr'><strong>substantia</strong></span> 
     </span>
    </p>
   </div>
   <div class='ocr_carea' id='block_1_74' title="bbox 918 1576 1703 1611">
    <p class='ocr_par' dir='ltr' id='par_1_74' title="bbox 918 1576 1703 1611">
     <span class='ocr_line' id='line_1_74' title="bbox 918 1576 1703 1611; baseline -0.001 -9"><span class='ocrx_word' id='word_1_583' title='bbox 918 1576 1002 1603; x_wconf 88' lang='lat' dir='ltr'><strong>Filius</strong></span> <span class='ocrx_word' id='word_1_584' title='bbox 1019 1577 1172 1610; x_wconf 76' lang='lat' dir='ltr'><strong>uuigenilus</strong></span> <span class='ocrx_word' id='word_1_585' title='bbox 1193 1577 1353 1604; x_wconf 81' lang='lat' dir='ltr'><strong>exstitisset.</strong></span> <span class='ocrx_word' id='word_1_586' title='bbox 1370 1576 1408 1603; x_wconf 88' lang='lat' dir='ltr'><strong>De</strong></span> <span class='ocrx_word' id='word_1_587' title='bbox 1422 1583 1537 1611; x_wconf 87' lang='lat' dir='ltr'><strong>quonatn</strong></span> <span class='ocrx_word' id='word_1_588' title='bbox 1553 1583 1617 1610; x_wconf 80' lang='lat' dir='ltr'><strong>ergo</strong></span> <span class='ocrx_word' id='word_1_589' title='bbox 1640 1577 1703 1603; x_wconf 83' lang='lat' dir='ltr'><strong>dicit</strong></span> 
     </span>
    </p>
   </div>
   <div class='ocr_carea' id='block_1_75' title="bbox 919 1621 1705 1655">
    <p class='ocr_par' dir='ltr' id='par_1_75' title="bbox 919 1621 1705 1655">
     <span class='ocr_line' id='line_1_75' title="bbox 919 1621 1705 1655; baseline 0 -8"><span class='ocrx_word' id='word_1_590' title='bbox 919 1621 1014 1647; x_wconf 87' lang='lat' dir='ltr'><strong>beatus</strong></span> <span class='ocrx_word' id='word_1_591' title='bbox 1041 1621 1146 1649; x_wconf 84' lang='lat' dir='ltr'><strong>David:</strong></span> <span class='ocrx_word' id='word_1_592' title='bbox 1165 1632 1174 1648; x_wconf 77' lang='grc' dir='ltr'><strong>ι</strong></span> <span class='ocrx_word' id='word_1_593' title='bbox 1189 1623 1260 1649; x_wconf 83' lang='lat' dir='ltr'><strong>Misit</strong></span> <span class='ocrx_word' id='word_1_594' title='bbox 1288 1621 1406 1650; x_wconf 83' lang='lat' dir='ltr'><strong>Verbum</strong></span> <span class='ocrx_word' id='word_1_595' title='bbox 1432 1630 1520 1655; x_wconf 88' lang='lat' dir='ltr'><strong>sttttm,</strong></span> <span class='ocrx_word' id='word_1_596' title='bbox 1543 1626 1570 1648; x_wconf 89' lang='lat' dir='ltr'><strong>et</strong></span> <span class='ocrx_word' id='word_1_597' title='bbox 1600 1623 1705 1649; x_wconf 81' lang='lat' dir='ltr'><strong>satiavit</strong></span> 
     </span>
    </p>
   </div>
   <div class='ocr_carea' id='block_1_76' title="bbox 918 1667 1704 1702">
    <p class='ocr_par' dir='ltr' id='par_1_76' title="bbox 918 1667 1704 1702">
     <span class='ocr_line' id='line_1_76' title="bbox 918 1667 1704 1702; baseline 0 -8"><span class='ocrx_word' id='word_1_598' title='bbox 918 1674 966 1694; x_wconf 83' lang='lat' dir='ltr'><strong>eos</strong></span> <span class='ocrx_word' id='word_1_599' title='bbox 977 1667 1017 1693; x_wconf 66' lang='lat' dir='ltr'><strong>Is&quot;l</strong></span> <span class='ocrx_word' id='word_1_600' title='bbox 1033 1677 1041 1692; x_wconf 78' lang='grc' dir='ltr'><strong>ι</strong></span> <span class='ocrx_word' id='word_1_601' title='bbox 1062 1667 1264 1695; x_wconf 83' lang='lat' dir='ltr'><strong>Salvavitenim</strong></span> <span class='ocrx_word' id='word_1_602' title='bbox 1285 1675 1334 1695; x_wconf 91' lang='lat' dir='ltr'><strong>nos</strong></span> <span class='ocrx_word' id='word_1_603' title='bbox 1351 1675 1402 1694; x_wconf 88' lang='lat' dir='ltr'><strong>non</strong></span> <span class='ocrx_word' id='word_1_604' title='bbox 1420 1668 1535 1701; x_wconf 81' lang='lat' dir='ltr'><strong>legatus,</strong></span> <span class='ocrx_word' id='word_1_605' title='bbox 1555 1675 1606 1694; x_wconf 92' lang='lat' dir='ltr'><strong>non</strong></span> <span class='ocrx_word' id='word_1_606' title='bbox 1623 1675 1704 1702; x_wconf 79' lang='lat' dir='ltr'><strong>ange-</strong></span> 
     </span>
    </p>
   </div>
   <div class='ocr_carea' id='block_1_77' title="bbox 919 1713 1702 1748">
    <p class='ocr_par' dir='ltr' id='par_1_77' title="bbox 919 1713 1702 1748">
     <span class='ocr_line' id='line_1_77' title="bbox 919 1713 1702 1748; baseline 0.001 -9"><span class='ocrx_word' id='word_1_607' title='bbox 919 1713 977 1746; x_wconf 83' lang='lat' dir='ltr'><strong>lus,</strong></span> <span class='ocrx_word' id='word_1_608' title='bbox 1008 1715 1054 1741; x_wconf 86' lang='lat' dir='ltr'><strong>sed</strong></span> <span class='ocrx_word' id='word_1_609' title='bbox 1076 1715 1134 1748; x_wconf 88' lang='lat' dir='ltr'><strong>ipse</strong></span> <span class='ocrx_word' id='word_1_610' title='bbox 1164 1715 1310 1747; x_wconf 89' lang='lat' dir='ltr'><strong>Dominus,</strong></span> <span class='ocrx_word' id='word_1_611' title='bbox 1336 1715 1484 1741; x_wconf 86' lang='lat' dir='ltr'><strong>secundum</strong></span> <span class='ocrx_word' id='word_1_612' title='bbox 1515 1713 1702 1748; x_wconf 77' lang='lat' dir='ltr'><strong>Scripturas&#39;.</strong></span> 
     </span>
    </p>
   </div>
   <div class='ocr_carea' id='block_1_78' title="bbox 922 1760 1703 1795">
    <p class='ocr_par' dir='ltr' id='par_1_78' title="bbox 922 1760 1703 1795">
     <span class='ocr_line' id='line_1_78' title="bbox 922 1760 1703 1795; baseline -0.001 -8"><span class='ocrx_word' id='word_1_613' title='bbox 922 1761 996 1792; x_wconf 81' lang='lat' dir='ltr'><strong>Esto.</strong></span> <span class='ocrx_word' id='word_1_614' title='bbox 1019 1761 1117 1795; x_wconf 81' lang='lat' dir='ltr'><strong>inquit,</strong></span> <span class='ocrx_word' id='word_1_615' title='bbox 1136 1760 1254 1787; x_wconf 89' lang='lat' dir='ltr'><strong>Verbum</strong></span> <span class='ocrx_word' id='word_1_616' title='bbox 1276 1761 1347 1795; x_wconf 89' lang='lat' dir='ltr'><strong>quod</strong></span> <span class='ocrx_word' id='word_1_617' title='bbox 1365 1761 1455 1787; x_wconf 89' lang='lat' dir='ltr'><strong>omnia</strong></span> <span class='ocrx_word' id='word_1_618' title='bbox 1473 1765 1560 1795; x_wconf 81' lang='lat' dir='ltr'><strong>pctest</strong></span> <span class='ocrx_word' id='word_1_619' title='bbox 1581 1760 1703 1794; x_wconf 82' lang='lat' dir='ltr'><strong>implere,</strong></span> 
     </span>
    </p>
   </div>
   <div class='ocr_carea' id='block_1_79' title="bbox 921 1806 1705 1841">
    <p class='ocr_par' dir='ltr' id='par_1_79' title="bbox 921 1806 1705 1841">
     <span class='ocr_line' id='line_1_79' title="bbox 921 1806 1705 1841; baseline 0 -8"><span class='ocrx_word' id='word_1_620' title='bbox 921 1807 1032 1834; x_wconf 86' lang='lat' dir='ltr'><strong>missum</strong></span> <span class='ocrx_word' id='word_1_621' title='bbox 1045 1811 1088 1833; x_wconf 90' lang='lat' dir='ltr'><strong>est</strong></span> <span class='ocrx_word' id='word_1_622' title='bbox 1103 1815 1110 1833; x_wconf 84' lang='lat'>:</span> <span class='ocrx_word' id='word_1_623' title='bbox 1124 1807 1170 1833; x_wconf 89' lang='lat' dir='ltr'><strong>sed</strong></span> <span class='ocrx_word' id='word_1_624' title='bbox 1187 1806 1338 1841; x_wconf 85' lang='lat' dir='ltr'><strong>quomodo?</strong></span> <span class='ocrx_word' id='word_1_625' title='bbox 1349 1807 1392 1832; x_wconf 92' lang='lat' dir='ltr'><strong>ubi</strong></span> <span class='ocrx_word' id='word_1_626' title='bbox 1410 1806 1481 1833; x_wconf 88' lang='lat' dir='ltr'><strong>enitn</strong></span> <span class='ocrx_word' id='word_1_627' title='bbox 1502 1814 1554 1833; x_wconf 91' lang='lat' dir='ltr'><strong>non</strong></span> <span class='ocrx_word' id='word_1_628' title='bbox 1570 1807 1633 1833; x_wconf 84' lang='lat' dir='ltr'><strong>illud</strong></span> <span class='ocrx_word' id='word_1_629' title='bbox 1646 1814 1705 1833; x_wconf 76' lang='lat' dir='ltr'><strong>esse</strong></span> 
     </span>
    </p>
   </div>
   <div class='ocr_carea' id='block_1_80' title="bbox 921 1852 1707 1888">
    <p class='ocr_par' dir='ltr' id='par_1_80' title="bbox 921 1852 1707 1888">
     <span class='ocr_line' id='line_1_80' title="bbox 921 1852 1707 1888; baseline 0 -9"><span class='ocrx_word' id='word_1_630' title='bbox 921 1853 1061 1880; x_wconf 85' lang='lat' dir='ltr'><strong>dicemus?</strong></span> <span class='ocrx_word' id='word_1_631' title='bbox 1080 1857 1126 1879; x_wconf 88' lang='lat' dir='ltr'><strong>aut</strong></span> <span class='ocrx_word' id='word_1_632' title='bbox 1138 1860 1192 1887; x_wconf 93' lang='lat' dir='ltr'><strong>quo</strong></span> <span class='ocrx_word' id='word_1_633' title='bbox 1208 1853 1349 1880; x_wconf 84' lang='lat' dir='ltr'><strong>mittetur?</strong></span> <span class='ocrx_word' id='word_1_634' title='bbox 1362 1852 1532 1880; x_wconf 84' lang='lat' dir='ltr'><strong>lnsitnulabis</strong></span> <span class='ocrx_word' id='word_1_635' title='bbox 1553 1853 1632 1888; x_wconf 78' lang='lat' dir='ltr'><strong>igitur</strong></span> <span class='ocrx_word' id='word_1_636' title='bbox 1648 1853 1707 1879; x_wconf 70' lang='lat' dir='ltr'><strong>Mo~</strong></span> 
     </span>
    </p>
   </div>
   <div class='ocr_carea' id='block_1_81' title="bbox 921 1899 1706 1935">
    <p class='ocr_par' dir='ltr' id='par_1_81' title="bbox 921 1899 1706 1935">
     <span class='ocr_line' id='line_1_81' title="bbox 921 1899 1706 1935; baseline 0.001 -10"><span class='ocrx_word' id='word_1_637' title='bbox 921 1907 969 1926; x_wconf 87' lang='lat' dir='ltr'><strong>seu</strong></span> <span class='ocrx_word' id='word_1_638' title='bbox 989 1899 1064 1927; x_wconf 89' lang='lat' dir='ltr'><strong>illum</strong></span> <span class='ocrx_word' id='word_1_639' title='bbox 1081 1900 1324 1933; x_wconf 80' lang='lat' dir='ltr'><strong>sapientissimum,</strong></span> <span class='ocrx_word' id='word_1_640' title='bbox 1349 1900 1425 1933; x_wconf 80' lang='lat' dir='ltr'><strong>quasi</strong></span> <span class='ocrx_word' id='word_1_641' title='bbox 1445 1907 1496 1926; x_wconf 94' lang='lat' dir='ltr'><strong>nou</strong></span> <span class='ocrx_word' id='word_1_642' title='bbox 1513 1899 1640 1935; x_wconf 76' lang='lat' dir='ltr'><strong>mediocri</strong></span> <span class='ocrx_word' id='word_1_643' title='bbox 1664 1899 1706 1926; x_wconf 83' lang='lat' dir='ltr'><strong>iu-</strong></span> 
     </span>
    </p>
   </div>
   <div class='ocr_carea' id='block_1_82' title="bbox 919 1943 1706 1979">
    <p class='ocr_par' dir='ltr' id='par_1_82' title="bbox 919 1943 1706 1979">
     <span class='ocr_line' id='line_1_82' title="bbox 919 1943 1706 1979; baseline 0 -9"><span class='ocrx_word' id='word_1_644' title='bbox 919 1945 990 1979; x_wconf 87' lang='lat' dir='ltr'><strong>juria</strong></span> <span class='ocrx_word' id='word_1_645' title='bbox 1011 1944 1057 1971; x_wconf 92' lang='lat' dir='ltr'><strong>Dei</strong></span> <span class='ocrx_word' id='word_1_646' title='bbox 1083 1944 1196 1978; x_wconf 80' lang='lat' dir='ltr'><strong>gloriam</strong></span> <span class='ocrx_word' id='word_1_647' title='bbox 1215 1943 1354 1977; x_wconf 73' lang='lat' dir='ltr'><strong>olfecerit;</strong></span> <span class='ocrx_word' id='word_1_648' title='bbox 1370 1944 1437 1970; x_wconf 78' lang='lat' dir='ltr'><strong>dixit</strong></span> <span class='ocrx_word' id='word_1_649' title='bbox 1450 1944 1522 1970; x_wconf 85' lang='lat' dir='ltr'><strong>enim</strong></span> <span class='ocrx_word' id='word_1_650' title='bbox 1537 1952 1544 1970; x_wconf 96' lang='lat'>:</span> <span class='ocrx_word' id='word_1_651' title='bbox 1562 1954 1571 1969; x_wconf 74' lang='grc' dir='ltr'><strong>ε</strong></span> <span class='ocrx_word' id='word_1_652' title='bbox 1590 1943 1706 1971; x_wconf 65' lang='grc' dir='ltr'><strong>Βθεοεη-</strong></span> 
     </span>
    </p>
   </div>
   <div class='ocr_carea' id='block_1_83' title="bbox 923 1989 1707 2024">
    <p class='ocr_par' dir='ltr' id='par_1_83' title="bbox 923 1989 1707 2024">
     <span class='ocr_line' id='line_1_83' title="bbox 923 1989 1707 2024; baseline -0.001 -7"><span class='ocrx_word' id='word_1_653' title='bbox 923 1991 962 2018; x_wconf 92' lang='lat' dir='ltr'><strong>dit</strong></span> <span class='ocrx_word' id='word_1_654' title='bbox 992 1989 1064 2017; x_wconf 87' lang='lat' dir='ltr'><strong>Deus</strong></span> <span class='ocrx_word' id='word_1_655' title='bbox 1092 1990 1160 2024; x_wconf 75' lang='lat' dir='ltr'><strong>ignis</strong></span> <span class='ocrx_word' id='word_1_656' title='bbox 1195 1990 1285 2024; x_wconf 81' lang='lat' dir='ltr'><strong>specie</strong></span> <span class='ocrx_word' id='word_1_657' title='bbox 1314 1990 1340 2016; x_wconf 90' lang='lat' dir='ltr'><strong>itt</strong></span> <span class='ocrx_word' id='word_1_658' title='bbox 1372 1994 1489 2016; x_wconf 85' lang='lat' dir='ltr'><strong>montem</strong></span> <span class='ocrx_word' id='word_1_659' title='bbox 1519 1989 1645 2022; x_wconf 75' lang='lat' dir='ltr'><strong>Sina’;t</strong></span> <span class='ocrx_word' id='word_1_660' title='bbox 1680 1995 1707 2016; x_wconf 88' lang='lat' dir='ltr'><strong>et</strong></span> 
     </span>
    </p>
   </div>
   <div class='ocr_carea' id='block_1_84' title="bbox 923 2034 1707 2070">
    <p class='ocr_par' dir='ltr' id='par_1_84' title="bbox 923 2034 1707 2070">
     <span class='ocr_line' id='line_1_84' title="bbox 923 2034 1707 2070; baseline 0 -8"><span class='ocrx_word' id='word_1_661' title='bbox 923 2037 1045 2070; x_wconf 88' lang='lat' dir='ltr'><strong>quamvis</strong></span> <span class='ocrx_word' id='word_1_662' title='bbox 1063 2036 1170 2062; x_wconf 84' lang='lat' dir='ltr'><strong>beatum</strong></span> <span class='ocrx_word' id='word_1_663' title='bbox 1186 2034 1270 2062; x_wconf 84' lang='lat' dir='ltr'><strong>David</strong></span> <span class='ocrx_word' id='word_1_664' title='bbox 1290 2035 1384 2062; x_wconf 83' lang='lat' dir='ltr'><strong>audias</strong></span> <span class='ocrx_word' id='word_1_665' title='bbox 1397 2036 1487 2063; x_wconf 84' lang='lat' dir='ltr'><strong>dicere</strong></span> <span class='ocrx_word' id='word_1_666' title='bbox 1502 2036 1622 2063; x_wconf 88' lang='lat' dir='ltr'><strong>omnium</strong></span> <span class='ocrx_word' id='word_1_667' title='bbox 1639 2043 1707 2070; x_wconf 72' lang='lat' dir='ltr'><strong>prte-</strong></span> 
     </span>
    </p>
   </div>
   <div class='ocr_carea' id='block_1_85' title="bbox 924 2079 1708 2116">
    <p class='ocr_par' dir='ltr' id='par_1_85' title="bbox 924 2079 1708 2116">
     <span class='ocr_line' id='line_1_85' title="bbox 924 2079 1708 2116; baseline -0.004 -8"><span class='ocrx_word' id='word_1_668' title='bbox 924 2081 1025 2116; x_wconf 85' lang='lat' dir='ltr'><strong>poteuti</strong></span> <span class='ocrx_word' id='word_1_669' title='bbox 1043 2080 1097 2108; x_wconf 86' lang='lat' dir='ltr'><strong>Deo</strong></span> <span class='ocrx_word' id='word_1_670' title='bbox 1114 2088 1121 2106; x_wconf 89' lang='lat'><strong>:</strong></span> <span class='ocrx_word' id='word_1_671' title='bbox 1139 2089 1148 2105; x_wconf 73' lang='grc' dir='ltr'><strong>ι</strong></span> <span class='ocrx_word' id='word_1_672' title='bbox 1162 2080 1276 2107; x_wconf 84' lang='lat' dir='ltr'><strong>Emittes</strong></span> <span class='ocrx_word' id='word_1_673' title='bbox 1290 2079 1420 2114; x_wconf 87' lang='lat' dir='ltr'><strong>Spiritum</strong></span> <span class='ocrx_word' id='word_1_674' title='bbox 1440 2086 1525 2112; x_wconf 83' lang='lat' dir='ltr'><strong>tuum,</strong></span> <span class='ocrx_word' id='word_1_675' title='bbox 1537 2085 1564 2106; x_wconf 91' lang='lat' dir='ltr'><strong>et</strong></span> <span class='ocrx_word' id='word_1_676' title='bbox 1576 2081 1708 2107; x_wconf 80' lang='lat' dir='ltr'><strong>creabun-</strong></span> 
     </span>
    </p>
   </div>
   <div class='ocr_carea' id='block_1_86' title="bbox 925 2124 1706 2159">
    <p class='ocr_par' dir='ltr' id='par_1_86' title="bbox 925 2124 1706 2159">
     <span class='ocr_line' id='line_1_86' title="bbox 925 2124 1706 2159; baseline -0.004 -7"><span class='ocrx_word' id='word_1_677' title='bbox 925 2131 977 2159; x_wconf 87' lang='lat' dir='ltr'><strong>tur,</strong></span> <span class='ocrx_word' id='word_1_678' title='bbox 1002 2130 1029 2152; x_wconf 88' lang='lat' dir='ltr'><strong>et</strong></span> <span class='ocrx_word' id='word_1_679' title='bbox 1048 2125 1191 2152; x_wconf 79' lang='lat' dir='ltr'><strong>renovabis</strong></span> <span class='ocrx_word' id='word_1_680' title='bbox 1214 2124 1312 2151; x_wconf 77' lang='lat' dir='ltr'><strong>facient</strong></span> <span class='ocrx_word' id='word_1_681' title='bbox 1335 2125 1450 2151; x_wconf 65' lang='lat' dir='ltr'><strong>terras“:</strong></span> <span class='ocrx_word' id='word_1_682' title='bbox 1474 2135 1484 2149; x_wconf 77' lang='grc' dir='ltr'><strong>ο</strong></span> <span class='ocrx_word' id='word_1_683' title='bbox 1511 2125 1625 2151; x_wconf 78' lang='lat' dir='ltr'><strong>fortasse</strong></span> <span class='ocrx_word' id='word_1_684' title='bbox 1655 2132 1706 2150; x_wconf 90' lang='lat' dir='ltr'><strong>non</strong></span> 
     </span>
    </p>
   </div>
   <div class='ocr_carea' id='block_1_87' title="bbox 925 2170 1707 2204">
    <p class='ocr_par' dir='ltr' id='par_1_87' title="bbox 925 2170 1707 2204">
     <span class='ocr_line' id='line_1_87' title="bbox 925 2170 1707 2204; baseline -0.004 -6"><span class='ocrx_word' id='word_1_685' title='bbox 925 2172 1030 2203; x_wconf 77' lang='lat' dir='ltr'><strong>credes,</strong></span> <span class='ocrx_word' id='word_1_686' title='bbox 1055 2176 1082 2198; x_wconf 89' lang='lat' dir='ltr'><strong>et</strong></span> <span class='ocrx_word' id='word_1_687' title='bbox 1107 2171 1245 2198; x_wconf 83' lang='lat' dir='ltr'><strong>hominem</strong></span> <span class='ocrx_word' id='word_1_688' title='bbox 1275 2170 1322 2197; x_wconf 86' lang='lat' dir='ltr'><strong>Dei</strong></span> <span class='ocrx_word' id='word_1_689' title='bbox 1348 2171 1443 2204; x_wconf 86' lang='lat' dir='ltr'><strong>spiritu</strong></span> <span class='ocrx_word' id='word_1_690' title='bbox 1469 2170 1574 2204; x_wconf 89' lang='lat' dir='ltr'><strong>plettunt</strong></span> <span class='ocrx_word' id='word_1_691' title='bbox 1601 2170 1707 2196; x_wconf 88' lang='lat' dir='ltr'><strong>mentiri</strong></span> 
     </span>
    </p>
   </div>
   <div class='ocr_carea' id='block_1_88' title="bbox 91 2213 866 2252">
    <p class='ocr_par' dir='ltr' id='par_1_88' title="bbox 91 2213 866 2249">
     <span class='ocr_line' id='line_1_88' title="bbox 91 2213 866 2249; baseline -0.008 -3"><span class='ocrx_word' id='word_1_692' title='bbox 91 2214 149 2247; x_wconf 72' lang='grc' dir='ltr'><strong>τῆς·</strong></span> <span class='ocrx_word' id='word_1_693' title='bbox 168 2224 176 2238; x_wconf 74' lang='grc' dir='ltr'><strong>ι</strong></span> <span class='ocrx_word' id='word_1_694' title='bbox 191 2214 361 2249; x_wconf 79' lang='grc' dir='ltr'>ἁποστήσεις</span> <span class='ocrx_word' id='word_1_695' title='bbox 377 2213 440 2249; x_wconf 83' lang='grc' dir='ltr'><strong>Ῐῑσ.</strong></span> <span class='ocrx_word' id='word_1_696' title='bbox 456 2213 636 2249; x_wconf 82' lang='grc' dir='ltr'>ἀπιστήσεις]</span> <span class='ocrx_word' id='word_1_697' title='bbox 650 2214 720 2249; x_wconf 74' lang='grc' dir='ltr'>τάχα</span> <span class='ocrx_word' id='word_1_698' title='bbox 737 2222 806 2244; x_wconf 84' lang='grc' dir='ltr'>που,</span> <span class='ocrx_word' id='word_1_699' title='bbox 826 2214 866 2240; x_wconf 75' lang='lat' dir='ltr'><strong>ml</strong></span> 
     </span>
    </p>
   </div>
   <div class='ocr_carea' id='block_1_89' title="bbox 932 2213 1709 2252">
    <p class='ocr_par' dir='ltr' id='par_1_89' title="bbox 932 2216 1709 2252">
     <span class='ocr_line' id='line_1_89' title="bbox 932 2216 1709 2252; baseline -0.006 -8"><span class='ocrx_word' id='word_1_700' title='bbox 932 2217 1032 2244; x_wconf 76' lang='lat' dir='ltr'><strong>)utabis</strong></span> <span class='ocrx_word' id='word_1_701' title='bbox 1047 2226 1054 2243; x_wconf 70' lang='grc' dir='ltr'>ε</span> <span class='ocrx_word' id='word_1_702' title='bbox 1071 2225 1158 2252; x_wconf 86' lang='lat' dir='ltr'><strong>neque</strong></span> <span class='ocrx_word' id='word_1_703' title='bbox 1176 2217 1249 2243; x_wconf 89' lang='lat' dir='ltr'><strong>enim</strong></span> <span class='ocrx_word' id='word_1_704' title='bbox 1265 2216 1336 2243; x_wconf 89' lang='lat' dir='ltr'><strong>Dens</strong></span> <span class='ocrx_word' id='word_1_705' title='bbox 1354 2216 1493 2249; x_wconf 78' lang='lat' dir='ltr'><strong>ntigrantlo</strong></span> <span class='ocrx_word' id='word_1_706' title='bbox 1509 2220 1640 2246; x_wconf 86' lang='lat' dir='ltr'><strong>movetur,</strong></span> <span class='ocrx_word' id='word_1_707' title='bbox 1662 2221 1709 2240; x_wconf 87' lang='lat' dir='ltr'><strong>ue-</strong></span> 
     </span>
    </p>
   </div>
   <div class='ocr_carea' id='block_1_90' title="bbox 88 2260 874 2296">
    <p class='ocr_par' dir='ltr' id='par_1_90' title="bbox 88 2260 874 2296">
     <span class='ocr_line' id='line_1_90' title="bbox 88 2260 874 2296; baseline 0.001 -10"><span class='ocrx_word' id='word_1_708' title='bbox 88 2260 256 2296; x_wconf 70' lang='grc' dir='ltr'>ψευδηγορεῖν</span> <span class='ocrx_word' id='word_1_709' title='bbox 281 2261 363 2296; x_wconf 80' lang='grc' dir='ltr'>οἰήσῃ</span> <span class='ocrx_word' id='word_1_710' title='bbox 384 2261 428 2286; x_wconf 82' lang='grc' dir='ltr'>τὸν</span> <span class='ocrx_word' id='word_1_711' title='bbox 451 2261 691 2295; x_wconf 55' lang='grc' dir='ltr'>πνευματοςὸροη</span> <span class='ocrx_word' id='word_1_712' title='bbox 715 2261 745 2286; x_wconf 79' lang='grc' dir='ltr'>οὺ</span> <span class='ocrx_word' id='word_1_713' title='bbox 763 2260 817 2295; x_wconf 84' lang='grc' dir='ltr'><strong>γάρ</strong></span> <span class='ocrx_word' id='word_1_714' title='bbox 833 2269 874 2287; x_wconf 81' lang='grc' dir='ltr'><strong>τοι</strong></span> 
     </span>
    </p>
   </div>
   <div class='ocr_carea' id='block_1_91' title="bbox 89 2306 872 2342">
    <p class='ocr_par' dir='ltr' id='par_1_91' title="bbox 89 2306 872 2342">
     <span class='ocr_line' id='line_1_91' title="bbox 89 2306 872 2342; baseline 0.001 -11"><span class='ocrx_word' id='word_1_715' title='bbox 89 2306 186 2341; x_wconf 74' lang='grc' dir='ltr'>κίνησιν</span> <span class='ocrx_word' id='word_1_716' title='bbox 212 2306 405 2342; x_wconf 73' lang='grc' dir='ltr'>μεταϐατικὴν</span> <span class='ocrx_word' id='word_1_717' title='bbox 420 2308 538 2333; x_wconf 81' lang='grc' dir='ltr'>ποιεῖται</span> <span class='ocrx_word' id='word_1_718' title='bbox 558 2307 678 2342; x_wconf 46' lang='grc' dir='ltr'>τὺ-Θεῖον</span> <span class='ocrx_word' id='word_1_719' title='bbox 693 2315 698 2320; x_wconf 93' lang='grc'><strong>·</strong></span> <span class='ocrx_word' id='word_1_720' title='bbox 715 2306 769 2332; x_wconf 77' lang='grc' dir='ltr'><strong>οὐδ’</strong></span> <span class='ocrx_word' id='word_1_721' title='bbox 789 2307 821 2333; x_wconf 79' lang='grc' dir='ltr'>ἂν</span> <span class='ocrx_word' id='word_1_722' title='bbox 841 2307 872 2332; x_wconf 80' lang='grc' dir='ltr'>ὲκ</span> 
     </span>
    </p>
   </div>
   <div class='ocr_carea' id='block_1_92' title="bbox 90 2352 874 2389">
    <p class='ocr_par' dir='ltr' id='par_1_92' title="bbox 90 2352 874 2389">
     <span class='ocr_line' id='line_1_92' title="bbox 90 2352 874 2389; baseline 0 -11"><span class='ocrx_word' id='word_1_723' title='bbox 90 2352 163 2378; x_wconf 74' lang='grc' dir='ltr'>τόπου</span> <span class='ocrx_word' id='word_1_724' title='bbox 180 2356 246 2389; x_wconf 74' lang='grc' dir='ltr'>πρὸς</span> <span class='ocrx_word' id='word_1_725' title='bbox 273 2354 355 2379; x_wconf 82' lang='grc' dir='ltr'>τόπον</span> <span class='ocrx_word' id='word_1_726' title='bbox 381 2353 599 2388; x_wconf 79' lang='grc' dir='ltr'>μεταχωρήσειεν</span> <span class='ocrx_word' id='word_1_727' title='bbox 622 2352 665 2383; x_wconf 86' lang='grc' dir='ltr'>ἂν,</span> <span class='ocrx_word' id='word_1_728' title='bbox 691 2353 728 2381; x_wconf 72' lang='grc' dir='ltr'>ὼε</span> <span class='ocrx_word' id='word_1_729' title='bbox 741 2353 790 2379; x_wconf 81' lang='grc' dir='ltr'>οὐκ</span> <span class='ocrx_word' id='word_1_730' title='bbox 816 2352 874 2378; x_wconf 80' lang='grc' dir='ltr'>ἐνὸν</span> 
     </span>
    </p>
   </div>
   <div class='ocr_carea' id='block_1_93' title="bbox 91 2396 873 2434">
    <p class='ocr_par' dir='ltr' id='par_1_93' title="bbox 91 2396 873 2434">
     <span class='ocr_line' id='line_1_93' title="bbox 91 2396 873 2434; baseline 0 -10"><span class='ocrx_word' id='word_1_731' title='bbox 91 2399 156 2433; x_wconf 77' lang='grc' dir='ltr'>αὐτῷ</span> <span class='ocrx_word' id='word_1_732' title='bbox 180 2400 209 2425; x_wconf 82' lang='grc' dir='ltr'>τὸ</span> <span class='ocrx_word' id='word_1_733' title='bbox 223 2401 253 2426; x_wconf 81' lang='grc' dir='ltr'>ὲν</span> <span class='ocrx_word' id='word_1_734' title='bbox 288 2400 372 2425; x_wconf 81' lang='grc' dir='ltr'>πᾶσιν</span> <span class='ocrx_word' id='word_1_735' title='bbox 399 2396 469 2425; x_wconf 75' lang='grc' dir='ltr'>εἶναι</span> <span class='ocrx_word' id='word_1_736' title='bbox 497 2399 544 2424; x_wconf 72' lang='grc' dir='ltr'><strong>καὶ</strong></span> <span class='ocrx_word' id='word_1_737' title='bbox 568 2399 603 2425; x_wconf 84' lang='grc' dir='ltr'>τὰ</span> <span class='ocrx_word' id='word_1_738' title='bbox 627 2399 717 2425; x_wconf 83' lang='grc' dir='ltr'>πάντα</span> <span class='ocrx_word' id='word_1_739' title='bbox 742 2398 873 2434; x_wconf 86' lang='grc' dir='ltr'>πληροῦν.</span> 
     </span>
    </p>
   </div>
   <div class='ocr_carea' id='block_1_94' title="bbox 92 2444 874 2480">
    <p class='ocr_par' dir='ltr' id='par_1_94' title="bbox 92 2444 874 2480">
     <span class='ocr_line' id='line_1_94' title="bbox 92 2444 874 2480; baseline -0.001 -9"><span class='ocrx_word' id='word_1_740' title='bbox 92 2444 178 2471; x_wconf 80' lang='grc' dir='ltr'>Ταῦτά</span> <span class='ocrx_word' id='word_1_741' title='bbox 193 2453 244 2471; x_wconf 82' lang='grc' dir='ltr'><strong>που</strong></span> <span class='ocrx_word' id='word_1_742' title='bbox 262 2445 312 2471; x_wconf 73' lang='grc' dir='ltr'>καὶ</span> <span class='ocrx_word' id='word_1_743' title='bbox 328 2444 393 2480; x_wconf 57' lang='lat' dir='ltr'><strong>[tua</strong></span> <span class='ocrx_word' id='word_1_744' title='bbox 407 2444 498 2480; x_wconf 76' lang='grc' dir='ltr'>κατὰ]</span> <span class='ocrx_word' id='word_1_745' title='bbox 515 2444 610 2471; x_wconf 73' lang='grc' dir='ltr'>σαυτόν</span> <span class='ocrx_word' id='word_1_746' title='bbox 621 2452 627 2458; x_wconf 90' lang='grc'><strong>·</strong></span> <span class='ocrx_word' id='word_1_747' title='bbox 647 2444 724 2480; x_wconf 80' lang='grc' dir='ltr'>λογιῇ</span> <span class='ocrx_word' id='word_1_748' title='bbox 738 2445 766 2470; x_wconf 81' lang='grc' dir='ltr'>δὲ</span> <span class='ocrx_word' id='word_1_749' title='bbox 783 2444 874 2476; x_wconf 84' lang='grc' dir='ltr'>πάλιν,</span> 
     </span>
    </p>
   </div>
   <div class='ocr_carea' id='block_1_95' title="bbox 93 2490 875 2526">
    <p class='ocr_par' dir='ltr' id='par_1_95' title="bbox 93 2490 875 2526">
     <span class='ocr_line' id='line_1_95' title="bbox 93 2490 875 2526; baseline 0 -10"><span class='ocrx_word' id='word_1_750' title='bbox 93 2491 135 2516; x_wconf 72' lang='grc' dir='ltr'><strong>καὶ</strong></span> <span class='ocrx_word' id='word_1_751' title='bbox 152 2491 204 2517; x_wconf 75' lang='grc' dir='ltr'>τῶν</span> <span class='ocrx_word' id='word_1_752' title='bbox 225 2491 339 2526; x_wconf 79' lang='grc' dir='ltr'>ἀληθῶν</span> <span class='ocrx_word' id='word_1_753' title='bbox 357 2492 538 2526; x_wconf 81' lang='grc' dir='ltr'>ἀπαναστήσῃ</span> <span class='ocrx_word' id='word_1_754' title='bbox 553 2490 706 2525; x_wconf 83' lang='grc' dir='ltr'>δογμάτων,</span> <span class='ocrx_word' id='word_1_755' title='bbox 731 2491 820 2525; x_wconf 84' lang='grc' dir='ltr'>σαυτῷ</span> <span class='ocrx_word' id='word_1_756' title='bbox 844 2498 875 2516; x_wconf 87' lang='grc' dir='ltr'><strong>τε</strong></span> 
     </span>
    </p>
   </div>
   <div class='ocr_carea' id='block_1_96' title="bbox 95 2534 873 2573">
    <p class='ocr_par' dir='ltr' id='par_1_96' title="bbox 95 2534 873 2573">
     <span class='ocr_line' id='line_1_96' title="bbox 95 2534 873 2573; baseline -0.004 -9"><span class='ocrx_word' id='word_1_757' title='bbox 95 2537 136 2563; x_wconf 75' lang='lat' dir='ltr'><strong>ul.</strong></span> <span class='ocrx_word' id='word_1_758' title='bbox 155 2538 225 2573; x_wconf 82' lang='grc' dir='ltr'>μόνῳ</span> <span class='ocrx_word' id='word_1_759' title='bbox 250 2536 464 2564; x_wconf 77' lang='grc' dir='ltr'>κατακολουθεῖν</span> <span class='ocrx_word' id='word_1_760' title='bbox 479 2537 631 2572; x_wconf 76' lang='grc' dir='ltr'>ᾑρημένος·</span> <span class='ocrx_word' id='word_1_761' title='bbox 657 2536 714 2563; x_wconf 80' lang='grc' dir='ltr'><strong>ἀλλ’</strong></span> <span class='ocrx_word' id='word_1_762' title='bbox 730 2534 803 2571; x_wconf 83' lang='grc' dir='ltr'>ἦσθά</span> <span class='ocrx_word' id='word_1_763' title='bbox 822 2545 873 2563; x_wconf 87' lang='grc' dir='ltr'><strong>που</strong></span> 
     </span>
    </p>
   </div>
   <div class='ocr_carea' id='block_1_97' title="bbox 96 2582 874 2619">
    <p class='ocr_par' dir='ltr' id='par_1_97' title="bbox 96 2582 874 2619">
     <span class='ocr_line' id='line_1_97' title="bbox 96 2582 874 2619; baseline -0.001 -11"><span class='ocrx_word' id='word_1_764' title='bbox 96 2583 193 2615; x_wconf 77' lang='grc' dir='ltr'>πάντως</span> <span class='ocrx_word' id='word_1_765' title='bbox 206 2585 235 2610; x_wconf 83' lang='grc' dir='ltr'>ὲν</span> <span class='ocrx_word' id='word_1_766' title='bbox 249 2583 393 2619; x_wconf 80' lang='grc' dir='ltr'>ἀμείνοσιν</span> <span class='ocrx_word' id='word_1_767' title='bbox 403 2582 517 2614; x_wconf 74' lang='grc' dir='ltr'>ἐννοίαις</span> <span class='ocrx_word' id='word_1_768' title='bbox 528 2584 616 2609; x_wconf 75' lang='grc' dir='ltr'>ἐκεῖνο</span> <span class='ocrx_word' id='word_1_769' title='bbox 629 2582 856 2617; x_wconf 79' lang='grc' dir='ltr'>διενθυμούμενος</span> <span class='ocrx_word' id='word_1_770' title='bbox 866 2589 874 2596; x_wconf 83' lang='grc'><strong>·</strong></span> 
     </span>
    </p>
   </div>
   <div class='ocr_carea' id='block_1_98' title="bbox 96 2627 877 2664">
    <p class='ocr_par' dir='ltr' id='par_1_98' title="bbox 96 2627 877 2664">
     <span class='ocr_line' id='line_1_98' title="bbox 96 2627 877 2664; baseline 0 -11"><span class='ocrx_word' id='word_1_771' title='bbox 96 2627 128 2659; x_wconf 80' lang='grc' dir='ltr'>ὡς</span> <span class='ocrx_word' id='word_1_772' title='bbox 139 2628 207 2661; x_wconf 82' lang='grc' dir='ltr'>ἆπας</span> <span class='ocrx_word' id='word_1_773' title='bbox 219 2631 288 2664; x_wconf 88' lang='grc' dir='ltr'>ἡμῖν</span> <span class='ocrx_word' id='word_1_774' title='bbox 302 2629 317 2654; x_wconf 84' lang='grc' dir='ltr'><strong>ὸ</strong></span> <span class='ocrx_word' id='word_1_775' title='bbox 333 2629 398 2664; x_wconf 76' lang='grc' dir='ltr'>περὶ</span> <span class='ocrx_word' id='word_1_776' title='bbox 411 2627 479 2654; x_wconf 84' lang='grc' dir='ltr'>Θεοῦ</span> <span class='ocrx_word' id='word_1_777' title='bbox 494 2627 580 2661; x_wconf 77' lang='grc' dir='ltr'>Λόγος</span> <span class='ocrx_word' id='word_1_778' title='bbox 598 2627 744 2661; x_wconf 81' lang='grc' dir='ltr'>πεποίηται</span> <span class='ocrx_word' id='word_1_779' title='bbox 759 2627 809 2662; x_wconf 79' lang='grc' dir='ltr'>μὲν</span> <span class='ocrx_word' id='word_1_780' title='bbox 829 2628 877 2654; x_wconf 83' lang='grc' dir='ltr'><strong>ἀν-</strong></span> 
     </span>
    </p>
   </div>
   <div class='ocr_carea' id='block_1_99' title="bbox 99 2671 876 2707">
    <p class='ocr_par' dir='ltr' id='par_1_99' title="bbox 99 2671 876 2707">
     <span class='ocr_line' id='line_1_99' title="bbox 99 2671 876 2707; baseline -0.001 -9"><span class='ocrx_word' id='word_1_781' title='bbox 99 2671 243 2706; x_wconf 76' lang='grc' dir='ltr'>θρωπίνως-</span> <span class='ocrx_word' id='word_1_782' title='bbox 261 2672 362 2700; x_wconf 77' lang='grc' dir='ltr'>νοεῖται</span> <span class='ocrx_word' id='word_1_783' title='bbox 377 2681 410 2706; x_wconf 84' lang='grc' dir='ltr'><strong>γε</strong></span> <span class='ocrx_word' id='word_1_784' title='bbox 427 2672 496 2707; x_wconf 86' lang='grc' dir='ltr'>μὴν,</span> <span class='ocrx_word' id='word_1_785' title='bbox 519 2672 556 2704; x_wconf 81' lang='grc' dir='ltr'>ὡς</span> <span class='ocrx_word' id='word_1_786' title='bbox 581 2672 614 2698; x_wconf 82' lang='grc' dir='ltr'>ἂν</span> <span class='ocrx_word' id='word_1_787' title='bbox 637 2671 712 2707; x_wconf 85' lang='grc' dir='ltr'><strong>αὐτῷ</strong></span> <span class='ocrx_word' id='word_1_788' title='bbox 731 2673 777 2698; x_wconf 68' lang='grc' dir='ltr'><strong>καὶ</strong></span> <span class='ocrx_word' id='word_1_789' title='bbox 803 2672 876 2707; x_wconf 83' lang='grc' dir='ltr'>μόνῳ</span> 
     </span>
    </p>
   </div>
   <div class='ocr_carea' id='block_1_100' title="bbox 99 2718 877 2755">
    <p class='ocr_par' dir='ltr' id='par_1_100' title="bbox 99 2718 877 2755">
     <span class='ocr_line' id='line_1_100' title="bbox 99 2718 877 2755; baseline -0.001 -10"><span class='ocrx_word' id='word_1_790' title='bbox 99 2718 202 2753; x_wconf 79' lang='grc' dir='ltr'>πρέποι·</span> <span class='ocrx_word' id='word_1_791' title='bbox 224 2720 396 2755; x_wconf 74' lang='grc' dir='ltr'>τεθορύϐηκε</span> <span class='ocrx_word' id='word_1_792' title='bbox 420 2719 449 2744; x_wconf 80' lang='grc' dir='ltr'>δὲ</span> <span class='ocrx_word' id='word_1_793' title='bbox 469 2719 499 2745; x_wconf 86' lang='grc' dir='ltr'>οὐ</span> <span class='ocrx_word' id='word_1_794' title='bbox 527 2719 643 2753; x_wconf 77' lang='grc' dir='ltr'>μετρίως</span> <span class='ocrx_word' id='word_1_795' title='bbox 669 2718 735 2744; x_wconf 81' lang='grc' dir='ltr'><strong>αὐτὸ</strong></span> <span class='ocrx_word' id='word_1_796' title='bbox 758 2718 797 2750; x_wconf 74' lang='grc' dir='ltr'>τὸ,</span> <span class='ocrx_word' id='word_1_797' title='bbox 825 2719 877 2744; x_wconf 78' lang='grc' dir='ltr'>ὑπὸ</span> 
     </span>
    </p>
   </div>
   <div class='ocr_carea' id='block_1_101' title="bbox 136 2818 884 2854">
    <p class='ocr_par' dir='ltr' id='par_1_101' title="bbox 136 2818 884 2854">
     <span class='ocr_line' id='line_1_101' title="bbox 136 2818 884 2854; baseline 0.003 -8"><span class='ocrx_word' id='word_1_798' title='bbox 136 2818 238 2853; x_wconf 77' lang='lat' dir='ltr'><strong>’Epltes.</strong></span> <span class='ocrx_word' id='word_1_799' title='bbox 255 2829 292 2852; x_wconf 81' lang='lat' dir='ltr'><strong>tv,</strong></span> <span class='ocrx_word' id='word_1_800' title='bbox 307 2820 353 2847; x_wconf 76' lang='grc'><strong>10.</strong></span> <span class='ocrx_word' id='word_1_801' title='bbox 395 2819 406 2834; x_wconf 89' lang='grc'><em>³</em></span> <span class='ocrx_word' id='word_1_802' title='bbox 417 2818 495 2846; x_wconf 72' lang='grc' dir='ltr'><strong>ιοίηι.</strong></span> <span class='ocrx_word' id='word_1_803' title='bbox 511 2827 552 2850; x_wconf 87' lang='lat' dir='ltr'><strong>ttt,</strong></span> <span class='ocrx_word' id='word_1_804' title='bbox 564 2820 609 2846; x_wconf 78' lang='lat' dir='ltr'><strong>5L</strong></span> <span class='ocrx_word' id='word_1_805' title='bbox 646 2819 657 2835; x_wconf 61' lang='grc' dir='ltr'>θ</span> <span class='ocrx_word' id='word_1_806' title='bbox 668 2819 747 2846; x_wconf 82' lang='lat' dir='ltr'><strong>Joau.</strong></span> <span class='ocrx_word' id='word_1_807' title='bbox 767 2827 823 2854; x_wconf 84' lang='lat' dir='ltr'><strong>rttt,</strong></span> <span class='ocrx_word' id='word_1_808' title='bbox 839 2820 884 2848; x_wconf 67' lang='lat'><strong>23.</strong></span> 
     </span>
    </p>
   </div>
   <div class='ocr_carea' id='block_1_102' title="bbox 106 2855 750 2888">
    <p class='ocr_par' dir='ltr' id='par_1_102' title="bbox 106 2855 750 2888">
     <span class='ocr_line' id='line_1_102' title="bbox 106 2855 750 2888; baseline 0.002 -8"><span class='ocrx_word' id='word_1_809' title='bbox 106 2860 152 2886; x_wconf 74' lang='lat' dir='ltr'><strong>tu.</strong></span> <span class='ocrx_word' id='word_1_810' title='bbox 167 2857 206 2882; x_wconf 82' lang='lat' dir='ltr'><strong>l8.</strong></span> <span class='ocrx_word' id='word_1_811' title='bbox 251 2857 262 2872; x_wconf 84' lang='grc'><strong><em>⁸</em></strong></span> <span class='ocrx_word' id='word_1_812' title='bbox 275 2855 352 2883; x_wconf 77' lang='lat' dir='ltr'><strong>Psal.</strong></span> <span class='ocrx_word' id='word_1_813' title='bbox 375 2862 438 2884; x_wconf 83' lang='lat' dir='ltr'><strong>cttt,</strong></span> <span class='ocrx_word' id='word_1_814' title='bbox 455 2855 498 2881; x_wconf 76' lang='lat'><strong>50.</strong></span> <span class='ocrx_word' id='word_1_815' title='bbox 547 2855 557 2870; x_wconf 83' lang='lat'><strong>’</strong></span> <span class='ocrx_word' id='word_1_816' title='bbox 569 2855 658 2884; x_wconf 84' lang='lat' dir='ltr'><strong>Galat.</strong></span> <span class='ocrx_word' id='word_1_817' title='bbox 673 2862 709 2888; x_wconf 77' lang='grc' dir='ltr'><strong>ιν,</strong></span> <span class='ocrx_word' id='word_1_818' title='bbox 724 2855 750 2881; x_wconf 74' lang='lat'><strong>4.</strong></span> 
     </span>
    </p>
   </div>
   <div class='ocr_carea' id='block_1_103' title="bbox 227 2901 583 2934">
    <p class='ocr_par' dir='ltr' id='par_1_103' title="bbox 227 2901 583 2934">
     <span class='ocr_line' id='line_1_103' title="bbox 227 2901 583 2934; baseline -0.006 -1"><span class='ocrx_word' id='word_1_819' title='bbox 227 2904 367 2934; x_wconf 71' lang='grc' dir='ltr'>Ριτιιοι.</span> <span class='ocrx_word' id='word_1_820' title='bbox 391 2901 452 2931; x_wconf 75' lang='lat' dir='ltr'><strong>GR.</strong></span> <span class='ocrx_word' id='word_1_821' title='bbox 468 2901 583 2933; x_wconf 68' lang='lat' dir='ltr'><strong>LXXVI</strong></span> 
     </span>
    </p>
   </div>
   <div class='ocr_carea' id='block_1_104' title="bbox 926 2260 1708 2297">
    <p class='ocr_par' dir='ltr' id='par_1_104' title="bbox 926 2260 1708 2297">
     <span class='ocr_line' id='line_1_104' title="bbox 926 2260 1708 2297; baseline -0.004 -8"><span class='ocrx_word' id='word_1_822' title='bbox 926 2270 978 2297; x_wconf 90' lang='lat' dir='ltr'><strong>que</strong></span> <span class='ocrx_word' id='word_1_823' title='bbox 997 2263 1030 2290; x_wconf 91' lang='lat' dir='ltr'><strong>de</strong></span> <span class='ocrx_word' id='word_1_824' title='bbox 1050 2263 1107 2289; x_wconf 84' lang='lat' dir='ltr'><strong>loco</strong></span> <span class='ocrx_word' id='word_1_825' title='bbox 1125 2263 1158 2289; x_wconf 84' lang='lat' dir='ltr'><strong>ad</strong></span> <span class='ocrx_word' id='word_1_826' title='bbox 1172 2262 1261 2289; x_wconf 81' lang='lat' dir='ltr'><strong>locum</strong></span> <span class='ocrx_word' id='word_1_827' title='bbox 1277 2262 1383 2292; x_wconf 86' lang='lat' dir='ltr'><strong>transit,</strong></span> <span class='ocrx_word' id='word_1_828' title='bbox 1398 2261 1509 2296; x_wconf 86' lang='lat' dir='ltr'><strong>perinde</strong></span> <span class='ocrx_word' id='word_1_829' title='bbox 1525 2269 1557 2287; x_wconf 89' lang='lat' dir='ltr'><strong>ac</strong></span> <span class='ocrx_word' id='word_1_830' title='bbox 1575 2261 1596 2287; x_wconf 88' lang='lat' dir='ltr'><strong>si</strong></span> <span class='ocrx_word' id='word_1_831' title='bbox 1615 2267 1668 2286; x_wconf 91' lang='lat' dir='ltr'><strong>non</strong></span> <span class='ocrx_word' id='word_1_832' title='bbox 1684 2260 1708 2286; x_wconf 87' lang='lat' dir='ltr'><strong>ei</strong></span> 
     </span>
    </p>
   </div>
   <div class='ocr_carea' id='block_1_105' title="bbox 927 2305 1708 2348">
    <p class='ocr_par' dir='ltr' id='par_1_105' title="bbox 927 2305 1708 2348">
     <span class='ocr_line' id='line_1_105' title="bbox 927 2305 1708 2348; baseline -0.003 -14"><span class='ocrx_word' id='word_1_833' title='bbox 927 2308 1065 2342; x_wconf 88' lang='lat' dir='ltr'><strong>proprium</strong></span> <span class='ocrx_word' id='word_1_834' title='bbox 1079 2307 1115 2334; x_wconf 85' lang='lat' dir='ltr'><strong>sit</strong></span> <span class='ocrx_word' id='word_1_835' title='bbox 1138 2308 1164 2334; x_wconf 93' lang='lat' dir='ltr'><strong>in</strong></span> <span class='ocrx_word' id='word_1_836' title='bbox 1181 2308 1313 2348; x_wconf 53' lang='lat' dir='ltr'><strong>omnibus.</strong></span> <span class='ocrx_word' id='word_1_837' title='bbox 1331 2315 1392 2334; x_wconf 87' lang='lat' dir='ltr'><strong>esse</strong></span> <span class='ocrx_word' id='word_1_838' title='bbox 1410 2311 1438 2333; x_wconf 76' lang='lat' dir='ltr'><strong>ut</strong></span> <span class='ocrx_word' id='word_1_839' title='bbox 1454 2308 1542 2333; x_wconf 86' lang='lat' dir='ltr'><strong>omnia</strong></span> <span class='ocrx_word' id='word_1_840' title='bbox 1564 2305 1708 2340; x_wconf 88' lang='lat' dir='ltr'><strong>complere.</strong></span> 
     </span>
    </p>
   </div>
   <div class='ocr_carea' id='block_1_106' title="bbox 927 2352 1711 2388">
    <p class='ocr_par' dir='ltr' id='par_1_106' title="bbox 927 2352 1711 2388">
     <span class='ocr_line' id='line_1_106' title="bbox 927 2352 1711 2388; baseline -0.005 -8"><span class='ocrx_word' id='word_1_841' title='bbox 927 2353 989 2380; x_wconf 76' lang='lat' dir='ltr'><strong>llzec</strong></span> <span class='ocrx_word' id='word_1_842' title='bbox 1005 2357 1092 2380; x_wconf 87' lang='lat' dir='ltr'><strong>tecum</strong></span> <span class='ocrx_word' id='word_1_843' title='bbox 1108 2354 1164 2388; x_wconf 90' lang='lat' dir='ltr'><strong>ipse</strong></span> <span class='ocrx_word' id='word_1_844' title='bbox 1181 2354 1301 2380; x_wconf 80' lang='lat' dir='ltr'><strong>vicissim</strong></span> <span class='ocrx_word' id='word_1_845' title='bbox 1326 2352 1468 2387; x_wconf 77' lang='lat' dir='ltr'><strong>cogitabis,</strong></span> <span class='ocrx_word' id='word_1_846' title='bbox 1483 2357 1510 2378; x_wconf 92' lang='lat' dir='ltr'><strong>et</strong></span> <span class='ocrx_word' id='word_1_847' title='bbox 1532 2360 1547 2378; x_wconf 84' lang='lat' dir='ltr'><strong>a</strong></span> <span class='ocrx_word' id='word_1_848' title='bbox 1565 2358 1628 2377; x_wconf 81' lang='lat' dir='ltr'><strong>vera</strong></span> <span class='ocrx_word' id='word_1_849' title='bbox 1652 2358 1711 2377; x_wconf 87' lang='lat' dir='ltr'><strong>sett-</strong></span> 
     </span>
    </p>
   </div>
   <div class='ocr_carea' id='block_1_107' title="bbox 927 2397 1710 2432">
    <p class='ocr_par' dir='ltr' id='par_1_107' title="bbox 927 2397 1710 2432">
     <span class='ocr_line' id='line_1_107' title="bbox 927 2397 1710 2432; baseline -0.003 -7"><span class='ocrx_word' id='word_1_850' title='bbox 927 2399 1009 2426; x_wconf 85' lang='lat' dir='ltr'><strong>tentia</strong></span> <span class='ocrx_word' id='word_1_851' title='bbox 1036 2399 1177 2431; x_wconf 87' lang='lat' dir='ltr'><strong>discedes,</strong></span> <span class='ocrx_word' id='word_1_852' title='bbox 1201 2399 1247 2425; x_wconf 89' lang='lat' dir='ltr'><strong>tibi</strong></span> <span class='ocrx_word' id='word_1_853' title='bbox 1272 2399 1322 2432; x_wconf 89' lang='lat' dir='ltr'><strong>ipsi</strong></span> <span class='ocrx_word' id='word_1_854' title='bbox 1348 2404 1375 2425; x_wconf 89' lang='lat' dir='ltr'><strong>et</strong></span> <span class='ocrx_word' id='word_1_855' title='bbox 1394 2399 1502 2432; x_wconf 89' lang='lat' dir='ltr'><strong>quidem</strong></span> <span class='ocrx_word' id='word_1_856' title='bbox 1525 2397 1576 2424; x_wconf 91' lang='lat' dir='ltr'><strong>soli</strong></span> <span class='ocrx_word' id='word_1_857' title='bbox 1599 2397 1710 2431; x_wconf 84' lang='lat' dir='ltr'><strong>obsequi</strong></span> 
     </span>
    </p>
   </div>
   <div class='ocr_carea' id='block_1_108' title="bbox 931 2443 1711 2477">
    <p class='ocr_par' dir='ltr' id='par_1_108' title="bbox 931 2443 1711 2477">
     <span class='ocr_line' id='line_1_108' title="bbox 931 2443 1711 2477; baseline -0.001 -6"><span class='ocrx_word' id='word_1_858' title='bbox 931 2450 1034 2472; x_wconf 85' lang='lat' dir='ltr'><strong>certus.</strong></span> <span class='ocrx_word' id='word_1_859' title='bbox 1059 2444 1112 2472; x_wconf 80' lang='lat' dir='ltr'><strong>Sed</strong></span> <span class='ocrx_word' id='word_1_860' title='bbox 1135 2445 1161 2471; x_wconf 90' lang='lat' dir='ltr'><strong>in</strong></span> <span class='ocrx_word' id='word_1_861' title='bbox 1188 2444 1295 2471; x_wconf 92' lang='lat' dir='ltr'><strong>meliori</strong></span> <span class='ocrx_word' id='word_1_862' title='bbox 1320 2451 1395 2471; x_wconf 83' lang='lat' dir='ltr'><strong>esses</strong></span> <span class='ocrx_word' id='word_1_863' title='bbox 1414 2444 1507 2477; x_wconf 85' lang='lat' dir='ltr'><strong>utique</strong></span> <span class='ocrx_word' id='word_1_864' title='bbox 1530 2443 1665 2470; x_wconf 79' lang='lat' dir='ltr'><strong>sententia</strong></span> <span class='ocrx_word' id='word_1_865' title='bbox 1688 2444 1711 2470; x_wconf 84' lang='lat' dir='ltr'><strong>si</strong></span> 
     </span>
    </p>
   </div>
   <div class='ocr_carea' id='block_1_109' title="bbox 930 2489 1711 2525">
    <p class='ocr_par' dir='ltr' id='par_1_109' title="bbox 930 2489 1711 2525">
     <span class='ocr_line' id='line_1_109' title="bbox 930 2489 1711 2525; baseline -0.003 -8"><span class='ocrx_word' id='word_1_866' title='bbox 930 2491 993 2517; x_wconf 92' lang='lat' dir='ltr'><strong>illud</strong></span> <span class='ocrx_word' id='word_1_867' title='bbox 1014 2491 1159 2525; x_wconf 76' lang='lat' dir='ltr'><strong>cogitares,</strong></span> <span class='ocrx_word' id='word_1_868' title='bbox 1182 2497 1290 2516; x_wconf 81' lang='lat' dir='ltr'><strong>omnem</strong></span> <span class='ocrx_word' id='word_1_869' title='bbox 1311 2498 1325 2516; x_wconf 89' lang='lat' dir='ltr'><strong>a</strong></span> <span class='ocrx_word' id='word_1_870' title='bbox 1340 2490 1416 2517; x_wconf 90' lang='lat' dir='ltr'><strong>nobis</strong></span> <span class='ocrx_word' id='word_1_871' title='bbox 1436 2490 1469 2516; x_wconf 90' lang='lat' dir='ltr'><strong>de</strong></span> <span class='ocrx_word' id='word_1_872' title='bbox 1482 2489 1544 2517; x_wconf 72' lang='lat' dir='ltr'><strong>Deo</strong></span> <span class='ocrx_word' id='word_1_873' title='bbox 1560 2495 1711 2516; x_wconf 82' lang='lat' dir='ltr'><strong>sermonem</strong></span> 
     </span>
    </p>
   </div>
   <div class='ocr_carea' id='block_1_110' title="bbox 931 2535 1711 2570">
    <p class='ocr_par' dir='ltr' id='par_1_110' title="bbox 931 2535 1711 2570">
     <span class='ocr_line' id='line_1_110' title="bbox 931 2535 1711 2570; baseline -0.004 -7"><span class='ocrx_word' id='word_1_874' title='bbox 931 2537 1022 2564; x_wconf 86' lang='lat' dir='ltr'><strong>haberi</strong></span> <span class='ocrx_word' id='word_1_875' title='bbox 1040 2536 1148 2570; x_wconf 86' lang='lat' dir='ltr'><strong>quidem</strong></span> <span class='ocrx_word' id='word_1_876' title='bbox 1174 2536 1292 2562; x_wconf 88' lang='lat' dir='ltr'><strong>humano</strong></span> <span class='ocrx_word' id='word_1_877' title='bbox 1315 2543 1400 2567; x_wconf 84' lang='lat' dir='ltr'><strong>more,</strong></span> <span class='ocrx_word' id='word_1_878' title='bbox 1423 2536 1463 2562; x_wconf 81' lang='lat' dir='ltr'><strong>sic</strong></span> <span class='ocrx_word' id='word_1_879' title='bbox 1480 2540 1568 2562; x_wconf 84' lang='lat' dir='ltr'><strong>tamen</strong></span> <span class='ocrx_word' id='word_1_880' title='bbox 1589 2535 1711 2569; x_wconf 77' lang='lat' dir='ltr'><strong>intelligi,</strong></span> 
     </span>
    </p>
   </div>
   <div class='ocr_carea' id='block_1_111' title="bbox 930 2580 1714 2609">
    <p class='ocr_par' dir='ltr' id='par_1_111' title="bbox 930 2580 1714 2609">
     <span class='ocr_line' id='line_1_111' title="bbox 930 2580 1714 2609; baseline -0.004 -1"><span class='ocrx_word' id='word_1_881' title='bbox 930 2587 958 2608; x_wconf 92' lang='lat' dir='ltr'><strong>ut</strong></span> <span class='ocrx_word' id='word_1_882' title='bbox 976 2583 1012 2609; x_wconf 90' lang='lat' dir='ltr'><strong>illi</strong></span> <span class='ocrx_word' id='word_1_883' title='bbox 1031 2582 1081 2609; x_wconf 86' lang='lat' dir='ltr'><strong>soli</strong></span> <span class='ocrx_word' id='word_1_884' title='bbox 1101 2582 1237 2608; x_wconf 88' lang='lat' dir='ltr'><strong>convenit.</strong></span> <span class='ocrx_word' id='word_1_885' title='bbox 1259 2580 1310 2608; x_wconf 60' lang='lat' dir='ltr'><strong>Sed</strong></span> <span class='ocrx_word' id='word_1_886' title='bbox 1325 2581 1398 2607; x_wconf 90' lang='lat' dir='ltr'><strong>illum</strong></span> <span class='ocrx_word' id='word_1_887' title='bbox 1418 2588 1471 2607; x_wconf 88' lang='lat' dir='ltr'><strong>non</strong></span> <span class='ocrx_word' id='word_1_888' title='bbox 1495 2580 1589 2608; x_wconf 89' lang='lat' dir='ltr'><strong>leviter</strong></span> <span class='ocrx_word' id='word_1_889' title='bbox 1604 2584 1714 2607; x_wconf 87' lang='lat' dir='ltr'><strong>contur-</strong></span> 
     </span>
    </p>
   </div>
   <div class='ocr_carea' id='block_1_112' title="bbox 930 2625 1713 2663">
    <p class='ocr_par' dir='ltr' id='par_1_112' title="bbox 930 2625 1713 2663">
     <span class='ocr_line' id='line_1_112' title="bbox 930 2625 1713 2663; baseline -0.006 -8"><span class='ocrx_word' id='word_1_890' title='bbox 930 2630 1014 2660; x_wconf 86' lang='lat' dir='ltr'><strong>bavit,</strong></span> <span class='ocrx_word' id='word_1_891' title='bbox 1037 2629 1108 2663; x_wconf 86' lang='lat' dir='ltr'><strong>quod</strong></span> <span class='ocrx_word' id='word_1_892' title='bbox 1132 2628 1179 2654; x_wconf 88' lang='lat' dir='ltr'><strong>Dei</strong></span> <span class='ocrx_word' id='word_1_893' title='bbox 1204 2627 1293 2654; x_wconf 81' lang='lat' dir='ltr'><strong>Patris</strong></span> <span class='ocrx_word' id='word_1_894' title='bbox 1319 2625 1434 2653; x_wconf 67' lang='lat' dir='ltr'><strong>Verbum</strong></span> <span class='ocrx_word' id='word_1_895' title='bbox 1459 2626 1508 2653; x_wconf 85' lang='lat' dir='ltr'><strong>sub</strong></span> <span class='ocrx_word' id='word_1_896' title='bbox 1530 2626 1590 2661; x_wconf 72' lang='lat' dir='ltr'><strong>lege</strong></span> <span class='ocrx_word' id='word_1_897' title='bbox 1613 2625 1713 2652; x_wconf 77' lang='lat' dir='ltr'><strong>factum</strong></span> 
     </span>
    </p>
   </div>
   <div class='ocr_carea' id='block_1_113' title="bbox 930 2672 1715 2702">
    <p class='ocr_par' dir='ltr' id='par_1_113' title="bbox 930 2672 1715 2702">
     <span class='ocr_line' id='line_1_113' title="bbox 930 2672 1715 2702; baseline -0.009 0"><span class='ocrx_word' id='word_1_898' title='bbox 930 2682 990 2702; x_wconf 82' lang='lat' dir='ltr'><strong>esse</strong></span> <span class='ocrx_word' id='word_1_899' title='bbox 1013 2674 1157 2701; x_wconf 64' lang='lat' dir='ltr'><strong>dicitur“:</strong></span> <span class='ocrx_word' id='word_1_900' title='bbox 1178 2673 1266 2700; x_wconf 91' lang='lat' dir='ltr'><strong>nullus</strong></span> <span class='ocrx_word' id='word_1_901' title='bbox 1292 2677 1383 2699; x_wconf 89' lang='lat' dir='ltr'><strong>tamen</strong></span> <span class='ocrx_word' id='word_1_902' title='bbox 1411 2676 1454 2699; x_wconf 83' lang='lat' dir='ltr'><strong>est</strong></span> <span class='ocrx_word' id='word_1_903' title='bbox 1476 2672 1503 2698; x_wconf 89' lang='lat' dir='ltr'><strong>itt</strong></span> <span class='ocrx_word' id='word_1_904' title='bbox 1530 2672 1580 2699; x_wconf 88' lang='lat' dir='ltr'><strong>hac</strong></span> <span class='ocrx_word' id='word_1_905' title='bbox 1603 2677 1634 2697; x_wconf 89' lang='lat' dir='ltr'><strong>re</strong></span> <span class='ocrx_word' id='word_1_906' title='bbox 1657 2676 1715 2696; x_wconf 88' lang='lat' dir='ltr'><strong>nte-</strong></span> 
     </span>
    </p>
   </div>
   <div class='ocr_carea' id='block_1_114' title="bbox 932 2714 1716 2752">
    <p class='ocr_par' dir='ltr' id='par_1_114' title="bbox 932 2714 1716 2752">
     <span class='ocr_line' id='line_1_114' title="bbox 932 2714 1716 2752; baseline -0.01 -5"><span class='ocrx_word' id='word_1_907' title='bbox 932 2720 1023 2747; x_wconf 77' lang='lat' dir='ltr'><strong>tuendi</strong></span> <span class='ocrx_word' id='word_1_908' title='bbox 1043 2720 1118 2747; x_wconf 80' lang='lat' dir='ltr'><strong>locus</strong></span> <span class='ocrx_word' id='word_1_909' title='bbox 1133 2728 1141 2752; x_wconf 83' lang='lat'><strong>&#39;,</strong></span> <span class='ocrx_word' id='word_1_910' title='bbox 1157 2726 1219 2745; x_wconf 88' lang='lat' dir='ltr'><strong>nam</strong></span> <span class='ocrx_word' id='word_1_911' title='bbox 1240 2717 1388 2752; x_wconf 85' lang='lat' dir='ltr'><strong>permansit</strong></span> <span class='ocrx_word' id='word_1_912' title='bbox 1405 2717 1476 2751; x_wconf 88' lang='lat' dir='ltr'><strong>quod</strong></span> <span class='ocrx_word' id='word_1_913' title='bbox 1494 2722 1562 2749; x_wconf 81' lang='lat' dir='ltr'><strong>erat,</strong></span> <span class='ocrx_word' id='word_1_914' title='bbox 1578 2714 1716 2749; x_wconf 76' lang='lat' dir='ltr'><strong>legislalor</strong></span> 
     </span>
    </p>
   </div>
   <div class='ocr_carea' id='block_1_115' title="bbox 925 2812 1715 2847">
    <p class='ocr_par' dir='ltr' id='par_1_115' title="bbox 925 2812 1715 2847">
     <span class='ocr_line' id='line_1_115' title="bbox 925 2812 1715 2847; baseline -0.009 0"><span class='ocrx_word' id='word_1_915' title='bbox 925 2821 935 2836; x_wconf 86' lang='lat'><strong>&#39;</strong></span> <span class='ocrx_word' id='word_1_916' title='bbox 948 2821 1013 2847; x_wconf 86' lang='lat' dir='ltr'><strong>ibid.</strong></span> <span class='ocrx_word' id='word_1_917' title='bbox 1069 2819 1090 2833; x_wconf 88' lang='lat'>&quot;</span> <span class='ocrx_word' id='word_1_918' title='bbox 1103 2818 1172 2845; x_wconf 61' lang='lat' dir='ltr'><strong>Paul.</strong></span> <span class='ocrx_word' id='word_1_919' title='bbox 1186 2826 1239 2847; x_wconf 71' lang='grc' dir='ltr'>ενι,</span> <span class='ocrx_word' id='word_1_920' title='bbox 1254 2817 1299 2846; x_wconf 77' lang='grc'><strong>20.</strong></span> <span class='ocrx_word' id='word_1_921' title='bbox 1340 2819 1349 2834; x_wconf 82' lang='grc'>⁸</span> <span class='ocrx_word' id='word_1_922' title='bbox 1362 2817 1413 2844; x_wconf 87' lang='lat' dir='ltr'><strong>lsa.</strong></span> <span class='ocrx_word' id='word_1_923' title='bbox 1429 2824 1508 2847; x_wconf 80' lang='lat' dir='ltr'><strong>uttt,</strong></span> <span class='ocrx_word' id='word_1_924' title='bbox 1525 2815 1553 2843; x_wconf 84' lang='lat'><strong>9.</strong></span> <span class='ocrx_word' id='word_1_925' title='bbox 1609 2814 1616 2828; x_wconf 96' lang='lat'><strong>&#39;</strong></span> <span class='ocrx_word' id='word_1_926' title='bbox 1631 2812 1715 2840; x_wconf 77' lang='lat' dir='ltr'><strong>Exod-</strong></span> 
     </span>
    </p>
   </div>
   <div class='ocr_carea' id='block_1_116' title="bbox 1069 2815 1553 2850">
    <p class='ocr_par' dir='ltr' id='par_1_116' title="bbox 1069 2815 1553 2850">
     <span class='ocr_line' id='line_1_116' title="bbox 1069 2815 1553 2850; baseline -0.006 -5"><span class='ocrx_word' id='word_1_927' title='bbox 1069 2819 1090 2833; x_wconf 87' lang='lat'>&quot;</span> <span class='ocrx_word' id='word_1_928' title='bbox 1103 2818 1172 2845; x_wconf 64' lang='lat' dir='ltr'><strong>Psxtl.</strong></span> <span class='ocrx_word' id='word_1_929' title='bbox 1186 2826 1239 2850; x_wconf 71' lang='grc' dir='ltr'>ενι,</span> <span class='ocrx_word' id='word_1_930' title='bbox 1254 2817 1299 2846; x_wconf 77' lang='grc'><strong>20.</strong></span> <span class='ocrx_word' id='word_1_931' title='bbox 1340 2819 1349 2834; x_wconf 82' lang='grc'>⁸</span> <span class='ocrx_word' id='word_1_932' title='bbox 1362 2817 1413 2844; x_wconf 87' lang='lat' dir='ltr'><strong>lsa.</strong></span> <span class='ocrx_word' id='word_1_933' title='bbox 1429 2824 1508 2849; x_wconf 80' lang='lat' dir='ltr'><strong>uttt,</strong></span> <span class='ocrx_word' id='word_1_934' title='bbox 1525 2815 1553 2843; x_wconf 84' lang='lat'><strong>9.</strong></span> 
     </span>
    </p>
   </div>
   <div class='ocr_carea' id='block_1_117' title="bbox 1514 2895 1535 2926">
    <p class='ocr_par' dir='ltr' id='par_1_117' title="bbox 1514 2895 1535 2926">
     <span class='ocr_line' id='line_1_117' title="bbox 1514 2895 1535 2926; baseline 0 0"><span class='ocrx_word' id='word_1_935' title='bbox 1514 2895 1535 2926; x_wconf 83' lang='lat'><strong><em>3</em></strong></span> 
     </span>
    </p>
   </div>
  </div>
