1883 3054
161 149 198 179 75
653 146 684 174 δέ
702 145 841 174 CYRILLI
859 143 1095 173 ALEXANDRINI
1114 145 1272 175 ARCHIEP.
1754 148 1789 175 76

163 211 272 244 inquam
289 213 316 235 et
335 206 417 235 Deus.
436 206 476 233 Ac
495 206 517 233 si
539 212 592 233 non
604 204 692 233 factus
703 209 777 234 esset
790 205 883 237 homo.
897 211 943 232 ne-

1019 204 1080 240 ίμον
1093 205 1220 240 λέγεσθαι
1234 207 1281 234 τὸν
1292 207 1326 234 ὲκ
1342 206 1412 233 Θεοῦ
1428 206 1535 242 Πατρδς
1548 206 1716 241 γεγενῆσθαι
1737 207 1790 233 Δό-

161 262 214 290 que
226 253 310 282 etiam
333 254 384 281 sub
400 253 456 287 lege
476 251 565 279 factus
582 250 685 279 fuisset.
700 251 752 279 Sed
769 252 832 286 quia
853 258 946 278 verum

161 305 203 328 est
221 300 339 335 seipsum
353 298 521 330 humiliassc,
543 297 589 331 qui
604 305 637 325 ex
658 303 755 325 natura
771 304 818 324 sua
839 303 946 324 sursum

162 350 219 373 erat
232 353 264 373 ac
284 344 418 375 sublimis.
444 348 472 371 et
487 349 618 378 przeterea
637 343 736 371 factum
758 342 946 378 essewno-

162 394 212 421 stri
228 392 356 425 similem,
370 392 416 426 qui
431 397 513 425 supra
532 396 641 418 omnem
657 393 810 416 creaturam
826 392 895 419 erat,
920 392 947 414 et

161 446 224 466 cum
242 438 317 465 dives
331 441 414 468 esset.
429 442 578 471 pauperem
599 434 700 462 factum
711 440 771 462 esse
789 433 815 460 in
829 441 862 460 eo
875 433 947 468 quod

162 490 204 511 est
222 484 309 511 lactus
325 483 422 510 similis
439 481 528 509 nostri
542 481 575 513 η,
591 479 726 515 quomodo
740 480 815 507 nefas
834 479 871 506 sit
885 486 947 506 eum

161 530 252 558 dicere
275 529 374 556 factum
400 535 460 556 esse
489 526 630 555 nobiscum
655 533 687 553 ac
706 525 758 553 sub
783 525 862 560 lege?
878 525 947 558 Quid

162 576 254 604 enim?
272 584 305 602 an
319 582 372 602 non
392 580 465 602 recte
481 574 613 601 sentimus
628 580 689 600 cum
705 573 829 599 humanae
843 575 948 598 natura

164 630 316 650 mensuram
330 627 457 657 putamus
471 628 504 648 eo
517 619 635 652 deliniri,
648 619 719 654 quod
735 619 772 646 sit
785 618 835 654 legi
855 617 947 653 subje-

162 668 226 695 cta?
243 675 304 694 nam
319 667 366 694 illa
380 666 469 694 soluta
483 670 510 693 et
526 672 607 700 supra
623 664 707 700 legem
723 664 856 696 essentia,
871 667 899 690 et
913 670 947 690 ex

162 719 259 741 natura
277 720 308 740 ac
326 720 390 740 vere
414 712 511 745 libera,
529 711 601 738 nihil
617 711 690 738 aliud
711 717 772 738 esse
781 713 875 745 potest
894 709 946 737 nisi

164 760 234 787 Deus
247 768 253 786 :
266 766 330 794 ergo
345 766 406 786 cum
423 757 541 785 Verbum
557 757 657 784 factum
670 760 711 784 est
721 763 796 788 caro.
812 761 868 783 tum
880 763 948 791 quo-

162 813 214 840 que
234 804 284 832 sub
304 805 362 839 lege
388 804 489 831 factum
511 807 576 830 est:
593 809 654 830 nam
676 809 729 830 una
749 809 811 829 cum
839 801 882 829 his
901 802 947 836 qui

164 851 292 878 tributum
315 850 479 885 pendebant,
503 848 660 876 didrachma
675 848 765 883 posuit
777 847 810 880 “,
824 847 948 882 quamvis

162 905 193 923 ex
218 904 267 923 sua
292 900 388 923 natura
413 895 484 922 liber
503 900 586 927 esset,
603 899 695 928 utpote
711 893 782 922 Deus
794 900 827 921 ac
851 893 946 925 Filius.

162 950 194 970 ac
207 942 289 969 etiam
305 948 338 969 eo
360 946 481 976 tempore
498 947 552 976 quo
570 940 670 967 factum
685 943 727 967 est
743 947 818 967 caro.
836 938 883 966 Sin
899 939 947 966 tibi

164 989 252 1023 placet
271 996 354 1014 unum
376 988 402 1014 in
430 987 484 1014 duo
501 986 632 1020 dividere,
654 990 683 1014 et
703 993 766 1013 eum
789 986 835 1020 qui
850 990 893 1012 est
913 992 946 1012 ex

164 1034 286 1066 muliere,
299 1033 413 1060 seorsim
428 1032 566 1060 hominem
586 1032 774 1067 pronuntiare,
792 1039 909 1068 quonam
926 1032 948 1059 is

165 1080 243 1108 modo
266 1079 317 1107 sub
338 1079 396 1114 lege
420 1078 506 1105 factus
521 1078 627 1105 dicetur
649 1079 696 1113 qui
721 1083 824 1105 natura:
845 1079 882 1106 sit
897 1078 948 1106 sub

165 1127 222 1161 lege
233 1125 346 1160 positae?
364 1124 420 1151 Non
434 1124 506 1151 enim
523 1124 595 1158 quod
609 1123 665 1158 jam
679 1127 721 1151 est
735 1123 786 1159 legi
799 1123 947 1156 subditum,

165 1171 191 1198 id
211 1170 268 1197 ﬁeri
285 1170 334 1198 sub
347 1169 404 1204 lege
420 1173 521 1204 potest,
535 1169 582 1196 sed
601 1168 626 1196 id
638 1169 709 1203 quod
729 1175 854 1196 naturam
867 1169 948 1197 habet

164 1217 222 1250 lege
240 1215 417 1250 superiorem,
440 1221 468 1242 et
483 1219 559 1242 extra
577 1215 675 1250 legem.
690 1214 753 1242 Sola
770 1220 812 1242 est
820 1215 904 1248 enim,
920 1220 948 1243 ut

164 1262 230 1296 dixi,
252 1261 295 1288 illa
309 1261 399 1288 divina
418 1268 598 1295 supremaque
612 1265 708 1288 natura
722 1265 750 1288 et
766 1261 836 1288 ultra
850 1261 947 1296 legem,

164 1312 191 1334 et
209 1310 337 1342 praeterea
358 1305 453 1339 libera,
470 1310 497 1333 et
518 1312 577 1340 quae
601 1305 653 1333 sibi
672 1305 830 1342 praelectum
852 1306 949 1334 habeat

164 1359 276 1388 prorsus
292 1351 440 1385 neminem,
457 1351 504 1377 sed
527 1350 585 1385 ipsa
602 1351 638 1379 sit
656 1351 747 1386 potius
762 1352 947 1379 universorum

164 1398 284 1430 domina,
308 1402 335 1425 et
356 1396 481 1424 omnibus
510 1397 591 1424 rebus
614 1404 670 1424 suae
694 1397 888 1424 dominationis
904 1396 948 1431 ju-

164 1453 226 1480 gum
242 1447 373 1480 impetrat.
387 1445 441 1472 Sed
457 1445 509 1473 iste
523 1444 564 1472 vir
577 1452 592 1472 a
612 1448 686 1471 recta
711 1443 889 1470 ratiocinandi
903 1443 947 1469 via

163 1500 225 1520 cum
248 1492 393 1524 aberrat-it.
409 1491 435 1519 in
458 1499 519 1519 eam
541 1496 583 1519 est
606 1490 732 1526 delapsus
754 1489 946 1525 cogitationum

997 260 1056 286 τον.
1077 252 1147 279 Ἀλλ’
1166 252 1244 279 οὐδὲν
1266 253 1294 280 ὲν
1310 253 1396 288 τούτῳ
1412 252 1443 278 τὺ
1465 252 1561 287 δεῖμα·
1578 251 1718 287 μεμένηκε
1732 251 1789 287 γὰρ

997 297 1011 324 ὃ
1033 296 1067 334 ἦν
1078 307 1085 313 ·
1109 298 1257 334 νομοθέτης
1270 298 1390 334 δηλονότι
1407 297 1455 326 καὶ
1477 297 1552 330 Θεός.
1569 298 1625 324 Καὶ
1642 298 1666 324 εἰ
1686 297 1737 333 μὲν
1756 298 1790 323 οὐ

997 343 1110 378 γέγονεν
1124 344 1277 380 ἄνθρωπος,
1293 345 1323 371 οὺ
1337 344 1449 379 γέγονεν
1462 343 1516 371 ὑπὸ
1530 344 1623 379 νόμον.
1632 343 1745 378 Ἐπειδὴ
1759 343 1790 370 δέ

998 391 1071 417 ἐστιν
1088 389 1198 426 ἀληθὲς,
1209 391 1251 417 ὅτι
1265 390 1462 417 τεταπείνωκεν
1478 389 1573 417 ἑαυτὸν
1585 390 1600 417 ὁ
1621 389 1695 416 κατὰ
1705 389 1790 424 φύσιν

999 436 1070 463 ίδίαν
1086 436 1143 464 ἄνω
1161 445 1213 463 που
1228 436 1275 463 καὶ
1288 436 1406 473 ὑψηλός·
1429 434 1490 463 εἷτα
1504 436 1599 471 γέγονε
1615 436 1677 464 καθ’
1693 436 1788 472 ἡμᾶς.

997 484 1011 510 ὁ
1026 483 1097 520 ὑπὲρ
1113 485 1205 511 πᾶσαν
1226 484 1277 520 τὴν
1297 484 1401 511 κτίσιν⁸
1418 485 1466 511 καὶ
1481 483 1609 516 πλούσιος
1624 483 1673 517 ὣν,
1696 483 1791 510 ἐπτώ-

997 538 1078 566 χευσε
1101 530 1146 557 διὰ
1166 529 1214 557 τοῦ
1228 529 1355 565 γενέσθαι
1367 530 1428 558 καθ’
1442 530 1527 566 ἡμᾶς,
1545 529 1606 562 πῶς
1621 530 1671 557 οὐκ
1690 529 1724 557 ἂν
1743 529 1790 557 λέ·

997 585 1073 610 γοιτο
1087 576 1147 611 μεθ’
1160 577 1238 612 ὴμῶν
1252 576 1380 611 γενέσθαι
1394 577 1440 603 καὶ
1454 576 1506 603 ὑπὸ
1524 576 1624 612 νόμονς
1639 575 1656 611 ἢ
1674 575 1736 612 Ῐῑσ.

997 622 1052 658 γὰρ
1072 623 1103 650 οὺ
1128 622 1291 658 λογιούμεθα
1315 622 1477 658 φρονοῦντες
1493 621 1600 658 ὀρθῶς,
1622 622 1654 649 τὸ
1667 622 1716 658 τῆς
1740 622 1791 649 ἀν·

998 667 1108 704 θρώπου
1123 668 1231 702 φύσεως
1243 668 1383 704 ὁρίζεσθαι
1406 668 1514 703 μέτρον,
1531 667 1573 700 ὡς
1586 667 1615 695 ἐν
1629 676 1662 702 γε
1675 667 1714 702 τῷ
1731 667 1791 694 δεῖν

997 715 1046 742 καὶ
1068 714 1228 742 ὑποκεῖσθαι
1252 715 1343 750 νόμῳ;
1366 715 1397 741 τὸ
1419 714 1473 750 γὰρ
1494 714 1593 749 ἄφετόν
1606 723 1636 740 τι
1656 715 1703 741 καὶ
1713 714 1790 750 ὑπὲρ

997 759 1089 795 νόμον,
1105 759 1184 794 φύσει
1197 767 1226 785 τε
1242 759 1289 786 καὶ
1305 758 1412 794 ἀληθῶς
1424 757 1568 794 ἐλεύθερον
1586 757 1629 792 εἴη
1643 757 1676 784 ἂν
1688 757 1787 793 ἕτερον

997 806 1083 839 οὐδὲν,
1101 805 1172 842 πλὴν
1195 805 1237 832 ὅτι
1251 805 1283 831 τὸ
1297 805 1382 832 Θείον·
1406 803 1504 831 οὐκοῦν
1518 803 1562 830 ὅτε
1577 803 1673 838 γέγονε
1697 802 1769 838 σὰρξ
1779 821 1789 833 .

998 853 1059 879 τότε
1082 852 1178 887 γέγονε
1200 852 1248 879 καὶ
1283 851 1337 878 ὑπὸ
1358 851 1458 887 νόμον
1480 849 1637 877 συνετέλεσε
1656 850 1710 885 γὰρ
1729 850 1790 880 τοῖς

997 897 1193 934 δασμολογοῦσι
1207 897 1236 924 τὸ
1249 897 1396 933 δίδραχμον
1406 905 1412 911 ·
1428 896 1515 923 καίτοι
1535 896 1606 922 κατὰ
1620 895 1701 930 φύσιν
1716 895 1789 922 ίδίαν

998 944 1139 980 ἐλεύθερος
1149 943 1200 976 ὢν,
1212 943 1250 975 ὡς
1261 943 1327 975 Θεὸς
1338 943 1384 970 καὶ
1396 943 1469 975 Υἱὸς,
1483 943 1530 969 xui
1542 943 1586 969 ὅτε
1598 943 1693 977 γέγονε
1704 941 1787 976 σάρξ,

997 991 1029 1018 Ei
1044 990 1073 1017 δέ
1087 998 1128 1017 σοι
1142 990 1216 1017 δοκεί
1230 990 1274 1016 τὸν
1296 990 1344 1016 ἕνα
1359 989 1469 1024 τέμνειν
1483 990 1522 1021 εἰς
1537 988 1601 1022 δύο,
1623 988 1670 1015 καὶ
1693 988 1789 1019 ίδικῶς

998 1037 1064 1072 ἡμῖν
1079 1036 1222 1072 ἄνθρωπον
1237 1035 1399 1070 ἀποφαίνειν
1413 1035 1458 1061 τὸν
1472 1035 1504 1061 ὲκ
1518 1034 1646 1069 γυναικὸς
1656 1054 1663 1066 ,
1677 1034 1735 1066 πῶς
1752 1033 1788 1060 ἂν

997 1082 1103 1116 λέγοιτο
1124 1081 1249 1116 γενέσθαι
1264 1081 1311 1108 καὶ
1326 1080 1377 1107 ὑπὸ
1391 1080 1482 1115 νόμον,
1506 1080 1521 1106 ὁ
1546 1079 1597 1114 τῆς
1619 1079 1673 1106 ὑπὸ
1699 1079 1784 1114 νόμον

998 1128 1105 1163 φύσεως
1120 1127 1173 1160 ὢν;
1192 1127 1229 1153 Οὐ
1245 1127 1300 1162 γάρ
1314 1135 1354 1153 τοι
1368 1126 1398 1154 τὺ
1411 1126 1481 1161 ἔχον,
1497 1125 1527 1152 τὸ
1544 1126 1602 1152 δεῖν
1623 1124 1787 1152 ὑποκεῖσθαι

997 1174 1086 1210 νόμῳ,
1101 1174 1198 1208 γένοιτ’
1210 1174 1243 1201 ἂν
1257 1173 1310 1200 ὑπὸ
1330 1172 1426 1208 νόμου.
1440 1172 1508 1198 ἀλλὰ
1520 1172 1550 1198 τὸ
1565 1171 1646 1206 φύσιν
1662 1171 1722 1206 ἔχον
1735 1172 1788 1207 τὴν

999 1221 1068 1256 ὑπὲρ
1087 1220 1177 1255 νόμον,
1200 1220 1249 1246 καὶ
1271 1219 1323 1252 ἔξω
1347 1219 1439 1253 νόμου.
1459 1219 1534 1253 Μόνη
1557 1218 1623 1254 γὰρ,
1644 1217 1685 1249 ὼς
1703 1217 1787 1251 ἔφην,

998 1267 1082 1297 ἐστὶν,
1107 1266 1124 1300 ἡ
1149 1264 1208 1291 Θεία
1238 1273 1266 1294 τε
1284 1264 1331 1291 καὶ
1350 1263 1488 1299 ὑπερτάτη
1504 1263 1600 1298 φύσις,
1624 1263 1671 1290 καὶ
1694 1263 1787 1298 νόμων

998 1310 1136 1341 ἐπέκεινα,
1153 1309 1200 1335 καὶ
1221 1309 1271 1344 μέν
1289 1317 1330 1335 τοι
1353 1308 1401 1335 καὶ
1421 1307 1570 1343 ἐλευθέρα·
1591 1308 1640 1335 καὶ
1658 1307 1703 1334 τὸν
1723 1308 1787 1333 ὲπι-

999 1356 1100 1390 στάτην
1127 1355 1229 1390 ἔχουσα
1252 1353 1392 1386 παντελῶς
1416 1353 1523 1387 οὐδένα,
1549 1354 1723 1389 κατάρχουσα
1756 1353 1788 1380 δὲ

1000 1402 1101 1438 μᾶλλον
1123 1402 1192 1435 αὑτὴ
1217 1401 1271 1428 τῶν
1284 1401 1363 1433 ὅλων,
1388 1400 1436 1426 καὶ
1452 1401 1519 1427 πᾶσι
1539 1399 1586 1426 τὸν
1600 1399 1700 1434 ἑαυτῆς
1719 1399 1788 1426 ὑπο-

998 1449 1103 1475 τιθεῖσα
1124 1447 1216 1482 ζυγόν.
1240 1447 1270 1474 Ὀ
1295 1447 1323 1473 δὲ
1346 1446 1476 1482 λογισμοῦ
1503 1445 1550 1473 τοῦ
1572 1445 1724 1481 πρέποντος
1746 1445 1788 1471 δι-

999 1494 1176 1530 ημαρτηκὼς,
1183 1493 1344 1525 δυσσεῦείας
1354 1493 1393 1525 εἰς
1400 1493 1478 1520 τοῦτο
1489 1492 1654 1519 κατώλισθεν
1664 1491 1786 1524 ἐννοιῶν,

164 1538 342 1574 impietatem,
366 1541 393 1564 et.
417 1543 502 1572 usque
528 1537 595 1564 adeo
621 1535 654 1562 ad
680 1542 800 1563 summas
824 1533 943 1569 pervenil

1019 1542 1046 1568 αὶ
1062 1542 1102 1572 είς
1116 1541 1200 1575 ἄκρον
1216 1540 1279 1575 ἥκει
1294 1540 1454 1574 σκαιότητος
1466 1560 1473 1572 ,
1489 1539 1542 1566 ἀπό
1555 1547 1588 1574 γε
1604 1539 1652 1565 τοῦ
1670 1539 1786 1574 διαιρείι.

164 1584 279 1620 ineptias
300 1592 333 1612 ex
350 1591 382 1611 eo
395 1584 466 1618 quod
488 1591 570 1610 untun
588 1582 736 1610 Dominum
760 1581 852 1609 Jesum
868 1580 948 1608 Chri-

163 1637 234 1658 stum
251 1630 277 1657 in
295 1631 348 1657 duo
362 1629 468 1661 dividit,
484 1634 513 1657 ut
528 1629 658 1656 audacter
668 1627 767 1655 dixerit
779 1628 866 1662 ipsutn
882 1626 947 1653 Eme

164 1676 314 1705 manuelem
334 1684 421 1711 neque
437 1684 500 1703 vere
518 1675 603 1702 Deum
620 1682 691 1707 esse,
715 1681 802 1710 neque
815 1678 946 1709 praeterea

164 1723 313 1750 secundum
336 1728 460 1749 naturam
484 1720 582 1748 Filium
602 1730 609 1748 :
629 1721 670 1748 sic
691 1727 757 1748 vero
785 1719 946 1754 appellatum

162 1768 301 1795 Christum
312 1772 339 1794 et
348 1772 483 1800 sanctum,
499 1772 528 1794 ut
541 1766 586 1793 alii
599 1773 707 1800 quoque
723 1765 847 1793 nonnulli
862 1765 945 1792 nostri

164 1814 277 1846 similes,
301 1818 348 1841 aut
372 1813 540 1848 impurorum
564 1811 718 1839 daemonum
739 1811 871 1838 cultores.
900 1810 945 1838 Sic

163 1867 280 1895 namque
297 1867 391 1890 rursus
403 1859 471 1886 dixit
483 1868 492 1885 .-

200 1906 331 1943 [Νη-[οη.
353 1906 407 1933 Sed
419 1906 489 1933 sicut
505 1904 620 1932 dicimus
635 1904 717 1932 Deum
737 1903 808 1930 illum
825 1903 945 1930 omnium

133 1948 136 1950 ’
163 1954 350 1984 Conditorem,
369 1956 397 1980 et
413 1951 493 1978 deum
508 1951 594 1985 ipsum
606 1949 697 1978 Mosen
711 1958 718 1976 :
733 1958 743 1975 ‹
759 1949 842 1976 Deum
861 1948 945 1978 enim,

163 2000 261 2034 inquit,
278 1998 353 2033 posui
373 2003 399 2025 te
414 1997 547 2024 Pharaoni
560 1997 603 2029 ¹¹;
620 2006 629 2023 ι
654 2001 682 2023 et
699 1996 785 2031 ipsum
808 1994 890 2022 Israel
913 1993 946 2020 li-

163 2047 228 2073 lium
258 2045 306 2072 Dei
325 2054 333 2071 :
350 2053 361 2070 ι
376 2043 481 2076 Filius,
511 2042 618 2078 inquit,
644 2041 839 2077 primogenilus
870 2048 946 2068 meus

162 2090 275 2118 Israel"
287 2098 294 2122 ;
308 2099 317 2115 ι
335 2095 364 2117 ut
375 2089 456 2117 etiam
469 2087 536 2116 Saul
550 2089 637 2124 ipsum
652 2087 767 2116 dicimus
786 2087 919 2115 christum
935 2094 944 2114 :

164 2146 174 2162 ι
191 2136 311 2168 Minime,
324 2135 421 2170 inquit,
434 2135 578 2162 extendant
595 2141 704 2161 manum
720 2141 806 2161 meam
821 2133 848 2160 in
870 2139 944 2165 eum,

161 2184 225 2218 quia
247 2182 366 2210 christus
380 2181 484 2209 Domini
499 2186 542 2209 est
551 2180 593 2214 “;
611 2189 620 2206 ι
637 2185 666 2208 et
680 2180 779 2215 Cyrum
796 2179 942 2207 similiter:

998 1588 1039 1618 εἰς
1054 1586 1102 1613 δύο
1115 1586 1162 1613 τὸν
1175 1587 1224 1613 ἕνα
1245 1586 1348 1622 Κύριον
1367 1585 1472 1620 Ἰησοῦν
1488 1585 1615 1621 Χριστὸν,
1628 1585 1668 1616 ὠς
1681 1585 1787 1612 ἀνυπο-

999 1633 1099 1665 στόλως
1113 1634 1216 1665 εἰπεῖν,
1237 1633 1306 1669 μήτε
1326 1632 1393 1659 Θεὸν
1408 1631 1527 1667 άληθῶς,
1557 1632 1626 1667 μήτε
1646 1631 1700 1666 μὴν
1718 1631 1784 1657 Ti?”

997 1677 1067 1707 εἶναι
1091 1680 1162 1706 κατὰ
1183 1679 1263 1713 φύσιν
1288 1679 1334 1705 τὸν
1360 1678 1551 1714 Ἐμμανουήλο
1571 1677 1730 1713 ὠνομάσθαι
1756 1678 1788 1704 δὲ

996 1726 1068 1753 οὕτω
1084 1726 1201 1761 Χριστὸν
1217 1726 1265 1752 καὶ
1280 1725 1367 1760 ἆγιον,
1379 1725 1505 1760 καθάπερ
1521 1724 1617 1760 ἀμέλει
1632 1724 1679 1751 καὶ
1695 1724 1787 1759 ἕτεροι

996 1781 1068 1804 τινες
1089 1772 1144 1799 τῶν
1166 1771 1227 1799 καθ’
1253 1772 1344 1808 ἡμᾶς,
1374 1772 1458 1807 ἡγουν
1485 1771 1539 1798 τῶν
1562 1771 1788 1806 λελατρευκότων

997 1820 1053 1850 τοῖς
1064 1817 1230 1853 ἀκαθάρτοις
1243 1818 1384 1853 δαίμοσιν·
1403 1817 1454 1852 ἔφη
1468 1817 1521 1853 γὰρ
1536 1816 1607 1843 οὕτω
1625 1816 1718 1843 πάλινο

1032 1906 1119 1942 [Ἀλλ’
1141 1906 1234 1941 ὥσπερ
1247 1905 1360 1941 λέγομεν
1375 1905 1442 1932 Θεὸν
1457 1905 1502 1931 τὸν
1525 1905 1635 1932 πάντων
1649 1906 1784 1940 Δημιουρ·

996 1951 1054 1985 γὺν,
1070 1950 1118 1976 καὶ
1126 1950 1186 1976 θεὸν
1194 1950 1239 1976 τὸν
1250 1950 1352 1977 Μωσέα
1363 1958 1370 1965 ·
1390 1960 1399 1975 ι
1415 1950 1481 1977 Θεὸν
1489 1949 1554 1985 γὰρ,
1570 1950 1637 1986 φησὶ
1646 1969 1653 1980 ,
1672 1949 1787 1977 τέθεικά

997 2005 1026 2023 σε
1046 1996 1093 2022 τοῦ
1110 1996 1220 2032 Φαραώ·
1247 2005 1256 2021 ι
1281 1995 1327 2022 καὶ
1351 1995 1408 2022 υἱὸν
1429 1995 1476 2022 τὸν
1497 1995 1606 2031 Ἰσραὴλ
1630 1994 1678 2022 τοῦ
1704 1995 1785 2022 Θεοῦσ

998 2052 1008 2069 ι
1027 2043 1089 2074 Υἱὸς
1112 2041 1177 2077 γὰρ,
1195 2041 1276 2077 φησι,
1297 2040 1469 2076 πρωτότοκός
1487 2048 1537 2075 μου
1563 2040 1687 2076 Ἰσραήλ-
1711 2050 1720 2065 ι
1736 2040 1787 2066 καὶ

995 2089 1090 2124 ὥσπερ
1115 2087 1230 2123 λέγομεν
1260 2087 1369 2123 χριστὸν
1391 2086 1437 2113 τὸν
1459 2085 1562 2113 Σαούλ·
1581 2095 1590 2111 ι
1605 2086 1641 2112 Οὐ
1661 2085 1700 2120 μὴ
1717 2085 1786 2120 γὰρ,

996 2136 1087 2171 φησὶν,
1102 2134 1224 2161 ἐπιϐαλῶ
1236 2134 1285 2168 τὴν
1300 2133 1379 2169 χεῖρά
1393 2141 1444 2168 μου
1456 2132 1500 2159 ἐπ’
1514 2132 1654 2163 αὺτὸν,ὃτι
1671 2133 1787 2167 χριστὸς

996 2181 1098 2215 Κυρίου
1122 2180 1195 2207 ἐστίν
1215 2189 1224 2206 ι
1243 2180 1291 2207 καὶ
1317 2179 1407 2215 Κῦρον
1428 2178 1570 2209 ὡσαύτως·
1590 2187 1599 2203 ι
1615 2178 1686 2204 Τάδε
1708 2177 1786 2212 λέγει

165 2216 253 2257 illam
277 2229 342 2256 dicit
368 2228 497 2255 Dominus
524 2227 626 2255 christo
651 2234 713 2253 meo
737 2226 808 2261 Cyro
827 2226 868 2259 ";
884 2235 893 2252 ι
917 2230 943 2252 et

1019 2228 1099 2264 κύριος
1109 2227 1148 2263 τῷ
1162 2226 1265 2263 χριστῷ
1280 2235 1330 2262 μου
1344 2225 1427 2261 Κύρῳ
1437 2232 1444 2240 ·
1456 2234 1466 2251 ›
1487 2224 1534 2251 καὶ
1550 2224 1596 2250 τὸν
1612 2223 1788 2250 Βαϐυλώνιον

162 2276 249 2310 ipsum
267 2274 441 2309 Babylonium
456 2278 579 2300 sanctum
596 2282 603 2300 :
617 2282 629 2298 ι
646 2272 714 2306 Ego,
732 2272 829 2306 inquit,
847 2272 943 2306 νειωεί-

162 2321 205 2355 pio
229 2320 302 2348 eis”
315 2328 323 2348 :
336 2330 350 2346 -ι
370 2320 410 2347 sic
428 2319 545 2347 dicimus
565 2319 653 2353 ipsum
674 2325 783 2352 quoque
800 2318 964 2345 Dominnm'

161 2367 309 2398 Christum,
326 2371 354 2393 et
378 2365 472 2396 Deum,
500 2369 528 2391 et
551 2363 662 2396 Filium,
689 2367 716 2390 et
732 2367 866 2391 sanctum.
890 2362 943 2390 Sed

160 2412 283 2445 quamvis
305 2411 398 2438 eadem
424 2411 460 2437 sit
478 2409 633 2436 communio
656 2407 806 2440 nominum,
831 2415 886 2435 non
905 2413 944 2435 ta-

161 2465 222 2485 men
239 2461 280 2484 est
293 2457 386 2484 eadem
401 2455 542 2492 dignitas]

480 2513 557 2541 CAP.
577 2513 622 2540 ιν.

193 2572 261 2605 Quid
276 2572 362 2599 dicis?
375 2572 482 2607 qualem
505 2578 658 2599 sermonem
677 2577 785 2600 eruetas
805 2575 839 2601 de
863 2573 946 2602 corde

195 2650 216 2688 ξ’
229 2650 249 2677 ll
261 2649 324 2679 Cor.
340 2649 447 2688 νιιιηῼκ
495 2649 515 2664 ¹¹
528 2649 623 2688 Matth.
640 2658 708 2685 xvn,
723 2651 759 2679 $5
775 2660 853 2688 seqq.

160 2683 244 2712 "lsa.
259 2693 321 2718 xcv,
341 2685 368 2712 1.
406 2684 428 2700 ί·
440 2684 491 2712 lsa.
509 2686 609 2718 xm,5.

905 2653 926 2669 "
945 2652 1031 2681 Exod.
1050 2660 1101 2685 vn,
1123 2651 1150 2678 1.

996 2276 1090 2310 ἅγιον·
1109 2284 1119 2300 ι
1138 2273 1209 2308 Ἐγὼ
1227 2273 1292 2309 γὰρ,
1309 2272 1386 2307 φησὶ,
1406 2271 1546 2298 συντάσσω
1568 2271 1658 2301 αὐτοῖς
1673 2269 1750 2303 (11)·
1775 2279 1785 2294 ι

995 2320 1066 2347 οὕτω
1082 2319 1198 2354 λέγομεν
1220 2317 1324 2354 xui-16v
1337 2316 1475 2351 Δεσπότην
1490 2315 1620 2350 Χριστὸν,
1646 2314 1694 2340 καὶ
1719 2313 1789 2340 Θεὸν

998 2367 1045 2394 καὶ
1061 2366 1123 2393 Υίὸν
1140 2365 1187 2391 καὶ
1207 2364 1297 2398 ἃγιον.
1316 2363 1384 2390 Ἀλλ’
1401 2363 1417 2397 ἡ
1442 2362 1490 2396 μὲν
1513 2360 1641 2387 κοινωνία
1656 2357 1713 2386 τῶν
1726 2360 1787 2386 ὀνο⁴

997 2413 1090 2448 μάτων
1104 2411 1195 2446 ὁμοία,
1211 2411 1260 2445 οὐχ
1275 2411 1291 2445 ἡ
1305 2410 1373 2445 αὑτὴ
1387 2409 1409 2435 δ’
1426 2406 1507 2442 ἀξία]

1295 2515 1420 2542 ΚΕΦΑΛ.
1446 2515 1483 2541 Δ’.

1030 2574 1064 2602 Τί
1080 2574 1149 2610 φής;
1166 2573 1242 2600 ποῖον
1253 2570 1354 2607 ὲρεύγῃ
1368 2569 1447 2604 λόγον
1459 2567 1514 2595 ἀπὸ
1529 2566 1642 2602 καρδίας
1655 2568 1707 2604 τῆς
1724 2569 1784 2605 σῆς,

1203 2651 1227 2667 ¹³
1237 2649 1323 2678 Exod.
1340 2657 1377 2683 tv,
1392 2648 1439 2676 22.
1499 2648 1521 2664 “
1541 2647 1550 2674 l
1571 2647 1639 2682 heg.
1657 2655 1736 2680 xxiv,
1757 2647 1783 2673 'l.

787 2751 867 2781 ANT.
887 2752 1025 2781 AGELLI]
1045 2751 1163 2780 NOTAE.

197 2830 250 2866 (11)
263 2831 377 2870 Omnino
392 2829 531 2866 legendum
546 2833 599 2862 est,
613 2829 712 2870 εὶγίοις,
725 2830 848 2870 quamvis
858 2830 938 2870 codd.

993 2831 1076 2857 etiam
1094 2829 1196 2857 habent
1211 2828 1316 2856 Hebraei
1333 2829 1412 2858 codd.
1430 2829 1506 2858 Isaia:
1530 2836 1591 2863 xtu,
1611 2834 1639 2857 et
1661 2828 1785 2857 nonnulli

159 2864 318 2902 repugnen,
343 2867 384 2897 sic
406 2864 521 2900 namque
545 2865 688 2900 requirunt
709 2866 873 2900 sequentia:
899 2866 939 2894 sic

1019 2865 1092 2898 mei,
1107 2864 1269 2900 ἡγιασμένοι
1281 2865 1345 2892 είσί.
