1883 3054
93 162 121 191 Ἠ
643 158 828 186 ADVERSUS
846 157 1046 186 NESTORIUM
1067 157 1130 186 LIB.
1145 157 1177 186 ll.
1669 161 1704 188 78

93 218 133 245 xxi.
145 217 190 243 οὐκ
202 215 254 242 ἀπὸ
267 215 399 250 στόματος
408 216 522 252 Κυρίου,
533 216 603 242 κατὰ
618 216 646 243 τ’)
664 217 866 251 γεγραμμένον;

932 224 977 249 uo,
993 224 1045 244 non
1059 217 1092 244 ab
1107 223 1154 243 ore
1168 215 1284 248 Domini,
1298 220 1327 244 ut
1346 216 1475 251 scriptum
1487 220 1529 244 est
1542 217 1563 232 ¹⁷
1576 217 1587 244 ί
1598 226 1607 243 ι
1622 217 1706 245 Nemo

95 275 103 289 ι
114 263 197 293 οὐδεὶς
207 262 280 296 λέγει
294 262 377 289 ἀνάθε
383 263 542 298 μαΊησοῦν,
553 264 577 290 εί
590 263 628 298 μὴ
639 264 667 289 ὲν
677 263 850 295 Βεελζεόούλ.
858 272 867 288 ι

99 309 136 340 Ὡς
154 308 184 335 ἂν
205 309 290 334 νοοῖτο
305 307 402 344 τυχδν,
419 309 436 344 ἢ
453 308 558 343 λέγοιτο
581 309 649 344 πρὸς
672 309 750 344 ἡμῶν
773 309 840 340 Θεὸς
856 310 870 335 6

95 356 193 390 Μωσῆς,
210 356 281 382 οὕτω
295 357 344 382 καὶ
357 357 374 382 6
387 357 521 391 Χριστός
536 356 597 383 καθ’
613 357 761 392 ὁμοιότητα
777 357 806 383 δὲ
822 356 870 393 τὴν

95 402 152 437 πρὸς
162 409 191 435 γε
203 401 247 427 τὸν
262 401 375 437 Ἰσραὴλ
385 402 429 437 εἰη
445 402 479 428 ἂν
492 402 539 429 καὶ
548 402 605 433 υἱός
616 410 623 434 ;
637 402 697 428 είπέ
709 410 765 436 μοι·
775 403 807 428 Ὢ
821 403 871 436 τῆς

93 448 251 479 δυσσεϐείας·
273 447 296 474 ὣ
307 447 400 482 λόγων
415 449 602 484 ὴφειδηκότων
619 449 668 484 τῆς
685 448 732 475 τοῦ
744 448 870 484 Σωτῆρος

94 492 160 529 ἡμῶν
176 492 391 528 κατεπαίρεσθαι
413 493 506 527 δόξης”
523 493 546 519 ὣ
559 493 710 528 δυσμαθίας
729 494 848 529 ἀκράτου
861 512 870 526 ,

94 539 133 564 καὶ
151 538 234 565 πάντα
251 537 374 573 νικώσης
392 538 486 571 ὃκνον,
501 539 549 566 τὸν
562 539 609 565 ἐπὶ
629 539 660 565 τὸ
681 539 780 574 χρῆναί
800 547 870 574 φημι

92 584 139 610 τῶν
159 583 207 617 τῆς
235 583 406 619 Ἐκκλησίας
429 584 571 619 δογμάτων
593 584 709 615 ἀνοσίως
732 585 871 620 καταθρα-

94 627 223 655 σὶνεσθαιί
236 627 372 655 Tenetur
387 629 435 655 καὶ
451 628 499 655 νῦν
511 629 526 655 6
541 628 676 664 μακάριος
691 628 774 655 Δαὸίδ
784 637 791 644 ·
810 638 820 655 ι
840 630 871 656 οι

93 673 172 709 ἐχθροὶ
188 673 291 709 Κυρίου
306 673 459 708 ἐψεύσαντο
482 674 565 710 αὐτῷ.
584 684 593 700 ι
610 675 710 711 Μωσῆς
727 675 776 710 μὲν
790 675 844 711 γὰρ
857 676 872 702 6

93 719 231 750 θεσπέσιος.
245 718 395 754 ἄνθρωπος
418 717 453 755 ἦν
467 721 528 747 καθ’
548 721 621 756 ἡμᾶς
639 721 688 756 τὴν
710 721 806 756 φύσιν,
822 721 871 748 καὶ

92 765 173 798 ἕτερον
202 763 290 791 οὐδέν.
327 764 437 800 Ἐπειδὴ
456 765 485 792 δὲ
502 765 569 792 Θεοῦ
585 765 726 800 λέγοντος·
746 775 755 792 ι
774 766 869 801 Δεῦρο,

92 809 229 837 ἀποστείλω
250 818 280 836 σε
305 811 376 846 πρὸς
395 811 495 846 Φαραὼ
511 811 625 847 βασιλέα
648 811 802 847 Αἰγύπτου,
823 814 870 840 καὶ

91 857 185 889 ἐξάξεις
211 857 277 889 τοὺς
305 858 384 889 υἱοὺς
418 857 524 893 Ἰσραὴλ
552 858 584 884 ἐκ
610 858 663 894 γῆς
688 858 837 893 Αἰγύπτου·
857 868 866 884 ι

921 263 984 290 dicit
1007 263 1149 290 anathema
1169 262 1270 295 Iesum,
1294 263 1346 290 nisi
1369 263 1395 290 in
1415 263 1566 291 Beelzebub
1584 264 1616 290 ¹⁸.
1639 274 1648 290 ι
1670 262 1706 292 Ut

921 308 1089 343 intelligitur,
1113 308 1186 336 verbi
1203 309 1288 344 gratia
1300 331 1307 342 ,
1323 313 1369 336 aut
1387 309 1488 336 dicitur
1505 317 1519 336 a
1543 310 1622 337 ttobis
1641 311 1706 337 deus

921 354 978 388 ipse
994 353 1092 386 Moses,
1105 353 1144 382 sic
1157 354 1237 381 etiam
1248 354 1393 382 Christus?
1405 354 1457 391 ιι
1468 355 1552 387 itane,
1574 356 1617 383 dic
1628 356 1706 388 mihi,

921 399 955 426 ad
967 399 1171 426 similitudinem
1179 399 1286 427 lsraelis
1297 403 1338 426 est
1350 399 1431 426 etiatn
1445 399 1532 427 Illius?
1541 398 1564 428 0
1572 407 1705 428 summam

922 445 1098 480 impietatem,
1113 453 1131 472 ο
1147 445 1229 473 verba
1243 452 1302 480 qua:
1319 453 1370 472 nec
1386 445 1473 481 ipsius
1490 445 1639 474 Salvatoris
1656 455 1706 474 no—

921 491 970 517 stri
988 490 1099 525 gloriam
1113 491 1266 526 deprimere
1280 497 1425 525 verentur;
1447 500 1463 520 o
1478 492 1636 520 eifrenatam
1656 493 1707 520 im-

921 536 1045 570 peritiam
1063 541 1090 564 et
1105 540 1216 569 tantam,
1235 541 1263 564 ut
1278 537 1560 566 minitne‘reformidct
1578 539 1709 566 adversus

921 581 1050 609 Ecclesia:
1074 581 1200 617 dogmata
1227 581 1310 616 itnpie
1340 587 1366 610 et
1398 583 1528 610 audacter
1555 583 1706 620 insurgere.

921 626 1022 654 Psallat
1039 635 1111 655 nunc
1128 635 1236 663 quoque
1253 629 1350 657 beatus
1377 628 1459 656 David
1478 638 1484 656 ι
1504 638 1513 655 ι
1529 629 1633 657 Inimici
1653 631 1708 658 Do-

922 673 988 699 mini
1003 673 1108 700 mentiti
1129 679 1192 701 sunt
1207 674 1231 701 ei
1244 674 1276 701 “.
1292 683 1302 700 ι
1325 674 1392 701 Nam
1410 674 1504 702 beatus
1524 674 1611 703 Moses
1628 675 1709 703 homo

921 724 989 751 erat,
1009 727 1042 747 ex
1065 725 1159 747 natura
1174 721 1271 748 similis
1295 721 1383 753 nobis,
1400 722 1468 748 nihil
1481 727 1627 756 praeterea.
1640 722 1710 756 Quia

922 771 985 792 vero
997 765 1103 793 dicente
1120 765 1174 793 Deo
1188 775 1195 792 :
1213 776 1223 792 ι
1237 765 1317 799 Veni,
1331 767 1442 798 mittam
1453 773 1478 794 te
1491 767 1524 794 ad
1540 766 1708 795 Pharaonem

923 818 1011 846 regem
1026 810 1146 847 Egypti,
1161 816 1188 840 et
1200 811 1298 840 educes
1314 812 1383 840 ﬁlios
1395 812 1477 840 Israel
1494 813 1527 840 de
1543 817 1613 840 terra
1626 813 1710 849 [Egy-

922 858 958 891 pti
974 857 1016 882 '°:
1034 866 1043 883 ›
1061 865 1109 892 pro
1124 858 1266 885 recusandi
1281 859 1425 886 occasione
1439 858 1618 893 exiguitatem
1635 860 1711 886 vocis

92 903 269 939 παραιτήσεως
299 903 432 939 ἀφορμὰς
458 892 577 931 ἐποιεῖτο
604 892 654 940 τὴν
689 892 845 940 ίχνομυθίαν
860 924 868 937 ,

932 903 1052 936 ibtettdit,
1071 908 1198 931 causatus
1212 904 1282 938 quod
1303 905 1414 932 minime
1435 911 1509 932 esset
1531 905 1660 939 eloquens
1676 905 1711 932 ab

91 949 132 975 καὶ
145 948 173 974 τὺ
189 947 225 983 μὴ
240 947 359 980 εῠλαλος
372 945 443 975 εἶναι
454 969 461 980 ,
477 948 529 984 πρὸ
543 949 592 984 τῆς
604 948 679 984 χθὲς,
695 949 742 975 καὶ
753 949 808 984 πρὸ
819 951 870 985 τῆς

91 993 191 1029 τιίτης,
212 993 320 1028 ἤκουσε
345 994 414 1021 Θεοῦ
436 994 574 1029 λέγοντος·
593 1004 602 1020 ι
625 995 691 1022 Ἰδοὺ
715 995 819 1023 δέδωκά
839 1004 870 1022 σε

92 1039 143 1065 θεὸν
158 1039 269 1074 Φαραώ·
288 1040 340 1066 καὶ
361 1039 466 1076 Ἀαρὼν
484 1041 499 1067 ὁ
519 1040 633 1075 ἀδελφός
659 1048 706 1067 σου
730 1040 807 1068 ἐσται
828 1050 869 1068 σοι

91 1085 229 1120 ὑποφήτης.
245 1094 254 1110 ι
279 1085 417 1120 Ἀδρανὴς
436 1085 487 1121 μὲν
507 1087 561 1121 γὰρ
583 1086 597 1112 6
613 1086 694 1121 νόμος
708 1087 749 1118 εἰς
762 1086 793 1113 τὸ
816 1087 870 1114 ἀπ-

90 1132 217 1158 αλλάττειν
231 1131 368 1158 δύνασθαί
388 1140 452 1160 τινα
472 1133 523 1168 τῆς
544 1132 596 1159 ὑπὸ
615 1132 655 1169 τῷ
674 1133 789 1169 διαϐόλῳ
810 1133 871 1159 δου-

91 1176 163 1209 λείας.
189 1177 392 1210 Μεσιτεύοντος
422 1177 452 1204 δὲ
474 1177 520 1205 τοῦ
553 1176 685 1214 Χριστοῦ,
715 1179 763 1205 καὶ
790 1178 872 1206 τοῦτο

91 1222 268 1259 κατώρθωται.
285 1223 425 1259 Καθάπερ
446 1223 541 1259 ἀμέλει
558 1225 683 1255 συνόντος
695 1225 726 1251 τὸ
742 1224 870 1255 τηνικάδε

91 1268 131 1296 τοῦ
147 1268 249 1304 Ἀαρὼν
265 1268 312 1304 τῷ
329 1269 466 1305 Θεσπεσίῳ
480 1271 565 1306 Μωσῇ
577 1291 585 1303 ,
616 1270 667 1305 τῆς
689 1271 718 1298 ὲν
740 1270 872 1306 Αἰγύπτῳ

92 1315 200 1346 δουλείας
220 1316 234 1341 6
265 1316 381 1351 Ἰσραὴλ
402 1316 604 1351 ἀπηλλάττετο⁸
628 1316 722 1352 ἐπειδὴ
748 1316 776 1343 δὲ
800 1315 871 1343 κατὰ

92 1360 192 1396 καιροὺς
214 1360 331 1395 ἔμελλεν
345 1363 360 1387 6
373 1361 491 1397 Χριστὸς
510 1361 635 1395 γενέσθαι
652 1362 699 1388 καὶ
715 1361 767 1387 ὑπὸ
778 1361 871 1396 νόμον,

93 1406 124 1438 ὡς
141 1406 198 1433 καθ’
218 1407 293 1442 ἡμᾶς
318 1415 351 1433 τε
375 1407 422 1434 καὶ
445 1407 587 1443 ἄνθρωπος
600 1428 607 1438 ,
623 1407 742 1434 τέθειται
767 1415 826 1438 πως
842 1408 872 1433 ὲν

92 1452 216 1488 δευτέροις
238 1452 288 1479 τοῦ
309 1453 435 1485 Μωσέως
464 1455 478 1480 6
504 1453 626 1489 Ἀαρών·
645 1453 694 1480 καὶ
714 1454 729 1480 6
754 1453 805 1487 μὲν
824 1452 872 1480 τοῦ

94 1498 231 1534 μυστηρίου
246 1498 340 1532 λόγος,
352 1499 455 1525 οὑτοσί.
476 1498 549 1535 Πλὴν
563 1500 587 1525 εἰ
606 1498 693 1526 ἓλοιτό
707 1507 750 1530 τις
761 1498 873 1525 κάκεῖνο

921 948 979 975 lteri
996 954 1022 975 et
1036 949 1133 976 nudius
1146 950 1252 982 tertius,
1265 950 1324 977 ideo
1337 949 1420 978 Deum
1435 951 1567 978 dicentem
1581 951 1685 978 audivit
1700 960 1709 978 :

924 1002 932 1018 ι
947 993 1015 1021 Ecce
1036 995 1096 1022 dedi
1122 1000 1147 1022 te
1169 995 1248 1023 deum
1272 996 1430 1030 Pharaonis,
1455 1001 1483 1024 et
1509 996 1600 1024 Aaron
1626 997 1711 1024 frater

922 1045 983 1067 tuus
996 1040 1048 1067 erit
1066 1040 1114 1067 tibi
1128 1041 1264 1076 interpres
1277 1041 1310 1068 ".
1327 1051 1337 1068 ι
1357 1041 1467 1069 lnlirma
1483 1049 1601 1077 namque
1616 1046 1658 1070 est
1668 1043 1710 1070 lex

921 1086 955 1112 ad
976 1086 1130 1121 quempiam
1147 1093 1162 1114 a
1186 1086 1285 1115 diaboli
1304 1089 1437 1116 servitute
1452 1088 1632 1116 liberandum.
1655 1088 1710 1116 Sed

922 1131 948 1158 id
966 1139 1073 1167 quoque
1090 1132 1239 1161 mediatore
1252 1133 1363 1161 Christo
1383 1133 1531 1169 perfectum
1547 1138 1600 1167 est,
1613 1142 1710 1169 quem-

921 1176 1066 1203 admodum
1081 1177 1184 1204 scilicet
1195 1185 1228 1204 eo
1240 1182 1360 1212 tempore
1372 1178 1398 1205 itt
1411 1177 1531 1213 Egypto
1546 1186 1607 1206 cum
1634 1181 1712 1206 beato

923 1221 989 1249 Mosi
1006 1221 1062 1257 ipse
1075 1222 1165 1250 Aaron
1184 1222 1280 1250 fuisset
1297 1223 1450 1258 adjunctus,
1469 1224 1549 1252 Israel
1565 1230 1607 1252 est
1622 1233 1636 1252 a
1653 1233 1711 1252 ser-

922 1267 1008 1295 vitute
1024 1268 1164 1297 liberatus.
1179 1269 1231 1296 Sed
1247 1269 1309 1304 quia
1324 1277 1452 1297 successu
1466 1274 1618 1304 temporum
1636 1270 1711 1298 futu-

923 1321 982 1340 rum
997 1319 1055 1341 erat
1072 1319 1101 1341 ut
1116 1315 1241 1343 Christus
1261 1317 1344 1343 etiam
1362 1316 1412 1344 sub
1433 1316 1493 1353 lege
1513 1317 1601 1348 ﬁeret,
1618 1321 1712 1351 utpote

923 1360 1008 1387 nostri
1026 1361 1125 1388 similis
1147 1366 1175 1388 et
1191 1363 1282 1395 homo,
1311 1363 1372 1390 ideo
1393 1368 1456 1398 post
1480 1363 1571 1391 Mosen
1593 1364 1712 1391 secumlo

923 1404 982 1433 loco
997 1407 1101 1441 positus
1113 1412 1155 1435 est
1166 1408 1268 1436 Aaron.
1282 1408 1369 1443 Atque
1385 1408 1442 1436 haec
1459 1413 1501 1436 est
1518 1409 1625 1444 quidem
1644 1411 1712 1437 ratio

924 1452 1056 1487 mysterii.
1077 1452 1130 1480 Sed
1151 1459 1240 1481 tanten
1256 1454 1278 1482 si
1299 1455 1359 1489 quis
1374 1455 1441 1482 velit
1462 1455 1527 1482 illud
1547 1463 1656 1492 quoque
1671 1457 1712 1484 di-

923 1503 995 1530 cere,
1014 1496 1106 1525 Mosen
1123 1497 1196 1525 illum
1212 1506 1336 1534 magnum
1352 1501 1437 1527 virum
1461 1501 1511 1528 hac
1532 1503 1574 1529 dei
1593 1502 1711 1538 appella-

93 1545 177 1578 εἰπεῖν,
189 1544 228 1576 ὡς
241 1546 276 1580 τῇ
291 1545 343 1571 τοῦ
359 1545 427 1571 Θεοῦ
447 1545 540 1580 κλήσει
561 1545 609 1572 καὶ
626 1546 640 1572 ὁ
666 1545 753 1580 μέγας
768 1545 871 1576 ἐκεῖνος

932 1542 998 1570 .ione
1013 1543 1095 1570 fuisse
1113 1544 1373 1580 honoratum,juxta
1389 1553 1533 1574 commune
1548 1548 1624 1580 illud,
1640 1554 1666 1575 et
1678 1556 1711 1576 ex

93 1591 223 1627 τετίμηται
235 1591 344 1626 Μωσῆς
354 1612 362 1624 ,
382 1591 454 1618 κατὰ
471 1592 501 1618 τὸ
518 1591 606 1618 κοινὸν
621 1591 652 1627 δὴ
666 1591 754 1622 τοῦτο.
771 1591 820 1617 καὶ
834 1590 872 1622 ὡς

94 1637 117 1662 ὲν
130 1637 214 1672 χάριτι
228 1638 275 1664 καὶ
293 1637 439 1672 φιλοτιμίᾳ
453 1638 486 1673 τῇ
497 1637 574 1673 παρὰ
586 1637 654 1664 Θεοῦ
668 1637 698 1664 τὸ
712 1637 779 1673 πρὸς
797 1637 872 1672 ἡμᾶς

93 1683 234 1718 είρημένον·
251 1693 261 1709 ι
272 1683 348 1718 Ἐγὼ
363 1681 442 1709 εἶπα·
455 1684 517 1710 Θεοί
531 1684 603 1715 ὲστε,
614 1684 661 1710 καὶ
675 1683 728 1710 υἱοὶ
744 1683 872 1717 Ὑψίστου

92 1730 191 1761 πάντες·
210 1739 220 1755 ι
234 1728 290 1766 ἆρα
305 1730 355 1756 καὶ
368 1729 440 1757 οὕτω
451 1730 516 1761 Θεὸς
529 1731 543 1756 6
553 1730 688 1765 Χριστός;
705 1730 803 1757 Καίτοι
815 1730 872 1761 πῶς

92 1774 119 1800 οὐ
135 1774 213 1809 μανία
229 1775 311 1801 τοῦτό
325 1783 371 1809 γε,
389 1777 436 1802 καὶ
447 1776 544 1810 φρενὸς
561 1775 684 1810 ἀμαθοῦς
705 1775 873 1810 ἁπόόρασμα

94 1820 176 1853 κενόν;
197 1821 227 1846 ‘0
243 1821 294 1855 μὲν
309 1821 378 1856 γὰρ,
395 1820 434 1852 ὡς
453 1820 530 1855 ἔφην,
555 1820 619 1856 ψιλῇ
646 1820 692 1847 καὶΙ
717 1820 786 1856 μόνῃ
801 1820 874 1846 τετί-

95 1874 167 1900 μηται
191 1866 300 1902 κλήσει,
314 1867 367 1901 τὴν
385 1866 465 1901 φύσιν
487 1866 628 1902 ἄνθρωπος
643 1866 697 1893 ὥν·
723 1867 737 1893 6
761 1867 789 1893 δὲ
814 1867 875 1893 ἐστὶ

93 1910 150 1941 θεὸς
169 1911 295 1946 ἀληθῶς·
315 1911 384 1942 Θεὸς
399 1911 453 1947 γὰρ
467 1909 500 1947 ἦν
524 1913 538 1938 6
560 1913 644 1947 Λόγος
669 1913 699 1939 ὲν
715 1912 874 1948 ἀνθρωπεία

95 1959 175 1993 μορφῇ
188 1977 194 1989 ,
217 1958 267 1992 τῆς
294 1958 366 1989 ἰδίας
383 1958 489 1992 etiam;
511 1959 559 1992 τὴν
576 1959 646 1986 κατὰ
663 1959 773 1985 πάντων
788 1959 874 1994 ὑπερ-

93 2003 149 2037 οχὴν
167 2004 354 2039 ἁδιαλώῦητον
371 2004 439 2040 ἔχων
449 2013 456 2019 ·
471 2005 500 2031 οὐ
516 2005 571 2040 γὰρ
586 2005 619 2032 ἂν
635 2006 663 2031 ὲν
680 2006 873 2041 παρατροπαῖς

93 2050 145 2080 ταῖς
160 2050 203 2075 ἐπὶ
218 2050 249 2076 τὸ
265 2052 361 2085 χεῖρον
374 2051 390 2085 ἡ
404 2050 463 2076 Θεία
485 2051 590 2085 γένοιτο
604 2051 684 2085 φύσις
697 2071 704 2083 ,
721 2051 766 2078 διά
779 2059 811 2084 γε
825 2050 872 2077 τοῦ

94 2095 241 2122 καθικέσθαι
258 2096 331 2131 πρὸς
347 2096 487 2123 κοινωνίαν
503 2097 616 2131 αἵματος
633 2097 679 2123 καὶ
696 2097 795 2131 σαρκός
805 2105 812 2112 ·
828 2097 876 2123 καὶ

93 2141 149 2175 γοῦν
161 2142 196 2173 ὡς
211 2142 276 2174 Θεὸς
290 2142 502 2176 ἐπιγινώσκεται
517 2143 564 2170 καὶ
577 2143 719 2178 ἅνθρωπος
729 2142 855 2178 πεφηνὼς
867 2151 873 2157 ·

95 2187 135 2212 καὶ
148 2187 239 2214 τούτου
257 2187 349 2223 σαφὴς
368 2187 502 2220 ἀπόδειξις
521 2188 555 2214 τὰ
575 2189 604 2214 ὲν
623 2190 677 2219 τοῖς
700 2188 875 2222 Εὖαγγελίοις

923 1588 1011 1623 gratia
1028 1593 1109 1624 atque
1123 1590 1323 1624 magniﬁcentia
1336 1591 1382 1619 Dei
1393 1592 1418 1619 in
1434 1600 1484 1619 nos
1498 1592 1597 1620 dictum
1614 1603 1621 1621 :
1635 1602 1644 1620 ι
1657 1594 1712 1629 Ego

924 1634 994 1661 dixi:
1008 1635 1046 1662 Dii
1059 1635 1138 1668 estis,
1152 1641 1179 1662 et
1194 1635 1239 1663 [iiii
1251 1636 1356 1664 Excelsi
1370 1645 1464 1665 omnes
1475 1639 1514 1665 ":
1529 1648 1538 1664 ι
1553 1647 1616 1666 num
1631 1640 1712 1667 etiam

925 1680 976 1708 hoc
987 1681 1067 1708 modo
1078 1681 1203 1709 Christus
1217 1687 1258 1709 est
1276 1682 1366 1710 Deus?
1379 1682 1439 1711 Jam
1454 1691 1517 1711 vero
1532 1686 1667 1719 quomodo
1686 1686 1712 1713 id

926 1734 977 1754 non
993 1727 1028 1754 sit
1048 1727 1163 1759 insania,
1182 1733 1209 1755 et
1226 1728 1306 1756 inane
1328 1728 1417 1756 stultae
1438 1730 1536 1757 mentis
1550 1738 1712 1758 excremen-

925 1773 1001 1800 tum?
1021 1773 1066 1801 llle
1086 1774 1171 1805 enim,
1187 1779 1214 1801 ttt
1235 1774 1290 1809 jam
1307 1775 1373 1806 dixi,
1392 1776 1461 1802 unda
1479 1779 1506 1802 et
1530 1776 1646 1811 simplici
1672 1782 1714 1804 est

925 1818 1082 1846 honestatus
1096 1819 1285 1854 appellatione,
1295 1827 1356 1847 cum
1369 1820 1450 1848 homo
1461 1827 1495 1848 ex
1510 1825 1606 1848 natura
1621 1826 1711 1855 esset;

925 1864 972 1891 sed
989 1864 1034 1892 hic
1049 1870 1092 1892 est
1106 1873 1169 1893 vere
1183 1865 1254 1893 Deus
1271 1866 1351 1901 (nam
1370 1866 1441 1894 Deus
1458 1864 1668 1904 eratVerhum)
1686 1869 1712 1895 in

926 1911 1041 1938 humana
1056 1911 1142 1938 forma
1157 1913 1340 1946 prarstantiatn
1355 1920 1411 1940 suae
1429 1919 1531 1941 natura
1542 1921 1593 1949 qua
1608 1914 1714 1942 cunctis

925 1957 1044 1989 excellit,
1061 1957 1192 1992 integram
1207 1965 1320 1985 servans
1335 1968 1342 1986 :
1361 1966 1447 1993 neque
1465 1959 1537 1986 enim
1556 1965 1652 1986 natura
1669 1960 1709 1986 di-

926 2001 987 2028 vina
1005 2009 1038 2028 ex
1054 2009 1086 2028 eo
1101 2003 1172 2036 qttod
1186 2002 1327 2030 descendit
1338 2004 1371 2030 ad
1387 2005 1604 2031 communionem
1620 2005 1712 2033 carnis

926 2052 952 2074 et
976 2048 1123 2081 sanguinis,
1153 2048 1178 2075 in
1205 2049 1282 2083 pejus
1310 2056 1428 2084 unquam
1452 2051 1568 2084 perverti
1594 2056 1682 2086 potest
1705 2061 1711 2078 :

926 2094 1018 2127 itaque
1041 2094 1121 2121 etiatn
1145 2101 1206 2121 cum
1232 2095 1311 2121 homo
1327 2095 1461 2129 apparuit,
1481 2100 1510 2122 ut
1531 2095 1601 2123 Deus
1623 2101 1711 2124 tamen

927 2139 1093 2172 agnoscitur,
1104 2139 1215 2175 ejusque
1232 2141 1268 2168 rei
1284 2141 1424 2175 perspicua
1439 2147 1503 2169 sunt
1517 2148 1673 2177 argumenta
1687 2143 1713 2169 in

927 2185 1079 2221 Evangeliis
1089 2187 1122 2213 de
1133 2193 1165 2213 eo
1178 2186 1288 2221 scripta.
1306 2185 1379 2213 Dixit
1390 2187 1460 2214 enim
1473 2186 1567 2214 beatus
1576 2186 1692 2214 Joannes
1706 2195 1713 2215 :

95 2235 151 2268 περὶ
174 2234 254 2261 αὐτοῦ
282 2235 477 2269 γεγραμμένα.
511 2235 584 2269 Ἔφη
612 2235 665 2270 γὰρ
692 2235 706 2261 6
732 2235 871 2266 θεσπέσιος

932 2240 940 2256 ι
953 2230 1019 2259 Cum
1038 2239 1103 2259 vero
1120 2237 1193 2260 esset
1217 2232 1410 2268 Hierosolymis
1429 2233 1455 2259 in
1473 2233 1517 2261 die
1536 2232 1616 2265 festo,
1637 2233 1713 2260 multi

100 2280 230 2315 Ἰωάννης
253 2290 261 2306 ι
287 2281 335 2312 Ὡς
356 2281 384 2307 δὲ
405 2279 438 2316 ἦν
454 2282 482 2307 ἐν
496 2283 552 2312 τοῖς
582 2281 776 2317 Ἰεροσολύμοις
791 2281 820 2307 ὲν
840 2282 874 2315 τῇ

93 2327 176 2361 ἑορτῇ,
192 2327 286 2353 πολλοὶ
306 2326 471 2353 ἐπίστευσαν
493 2327 533 2358 εἰς
547 2327 576 2353 τὸ
590 2327 677 2362 ὄνομα
694 2326 787 2358 αὑτοῦ,
809 2326 876 2352 θεω-

95 2372 194 2405 ροῦντες
209 2372 294 2399 αὐτοῦ
311 2371 346 2399 τὰ
364 2373 464 2407 σημεῖα
479 2371 497 2399 ἃ
518 2372 614 2398 ἐποίει.
630 2372 715 2403 Αὐτὸς
734 2371 762 2398 δὲ
784 2372 798 2397 ό
824 2371 877 2406 Ἰη-

95 2417 160 2449 σοῦς,
183 2421 232 2445 οὒκ
257 2419 403 2446 ἐπίστευεν
422 2418 517 2445 ἑαυτὴν
542 2419 653 2450 αὐτοῖς,
678 2418 722 2445 διὰ
741 2418 771 2445 τὸ
796 2418 877 2444 αὐτὸν

94 2466 228 2498 γινώσκειν
249 2467 357 2493 πάντα¹
385 2467 432 2492 καὶ
449 2467 488 2492 ὅτι
507 2466 537 2492 ού
562 2465 654 2501 χρείαν
670 2463 751 2500 εἶχεν,
777 2466 820 2491 ἵνα
835 2474 877 2496 τις

97 2513 249 2548 μαρτυρήσῃ
266 2513 333 2548 περὶ
345 2513 393 2539 τοῦ
406 2513 549 2548 ἀνθρώπου
561 2521 567 2526 ·
582 2513 662 2544 αὐτὸς
676 2513 729 2547 γὰρ
744 2513 876 2547 ἐγίνωσκε

95 2557 117 2582 τί
128 2554 159 2591 ἧν
174 2559 201 2584 ὲν
215 2557 254 2592 τῷ
273 2557 422 2592 ἀνθρώπῳ.
439 2567 449 2583 ι
461 2557 555 2584 Καίτοι
568 2557 598 2583 τὸ
616 2557 733 2592 καθορᾷν
748 2555 876 2582 δύνασθαι

96 2603 197 2636 καρδίαν
220 2604 330 2640 ἀνδρὸς,
346 2603 445 2630 εἰδέναι
463 2612 491 2629 τε
516 2603 550 2629 τὰ
572 2603 759 2638 κεκρυμμένα.
779 2603 877 2637 πρέποι

97 2647 125 2674 ἂν
137 2649 184 2676 οὐκ
198 2649 334 2685 ἀνθρώπῳ
352 2650 434 2676 ποθὲν
451 2649 574 2675 τῶνκαθ’
591 2650 662 2683 ἡμᾶς
674 2648 713 2674 ἐνί
725 2656 731 2662 ·
749 2648 805 2674 ἀλλ’
822 2648 877 2675 οὐδ’

98 2694 125 2718 ἂν
151 2695 233 2729 ἑτέρῳ
252 2703 295 2730 τῳ
313 2695 366 2722 τῶν
399 2694 605 2729 πεποιημένων·
634 2694 707 2729 μόνῳ
731 2694 756 2719 δὲ
777 2694 878 2728 μᾶλλον

97 2740 192 2775 ἐκείνῳ,
208 2741 237 2772 ὃς
260 2741 309 2767 καὶ
330 2739 549 2773 πλάσαιλέγετὰι
565 2740 718 2770 καταμόνας
738 2739 785 2771 τὰς
808 2747 876 2772 καρ-

127 2837 254 2868 ".‘emut.
270 2846 348 2870 xxltt,
368 2838 412 2865 16.
452 2837 491 2862 ι³1
507 2836 569 2864 Cor.
587 2844 634 2865 xtl.
661 2837 687 2863 5.

101 2881 182 2905 mit,
199 2873 226 2901 6.
265 2873 378 2900 "Joan.
401 2881 432 2905 tt,
449 2872 544 2899 23-25.
579 2874 601 2887 ’⁸⁸
617 2871 687 2898 Psul.
709 2879 794 2905 amt,
814 2871 857 2898 15.

727 2836 748 2852 "
767 2836 834 2863 Psal.
853 2835 988 2868 Lxxx,16.
1029 2833 1052 2850 ’⁸
1068 2834 1151 2861 Exod.
1170 2842 1211 2867 ιιι,
1231 2834 1272 2861 l0.

927 2278 1102 2305 crediderunt
1125 2278 1151 2305 in
1176 2278 1285 2306 nomine
1308 2279 1377 2313 ejus,
1406 2279 1529 2307 videntes
1551 2280 1627 2314 signa
1652 2286 1713 2314 qme

928 2324 1044 2351 faciebat
1057 2333 1065 2357 ;
1080 2324 1136 2358 ipse
1148 2332 1210 2352 vero
1225 2323 1303 2351 Jesus
1317 2333 1368 2351 non
1380 2326 1507 2352 credebat
1517 2325 1635 2359 soipsum
1648 2326 1712 2358 illis,

928 2371 990 2404 quia
1009 2370 1065 2405 ipse
1080 2369 1183 2397 sciebat
1198 2371 1298 2401 omnia,
1315 2375 1342 2396 et
1363 2370 1425 2403 quia
1443 2377 1495 2398 non
1517 2377 1583 2404 opus
1599 2370 1715 2398 habebat

930 2422 958 2442 ut
973 2417 1034 2451 quis
1057 2417 1241 2443 testimonium
1265 2416 1420 2451 perhiberet
1440 2417 1474 2443 de
1496 2417 1605 2444 homine
1628 2426 1634 2444 :
1658 2418 1715 2452 ipse

930 2463 1002 2489 enim
1016 2462 1118 2489 sciebat
1141 2462 1204 2496 quid
1221 2466 1292 2489 esset
1307 2462 1333 2489 in
1349 2461 1457 2489 homine
1476 2462 1508 2489 ³³.
1528 2471 1538 2487 ι
1556 2462 1611 2498 na
1632 2463 1714 2498 Atqui

931 2509 1066 2543 inspicere
1086 2516 1165 2543 posse
1183 2516 1230 2534 cor
1250 2508 1378 2541 hominis,
1397 2513 1423 2535 et
1436 2509 1542 2536 occulta
1557 2510 1640 2543 scire,
1661 2518 1717 2539 non

931 2555 978 2582 ulli
998 2555 1100 2582 homini
1116 2554 1161 2589 qui
1181 2554 1215 2581 sit
1239 2556 1324 2581 nostri
1352 2554 1447 2582 similis
1469 2556 1604 2588 convenit,
1630 2565 1717 2590 neque

931 2608 995 2628 vero
1012 2601 1057 2627 ulli
1071 2600 1147 2627 alteri
1163 2606 1306 2631 creaturae,
1321 2600 1368 2627 sed
1385 2600 1421 2626 illi
1437 2601 1486 2628 soli
1505 2601 1550 2634 qui
1564 2602 1645 2628 etiam
1663 2602 1714 2629 ﬁn-

931 2654 994 2682 gere
1009 2646 1107 2673 dicitur
1124 2645 1278 2680 singillatim
1303 2646 1384 2672 corda
1400 2646 1537 2674 nostra“.
1557 2647 1613 2674 lloe
1637 2647 1659 2675 si
1680 2648 1715 2674 ita

931 2695 982 2724 est,
999 2698 1115 2725 quonam
1132 2690 1211 2716 tttodo
1225 2690 1281 2716 sola
1298 2698 1329 2717 ac
1344 2690 1459 2726 simplici
1474 2691 1652 2726 appellatione
1665 2693 1716 2719 ho-

932 2741 1042 2763 noratus
1053 2741 1094 2762 est
1109 2735 1277 2767 Emmanuel.
1296 2740 1324 2762 ttt
1341 2737 1452 2771 perinde
1470 2744 1503 2764 ac
1518 2737 1604 2764 Moses
1625 2737 1702 2772 appel

1319 2835 1340 2850 τί
1358 2836 1440 2863 Exod.
1465 2844 1514 2869 vlt,
1533 2837 1559 2864 λ
1603 2837 1624 2852 ¹¹
1642 2837 1715 2866 Psal.
