1883 3054
155 153 186 181 79

155 213 226 238 lelttr
242 211 324 243 Deus,
338 217 365 238 et
381 218 434 239 non
451 211 540 246 potius
564 212 589 238 id
604 218 669 238 vere
690 211 725 238 sit
744 212 816 246 quod
831 218 891 238 esse
905 211 946 238 di-

156 258 243 286 citur?
260 258 374 285 Rursum
389 258 422 285 de
433 264 465 284 eo
480 256 575 284 scribit
590 256 616 282 in
636 257 707 283 hunc
725 257 833 283 modum
857 256 941 284 Joan-

155 311 204 332 nes
218 313 225 331 :
240 314 250 330 ι
265 303 350 336 Quem
365 303 438 330 enim
461 303 536 330 misit
553 303 634 335 Deus,
649 303 731 329 verba
745 302 792 329 Dei
815 303 944 337 loquitur,

154 355 183 377 et
194 358 246 377 non
259 351 291 377 ad
308 355 460 376 mensuram
474 350 520 375 dat
534 348 664 383 Spiritum
679 348 712 376 ’⁸.
729 357 738 374 ι
752 348 882 384 intelligis
896 349 947 384 igi-

155 401 201 423 tur
223 395 448 430 quemadmodum
475 395 556 421 verba
584 395 630 422 Dei
655 394 795 429 loquatur,
821 395 946 430 quamvis

156 443 236 470 homo
250 442 363 476 perinde
380 449 412 468 ac
433 449 481 468 nos
500 440 642 468 videatur?
660 448 721 468 nam
738 441 788 468 soli
803 446 829 468 et
849 449 946 469 secun—

155 491 218 516 dum
233 493 356 516 naturam
374 496 406 515 ac
424 494 487 514 vere
504 487 558 514 Deo
572 491 701 522 tanquam
721 487 848 514 eximium
865 495 944 522 supra

153 533 245 560 omnia
263 538 353 560 creata
370 532 499 559 convenit
514 532 595 558 etiam
612 531 692 558 verba
715 538 793 566 posse
814 532 946 566 perﬁcere

153 580 225 615 quod
237 579 260 606 ei
276 579 417 614 placuerit,
433 583 461 605 et
477 578 563 605 sancti
581 577 697 612 Spiritus
720 578 866 613 participes
887 577 944 605 efﬁ-

155 633 218 653 cere
241 625 366 652 homines
394 625 444 651 ﬁde
468 624 641 658 justiﬁcatos.
660 622 745 650 Porro
772 623 829 650 haec
853 623 944 650 omnia

154 675 245 702 inesse
258 673 369 701 Christo
383 672 497 706 quisque
510 671 602 698 videre
623 675 711 705 potest
725 679 732 697 :
750 670 857 705 leproso
870 678 946 696 nam-

153 727 206 754 que
223 719 299 750 dixit,
313 728 323 743 (
340 717 417 749 Volo,
433 717 562 744 mundare
574 716 612 748 ²⁶;
629 725 639 742 ι
654 715 741 743 vidum
756 723 862 750 quoque
878 715 944 747 ﬁlio,

156 775 165 790 ι
182 764 358 796 Adolescens,
375 763 509 794 tibidico,
523 769 603 796 surge
614 761 648 788 ³⁷.
664 770 673 786 ι
698 761 848 797 Participes
862 761 945 788 etiam

154 811 242 838 sancti
266 810 382 844 Spiritus
410 808 556 843 discipulos
584 815 648 835 suos
670 807 777 841 eli'ecit;
802 806 947 835 insuﬁlavit

153 857 226 884 enim
239 857 264 883 in
277 863 322 883 eos
336 855 430 882 dicens
443 863 448 881 :
465 863 474 880 ε
488 854 608 888 Accipite
618 853 748 888 Spiritum
758 858 880 880 sanctum
892 853 924 880 ".
933 862 942 878 ι

155 903 217 930 Haec
231 909 291 930 cum
311 902 346 929 ita
362 901 428 934 sint,
446 900 580 936 quomodo
603 900 647 927 ille
667 900 714 935 qui
737 904 792 926 tam
820 899 944 927 sublimis

154 954 206 980 est.
221 948 265 983 qui
279 947 378 974 divinis
392 947 538 974 honoribus
549 951 670 978 ornatus,
683 946 796 980 perinde
811 953 842 973 ac
855 945 943 973 Moses

155 996 225 1022 Deus
241 993 312 1022 erit?
325 993 406 1026 Cujus
421 993 493 1020 enim
507 992 559 1019 iste
579 999 626 1018 cor
644 992 739 1018 novit?
754 991 814 1026 quis
829 991 943 1019 credidit

155 1042 181 1068 in
197 1041 306 1068 nomine
320 1039 399 1074 ejus?
413 1046 492 1074 quem
513 1046 560 1072 per
578 1038 656 1065 ﬁdem
672 1038 698 1064 iu
721 1046 750 1064 se
762 1038 943 1073 justiﬁcavit?

154 1085 262 1111 ubinam
283 1084 389 1110 loculus
407 1087 459 1115 est,
474 1087 503 1109 ut
520 1082 615 1115 Filius,
633 1083 715 1110 verba
733 1082 801 1110 Dei?
818 1083 943 1117 quamvis

154 1130 324 1164 perspicuum
340 1129 375 1155 sit
389 1129 476 1163 ipsum
493 1128 526 1155 ad
541 1128 610 1155 ﬁlios
624 1127 707 1156 lsrael
721 1129 866 1161 clamasse,
881 1128 942 1156 Hatc

153 1175 220 1203 dicit
239 1175 386 1207 Dominus;
400 1178 428 1202 et
447 1174 588 1201 domestici
608 1174 725 1202 hominis
744 1181 897 1202 mensuram
916 1180 944 1202 et

153 1221 265 1256 gradum
285 1219 429 1251 habuisse;
446 1219 497 1246 fuit
513 1219 586 1246 enim
606 1220 664 1254 ipse
680 1224 808 1254 tanquam
825 1219 943 1247 famulus

154 1268 180 1294 in
190 1268 270 1295 domo
281 1267 326 1293 Dei
338 1267 370 1292 ³’.
379 1264 438 1293 Jam
453 1265 475 1293 si
491 1273 523 1293 eo
534 1266 613 1293 modo
625 1265 708 1293 Filius
715 1271 758 1294 est
773 1265 942 1300 Emmanuel,

153 1321 206 1348 quo
225 1318 252 1340 et
273 1312 318 1340 ille
332 1312 479 1340 secundum
495 1319 605 1338 carnem
631 1312 725 1344 Israel,
750 1311 776 1338 in
801 1319 941 1339 servorum

153 1359 276 1387 ordinem
293 1358 420 1393 redegisti
437 1357 511 1384 illum
523 1365 554 1384 ex
569 1361 666 1385 natura
680 1357 805 1392 liberum,
819 1359 943 1394 quamvis

152 1408 263 1438 propter
277 1410 386 1430 carnem
409 1407 437 1430 et
457 1403 638 1437 proprietates
659 1403 750 1430 carnis
764 1399 836 1430 s'ervi
855 1403 941 1430 forma

152 1449 189 1477 sit
217 1449 303 1476 factus
324 1457 331 1475 :
349 1448 376 1475 in
399 1449 492 1475 cadent
518 1455 644 1476 meHSura
673 1449 825 1483 eodemque
848 1450 942 1478 ordine

153 1495 289 1523 collocasti
309 1502 370 1522 cum
393 1494 435 1522 his
459 1494 504 1529 qui
522 1499 585 1522 sunt
601 1502 649 1530 per
668 1495 784 1530 gratiam
802 1496 859 1528 ﬁlii,
880 1504 940 1524 eum

153 1549 201 1576 per
221 1548 301 1576 quem
321 1540 360 1568 illi
381 1540 534 1575 adoptionis
548 1541 634 1576 gratia
650 1546 714 1568 sunt
738 1542 826 1568 dilati.
844 1541 942 1569 Factus

654 151 682 177 S.
704 150 840 178 CYRiLLl
859 150 1096 178 ALEXANDRINI
1115 150 1276 179 ARCHIEP.

1764 156 1798 182 80

960 214 981 242 Α
996 211 1055 242 δίας
1069 211 1158 246 ἡμῶν.
1178 209 1243 238 Εἶτα
1258 211 1316 243 πῶς
1328 211 1393 246 ψιλῇ
1411 212 1458 238 καὶ
1473 213 1541 249 μόνῃ
1559 214 1708 249 τετίμηται
1731 214 1798 248 κλή-

1001 266 1041 283 σει
1063 258 1133 283 κατὰ
1156 257 1257 284 Μωσέα
1280 257 1456 293 χρηματίζων
1473 258 1537 290 Θεὸς
1557 259 1570 285 ὁ
1600 259 1795 294 Ἐμμανουήλ·

998 304 1044 329 καὶ
1059 303 1119 338 οὐχὶ
1136 303 1168 338 δὴ
1194 303 1292 338 μᾶλλον
1311 303 1441 339 ὑπάρχων
1456 304 1535 331 τοῦτο
1556 305 1627 331 κατὰ
1652 305 1797 342 ἀλήθειαν,

997 348 1065 382 ὅπερ
1079 347 1148 375 εἶναι
1165 348 1212 374 καὶ
1227 348 1349 382 λέγεται;
1365 349 1467 384 Γράφει
1482 349 1556 376 οὕτω
1573 350 1654 376 πάλιν
1669 351 1683 376 6
1701 350 1797 377 Ἰωάν-

997 403 1046 429 νης
1068 394 1132 430 περὶ
1149 393 1247 420 αὐτοῦ’
1266 403 1274 420 ι
1298 395 1346 420 "Ov
1369 394 1422 430 γὰρ
1444 395 1604 422 ἀπέστειλεν
1619 397 1633 422 6
1664 396 1741 427 Θεὸς,
1759 396 1798 422 τὰ

999 440 1108 475 ῥήματα
1123 439 1171 466 τοῦ
1186 439 1253 466 Θεοῦ
1277 440 1368 466 λαλεῖ⁶
1388 441 1436 467 καὶ
1457 441 1506 467 οὐκ
1528 442 1560 468 ὲκ
1578 441 1677 477 μέτρου
1700 441 1796 468 δίδωσι

997 486 1027 512 τὺ
1048 485 1170 520 Πνεῦμα.
1190 495 1200 511 ι
1219 486 1324 518 Συνιεὶς
1347 487 1402 522 [ῑσ.
1427 487 1537 520 συνίεις,
1561 488 1590 522 ἢ,
1617 487 1722 524 συνίης]
1745 486 1797 514 οὖν

997 533 1080 565 ὅπως,
1097 532 1184 558 καίτοι
1204 532 1264 558 καθ’
1279 533 1353 568 ἡμᾶς
1369 532 1506 569 ὁρώμενος
1520 533 1671 569 ἄνθρωπος,
1696 534 1730 561 τὰ
1744 534 1796 569 ῥή-

1000 585 1072 611 ματα
1085 577 1132 603 τοῦ
1143 577 1211 604 Θεοῦ
1225 577 1317 611 λαλεῖ;
1332 578 1393 613 θεῷ
1407 578 1461 613 γὰρ
1479 579 1552 614 μόνῳ
1573 579 1612 614 τῷ
1625 579 1695 606 κατὰ
1710 579 1799 612 φύσιν

999 623 1046 648 καὶ
1065 622 1183 656 ἀληθῶς,
1199 623 1298 658 πρέποι
1320 623 1353 649 ἂν
1375 623 1412 654 ὡς
1437 623 1573 659 ἐξαίρετον
1592 625 1638 651 καὶ
1654 625 1725 660 ὑπὲρ
1741 625 1797 660 τὴν

998 667 1098 699 κτίσιν,
1118 668 1148 694 τὺ
1171 668 1218 694 καὶ
1241 669 1342 703 ῥήματι
1357 668 1485 695 δύνασθαι
1502 670 1650 705 κατορθοῦν
1664 670 1697 696 τδ
1719 671 1795 698 κατὰ

998 713 1110 748 γνώμην
1135 713 1220 749 αὐτῷ,
1245 714 1292 740 καὶ
1318 714 1447 749 μετόχους
1472 715 1612 742 ἀποτελεῖν
1636 716 1684 742 τοῦ
1711 717 1795 750 ἁγίου

998 758 1168 793 Πνεύματος,
1195 758 1258 790 τοὺς
1275 759 1304 785 ὲν
1322 759 1414 785 πίστει
1435 759 1663 795 δεδικαιομένους.
1688 762 1753 787 Ἰδοι
1769 761 1796 787 δ’

997 804 1031 831 ἄν
1043 813 1084 836 τις
1106 805 1135 831 ἐν
1149 805 1253 836 τούτοις
1275 805 1339 831 ὄντα
1363 805 1491 840 Χριστόν.
1515 806 1585 841 Ἔφη
1611 806 1660 840 μὲν
1675 807 1730 842 γὰρ
1753 807 1796 842 τῷ

997 850 1104 885 λεπρῷ·
1116 860 1124 876 ι
1139 850 1411 886 Θὲ).ω,καθαρίοθητι
1422 859 1428 866 ·
1448 861 1456 876 ι
1467 851 1506 887 τῷ
1518 851 1546 878 δὲ
1559 852 1607 887 τῆς
1620 853 1709 888 χήρας
1723 854 1776 889 υἰῷ
1786 862 1794 869 ·

962 902 983 929 Β
1000 906 1009 922 ι
1033 897 1178 930 Νεανίσκε,
1195 897 1236 923 σοὶ
1251 896 1332 930 λέγω,
1351 897 1489 933 ἐγέρθητι.
1516 907 1525 923 ι
1539 899 1677 934 Μετόχους
1696 900 1725 926 δὲ
1742 900 1795 927 τοῦ

998 941 1075 975 ἁγίου
1095 941 1252 977 Πνεύματος
1271 943 1334 973 τοὺς
1357 942 1438 973 ἰδίους
1462 943 1574 978 ἐνέφηνε
1589 943 1644 979 [ῑσ.
1659 945 1796 981 ἀνέφηνε]

999 988 1122 1024 μαθητάς
1135 997 1142 1004 ⁸
1166 988 1315 1024 ἐνεφύσησε
1337 988 1391 1024 γὰρ
1403 989 1511 1021 αὐτοῖς,
1534 989 1635 1023 λέγων·
1655 1000 1664 1015 ι
1685 991 1793 1017 Λάϐετε

997 1035 1108 1070 Πνεῦμα
1131 1035 1217 1069 ῖιγιον.
1236 1043 1246 1060 ι
1263 1033 1330 1062 Εἶτα
1349 1035 1410 1061 τίνα
1425 1035 1526 1071 τρόπον
1547 1036 1562 1062 ὁ
1583 1037 1623 1068 εις
1637 1035 1717 1066 τοῦτο,
1734 1037 1792 1064 διε-

995 1081 1131 1116 ληλακὼς,
1151 1081 1198 1108 καὶ
1213 1081 1396 1116 θεοπρεπέσιν
1412 1081 1547 1114 εὐκλείαις
1558 1084 1791 1119 κατεστεμμένος,

995 1127 1066 1155 οὕτω
1080 1128 1146 1160 Θεὸς
1159 1127 1191 1154 ἂν
1204 1127 1258 1164 εἴη,
1271 1127 1397 1164 καθάπερ
1410 1128 1506 1163 ἀμέλει
1521 1129 1568 1156 καὶ
1577 1130 1591 1155 6
1607 1131 1725 1165 Μωσῆς;
1740 1131 1793 1165 τὴν

997 1173 1051 1209 [tan
1061 1173 1091 1205 ὃς
1099 1173 1159 1209 τὴν]
1169 1174 1240 1205 τίνος
1248 1170 1319 1207 ἔγνω
1330 1172 1443 1209 καρδίαν
1453 1183 1460 1207 ;
1468 1174 1510 1206 τίς
1519 1175 1700 1202 πεπίστευκεν
1709 1176 1751 1207 εἰς
1760 1175 1793 1201 τὸ

995 1219 1079 1255 ὄνομα
1094 1219 1175 1246 αὐτοῦ
1184 1229 1191 1252 ;
1201 1219 1261 1246 τίνα
1271 1219 1428 1246 δεδικαίωκε
1444 1220 1487 1247 διὰ
1499 1221 1547 1255 τῆς
1558 1221 1674 1253 πίστεως
1685 1222 1735 1257 τῆς
1749 1223 1791 1254 εἷς

995 1266 1108 1299 ὲαυτόν;
1133 1265 1186 1292 ποῦ
1211 1265 1371 1301 λελάληκεν,
1385 1266 1421 1297 ὡς
1443 1265 1518 1298 Υἱὸς,
1533 1265 1580 1292 τοῦ
1601 1266 1668 1293 Θεοῦ
1684 1267 1718 1293 τὰ
1737 1269 1790 1303 ρή-

997 1321 1084 1348 ματα;
1103 1313 1191 1338 καίτοι
1213 1321 1244 1345 γε
1266 1312 1409 1347 κεκραγὼς
1423 1313 1518 1347 ὁρᾶται
1545 1313 1600 1344 τοίς
1617 1313 1646 1346 ἐξ
1667 1313 1791 1348 Ἰσραὴλ,

995 1359 1064 1386 Τάδε
1079 1359 1153 1392 λέγει
1177 1359 1288 1393 Κύριος·
1304 1358 1351 1385 καὶ
1378 1359 1476 1394 μέτρον
1493 1358 1561 1394 ἔχων
1574 1360 1724 1386 οἰκετικόν·
1745 1360 1790 1394 γέ-

995 1413 1056 1439 γονε
1076 1405 1131 1439 γὰρ
1146 1404 1240 1435 πιστὸς
1254 1404 1291 1435 ὡς
1311 1403 1437 1439 θεράπων
1454 1404 1482 1430 ὲν
1501 1405 1539 1439 τῷ
1557 1405 1623 1440 οἴκῳ
1641 1405 1689 1431 τοῦ
1705 1405 1786 1434 Θεοῦ.

995 1450 1025 1476 Et
1039 1449 1067 1476 δὲ
1083 1449 1114 1484 δὴ
1131 1450 1178 1475 καὶ
1194 1449 1280 1481 οὕτως
1296 1449 1359 1480 Υἱὸς
1378 1450 1393 1475 6
1412 1449 1595 1484 Ἐμμανουήλ,
1614 1450 1687 1476 καθὰ
1709 1451 1758 1477 καὶ
1773 1451 1789 1477 6

994 1495 1065 1521 κατὰ
1088 1495 1178 1530 σάρκα
1198 1493 1317 1529 γεγονὼς
1340 1495 1458 1530 Ἰσραὴλ,
1475 1495 1659 1530 κατεκόμισας
1679 1496 1709 1522 ὲν
1726 1496 1788 1523 δού-

994 1540 1049 1572 λοις
1076 1540 1120 1566 τὸν
1143 1541 1213 1566 κατὰ
1230 1540 1310 1574 φύσιν
1327 1540 1394 1566 ίδίαν
1410 1539 1560 1575 ἐλεύθερον,
1579 1541 1630 1567 κᾶν
1644 1542 1669 1567 εί
1691 1542 1787 1576 γέγονε

154 1592 196 1614 est
220 1587 292 1614 enim
309 1586 508 1621 Primogenitus
522 1591 642 1613 nostrum
657 1592 767 1622 propter
791 1587 943 1614 bumanita-
957 1588 969 1616 (

1020 1587 1087 1612 νύ).ου
1102 1585 1202 1622 μορφὴ,
1224 1586 1268 1613 διά
1287 1594 1327 1612 τοι
1340 1586 1389 1621 τὴν
1412 1586 1500 1621 σάρκα
1523 1586 1571 1612 καὶ
1587 1586 1622 1612 τὰ
1637 1587 1740 1622 αὐτῆς
1757 1588 1787 1613 ἐν

155 1637 208 1659 tem
218 1641 225 1665 ;
235 1632 280 1659 sed
290 1632 371 1659 etiam
384 1632 424 1659 sic
435 1639 488 1666 qua
505 1631 610 1658 ratione
630 1631 700 1659 Deus
712 1637 780 1664 erat,
794 1633 943 1668 permansit

153 1681 317 1714 unigenitus.
337 1679 391 1706 llac
412 1679 528 1711 ratione,
551 1684 580 1705 ut
597 1679 635 1705 ait
658 1679 752 1705 beatus
767 1677 877 1711 Paulus,
902 1678 942 1704 in-

154 1726 306 1753 troductum
325 1733 339 1751 a
361 1724 441 1751 Patre
465 1724 678 1758 Primogenitum
696 1724 721 1751 in
738 1724 831 1751 orbem
858 1729 942 1750 terra-

155 1780 224 1804 rum,
242 1778 365 1806 supernze
380 1771 432 1798 illa:
449 1772 562 1798 virtutes
582 1771 696 1798 adorare
710 1770 840 1804 iubentur
857 1770 879 1786 ’°
894 1778 901 1796 :
916 1774 942 1796 et

154 1818 241 1845 latens
263 1818 289 1843 in
311 1817 369 1852 ipso
385 1816 545 1852 mysterium
567 1815 680 1849 edocta',
701 1815 943 1851 gloriticationibus

154 1870 290 1897 nunquam
304 1862 477 1897 (cessantibus
494 1861 634 1888 celebrant
653 1861 726 1888 illunt
744 1869 826 1888 unum
847 1865 875 1888 et
895 1868 943 1888 na-

131 1939 133 1941 _
155 1913 213 1935 tura
228 1912 255 1934 et
267 1914 330 1934 vere
349 1907 456 1934 Filium.
476 1905 541 1933 Nam
559 1907 582 1934 si
599 1906 632 1934 iis
649 1906 695 1941 qui
721 1914 750 1934 se
771 1911 941 1941 receperunt,

154 1954 201 1980 dat
215 1957 375 1988 potestatem
389 1958 416 1980 ut
433 1952 478 1979 lilii
495 1952 540 1979 Dei
557 1952 633 1985 ﬁant,
647 1957 676 1979 ut
688 1951 805 1979 Joannes
818 1953 856 1979 ait
867 1953 900 1984 ³³,
916 1958 943 1980 et

154 1999 178 2026 si
202 2005 293 2026 verum
321 2003 363 2026 est
384 1998 444 2032 ejus
476 1998 573 2032 spiritu
597 1997 721 2032 nosipsos
745 2005 852 2033 quoque
874 1997 943 2026 ﬁlios

155 2043 231 2070 ﬁeri:
248 2043 302 2079 43
320 2052 329 2069 ι
347 2044 423 2070 Misit
441 2043 514 2070 enim
532 2042 604 2070 Deus
623 2043 747 2078 spiritum
768 2042 828 2070 Filii
850 2044 889 2070 sui
915 2043 942 2070 in

154 2091 235 2117 corda
247 2094 338 2117 nostra
348 2089 520 2122 clamantem,
531 2089 606 2116 Abba
616 2088 696 2116 Pater
705 2089 727 2104 "
738 2097 762 2114 :i
782 2097 861 2116 nemo
872 2096 943 2117 recte

153 2136 274 2164 sentiens
287 2136 360 2163 hunc
386 2136 455 2162 ferat
473 2135 619 2168 dicentem,
636 2135 711 2162 illum
727 2135 819 2162 eodem
837 2142 943 2170 quoque

155 2183 234 2209 modo
258 2189 319 2209 esse
333 2181 441 2213 Filium,
460 2189 513 2216 quo
528 2181 664 2209 lsraelem.
692 2181 741 2214 Qui
768 2186 858 2208 autem
885 2181 941 2208 ﬁeri

154 2231 241 2262 potest
255 2232 284 2254 ut
296 2228 389 2255 eodem
409 2227 514 2255 dicatur
529 2228 609 2255 modo
624 2227 760 2260 Christus,
775 2235 827 2262 quo
844 2227 943 2254 dicitur

152 2280 213 2302 esse
239 2274 320 2301 etiam
346 2273 432 2308 Cyrus
461 2273 506 2301 ille
533 2281 579 2301 rex
603 2273 757 2304 Persarum,
780 2279 807 2301 et
831 2278 941 2301 sanctus

153 2320 289 2354 quomodo
312 2319 380 2346 Medi
403 2327 513 2354 quoque
538 2319 589 2354 ipsi
606 2327 639 2347 ac
662 2319 772 2347 Persae?
796 2319 855 2347 Jam
877 2327 940 2347 vero

154 2366 244 2392 dicere
265 2365 366 2397 licebit,
388 2373 422 2392 ne
440 2366 637 2393 sanctiﬁcatum
658 2366 766 2400 quidem
785 2373 845 2393 esse
860 2366 938 2392 Chri-

154 2415 224 2437 stum
243 2411 409 2444 ltumanitus,
426 2411 550 2446 quamvis
571 2411 597 2437 iu
620 2418 681 2438 eum
704 2412 834 2439 columba:
851 2413 940 2446 specie

153 2459 263 2482 sanctus
285 2454 402 2489 Spiritus
425 2455 554 2483 insederit
575 2454 607 2482 ³³.
634 2454 700 2481 Nam
723 2455 809 2490 Cyrus
833 2456 939 2489 quidem

153 2500 296 2535 Cambysae
311 2501 382 2529 ﬁlius
393 2500 456 2529 olim
471 2501 621 2528 exercitum
637 2501 713 2528 diuit
726 2501 751 2527 iu
767 2501 938 2536 Babylonios,

153 2545 200 2571 sed
216 2549 303 2572 tamen
317 2545 342 2572 iu
359 2553 453 2574 errore
470 2546 638 2579 versabatur,
658 2552 685 2573 et
708 2546 821 2580 impuris
840 2547 939 2573 daemo-

191 2633 301 2670 f'doau.
316 2643 356 2666 ιιι.
369 2635 413 2664 54.
451 2636 474 2651 ’⁸
491 2634 583 2663 Matth.
597 2644 654 2667 vut,
668 2636 694 2663 5.
733 2637 754 2651 ’⁷
775 2636 839 2663 Luc.
858 2644 905 2670 vn,
927 2636 969 2664 Η.

996 1633 1044 1668 ἴσῳ
1058 1633 1182 1664 τέθεικας
1196 1633 1287 1668 μέτρῳ
1299 1633 1355 1664 τοῖς
1367 1633 1437 1659 κατὰ
1456 1633 1536 1668 χάριν
1552 1634 1620 1664 υίοίς
1644 1633 1690 1660 τὸν
1710 1634 1744 1660 δι’
1756 1634 1788 1660 6v

994 1679 1092 1706 ἐκεῖνοι
1111 1679 1160 1714 τὴν
1179 1680 1229 1714 τῆς
1244 1679 1376 1710 υἱοθεσίας
1398 1679 1599 1714 πεπλουτήκασι
1619 1679 1715 1714 χάριν·
1741 1690 1787 1706 κε-

994 1725 1146 1760 χρημάτικε
1162 1725 1211 1759 μὲν
1224 1724 1278 1760 γὰρ
1292 1724 1465 1760 Πρωτότοκος
1479 1724 1557 1759 ἡμῶν
1573 1724 1617 1751 διὰ
1633 1725 1662 1751 τὸ
1677 1725 1786 1760 ἀνθρώ-

993 1779 1069 1797 πινον
1079 1779 1085 1785 ⁸
1107 1770 1176 1806 πλὴν
1196 1770 1243 1797 καὶ
1256 1770 1327 1796 οὕτω
1346 1771 1484 1805 μεμένηκε
1503 1771 1651 1805 μονογενὴς
1666 1771 1706 1802 ὠς
1719 1770 1787 1802 Θεὸς

993 1815 1130 1852 ταύτῃτοι,
1156 1816 1227 1843 καθὰ
1257 1816 1340 1850 φησὶν
1363 1817 1377 1843 6
1403 1816 1557 1851 σοφώτατος
1580 1816 1697 1848 Παῦλος,
1719 1818 1787 1843 εἰσε-

993 1861 1120 1897 νεχθέντα
1134 1861 1209 1897 παρὰ
1227 1860 1274 1887 τοῦ
1292 1860 1398 1896 [ἰατρὸς
1421 1861 1467 1886 τὸν
1491 1860 1663 1896 πρωτότοκον
1675 1861 1715 1891 εἰς
1736 1860 1786 1896 τὴν

993 1908 1154 1944 οἰκουμένην
1177 1909 1388 1944 προστάττονται
1406 1909 1570 1944 προσκυνεῖν
1587 1907 1614 1933 αἱ
1631 1907 1688 1934 ἄνω
1703 1907 1786 1933 δυνά-

995 1964 1071 1990 μεις·
1090 1956 1136 1982 καὶ
1154 1956 1184 1981 τὺ
1200 1955 1242 1981 ἐπ’
1258 1955 1332 1990 αὐτῷ
1350 1954 1483 1990 μαθοῦσαι
1501 1954 1659 1989 μυστήριον,
1682 1954 1785 1980 ἀκατα-

993 2001 1102 2035 λήκτοις
1127 2000 1291 2034 δοξολογίαις
1315 1999 1474 2035 γεραίρουσι
1495 1999 1540 2025 τὸν
1561 1998 1608 2024 ἕνα
1631 1998 1678 2024 καὶ
1705 1997 1785 2031 φύσει

994 2046 1040 2072 καὶ
1059 2045 1164 2080 ἀληθῶς
1180 2045 1252 2072 Υἱόν.
1270 2046 1300 2072 Εἰ
1315 2045 1370 2080 γὰρ
1395 2044 1501 2071 δίδωσιν
1523 2043 1649 2075 ἐξουσίαν
1665 2044 1722 2074 τοῖς
1739 2043 1787 2070 λα-

993 2091 1086 2118 ϐοῦσιν
1114 2092 1193 2118 αὐτὸν
1220 2091 1302 2118 τέκνα
1324 2090 1390 2117 Θεοῦ
1417 2089 1558 2124 γενέσθαι,
1581 2089 1652 2116 κατά
1678 2097 1710 2122 γε
1736 2089 1786 2124 τὴν

1000 2137 1122 2164 Ἰωάννου
1139 2138 1240 2172 φωνὴν,
1257 2138 1302 2164 καὶ
1318 2137 1398 2172 εἴπερ
1413 2137 1486 2162 ἐστὶν
1501 2134 1596 2169 ἀληθὲς
1612 2135 1650 2166 ὡς
1669 2136 1787 2161 υἱοποιεί

993 2184 1024 2208 τὸ
1040 2182 1152 2216 Πνεῦμα
1167 2182 1249 2208 αὑτοῦ
1264 2183 1310 2208 καὶ
1334 2183 1406 2217 ἡμᾶς
1422 2181 1519 2212 αὐτούς
1530 2189 1537 2196 ·
1558 2190 1566 2206 ι
1593 2180 1784 2212 Ἐξαπέστειλε

995 2227 1048 2263 γὰρ
1063 2229 1077 2253 6
1093 2228 1157 2259 Θεὸς
1173 2228 1203 2253 τὸ
1219 2228 1330 2263 Πνεῦμα
1346 2227 1392 2253 τοῦ
1409 2227 1475 2254 Υίοῦ
1498 2226 1579 2252 αὑτοῦ
1593 2227 1632 2257 εἰς
1648 2226 1698 2257 τὰς
1717 2234 1785 2260 καρ-

958 2267 978 2294 D
993 2273 1050 2304 δίας
1066 2273 1144 2308 ἡμῶν
1169 2273 1279 2307 κρᾶζον,
1298 2273 1382 2299 ’Δῧΰᾶ
1403 2273 1416 2298 ὁ
1437 2273 1546 2308 Πατὴρ·
1566 2281 1575 2296 ι
1590 2272 1735 2306 ἀνάσχοιτο
1752 2270 1785 2297 ἂν

990 2319 1077 2351 οὐδεὶς
1098 2319 1151 2346 τῶν
1176 2317 1205 2346 εὖ
1232 2321 1339 2356 φρονεῖν
1362 2319 1507 2350 εἰωθότων,
1526 2318 1620 2344 τούτου
1643 2317 1785 2352 λέγοντος,

991 2366 1075 2397 οὕτως
1089 2365 1157 2392 εἶναι
1173 2366 1219 2392 καὶ
1231 2367 1311 2393 αὑτὸν
1326 2366 1399 2397 Υιὺν,
1416 2366 1453 2396 ὡς
1466 2365 1510 2392 τὸν
1533 2364 1652 2399 Ἰσραήλ.
1673 2364 1737 2395 Πῶς
1756 2364 1786 2390 δὲ

992 2412 1038 2437 καὶ
1059 2411 1128 2438 οὕτω
1152 2411 1267 2446 Χριστὸς
1290 2411 1337 2438 καὶ
1362 2411 1448 2444 ἅγιος,
1473 2411 1510 2442 ὡς
1528 2411 1561 2437 ἂν
1586 2407 1655 2436 εἶναι
1680 2409 1786 2444 λέγοιτο

992 2457 1101 2492 χριστὸς
1121 2457 1212 2492 Κῦρός
1232 2466 1261 2483 τε
1281 2458 1294 2483 6
1307 2458 1361 2483 τῶν
1376 2457 1488 2491 Περσῶν
1510 2454 1722 2491 βεΰασιλενκὼς,
1737 2455 1785 2481 καὶ

993 2502 1046 2537 μὴν
1067 2502 1114 2530 xu).
1126 2503 1202 2529 αὐτοὶ
1219 2503 1274 2538 (12)
1288 2503 1390 2538 Πέρσαι
1405 2512 1435 2529 τε
1460 2503 1507 2529 καὶ
1524 2502 1630 2536 Μῆδοι;
1645 2501 1718 2536 Ὥρα
1731 2501 1786 2534 γὰρ

992 2548 1078 2573 εἰπεῖν
1101 2546 1168 2582 μηδὲ
1186 2547 1315 2581 ήγιάσθαι
1340 2547 1456 2582 Χριστὸν
1479 2546 1668 2581 ἀνθρωπίνως,
1696 2545 1785 2571 καίτοι

1020 2636 1044 2653 ’⁵
1057 2637 1136 2665 Joan.
1148 2646 1193 2671 xx,
1205 2638 1249 2665 2‘2.
1298 2639 1321 2654 "
1337 2637 1421 2666 Hebr.
1440 2646 1482 2671 ut,
1495 2638 1521 2664 4.
1561 2637 1584 2653 ³⁸
1601 2636 1686 2664 Hebr.
1702 2644 1722 2669 I,
1739 2637 1766 2664 6.

154 2670 174 2684 ⁵¹
192 2668 288 2696 Hoau.
307 2678 348 2703 ut,
365 2670 390 2697 i.
428 2671 449 2686 ³¹
465 2670 552 2698 Galat.
573 2678 609 2703 Iv,
625 2671 652 2698 ti.
691 2671 712 2686 ³³
731 2671 824 2698 Matth.
843 2679 884 2702 ut,
898 2668 992 2704 16,17.

773 2758 852 2787 ANT.
871 2759 1006 2787 AGELLII
1028 2759 1145 2787 NOTJE.

192 2834 250 2878 (εἳ)
263 2834 421 2871 legendum
434 2835 550 2870 videtur,
582 2835 628 2862 καὶ
646 2836 699 2872 μὴν
718 2837 765 2863 καὶ
804 2837 877 2871 ἅγιοι
899 2837 969 2873 Πέρα

1038 2838 1083 2867 Sic
1118 2847 1235 2876 namque
1258 2841 1436 2876 praecedentia
1470 2848 1503 2878 ac
1526 2839 1670 2874 sequentia
1691 2838 1781 2874 requi-

152 2874 226 2897 runt.
