1883 3054
95 145 123 173 Μ
666 154 851 184 ADVERSUS
870 155 1073 187 NESTUBIUM
1093 160 1157 188 LIB.
1178 159 1218 188 ll)
1690 167 1724 194 8?.

98 209 283 242 χαταπτάντος
297 210 343 238 ἔπ’
355 213 442 240 αὐτὸν
456 215 503 241 τοῦ
520 216 598 249 ἁγίου
617 217 685 243 Πνεύ
690 226 773 252 ματος
786 218 814 244 ἐν
827 218 890 244 εἴδει

963 220 996 248 iis
1016 223 1219 250 venerationem
1242 223 1396 252 exhibebat.
1422 223 1472 251 L‘bi
1494 231 1557 251 vero
1576 223 1629 251 Deo
1652 224 1724 252 illum

97 257 269 291 περιστερᾶς.
289 258 385 294 Κῦρος
404 261 454 295 μὲν
467 261 519 297 γὰρ
535 263 549 288 ὁ
567 263 727 298 Καμϐύσου,
740 265 890 300 κατεστρά-

97 310 172 328 τευσε
187 302 240 336 τῆς
255 302 441 332 Βαϐυλωνίων
456 307 528 334 κατὰ
543 308 667 342 καιροὺς,
683 310 839 345 πεπλάνητο
851 310 889 344 δὲ,

99 348 143 374 καὶ
164 349 222 380 τοῖς
250 350 420 386 ἀκαθάρτοις
444 353 568 387 δαίμοσιν
598 355 714 381 ἀνετίθει
740 355 769 382 τὸ
797 356 888 387 σέϐας.

105 393 210 429 Ἐπειδὴ
238 395 268 421 δὲ
292 396 361 423 Θεοῦ
389 399 607 434 παραθήγοντος,
634 401 681 427 καὶ
707 401 891 433 διανιστάντος

99 439 177 466 αὐτὸν
210 442 251 472 εἰς
283 442 380 477 ὀργὰς,
409 441 464 470 εἷλε
494 445 542 480 τὴν
568 445 756 478 Βαϐυλωνίων,
778 448 890 482 ὀνόματι

100 486 189 521 κοινῷ,
207 488 298 514 καίτοι
319 489 462 524 Πνεῦματι
479 491 517 526 τῷ
544 492 614 526 ἁγίῳ
640 492 677 527 μὴ
701 494 888 528 κεχρισμένος,

100 532 204 567 εἴρηται
228 535 350 569 χριστός.
373 536 462 570 ’Ἀγιοι
474 537 503 563 δὲ
520 538 591 564 οὔτω
606 538 708 574 Πέρσαι
722 548 751 566 τε
772 541 818 566 καὶ
831 541 890 575 Μῆ-

99 579 137 605 δοι
150 579 175 605 o!
191 581 407 613 συνασπίζοντες
420 583 505 618 αὐτῷ’
514 583 710 620 λελατρεὺκασι
724 586 778 621 γὰρ
797 587 891 613 κάκεῖ·-

102 633 139 650 νοι
153 626 187 660 τῇ
204 626 293 652 κτίσει
310 628 386 662 παρὰ
401 628 447 654 τὸν
463 629 592 657 κτίσαντα
611 630 687 663 Θεὸν,
709 632 754 658 καὶ
774 641 890 668 προσκε-

101 670 236 705 κυνήκασι
253 673 309 704 τοῖς
324 672 415 708 ἔργοις
434 674 489 700 τῶν
508 675 581 702 ἰδίων
595 676 704 711 χειρῶν.
735 677 843 712 Ἐπειδὴ
863 678 890 703 δὲ

101 715 146 741 καὶ
160 715 246 748 ἅπαξ.
263 718 335 744 κατά
350 725 382 752 γε
393 719 442 750 τὰς
453 721 482 746 ὲν
495 720 533 755 τῷ
544 721 684 757 Μωσαῑκῷ
697 722 771 758 νόμῳ
789 725 889 756 φωνὰς,

100 761 129 787 τὸ
149 762 298 797 ἀφορισθὲν
321 763 360 798 τῷ
381 764 441 800 Θεῷ
457 765 539 801 θῦμα,
560 766 610 793 κᾶν
633 767 661 793 ετ
679 776 709 794 τε
731 769 829 804 μόσχος
848 769 889 803 εἴη

100 805 189 840 τυχὸν,
216 806 233 841 ἠ
260 807 312 839 δῖς,
328 808 405 841 ἅγιον
423 809 589 845 ὠνομάζετο,
604 812 691 848 ταύτῃ
714 821 755 839 τοι
777 815 824 840 καὶ
848 814 890 840 διὰ

100 852 147 886 τῆς
160 852 209 879 τοῦ
224 855 364 889 προφήτου
378 856 471 891 φωνῆς
485 857 555 890 ἆγιοι
571 857 717 893 κέκληνται
740 860 786 885 καὶ
803 860 889 890 αὐτοὶ,

100 899 190 926 sum;
206 900 237 926 τὸ
251 901 406 936 ἀφωρίσθαι
418 905 475 934 τοῖς
489 904 571 935 θείοις
582 904 698 940 νεύμασι
707 905 775 938 πρὸς
790 906 890 933 ἁλῶναι

100 943 148 978 τὴν
170 944 370 972 Βαϐυλωνίων
399 947 478 983 εἰπερ
496 946 543 974 οὖν
559 949 633 976 ἐστιν
649 950 720 977 οὕτω
742 951 857 986 Χριστὸς
878 953 892 978 ὁ

107 989 293 1026 Ἐμμανουήλ,
313 992 384 1019 καθά
402 993 449 1019 καὶ
472 994 486 1019 ὁ
505 994 605 1029 Κῦρος,
628 996 675 1022 καὶ
699 996 785 1028 οὕτως
804 997 891 1031 ἃγιος,

101 1035 170 1061 καθὰ
189 1036 237 1062 καὶ
259 1037 347 1072 Μῆδοι
368 1038 416 1065 καὶ
437 1039 555 1075 Πέρσαι¹
578 1041 644 1076 φαίη
661 1050 703 1074 τις
721 1043 754 1069 ἂν
779 1043 893 1075 εἰκότως

99 1081 135 1112 ὡς
152 1083 208 1108 ἀπό
221 1091 254 1116 γε
270 1084 320 1118 τῆς
332 1084 386 1110 τῶν
401 1086 511 1112 ἐννοιῶν
524 1086 649 1119 ἀτοπίας,
665 1089 732 1124 μήτε
749 1090 892 1125 κεχρίσθαι

99 1127 137 1162 τῷ
150 1129 221 1164 ἁγίῳ
236 1130 388 1165 Πνεὺματι,
405 1133 473 1166 μήτε
491 1133 543 1168 μὴν
561 1134 637 1168 ἅγιον
657 1136 788 1171 ὑπάρχειν
799 1137 892 1164 αὐτόν·

98 1174 282 1210 ψευδοεπήσει
303 1176 334 1210 δὴ
357 1175 403 1203 οὖν
419 1178 433 1202 ὁ
458 1178 528 1210 θεῖος
541 1180 619 1214 ἡμῶν
638 1181 719 1208 Δαὸὶδ
734 1182 801 1217 πρὸς
827 1183 893 1210 αὐτό

100 1218 153 1255 [fax
168 1221 264 1254 αὐτόν]
284 1231 335 1249 που
365 1223 468 1257 λέγων’
492 1235 501 1250 ι
527 1225 687 1262 Ἦγάπησας
708 1228 890 1266 δικαιοσύνην,

100 1266 145 1292 καὶ
166 1267 307 1302 ἐμίσησας
321 1269 446 1296 ἀδικίαν·
466 1271 510 1297 διὰ
529 1271 607 1298 τοῦτο
624 1272 714 1308 ἔχρισέ
735 1283 763 1300 σε
782 1275 796 1301 ὁ
816 1275 892 1310 Θεὸς,

99 1313 112 1338 ὸ
123 1312 189 1344 Θεός
199 1321 260 1346 σου,
282 1314 370 1341 ἔλαιον
384 1316 582 1350 ἀγαλλιάσεως,
599 1319 674 1354 παρὰ
686 1321 750 1352 τοὺς
763 1321 894 1356 μετόχους

100 1365 158 1384 σου.
185 1368 196 1384 ι
225 1359 468 1396 Καταφλυαρήσας
481 1362 509 1388 δὲ
533 1362 604 1390 οὕτω
628 1365 678 1396 τῆς
700 1365 748 1392 τοῦ
769 1367 894 1402 Σωτῆρος

99 1403 178 1437 ἡμῶν
193 1404 335 1439 ὑπεροχῆς
350 1414 379 1432 τε
394 1407 441 1433 καὶ
454 1407 542 1443 δόξης,
557 1409 758 1445 ἀποκρούεσθαι
773 1412 847 1438 δοκεῖ
859 1413 893 1439 τὰ

99 1449 132 1474 ὶκ
147 1448 203 1476 τῶν
225 1449 387 1486 δυσφημιῶν
412 1453 580 1489 ἐγκλήματα,
601 1457 781 1490 μειρακιῶδές
797 1466 823 1484 τι
847 1459 894 1485 καὶ

101 1493 233 1521 ἀσύνετον
257 1495 363 1529 λέγων·
385 1497 418 1524 'H
432 1497 482 1533 μὲν
507 1499 561 1534 γὰρ
586 1501 722 1533 κοινωνία,
747 1502 824 1537 φησὶ,
840 1503 894 1530 τῶν

100 1541 243 1576 ὀνομάτων
258 1542 350 1576 ὁμοία,
361 1543 410 1577 οὐχ
424 1544 440 1578 ἡ
455 1544 524 1579 αὑτὴ
536 1545 562 1571 δὲ
576 1545 648 1578 ἀξία.
666 1546 744 1579 Πῶς;
761 1549 821 1575 εἰπέ
836 1558 892 1584 μοι’

945 273 1104 300 exacuente,
1120 274 1147 295 et
1161 267 1194 295 ad
1215 268 1269 296 iras
1288 269 1424 297 excitante
1445 269 1651 305 Babyloniorum
1671 274 1725 296 ter-

945 320 1002 340 ram
1027 315 1108 348 cepit,
1135 314 1271 342 communi
1296 315 1437 348 vocabulo,
1466 315 1590 351 quamvis
1618 315 1726 342 minime

945 365 1041 387 unctus
1054 360 1155 395 Spiritu
1171 365 1274 394 sancto,
1289 362 1376 389 dictus
1386 366 1426 389 est
1440 361 1570 389 cliristus.
1587 361 1623 388 ita
1638 361 1726 388 Persa!

944 412 1051 440 quoque
1065 413 1097 432 ac
1110 406 1180 434 Medi
1193 407 1324 434 satellites
1337 407 1395 441 ejus
1410 407 1495 434 sancti
1513 407 1648 434 dicuntur.
1661 406 1725 434 Nam

944 452 1068 486 quamvis
1081 452 1118 480 illi
1134 460 1241 487 quoque
1253 453 1397 481 servierint
1409 457 1541 481 creatura:
1551 453 1639 488 potius
1648 460 1725 487 quam

943 499 1058 526 creatori
1089 499 1144 526 Deo
1169 499 1210 531 ³⁸,
1246 504 1273 527 et
1299 500 1472 528 adoraverint
1495 507 1576 535 opera
1600 507 1725 526 manuum

944 551 1064 576 suarum,
1080 550 1169 573 tamen
1187 546 1250 580 quia
1265 546 1348 573 semel
1359 545 1435 580 juxta
1453 553 1534 573 voces
1546 553 1605 580 quae
1621 549 1683 572 sunt
1700 545 1725 571 ir

944 591 1003 626 lege
1015 591 1091 622 Mosi,
1108 595 1277 626 segregatum
1292 591 1346 618 Deo
1361 591 1536 624 sacrificium,
1553 592 1610 618 sive
1626 590 1669 618 ille
1685 590 1712 617 vi

945 637 1014 664 tulus
1028 642 1099 664 esset
1112 637 1236 669 fortasse,
1246 637 1302 664 sive
1314 638 1382 670 ovis,
1397 643 1519 665 sanctum
1534 636 1724 672 appellabatur.

944 690 975 709 ea
992 682 1095 709 ratione
1110 682 1190 709 etiam
1208 682 1363 717 prophetica
1378 690 1443 710 voce
1457 683 1506 717 ipsi
1523 689 1628 717 quoque
1641 683 1725 710 sancti

944 732 1007 755 sunt
1021 728 1119 760 vocati,
1133 729 1204 761 quod
1219 728 1310 756 divino
1324 728 1434 755 numine
1448 728 1580 763 segregati
1594 728 1728 763 dicatique

943 779 1036 802 essent
1051 775 1084 802 ad
1110 774 1282 808 Babyloniam
1304 774 1473 808 capiendam.
1499 773 1568 809 Ergo
1588 775 1610 801 si
1633 775 1725 801 eadem

945 821 1049 848 ratione
1064 820 1122 854 ipse
1136 819 1292 847 Emmanuel
1306 824 1348 847 est
1365 819 1500 853 Christus,
1515 827 1567 854 qua
1587 820 1682 855 Cyrus.
1701 825 1728 846 et

945 874 978 894 eo
993 867 1072 894 modo
1089 871 1200 893 sanctus
1217 874 1270 901 quo
1282 865 1352 894 Medi
1364 873 1395 893 ac
1410 865 1516 898 Persre;
1533 871 1728 901 consequenter

944 913 1016 941 dicet
1039 913 1146 949 aliquis,
1162 917 1290 948 quantum
1308 920 1341 940 ex
1355 913 1547 940 sententiarum
1563 912 1732 940 absurditate

942 959 1121 993 concluditur,
1136 967 1222 994 neque
1237 964 1346 986 unctum
1365 959 1448 987 fuisse
1469 959 1542 986 illum
1560 964 1654 986 sancto
1665 958 1726 993 Spi-

943 1006 1010 1038 ritu,
1025 1012 1112 1040 neque
1127 1011 1248 1032 sanctum
1263 1012 1324 1032 esse
1341 1014 1347 1032 :
1364 1005 1455 1039 itaque
1472 1005 1617 1031 mentietur
1633 1004 1727 1031 beatus

944 1051 1036 1086 David,
1054 1052 1087 1079 ad
1107 1051 1194 1086 ipsum
1208 1051 1300 1085 procul
1325 1052 1405 1078 dubio
1419 1051 1501 1078 verba
1524 1050 1643 1077 faciens:
1658 1059 1667 1074 ί
1682 1049 1726 1076 Di-

943 1097 1030 1125 lexisti
1056 1098 1199 1133 justitiam,
1221 1102 1249 1124 et
1271 1096 1350 1124 odisti
1378 1097 1547 1131 iniquitatem
1565 1104 1572 1122 :
1587 1100 1730 1130 propterea

943 1144 1021 1170 unxit
1034 1148 1058 1170 te
1075 1144 1155 1174 Deus,
1165 1143 1237 1171 Deus
1252 1149 1324 1177 tuus,
1338 1143 1513 1176 oleolaztitim,
1529 1150 1584 1177 prae
1597 1141 1727 1168 consorti-

942 1191 992 1218 bus
1005 1190 1058 1217 tuis
1071 1190 1121 1217 ".I
1138 1189 1196 1217 Jam
1213 1197 1277 1217 vero
1292 1190 1359 1217 adeo
1373 1190 1512 1224 nugaciter
1528 1189 1655 1215 adversus
1670 1187 1728 1214 Sul-

943 1235 1045 1262 valoris
1067 1235 1150 1262 nostri
1182 1234 1350 1268 majestatem
1379 1238 1407 1261 et
1437 1233 1548 1268 gloriam
1576 1232 1726 1263 olilocutus,

943 1282 1171 1317 blasphemiarum
1186 1290 1295 1309 suarum
1307 1281 1421 1308 crimina
1437 1280 1568 1316 repellere
1584 1279 1633 1307 sibi
1654 1279 1728 1306 vide-

945 1332 999 1360 tur,
1024 1328 1127 1362 puerile
1145 1328 1272 1363 quiddam
1299 1333 1326 1354 et
1348 1326 1459 1355 stultum
1485 1325 1606 1353 inferens
1625 1335 1632 1352 :
1649 1325 1728 1352 Com-

944 1374 1046 1408 munio,
1057 1375 1155 1408 inquit,
1167 1373 1306 1401 nominum
1321 1372 1417 1400 similis
1429 1377 1480 1404 est,
1493 1380 1545 1398 non
1559 1372 1652 1399 eadem
1666 1378 1729 1398 vero

944 1421 1070 1456 dignitas.
1088 1420 1138 1454 Qui
1160 1419 1287 1447 tandem?
1301 1419 1355 1452 dic,
1371 1426 1474 1453 quaéso,
1497 1426 1556 1445 nam
1581 1418 1730 1452 intelligere

944 1473 1059 1501 nequeo.
1078 1465 1145 1493 Nam
1163 1465 1186 1493 si
1206 1465 1240 1492 ita
1256 1470 1298 1492 est
1314 1465 1384 1492 Deus
1403 1469 1432 1491 ut
1448 1464 1536 1491 Moses
1550 1464 1642 1495 etiam,
1655 1469 1679 1490 et
1693 1464 1730 1491 ita

945 1513 1041 1545 Filius,
1057 1517 1086 1540 ut
1097 1511 1189 1544 Israel,
1202 1517 1229 1539 et
1241 1512 1276 1538 ita
1290 1511 1413 1538 Christus
1429 1516 1457 1538 ut
1468 1511 1562 1546 Cyrus,
1571 1510 1635 1545 quin
1649 1511 1728 1537 etiam

946 1559 982 1586 ita
1003 1563 1114 1586 sanctus
1134 1562 1163 1585 ut
1181 1557 1261 1589 Medi,
1284 1557 1417 1592 quomodo
1439 1557 1537 1591 poterit
1552 1557 1653 1583 evitare
1668 1564 1731 1590 quo-

102 1587 174 1641 vosh-
183 1585 240 1641 γιιξρ
255 1587 305 1636 οίδκ
318 1586 384 1641 ἔχω.
398 1588 430 1614 Et
445 1589 499 1624 γάρ
512 1589 585 1616 ἐστιν
598 1591 670 1617 οὕτω
682 1592 747 1624 Θεὸς
759 1593 795 1624 ὡς
805 1594 839 1620 ἂν
851 1595 893 1630 εἴη

960 1605 1034 1632 uinus
1052 1605 1145 1632 eadem
1167 1611 1227 1631 cum
1246 1603 1299 1631 illis
1317 1608 1460 1631 censeatur
1472 1603 1625 1637 mqualitate
1639 1601 1730 1636 digni-

103 1631 150 1656 καὶ
163 1632 178 1657 ὁ
194 1631 310 1666 Μωσῆς,
324 1632 371 1658 καὶ
390 1632 477 1664 οὕτως
491 1633 564 1665 Υἱὸς,
580 1634 617 1666 ὡς
637 1635 754 1670 Ἰσραὴλ,
768 1636 839 1663 οὕτω
862 1646 891 1663 τε

960 1649 1251 1686 atis?Deprehcnderis
1264 1649 1345 1684 igitur
1359 1648 1415 1683 jam
1427 1631 1511 1676 etiam
1526 1649 1550 1675 iu
1570 1634 1653 1681 ipsam
1666 1648 1730 1674 Ver-

102 1677 221 1711 Χριστὸς
235 1677 274 1708 ὡς
287 1677 389 1713 Κῦρος,
406 1678 453 1704 καὶ
467 1679 520 1714 μὴν
535 1680 581 1706 καὶ
596 1680 682 1712 οὕτως
690 1681 767 1715 ἂγιος
781 1682 819 1714 ὡς
834 1683 893 1717 Μῆ-

104 1721 152 1747 δοι·
167 1722 227 1753 πῶς
247 1721 281 1748 ἄν
294 1722 414 1759 διαφύγῃ
429 1723 460 1749 τὸ
489 1724 535 1750 καὶ
549 1725 577 1750 ἐν
593 1725 694 1759 ἰσότητι
715 1726 820 1753 κεῖσθαι
839 1727 894 1754 δεῖν

104 1766 153 1800 τῆς
169 1766 241 1802 πρὸς
251 1767 352 1798 αὐτοὺς
362 1767 440 1800 ἀξίας
453 1777 460 1800 ;
478 1768 584 1806 Ἀλώσῃ
593 1770 624 1805 δὴ
638 1768 684 1798 οὗν
697 1772 743 1798 καὶ
756 1772 796 1804 είς
811 1773 895 1808 αὐτὴν

104 1811 312 1848 δεδυσσεϐηκὼς
326 1813 375 1849 τὴν
390 1814 436 1841 τοῦ
451 1815 537 1848 Λόγου
553 1816 643 1850 φύσιν,
658 1817 726 1853 ἔφης
735 1819 790 1854 γὰρ
801 1819 893 1846 πάλινι

142 1858 237 1894 [Εἰπὲ
266 1859 313 1886 τὸν
334 1859 514 1893 ἀναλαϐόντα,
534 1862 575 1888 ὅτι
600 1862 684 1895 Θεός·
710 1865 828 1899 πρόσθες
851 1865 896 1892 τὸν

106 1903 310 1940 ἀναληφθέντα,
324 1905 364 1932 ὃτι
374 1905 469 1932 δούλου
486 1908 587 1942 μορφή’
603 1907 726 1943 ὲπάγαγε
741 1910 896 1945 μεταταῦτα

107 1950 136 1975 τὸ
156 1950 207 1984 τῆς
230 1951 379 1984 συναφείας
401 1951 520 1986 ἀξίωμα,
538 1953 646 1980 ὅτιτῶν
667 1954 714 1981 δύο
734 1956 750 1990 ή
770 1956 897 1983 αὐθεντία

107 1996 199 2030 κοινή·
214 1996 255 2022 ὅτι
275 1996 330 2023 τῶν
350 1996 406 2030 δύο,
424 1998 522 2025 ταύτὸν
536 1999 566 2025 τὺ
581 1999 688 2035 ἀξίωμα
698 2009 705 2017 ·
721 2001 775 2028 τῶν
790 2002 897 2036 φύσεων

108 2041 259 2076 μενουσῶν,
275 2042 402 2078 ὁμολόγει
416 2043 465 2079 τὴν
480 2044 529 2080 τῆς
543 2045 620 2077 ἀξίας
635 2046 774 2083 ὲνότητα.]

408 2112 532 2139 ΚΕΦΑΛ.
559 2114 597 2140 E'.

143 2178 290 2212 Διατέμνει
309 2179 358 2213 μὲν
376 2176 423 2206 οὖν
438 2180 478 2211 εἰς
492 2180 538 2206 δύο
552 2180 583 2216 δὴ
602 2181 683 2208 πάλιν
694 2191 700 2196 -
717 2183 855 2216 ἀσυνέτως
870 2184 898 2211 δὲ

109 2223 212 2258 σφόδρα
225 2223 275 2259 τὴν
288 2224 339 2258 τῆς
352 2224 476 2258 ἑνώσεως
488 2226 602 2262 δύναμιν
615 2230 648 2263 τῇ
663 2228 726 2264 ἀξίᾳ
740 2229 882 2264 χαρίζεται
891 2238 897 2244 ·

944 1697 969 1725 hi
989 1701 1113 1724 naturam
1130 1695 1229 1723 imuius
1245 1695 1337 1728 fuisse,
1358 1694 1398 1723 sic
1418 1701 1535 1727 namque
1558 1694 1648 1720 dixisti
1670 1701 1730 1720 rur—

945 1751 1003 1771 sum
1025 1751 1033 1770 ἲ

983 1864 1114 1900 [ΝΕετοιι.
1127 1864 1174 1892 Dic
1185 1864 1218 1892 de
1228 1868 1391 1896 assumente.
1402 1864 1473 1898 quod
1486 1864 1556 1891 Deus
1565 1864 1614 1891 sit:
1624 1862 1732 1898 adjicitu

946 1911 1001 1948 Μ
1020 1912 1053 1939 de
1072 1915 1220 1944 assumpto,
1240 1910 1310 1944 quod
1334 1909 1404 1937 servi
1424 1909 1509 1936 forma
1525 1917 1532 1937 ε
1550 1907 1621 1936 infer
1640 1913 1732 1943 postea

948 1955 1145 1991 coniunctionis
1160 1954 1329 1989 dignitatem,
1350 1954 1422 1988 quod
1441 1953 1593 1981 communis
1614 1952 1650 1980 sit
1667 1953 1733 1980 duo-

949 2009 1007 2028 rum
1027 2001 1188 2030 auctoritas.
1210 2000 1281 2034 quod
1303 2000 1395 2027 eadem
1413 1999 1449 2026 sit.
1465 1999 1578 2026 duorum
1592 1998 1708 2033 dignitas
1724 2007 1730 2023 :

948 2046 1119 2074 manentibus
1135 2046 1241 2073 naturis
1261 2045 1390 2073 confitere
1407 2044 1547 2081 dignitatis
1572 2043 1732 2079 unitatem]

1279 2111 1354 2139 CAP.
1376 2111 1407 2139 ι.

985 2180 1083 2208 Dividit
1097 2187 1161 2215 ergo
1174 2186 1280 2207 rursum
1295 2179 1322 2206 in
1336 2178 1399 2210 duo,
1411 2181 1440 2206 et
1452 2177 1577 2212 imperite
1590 2177 1733 2203 admodum

950 2229 1004 2255 vim
1021 2227 1134 2255 unitatis
1153 2225 1276 2261 dignitati
1295 2224 1419 2259 largitur,
1444 2223 1560 2251 fortasse
1581 2230 1615 2249 ne
1638 2221 1734 2248 intelli—

108 2271 179 2304 τάχα
195 2279 247 2296 που
263 2271 300 2306 μὴ
315 2272 448 2305 συνιεὶς,ὃ
461 2281 488 2299 τι
499 2273 564 2300 ποτέ
580 2275 652 2301 ἐστιν
667 2276 683 2310 ἡ
697 2275 860 2307 ἓνωσις,κα“ι
874 2276 897 2303 τί

960 2281 1019 2310 gens
1033 2273 1142 2309 quidem
1156 2272 1220 2306 quid
1237 2271 1344 2298 tandem
1360 2270 1395 2297 sit
1409 2269 1509 2300 unitas,
1525 2267 1588 2303 quid
1614 2275 1656 2294 res
1677 2267 1736 2301 ipra

110 2317 158 2350 τῆς
178 2316 257 2348 ἀξίας
271 2317 302 2343 τὸ
320 2317 431 2353 χρῆμα·
449 2318 518 2354 πλὴν
531 2320 618 2346 ἐκεῖνό
632 2329 735 2356 φαμεν·
751 2322 824 2349 Μίαν
846 2322 897 2357 ἔφη

109 2363 164 2389 τῶν
185 2362 233 2388 δύο
256 2363 365 2397 φύσεων
384 2365 434 2400 τὴν
449 2365 602 2397 αὐθεντίαν,
619 2367 666 2393 καὶ
688 2367 717 2393 ἐν
732 2368 763 2394 τὸ
779 2369 898 2403 ἀξίωμα.

111 2409 175 2435 ὐτε
192 2409 281 2436 τοίνυν
297 2410 312 2436 ὁ
325 2411 354 2436 ἐν
369 2410 473 2446 ἰσότητι
487 2411 566 2447 δόξης
579 2413 629 2448 τῆς
643 2413 711 2447 πρὸς
732 2414 798 2441 Θεὸν
814 2415 900 2449 Λόγον

110 2456 158 2490 οὐχ
173 2457 368 2492 ὑπερκείσεται
379 2457 426 2483 τὸν
440 2457 553 2490 Μωσέα,
569 2459 639 2486 κατά
650 2467 681 2492 γε
692 2459 722 2486 τδ
739 2457 807 2487 εἶναι
822 2461 899 2493 Θεὸς,

111 2503 188 2537 δῆλον
205 2503 237 2529 ἃν
257 2503 300 2538 εἴη
321 2503 468 2538 δήπουθεν,
481 2505 522 2531 ὅτι
538 2505 584 2532 καὶ
598 2506 678 2537 αὐτὸς
691 2506 704 2532 ὁ
723 2507 756 2533 ἐκ
769 2506 837 2533 Θεοῦ
849 2507 901 2534 Λό-

111 2558 156 2582 γος
176 2550 379 2583 ίσοστατήσειεν
394 2549 428 2576 ἂν
442 2550 476 2584 τῇ
492 2550 538 2576 τοῦ
562 2551 683 2583 Μωσέως
699 2553 769 2587 τάχα
784 2561 835 2578 που
851 2553 901 2587 φύ-

112 2602 150 2620 σει
167 2595 214 2620 καὶ
229 2594 309 2629 δόξῃ·
327 2595 352 2620 εί
365 2593 421 2628 γὰρ
437 2595 511 2620 ἐστιν
523 2595 609 2627 ἐοικὸς
627 2595 673 2621 καὶ
683 2596 900 2631 ἀπαραλλάκτως

111 2639 170 2672 ἔχον
186 2640 241 2665 πᾶν
256 2638 347 2664 ὁτιοῦν
361 2638 401 2672 τῷ
427 2638 528 2673 πρώτῳ
545 2639 592 2665 καὶ
617 2640 700 2675 τρίτῳ
713 2641 743 2667 τὸ
755 2641 799 2668 διὰ
815 2642 899 2676 μέσου

111 2685 151 2718 εἴη
167 2685 199 2710 ἄν
212 2684 261 2719 οὐχ
273 2685 396 2718 ἑτεροῖος
412 2684 502 2715 αὐτοῖς
518 2685 532 2710 ό
546 2685 595 2719 τῆς
605 2685 711 2720 φύσεως
727 2687 816 2720 λόγος.
825 2687 901 2713 Ἀλλ’

113 2730 173 2761 ἴσως
186 2731 245 2765 ἐρεῖ
259 2730 309 2764 τῆς
327 2729 410 2761 ἀξίας
424 2730 469 2755 τὸν
482 2730 581 2764 τρόπον
608 2731 656 2757 οὐκ
689 2730 757 2759 εἶναι
778 2733 825 2758 καὶ
849 2732 899 2766 φύ-

113 2784 165 2803 σιν·
179 2776 279 2803 οὐκοῦν
302 2775 364 2803 ἀνθ’
378 2776 441 2802 ὅτου
458 2776 491 2802 τὰ
514 2776 563 2811 τῆς
603 2777 669 2811 πρὸς
687 2777 788 2813 ἄλληλα
805 2786 900 2805 κοινω-

142 2868 162 2884 ⁸⁵
179 2868 255 2894 Rom.
286 2874 305 2899 ι,
323 2865 372 2893 25.
416 2865 438 2881 ³⁵
459 2864 526 2892 Psal.
541 2873 610 2898 λων,
628 2866 654 2893 8.

951 2320 1103 2355 dignitatis.
1122 2317 1187 2345 Illud
1209 2321 1297 2344 tamen
1321 2316 1460 2343 dicemus:
1483 2313 1570 2342 Unam
1585 2320 1644 2340 esse
1666 2311 1734 2339 dixit

952 2367 1064 2393 duarum
1082 2369 1239 2391 naturarum
1256 2360 1453 2392 auctoritatem,
1476 2364 1502 2387 et
1518 2366 1597 2386 unam
1620 2357 1734 2393 dignita-

953 2417 1018 2439 tem.
1036 2410 1085 2438 Ubi
1102 2410 1184 2444 igitur
1198 2408 1222 2435 is
1239 2407 1284 2442 qui
1302 2413 1393 2441 parem
1412 2405 1492 2433 habet
1509 2404 1564 2431 Deo
1578 2404 1668 2431 Verbo
1679 2403 1734 2438 glo-

953 2459 1032 2490 riam,
1056 2458 1082 2484 in
1107 2464 1141 2484 eo
1156 2460 1229 2483 certe
1245 2455 1316 2488 quod
1339 2454 1408 2480 Deus
1428 2456 1479 2485 est,
1500 2451 1584 2478 nihilo
1599 2455 1641 2478 est
1662 2450 1734 2478 Mose

953 2503 1086 2537 superior,
1099 2501 1194 2537 procul
1205 2500 1285 2528 dubio
1297 2499 1381 2533 liquet
1390 2498 1475 2533 ipsum
1488 2503 1595 2532 quoque
1607 2497 1653 2523 Dei
1667 2495 1735 2522 Ver-

953 2550 1016 2576 bum
1032 2547 1089 2583 pari
1103 2549 1240 2574 momento
1258 2548 1286 2572 et
1298 2547 1400 2571 naturae
1423 2547 1451 2570 et
1471 2541 1563 2576 gloriae
1579 2549 1639 2569 cum
1662 2540 1735 2567 Mose

953 2593 1168 2628 exaequandum.
1189 2590 1347 2623 Ubicunque
1370 2587 1441 2615 enim
1458 2586 1595 2622 quodlibet
1617 2585 1734 2612 medium

952 2641 1041 2675 primo
1055 2646 1087 2665 ac
1103 2637 1183 2665 lerlio
1199 2634 1335 2670 persimile
1348 2638 1399 2666 est,
1413 2633 1541 2667 nullaque
1558 2632 1585 2659 in
1602 2639 1632 2659 re
1648 2631 1734 2658 diver-

950 2694 1022 2719 sum,
1036 2683 1147 2712 omnino
1162 2681 1285 2716 sequitur
1299 2684 1330 2707 ut
1346 2679 1418 2706 nulla
1435 2679 1470 2706 sit
1486 2679 1557 2706 inter
1574 2677 1617 2704 illa
1635 2680 1736 2703 naturae

952 2731 1060 2758 diversa
1078 2727 1156 2757 ratio.
1176 2728 1228 2755 Sed
1244 2725 1315 2754 dicet
1330 2726 1455 2758 fortasse,
1473 2722 1612 2759 dignitatis
1628 2721 1735 2748 modum

953 2784 1005 2805 non
1028 2776 1098 2803 idem
1115 2782 1175 2803 esse
1199 2780 1231 2800 ac
1255 2777 1379 2800 naturam
1401 2780 1408 2799 :
1425 2777 1474 2798 cur
1493 2769 1574 2804 igitur
1597 2773 1629 2794 ea
1644 2772 1703 2800 quae
1720 2771 1736 2792 a
