1883 3054
141 146 174 173 8'5
635 141 665 179 S,
685 139 824 169 εϊιιιιιλ
842 137 1075 166 ALEXANDRINI
1094 139 1255 168 ARCHIEP.
1733 143 1771 172 ει

142 208 234 231 inutua
256 204 457 236 communione,
483 207 564 237 atquc
590 201 672 228 etiam
693 199 850 234 aequalitate
872 202 921 225 tam

1010 206 1048 231 ις,
1064 199 1111 225 καὶ
1128 199 1182 235 μὴν
1204 201 1251 227 καὶ
1276 200 1396 236 ἰσότητος
1411 200 1546 233 οὐσιωδῶς
1562 201 1689 229 τοσοῦτον
1713 203 1772 239 ἀφ-

143 257 240 285 magno
252 250 377 279 essentia:
387 248 544 277 discrimine
555 247 690 282 disiuncta
703 250 778 278 sunt,
790 245 817 273 iu
834 251 925 275 unam,

142 301 171 324 ut
186 297 244 331 ipse
262 296 341 329 dicis,
363 295 552 323 auctoritatem
569 293 731 328 colligenda.
755 296 783 319 et
801 290 858 326 pari
879 290 928 317 ho-

141 350 207 370 nore
220 349 316 371 censes
336 341 477 369 ornanda?
499 340 549 369 Ubi
572 346 689 374 namque
708 345 820 373 prorsus
839 336 928 363 minor

141 392 182 415 est
197 393 305 420 natura,
320 387 363 415 cui
376 387 461 414 altera
482 385 683 421 superponitur,
698 384 743 418 qui
766 382 823 409 ﬁeri
839 385 927 416 potest

142 438 171 460 ut
183 433 219 460 illi
239 432 379 466 contingat
391 435 418 459 et
432 430 534 465 paritas
549 427 671 460 honoris,
687 432 714 454 et
730 425 870 461 aequalitas
886 423 925 451 di-

141 478 261 514 gnitatis,
273 482 300 505 et
313 477 382 505 idem
395 476 559 510 minimeque
570 475 692 501 diversus
703 471 795 506 gloria:
811 468 925 496 modus?

142 523 218 556 Quod
236 527 327 550 autem
347 521 562 556 coniunctionem
582 518 729 554 appellans.
746 524 804 544 eam
822 514 926 543 scilicet

141 576 199 602 qua:
212 576 245 596 ex
259 568 357 596 vicinia
373 568 432 596 sola
447 566 491 594 vel
503 566 650 594 secundum
665 563 870 600 appositionem,
884 560 925 588 vel

141 614 287 642 secundum
302 613 488 642 habitudinem
507 611 676 647 intelligitur.
696 610 753 644 ipse
767 607 824 635 suis
844 606 926 634 ratio-

141 659 219 687 nibus
232 660 402 693 adversatur,
415 664 443 687 et
458 667 519 694 quze
534 657 668 686 destruxit
682 655 807 687 aediﬁcat,
823 658 850 681 et
865 659 925 688 quae

140 702 283 730 demolitus
296 707 338 730 est
349 703 440 738 erigit,
456 703 564 738 planum
582 701 627 729 ﬁet
640 708 673 729 ex
685 701 736 728 hoc
752 705 846 726 rursus
861 706 869 725 :
886 697 926 724 sic

140 755 256 783 namque
270 748 338 776 dixit
350 758 358 776 ι

175 792 315 829 [Νεετοιι.
330 794 392 822 ideo
409 793 469 821 volo
484 801 531 821 vos
545 796 623 821 caute
640 792 809 826 ﬁrmiterque
821 794 920 817 tenere.

142 838 241 866 Divisio
253 838 326 866 nulla
342 843 384 866 est
392 837 590 874 coniunctionis
598 837 751 873 dignitatis,
767 835 903 863 ﬁliationis
917 845 923 861 :

140 884 191 911 hoc
210 884 297 919 ipsum
314 885 385 919 quod
407 884 530 912 Christus
549 888 600 916 est,
618 883 717 910 nutlam
738 882 841 916 patitur
857 881 924 908 divi-

139 931 241 959 sionem
253 939 263 958 ς
272 931 319 958 sed
333 930 438 958 deitatis
451 936 477 958 et
487 930 663 958 humanitalis
674 933 717 957 est
728 929 834 957 divisio.
844 927 924 955 Chri-

139 980 210 1009 stus.
221 983 272 1012 qua
285 976 418 1010 Christus,
432 977 585 1004 individuus
597 979 638 1003 est
652 985 658 1002 :
673 982 758 1010 neque
772 973 844 1001 enim
855 973 924 1000 duos

138 1024 258 1051 christos
282 1023 423 1056 habemus,
439 1031 526 1058 neque
539 1024 605 1051 duos
626 1023 694 1050 ﬁlios
707 1031 714 1049 :
728 1030 780 1048 non
800 1021 872 1048 enim
883 1024 925 1048 est

139 1069 208 1104 apud
222 1077 271 1097 nos
281 1069 382 1105 primus
393 1075 420 1097 et
431 1069 578 1102 secundus,
592 1077 678 1104 neque
691 1068 760 1095 alius
785 1073 813 1095 et
832 1068 901 1095 alius
914 1074 921 1094 :

138 1122 227 1149 neque
237 1122 332 1144 rursus
348 1116 417 1143 alius
438 1115 568 1148 Filius,et
580 1115 649 1143 alius
660 1123 788 1147 rursum;
802 1115 848 1142 sed
866 1114 923 1149 ipse

139 1160 182 1188 ille
198 1169 271 1190 trtius
286 1166 329 1190 est
343 1162 439 1191 duolex
455 1171 462 1189 :
486 1170 539 1190 non
561 1162 703 1194 dignitate,
723 1162 770 1189 sed
792 1166 900 1188 natura.
915 1160 922 1197 Ι

452 1231 528 1260 CAP.
551 1231 605 1259 VL.

172 1303 286 1338 Explica
299 1302 366 1330 mihi
391 1309 487 1329 rursus
511 1301 640 1337 quidnam
667 1308 728 1328 esse
756 1300 922 1328 individuam

136 1347 357 1382 coniunctionem
377 1347 469 1375 dicis?
489 1346 671 1378 Uuitatemue.
699 1347 848 1374 secundum
874 1346 923 1381 hy-

137 1393 266 1427 postasitn
281 1393 418 1425 nimirum,
437 1401 518 1428 quam
534 1393 587 1427 ipsi
603 1393 780 1427 praedicamus
798 1400 859 1420 cum
874 1400 922 1428 pro

136 1439 291 1474 dogmatum
317 1439 433 1467 veritate
459 1443 608 1472 certamus.
626 1447 659 1466 an
682 1446 747 1466 vero
774 1439 845 1466 hanc
861 1447 922 1472 quae

136 1486 284 1513 secundum
298 1487 504 1521 appositiouem.
517 1491 544 1513 et
557 1485 669 1521 alicujus
683 1486 716 1513 ad
729 1485 832 1520 aliquid
851 1486 917 1513 vici-

978 247 1112 282 εστηκότα
1133 247 1275 282 συλλέγειν
1297 249 1337 280 είς
1362 248 1437 284 μίαν,
1452 249 1524 276 καθὰ
1545 250 1599 285 φὴς
1612 250 1704 281 αὐτὸς.
1720 251 1771 277 αὺ-

978 294 1103 326 θεντίαν,
1125 295 1173 322 καὶ
1193 296 1286 330 τιμαῖς
1310 296 1371 327 ταῖς
1395 296 1466 327 ῐσαις
1488 297 1636 330 στεφανοῦν
1659 296 1769 328 diuis;

978 340 1065 367 Ὅπου
1081 340 1135 376 7&9
1151 341 1219 372 ὅλως
1233 343 1428 376 μειονεκτεῖται
1453 341 1544 376 φύσις,
1561 343 1657 378 ἑτέρας
1681 343 1771 378 ὑπερ-

977 386 1116 421 κειμένης,
1137 387 1195 418 πῶς
1211 387 1245 413 ἂν
1257 387 1326 423 αὐτῇ
1346 388 1527 423 προσγένοιτο
1537 389 1584 415 καὶ
1597 389 1688 424 γερῶν
1708 389 1768 415 ισό-

976 442 1035 469 της,
1052 434 1099 460 καὶ
1115 433 1270 469 ίσομοιροῦν
1289 433 1408 469 ἀξίωμα,
1427 435 1474 461 καὶ
1485 436 1500 462 ὁ
1512 435 1562 470 τῆς
1574 435 1702 467 εὐκλείας
1716 436 1769 470 οὐχ

976 479 1068 515 ἕτερος
1088 479 1205 516 τρόπος;
1221 479 1282 506 ὀτι
1304 479 1333 507 δὲ
1357 480 1504 515 συνάφειαν
1527 481 1677 516 ὀνομάζων,
1692 482 1768 516 τάχα

977 535 1026 553 που
1055 526 1104 562 τὴν
1132 527 1191 552 κατ’
1205 526 1342 561 ἐγγύτητα
1365 527 1449 562 μόνην
1471 527 1520 554 καὶ
1549 527 1615 562 ita.
1630 528 1668 564 ἢ]
1691 528 1766 554 κατὰ

975 571 1137 607 παράθεσιν,
1153 572 1236 606 ἤγουν
1258 571 1385 607 σχετικὴν
1411 572 1571 608 νοουμένην,
1594 573 1677 604 αὐτὸς
1705 574 1767 605 τοῖς

977 619 1051 651 ἰδίοις
1065 619 1256 646 ἀντανίσταται
1279 618 1378 652 λόγοις.
1395 618 1414 645 ἃ
1432 618 1580 645 κατέλυσεν
1600 619 1763 655 οἰκοδομῶν,

977 665 1023 691 καὶ
1043 664 1154 696 ἀνιστὰς
1175 665 1205 691 τὸ
1221 664 1422 700 καθῃρημένον,
1441 665 1527 699 σαφὲς
1542 665 1575 692 ἂν
1594 665 1700 701 γένοιτο
1714 667 1765 693 καὶ

975 710 1020 737 διὰ
1037 710 1113 737 τοῦδε
1128 710 1159 745 δὴ
1174 710 1270 738 πάλιν·
1288 710 1339 746 ἔφη
1352 710 1406 746 7&9
1419 710 1515 742 οὕτως·

1012 798 1071 833 ῙΔιὰ
1087 797 1165 825 τοῦτο
1191 798 1322 833 βούλομαι
1339 799 1412 834 ὑμᾶς
1431 799 1500 834 μετὰ
1524 799 1674 834 ἀσφαλείας
1696 808 1765 835 κρα-

975 846 1046 871 τεῖν·
1062 844 1191 879 διαίρεσις
1206 845 1256 871 οὐκ
1270 844 1329 871 ἔστι
1344 846 1394 881 τῆς
1411 845 1556 880 συναφείας
1578 845 1625 872 τοῦ
1641 845 1766 881 ἀξιώμα-

975 899 1030 923 τος,
1045 891 1096 925 τῆς
1111 891 1247 926 υὲότητος’
1264 890 1347 918 αὑτοῦ
1364 891 1410 918 τοῦ
1424 889 1494 918 εἶναι
1508 892 1626 927 Χριστὸς
1639 892 1691 918 οὐκ
1704 891 1765 918 ἔστι

975 937 1128 972 διαίρεσις-
1150 937 1200 972 τῆς
1221 937 1251 964 δὲ
1273 937 1398 972 θεότητος
1415 939 1460 964 καὶ
1477 938 1683 973 ἀνθρωπότητός
1704 938 1765 964 ἐστι

974 984 1122 1019 διαίρεσις·
1135 984 1151 1011 ὸ
1162 984 1288 1019 Χριστὸς.
1301 984 1372 1011 κατὰ
1393 984 1423 1010 τὺ
1446 985 1574 1019 Χριστὸς,
1589 984 1742 1020 ἀδιαίρετος
1756 992 1762 998 ·

973 1031 1004 1058 οὐ
1026 1030 1081 1066 γὰρ
1095 1031 1192 1066 ἔχομεν
1209 1030 1256 1057 δύο
1269 1031 1407 1066 χριστοὺς,
1423 1031 1484 1057 οὐδὲ
1499 1031 1545 1057 δύο
1559 1030 1646 1062 υἱούς·
1662 1031 1693 1056 οὺ
1706 1030 1765 1065 γάρ

974 1077 1033 1104 ἐστι
1049 1077 1114 1111 παρ’
1126 1077 1191 1112 ἡμῖν
1205 1076 1312 1112 πρῶτος
1325 1077 1373 1103 καὶ
1387 1076 1521 1112 δεύτερος,
1541 1076 1602 1103 οὐδὲ
1615 1076 1694 1107 ἄλλος
1715 1076 1765 1102 καὶ

973 1122 1052 1154 ἄλλος
1062 1130 1069 1137 ⁸
1082 1121 1142 1149 οὐδὲ
1157 1122 1239 1148 πάλιν
1251 1121 1330 1154 ἄλλος
1342 1122 1414 1154 Υἱὸς,
1434 1122 1481 1149 καὶ
1495 1122 1574 1153 ἄλλος
1588 1121 1668 1148 πάλιν
1679 1129 1685 1135 ·
1699 1120 1766 1147 ἀλλ’

974 1168 1056 1200 αὐτὸς
1073 1169 1088 1194 ὁ
1105 1164 1146 1200 εἷς
1166 1169 1223 1195 ἐστι
1232 1167 1343 1200 διπλοῦς
1352 1176 1359 1182 '
1370 1168 1400 1194 οὐ
1409 1169 1440 1203 τῇ
1453 1167 1525 1203 ἀξίᾳ,
1539 1167 1607 1194 ἀλλὰ
1613 1169 1646 1203 τῇ
1658 1165 1769 1202 causam}

1273 1237 1397 1264 ΚΕΦΑΛ.
1419 1238 1464 1270 ς’.

1008 1304 1097 1340 Φράζε
1109 1304 1140 1339 δή
1158 1312 1202 1339 μοι
1217 1303 1309 1334 πάλιν.
1321 1303 1346 1330 τί
1360 1303 1391 1337 δὴ
1405 1304 1458 1339 ἄρα
1474 1304 1523 1339 τὴν
1536 1304 1687 1339 ἀδιαίρετον
1700 1311 1766 1330 συν-

973 1352 1070 1386 ἅψειαν
1085 1348 1155 1378 εἶναι
1173 1351 1227 1386 φὴς
1238 1359 1246 1383 ;
1256 1349 1330 1385 Ἆρα
1343 1350 1395 1384 τὴν
1403 1350 1510 1381 ἕνωσιν,
1526 1350 1604 1385 δῆλον
1615 1350 1644 1377 δὲ
1657 1350 1697 1376 ὃτι
1713 1349 1768 1381 τὴν

974 1388 1041 1424 δῶῖ
1051 1397 1215 1437 mitigata
1239 1396 1273 1432 ἢν
1298 1396 1378 1431 ἡμεῖς
1403 1395 1608 1431 πρεσϐεύομεν,
1632 1396 1688 1427 τοῖς
1713 1395 1765 1430 τῆς

973 1444 1102 1480 ἀληθείας
1116 1442 1309 1474 συναθλοῦντες
1320 1442 1451 1477 δόγμασιν
1461 1450 1468 1457 ·
1480 1442 1497 1477 ἢ
1509 1441 1624 1476 ταυτηνὶ
1633 1441 1684 1477 τὴν
1694 1441 1765 1468 κατὰ

974 1491 1134 1527 παράθεσιν,
1149 1491 1197 1516 καὶ
1212 1489 1261 1525 τὴν
1276 1488 1344 1524 πρὸς
1356 1488 1417 1515 τόδε
1429 1497 1456 1514 τι
1469 1487 1516 1514 τοῦ
1529 1487 1614 1519 δεῖνος
1626 1487 1766 1522 ἐγγύτητα

136 1531 248 1559 nitatem
282 1531 441 1567 intelligitur
454 1532 471 1559 ?‘
484 1531 551 1560 Nam
578 1532 618 1560 sic
640 1532 723 1559 etiam
755 1532 809 1569 εδ
837 1539 921 1560 sacra:

1010 1538 1139 1573 )upév‘qv;
1155 1536 1268 1571 Δέχεται
1282 1535 1337 1570 γὰρ
1353 1535 1425 1561 οὕτω
1437 1534 1487 1570 τὴν
1505 1533 1577 1567 λέξιν
1594 1534 1611 1568 ἡ
1633 1532 1764 1560 θεόπνευ-

135 1577 244 1606 Littera:
274 1579 344 1606 hanc
374 1579 521 1607 dictionem
549 1578 817 1613 accipiunt:itaque
850 1578 920 1605 dixit

135 1626 206 1653 Deus
220 1625 256 1652 ad‘
270 1625 378 1652 beatum
396 1624 499 1657 Mosen,
528 1624 560 1652 de
573 1624 657 1651 veteri
676 1623 722 1651 illo
745 1623 921 1651 tabernaculo

136 1672 249 1705 loquens
264 1679 271 1697 :
289 1679 299 1696 ι
315 1670 348 1697 Et
366 1670 448 1697 facies
463 1669 556 1697 ﬁbulas
567 1669 763 1704 quinquaginta
778 1676 884 1701 aureas,
894 1674 921 1696 et

136 1716 283 1751 conjuuges
305 1717 424 1743 cortinas
446 1715 559 1743 alteram
587 1715 666 1742 alteri
680 1715 715 1741 “.
736 1724 746 1741 ι
760 1715 826 1743 Cum
849 1715 920 1742 enim

135 1762 253 1797 quinque
266 1765 368 1793 essent,
384 1765 412 1788 et
425 1767 592 1795 unaquaeque
604 1760 716 1788 seorsim
727 1759 833 1787 diversa
848 1763 922 1787 esset

135 1809 168 1835 ab
184 1807 256 1840 aliis,
267 1806 478 1842 coniungebatur
492 1806 592 1834 ﬁbulis.
602 1806 636 1833 At
646 1813 710 1833 vero
723 1813 772 1833 nos
787 1805 857 1833 haud
870 1805 921 1832 isto

135 1853 214 1880 modo
228 1853 325 1880 factam
337 1853 362 1880 in
373 1852 481 1880 Christo
494 1852 621 1880 unionem
633 1851 750 1880 dicimus
764 1861 770 1879 :
784 1859 837 1880 non
848 1852 920 1879 enim

133 1903 164 1926 ut
187 1898 334 1934 quispiam,
360 1897 435 1925 verbi
457 1897 555 1932 gratia,
585 1897 760 1931 coniungitur
783 1896 862 1924 alteri
879 1896 921 1924 vel

134 1951 182 1979 per
201 1943 387 1971 unauimitatis
407 1943 526 1975 modum,
540 1943 581 1970 vel
591 1950 638 1977 per
652 1942 774 1977 corporis
782 1942 920 1975 viciniam,

135 1991 174 2017 sic
192 1989 235 2016 ille
255 1995 362 2023 quoque
376 1988 537 2023 coniunctus
553 1992 610 2021 est;
626 1987 686 2019 sed,
704 1990 733 2014 ut
751 1987 850 2022 saepius
865 1986 920 2021 iam

135 2034 203 2067 dixi,
227 2041 304 2062 suum
322 2033 413 2060 eﬁ'ecit
436 2040 534 2067 corpus
551 2040 586 2060 ex
602 2037 694 2060 sancta
716 2031 828 2068 Virgine
847 2040 922 2060 sum-

134 2085 260 2116 punn,et
277 2079 341 2107 illud
371 2085 405 2107 ex
431 2079 487 2106 Deo
503 2078 621 2106 Verbum
648 2079 723 2106 carni
752 2086 805 2105 non
834 2078 922 2106 inani-

136 2131 214 2154 Inntm
229 2133 293 2154 vere
314 2126 418 2153 unitum
432 2125 557 2153 dicimus.
572 2124 656 2161 Igitur
670 2125 693 2152 si
707 2124 918 2160 coniunctionis.

135 2178 164 2200 ut
185 2172 246 2208 ipse
264 2176 354 2203 vocat.
372 2172 414 2199 vis
438 2178 499 2199 eam
523 2172 655 2198 unitatem
680 2171 818 2206 signiﬁcat
840 2179 921 2206 quam

136 2219 185 2252 ipsi
211 2219 396 2253 intelligimus,
412 2217 496 2249 illam,
524 2217 646 2252 inquam,
671 2217 820 2244 secundum
837 2217 921 2252 hypo—
938 2216 960 2244 D

134 2265 243 2297 stasiiu,
262 2268 334 2292 recte
349 2271 415 2291 sane
429 2263 508 2295 dixit,
531 2263 634 2290 nullam
657 2271 720 2290 esse
738 2263 851 2295 Christi,
869 2270 922 2297 qua

134 2311 262 2338 Christus
284 2314 337 2343 est,
363 2309 549 2337 divisionem:
568 2316 656 2343 neque
678 2308 753 2336 enim
774 2314 817 2336 est
841 2309 920 2342 alter,

134 2363 224 2394 neque
243 2355 315 2383 titius
331 2360 358 2382 et
377 2355 459 2387 ﬁlius.
490 2354 560 2382 alius
583 2359 664 2389 atque
691 2355 771 2386 alius.
796 2355 871 2389 prior
895 2359 922 2382 et

134 2402 278 2433 secundus,
293 2401 339 2429 sed
352 2408 422 2428 unus
435 2400 573 2431 nimirum.
585 2405 611 2427 et
622 2405 684 2428 ante
699 2408 808 2428 carnem
821 2406 848 2428 et
862 2405 922 2436 post

133 2454 243 2475 carnem
259 2456 267 2474 :
285 2447 324 2474 sic
351 2454 467 2480 namque
483 2446 546 2480 erit,
564 2450 595 2473 ut
620 2451 647 2473 tu
672 2446 752 2480 dicis,
771 2447 918 2474 secundum

132 2494 295 2528 dignitatern
305 2497 386 2527 atque
399 2493 480 2520 etiam
495 2492 644 2520 secundum
657 2493 805 2527 potentiam
821 2492 917 2520 indivi-

134 2540 214 2571 duus,
239 2539 295 2566 iuno
306 2546 371 2566 vero
392 2539 474 2566 idem.
487 2537 515 2565 ld
532 2538 554 2565 si
569 2539 604 2565 ita
617 2542 670 2570 cst,
696 2538 831 2572 quomodo
845 2539 918 2565 illum

133 2593 215 2613 unum
228 2590 256 2613 et
272 2585 436 2612 individuum
450 2584 583 2619 duplicem
598 2592 659 2612 esse
670 2585 720 2616 :Iis,
732 2589 759 2612 et
770 2593 824 2612 non
832 2585 920 2618 digni-

133 2636 199 2664 tale.
226 2631 275 2659 sed
296 2629 477 2657 natura?Non
501 2631 574 2658 enim
591 2631 656 2664 quia
678 2630 724 2657 Dei
747 2630 837 2658 Patris
852 2630 921 2658 Ver-

133 2679 196 2704 huiu
225 2681 363 2711 assumpta
395 2684 478 2704 carne
492 2678 593 2712 prodiit
618 2678 698 2705 homo
712 2678 811 2706 similis
831 2678 919 2710 nobis,

123 2723 194 2768 ῥύεο
205 2723 303 2756 duplex
317 2727 359 2749 est
370 2721 546 2757 appellandus
562 2732 568 2749 :
588 2731 660 2750 unus
681 2727 723 2751 est
740 2724 811 2751 enim
826 2728 853 2751 et
868 2731 920 2750 non

130 2770 190 2797 sine
203 2776 297 2802 carne,
319 2769 365 2804 qui
381 2769 528 2797 secundum
543 2769 682 2805 propriam
701 2774 826 2798 naturam
843 2774 920 2798 extra

166 2859 188 2877 ⁸⁸
203 2859 288 2887 Exod.
306 2868 379 2892 λινε,
393 2861 419 2891 1.
437 2860 463 2886 2.

973 1593 1036 1616 στος
1049 1583 1160 1618 Γραφή·
1175 1582 1225 1609 καὶ
1238 1581 1304 1616 γοῦν
1318 1580 1369 1616 ἔφη
1388 1579 1457 1616 πρὸς
1473 1579 1575 1607 Μωσέα
1587 1579 1635 1605 τὸν
1648 1577 1765 1614 ἱερώταν

971 1639 1027 1661 τον,
1045 1629 1110 1662 περὶ
1123 1628 1173 1664 τῆς
1187 1627 1305 1664 ἀρχαίας
1321 1626 1428 1662 ἐκείνης
1440 1625 1542 1660 σκηνῆς
1553 1625 1688 1657 συντιθεὶς
1701 1624 1766 1656 τοὺς

971 1676 1065 1710 λόγους
1074 1684 1081 1690 ·
1102 1685 1112 1701 ‹
1126 1674 1183 1702 Καὶ
1195 1673 1318 1708 ποιήσεις
1330 1673 1441 1708 κρίκους
1452 1672 1622 1706 πεντήκοντα
1634 1669 1765 1706 χρυσοῦς,

972 1723 1019 1749 καὶ
1034 1721 1162 1756 συνάψεις
1175 1720 1225 1752 τὰς
1238 1719 1352 1751 αὐλαίας
1374 1718 1471 1753 ἑτέραν
1489 1719 1523 1753 τῇ
1537 1717 1619 1752 ἑτέρᾳ.
1632 1718 1689 1748 τοῖς
1703 1717 1764 1751 κρί-

973 1775 1040 1799 κοις,
1056 1776 1065 1792 ι
1083 1766 1167 1793 Πέντε
1180 1765 1235 1800 7&9
1248 1761 1337 1796 οὖσαι,
1358 1763 1406 1790 καὶ
1422 1762 1514 1794 ίδικῶς
1527 1762 1630 1796 ἑκάστη
1651 1761 1719 1796 πρὸς
1735 1761 1765 1787 τὺ

973 1813 1053 1847 ἑτέρα
1063 1812 1104 1844 τίς
1115 1810 1185 1838 εῐναι
1201 1809 1277 1845 παρὰ
1289 1809 1337 1841 τὰς
1350 1808 1433 1840 ἄλλας
1444 1807 1552 1844 ἔχουσα.
1570 1806 1691 1841 συνῆπτο
1709 1807 1766 1836 τοῖς

973 1859 1088 1894 κρίκοις.
1097 1858 1192 1892 Ἡμεῖς
1214 1856 1242 1883 δὲ
1266 1857 1315 1891 οὐχ
1332 1855 1403 1882 οὕτω
1424 1855 1513 1889 φαμὲν
1535 1852 1693 1888 πεπρᾶχθαι
1718 1853 1766 1878 ἐπὶ

972 1904 1091 1940 Χριστοῦ
1107 1904 1156 1940 τὴν
1171 1903 1269 1930 ἒνωσιν
1279 1911 1285 1917 ·
1302 1902 1363 1928 οὐδὲ
1382 1901 1437 1936 γὰρ
1454 1901 1548 1935 ὥσπερ
1564 1901 1577 1926 ὁ
1593 1900 1667 1926 δεῖνα
1683 1899 1767 1933 τυχὸν

972 1949 1011 1985 τῷ
1033 1950 1099 1976 δεῖνι
1125 1948 1287 1976 συνάπτοιτο
1307 1947 1350 1980 ἂν,
1364 1947 1380 1982 ἢ
1398 1946 1469 1974 κατὰ
1485 1946 1530 1972 τὸν
1545 1947 1595 1981 τῆς
1610 1945 1765 1980 όμοψυχίας

972 1995 1082 2031 τρόπον,
1099 1995 1183 2030 ἤγουν
1204 1993 1275 2020 κατὰ
1296 1992 1326 2019 τὺ
1349 1991 1433 2026 ἐγγὺς
1451 1991 1481 2017 ὲν
1496 1991 1613 2025 σώματι,
1630 1989 1703 2017 οὓτω
1716 1990 1766 2015 καὶ

973 2041 1069 2073 αὐτός’
1096 2039 1164 2067 ἀλλὰ
1187 2039 1305 2076 γὰρ.ὡς
1329 2038 1379 2074 ἥδη
1404 2037 1562 2068 πλειστάκις
1587 2036 1673 2071 ἔφην,
1699 2036 1765 2063 ἴδιον

973 2087 1119 2122 ἐποιήσατο
1137 2085 1217 2120 σῶμα
1232 2085 1262 2111 τὸ
1277 2083 1378 2120 ληφθὲν
1393 2084 1425 2110 ὲκ
1438 2083 1489 2118 τῆς
1510 2083 1590 2117 ἁγίας
1602 2082 1744 2118 Παρθένου
1756 2090 1764 2097 ·

974 2133 1020 2160 καὶ
1036 2132 1144 2167 ἀληθῶς
1159 2130 1279 2167 ἡνῶσθαί
1296 2138 1396 2164 φαμεν,
1410 2129 1460 2156 οὐκ
1472 2128 1568 2164 ἀψύχῳ
1580 2129 1662 2163 σαρκὶ
1674 2129 1719 2155 τὸν
1733 2128 1767 2155 ὲκ

974 2178 1041 2205 Θεοῦ
1055 2178 1148 2211 Λόγον.
1167 2175 1272 2203 Οὐκοῦν
1283 2175 1334 2209 τῆς
1353 2176 1418 2210 παρ’
1432 2173 1515 2201 αὐτοῦ
1532 2173 1682 2209 λεγομένης
1699 2182 1765 2200 συν-

974 2224 1071 2259 αφείας
1081 2224 1097 2258 ἡ
1108 2222 1231 2257 δύναμις,
1241 2222 1265 2248 εί
1277 2221 1326 2256 τὴν
1338 2221 1399 2247 καθ’
1407 2220 1482 2255 ἡμᾶς
1492 2220 1639 2255 νοουμένην
1649 2220 1767 2254 ἑνότητα

973 2270 1058 2306 δηλοῖ,
1076 2269 1147 2304 φημὶ
1161 2268 1193 2303 δὴ
1208 2268 1258 2303 τὴν
1273 2266 1333 2294 καθ’
1345 2266 1504 2297 ὑπόστασιν,
1521 2265 1572 2301 ἔφη
1590 2265 1623 2292 ἃν
1638 2265 1764 2297 εἰκότως.

976 2317 1044 2352 μηδὲ
1056 2315 1120 2351 μίαν
1130 2313 1201 2341 εἶναι
1210 2312 1329 2349 Χριστοῦ
1344 2313 1393 2348 τὴν
1409 2312 1552 2347 διαίρεσιν,
1567 2311 1637 2338 κατὰ
1649 2311 1680 2338 τὸ
1692 2309 1765 2338 εἶναι

973 2363 1106 2398 Χριστόν·
1123 2362 1154 2388 οὐ
1170 2361 1225 2396 γὰρ
1241 2362 1315 2387 ἐστιν
1330 2360 1422 2395 ἕτερος
1444 2359 1491 2385 καὶ
1505 2359 1612 2394 ἔτερος·
1630 2357 1691 2384 οὔτε
1711 2358 1766 2393 μὴν

974 2411 1030 2442 υίὸς
1044 2410 1091 2437 καί
1102 2409 1168 2441 υίὸς,
1185 2408 1264 2439 ἄλλος
1275 2407 1322 2434 καὶ
1338 2406 1426 2438 ἄλλος,
1444 2405 1552 2441 πρῶτος
1566 2405 1613 2432 καὶ
1626 2405 1764 2440 δεύτερος,

975 2456 1031 2483 ἀλλ’
1051 2452 1091 2487 εἷς
1103 2454 1225 2489 δηλονότι
1239 2453 1286 2479 καὶ
1300 2451 1354 2487 πρὸ
1369 2450 1471 2486 σαρκὸς
1485 2450 1533 2477 καὶ
1559 2450 1628 2484 μετὰ
1651 2450 1742 2484 σάρκα
1755 2457 1762 2464 ·

974 2502 1050 2529 ἔσται
1067 2501 1121 2535 7&9
1145 2500 1215 2526 οὕτω
1230 2498 1301 2526 κατά
1313 2507 1345 2532 γε
1359 2497 1408 2533 τὴν
1421 2497 1510 2528 ἀξίαν,
1525 2497 1562 2528 ὡς
1586 2496 1618 2522 σὺ
1639 2495 1704 2530 φὴς,
1719 2496 1765 2522 καὶ

976 2546 1068 2582 μέντοι
1090 2545 1136 2571 καὶ
1160 2543 1210 2578 τὴν
1229 2541 1389 2569 δυναστείαν
1410 2540 1572 2576 ἀδιαίρετος,
1594 2540 1693 2575 μᾶλλον
1710 2540 1739 2566 δὲ
1752 2540 1768 2566 ό

973 2592 1064 2622 αὑτός.
1078 2589 1143 2617 Εἶτα
1155 2589 1213 2620 πῶς
1223 2589 1268 2615 τὸν
1283 2588 1332 2615 ἕνα
1347 2587 1393 2613 καὶ
1411 2586 1563 2620 ἀδιαίρετον
1575 2585 1685 2613 διπλοῦν
1696 2583 1767 2612 εἶναι

975 2637 1037 2672 φὴς.
1055 2637 1102 2663 καὶ
1121 2636 1182 2670 οὐχὶ
1198 2637 1231 2670 τῇ
1246 2634 1310 2669 ἀξίᾳ
1333 2633 1444 2666 μᾶλλον,
1466 2632 1534 2659 ἀλλά
1557 2633 1589 2667 τῇ
1614 2632 1712 2672 φῈκ
1727 2632 1767 2659 οι

974 2669 1028 2719 7&9
1045 2669 1255 2716 ὲπείτοινσάρκα
1270 2679 1360 2707 λαϐὼν
1374 2679 1388 2706 ὁ
1404 2680 1436 2706 ὲκ
1459 2678 1526 2705 Θεοῦ
1545 2669 1766 2713 “acpbe—T670;

973 2728 1109 2764 προῆλθεν
1128 2727 1269 2762 ἄνθρωπος
1295 2725 1355 2752 καθ’
1372 2726 1462 2760 ἡμᾶς,
1486 2724 1588 2759 ταύτης
1610 2724 1692 2751 ἕνεκα
1716 2724 1767 2758 τῆς

974 2775 1075 2808 αἰτίας,
1092 2773 1252 2809 ὀνομάζοιτο
1264 2772 1297 2799 ἂν
1311 2772 1358 2798 καὶ
1372 2771 1482 2804 διπλοῦς
1494 2780 1500 2787 ·
1516 2769 1555 2803 εἷς
1572 2771 1626 2806 γάρ
1640 2772 1700 2798 ἐστι
1719 2771 1767 2797 καὶ
