1883 3054
91 143 124 170 l5
655 138 840 168 ADVERSUS
853 137 1057 168 NESTORIUM‘
1076 138 1140 167 LIB.
1157 137 1189 167 ll.
1685 137 1719 165 86

91 203 120 229 οὗ
135 202 197 237 δίχα
212 201 315 238 σαρκὸς
336 202 353 229 ὸ
375 201 447 230 κατὰ
472 202 555 237 φύσιν
571 201 639 229 ίδίαν
651 201 705 234 ἔξω
718 201 819 238 σαρκὸς
836 201 884 228 καὶ

970 209 1044 230 rnem
1058 206 1085 229 et
1100 201 1271 237 sanguinem.
1288 199 1326 228 Ut
1345 199 1417 228 enim
1445 198 1490 234 qui
1505 197 1593 226 nostri
1604 197 1718 226 similem

94 248 325 284 αἳματος.Ὦσπερ
337 248 394 284 γὰρ
408 249 483 281 εἴτις
500 248 554 276 τῶν
571 248 632 275 καθ*
648 249 721 284 ἡμᾶς
741 248 883 283 ἄνθρωπον

96 294 258 325 ιιιοκτενὼν.
271 295 323 330 οὐχ
334 294 373 326 ὡς
386 294 434 321 δύο
448 303 499 321 που
513 294 613 330 μᾶλλον
628 293 765 330 ἠδικηκὼς
779 293 884 329 ἀνθρώ-

103 350 166 374 πους,
183 341 359 376 κατηγοροῖτ¹
376 340 411 368 ἃν
427 341 550 373 είχότως,
570 341 631 368 ἀλλ’
642 341 690 367 ἕνα
715 340 761 368 καὶ
789 340 883 375 μόνον,

99 389 143 414 (ἂν
162 389 281 415 ὲννοοίτο
294 388 378 423 τυχὸν
404 389 436 415 ἐκ
448 387 537 423 ψυχῆς
551 388 598 415 καὶ⁵
616 387 753 423 σώματος,
769 388 815 414 καὶ
828 387 883 414 τῶν

99 434 214 470 mmet;
238 433 454 470 συμϐεϐηκότων
469 435 486 469 ή
501 433 582 469 φύσις
595 433 633 461 ἂν
647 433 690 469 εἴη
704 434 754 469 οὐχ
775 434 792 468 ἡ
814 433 884 468 αὐτὴ

97 481 200 516 μᾶλλον,
219 480 290 507 ἀλλὰ
314 480 464 516 διάφορος·
491 479 563 506 οὕτω
588 479 669 507 πάλιν
693 480 741 506 ὲπϊ
763 478 883 515 Χριστοῦ

96 527 211 561 νικητέον
229 526 260 552 οὐ
278 527 334 562 γάρ
355 535 397 553 τοι
421 525 532 557 διπλοῦς
547 524 706 552 ἐστιν’-ἀλλ’
719 523 759 557 εἷς
782 534 812 552 τε
836 525 885 552 καὶ

97 573 170 606 μόνος
183 572 285 607 Κύριος
307 572 354 598 καὶ
367 572 441 604 Υἱὸς,
455 573 470 598 ὁ
490 572 521 598 ὲκ
535 571 602 598 Θεοῦ
616 571 722 607 Πατρὺς
739 571 835 606 Λόγος.
852 571 883 598 οὒ

96 619 150 653 δίχα
174 617 291 653 σαρκός·
318 617 528 653 ἀνθρωπότητος
545 617 594 652 μὲν
620 617 675 653 γὰρ
692 618 740 644 καὶ
758 617 885 653 θεότητος

96 665 166 698 δοίην
180 664 214 690 ἂν
227 664 277 690 καὶ
301 663 385 696 αὐτὸς
404 662 460 698 ἐγὼ
474 663 603 699 πλείστην
627 661 697 690 εἶναι
720 663 770 698 τὴν
792 663 885 697 διαφο-

99 711 152 746 ρὰν,
165 711 224 745 ἦτοι
237 709 398 737 διάστασινο
411 710 493 745 ἕτερα
509 709 563 745 γὰρ
581 709 653 736 κατά
663 718 695 743 γε
707 709 752 736 τὸν
765 709 812 736 τοῦ
826 709 885 741 πῶς

97 754 159 783 εἶναι
181 755 273 789 λόγον,
288 755 339 782 καὶ
355 756 431 782 οὖδὲν
451 756 579 792 ἀλλήλοις
592 755 700 782 ἐοικότα
713 755 837 788 φαίνεται
850 755 885 782 τὰ

98 801 284 836 ὼνομασμένα.
300 801 548 836 Παρενηνεγμένους
555 809 588 835 γε
603 801 656 836 μὴν
667 801 708 833 εἰς
721 801 804 836 μέσον
819 802 885 837 ἡμῦι

100 846 240 882 μυστηρίου
257 845 310 872 τοῦ
330 846 401 873 κατὰ
415 846 544 882 Χριστδν,
558 847 572 873 ὀ
586 848 636 882 τῆς
661 846 786 878 ἓνώσεως
806 846 884 880 λόγος

937 248 1076 276 hominem
1092 248 1250 280 occidisset,
1260 253 1313 274 non
1329 245 1423 282 utique
1439 250 1567 280 tanquam
1579 244 1649 272 duos
1660 244 1719 271 vio-

937 296 1019 324 lasset
1035 295 1159 323 homines
1172 294 1235 329 jure
1256 296 1440 325 accusaretur,
1452 291 1500 319 sed
1514 297 1598 318 unum
1621 289 1719 322 solum,

937 341 1060 377 quamvis
1072 341 1189 368 fortasse
1201 347 1233 367 ex
1249 339 1338 366 anima
1354 343 1382 367 et
1393 344 1507 373 corpore
1521 335 1720 368 consideretur,

936 392 964 415 et
987 387 1021 415 iis
1035 394 1094 422 quae
1109 385 1229 413 alterutri
1246 384 1384 417 accidunt,
1395 387 1493 410 natura
1503 382 1539 410 sit
1551 388 1604 409 non
1614 380 1719 412 eadem,

937 434 985 462 sed
1000 434 1106 461 diversa
1122 441 1128 465 ;
1146 433 1182 459 ita
1199 431 1319 459 vicissim
1333 431 1360 458 in
1373 429 1486 458 Christo
1499 432 1542 456 est
1567 426 1721 461 intelligen-

938 481 1001 508 dum
1017 489 1024 506 :
1042 487 1094 506 non
1113 478 1184 506 enim
1198 482 1240 505 est
1259 477 1368 512 duplex,
1382 476 1429 504 sed
1445 482 1515 503 unus
1526 478 1554 502 et
1568 472 1642 501 solus
1665 471 1720 499 Do-

938 526 1027 554 minus
1039 533 1070 552 ae
1088 525 1172 552 Filius
1198 523 1262 551 illud
1285 531 1318 550 ex
1344 523 1400 550 Deo
1421 522 1502 549 Patre
1527 520 1655 551 Verbum.
1668 526 1720 545 non

938 572 997 599 sine
1009 577 1110 601 carne;
1126 577 1186 596 nam
1203 570 1275 596 inter
1290 567 1486 596 humanitatem
1501 570 1528 593 et
1550 565 1720 593 divinitatem

938 618 1084 646 maximam
1115 623 1175 648 esse
1202 615 1380 642 dill'erentiam
1408 613 1466 641 sive
1492 612 1649 640 distantiam
1671 617 1721 644 ego

938 670 1045 699 qquue
1074 662 1159 690 fateor
1176 670 1182 688 :
1196 661 1302 688 diversa
1318 666 1380 688 sum
1405 661 1478 688 enim
1495 666 1555 694 qua!
1569 657 1611 685 bis
1632 655 1721 683 nomi-

938 711 1021 738 nibus
1035 709 1201 741 indicantur,
1216 708 1292 743 quod‘
1302 708 1334 735 ad
1350 708 1482 734 rationem
1510 704 1636 733 essentia:
1658 710 1721 737 per-

939 757 1017 787 tinet,
1032 759 1058 782 et
1071 754 1135 781 nihil
1153 753 1224 780 inter
1234 761 1263 780 se
1277 753 1375 780 similia
1385 752 1520 780 videntur.
1534 752 1568 777 At
1586 750 1630 777 ubi
1645 749 1722 776 nobis

938 801 1074 837 prolhrtur
1089 801 1113 827 in
1128 800 1244 827 medium
1258 798 1358 826 Christi
1374 798 1543 834 mysterium,
1556 796 1629 824 illius
1646 795 1722 822 unio-

939 847 982 874 uis
1001 847 1072 874 ratio
1106 854 1160 873 non
1189 846 1295 881 ignorat
1322 844 1430 879 quidem
1462 843 1651 874 diﬂ‘erentiam,
1677 842 1723 868 sed

99 881 143 919 οὐκ
160 892 252 926 ἀγνοεί
265 892 320 927 μὲν
333 892 382 927 τὴν
394 881 535 928 διαίρορὰν,
552 881 672 927 ἐξίστησι
684 893 712 920 δὲ
725 892 775 928 τὴν
786 892 888 928 διαίρε-

969 893 1099 922 visionem
1135 891 1339 926 excludit;non
1383 890 1454 925 quod
1495 889 1646 917 confundat
1679 892 1724 914 aut

102 945 156 966 σιν*
171 939 201 965 οὐ
216 939 345 974 συγχέων
362 938 422 974 [τὰς
438 938 544 974 φύσεις]
561 939 578 974 ἢ
601 939 756 974 ἀνακιρνῶν
768 939 818 970 τὰς
837 938 888 974 φύ-

102 993 168 1021 ςξες·
182 984 242 1011 ἀλλ’
255 984 302 1011 ὅτι
323 984 425 1020 σαρκὸς
435 985 482 1011 καὶ
494 983 610 1019 αἵματος
626 983 803 1020 μετεσχηκὼς
814 984 829 1010 ὁ
840 983 889 1011 τοῦ

101 1030 161 1057 Θεοῦ
173 1030 269 1064 Λόγος,
279 1026 324 1062 εἷς
335 1030 368 1065 δὴ
383 1029 464 1057 πάλιν
478 1030 526 1056 καὶ
541 1029 629 1060 οὕτως
642 1030 656 1056 ὁ
669 1029 733 1061 Υἱὸς
741 1028 796 1065 [ισ.
810 1027 890 1062 οὗτος

102 1075 171 1112 Υἱὸς]
189 1077 293 1103 νοεῖται
316 1075 366 1102 καὶ
387 1075 560 1111 ὀνομάζεται.
576 1075 643 1102 Οὐδὲ
659 1075 724 1112 [ἵσ.
738 1076 771 1103 σὺ
783 1076 811 1102 δὲ
828 1075 833 1110 |
851 1077 888 1112 μὴ

101 1122 192 1157 χρῆναι
208 1120 301 1155 λέγων
321 1120 449 1156 χριστοὺς
463 1118 642 1155 ὀνομάζεσθαι
664 1120 723 1152 δύο,
742 1122 812 1156 μήτε
835 1122 889 1156 μὴν

102 1168 170 1198 υἱοὺς
180 1166 327 1202 ὁμολογεῖν
343 1164 414 1193 εῖναι
426 1166 482 1198 δύο,
495 1167 543 1193 καὶ
556 1167 605 1201 τῆς
618 1168 659 1198 εἰς
670 1166 750 1194 τοῦτο
760 1167 892 1202 δογματι-

102 1213 147 1249 xi};
157 1212 306 1248 ὀρθότητος
318 1212 490 1249 [ἁπλότητος]
506 1212 686 1239 ὑποκλέπτων
700 1212 752 1247 τὴν
762 1212 887 1247 δόκησιν,

101 1259 143 1286 δύο
156 1259 186 1295 δὴ
199 1259 287 1293 λέγων
307 1259 406 1294 ἁλίσκῃ
418 1259 557 1294 χριστοὺς,
580 1258 627 1285 καὶ
642 1259 682 1291 είς
697 1258 784 1294 ιδικὴν
797 1259 891 1295 ἑτερό-

101 1315 164 1342 τητα
178 1305 283 1337 διῖστὰς
300 1305 445 1341 ἄνθρωπον
458 1305 504 1332 καὶ
522 1305 589 1331 Θεόν
600 1312 607 1319 ·
630 1305 679 1332 καὶ
699 1305 747 1332 τὸν
773 1305 833 1340 μὲν,
847 1306 891 1332 ὲν-

101 1351 258 1387 εργούμενον
267 1358 277 1367 ⁸
298 1350 347 1377 τὸν
357 1350 396 1382 δὲ,
411 1350 458 1377 καὶ
471 1349 644 1386 ὲνηργηκότα
658 1349 817 1382 καταδεῖξαι
830 1358 891 1376 πει-

103 1398 270 1434 ρᾶσαι.Ἐχει
289 1397 321 1424 δὲ
341 1397 413 1424 οὓτω
431 1397 465 1424 τὰ
485 1396 562 1432 παρὰ
581 1396 641 1423 σοῦ’

133 1444 248 1480 [Ἥγουν
262 1442 312 1470 τοῦ
329 1442 500 1477 Μονογενοῦς
514 1442 618 1475 εὐδοξία
641 1443 706 1469 ποτὲ
722 1443 772 1478 μὲν
783 1443 825 1479 τῷ
836 1445 893 1471 Πα-

103 1490 142 1524 τρὶ
160 1490 327 1524 περιῆπται·
348 1489 444 1516 (Ἔστι
461 1489 523 1525 γὰρ,
541 1489 635 1524 φησὶν,
654 1490 668 1515 ὁ
690 1490 783 1526 Πατήρ
805 1498 856 1525 μου
877 1491 893 1517 ὁ

103 1535 212 1568 δοξάζων
236 1544 288 1571 με·
308 1545 318 1561 ι
345 1535 412 1562 ποτὲ
438 1535 478 1568 δὲ,
503 1535 543 1571 τῷ
569 1535 724 1570 Πνεύματι·
754 1545 762 1561 ι
778 1535 816 1562 Τδ
837 1535 892 1572 γὰρ

104 1582 208 1617 Πνεῦμα
218 1582 271 1618 τῆς
284 1582 429 1618 ἀληθείας,
444 1582 536 1617 φησιν,
552 1581 601 1617 ἐμὲ
617 1581 724 1614 δοξάσει
734 1591 741 1597 ·
759 1591 768 1608 ι
786 1582 851 1609 ποτὲ
863 1581 891 1608 δὲ

104 1631 132 1664 τῇ
146 1629 261 1664 Χριστοῦ
277 1629 440 1664 δυναστείᾳ·
460 1638 470 1654 ι
481 1628 651 1661 Ἐξελθόντες
674 1628 738 1664 γὰρ,
756 1627 835 1663 φησὶ,
851 1627 891 1654 δι-

104 1676 246 1710 εκήρυσσον
270 1675 321 1701 τὸν
345 1674 424 1709 λόγον
439 1674 588 1710 πανταχοῦ,
603 1674 651 1700 τοῦ
666 1674 769 1710 Κυρίου
793 1682 892 1709 συνερο

105 1721 215 1755 γοῦντος,
232 1722 280 1748 καὶ
305 1722 353 1748 τὸν
376 1721 459 1756 λόγον
473 1720 656 1756 βεῆαιοῦντος,
668 1720 712 1747 διὰ
725 1719 780 1746 τῶν
792 1721 892 1747 ἐπακο-

105 1766 285 1802 λουθησάντων
303 1766 437 1802 σημείων.
445 1765 469 1802 ι]

403 1833 530 1862 ΚΕΦΑΔ.
554 1836 590 1861 Ζ’.

138 1902 166 1928 Εἰ
186 1902 235 1937 μὲν
250 1901 291 1933 ὡς
309 1901 390 1937 δόξης
414 1900 510 1928 ἐπιδεᾶ
528 1901 575 1927 τὸν
600 1901 733 1937 μονογενῆ
753 1901 801 1928 τοῦ
823 1902 892 1929 Θεοῦ

107 1948 194 1982 Λόγον,
207 1948 276 1975 καθά
287 1948 349 1974 ἐστι
360 1947 407 1974 καὶ
421 1948 521 1975 νοεῖται
531 1947 627 1982 Λόγος,
640 1948 687 1975 χαὶ
702 1947 893 1984 οῦπωσεσαρ-

107 1995 231 2029 “pem,
246 1994 408 2028 δεδοξάσθαι
425 1993 492 2030 φησὶ
506 1993 583 2030 παρὰ
599 1994 647 2021 τοῦ
661 1995 768 2030 Πατρὺς
781 1995 828 2022 καὶ
843 1994 892 2022 τοῦ

107 2040 178 2073 ἁγίου
193 2039 366 2075 Πνεύματος,
382 2040 423 2067 ὅτι
435 2040 482 2066 καὶ
498 2040 665 2075 παραπταίει
677 2041 723 2067 καὶ
740 2040 894 2076 διημάρτη-

110 2095 136 2113 κε
146 2086 170 2113 τ’
177 2086 307 2121 ἀληθοῦς,
321 2086 439 2122 παρήσω
453 2085 542 2120 λέγειν
554 2086 594 2118 είς
609 2086 640 2113 τὸ
653 2087 753 2122 παρόν·
766 2087 828 2121 ἄγει
838 2086 893 2123 γὰρ

109 2133 175 2167 ἡμᾶς
187 2133 230 2168 ἐφ’
243 2132 340 2169 ἕτερον
355 2133 370 2159 ό
389 2133 493 2168 καιρός.
503 2132 695 2168 Ἑπιλελῆσθαι
713 2132 741 2159 δέ
755 2141 801 2168 μοι
820 2132 895 2160 δοκεί

109 2178 157 2205 τῶν
170 2178 270 2213 ἀρτίως
289 2177 368 2213 αὑτῷ
382 2177 596 2213 τεθεωρημένων
616 2186 647 2204 τε
666 2177 712 2204 καὶ
727 2178 892 2214 εἰρημένων.

940 940 1052 967 misceat
1081 944 1202 971 naturas,
1234 938 1281 966 sed
1309 938 1381 972 quod
1410 936 1499 964 carnis
1522 939 1552 963 et
1585 933 1725 967 sanguinis

940 986 1074 1022 particeps
1091 985 1190 1013 factum
1204 985 1291 1019 ipsum
1309 983 1355 1011 Dei
1371 982 1501 1015 Verbum,
1515 987 1585 1008 unus
1599 979 1655 1016 ηε
1666 987 1726 1006 rur-

940 1040 999 1060 sum
1006 1033 1087 1060 etiam
1099 1032 1150 1059 hoc
1166 1032 1245 1058 modo
1260 1030 1344 1058 Filius
1356 1029 1516 1063 intelligitur
1529 1032 1555 1055 et
1564 1026 1723 1062 appellatur.

941 1079 981 1106 Tu
994 1086 1059 1106 vero
1083 1086 1143 1106 curn
1161 1077 1229 1104 duos
1251 1077 1371 1104 cbrislos
1397 1074 1525 1110 appellari
1548 1081 1602 1101 non
1628 1072 1725 1099 debere

941 1125 1026 1155 dicas,
1042 1130 1130 1158 neque
1146 1130 1241 1150 rursus
1251 1121 1318 1149 ﬁlios
1334 1121 1412 1148 fateri
1429 1121 1507 1153 duos,
1527 1122 1559 1147 et
1570 1118 1725 1153 opinionem

941 1169 1008 1196 recti
1020 1168 1154 1202 dogmatis
1166 1167 1289 1197 simules,
1316 1167 1384 1194 duos
1399 1170 1487 1193 tamen
1501 1164 1619 1192 chrislos
1634 1163 1726 1190 dicere

940 1213 1123 1245 convinceris,
1136 1217 1163 1240 et
1176 1212 1202 1239 in
1223 1211 1360 1247 propriam
1380 1209 1567 1238 diversitatem
1587 1208 1724 1235 hominem

941 1259 1081 1293 Deumque
1101 1258 1279 1293 distinguere,
1295 1261 1322 1284 et
1341 1255 1416 1283 illum
1429 1255 1537 1290 quidem
1553 1254 1586 1281 ad
1608 1259 1725 1288 operan-

941 1306 1004 1334 dum
1019 1305 1095 1338 cieri,
1105 1305 1178 1332 hunc
1195 1303 1277 1331 etiam
1291 1303 1324 1330 ad
1336 1310 1404 1338 opus
1417 1302 1499 1334 eiere,
1512 1300 1620 1329 conaris
1632 1305 1725 1327 osten-

942 1352 1016 1380 dere.
1035 1350 1091 1378 Tua
1108 1357 1226 1386 namque
1240 1350 1283 1378 illa
1299 1349 1338 1378 sic
1350 1349 1450 1377 habent

978 1441 1116 1478 [Νεετοιι.
1143 1439 1189 1467 [lla
1214 1443 1288 1466 certe
1311 1437 1448 1473 Unigenlti
1475 1435 1635 1472 gloriﬁcatio
1660 1441 1727 1461 nou—

944 1495 1080 1522 nunquam
1106 1486 1180 1514 Patri
1209 1484 1375 1513 ascribitur:
1396 1493 1405 1510 (
1433 1483 1491 1516 Est,
1522 1483 1620 1517 inquit,
1649 1480 1728 1507 Pater

945 1539 1021 1561 meus
1044 1532 1090 1566 qui
1113 1531 1247 1566 gloriﬂeat
1269 1537 1313 1557 me
1323 1530 1345 1546 ³⁷
1361 1538 1369 1563 ;
1387 1539 1397 1556 ι
1424 1535 1616 1562 nonnunquam
1641 1525 1728 1561 Spiri-

945 1579 982 1607 tui
1001 1588 1008 1606 :
1028 1588 1037 1604 ‹
1051 1577 1179 1613 Spiritus,
1189 1576 1287 1612 inquit,
1298 1575 1421 1604 veritatis
1430 1582 1472 1602 me
1485 1573 1646 1609 gloriﬁcabit
1664 1572 1724 1604 ³⁸;ι

942 1624 1089 1660 aliquando
1115 1629 1207 1651 autem
1238 1622 1344 1650 Christi'
1367 1621 1516 1656 potentim:
1545 1629 1554 1646 t
1592 1619 1728 1646 Exeuntes

942 1670 1028 1703 enim,
1050 1669 1147 1705 inquit,
1160 1667 1344 1704 praedicabant
1354 1666 1465 1694 verbum
1488 1666 1597 1701 ubique,
1615 1664 1728 1691 Domino

942 1721 1115 1752 cooperante,
1129 1720 1156 1744 et
1182 1721 1335 1743 sermonem
1354 1713 1534 1741 conﬁrmante
1554 1710 1728 1745 sequentibus

943 1764 1028 1799 signis
1043 1762 1119 1798 ὀη

1258 1828 1334 1856 CAP.
1357 1826 1412 1854 VII.

985 1899 1014 1927 Si
1035 1903 1163 1933 tanquam
1179 1904 1276 1932 expers
1299 1895 1392 1931 gloria:
1412 1894 1578 1930 unigenitum
1598 1893 1644 1920 Dei
1660 1892 1728 1920 Ver-

944 1946 1018 1977 bum,
1037 1952 1089 1980 qua
1112 1949 1156 1972 est
1175 1948 1204 1971 et
1235 1942 1392 1978 intelligitur
1412 1940 1541 1972 Verbum,
1567 1944 1594 1966 et
1611 1939 1728 1965 nondum

944 1992 1124 2024 iucarnatum,
1136 1989 1202 2018 dicit
1215 1995 1275 2016 esse
1292 1986 1469 2023 gloriﬁcatqu
1485 1992 1499 2012 a
1515 1984 1605 2015 Patre,
1622 1987 1730 2010 sancto-

943 2045 997 2072 que
1016 2035 1138 2071 Spiritu;
1163 2035 1216 2062 labi
1243 2034 1317 2061 illum
1333 2037 1360 2061 et
1375 2041 1390 2060 a
1408 2032 1522 2060 veritate
1538 2031 1675 2061 aberrare,
1696 2029 1728 2055 ad

943 2090 1064 2119 praesens
1080 2083 1156 2109 mitto
1178 2081 1280 2112 dicere,
1310 2080 1343 2106 ad
1357 2078 1429 2106 aliud
1453 2085 1570 2112 namque
1594 2083 1643 2104 nos
1662 2083 1730 2110 prae-

943 2136 1006 2157 sens
1019 2128 1093 2156 ducit
1103 2126 1220 2155 occasio.
1238 2125 1291 2154 Sed
1305 2125 1370 2152 tnihi
1388 2123 1496 2152 videtur
1509 2123 1610 2151 oblitus
1635 2128 1730 2150 eorum

944 2183 1004 2210 quae
1044 2181 1131 2208 nuper
1156 2172 1190 2199 ab
1213 2172 1271 2206 ipso
1296 2170 1465 2198 considerata
1495 2169 1620 2203 dictaque
1644 2172 1730 2194 sunt:

112 2224 177 2259 Ἔφη
191 2224 255 2259 γὰρ,
268 2224 326 2259 Οὐχ
338 2224 433 2259 ἔτερος
447 2224 496 2250 καὶ
510 2224 603 2259 ἕτερος
617 2224 632 2250 ὁ
645 2224 771 2260 Χριστὸς,
786 2224 837 2251 οὑκ
849 2223 891 2251 ἄλ-

969 2221 1015 2249 ixit
1029 2220 1102 2248 enim
1122 2228 1129 2246 :
1147 2218 1205 2245 Non
1233 2222 1276 2245 est
1302 2216 1373 2244 alius
1392 2220 1418 2243 et
1441 2215 1663 2247 aliusClrristus,
1676 2220 1730 2241 non

109 2268 150 2301 λος
162 2270 208 2296 καὶ
225 2269 307 2301 ἄλλος
327 2269 408 2301 Υἱόςθ
422 2269 482 2296 οὐδὲ
494 2270 549 2306 γὰρ
571 2270 671 2305 ἔχομεν
690 2270 818 2305 χριστοὺς
834 2269 891 2303 δύο,

110 2313 153 2340 καὶ
167 2314 239 2346 υἱοὺς
253 2313 312 2341 δύο.
321 2314 405 2346 Ἀλλ’,
419 2311 443 2341 ὦ
457 2314 636 2348 συνετώτατε,
654 2315 738 2349 φαίην
762 2315 805 2348 ἂν,
819 2316 844 2342 ει
857 2316 892 2351 τῇ

111 2359 220 2395 Χριστοῦ
251 2359 401 2395 δυναστείᾳ
423 2359 576 2396 περιῆφθαι
600 2359 752 2387 διαϐεϐαιοῖ
771 2360 822 2396 τὴν
844 2360 893 2387 τοῦ

111 2405 269 2440 Μονογενοῦς
284 2405 420 2439 εὐδοξίαν,
432 2406 490 2438 πῶς
505 2407 554 2442 οὺχ
563 2406 657 2443 ἕτερος
674 2406 722 2433 καὶ
734 2405 827 2442 ἕτερος
837 2403 893 2434 εἷεν

111 2451 151 2485 ἂν,
167 2452 185 2488 ἦ
194 2451 252 2484 πῶς
264 2452 297 2479 οὐ
307 2452 357 2479 δύο
370 2452 460 2487 πάντη
474 2460 505 2478 τε
521 2452 569 2479 καὶ
579 2451 688 2483 πάντως
698 2471 707 2485 ,
722 2451 803 2488 εἴπερ
819 2452 894 2479 ἐστὶν

111 2499 156 2534 οὐχ
164 2499 178 2526 ὸ
187 2498 267 2530 αὒτδς
278 2499 294 2525 ὸ
307 2498 398 2530 διδοὺς
407 2498 455 2525 καὶ
466 2498 622 2534 δεχόμενος,
635 2498 720 2533 ἧγουν
732 2499 894 2535 περιάπτων

111 2544 145 2577 ὥς
157 2545 239 2581 ἑτέρῳ
249 2546 318 2581 παρ’
328 2544 425 2572 ἑαυτὸν
443 2544 478 2571 τὰ
494 2545 573 2580 φύσει
590 2545 724 2581 προσόντα
738 2544 893 2580 αὐτῷ.Ἐν-

112 2591 209 2626 ﬁmus
227 2591 294 2626 γοῦν
319 2590 526 2627 ὲνεργούμενος,
540 2591 578 2623 ὡς
599 2591 694 2627 ἕτερός
704 2599 747 2622 τις
763 2591 893 2626 ὑπάρχων

113 2636 221 2671 Χριστὸς
233 2636 313 2672 παρὰ
331 2636 377 2664 τὸν
399 2636 541 2672 Μονογενῆ
573 2636 599 2663 ει
613 2635 667 2671 γὰρ
682 2635 832 2671 περιῆπται
843 2635 894 2671 μὲν

114 2682 190 2717 αὐτῷ,
205 2681 276 2709 καθὰ
298 2681 365 2718 φὴς,
384 2682 402 2717 ἡ
415 2681 464 2708 τοῦ
482 2680 652 2716 Ηονογενοῦς
667 2680 774 2714 εὐδοξία
784 2699 792 2712 ,
815 2681 848 2716 τῇ
865 2680 894 2708 δὲ

114 2728 174 2762 παρ’
188 2727 270 2755 αὑτοῦ
295 2727 442 2763 δυναστείᾳ
459 2727 607 2763 χρώμενοι,
622 2725 831 2762 διεκηρύττοντο
846 2726 894 2753 καὶ

116 2774 265 2809 εἰργάζοντο
291 2775 344 2807 τὰς
366 2773 530 2809 θεοσημείας
550 2774 576 2801 οἱ
597 2773 737 2801 θεσπέσιοι
760 2772 892 2809 μαθηταὶ,

119 2862 136 2878 ⁵⁷
153 2863 226 2892 Joau.
240 2872 298 2899 vui,
319 2864 364 2892 54.
401 2864 423 2880 ³³
435 2863 512 2892 Joau.
529 2871 582 2896 xvt,
598 2863 639 2891 Η.
680 2863 702 2879 ³³
718 2862 801 2890 Marc.
817 2868 872 2894 xw,
887 2860 931 2888 ευ.

945 2267 1016 2295 alius
1038 2270 1065 2294 et
1091 2265 1159 2292 alius
1178 2264 1284 2291 Filius:
1309 2270 1396 2297 neque
1410 2262 1480 2289 enim
1509 2260 1638 2288 habemus
1664 2260 1733 2287 duos

946 2313 1063 2340 christos
1085 2311 1205 2345 duosque
1220 2309 1301 2337 tilios.
1315 2307 1379 2341 Sed,
1393 2315 1410 2334 ο
1437 2307 1479 2333 vir
1508 2304 1731 2340 prudentissime,

947 2359 1068 2393 inquam,
1088 2357 1110 2384 si
1123 2355 1224 2383 Christi
1251 2353 1389 2390 polentia:-
1405 2352 1505 2380 ascribi
1528 2351 1647 2380 afﬁrmas
1664 2350 1731 2378 Hui-

948 2404 1031 2441 geniti
1060 2403 1295 2439 gloriﬁcatiouem,
1319 2399 1454 2435 quomodo
1477 2405 1529 2426 non
1553 2397 1623 2424 alter
1648 2397 1685 2424 sit
1705 2400 1733 2424 et

946 2451 1026 2484 alter,
1039 2454 1086 2477 aut
1104 2449 1239 2484 quomodo
1254 2453 1307 2474 non
1325 2452 1438 2483 prorsus
1450 2445 1513 2476 duo,
1527 2443 1663 2479 siquidem
1678 2450 1731 2470 non

945 2497 1018 2526 idem
1048 2495 1152 2530 estqui
1181 2495 1228 2521 dat
1242 2498 1268 2521 et
1282 2493 1327 2528 qui
1353 2490 1595 2526 accipit,,aut‘qui
1620 2488 1734 2516 ascribit

947 2542 1024 2571 alteri
1038 2547 1165 2577 tanquam
1179 2548 1198 2567 a
1209 2547 1238 2567 se
1265 2540 1392 2572 diverso,
1405 2546 1464 2573 quae
1477 2537 1528 2564 sibi
1543 2543 1591 2572 per
1607 2541 1731 2563 naturam

947 2589 1062 2618 insunt?
1074 2587 1207 2623 Operatus
1237 2591 1363 2621 estergo
1386 2585 1520 2616 Christus,
1544 2583 1670 2616 idemque
1698 2581 1731 2607 ad

947 2633 1114 2670 operandum
1128 2632 1233 2661 excitus
1249 2637 1377 2666 tanquam
1388 2631 1511 2658 diversus
1520 2628 1553 2656 ab
1568 2627 1712 2663 Unigenito
1724 2636 1732 2654 :

948 2689 1010 2709 nam
1023 2680 1052 2708 si
1066 2679 1212 2707 ascribitur
1236 2677 1299 2713 ipsi,
1318 2682 1347 2704 ut
1361 2676 1474 2708 asserit,
1499 2674 1633 2710 Unigeniti
1651 2673 1733 2709 glori-

948 2725 1050 2758 ﬁcatio,
1069 2729 1096 2753 et
1122 2723 1240 2760 potentia
1264 2723 1299 2750 ab
1312 2723 1371 2758 ipso
1384 2722 1446 2749 data
1471 2725 1577 2748 utentes
1596 2719 1667 2747 beati
1695 2718 1732 2745 illi

948 2770 1072 2807 discipuli
1083 2770 1277 2806 praedicabant,
1294 2773 1321 2797 et
1332 2768 1422 2797 divina
1435 2766 1480 2795 illa
1497 2767 1573 2802 signa
1586 2763 1732 2796 iaciebant,
