  <div class='ocr_page' id='page_1' title='image "/cluster/home/n/w/nwhite01/storage/ocr_20150623/76/njp.32101007590019/051.png"; bbox 0 0 1883 3054; ppageno 0'>
   <div class='ocr_carea' id='block_1_1' title="bbox 132 131 1761 165">
    <p class='ocr_par' dir='ltr' id='par_1_1' title="bbox 132 131 1761 165">
     <span class='ocr_line' id='line_1_1' title="bbox 132 131 1761 165; baseline 0.007 -11"><span class='ocrx_word' id='word_1_1' title='bbox 132 137 168 163; x_wconf 70' lang='grc' dir='ltr'><strong>ετ</strong></span> <span class='ocrx_word' id='word_1_2' title='bbox 626 133 654 159; x_wconf 81' lang='lat' dir='ltr'><strong>s.</strong></span> <span class='ocrx_word' id='word_1_3' title='bbox 675 131 812 160; x_wconf 74' lang='lat' dir='ltr'><strong>CYRILLl</strong></span> <span class='ocrx_word' id='word_1_4' title='bbox 831 131 1065 161; x_wconf 59' lang='lat' dir='ltr'><strong>mensuum</strong></span> <span class='ocrx_word' id='word_1_5' title='bbox 1085 134 1244 162; x_wconf 59' lang='lat' dir='ltr'><strong>nomen.</strong></span> <span class='ocrx_word' id='word_1_6' title='bbox 1726 139 1761 165; x_wconf 70' lang='lat' dir='ltr'><strong>as</strong></span> 
     </span>
    </p>
   </div>
   <div class='ocr_carea' id='block_1_2' title="bbox 134 191 929 233">
    <p class='ocr_par' dir='ltr' id='par_1_2' title="bbox 134 191 919 233">
     <span class='ocr_line' id='line_1_2' title="bbox 134 191 919 233; baseline -0.006 -11"><span class='ocrx_word' id='word_1_7' title='bbox 134 195 268 231; x_wconf 82' lang='lat' dir='ltr'><strong>quomodo</strong></span> <span class='ocrx_word' id='word_1_8' title='bbox 293 193 364 230; x_wconf 87' lang='lat' dir='ltr'><strong>quod</strong></span> <span class='ocrx_word' id='word_1_9' title='bbox 393 193 448 221; x_wconf 73' lang='lat' dir='ltr'><strong>dixi</strong></span> <span class='ocrx_word' id='word_1_10' title='bbox 477 192 703 233; x_wconf 74' lang='lat' dir='ltr'><strong>negaripotest?</strong></span> <span class='ocrx_word' id='word_1_11' title='bbox 719 191 851 225; x_wconf 86' lang='lat' dir='ltr'><strong>Operatus</strong></span> <span class='ocrx_word' id='word_1_12' title='bbox 866 191 919 218; x_wconf 88' lang='lat' dir='ltr'><strong>erit</strong></span> 
     </span>
    </p>
   </div>
   <div class='ocr_carea' id='block_1_3' title="bbox 1024 191 1762 233">
    <p class='ocr_par' dir='ltr' id='par_1_3' title="bbox 1024 194 1762 232">
     <span class='ocr_line' id='line_1_3' title="bbox 1024 194 1762 232; baseline 0.004 -12"><span class='ocrx_word' id='word_1_13' title='bbox 1024 202 1028 223; x_wconf 84' lang='lat'>:</span> <span class='ocrx_word' id='word_1_14' title='bbox 1040 194 1090 220; x_wconf 76' lang='grc' dir='ltr'><strong>οὐκ</strong></span> <span class='ocrx_word' id='word_1_15' title='bbox 1105 194 1203 230; x_wconf 76' lang='grc' dir='ltr'>ἀληθὲς</span> <span class='ocrx_word' id='word_1_16' title='bbox 1220 195 1288 230; x_wconf 78' lang='grc' dir='ltr'>ὅπερ</span> <span class='ocrx_word' id='word_1_17' title='bbox 1302 194 1384 230; x_wconf 79' lang='grc' dir='ltr'>ἐφην;</span> <span class='ocrx_word' id='word_1_18' title='bbox 1403 196 1553 231; x_wconf 75' lang='grc' dir='ltr'>Ἑνήργηκε</span> <span class='ocrx_word' id='word_1_19' title='bbox 1563 197 1618 232; x_wconf 82' lang='grc' dir='ltr'><strong>γὰρ</strong></span> <span class='ocrx_word' id='word_1_20' title='bbox 1629 197 1762 232; x_wconf 75' lang='grc' dir='ltr'><strong>ἀλλοτρίᾳ</strong></span> 
     </span>
    </p>
   </div>
   <div class='ocr_carea' id='block_1_4' title="bbox 135 237 918 272">
    <p class='ocr_par' dir='ltr' id='par_1_4' title="bbox 135 237 918 272">
     <span class='ocr_line' id='line_1_4' title="bbox 135 237 918 272; baseline -0.008 -3"><span class='ocrx_word' id='word_1_21' title='bbox 135 242 206 269; x_wconf 88' lang='lat' dir='ltr'><strong>enim</strong></span> <span class='ocrx_word' id='word_1_22' title='bbox 227 241 314 270; x_wconf 84' lang='lat' dir='ltr'><strong>aliena</strong></span> <span class='ocrx_word' id='word_1_23' title='bbox 329 241 428 268; x_wconf 85' lang='lat' dir='ltr'><strong>virtute</strong></span> <span class='ocrx_word' id='word_1_24' title='bbox 446 246 534 270; x_wconf 80' lang='lat' dir='ltr'><strong>utens.</strong></span> <span class='ocrx_word' id='word_1_25' title='bbox 554 243 582 266; x_wconf 92' lang='lat' dir='ltr'><strong>ut</strong></span> <span class='ocrx_word' id='word_1_26' title='bbox 598 246 651 264; x_wconf 85' lang='lat' dir='ltr'><strong>non</strong></span> <span class='ocrx_word' id='word_1_27' title='bbox 670 238 736 271; x_wconf 85' lang='lat' dir='ltr'><strong>ipse,</strong></span> <span class='ocrx_word' id='word_1_28' title='bbox 753 237 799 264; x_wconf 85' lang='lat' dir='ltr'><strong>sed</strong></span> <span class='ocrx_word' id='word_1_29' title='bbox 815 237 860 272; x_wconf 88' lang='lat' dir='ltr'><strong>qui</strong></span> <span class='ocrx_word' id='word_1_30' title='bbox 885 237 918 264; x_wconf 87' lang='lat' dir='ltr'><strong>ad</strong></span> 
     </span>
    </p>
   </div>
   <div class='ocr_carea' id='block_1_5' title="bbox 135 283 920 323">
    <p class='ocr_par' dir='ltr' id='par_1_5' title="bbox 135 283 920 323">
     <span class='ocr_line' id='line_1_5' title="bbox 135 283 920 323; baseline -0.008 -8"><span class='ocrx_word' id='word_1_31' title='bbox 135 296 202 323; x_wconf 85' lang='lat' dir='ltr'><strong>opus</strong></span> <span class='ocrx_word' id='word_1_32' title='bbox 215 287 315 318; x_wconf 84' lang='lat' dir='ltr'><strong>ciebat.</strong></span> <span class='ocrx_word' id='word_1_33' title='bbox 330 287 364 314; x_wconf 88' lang='lat' dir='ltr'><strong>ab</strong></span> <span class='ocrx_word' id='word_1_34' title='bbox 382 286 424 314; x_wconf 86' lang='lat' dir='ltr'><strong>his</strong></span> <span class='ocrx_word' id='word_1_35' title='bbox 438 286 483 321; x_wconf 88' lang='lat' dir='ltr'><strong>qui</strong></span> <span class='ocrx_word' id='word_1_36' title='bbox 508 285 534 312; x_wconf 92' lang='lat' dir='ltr'><strong>in</strong></span> <span class='ocrx_word' id='word_1_37' title='bbox 550 284 650 312; x_wconf 88' lang='lat' dir='ltr'><strong>mundo</strong></span> <span class='ocrx_word' id='word_1_38' title='bbox 675 290 766 314; x_wconf 87' lang='lat' dir='ltr'><strong>crant.</strong></span> <span class='ocrx_word' id='word_1_39' title='bbox 786 283 920 318; x_wconf 78' lang='lat' dir='ltr'><strong>gloriﬁca-</strong></span> 
     </span>
    </p>
   </div>
   <div class='ocr_carea' id='block_1_6' title="bbox 135 329 920 367">
    <p class='ocr_par' dir='ltr' id='par_1_6' title="bbox 135 329 920 367">
     <span class='ocr_line' id='line_1_6' title="bbox 135 329 920 367; baseline -0.009 -6"><span class='ocrx_word' id='word_1_40' title='bbox 135 339 220 361; x_wconf 86' lang='lat' dir='ltr'><strong>retur.</strong></span> <span class='ocrx_word' id='word_1_41' title='bbox 234 332 304 366; x_wconf 85' lang='lat' dir='ltr'><strong>Quid</strong></span> <span class='ocrx_word' id='word_1_42' title='bbox 323 332 413 367; x_wconf 73' lang='lat' dir='ltr'><strong>igitur,</strong></span> <span class='ocrx_word' id='word_1_43' title='bbox 434 338 536 365; x_wconf 61' lang='lat' dir='ltr'><strong>quaso,</strong></span> <span class='ocrx_word' id='word_1_44' title='bbox 563 330 590 357; x_wconf 91' lang='lat' dir='ltr'><strong>in</strong></span> <span class='ocrx_word' id='word_1_45' title='bbox 604 337 636 357; x_wconf 89' lang='lat' dir='ltr'><strong>eo</strong></span> <span class='ocrx_word' id='word_1_46' title='bbox 655 329 772 364; x_wconf 81' lang='lat' dir='ltr'><strong>amplius</strong></span> <span class='ocrx_word' id='word_1_47' title='bbox 796 329 920 356; x_wconf 86' lang='lat' dir='ltr'><strong>cernitur</strong></span> 
     </span>
    </p>
   </div>
   <div class='ocr_carea' id='block_1_7' title="bbox 136 374 920 413">
    <p class='ocr_par' dir='ltr' id='par_1_7' title="bbox 136 374 920 413">
     <span class='ocr_line' id='line_1_7' title="bbox 136 374 920 413; baseline -0.008 -8"><span class='ocrx_word' id='word_1_48' title='bbox 136 387 216 413; x_wconf 88' lang='lat' dir='ltr'><strong>quam</strong></span> <span class='ocrx_word' id='word_1_49' title='bbox 234 379 260 405; x_wconf 93' lang='lat' dir='ltr'><strong>in</strong></span> <span class='ocrx_word' id='word_1_50' title='bbox 273 378 376 405; x_wconf 88' lang='lat' dir='ltr'><strong>sanctis</strong></span> <span class='ocrx_word' id='word_1_51' title='bbox 391 375 545 410; x_wconf 77' lang='lat' dir='ltr'><strong>apostolis?</strong></span> <span class='ocrx_word' id='word_1_52' title='bbox 560 383 622 402; x_wconf 91' lang='lat' dir='ltr'><strong>nam</strong></span> <span class='ocrx_word' id='word_1_53' title='bbox 637 375 663 401; x_wconf 91' lang='lat' dir='ltr'><strong>hi</strong></span> <span class='ocrx_word' id='word_1_54' title='bbox 688 382 740 401; x_wconf 90' lang='lat' dir='ltr'><strong>non</strong></span> <span class='ocrx_word' id='word_1_55' title='bbox 756 381 804 401; x_wconf 90' lang='lat' dir='ltr'><strong>sua</strong></span> <span class='ocrx_word' id='word_1_56' title='bbox 818 374 920 400; x_wconf 84' lang='lat' dir='ltr'><strong>virtute</strong></span> 
     </span>
    </p>
   </div>
   <div class='ocr_carea' id='block_1_8' title="bbox 137 419 919 458">
    <p class='ocr_par' dir='ltr' id='par_1_8' title="bbox 137 419 919 458">
     <span class='ocr_line' id='line_1_8' title="bbox 137 419 919 458; baseline -0.008 -6"><span class='ocrx_word' id='word_1_57' title='bbox 137 424 267 452; x_wconf 90' lang='lat' dir='ltr'><strong>miracula</strong></span> <span class='ocrx_word' id='word_1_58' title='bbox 291 423 485 458; x_wconf 78' lang='lat' dir='ltr'><strong>perfecerunt:</strong></span> <span class='ocrx_word' id='word_1_59' title='bbox 509 422 588 456; x_wconf 85' lang='lat' dir='ltr'><strong>idque</strong></span> <span class='ocrx_word' id='word_1_60' title='bbox 603 421 655 456; x_wconf 87' lang='lat' dir='ltr'><strong>ipsi</strong></span> <span class='ocrx_word' id='word_1_61' title='bbox 681 425 774 455; x_wconf 89' lang='lat' dir='ltr'><strong>aperte</strong></span> <span class='ocrx_word' id='word_1_62' title='bbox 803 419 919 447; x_wconf 80' lang='lat' dir='ltr'><strong>confessi</strong></span> 
     </span>
    </p>
   </div>
   <div class='ocr_carea' id='block_1_9' title="bbox 136 466 920 504">
    <p class='ocr_par' dir='ltr' id='par_1_9' title="bbox 136 466 920 504">
     <span class='ocr_line' id='line_1_9' title="bbox 136 466 920 504; baseline -0.009 -7"><span class='ocrx_word' id='word_1_63' title='bbox 136 469 300 504; x_wconf 78' lang='lat' dir='ltr'><strong>sunt:digni</strong></span> <span class='ocrx_word' id='word_1_64' title='bbox 314 475 432 504; x_wconf 88' lang='lat' dir='ltr'><strong>namque</strong></span> <span class='ocrx_word' id='word_1_65' title='bbox 465 472 528 495; x_wconf 84' lang='lat' dir='ltr'><strong>sunt</strong></span> <span class='ocrx_word' id='word_1_66' title='bbox 559 466 637 494; x_wconf 87' lang='lat' dir='ltr'><strong>laude</strong></span> <span class='ocrx_word' id='word_1_67' title='bbox 650 471 678 494; x_wconf 90' lang='lat' dir='ltr'><strong>et</strong></span> <span class='ocrx_word' id='word_1_68' title='bbox 692 466 755 501; x_wconf 85' lang='lat' dir='ltr'><strong>quia</strong></span> <span class='ocrx_word' id='word_1_69' title='bbox 780 466 805 493; x_wconf 91' lang='lat' dir='ltr'><strong>id</strong></span> <span class='ocrx_word' id='word_1_70' title='bbox 819 473 920 500; x_wconf 82' lang='lat' dir='ltr'><strong>cogno-</strong></span> 
     </span>
    </p>
   </div>
   <div class='ocr_carea' id='block_1_10' title="bbox 137 511 918 549">
    <p class='ocr_par' dir='ltr' id='par_1_10' title="bbox 137 511 918 549">
     <span class='ocr_line' id='line_1_10' title="bbox 137 511 918 549; baseline -0.004 -8"><span class='ocrx_word' id='word_1_71' title='bbox 137 520 245 547; x_wconf 87' lang='lat' dir='ltr'><strong>verunt,</strong></span> <span class='ocrx_word' id='word_1_72' title='bbox 264 520 292 541; x_wconf 87' lang='lat' dir='ltr'><strong>et</strong></span> <span class='ocrx_word' id='word_1_73' title='bbox 307 515 370 549; x_wconf 84' lang='lat' dir='ltr'><strong>quia</strong></span> <span class='ocrx_word' id='word_1_74' title='bbox 393 514 420 541; x_wconf 91' lang='lat' dir='ltr'><strong>in</strong></span> <span class='ocrx_word' id='word_1_75' title='bbox 442 514 508 548; x_wconf 83' lang='lat' dir='ltr'><strong>ipsis</strong></span> <span class='ocrx_word' id='word_1_76' title='bbox 534 517 691 548; x_wconf 87' lang='lat' dir='ltr'><strong>operantem</strong></span> <span class='ocrx_word' id='word_1_77' title='bbox 722 511 918 547; x_wconf 75' lang='lat' dir='ltr'><strong>gloriﬁcabaut.</strong></span> 
     </span>
    </p>
   </div>
   <div class='ocr_carea' id='block_1_11' title="bbox 137 556 920 594">
    <p class='ocr_par' dir='ltr' id='par_1_11' title="bbox 137 556 920 594">
     <span class='ocr_line' id='line_1_11' title="bbox 137 556 920 594; baseline -0.008 -6"><span class='ocrx_word' id='word_1_78' title='bbox 137 560 194 588; x_wconf 83' lang='lat' dir='ltr'><strong>Hoc</strong></span> <span class='ocrx_word' id='word_1_79' title='bbox 208 560 231 588; x_wconf 87' lang='lat' dir='ltr'><strong>si</strong></span> <span class='ocrx_word' id='word_1_80' title='bbox 244 561 279 587; x_wconf 85' lang='lat' dir='ltr'><strong>ita</strong></span> <span class='ocrx_word' id='word_1_81' title='bbox 291 565 344 592; x_wconf 88' lang='lat' dir='ltr'><strong>est,</strong></span> <span class='ocrx_word' id='word_1_82' title='bbox 363 567 453 587; x_wconf 90' lang='lat' dir='ltr'><strong>annon</strong></span> <span class='ocrx_word' id='word_1_83' title='bbox 486 566 591 594; x_wconf 68' lang='lat' dir='ltr'><strong>aequum</strong></span> <span class='ocrx_word' id='word_1_84' title='bbox 603 563 662 586; x_wconf 86' lang='lat' dir='ltr'><strong>erat</strong></span> <span class='ocrx_word' id='word_1_85' title='bbox 687 562 716 584; x_wconf 90' lang='grc' dir='ltr'><strong>ιιι</strong></span> <span class='ocrx_word' id='word_1_86' title='bbox 739 557 864 585; x_wconf 88' lang='lat' dir='ltr'><strong>Christus</strong></span> <span class='ocrx_word' id='word_1_87' title='bbox 875 556 920 591; x_wconf 92' lang='lat' dir='ltr'><strong>qui</strong></span> 
     </span>
    </p>
   </div>
   <div class='ocr_carea' id='block_1_12' title="bbox 137 602 922 638">
    <p class='ocr_par' dir='ltr' id='par_1_12' title="bbox 137 602 922 638">
     <span class='ocr_line' id='line_1_12' title="bbox 137 602 922 638; baseline -0.006 -5"><span class='ocrx_word' id='word_1_88' title='bbox 137 607 171 633; x_wconf 90' lang='lat' dir='ltr'><strong>ab</strong></span> <span class='ocrx_word' id='word_1_89' title='bbox 194 606 257 638; x_wconf 87' lang='lat' dir='ltr'><strong>alio,</strong></span> <span class='ocrx_word' id='word_1_90' title='bbox 285 610 314 632; x_wconf 92' lang='lat' dir='ltr'><strong>ut</strong></span> <span class='ocrx_word' id='word_1_91' title='bbox 333 610 360 632; x_wconf 90' lang='lat' dir='ltr'><strong>tu</strong></span> <span class='ocrx_word' id='word_1_92' title='bbox 377 604 487 636; x_wconf 84' lang='lat' dir='ltr'><strong>asseris,</strong></span> <span class='ocrx_word' id='word_1_93' title='bbox 501 604 534 631; x_wconf 86' lang='lat' dir='ltr'><strong>ad</strong></span> <span class='ocrx_word' id='word_1_94' title='bbox 560 603 726 638; x_wconf 89' lang='lat' dir='ltr'><strong>operandum</strong></span> <span class='ocrx_word' id='word_1_95' title='bbox 741 602 874 633; x_wconf 81' lang='lat' dir='ltr'><strong>ciebatur,</strong></span> <span class='ocrx_word' id='word_1_96' title='bbox 895 606 922 628; x_wconf 87' lang='lat' dir='ltr'><strong>et</strong></span> 
     </span>
    </p>
   </div>
   <div class='ocr_carea' id='block_1_13' title="bbox 138 648 921 686">
    <p class='ocr_par' dir='ltr' id='par_1_13' title="bbox 138 648 921 686">
     <span class='ocr_line' id='line_1_13' title="bbox 138 648 921 686; baseline -0.008 -7"><span class='ocrx_word' id='word_1_97' title='bbox 138 653 308 680; x_wconf 67' lang='lat' dir='ltr'><strong>extrinsecus</strong></span> <span class='ocrx_word' id='word_1_98' title='bbox 339 651 455 679; x_wconf 88' lang='lat' dir='ltr'><strong>habebat</strong></span> <span class='ocrx_word' id='word_1_99' title='bbox 469 649 605 686; x_wconf 75' lang='lat' dir='ltr'><strong>Unigeuiti</strong></span> <span class='ocrx_word' id='word_1_100' title='bbox 622 650 747 684; x_wconf 76' lang='lat' dir='ltr'><strong>gloriam,</strong></span> <span class='ocrx_word' id='word_1_101' title='bbox 760 648 792 675; x_wconf 92' lang='lat' dir='ltr'><strong>ad</strong></span> <span class='ocrx_word' id='word_1_102' title='bbox 813 656 842 675; x_wconf 90' lang='lat' dir='ltr'><strong>se</strong></span> <span class='ocrx_word' id='word_1_103' title='bbox 855 652 921 674; x_wconf 84' lang='lat' dir='ltr'><strong>tan-</strong></span> 
     </span>
    </p>
   </div>
   <div class='ocr_carea' id='block_1_14' title="bbox 138 693 921 734">
    <p class='ocr_par' dir='ltr' id='par_1_14' title="bbox 138 693 921 734">
     <span class='ocr_line' id='line_1_14' title="bbox 138 693 921 734; baseline -0.008 -9"><span class='ocrx_word' id='word_1_104' title='bbox 138 706 218 732; x_wconf 86' lang='lat' dir='ltr'><strong>quam</strong></span> <span class='ocrx_word' id='word_1_105' title='bbox 231 699 264 725; x_wconf 90' lang='lat' dir='ltr'><strong>ad</strong></span> <span class='ocrx_word' id='word_1_106' title='bbox 278 697 331 734; x_wconf 62' lang='grc'><strong>47</strong></span> <span class='ocrx_word' id='word_1_107' title='bbox 348 698 429 725; x_wconf 84' lang='lat' dir='ltr'><strong>Deum</strong></span> <span class='ocrx_word' id='word_1_108' title='bbox 450 696 654 728; x_wconf 84' lang='lat' dir='ltr'><strong>accedentibus,</strong></span> <span class='ocrx_word' id='word_1_109' title='bbox 677 700 704 722; x_wconf 89' lang='lat' dir='ltr'><strong>et</strong></span> <span class='ocrx_word' id='word_1_110' title='bbox 721 695 780 730; x_wconf 81' lang='lat' dir='ltr'><strong>ejus</strong></span> <span class='ocrx_word' id='word_1_111' title='bbox 809 702 860 728; x_wconf 88' lang='lat' dir='ltr'><strong>ope</strong></span> <span class='ocrx_word' id='word_1_112' title='bbox 878 693 921 720; x_wconf 93' lang='lat' dir='ltr'><strong>in-</strong></span> 
     </span>
    </p>
   </div>
   <div class='ocr_carea' id='block_1_15' title="bbox 138 739 923 779">
    <p class='ocr_par' dir='ltr' id='par_1_15' title="bbox 138 739 923 779">
     <span class='ocr_line' id='line_1_15' title="bbox 138 739 923 779; baseline -0.006 -10"><span class='ocrx_word' id='word_1_113' title='bbox 138 743 289 779; x_wconf 73' lang='lat' dir='ltr'><strong>digentibus</strong></span> <span class='ocrx_word' id='word_1_114' title='bbox 322 743 492 775; x_wconf 85' lang='lat' dir='ltr'><strong>inclamaret,</strong></span> <span class='ocrx_word' id='word_1_115' title='bbox 523 742 551 769; x_wconf 95' lang='lat' dir='ltr'><strong>In</strong></span> <span class='ocrx_word' id='word_1_116' title='bbox 579 742 696 772; x_wconf 85' lang='lat' dir='ltr'><strong>nomine,</strong></span> <span class='ocrx_word' id='word_1_117' title='bbox 710 748 756 767; x_wconf 90' lang='lat' dir='ltr'><strong>seu</strong></span> <span class='ocrx_word' id='word_1_118' title='bbox 780 739 806 766; x_wconf 91' lang='lat' dir='ltr'><strong>in</strong></span> <span class='ocrx_word' id='word_1_119' title='bbox 823 740 923 766; x_wconf 78' lang='lat' dir='ltr'><strong>virtute</strong></span> 
     </span>
    </p>
   </div>
   <div class='ocr_carea' id='block_1_16' title="bbox 138 785 924 823">
    <p class='ocr_par' dir='ltr' id='par_1_16' title="bbox 138 785 924 823">
     <span class='ocr_line' id='line_1_16' title="bbox 138 785 924 823; baseline -0.005 -8"><span class='ocrx_word' id='word_1_120' title='bbox 138 789 275 823; x_wconf 82' lang='lat' dir='ltr'><strong>Unigeniti</strong></span> <span class='ocrx_word' id='word_1_121' title='bbox 291 789 352 820; x_wconf 89' lang='lat' dir='ltr'><strong>hoc,</strong></span> <span class='ocrx_word' id='word_1_122' title='bbox 365 788 438 815; x_wconf 80' lang='lat' dir='ltr'><strong>verbi</strong></span> <span class='ocrx_word' id='word_1_123' title='bbox 449 787 547 823; x_wconf 81' lang='lat' dir='ltr'><strong>gratia,</strong></span> <span class='ocrx_word' id='word_1_124' title='bbox 559 787 606 814; x_wconf 88' lang='lat' dir='ltr'><strong>tibi</strong></span> <span class='ocrx_word' id='word_1_125' title='bbox 619 786 788 814; x_wconf 89' lang='lat' dir='ltr'><strong>commodum</strong></span> <span class='ocrx_word' id='word_1_126' title='bbox 800 785 924 812; x_wconf 85' lang='lat' dir='ltr'><strong>eveniat?</strong></span> 
     </span>
    </p>
   </div>
   <div class='ocr_carea' id='block_1_17' title="bbox 139 831 923 867">
    <p class='ocr_par' dir='ltr' id='par_1_17' title="bbox 139 831 923 867">
     <span class='ocr_line' id='line_1_17' title="bbox 139 831 923 867; baseline -0.006 -7"><span class='ocrx_word' id='word_1_127' title='bbox 139 843 200 861; x_wconf 89' lang='lat' dir='ltr'><strong>nam</strong></span> <span class='ocrx_word' id='word_1_128' title='bbox 218 835 242 861; x_wconf 87' lang='lat' dir='ltr'><strong>id</strong></span> <span class='ocrx_word' id='word_1_129' title='bbox 260 833 393 861; x_wconf 78' lang='lat' dir='ltr'><strong>faciebam</strong></span> <span class='ocrx_word' id='word_1_130' title='bbox 411 833 447 860; x_wconf 88' lang='lat' dir='ltr'><strong>illi</strong></span> <span class='ocrx_word' id='word_1_131' title='bbox 459 832 652 867; x_wconf 87' lang='lat' dir='ltr'><strong>sapientissimi</strong></span> <span class='ocrx_word' id='word_1_132' title='bbox 672 831 807 865; x_wconf 81' lang='lat' dir='ltr'><strong>discipuli,</strong></span> <span class='ocrx_word' id='word_1_133' title='bbox 825 831 923 863; x_wconf 80' lang='lat' dir='ltr'><strong>ubique</strong></span> 
     </span>
    </p>
   </div>
   <div class='ocr_carea' id='block_1_18' title="bbox 138 877 923 914">
    <p class='ocr_par' dir='ltr' id='par_1_18' title="bbox 138 877 923 914">
     <span class='ocr_line' id='line_1_18' title="bbox 138 877 923 914; baseline -0.008 -7"><span class='ocrx_word' id='word_1_134' title='bbox 138 879 230 907; x_wconf 73' lang='lat' dir='ltr'><strong>Iesum</strong></span> <span class='ocrx_word' id='word_1_135' title='bbox 247 887 278 907; x_wconf 85' lang='lat' dir='ltr'><strong>ex</strong></span> <span class='ocrx_word' id='word_1_136' title='bbox 295 879 429 906; x_wconf 80' lang='lat' dir='ltr'><strong>Nazareth</strong></span> <span class='ocrx_word' id='word_1_137' title='bbox 442 878 618 914; x_wconf 88' lang='lat' dir='ltr'><strong>appellantes.</strong></span> <span class='ocrx_word' id='word_1_138' title='bbox 628 877 680 904; x_wconf 84' lang='lat' dir='ltr'><strong>Sed</strong></span> <span class='ocrx_word' id='word_1_139' title='bbox 694 877 828 903; x_wconf 84' lang='lat' dir='ltr'><strong>neminem</strong></span> <span class='ocrx_word' id='word_1_140' title='bbox 847 883 923 910; x_wconf 87' lang='lat' dir='ltr'><strong>pror-</strong></span> 
     </span>
    </p>
   </div>
   <div class='ocr_carea' id='block_1_19' title="bbox 139 922 924 959">
    <p class='ocr_par' dir='ltr' id='par_1_19' title="bbox 139 922 924 959">
     <span class='ocr_line' id='line_1_19' title="bbox 139 922 924 959; baseline -0.006 -7"><span class='ocrx_word' id='word_1_141' title='bbox 139 926 234 952; x_wconf 83' lang='lat' dir='ltr'><strong>susita</strong></span> <span class='ocrx_word' id='word_1_142' title='bbox 248 931 290 952; x_wconf 90' lang='lat' dir='ltr'><strong>est</strong></span> <span class='ocrx_word' id='word_1_143' title='bbox 304 925 449 958; x_wconf 78' lang='lat' dir='ltr'><strong>allocutus,</strong></span> <span class='ocrx_word' id='word_1_144' title='bbox 469 931 577 959; x_wconf 64' lang='lat' dir='ltr'><strong>sumque</strong></span> <span class='ocrx_word' id='word_1_145' title='bbox 598 924 687 957; x_wconf 86' lang='lat' dir='ltr'><strong>potius</strong></span> <span class='ocrx_word' id='word_1_146' title='bbox 707 922 801 949; x_wconf 88' lang='lat' dir='ltr'><strong>virtuti</strong></span> <span class='ocrx_word' id='word_1_147' title='bbox 825 929 924 956; x_wconf 86' lang='lat' dir='ltr'><strong>perpe-</strong></span> 
     </span>
    </p>
   </div>
   <div class='ocr_carea' id='block_1_20' title="bbox 143 967 923 1006">
    <p class='ocr_par' dir='ltr' id='par_1_20' title="bbox 143 967 923 1006">
     <span class='ocr_line' id='line_1_20' title="bbox 143 967 923 1006; baseline -0.005 -9"><span class='ocrx_word' id='word_1_148' title='bbox 143 976 213 998; x_wconf 89' lang='lat' dir='ltr'><strong>trata</strong></span> <span class='ocrx_word' id='word_1_149' title='bbox 227 971 304 1006; x_wconf 77' lang='lat' dir='ltr'><strong>signa</strong></span> <span class='ocrx_word' id='word_1_150' title='bbox 322 971 466 1002; x_wconf 80' lang='lat' dir='ltr'><strong>tribuebat,</strong></span> <span class='ocrx_word' id='word_1_151' title='bbox 481 977 552 996; x_wconf 91' lang='lat' dir='ltr'><strong>nunc</strong></span> <span class='ocrx_word' id='word_1_152' title='bbox 576 969 683 1003; x_wconf 87' lang='lat' dir='ltr'><strong>quidem</strong></span> <span class='ocrx_word' id='word_1_153' title='bbox 699 967 779 995; x_wconf 57' lang='lat' dir='ltr'><strong>caecis</strong></span> <span class='ocrx_word' id='word_1_154' title='bbox 805 968 898 995; x_wconf 88' lang='lat' dir='ltr'><strong>dicens</strong></span> <span class='ocrx_word' id='word_1_155' title='bbox 915 975 923 993; x_wconf 84' lang='lat'><strong>:</strong></span> 
     </span>
    </p>
   </div>
   <div class='ocr_carea' id='block_1_21' title="bbox 143 1014 925 1051">
    <p class='ocr_par' dir='ltr' id='par_1_21' title="bbox 143 1014 925 1051">
     <span class='ocr_line' id='line_1_21' title="bbox 143 1014 925 1051; baseline -0.009 -5"><span class='ocrx_word' id='word_1_156' title='bbox 143 1028 152 1044; x_wconf 86' lang='grc'><em>‹</em></span> <span class='ocrx_word' id='word_1_157' title='bbox 171 1018 287 1046; x_wconf 84' lang='lat' dir='ltr'><strong>Creditis</strong></span> <span class='ocrx_word' id='word_1_158' title='bbox 302 1017 373 1051; x_wconf 89' lang='lat' dir='ltr'><strong>quod</strong></span> <span class='ocrx_word' id='word_1_159' title='bbox 385 1016 487 1051; x_wconf 76' lang='lat' dir='ltr'><strong>possint</strong></span> <span class='ocrx_word' id='word_1_160' title='bbox 503 1015 530 1042; x_wconf 87' lang='lat' dir='ltr'><strong>id</strong></span> <span class='ocrx_word' id='word_1_161' title='bbox 542 1015 630 1042; x_wconf 80' lang='lat' dir='ltr'><strong>facere</strong></span> <span class='ocrx_word' id='word_1_162' title='bbox 642 1014 683 1040; x_wconf 71' lang='lat' dir='ltr'><strong>u‘?</strong></span> <span class='ocrx_word' id='word_1_163' title='bbox 695 1023 704 1040; x_wconf 82' lang='grc' dir='ltr'><strong>ι</strong></span> <span class='ocrx_word' id='word_1_164' title='bbox 723 1018 749 1040; x_wconf 90' lang='lat' dir='ltr'><strong>et</strong></span> <span class='ocrx_word' id='word_1_165' title='bbox 764 1020 925 1040; x_wconf 86' lang='lat' dir='ltr'><strong>consensum</strong></span> 
     </span>
    </p>
   </div>
   <div class='ocr_carea' id='block_1_22' title="bbox 140 1058 924 1098">
    <p class='ocr_par' dir='ltr' id='par_1_22' title="bbox 140 1058 924 1098">
     <span class='ocr_line' id='line_1_22' title="bbox 140 1058 924 1098; baseline -0.008 -7"><span class='ocrx_word' id='word_1_166' title='bbox 140 1071 288 1098; x_wconf 83' lang='lat' dir='ltr'><strong>exposcens</strong></span> <span class='ocrx_word' id='word_1_167' title='bbox 305 1072 313 1096; x_wconf 86' lang='lat'>;</span> <span class='ocrx_word' id='word_1_168' title='bbox 329 1070 400 1090; x_wconf 90' lang='lat' dir='ltr'><strong>nunc</strong></span> <span class='ocrx_word' id='word_1_169' title='bbox 411 1068 472 1088; x_wconf 90' lang='lat' dir='ltr'><strong>cum</strong></span> <span class='ocrx_word' id='word_1_170' title='bbox 493 1060 604 1095; x_wconf 87' lang='lat' dir='ltr'><strong>imperio</strong></span> <span class='ocrx_word' id='word_1_171' title='bbox 622 1060 745 1093; x_wconf 78' lang='lat' dir='ltr'><strong>exigens.</strong></span> <span class='ocrx_word' id='word_1_172' title='bbox 761 1066 793 1086; x_wconf 89' lang='lat' dir='ltr'><strong>ac</strong></span> <span class='ocrx_word' id='word_1_173' title='bbox 806 1058 900 1085; x_wconf 86' lang='lat' dir='ltr'><strong>dicens</strong></span> <span class='ocrx_word' id='word_1_174' title='bbox 917 1068 924 1085; x_wconf 89' lang='lat'><strong>:</strong></span> 
     </span>
    </p>
   </div>
   <div class='ocr_carea' id='block_1_23' title="bbox 144 1105 926 1142">
    <p class='ocr_par' dir='ltr' id='par_1_23' title="bbox 144 1105 926 1142">
     <span class='ocr_line' id='line_1_23' title="bbox 144 1105 926 1142; baseline -0.008 -6"><span class='ocrx_word' id='word_1_175' title='bbox 144 1119 154 1136; x_wconf 79' lang='grc' dir='ltr'><strong>ι</strong></span> <span class='ocrx_word' id='word_1_176' title='bbox 172 1109 249 1142; x_wconf 77' lang='lat' dir='ltr'><strong>Volo,</strong></span> <span class='ocrx_word' id='word_1_177' title='bbox 264 1109 393 1136; x_wconf 84' lang='lat' dir='ltr'><strong>mundare</strong></span> <span class='ocrx_word' id='word_1_178' title='bbox 410 1108 430 1123; x_wconf 78' lang='lat'>“</span> <span class='ocrx_word' id='word_1_179' title='bbox 446 1116 453 1141; x_wconf 85' lang='lat'><strong>;</strong></span> <span class='ocrx_word' id='word_1_180' title='bbox 471 1116 482 1134; x_wconf 83' lang='grc' dir='ltr'><strong>ι</strong></span> <span class='ocrx_word' id='word_1_181' title='bbox 501 1114 548 1134; x_wconf 91' lang='lat' dir='ltr'><strong>cur</strong></span> <span class='ocrx_word' id='word_1_182' title='bbox 564 1114 616 1134; x_wconf 92' lang='lat' dir='ltr'><strong>non</strong></span> <span class='ocrx_word' id='word_1_183' title='bbox 634 1105 822 1141; x_wconf 83' lang='lat' dir='ltr'><strong>praetermissis</strong></span> <span class='ocrx_word' id='word_1_184' title='bbox 844 1105 926 1132; x_wconf 90' lang='lat' dir='ltr'><strong>anili-</strong></span> 
     </span>
    </p>
   </div>
   <div class='ocr_carea' id='block_1_24' title="bbox 141 1151 926 1189">
    <p class='ocr_par' dir='ltr' id='par_1_24' title="bbox 141 1151 926 1189">
     <span class='ocr_line' id='line_1_24' title="bbox 141 1151 926 1189; baseline -0.008 -6"><span class='ocrx_word' id='word_1_185' title='bbox 141 1156 190 1183; x_wconf 85' lang='lat' dir='ltr'><strong>bus</strong></span> <span class='ocrx_word' id='word_1_186' title='bbox 201 1154 317 1186; x_wconf 78' lang='lat' dir='ltr'><strong>l’ahellis,</strong></span> <span class='ocrx_word' id='word_1_187' title='bbox 329 1162 396 1189; x_wconf 86' lang='lat' dir='ltr'><strong>quas</strong></span> <span class='ocrx_word' id='word_1_188' title='bbox 407 1154 454 1180; x_wconf 89' lang='lat' dir='ltr'><strong>tibi</strong></span> <span class='ocrx_word' id='word_1_189' title='bbox 474 1158 501 1180; x_wconf 90' lang='lat' dir='ltr'><strong>et</strong></span> <span class='ocrx_word' id='word_1_190' title='bbox 510 1153 560 1180; x_wconf 84' lang='lat' dir='ltr'><strong>soli</strong></span> <span class='ocrx_word' id='word_1_191' title='bbox 572 1158 742 1179; x_wconf 87' lang='lat' dir='ltr'><strong>commentus</strong></span> <span class='ocrx_word' id='word_1_192' title='bbox 752 1160 791 1183; x_wconf 80' lang='lat' dir='ltr'><strong>es,</strong></span> <span class='ocrx_word' id='word_1_193' title='bbox 805 1151 926 1187; x_wconf 64' lang='lat' dir='ltr'><strong>mysterii</strong></span> 
     </span>
    </p>
   </div>
   <div class='ocr_carea' id='block_1_25' title="bbox 141 1197 928 1236">
    <p class='ocr_par' dir='ltr' id='par_1_25' title="bbox 141 1197 928 1236">
     <span class='ocr_line' id='line_1_25' title="bbox 141 1197 928 1236; baseline -0.005 -9"><span class='ocrx_word' id='word_1_194' title='bbox 141 1201 351 1236; x_wconf 77' lang='lat' dir='ltr'><strong>profunditatem</strong></span> <span class='ocrx_word' id='word_1_195' title='bbox 368 1198 481 1234; x_wconf 85' lang='lat' dir='ltr'><strong>sapienti</strong></span> <span class='ocrx_word' id='word_1_196' title='bbox 494 1198 609 1226; x_wconf 88' lang='lat' dir='ltr'><strong>consilio</strong></span> <span class='ocrx_word' id='word_1_197' title='bbox 625 1198 758 1233; x_wconf 83' lang='lat' dir='ltr'><strong>perquiris</strong></span> <span class='ocrx_word' id='word_1_198' title='bbox 774 1198 785 1223; x_wconf 74' lang='grc' dir='ltr'><strong>’Ξ</strong></span> <span class='ocrx_word' id='word_1_199' title='bbox 803 1197 855 1224; x_wconf 80' lang='lat' dir='ltr'><strong>Sed</strong></span> <span class='ocrx_word' id='word_1_200' title='bbox 870 1205 928 1231; x_wconf 80' lang='lat' dir='ltr'><strong>per-</strong></span> 
     </span>
    </p>
   </div>
   <div class='ocr_carea' id='block_1_26' title="bbox 142 1244 928 1282">
    <p class='ocr_par' dir='ltr' id='par_1_26' title="bbox 142 1244 928 1282">
     <span class='ocr_line' id='line_1_26' title="bbox 142 1244 928 1282; baseline -0.006 -8"><span class='ocrx_word' id='word_1_201' title='bbox 142 1248 264 1282; x_wconf 84' lang='lat' dir='ltr'><strong>spicuum</strong></span> <span class='ocrx_word' id='word_1_202' title='bbox 278 1250 319 1274; x_wconf 82' lang='lat' dir='ltr'><strong>est</strong></span> <span class='ocrx_word' id='word_1_203' title='bbox 328 1254 418 1273; x_wconf 90' lang='lat' dir='ltr'><strong>rerum</strong></span> <span class='ocrx_word' id='word_1_204' title='bbox 433 1246 459 1272; x_wconf 91' lang='lat' dir='ltr'><strong>in</strong></span> <span class='ocrx_word' id='word_1_205' title='bbox 473 1245 568 1279; x_wconf 88' lang='lat' dir='ltr'><strong>primis</strong></span> <span class='ocrx_word' id='word_1_206' title='bbox 593 1244 697 1272; x_wconf 90' lang='lat' dir='ltr'><strong>utilium</strong></span> <span class='ocrx_word' id='word_1_207' title='bbox 710 1244 834 1279; x_wconf 76' lang='lat' dir='ltr'><strong>exiguam</strong></span> <span class='ocrx_word' id='word_1_208' title='bbox 850 1251 928 1278; x_wconf 91' lang='lat' dir='ltr'><strong>pror-</strong></span> 
     </span>
    </p>
   </div>
   <div class='ocr_carea' id='block_1_27' title="bbox 143 1289 927 1325">
    <p class='ocr_par' dir='ltr' id='par_1_27' title="bbox 143 1289 927 1325">
     <span class='ocr_line' id='line_1_27' title="bbox 143 1289 927 1325; baseline -0.008 -6"><span class='ocrx_word' id='word_1_209' title='bbox 143 1301 188 1320; x_wconf 75' lang='lat' dir='ltr'><strong>sus</strong></span> <span class='ocrx_word' id='word_1_210' title='bbox 207 1293 244 1319; x_wconf 89' lang='lat' dir='ltr'><strong>illi</strong></span> <span class='ocrx_word' id='word_1_211' title='bbox 263 1299 356 1320; x_wconf 82' lang='lat' dir='ltr'><strong>curam</strong></span> <span class='ocrx_word' id='word_1_212' title='bbox 382 1299 454 1323; x_wconf 85' lang='lat' dir='ltr'><strong>esse,</strong></span> <span class='ocrx_word' id='word_1_213' title='bbox 483 1298 515 1317; x_wconf 85' lang='lat' dir='ltr'><strong>ac</strong></span> <span class='ocrx_word' id='word_1_214' title='bbox 536 1289 734 1325; x_wconf 86' lang='lat' dir='ltr'><strong>quodammodo</strong></span> <span class='ocrx_word' id='word_1_215' title='bbox 751 1294 872 1316; x_wconf 83' lang='lat' dir='ltr'><strong>metuere</strong></span> <span class='ocrx_word' id='word_1_216' title='bbox 895 1296 927 1314; x_wconf 90' lang='lat' dir='ltr'><strong>ne</strong></span> 
     </span>
    </p>
   </div>
   <div class='ocr_carea' id='block_1_28' title="bbox 144 1334 927 1373">
    <p class='ocr_par' dir='ltr' id='par_1_28' title="bbox 144 1334 927 1373">
     <span class='ocr_line' id='line_1_28' title="bbox 144 1334 927 1373; baseline -0.005 -10"><span class='ocrx_word' id='word_1_217' title='bbox 144 1339 208 1373; x_wconf 82' lang='lat' dir='ltr'><strong>quid</strong></span> <span class='ocrx_word' id='word_1_218' title='bbox 224 1338 280 1365; x_wconf 85' lang='lat' dir='ltr'><strong>veri</strong></span> <span class='ocrx_word' id='word_1_219' title='bbox 308 1346 402 1370; x_wconf 83' lang='lat' dir='ltr'><strong>parum</strong></span> <span class='ocrx_word' id='word_1_220' title='bbox 423 1337 568 1364; x_wconf 80' lang='lat' dir='ltr'><strong>advertens</strong></span> <span class='ocrx_word' id='word_1_221' title='bbox 596 1336 678 1367; x_wconf 88' lang='lat' dir='ltr'><strong>dicat,</strong></span> <span class='ocrx_word' id='word_1_222' title='bbox 693 1340 719 1362; x_wconf 88' lang='lat' dir='ltr'><strong>et</strong></span> <span class='ocrx_word' id='word_1_223' title='bbox 744 1335 810 1361; x_wconf 81' lang='lat' dir='ltr'><strong>recti</strong></span> <span class='ocrx_word' id='word_1_224' title='bbox 826 1334 927 1369; x_wconf 84' lang='lat' dir='ltr'><strong>aliquid</strong></span> 
     </span>
    </p>
   </div>
   <div class='ocr_carea' id='block_1_29' title="bbox 144 1379 929 1416">
    <p class='ocr_par' dir='ltr' id='par_1_29' title="bbox 144 1379 929 1416">
     <span class='ocr_line' id='line_1_29' title="bbox 144 1379 929 1416; baseline -0.004 -7"><span class='ocrx_word' id='word_1_225' title='bbox 144 1383 245 1410; x_wconf 78' lang='lat' dir='ltr'><strong>sentire</strong></span> <span class='ocrx_word' id='word_1_226' title='bbox 275 1382 492 1416; x_wconf 79' lang='lat' dir='ltr'><strong>deprehendatur</strong></span> <span class='ocrx_word' id='word_1_227' title='bbox 516 1390 522 1407; x_wconf 68' lang='grc' dir='ltr'>ε</span> <span class='ocrx_word' id='word_1_228' title='bbox 549 1386 577 1408; x_wconf 86' lang='lat' dir='ltr'><strong>et</strong></span> <span class='ocrx_word' id='word_1_229' title='bbox 600 1379 792 1407; x_wconf 82' lang='lat' dir='ltr'><strong>absurdissima</strong></span> <span class='ocrx_word' id='word_1_230' title='bbox 815 1387 929 1413; x_wconf 80' lang='lat' dir='ltr'><strong>quaeque</strong></span> 
     </span>
    </p>
   </div>
   <div class='ocr_carea' id='block_1_30' title="bbox 143 1425 929 1464">
    <p class='ocr_par' dir='ltr' id='par_1_30' title="bbox 143 1425 929 1464">
     <span class='ocr_line' id='line_1_30' title="bbox 143 1425 929 1464; baseline -0.006 -8"><span class='ocrx_word' id='word_1_231' title='bbox 143 1429 252 1464; x_wconf 76' lang='lat' dir='ltr'><strong>cogitat,</strong></span> <span class='ocrx_word' id='word_1_232' title='bbox 269 1429 504 1456; x_wconf 85' lang='lat' dir='ltr'><strong>etinconsiderate</strong></span> <span class='ocrx_word' id='word_1_233' title='bbox 515 1427 658 1454; x_wconf 82' lang='lat' dir='ltr'><strong>admodum</strong></span> <span class='ocrx_word' id='word_1_234' title='bbox 677 1430 786 1453; x_wconf 87' lang='lat' dir='ltr'><strong>accusat</strong></span> <span class='ocrx_word' id='word_1_235' title='bbox 803 1425 929 1452; x_wconf 67' lang='lat' dir='ltr'><strong>Ecclesia:</strong></span> 
     </span>
    </p>
   </div>
   <div class='ocr_carea' id='block_1_31' title="bbox 145 1471 930 1510">
    <p class='ocr_par' dir='ltr' id='par_1_31' title="bbox 145 1471 930 1510">
     <span class='ocr_line' id='line_1_31' title="bbox 145 1471 930 1510; baseline -0.006 -8"><span class='ocrx_word' id='word_1_236' title='bbox 145 1476 281 1510; x_wconf 75' lang='lat' dir='ltr'><strong>dogmata.</strong></span> <span class='ocrx_word' id='word_1_237' title='bbox 302 1475 382 1508; x_wconf 82' lang='lat' dir='ltr'><strong>Atqui</strong></span> <span class='ocrx_word' id='word_1_238' title='bbox 404 1474 558 1501; x_wconf 77' lang='lat' dir='ltr'><strong>meminisse</strong></span> <span class='ocrx_word' id='word_1_239' title='bbox 575 1481 636 1500; x_wconf 80' lang='lat' dir='ltr'><strong>eum</strong></span> <span class='ocrx_word' id='word_1_240' title='bbox 661 1472 780 1507; x_wconf 86' lang='lat' dir='ltr'><strong>oportuit</strong></span> <span class='ocrx_word' id='word_1_241' title='bbox 802 1471 846 1498; x_wconf 80' lang='lat' dir='ltr'><strong>Dei</strong></span> <span class='ocrx_word' id='word_1_242' title='bbox 871 1478 930 1498; x_wconf 81' lang='lat' dir='ltr'><strong>ver-</strong></span> 
     </span>
    </p>
   </div>
   <div class='ocr_carea' id='block_1_32' title="bbox 145 1518 928 1555">
    <p class='ocr_par' dir='ltr' id='par_1_32' title="bbox 145 1518 928 1555">
     <span class='ocr_line' id='line_1_32' title="bbox 145 1518 928 1555; baseline -0.006 -7"><span class='ocrx_word' id='word_1_243' title='bbox 145 1522 252 1554; x_wconf 90' lang='lat' dir='ltr'><strong>borum,</strong></span> <span class='ocrx_word' id='word_1_244' title='bbox 267 1518 418 1555; x_wconf 69' lang='lat' dir='ltr'><strong>prmpositis</strong></span> <span class='ocrx_word' id='word_1_245' title='bbox 437 1518 609 1546; x_wconf 81' lang='lat' dir='ltr'><strong>rationalium</strong></span> <span class='ocrx_word' id='word_1_246' title='bbox 634 1525 745 1553; x_wconf 75' lang='lat' dir='ltr'><strong>gregum</strong></span> <span class='ocrx_word' id='word_1_247' title='bbox 773 1524 820 1551; x_wconf 86' lang='lat' dir='ltr'><strong>per</strong></span> <span class='ocrx_word' id='word_1_248' title='bbox 835 1524 928 1544; x_wconf 85' lang='lat' dir='ltr'><strong>vocem</strong></span> 
     </span>
    </p>
   </div>
   <div class='ocr_carea' id='block_1_33' title="bbox 144 1564 928 1599">
    <p class='ocr_par' dir='ltr' id='par_1_33' title="bbox 144 1564 928 1599">
     <span class='ocr_line' id='line_1_33' title="bbox 144 1564 928 1599; baseline -0.006 -5"><span class='ocrx_word' id='word_1_249' title='bbox 144 1567 270 1595; x_wconf 83' lang='lat' dir='ltr'><strong>Ezechiel</strong></span> <span class='ocrx_word' id='word_1_250' title='bbox 287 1567 419 1594; x_wconf 89' lang='lat' dir='ltr'><strong>dicentis:</strong></span> <span class='ocrx_word' id='word_1_251' title='bbox 439 1575 448 1591; x_wconf 80' lang='grc' dir='ltr'><strong>ι</strong></span> <span class='ocrx_word' id='word_1_252' title='bbox 484 1565 615 1593; x_wconf 68' lang='lat' dir='ltr'><strong>Prteclara</strong></span> <span class='ocrx_word' id='word_1_253' title='bbox 641 1571 739 1599; x_wconf 86' lang='lat' dir='ltr'><strong>pascua</strong></span> <span class='ocrx_word' id='word_1_254' title='bbox 763 1564 928 1598; x_wconf 76' lang='lat' dir='ltr'><strong>depasceha-</strong></span> 
     </span>
    </p>
   </div>
   <div class='ocr_carea' id='block_1_34' title="bbox 146 1610 930 1648">
    <p class='ocr_par' dir='ltr' id='par_1_34' title="bbox 146 1610 930 1648">
     <span class='ocr_line' id='line_1_34' title="bbox 146 1610 930 1648; baseline -0.006 -7"><span class='ocrx_word' id='word_1_255' title='bbox 146 1614 222 1646; x_wconf 82' lang='grc' dir='ltr'>ιιιὶιιὶ,</span> <span class='ocrx_word' id='word_1_256' title='bbox 248 1618 275 1640; x_wconf 91' lang='lat' dir='ltr'><strong>et</strong></span> <span class='ocrx_word' id='word_1_257' title='bbox 299 1621 396 1648; x_wconf 86' lang='lat' dir='ltr'><strong>aquam</strong></span> <span class='ocrx_word' id='word_1_258' title='bbox 426 1612 619 1640; x_wconf 82' lang='lat' dir='ltr'><strong>consistentem</strong></span> <span class='ocrx_word' id='word_1_259' title='bbox 648 1610 802 1639; x_wconf 84' lang='lat' dir='ltr'><strong>bibebatis:</strong></span> <span class='ocrx_word' id='word_1_260' title='bbox 819 1616 846 1637; x_wconf 90' lang='lat' dir='ltr'><strong>et</strong></span> <span class='ocrx_word' id='word_1_261' title='bbox 869 1611 930 1637; x_wconf 86' lang='lat' dir='ltr'><strong>reli-</strong></span> 
     </span>
    </p>
   </div>
   <div class='ocr_carea' id='block_1_35' title="bbox 145 1657 932 1696">
    <p class='ocr_par' dir='ltr' id='par_1_35' title="bbox 145 1657 932 1696">
     <span class='ocr_line' id='line_1_35' title="bbox 145 1657 932 1696; baseline -0.006 -9"><span class='ocrx_word' id='word_1_262' title='bbox 145 1669 226 1696; x_wconf 84' lang='lat' dir='ltr'><strong>quam</strong></span> <span class='ocrx_word' id='word_1_263' title='bbox 240 1660 390 1687; x_wconf 82' lang='lat' dir='ltr'><strong>turbabatis</strong></span> <span class='ocrx_word' id='word_1_264' title='bbox 403 1659 514 1693; x_wconf 88' lang='lat' dir='ltr'><strong>pedibus</strong></span> <span class='ocrx_word' id='word_1_265' title='bbox 528 1657 637 1690; x_wconf 75' lang='lat' dir='ltr'><strong>vestris,</strong></span> <span class='ocrx_word' id='word_1_266' title='bbox 656 1662 683 1683; x_wconf 88' lang='lat' dir='ltr'><strong>et</strong></span> <span class='ocrx_word' id='word_1_267' title='bbox 706 1664 771 1684; x_wconf 82' lang='lat' dir='ltr'><strong>ovcs</strong></span> <span class='ocrx_word' id='word_1_268' title='bbox 786 1664 852 1683; x_wconf 68' lang='lat' dir='ltr'><strong>mea:</strong></span> <span class='ocrx_word' id='word_1_269' title='bbox 866 1664 932 1683; x_wconf 89' lang='lat' dir='ltr'><strong>con-</strong></span> 
     </span>
    </p>
   </div>
   <div class='ocr_carea' id='block_1_36' title="bbox 146 1702 931 1741">
    <p class='ocr_par' dir='ltr' id='par_1_36' title="bbox 146 1702 931 1741">
     <span class='ocr_line' id='line_1_36' title="bbox 146 1702 931 1741; baseline -0.006 -8"><span class='ocrx_word' id='word_1_270' title='bbox 146 1707 256 1734; x_wconf 71' lang='lat' dir='ltr'><strong>culcata:</strong></span> <span class='ocrx_word' id='word_1_271' title='bbox 268 1705 380 1741; x_wconf 83' lang='lat' dir='ltr'><strong>pedibus</strong></span> <span class='ocrx_word' id='word_1_272' title='bbox 400 1705 498 1731; x_wconf 75' lang='lat' dir='ltr'><strong>vestris</strong></span> <span class='ocrx_word' id='word_1_273' title='bbox 513 1703 737 1738; x_wconf 75' lang='lat' dir='ltr'><strong>(lcpasccbanlur,</strong></span> <span class='ocrx_word' id='word_1_274' title='bbox 752 1708 778 1729; x_wconf 91' lang='lat' dir='ltr'><strong>et</strong></span> <span class='ocrx_word' id='word_1_275' title='bbox 796 1702 931 1728; x_wconf 89' lang='lat' dir='ltr'><strong>turbatam</strong></span> 
     </span>
    </p>
   </div>
   <div class='ocr_carea' id='block_1_37' title="bbox 146 1748 930 1787">
    <p class='ocr_par' dir='ltr' id='par_1_37' title="bbox 146 1748 930 1787">
     <span class='ocr_line' id='line_1_37' title="bbox 146 1748 930 1787; baseline -0.004 -10"><span class='ocrx_word' id='word_1_276' title='bbox 146 1759 244 1787; x_wconf 82' lang='lat' dir='ltr'><strong>aquam</strong></span> <span class='ocrx_word' id='word_1_277' title='bbox 275 1751 387 1786; x_wconf 89' lang='lat' dir='ltr'><strong>pedibus</strong></span> <span class='ocrx_word' id='word_1_278' title='bbox 412 1750 511 1777; x_wconf 80' lang='lat' dir='ltr'><strong>vestris</strong></span> <span class='ocrx_word' id='word_1_279' title='bbox 534 1750 662 1776; x_wconf 81' lang='lat' dir='ltr'><strong>bibebant</strong></span> <span class='ocrx_word' id='word_1_280' title='bbox 676 1749 709 1775; x_wconf 72' lang='grc' dir='ltr'>δ’.</span> <span class='ocrx_word' id='word_1_281' title='bbox 731 1758 739 1774; x_wconf 84' lang='grc' dir='ltr'><strong>ι</strong></span> <span class='ocrx_word' id='word_1_282' title='bbox 761 1748 814 1775; x_wconf 81' lang='lat' dir='ltr'><strong>Nos</strong></span> <span class='ocrx_word' id='word_1_283' title='bbox 845 1749 930 1779; x_wconf 89' lang='lat' dir='ltr'><strong>enim,</strong></span> 
     </span>
    </p>
   </div>
   <div class='ocr_carea' id='block_1_38' title="bbox 147 1794 930 1832">
    <p class='ocr_par' dir='ltr' id='par_1_38' title="bbox 147 1794 930 1832">
     <span class='ocr_line' id='line_1_38' title="bbox 147 1794 930 1832; baseline -0.006 -7"><span class='ocrx_word' id='word_1_284' title='bbox 147 1798 275 1826; x_wconf 85' lang='lat' dir='ltr'><strong>divinitus</strong></span> <span class='ocrx_word' id='word_1_285' title='bbox 303 1797 442 1832; x_wconf 81' lang='lat' dir='ltr'><strong>inspiratis</strong></span> <span class='ocrx_word' id='word_1_286' title='bbox 470 1795 580 1822; x_wconf 86' lang='lat' dir='ltr'><strong>Litteris</strong></span> <span class='ocrx_word' id='word_1_287' title='bbox 615 1795 734 1822; x_wconf 92' lang='lat' dir='ltr'><strong>animum</strong></span> <span class='ocrx_word' id='word_1_288' title='bbox 758 1794 930 1829; x_wconf 82' lang='lat' dir='ltr'><strong>adjicientes,</strong></span> 
     </span>
    </p>
   </div>
   <div class='ocr_carea' id='block_1_39' title="bbox 147 1841 932 1879">
    <p class='ocr_par' dir='ltr' id='par_1_39' title="bbox 147 1841 932 1879">
     <span class='ocr_line' id='line_1_39' title="bbox 147 1841 932 1879; baseline -0.009 -7"><span class='ocrx_word' id='word_1_289' title='bbox 147 1845 275 1879; x_wconf 62' lang='lat' dir='ltr'><strong>praeclara</strong></span> <span class='ocrx_word' id='word_1_290' title='bbox 286 1851 384 1878; x_wconf 80' lang='lat' dir='ltr'><strong>pascua</strong></span> <span class='ocrx_word' id='word_1_291' title='bbox 396 1841 577 1877; x_wconf 85' lang='lat' dir='ltr'><strong>depascimur,</strong></span> <span class='ocrx_word' id='word_1_292' title='bbox 587 1845 616 1868; x_wconf 89' lang='lat' dir='ltr'><strong>ut</strong></span> <span class='ocrx_word' id='word_1_293' title='bbox 626 1841 755 1876; x_wconf 90' lang='lat' dir='ltr'><strong>scriptum</strong></span> <span class='ocrx_word' id='word_1_294' title='bbox 767 1845 820 1872; x_wconf 87' lang='lat' dir='ltr'><strong>est,</strong></span> <span class='ocrx_word' id='word_1_295' title='bbox 835 1847 932 1874; x_wconf 88' lang='lat' dir='ltr'><strong>aquam</strong></span> 
     </span>
    </p>
   </div>
   <div class='ocr_carea' id='block_1_40' title="bbox 148 1888 933 1920">
    <p class='ocr_par' dir='ltr' id='par_1_40' title="bbox 148 1888 933 1920">
     <span class='ocr_line' id='line_1_40' title="bbox 148 1888 933 1920; baseline -0.006 -2"><span class='ocrx_word' id='word_1_296' title='bbox 148 1892 229 1919; x_wconf 90' lang='lat' dir='ltr'><strong>etiam</strong></span> <span class='ocrx_word' id='word_1_297' title='bbox 257 1891 450 1918; x_wconf 86' lang='lat' dir='ltr'><strong>consistentem</strong></span> <span class='ocrx_word' id='word_1_298' title='bbox 468 1889 598 1919; x_wconf 86' lang='lat' dir='ltr'><strong>bibimus,</strong></span> <span class='ocrx_word' id='word_1_299' title='bbox 624 1888 675 1915; x_wconf 87' lang='lat' dir='ltr'><strong>hoc</strong></span> <span class='ocrx_word' id='word_1_300' title='bbox 701 1893 755 1920; x_wconf 75' lang='lat' dir='ltr'><strong>est,</strong></span> <span class='ocrx_word' id='word_1_301' title='bbox 780 1894 933 1914; x_wconf 84' lang='lat' dir='ltr'><strong>sermonem</strong></span> 
     </span>
    </p>
   </div>
   <div class='ocr_carea' id='block_1_41' title="bbox 148 1936 933 1974">
    <p class='ocr_par' dir='ltr' id='par_1_41' title="bbox 148 1936 933 1974">
     <span class='ocr_line' id='line_1_41' title="bbox 148 1936 933 1974; baseline -0.006 -7"><span class='ocrx_word' id='word_1_302' title='bbox 148 1939 266 1974; x_wconf 84' lang='lat' dir='ltr'><strong>Spiritus</strong></span> <span class='ocrx_word' id='word_1_303' title='bbox 283 1939 393 1966; x_wconf 89' lang='lat' dir='ltr'><strong>minimc</strong></span> <span class='ocrx_word' id='word_1_304' title='bbox 418 1937 558 1964; x_wconf 87' lang='lat' dir='ltr'><strong>mendacio</strong></span> <span class='ocrx_word' id='word_1_305' title='bbox 576 1937 695 1969; x_wconf 86' lang='lat' dir='ltr'><strong>mistum,</strong></span> <span class='ocrx_word' id='word_1_306' title='bbox 723 1942 748 1964; x_wconf 93' lang='lat' dir='ltr'><strong>et</strong></span> <span class='ocrx_word' id='word_1_307' title='bbox 762 1936 933 1971; x_wconf 87' lang='lat' dir='ltr'><strong>perspicuum</strong></span> 
     </span>
    </p>
   </div>
   <div class='ocr_carea' id='block_1_42' title="bbox 149 1982 934 2019">
    <p class='ocr_par' dir='ltr' id='par_1_42' title="bbox 149 1982 934 2019">
     <span class='ocr_line' id='line_1_42' title="bbox 149 1982 934 2019; baseline -0.004 -8"><span class='ocrx_word' id='word_1_308' title='bbox 149 1987 180 2013; x_wconf 83' lang='lat' dir='ltr'><strong>ac</strong></span> <span class='ocrx_word' id='word_1_309' title='bbox 194 1985 367 2019; x_wconf 87' lang='lat' dir='ltr'><strong>purissimum</strong></span> <span class='ocrx_word' id='word_1_310' title='bbox 384 1993 391 2011; x_wconf 89' lang='lat'><strong>:</strong></span> <span class='ocrx_word' id='word_1_311' title='bbox 407 1983 452 2010; x_wconf 91' lang='lat' dir='ltr'><strong>ubi</strong></span> <span class='ocrx_word' id='word_1_312' title='bbox 468 1990 531 2010; x_wconf 84' lang='lat' dir='ltr'><strong>vero</strong></span> <span class='ocrx_word' id='word_1_313' title='bbox 546 1983 629 2010; x_wconf 80' lang='lat' dir='ltr'><strong>veluti</strong></span> <span class='ocrx_word' id='word_1_314' title='bbox 660 1983 780 2018; x_wconf 79' lang='lat' dir='ltr'><strong>ingratas</strong></span> <span class='ocrx_word' id='word_1_315' title='bbox 806 1982 934 2017; x_wconf 83' lang='lat' dir='ltr'><strong>quasdam</strong></span> 
     </span>
    </p>
   </div>
   <div class='ocr_carea' id='block_1_43' title="bbox 151 2029 936 2065">
    <p class='ocr_par' dir='ltr' id='par_1_43' title="bbox 151 2029 936 2065">
     <span class='ocr_line' id='line_1_43' title="bbox 151 2029 936 2065; baseline -0.004 -7"><span class='ocrx_word' id='word_1_316' title='bbox 151 2037 303 2058; x_wconf 87' lang='lat' dir='ltr'><strong>nostrarum</strong></span> <span class='ocrx_word' id='word_1_317' title='bbox 323 2030 518 2065; x_wconf 79' lang='lat' dir='ltr'><strong>cogitationum</strong></span> <span class='ocrx_word' id='word_1_318' title='bbox 533 2029 606 2057; x_wconf 81' lang='lat' dir='ltr'><strong>faces</strong></span> <span class='ocrx_word' id='word_1_319' title='bbox 623 2029 648 2056; x_wconf 94' lang='lat' dir='ltr'><strong>in</strong></span> <span class='ocrx_word' id='word_1_320' title='bbox 658 2037 690 2056; x_wconf 88' lang='lat' dir='ltr'><strong>eo</strong></span> <span class='ocrx_word' id='word_1_321' title='bbox 703 2037 829 2057; x_wconf 86' lang='lat' dir='ltr'><strong>sermone</strong></span> <span class='ocrx_word' id='word_1_322' title='bbox 841 2029 936 2056; x_wconf 88' lang='lat' dir='ltr'><strong>misce-</strong></span> 
     </span>
    </p>
   </div>
   <div class='ocr_carea' id='block_1_44' title="bbox 151 2076 936 2111">
    <p class='ocr_par' dir='ltr' id='par_1_44' title="bbox 151 2076 936 2111">
     <span class='ocr_line' id='line_1_44' title="bbox 151 2076 936 2111; baseline 0 -7"><span class='ocrx_word' id='word_1_323' title='bbox 151 2086 220 2109; x_wconf 83' lang='lat' dir='ltr'><strong>mus,</strong></span> <span class='ocrx_word' id='word_1_324' title='bbox 236 2085 352 2111; x_wconf 87' lang='lat' dir='ltr'><strong>eumque</strong></span> <span class='ocrx_word' id='word_1_325' title='bbox 366 2078 567 2109; x_wconf 81' lang='lat' dir='ltr'><strong>confundimus,</strong></span> <span class='ocrx_word' id='word_1_326' title='bbox 582 2076 732 2104; x_wconf 82' lang='lat' dir='ltr'><strong>Saivatoris</strong></span> <span class='ocrx_word' id='word_1_327' title='bbox 748 2077 832 2103; x_wconf 88' lang='lat' dir='ltr'><strong>nostri</strong></span> <span class='ocrx_word' id='word_1_328' title='bbox 846 2076 936 2111; x_wconf 76' lang='lat' dir='ltr'><strong>gregi-</strong></span> 
     </span>
    </p>
   </div>
   <div class='ocr_carea' id='block_1_45' title="bbox 149 2122 935 2158">
    <p class='ocr_par' dir='ltr' id='par_1_45' title="bbox 149 2122 935 2158">
     <span class='ocr_line' id='line_1_45' title="bbox 149 2122 935 2158; baseline -0.004 -7"><span class='ocrx_word' id='word_1_329' title='bbox 149 2126 200 2151; x_wconf 85' lang='lat' dir='ltr'><strong>bus</strong></span> <span class='ocrx_word' id='word_1_330' title='bbox 217 2124 390 2151; x_wconf 87' lang='lat' dir='ltr'><strong>insidiamur.</strong></span> <span class='ocrx_word' id='word_1_331' title='bbox 407 2122 462 2150; x_wconf 83' lang='lat' dir='ltr'><strong>Hoc</strong></span> <span class='ocrx_word' id='word_1_332' title='bbox 480 2123 568 2158; x_wconf 83' lang='lat' dir='ltr'><strong>ipsum</strong></span> <span class='ocrx_word' id='word_1_333' title='bbox 583 2130 676 2150; x_wconf 79' lang='lat' dir='ltr'><strong>verum</strong></span> <span class='ocrx_word' id='word_1_334' title='bbox 691 2130 763 2153; x_wconf 85' lang='lat' dir='ltr'><strong>esse,</strong></span> <span class='ocrx_word' id='word_1_335' title='bbox 779 2122 857 2149; x_wconf 87' lang='lat' dir='ltr'><strong>nobis</strong></span> <span class='ocrx_word' id='word_1_336' title='bbox 873 2129 935 2156; x_wconf 87' lang='lat' dir='ltr'><strong>per-</strong></span> 
     </span>
    </p>
   </div>
   <div class='ocr_carea' id='block_1_46' title="bbox 150 2168 936 2205">
    <p class='ocr_par' dir='ltr' id='par_1_46' title="bbox 150 2168 936 2205">
     <span class='ocr_line' id='line_1_46' title="bbox 150 2168 936 2205; baseline -0.004 -7"><span class='ocrx_word' id='word_1_337' title='bbox 150 2171 272 2205; x_wconf 87' lang='lat' dir='ltr'><strong>spicuum</strong></span> <span class='ocrx_word' id='word_1_338' title='bbox 299 2170 400 2197; x_wconf 80' lang='lat' dir='ltr'><strong>facient</strong></span> <span class='ocrx_word' id='word_1_339' title='bbox 423 2178 455 2198; x_wconf 81' lang='lat' dir='ltr'><strong>ea</strong></span> <span class='ocrx_word' id='word_1_340' title='bbox 482 2177 542 2204; x_wconf 77' lang='lat' dir='ltr'><strong>qua:</strong></span> <span class='ocrx_word' id='word_1_341' title='bbox 568 2170 601 2196; x_wconf 87' lang='lat' dir='ltr'><strong>de</strong></span> <span class='ocrx_word' id='word_1_342' title='bbox 618 2169 728 2197; x_wconf 84' lang='lat' dir='ltr'><strong>Christo</strong></span> <span class='ocrx_word' id='word_1_343' title='bbox 746 2177 840 2196; x_wconf 87' lang='lat' dir='ltr'><strong>rursus</strong></span> <span class='ocrx_word' id='word_1_344' title='bbox 857 2168 891 2195; x_wconf 85' lang='lat' dir='ltr'><strong>ab</strong></span> <span class='ocrx_word' id='word_1_345' title='bbox 904 2175 936 2195; x_wconf 88' lang='lat' dir='ltr'><strong>eo</strong></span> 
     </span>
    </p>
   </div>
   <div class='ocr_carea' id='block_1_47' title="bbox 150 2207 973 2251">
    <p class='ocr_par' dir='ltr' id='par_1_47' title="bbox 150 2207 973 2251">
     <span class='ocr_line' id='line_1_47' title="bbox 150 2207 973 2251; baseline -0.004 -8"><span class='ocrx_word' id='word_1_346' title='bbox 150 2221 179 2243; x_wconf 86' lang='lat' dir='ltr'><strong>et</strong></span> <span class='ocrx_word' id='word_1_347' title='bbox 198 2216 362 2251; x_wconf 75' lang='lat' dir='ltr'><strong>excogitata,</strong></span> <span class='ocrx_word' id='word_1_348' title='bbox 389 2221 416 2243; x_wconf 91' lang='lat' dir='ltr'><strong>et</strong></span> <span class='ocrx_word' id='word_1_349' title='bbox 442 2221 544 2243; x_wconf 89' lang='lat' dir='ltr'><strong>temere</strong></span> <span class='ocrx_word' id='word_1_350' title='bbox 567 2215 638 2242; x_wconf 88' lang='lat' dir='ltr'><strong>dicta</strong></span> <span class='ocrx_word' id='word_1_351' title='bbox 654 2219 728 2248; x_wconf 89' lang='lat' dir='ltr'><strong>sunt,</strong></span> <span class='ocrx_word' id='word_1_352' title='bbox 753 2222 813 2249; x_wconf 80' lang='lat' dir='ltr'><strong>qua:</strong></span> <span class='ocrx_word' id='word_1_353' title='bbox 829 2214 870 2242; x_wconf 87' lang='lat' dir='ltr'><strong>sic</strong></span> <span class='ocrx_word' id='word_1_354' title='bbox 884 2214 935 2241; x_wconf 88' lang='lat' dir='ltr'><strong>ha-</strong></span> <span class='ocrx_word' id='word_1_355' title='bbox 953 2207 973 2233; x_wconf 79' lang='grc' dir='ltr'><strong>θ</strong></span> 
     </span>
    </p>
   </div>
   <div class='ocr_carea' id='block_1_48' title="bbox 151 2264 233 2290">
    <p class='ocr_par' dir='ltr' id='par_1_48' title="bbox 151 2264 233 2290">
     <span class='ocr_line' id='line_1_48' title="bbox 151 2264 233 2290; baseline -0.012 0"><span class='ocrx_word' id='word_1_356' title='bbox 151 2264 215 2290; x_wconf 85' lang='lat' dir='ltr'><strong>bent</strong></span> <span class='ocrx_word' id='word_1_357' title='bbox 227 2271 233 2289; x_wconf 89' lang='lat'><strong>:</strong></span> 
     </span>
    </p>
   </div>
   <div class='ocr_carea' id='block_1_49' title="bbox 187 2305 935 2345">
    <p class='ocr_par' dir='ltr' id='par_1_49' title="bbox 187 2305 935 2345">
     <span class='ocr_line' id='line_1_49' title="bbox 187 2305 935 2345; baseline -0.004 -10"><span class='ocrx_word' id='word_1_358' title='bbox 187 2308 327 2345; x_wconf 71' lang='grc' dir='ltr'>[Νεςτοιι.</span> <span class='ocrx_word' id='word_1_359' title='bbox 345 2307 409 2334; x_wconf 84' lang='lat' dir='ltr'><strong>Erat</strong></span> <span class='ocrx_word' id='word_1_360' title='bbox 425 2305 533 2340; x_wconf 88' lang='lat' dir='ltr'><strong>quidem</strong></span> <span class='ocrx_word' id='word_1_361' title='bbox 546 2305 591 2332; x_wconf 90' lang='lat' dir='ltr'><strong>ille</strong></span> <span class='ocrx_word' id='word_1_362' title='bbox 614 2305 686 2333; x_wconf 76' lang='lat' dir='ltr'><strong>Deus</strong></span> <span class='ocrx_word' id='word_1_363' title='bbox 705 2305 833 2336; x_wconf 82' lang='lat' dir='ltr'><strong>Verbum,</strong></span> <span class='ocrx_word' id='word_1_364' title='bbox 854 2306 935 2332; x_wconf 81' lang='lat' dir='ltr'><strong>etiam</strong></span> 
     </span>
    </p>
   </div>
   <div class='ocr_carea' id='block_1_50' title="bbox 151 2351 938 2389">
    <p class='ocr_par' dir='ltr' id='par_1_50' title="bbox 151 2351 938 2389">
     <span class='ocr_line' id='line_1_50' title="bbox 151 2351 938 2389; baseline -0.004 -8"><span class='ocrx_word' id='word_1_365' title='bbox 151 2361 295 2389; x_wconf 88' lang='lat' dir='ltr'><strong>antequam</strong></span> <span class='ocrx_word' id='word_1_366' title='bbox 310 2354 392 2380; x_wconf 91' lang='lat' dir='ltr'><strong>homo</strong></span> <span class='ocrx_word' id='word_1_367' title='bbox 409 2351 496 2385; x_wconf 79' lang='lat' dir='ltr'><strong>ﬁeret,</strong></span> <span class='ocrx_word' id='word_1_368' title='bbox 517 2351 602 2378; x_wconf 85' lang='lat' dir='ltr'><strong>Filius</strong></span> <span class='ocrx_word' id='word_1_369' title='bbox 616 2357 643 2378; x_wconf 91' lang='lat' dir='ltr'><strong>et</strong></span> <span class='ocrx_word' id='word_1_370' title='bbox 665 2352 743 2384; x_wconf 85' lang='lat' dir='ltr'><strong>Deus,</strong></span> <span class='ocrx_word' id='word_1_371' title='bbox 771 2356 800 2378; x_wconf 87' lang='lat' dir='ltr'><strong>et</strong></span> <span class='ocrx_word' id='word_1_372' title='bbox 824 2359 938 2378; x_wconf 85' lang='lat' dir='ltr'><strong>consen-</strong></span> 
     </span>
    </p>
   </div>
   <div class='ocr_carea' id='block_1_51' title="bbox 153 2397 938 2432">
    <p class='ocr_par' dir='ltr' id='par_1_51' title="bbox 153 2397 938 2432">
     <span class='ocr_line' id='line_1_51' title="bbox 153 2397 938 2432; baseline -0.003 -6"><span class='ocrx_word' id='word_1_373' title='bbox 153 2401 222 2426; x_wconf 87' lang='lat' dir='ltr'><strong>tiens</strong></span> <span class='ocrx_word' id='word_1_374' title='bbox 233 2399 305 2426; x_wconf 84' lang='lat' dir='ltr'><strong>Patri</strong></span> <span class='ocrx_word' id='word_1_375' title='bbox 321 2408 327 2425; x_wconf 90' lang='lat'>:</span> <span class='ocrx_word' id='word_1_376' title='bbox 341 2399 462 2432; x_wconf 88' lang='lat' dir='ltr'><strong>suscepit</strong></span> <span class='ocrx_word' id='word_1_377' title='bbox 474 2405 538 2425; x_wconf 75' lang='lat' dir='ltr'><strong>vero</strong></span> <span class='ocrx_word' id='word_1_378' title='bbox 558 2398 752 2432; x_wconf 85' lang='lat' dir='ltr'><strong>posterioribus</strong></span> <span class='ocrx_word' id='word_1_379' title='bbox 772 2397 938 2431; x_wconf 87' lang='lat' dir='ltr'><strong>temporibus</strong></span> 
     </span>
    </p>
   </div>
   <div class='ocr_carea' id='block_1_52' title="bbox 153 2442 936 2472">
    <p class='ocr_par' dir='ltr' id='par_1_52' title="bbox 153 2442 936 2472">
     <span class='ocr_line' id='line_1_52' title="bbox 153 2442 936 2472; baseline -0.004 0"><span class='ocrx_word' id='word_1_380' title='bbox 153 2445 224 2472; x_wconf 83' lang='lat' dir='ltr'><strong>servi</strong></span> <span class='ocrx_word' id='word_1_381' title='bbox 239 2445 369 2472; x_wconf 83' lang='lat' dir='ltr'><strong>formam:</strong></span> <span class='ocrx_word' id='word_1_382' title='bbox 384 2444 430 2471; x_wconf 88' lang='lat' dir='ltr'><strong>sed</strong></span> <span class='ocrx_word' id='word_1_383' title='bbox 450 2451 512 2470; x_wconf 88' lang='lat' dir='ltr'><strong>cum</strong></span> <span class='ocrx_word' id='word_1_384' title='bbox 532 2448 603 2471; x_wconf 82' lang='lat' dir='ltr'><strong>esset</strong></span> <span class='ocrx_word' id='word_1_385' title='bbox 620 2449 700 2470; x_wconf 89' lang='lat' dir='ltr'><strong>antea</strong></span> <span class='ocrx_word' id='word_1_386' title='bbox 717 2442 802 2469; x_wconf 80' lang='lat' dir='ltr'><strong>Filius</strong></span> <span class='ocrx_word' id='word_1_387' title='bbox 814 2447 843 2470; x_wconf 88' lang='lat' dir='ltr'><strong>et</strong></span> <span class='ocrx_word' id='word_1_388' title='bbox 856 2450 936 2470; x_wconf 83' lang='lat' dir='ltr'><strong>voca-</strong></span> 
     </span>
    </p>
   </div>
   <div class='ocr_carea' id='block_1_53' title="bbox 155 2488 936 2524">
    <p class='ocr_par' dir='ltr' id='par_1_53' title="bbox 155 2488 936 2524">
     <span class='ocr_line' id='line_1_53' title="bbox 155 2488 936 2524; baseline -0.001 -8"><span class='ocrx_word' id='word_1_389' title='bbox 155 2494 238 2522; x_wconf 81' lang='lat' dir='ltr'><strong>retur,</strong></span> <span class='ocrx_word' id='word_1_390' title='bbox 254 2495 312 2524; x_wconf 91' lang='lat' dir='ltr'><strong>post</strong></span> <span class='ocrx_word' id='word_1_391' title='bbox 323 2489 535 2522; x_wconf 83' lang='lat' dir='ltr'><strong>assumptionem</strong></span> <span class='ocrx_word' id='word_1_392' title='bbox 550 2496 602 2516; x_wconf 88' lang='lat' dir='ltr'><strong>non</strong></span> <span class='ocrx_word' id='word_1_393' title='bbox 617 2493 704 2523; x_wconf 88' lang='lat' dir='ltr'><strong>potest</strong></span> <span class='ocrx_word' id='word_1_394' title='bbox 717 2489 807 2515; x_wconf 84' lang='lat' dir='ltr'><strong>vocari</strong></span> <span class='ocrx_word' id='word_1_395' title='bbox 823 2488 936 2515; x_wconf 83' lang='lat' dir='ltr'><strong>seorsim</strong></span> 
     </span>
    </p>
   </div>
   <div class='ocr_carea' id='block_1_54' title="bbox 155 2533 936 2568">
    <p class='ocr_par' dir='ltr' id='par_1_54' title="bbox 155 2533 936 2568">
     <span class='ocr_line' id='line_1_54' title="bbox 155 2533 936 2568; baseline -0.004 -6"><span class='ocrx_word' id='word_1_396' title='bbox 155 2536 251 2566; x_wconf 80' lang='lat' dir='ltr'><strong>Filius,</strong></span> <span class='ocrx_word' id='word_1_397' title='bbox 267 2542 302 2562; x_wconf 70' lang='lat' dir='ltr'><strong>ne</strong></span> <span class='ocrx_word' id='word_1_398' title='bbox 318 2534 384 2561; x_wconf 87' lang='lat' dir='ltr'><strong>duos</strong></span> <span class='ocrx_word' id='word_1_399' title='bbox 401 2533 472 2560; x_wconf 81' lang='lat' dir='ltr'><strong>ﬁlios</strong></span> <span class='ocrx_word' id='word_1_400' title='bbox 500 2533 723 2568; x_wconf 76' lang='lat' dir='ltr'><strong>dogmatizemus.</strong></span> <span class='ocrx_word' id='word_1_401' title='bbox 748 2533 800 2560; x_wconf 86' lang='lat' dir='ltr'><strong>Sed</strong></span> <span class='ocrx_word' id='word_1_402' title='bbox 824 2534 886 2567; x_wconf 87' lang='lat' dir='ltr'><strong>quia</strong></span> <span class='ocrx_word' id='word_1_403' title='bbox 899 2533 936 2560; x_wconf 93' lang='lat' dir='ltr'><strong>illi</strong></span> 
     </span>
    </p>
   </div>
   <div class='ocr_carea' id='block_1_55' title="bbox 155 2578 938 2614">
    <p class='ocr_par' dir='ltr' id='par_1_55' title="bbox 155 2578 938 2614">
     <span class='ocr_line' id='line_1_55' title="bbox 155 2578 938 2614; baseline -0.003 -7"><span class='ocrx_word' id='word_1_404' title='bbox 155 2580 315 2614; x_wconf 89' lang='lat' dir='ltr'><strong>conjunctus</strong></span> <span class='ocrx_word' id='word_1_405' title='bbox 328 2584 370 2606; x_wconf 87' lang='lat' dir='ltr'><strong>est</strong></span> <span class='ocrx_word' id='word_1_406' title='bbox 396 2578 465 2606; x_wconf 80' lang='lat' dir='ltr'><strong>Filio</strong></span> <span class='ocrx_word' id='word_1_407' title='bbox 480 2578 526 2613; x_wconf 91' lang='lat' dir='ltr'><strong>qui</strong></span> <span class='ocrx_word' id='word_1_408' title='bbox 546 2583 604 2605; x_wconf 87' lang='lat' dir='ltr'><strong>erat</strong></span> <span class='ocrx_word' id='word_1_409' title='bbox 621 2578 647 2605; x_wconf 88' lang='lat' dir='ltr'><strong>in</strong></span> <span class='ocrx_word' id='word_1_410' title='bbox 667 2578 808 2612; x_wconf 84' lang='lat' dir='ltr'><strong>principio,</strong></span> <span class='ocrx_word' id='word_1_411' title='bbox 838 2579 938 2613; x_wconf 89' lang='lat' dir='ltr'><strong>quique</strong></span> 
     </span>
    </p>
   </div>
   <div class='ocr_carea' id='block_1_56' title="bbox 154 2623 937 2659">
    <p class='ocr_par' dir='ltr' id='par_1_56' title="bbox 154 2623 937 2659">
     <span class='ocr_line' id='line_1_56' title="bbox 154 2623 937 2659; baseline -0.003 -7"><span class='ocrx_word' id='word_1_412' title='bbox 154 2625 204 2652; x_wconf 90' lang='lat' dir='ltr'><strong>sibi</strong></span> <span class='ocrx_word' id='word_1_413' title='bbox 222 2624 361 2659; x_wconf 79' lang='lat' dir='ltr'><strong>copulatus</strong></span> <span class='ocrx_word' id='word_1_414' title='bbox 377 2629 429 2656; x_wconf 86' lang='lat' dir='ltr'><strong>est,</strong></span> <span class='ocrx_word' id='word_1_415' title='bbox 447 2631 500 2650; x_wconf 91' lang='lat' dir='ltr'><strong>non</strong></span> <span class='ocrx_word' id='word_1_416' title='bbox 528 2628 616 2657; x_wconf 87' lang='lat' dir='ltr'><strong>potest</strong></span> <span class='ocrx_word' id='word_1_417' title='bbox 641 2623 711 2657; x_wconf 89' lang='lat' dir='ltr'><strong>quod</strong></span> <span class='ocrx_word' id='word_1_418' title='bbox 726 2624 760 2650; x_wconf 86' lang='lat' dir='ltr'><strong>ad</strong></span> <span class='ocrx_word' id='word_1_419' title='bbox 780 2623 937 2658; x_wconf 75' lang='lat' dir='ltr'><strong>dignitatem</strong></span> 
     </span>
    </p>
   </div>
   <div class='ocr_carea' id='block_1_57' title="bbox 157 2669 939 2704">
    <p class='ocr_par' dir='ltr' id='par_1_57' title="bbox 157 2669 939 2704">
     <span class='ocr_line' id='line_1_57' title="bbox 157 2669 939 2704; baseline -0.001 -6"><span class='ocrx_word' id='word_1_420' title='bbox 157 2671 294 2698; x_wconf 79' lang='lat' dir='ltr'><strong>ﬁliationis</strong></span> <span class='ocrx_word' id='word_1_421' title='bbox 321 2670 428 2702; x_wconf 81' lang='lat' dir='ltr'><strong>attinet,</strong></span> <span class='ocrx_word' id='word_1_422' title='bbox 453 2669 612 2696; x_wconf 86' lang='lat' dir='ltr'><strong>divisionem</strong></span> <span class='ocrx_word' id='word_1_423' title='bbox 639 2669 777 2704; x_wconf 82' lang='lat' dir='ltr'><strong>suscipere</strong></span> <span class='ocrx_word' id='word_1_424' title='bbox 798 2670 891 2704; x_wconf 88' lang='lat' dir='ltr'><strong>:quod</strong></span> <span class='ocrx_word' id='word_1_425' title='bbox 905 2669 939 2697; x_wconf 86' lang='lat' dir='ltr'><strong>ad</strong></span> 
     </span>
    </p>
   </div>
   <div class='ocr_carea' id='block_1_58' title="bbox 155 2715 937 2750">
    <p class='ocr_par' dir='ltr' id='par_1_58' title="bbox 155 2715 937 2750">
     <span class='ocr_line' id='line_1_58' title="bbox 155 2715 937 2750; baseline -0.004 -7"><span class='ocrx_word' id='word_1_426' title='bbox 155 2716 314 2750; x_wconf 78' lang='lat' dir='ltr'><strong>dignitatem</strong></span> <span class='ocrx_word' id='word_1_427' title='bbox 325 2715 471 2747; x_wconf 81' lang='lat' dir='ltr'><strong>liliationis,</strong></span> <span class='ocrx_word' id='word_1_428' title='bbox 482 2716 602 2750; x_wconf 87' lang='lat' dir='ltr'><strong>inquam,</strong></span> <span class='ocrx_word' id='word_1_429' title='bbox 613 2722 665 2742; x_wconf 90' lang='lat' dir='ltr'><strong>non</strong></span> <span class='ocrx_word' id='word_1_430' title='bbox 677 2715 749 2749; x_wconf 90' lang='lat' dir='ltr'><strong>quod</strong></span> <span class='ocrx_word' id='word_1_431' title='bbox 761 2715 793 2741; x_wconf 89' lang='lat' dir='ltr'><strong>ad</strong></span> <span class='ocrx_word' id='word_1_432' title='bbox 809 2719 937 2741; x_wconf 83' lang='lat' dir='ltr'><strong>naturas:</strong></span> 
     </span>
    </p>
   </div>
   <div class='ocr_carea' id='block_1_59' title="bbox 156 2760 937 2797">
    <p class='ocr_par' dir='ltr' id='par_1_59' title="bbox 156 2760 937 2797">
     <span class='ocr_line' id='line_1_59' title="bbox 156 2760 937 2797; baseline -0.003 -7"><span class='ocrx_word' id='word_1_433' title='bbox 156 2763 216 2790; x_wconf 87' lang='lat' dir='ltr'><strong>ideo</strong></span> <span class='ocrx_word' id='word_1_434' title='bbox 232 2763 311 2789; x_wconf 85' lang='lat' dir='ltr'><strong>etiam</strong></span> <span class='ocrx_word' id='word_1_435' title='bbox 325 2761 450 2789; x_wconf 86' lang='lat' dir='ltr'><strong>Christus</strong></span> <span class='ocrx_word' id='word_1_436' title='bbox 467 2761 615 2797; x_wconf 89' lang='lat' dir='ltr'><strong>appellatur</strong></span> <span class='ocrx_word' id='word_1_437' title='bbox 633 2761 676 2788; x_wconf 81' lang='lat' dir='ltr'><strong>ille</strong></span> <span class='ocrx_word' id='word_1_438' title='bbox 697 2760 754 2796; x_wconf 61' lang='grc'><strong>48</strong></span> <span class='ocrx_word' id='word_1_439' title='bbox 779 2761 850 2788; x_wconf 89' lang='lat' dir='ltr'><strong>Deus</strong></span> <span class='ocrx_word' id='word_1_440' title='bbox 871 2760 937 2788; x_wconf 87' lang='lat' dir='ltr'><strong>Ver-</strong></span> 
     </span>
    </p>
   </div>
   <div class='ocr_carea' id='block_1_60' title="bbox 969 239 1763 276">
    <p class='ocr_par' dir='ltr' id='par_1_60' title="bbox 969 239 1763 276">
     <span class='ocr_line' id='line_1_60' title="bbox 969 239 1763 276; baseline 0.005 -12"><span class='ocrx_word' id='word_1_441' title='bbox 969 239 1082 274; x_wconf 75' lang='grc' dir='ltr'>δυνάμει</span> <span class='ocrx_word' id='word_1_442' title='bbox 1106 240 1263 274; x_wconf 81' lang='grc' dir='ltr'>χρώμενος,</span> <span class='ocrx_word' id='word_1_443' title='bbox 1280 240 1314 267; x_wconf 77' lang='grc' dir='ltr'><strong>ἵν’</strong></span> <span class='ocrx_word' id='word_1_444' title='bbox 1330 241 1344 267; x_wconf 86' lang='grc' dir='ltr'><strong>ὁ</strong></span> <span class='ocrx_word' id='word_1_445' title='bbox 1366 241 1527 276; x_wconf 78' lang='grc' dir='ltr'>ἐνεργήσας,</span> <span class='ocrx_word' id='word_1_446' title='bbox 1551 242 1599 268; x_wconf 73' lang='grc' dir='ltr'><strong>καὶ</strong></span> <span class='ocrx_word' id='word_1_447' title='bbox 1620 242 1673 268; x_wconf 71' lang='grc' dir='ltr'>οὒκ</span> <span class='ocrx_word' id='word_1_448' title='bbox 1694 242 1763 268; x_wconf 80' lang='grc' dir='ltr'>αὑτό</span> 
     </span>
    </p>
   </div>
   <div class='ocr_carea' id='block_1_61' title="bbox 964 283 1764 322">
    <p class='ocr_par' dir='ltr' id='par_1_61' title="bbox 964 283 1764 322">
     <span class='ocr_line' id='line_1_61' title="bbox 964 283 1764 322; baseline 0.003 -11"><span class='ocrx_word' id='word_1_449' title='bbox 964 283 1026 318; x_wconf 54' lang='lat' dir='ltr'><strong>[Ion</strong></span> <span class='ocrx_word' id='word_1_450' title='bbox 1043 283 1135 320; x_wconf 83' lang='grc' dir='ltr'>αὐτός]</span> <span class='ocrx_word' id='word_1_451' title='bbox 1152 293 1202 311; x_wconf 85' lang='grc' dir='ltr'><strong>που</strong></span> <span class='ocrx_word' id='word_1_452' title='bbox 1217 285 1316 320; x_wconf 80' lang='grc' dir='ltr'>μᾶλλον</span> <span class='ocrx_word' id='word_1_453' title='bbox 1330 285 1406 320; x_wconf 72' lang='grc' dir='ltr'>παρὰ</span> <span class='ocrx_word' id='word_1_454' title='bbox 1418 286 1472 312; x_wconf 85' lang='grc' dir='ltr'>τῶν</span> <span class='ocrx_word' id='word_1_455' title='bbox 1488 286 1518 312; x_wconf 71' lang='grc' dir='ltr'>ἐν</span> <span class='ocrx_word' id='word_1_456' title='bbox 1533 287 1631 322; x_wconf 80' lang='grc' dir='ltr'>κόσμῳ</span> <span class='ocrx_word' id='word_1_457' title='bbox 1645 286 1764 322; x_wconf 75' lang='grc' dir='ltr'>δοξάζηο</span> 
     </span>
    </p>
   </div>
   <div class='ocr_carea' id='block_1_62' title="bbox 967 331 1762 370">
    <p class='ocr_par' dir='ltr' id='par_1_62' title="bbox 967 331 1762 370">
     <span class='ocr_line' id='line_1_62' title="bbox 967 331 1762 370; baseline 0.001 -11"><span class='ocrx_word' id='word_1_458' title='bbox 967 341 1026 365; x_wconf 69' lang='grc' dir='ltr'>ται.</span> <span class='ocrx_word' id='word_1_459' title='bbox 1040 333 1073 359; x_wconf 88' lang='grc' dir='ltr'><strong>Τί</strong></span> <span class='ocrx_word' id='word_1_460' title='bbox 1090 331 1148 365; x_wconf 83' lang='grc' dir='ltr'>οῦν,</span> <span class='ocrx_word' id='word_1_461' title='bbox 1166 333 1226 360; x_wconf 81' lang='grc' dir='ltr'>εἰπέ</span> <span class='ocrx_word' id='word_1_462' title='bbox 1240 342 1295 369; x_wconf 77' lang='grc' dir='ltr'>μοι,</span> <span class='ocrx_word' id='word_1_463' title='bbox 1308 333 1340 360; x_wconf 80' lang='grc' dir='ltr'>τὸ</span> <span class='ocrx_word' id='word_1_464' title='bbox 1355 333 1435 360; x_wconf 82' lang='grc' dir='ltr'>πλέον</span> <span class='ocrx_word' id='word_1_465' title='bbox 1450 333 1478 360; x_wconf 73' lang='grc' dir='ltr'>ἐν</span> <span class='ocrx_word' id='word_1_466' title='bbox 1493 342 1522 361; x_wconf 78' lang='grc' dir='ltr'><strong>τε</strong></span> <span class='ocrx_word' id='word_1_467' title='bbox 1533 335 1608 370; x_wconf 74' lang='grc' dir='ltr'>αὐτῷ</span> <span class='ocrx_word' id='word_1_468' title='bbox 1620 335 1762 369; x_wconf 80' lang='grc' dir='ltr'>φαίνεται,</span> 
     </span>
    </p>
   </div>
   <div class='ocr_carea' id='block_1_63' title="bbox 971 377 1766 414">
    <p class='ocr_par' dir='ltr' id='par_1_63' title="bbox 971 377 1766 414">
     <span class='ocr_line' id='line_1_63' title="bbox 971 377 1766 414; baseline 0.001 -11"><span class='ocrx_word' id='word_1_469' title='bbox 971 378 1084 409; x_wconf 80' lang='grc' dir='ltr'>καὶτοῖς</span> <span class='ocrx_word' id='word_1_470' title='bbox 1096 377 1182 411; x_wconf 80' lang='grc' dir='ltr'>ἁγίοις</span> <span class='ocrx_word' id='word_1_471' title='bbox 1193 378 1369 410; x_wconf 78' lang='grc' dir='ltr'>ἁποστόλοις;</span> <span class='ocrx_word' id='word_1_472' title='bbox 1392 378 1614 406; x_wconf 72' lang='grc' dir='ltr'>Ἀποτετελέκασι</span> <span class='ocrx_word' id='word_1_473' title='bbox 1633 379 1688 414; x_wconf 84' lang='grc' dir='ltr'>γὰρ</span> <span class='ocrx_word' id='word_1_474' title='bbox 1710 380 1766 405; x_wconf 73' lang='grc' dir='ltr'><strong>οὐκ</strong></span> 
     </span>
    </p>
   </div>
   <div class='ocr_carea' id='block_1_64' title="bbox 972 423 1765 460">
    <p class='ocr_par' dir='ltr' id='par_1_64' title="bbox 972 423 1765 460">
     <span class='ocr_line' id='line_1_64' title="bbox 972 423 1765 460; baseline -0.001 -10"><span class='ocrx_word' id='word_1_475' title='bbox 972 423 1025 459; x_wconf 74' lang='grc' dir='ltr'>ἰδίᾳ</span> <span class='ocrx_word' id='word_1_476' title='bbox 1050 423 1164 459; x_wconf 78' lang='grc' dir='ltr'><strong>δυνάμει</strong></span> <span class='ocrx_word' id='word_1_477' title='bbox 1183 424 1231 456; x_wconf 84' lang='grc' dir='ltr'>τὰς</span> <span class='ocrx_word' id='word_1_478' title='bbox 1251 424 1488 460; x_wconf 81' lang='grc' dir='ltr'>θαυματουργίας·</span> <span class='ocrx_word' id='word_1_479' title='bbox 1512 425 1560 451; x_wconf 75' lang='grc' dir='ltr'><strong>καὶ</strong></span> <span class='ocrx_word' id='word_1_480' title='bbox 1581 425 1662 451; x_wconf 82' lang='grc' dir='ltr'>τοῦτο</span> <span class='ocrx_word' id='word_1_481' title='bbox 1681 425 1765 452; x_wconf 73' lang='grc' dir='ltr'>αὐτοὶ</span> 
     </span>
    </p>
   </div>
   <div class='ocr_carea' id='block_1_65' title="bbox 970 469 1767 506">
    <p class='ocr_par' dir='ltr' id='par_1_65' title="bbox 970 469 1767 506">
     <span class='ocr_line' id='line_1_65' title="bbox 970 469 1767 506; baseline 0 -11"><span class='ocrx_word' id='word_1_482' title='bbox 970 469 1149 505; x_wconf 77' lang='grc' dir='ltr'><strong>ὡμολόγησαν</strong></span> <span class='ocrx_word' id='word_1_483' title='bbox 1161 469 1282 505; x_wconf 82' lang='grc' dir='ltr'>ὲναργῶς</span> <span class='ocrx_word' id='word_1_484' title='bbox 1292 478 1298 484; x_wconf 85' lang='grc'><strong>·</strong></span> <span class='ocrx_word' id='word_1_485' title='bbox 1313 470 1474 503; x_wconf 80' lang='grc' dir='ltr'>ἀξιάγαστοι</span> <span class='ocrx_word' id='word_1_486' title='bbox 1490 470 1543 504; x_wconf 85' lang='grc' dir='ltr'><strong>γὰρ</strong></span> <span class='ocrx_word' id='word_1_487' title='bbox 1559 470 1610 506; x_wconf 66' lang='lat' dir='ltr'><strong>[Et]</strong></span> <span class='ocrx_word' id='word_1_488' title='bbox 1625 470 1767 496; x_wconf 72' lang='grc' dir='ltr'>καὶτοῦτο</span> 
     </span>
    </p>
   </div>
   <div class='ocr_carea' id='block_1_66' title="bbox 971 513 1764 549">
    <p class='ocr_par' dir='ltr' id='par_1_66' title="bbox 971 513 1764 549">
     <span class='ocr_line' id='line_1_66' title="bbox 971 513 1764 549; baseline 0.004 -11"><span class='ocrx_word' id='word_1_489' title='bbox 971 513 1083 546; x_wconf 75' lang='grc' dir='ltr'>εἰδότες,</span> <span class='ocrx_word' id='word_1_490' title='bbox 1107 513 1154 539; x_wconf 82' lang='grc' dir='ltr'><strong>καὶ</strong></span> <span class='ocrx_word' id='word_1_491' title='bbox 1172 513 1217 540; x_wconf 75' lang='grc' dir='ltr'>τὸν</span> <span class='ocrx_word' id='word_1_492' title='bbox 1240 515 1268 540; x_wconf 81' lang='grc' dir='ltr'><strong>ὲν</strong></span> <span class='ocrx_word' id='word_1_493' title='bbox 1290 514 1380 546; x_wconf 78' lang='grc' dir='ltr'>αὐτοῖς</span> <span class='ocrx_word' id='word_1_494' title='bbox 1396 514 1560 549; x_wconf 77' lang='grc' dir='ltr'><strong>ἐνεργοῦντα</strong></span> <span class='ocrx_word' id='word_1_495' title='bbox 1583 515 1741 548; x_wconf 74' lang='grc' dir='ltr'>δοξάζοντες</span> <span class='ocrx_word' id='word_1_496' title='bbox 1755 523 1764 530; x_wconf 89' lang='grc'><strong>·</strong></span> 
     </span>
    </p>
   </div>
   <div class='ocr_carea' id='block_1_67' title="bbox 972 557 1767 596">
    <p class='ocr_par' dir='ltr' id='par_1_67' title="bbox 972 557 1767 596">
     <span class='ocr_line' id='line_1_67' title="bbox 972 557 1767 596; baseline 0.003 -12"><span class='ocrx_word' id='word_1_497' title='bbox 972 557 1032 585; x_wconf 84' lang='grc' dir='ltr'>εἶτα</span> <span class='ocrx_word' id='word_1_498' title='bbox 1044 559 1102 591; x_wconf 57' lang='lat' dir='ltr'><strong>sub;</strong></span> <span class='ocrx_word' id='word_1_499' title='bbox 1112 559 1162 586; x_wconf 77' lang='grc' dir='ltr'><strong>οὐκ</strong></span> <span class='ocrx_word' id='word_1_500' title='bbox 1175 559 1229 587; x_wconf 71' lang='grc' dir='ltr'>ἔδει</span> <span class='ocrx_word' id='word_1_501' title='bbox 1241 560 1285 587; x_wconf 69' lang='grc' dir='ltr'>τὸν</span> <span class='ocrx_word' id='word_1_502' title='bbox 1295 560 1491 596; x_wconf 76' lang='grc' dir='ltr'>ὲνεργοὺμενον</span> <span class='ocrx_word' id='word_1_503' title='bbox 1503 560 1567 596; x_wconf 69' lang='grc' dir='ltr'>παρ’</span> <span class='ocrx_word' id='word_1_504' title='bbox 1582 560 1677 596; x_wconf 77' lang='grc' dir='ltr'>ἑτέρου</span> <span class='ocrx_word' id='word_1_505' title='bbox 1690 560 1767 587; x_wconf 76' lang='grc' dir='ltr'>κατὰ</span> 
     </span>
    </p>
   </div>
   <div class='ocr_carea' id='block_1_68' title="bbox 973 604 1767 642">
    <p class='ocr_par' dir='ltr' id='par_1_68' title="bbox 973 604 1767 642">
     <span class='ocr_line' id='line_1_68' title="bbox 973 604 1767 642; baseline 0.003 -12"><span class='ocrx_word' id='word_1_506' title='bbox 973 604 1003 630; x_wconf 84' lang='grc' dir='ltr'>σὲ</span> <span class='ocrx_word' id='word_1_507' title='bbox 1020 605 1145 640; x_wconf 82' lang='grc' dir='ltr'>Χριστὸν,</span> <span class='ocrx_word' id='word_1_508' title='bbox 1163 606 1209 632; x_wconf 82' lang='grc' dir='ltr'><strong>καὶ</strong></span> <span class='ocrx_word' id='word_1_509' title='bbox 1227 606 1343 640; x_wconf 76' lang='grc' dir='ltr'>θύραθεν</span> <span class='ocrx_word' id='word_1_510' title='bbox 1360 606 1455 641; x_wconf 78' lang='grc' dir='ltr'>ἔχοντα</span> <span class='ocrx_word' id='word_1_511' title='bbox 1468 606 1517 642; x_wconf 85' lang='grc' dir='ltr'>τὴν</span> <span class='ocrx_word' id='word_1_512' title='bbox 1529 606 1576 633; x_wconf 82' lang='grc' dir='ltr'><strong>τοῦ</strong></span> <span class='ocrx_word' id='word_1_513' title='bbox 1593 605 1767 640; x_wconf 79' lang='grc' dir='ltr'>Μονογενοῦς</span> 
     </span>
    </p>
   </div>
   <div class='ocr_carea' id='block_1_69' title="bbox 973 650 1766 687">
    <p class='ocr_par' dir='ltr' id='par_1_69' title="bbox 973 650 1766 687">
     <span class='ocr_line' id='line_1_69' title="bbox 973 650 1766 687; baseline 0 -11"><span class='ocrx_word' id='word_1_514' title='bbox 973 650 1104 683; x_wconf 73' lang='grc' dir='ltr'>εὐδοξίαν,</span> <span class='ocrx_word' id='word_1_515' title='bbox 1118 652 1174 682; x_wconf 84' lang='grc' dir='ltr'>τοῖς</span> <span class='ocrx_word' id='word_1_516' title='bbox 1189 651 1346 687; x_wconf 72' lang='grc' dir='ltr'><strong>προσιοῦσιν</strong></span> <span class='ocrx_word' id='word_1_517' title='bbox 1358 651 1396 683; x_wconf 82' lang='grc' dir='ltr'>ὡς</span> <span class='ocrx_word' id='word_1_518' title='bbox 1412 651 1482 686; x_wconf 84' lang='grc' dir='ltr'>Θεῷ.</span> <span class='ocrx_word' id='word_1_519' title='bbox 1494 652 1541 678; x_wconf 85' lang='grc' dir='ltr'><strong>καὶ</strong></span> <span class='ocrx_word' id='word_1_520' title='bbox 1564 651 1614 686; x_wconf 84' lang='grc' dir='ltr'><strong>τῆς</strong></span> <span class='ocrx_word' id='word_1_521' title='bbox 1635 651 1700 685; x_wconf 82' lang='grc' dir='ltr'>παρ’</span> <span class='ocrx_word' id='word_1_522' title='bbox 1712 650 1766 676; x_wconf 85' lang='grc' dir='ltr'>αὐ-</span> 
     </span>
    </p>
   </div>
   <div class='ocr_carea' id='block_1_70' title="bbox 972 696 1767 733">
    <p class='ocr_par' dir='ltr' id='par_1_70' title="bbox 972 696 1767 733">
     <span class='ocr_line' id='line_1_70' title="bbox 972 696 1767 733; baseline -0.001 -11"><span class='ocrx_word' id='word_1_523' title='bbox 972 696 1019 722; x_wconf 82' lang='grc' dir='ltr'><strong>τοῦ</strong></span> <span class='ocrx_word' id='word_1_524' title='bbox 1039 697 1209 732; x_wconf 83' lang='grc' dir='ltr'>δεδεημένοις</span> <span class='ocrx_word' id='word_1_525' title='bbox 1230 697 1390 733; x_wconf 78' lang='grc' dir='ltr'>ἐπικουρίας</span> <span class='ocrx_word' id='word_1_526' title='bbox 1418 698 1574 732; x_wconf 79' lang='grc' dir='ltr'>ἐπιφωνεῖν,</span> <span class='ocrx_word' id='word_1_527' title='bbox 1592 698 1622 723; x_wconf 82' lang='grc' dir='ltr'><strong>ἐν</strong></span> <span class='ocrx_word' id='word_1_528' title='bbox 1646 697 1767 731; x_wconf 82' lang='grc' dir='ltr'>ὀνόματι</span> 
     </span>
    </p>
   </div>
   <div class='ocr_carea' id='block_1_71' title="bbox 973 742 1770 779">
    <p class='ocr_par' dir='ltr' id='par_1_71' title="bbox 973 742 1770 779">
     <span class='ocr_line' id='line_1_71' title="bbox 973 742 1770 779; baseline 0 -10"><span class='ocrx_word' id='word_1_529' title='bbox 973 742 1020 769; x_wconf 78' lang='grc' dir='ltr'><strong>τοῦ</strong></span> <span class='ocrx_word' id='word_1_530' title='bbox 1032 742 1212 777; x_wconf 84' lang='grc' dir='ltr'>Μονογενοῦς,</span> <span class='ocrx_word' id='word_1_531' title='bbox 1225 744 1307 779; x_wconf 72' lang='grc' dir='ltr'>ἤγουν</span> <span class='ocrx_word' id='word_1_532' title='bbox 1319 745 1347 770; x_wconf 83' lang='grc' dir='ltr'>ὲν</span> <span class='ocrx_word' id='word_1_533' title='bbox 1357 743 1480 779; x_wconf 79' lang='grc' dir='ltr'><strong>δυνάμει,</strong></span> <span class='ocrx_word' id='word_1_534' title='bbox 1488 744 1556 770; x_wconf 85' lang='grc' dir='ltr'><strong>Τόδε</strong></span> <span class='ocrx_word' id='word_1_535' title='bbox 1568 743 1593 770; x_wconf 87' lang='grc' dir='ltr'><strong>τί</strong></span> <span class='ocrx_word' id='word_1_536' title='bbox 1605 752 1645 770; x_wconf 85' lang='grc' dir='ltr'><strong>σοι</strong></span> <span class='ocrx_word' id='word_1_537' title='bbox 1658 743 1770 776; x_wconf 78' lang='grc' dir='ltr'>γένοιτο</span> 
     </span>
    </p>
   </div>
   <div class='ocr_carea' id='block_1_72' title="bbox 973 788 1765 826">
    <p class='ocr_par' dir='ltr' id='par_1_72' title="bbox 973 788 1765 826">
     <span class='ocr_line' id='line_1_72' title="bbox 973 788 1765 826; baseline 0 -12"><span class='ocrx_word' id='word_1_538' title='bbox 973 788 1028 815; x_wconf 83' lang='grc' dir='ltr'>τῶν</span> <span class='ocrx_word' id='word_1_539' title='bbox 1042 789 1169 823; x_wconf 84' lang='grc' dir='ltr'>ἀγαθῶν;</span> <span class='ocrx_word' id='word_1_540' title='bbox 1182 789 1260 816; x_wconf 80' lang='grc' dir='ltr'>τοῦτο</span> <span class='ocrx_word' id='word_1_541' title='bbox 1273 789 1327 824; x_wconf 83' lang='grc' dir='ltr'>γὰρ</span> <span class='ocrx_word' id='word_1_542' title='bbox 1343 789 1427 826; x_wconf 79' lang='grc' dir='ltr'>ἔδρων</span> <span class='ocrx_word' id='word_1_543' title='bbox 1439 791 1466 817; x_wconf 78' lang='grc' dir='ltr'>οἱ</span> <span class='ocrx_word' id='word_1_544' title='bbox 1480 791 1612 824; x_wconf 74' lang='grc' dir='ltr'>πάνσοφοι</span> <span class='ocrx_word' id='word_1_545' title='bbox 1629 789 1765 824; x_wconf 62' lang='grc' dir='ltr'>μαθηταὶ,</span> 
     </span>
    </p>
   </div>
   <div class='ocr_carea' id='block_1_73' title="bbox 981 832 1768 872">
    <p class='ocr_par' dir='ltr' id='par_1_73' title="bbox 981 832 1768 872">
     <span class='ocr_line' id='line_1_73' title="bbox 981 832 1768 872; baseline 0 -12"><span class='ocrx_word' id='word_1_546' title='bbox 981 832 1083 869; x_wconf 71' lang='grc' dir='ltr'>Ἰησοῦν</span> <span class='ocrx_word' id='word_1_547' title='bbox 1096 835 1141 862; x_wconf 80' lang='grc' dir='ltr'>τὸν</span> <span class='ocrx_word' id='word_1_548' title='bbox 1152 836 1184 862; x_wconf 86' lang='grc' dir='ltr'>ὲκ</span> <span class='ocrx_word' id='word_1_549' title='bbox 1198 835 1326 871; x_wconf 72' lang='grc' dir='ltr'>Ναζαρὲτ</span> <span class='ocrx_word' id='word_1_550' title='bbox 1339 836 1517 872; x_wconf 72' lang='grc' dir='ltr'>ὀνομάζοντες</span> <span class='ocrx_word' id='word_1_551' title='bbox 1530 835 1751 871; x_wconf 78' lang='grc' dir='ltr'>πανταχοῦ.“Δλλ</span> <span class='ocrx_word' id='word_1_552' title='bbox 1760 834 1768 844; x_wconf 89' lang='grc'><em>“</em></span> 
     </span>
    </p>
   </div>
   <div class='ocr_carea' id='block_1_74' title="bbox 975 878 1768 916">
    <p class='ocr_par' dir='ltr' id='par_1_74' title="bbox 975 878 1768 916">
     <span class='ocr_line' id='line_1_74' title="bbox 975 878 1768 916; baseline -0.003 -10"><span class='ocrx_word' id='word_1_553' title='bbox 975 879 1063 906; x_wconf 77' lang='grc' dir='ltr'>οὐδενὶ</span> <span class='ocrx_word' id='word_1_554' title='bbox 1083 880 1132 914; x_wconf 82' lang='grc' dir='ltr'><strong>μὲν</strong></span> <span class='ocrx_word' id='word_1_555' title='bbox 1147 880 1225 907; x_wconf 78' lang='grc' dir='ltr'>τοῦτο</span> <span class='ocrx_word' id='word_1_556' title='bbox 1239 881 1458 916; x_wconf 78' lang='grc' dir='ltr'>προσπεφώνηκε</span> <span class='ocrx_word' id='word_1_557' title='bbox 1474 880 1627 912; x_wconf 82' lang='grc' dir='ltr'>παντελῶς·</span> <span class='ocrx_word' id='word_1_558' title='bbox 1644 878 1768 906; x_wconf 78' lang='grc' dir='ltr'><strong>ἀνετίθει</strong></span> 
     </span>
    </p>
   </div>
   <div class='ocr_carea' id='block_1_75' title="bbox 975 924 1768 962">
    <p class='ocr_par' dir='ltr' id='par_1_75' title="bbox 975 924 1768 962">
     <span class='ocr_line' id='line_1_75' title="bbox 975 924 1768 962; baseline -0.001 -12"><span class='ocrx_word' id='word_1_559' title='bbox 975 924 1004 951; x_wconf 82' lang='grc' dir='ltr'>δὲ</span> <span class='ocrx_word' id='word_1_560' title='bbox 1019 924 1120 959; x_wconf 80' lang='grc' dir='ltr'>μᾶλλον</span> <span class='ocrx_word' id='word_1_561' title='bbox 1138 925 1191 961; x_wconf 77' lang='grc' dir='ltr'>[δίᾳ</span> <span class='ocrx_word' id='word_1_562' title='bbox 1208 925 1321 960; x_wconf 78' lang='grc' dir='ltr'>δυνάμει</span> <span class='ocrx_word' id='word_1_563' title='bbox 1337 925 1373 953; x_wconf 83' lang='grc' dir='ltr'>τὰ</span> <span class='ocrx_word' id='word_1_564' title='bbox 1389 925 1608 962; x_wconf 78' lang='grc' dir='ltr'><strong>κατορθούμενα·</strong></span> <span class='ocrx_word' id='word_1_565' title='bbox 1624 925 1689 952; x_wconf 80' lang='grc' dir='ltr'>ποτὲ</span> <span class='ocrx_word' id='word_1_566' title='bbox 1714 924 1768 958; x_wconf 78' lang='grc' dir='ltr'><strong>μὲν</strong></span> 
     </span>
    </p>
   </div>
   <div class='ocr_carea' id='block_1_76' title="bbox 976 970 1770 1006">
    <p class='ocr_par' dir='ltr' id='par_1_76' title="bbox 976 970 1770 1006">
     <span class='ocr_line' id='line_1_76' title="bbox 976 970 1770 1006; baseline 0 -10"><span class='ocrx_word' id='word_1_567' title='bbox 976 970 1063 1004; x_wconf 78' lang='grc' dir='ltr'>λέγων</span> <span class='ocrx_word' id='word_1_568' title='bbox 1085 973 1141 1003; x_wconf 82' lang='grc' dir='ltr'>τοῖς</span> <span class='ocrx_word' id='word_1_569' title='bbox 1163 972 1283 1006; x_wconf 83' lang='grc' dir='ltr'><strong>τυφλοῖς,</strong></span> <span class='ocrx_word' id='word_1_570' title='bbox 1302 982 1311 998; x_wconf 80' lang='grc' dir='ltr'><strong>ι</strong></span> <span class='ocrx_word' id='word_1_571' title='bbox 1327 972 1472 1001; x_wconf 83' lang='grc' dir='ltr'>Πιστεύετε</span> <span class='ocrx_word' id='word_1_572' title='bbox 1492 973 1533 999; x_wconf 83' lang='grc' dir='ltr'>ὅτι</span> <span class='ocrx_word' id='word_1_573' title='bbox 1553 971 1669 1006; x_wconf 79' lang='grc' dir='ltr'>δύναμαι</span> <span class='ocrx_word' id='word_1_574' title='bbox 1683 970 1770 997; x_wconf 83' lang='grc' dir='ltr'>τοῦτο</span> 
     </span>
    </p>
   </div>
   <div class='ocr_carea' id='block_1_77' title="bbox 978 1017 1768 1053">
    <p class='ocr_par' dir='ltr' id='par_1_77' title="bbox 978 1017 1768 1053">
     <span class='ocr_line' id='line_1_77' title="bbox 978 1017 1768 1053; baseline -0.003 -9"><span class='ocrx_word' id='word_1_575' title='bbox 978 1018 1105 1052; x_wconf 79' lang='grc' dir='ltr'>ποιῆσαι;</span> <span class='ocrx_word' id='word_1_576' title='bbox 1122 1028 1132 1044; x_wconf 74' lang='grc' dir='ltr'><strong>ι</strong></span> <span class='ocrx_word' id='word_1_577' title='bbox 1145 1018 1193 1044; x_wconf 75' lang='grc' dir='ltr'><strong>καὶ</strong></span> <span class='ocrx_word' id='word_1_578' title='bbox 1205 1019 1256 1053; x_wconf 84' lang='grc' dir='ltr'>τὴν</span> <span class='ocrx_word' id='word_1_579' title='bbox 1269 1019 1421 1046; x_wconf 81' lang='grc' dir='ltr'>συναίνεσιν</span> <span class='ocrx_word' id='word_1_580' title='bbox 1434 1019 1569 1046; x_wconf 83' lang='grc' dir='ltr'>ἀπαιτῶν·</span> <span class='ocrx_word' id='word_1_581' title='bbox 1582 1019 1647 1045; x_wconf 69' lang='grc' dir='ltr'>ποτὲ</span> <span class='ocrx_word' id='word_1_582' title='bbox 1657 1018 1685 1044; x_wconf 81' lang='grc' dir='ltr'>δὲ</span> <span class='ocrx_word' id='word_1_583' title='bbox 1699 1025 1751 1052; x_wconf 81' lang='grc' dir='ltr'><strong>μετ</strong></span> <span class='ocrx_word' id='word_1_584' title='bbox 1761 1017 1768 1027; x_wconf 95' lang='lat'><strong>&#39;</strong></span> 
     </span>
    </p>
   </div>
   <div class='ocr_carea' id='block_1_78' title="bbox 977 1062 1767 1100">
    <p class='ocr_par' dir='ltr' id='par_1_78' title="bbox 977 1062 1767 1100">
     <span class='ocr_line' id='line_1_78' title="bbox 977 1062 1767 1100; baseline -0.001 -12"><span class='ocrx_word' id='word_1_585' title='bbox 977 1062 1100 1094; x_wconf 80' lang='grc' dir='ltr'>ἐξουσίας</span> <span class='ocrx_word' id='word_1_586' title='bbox 1126 1063 1250 1090; x_wconf 79' lang='grc' dir='ltr'>ἀπαιτῶν</span> <span class='ocrx_word' id='word_1_587' title='bbox 1275 1064 1337 1099; x_wconf 77' lang='grc' dir='ltr'><strong>[ἵσ.</strong></span> <span class='ocrx_word' id='word_1_588' title='bbox 1353 1064 1502 1100; x_wconf 77' lang='grc' dir='ltr'>παρέλκει]</span> <span class='ocrx_word' id='word_1_589' title='bbox 1529 1064 1626 1098; x_wconf 84' lang='grc' dir='ltr'>λέγων,</span> <span class='ocrx_word' id='word_1_590' title='bbox 1653 1073 1662 1088; x_wconf 79' lang='grc' dir='ltr'><strong>ι</strong></span> <span class='ocrx_word' id='word_1_591' title='bbox 1678 1063 1767 1092; x_wconf 74' lang='grc' dir='ltr'>Θέλω,</span> 
     </span>
    </p>
   </div>
   <div class='ocr_carea' id='block_1_79' title="bbox 978 1107 1770 1144">
    <p class='ocr_par' dir='ltr' id='par_1_79' title="bbox 978 1107 1770 1144">
     <span class='ocr_line' id='line_1_79' title="bbox 978 1107 1770 1144; baseline -0.001 -10"><span class='ocrx_word' id='word_1_592' title='bbox 978 1108 1174 1144; x_wconf 77' lang='grc' dir='ltr'>καθαρίσθητι’</span> <span class='ocrx_word' id='word_1_593' title='bbox 1190 1119 1198 1134; x_wconf 75' lang='grc' dir='ltr'><strong>ν</strong></span> <span class='ocrx_word' id='word_1_594' title='bbox 1214 1109 1239 1135; x_wconf 85' lang='grc' dir='ltr'><strong>τί</strong></span> <span class='ocrx_word' id='word_1_595' title='bbox 1261 1109 1298 1144; x_wconf 76' lang='grc' dir='ltr'>μὴ</span> <span class='ocrx_word' id='word_1_596' title='bbox 1309 1109 1407 1144; x_wconf 80' lang='grc' dir='ltr'>παρεὶς</span> <span class='ocrx_word' id='word_1_597' title='bbox 1419 1110 1453 1135; x_wconf 81' lang='grc' dir='ltr'>τὰ</span> <span class='ocrx_word' id='word_1_598' title='bbox 1466 1108 1557 1143; x_wconf 79' lang='grc' dir='ltr'>σαυτῷ</span> <span class='ocrx_word' id='word_1_599' title='bbox 1574 1117 1603 1135; x_wconf 84' lang='grc' dir='ltr'><strong>τε</strong></span> <span class='ocrx_word' id='word_1_600' title='bbox 1622 1108 1669 1134; x_wconf 69' lang='grc' dir='ltr'>καὶ</span> <span class='ocrx_word' id='word_1_601' title='bbox 1690 1107 1770 1142; x_wconf 88' lang='grc' dir='ltr'>μόνῳ</span> 
     </span>
    </p>
   </div>
   <div class='ocr_carea' id='block_1_80' title="bbox 978 1152 1768 1190">
    <p class='ocr_par' dir='ltr' id='par_1_80' title="bbox 978 1152 1768 1190">
     <span class='ocr_line' id='line_1_80' title="bbox 978 1152 1768 1190; baseline 0 -11"><span class='ocrx_word' id='word_1_602' title='bbox 978 1153 1147 1188; x_wconf 74' lang='grc' dir='ltr'><strong>ἐξευρημένα</strong></span> <span class='ocrx_word' id='word_1_603' title='bbox 1160 1155 1324 1190; x_wconf 82' lang='grc' dir='ltr'>γραοπρεπῆ</span> <span class='ocrx_word' id='word_1_604' title='bbox 1342 1155 1460 1190; x_wconf 78' lang='grc' dir='ltr'><strong>μυθάρια</strong></span> <span class='ocrx_word' id='word_1_605' title='bbox 1476 1156 1544 1189; x_wconf 79' lang='grc' dir='ltr'>σοφῇ</span> <span class='ocrx_word' id='word_1_606' title='bbox 1555 1154 1657 1189; x_wconf 81' lang='grc' dir='ltr'>διανοίᾳ</span> <span class='ocrx_word' id='word_1_607' title='bbox 1670 1153 1702 1180; x_wconf 76' lang='grc' dir='ltr'>τὸ</span> <span class='ocrx_word' id='word_1_608' title='bbox 1718 1152 1768 1179; x_wconf 81' lang='grc' dir='ltr'><strong>τοῦ</strong></span> 
     </span>
    </p>
   </div>
   <div class='ocr_carea' id='block_1_81' title="bbox 980 1199 1768 1236">
    <p class='ocr_par' dir='ltr' id='par_1_81' title="bbox 980 1199 1768 1236">
     <span class='ocr_line' id='line_1_81' title="bbox 980 1199 1768 1236; baseline -0.001 -11"><span class='ocrx_word' id='word_1_609' title='bbox 980 1199 1131 1234; x_wconf 74' lang='grc' dir='ltr'><strong>μυστηρίου</strong></span> <span class='ocrx_word' id='word_1_610' title='bbox 1147 1200 1316 1236; x_wconf 74' lang='grc' dir='ltr'>περιεργάζῃ</span> <span class='ocrx_word' id='word_1_611' title='bbox 1335 1200 1434 1235; x_wconf 81' lang='grc' dir='ltr'>βάθος;</span> <span class='ocrx_word' id='word_1_612' title='bbox 1454 1200 1512 1227; x_wconf 81' lang='grc' dir='ltr'>ἀλλ’</span> <span class='ocrx_word' id='word_1_613' title='bbox 1531 1200 1605 1226; x_wconf 73' lang='grc' dir='ltr'>ἐστιν</span> <span class='ocrx_word' id='word_1_614' title='bbox 1627 1200 1701 1231; x_wconf 83' lang='grc' dir='ltr'>ἰδεῖν,</span> <span class='ocrx_word' id='word_1_615' title='bbox 1725 1199 1768 1225; x_wconf 74' lang='grc' dir='ltr'>ὃτι</span> 
     </span>
    </p>
   </div>
   <div class='ocr_carea' id='block_1_82' title="bbox 978 1243 1769 1280">
    <p class='ocr_par' dir='ltr' id='par_1_82' title="bbox 978 1243 1769 1280">
     <span class='ocr_line' id='line_1_82' title="bbox 978 1243 1769 1280; baseline 0 -10"><span class='ocrx_word' id='word_1_616' title='bbox 978 1245 1031 1271; x_wconf 72' lang='grc' dir='ltr'>τῶν</span> <span class='ocrx_word' id='word_1_617' title='bbox 1047 1245 1096 1279; x_wconf 83' lang='grc' dir='ltr'>μὲν</span> <span class='ocrx_word' id='word_1_618' title='bbox 1111 1245 1266 1279; x_wconf 82' lang='grc' dir='ltr'><strong>ἀναγκαίων</strong></span> <span class='ocrx_word' id='word_1_619' title='bbox 1277 1246 1317 1276; x_wconf 77' lang='grc' dir='ltr'><strong>εἰς</strong></span> <span class='ocrx_word' id='word_1_620' title='bbox 1327 1245 1429 1280; x_wconf 75' lang='grc' dir='ltr'>ὄνησιν,</span> <span class='ocrx_word' id='word_1_621' title='bbox 1441 1245 1530 1279; x_wconf 82' lang='grc' dir='ltr'><strong>ὀλίγος</strong></span> <span class='ocrx_word' id='word_1_622' title='bbox 1541 1244 1614 1279; x_wconf 79' lang='grc' dir='ltr'>αὖτῷ</span> <span class='ocrx_word' id='word_1_623' title='bbox 1627 1243 1769 1275; x_wconf 80' lang='grc' dir='ltr'><strong>παντελῶς</strong></span> 
     </span>
    </p>
   </div>
   <div class='ocr_carea' id='block_1_83' title="bbox 978 1289 1769 1327">
    <p class='ocr_par' dir='ltr' id='par_1_83' title="bbox 978 1289 1769 1327">
     <span class='ocr_line' id='line_1_83' title="bbox 978 1289 1769 1327; baseline -0.004 -9"><span class='ocrx_word' id='word_1_624' title='bbox 978 1293 992 1318; x_wconf 84' lang='grc' dir='ltr'><strong>ὸ</strong></span> <span class='ocrx_word' id='word_1_625' title='bbox 1007 1291 1085 1326; x_wconf 87' lang='grc' dir='ltr'>λόγος</span> <span class='ocrx_word' id='word_1_626' title='bbox 1095 1300 1101 1306; x_wconf 88' lang='grc'><strong>·</strong></span> <span class='ocrx_word' id='word_1_627' title='bbox 1117 1291 1184 1318; x_wconf 84' lang='grc' dir='ltr'>δὲδιε</span> <span class='ocrx_word' id='word_1_628' title='bbox 1207 1291 1235 1318; x_wconf 67' lang='grc' dir='ltr'>δὶ</span> <span class='ocrx_word' id='word_1_629' title='bbox 1247 1291 1341 1326; x_wconf 82' lang='grc' dir='ltr'>ὥσπερ</span> <span class='ocrx_word' id='word_1_630' title='bbox 1362 1291 1399 1327; x_wconf 83' lang='grc' dir='ltr'>μὴ</span> <span class='ocrx_word' id='word_1_631' title='bbox 1414 1291 1467 1327; x_wconf 75' lang='grc' dir='ltr'><strong>ἄρα</strong></span> <span class='ocrx_word' id='word_1_632' title='bbox 1483 1300 1509 1318; x_wconf 84' lang='grc' dir='ltr'><strong>τι</strong></span> <span class='ocrx_word' id='word_1_633' title='bbox 1525 1291 1572 1318; x_wconf 73' lang='grc' dir='ltr'><strong>καὶ</strong></span> <span class='ocrx_word' id='word_1_634' title='bbox 1586 1291 1640 1317; x_wconf 80' lang='grc' dir='ltr'>τῶν</span> <span class='ocrx_word' id='word_1_635' title='bbox 1655 1289 1769 1324; x_wconf 75' lang='grc' dir='ltr'>ἀληθῶν</span> 
     </span>
    </p>
   </div>
   <div class='ocr_carea' id='block_1_84' title="bbox 979 1336 1768 1374">
    <p class='ocr_par' dir='ltr' id='par_1_84' title="bbox 979 1336 1768 1374">
     <span class='ocr_line' id='line_1_84' title="bbox 979 1336 1768 1374; baseline -0.003 -10"><span class='ocrx_word' id='word_1_636' title='bbox 979 1337 1213 1372; x_wconf 71' lang='grc' dir='ltr'>παραφθέγεαιτο·</span> <span class='ocrx_word' id='word_1_637' title='bbox 1235 1337 1322 1364; x_wconf 81' lang='grc' dir='ltr'>καίτοι</span> <span class='ocrx_word' id='word_1_638' title='bbox 1342 1337 1396 1374; x_wconf 65' lang='lat' dir='ltr'><strong>llo.</strong></span> <span class='ocrx_word' id='word_1_639' title='bbox 1415 1338 1462 1365; x_wconf 79' lang='grc' dir='ltr'><strong>καί</strong></span> <span class='ocrx_word' id='word_1_640' title='bbox 1473 1337 1515 1373; x_wconf 85' lang='grc' dir='ltr'>τε]</span> <span class='ocrx_word' id='word_1_641' title='bbox 1533 1337 1588 1364; x_wconf 84' lang='grc' dir='ltr'><strong>τῶν</strong></span> <span class='ocrx_word' id='word_1_642' title='bbox 1603 1336 1768 1371; x_wconf 75' lang='grc' dir='ltr'>ἐπαινουμέ-</span> 
     </span>
    </p>
   </div>
   <div class='ocr_carea' id='block_1_85' title="bbox 979 1381 1772 1418">
    <p class='ocr_par' dir='ltr' id='par_1_85' title="bbox 979 1381 1772 1418">
     <span class='ocr_line' id='line_1_85' title="bbox 979 1381 1772 1418; baseline -0.001 -10"><span class='ocrx_word' id='word_1_643' title='bbox 979 1391 1032 1408; x_wconf 89' lang='grc' dir='ltr'><strong>νων</strong></span> <span class='ocrx_word' id='word_1_644' title='bbox 1057 1382 1133 1416; x_wconf 84' lang='grc' dir='ltr'>ἁλοίη</span> <span class='ocrx_word' id='word_1_645' title='bbox 1157 1382 1349 1418; x_wconf 77' lang='grc' dir='ltr'>πεφρονηκὼς·</span> <span class='ocrx_word' id='word_1_646' title='bbox 1375 1383 1460 1410; x_wconf 76' lang='grc' dir='ltr'>οἴεται</span> <span class='ocrx_word' id='word_1_647' title='bbox 1479 1383 1508 1410; x_wconf 78' lang='grc' dir='ltr'>δὲ</span> <span class='ocrx_word' id='word_1_648' title='bbox 1532 1383 1586 1410; x_wconf 78' lang='grc' dir='ltr'>πᾶν</span> <span class='ocrx_word' id='word_1_649' title='bbox 1606 1381 1695 1408; x_wconf 80' lang='grc' dir='ltr'>ὁτιοῦν</span> <span class='ocrx_word' id='word_1_650' title='bbox 1713 1381 1772 1408; x_wconf 83' lang='grc' dir='ltr'>τῶν</span> 
     </span>
    </p>
   </div>
   <div class='ocr_carea' id='block_1_86' title="bbox 979 1427 1771 1463">
    <p class='ocr_par' dir='ltr' id='par_1_86' title="bbox 979 1427 1771 1463">
     <span class='ocr_line' id='line_1_86' title="bbox 979 1427 1771 1463; baseline 0.001 -10"><span class='ocrx_word' id='word_1_651' title='bbox 979 1427 1186 1463; x_wconf 84' lang='grc' dir='ltr'>ἀπηχεστάτων,</span> <span class='ocrx_word' id='word_1_652' title='bbox 1203 1428 1250 1455; x_wconf 73' lang='grc' dir='ltr'>καὶ</span> <span class='ocrx_word' id='word_1_653' title='bbox 1263 1428 1455 1456; x_wconf 82' lang='grc' dir='ltr'>ἀκατάσκοπον</span> <span class='ocrx_word' id='word_1_654' title='bbox 1469 1428 1567 1463; x_wconf 79' lang='grc' dir='ltr'>κομιδῆ</span> <span class='ocrx_word' id='word_1_655' title='bbox 1579 1427 1634 1455; x_wconf 84' lang='grc' dir='ltr'>τῶν</span> <span class='ocrx_word' id='word_1_656' title='bbox 1646 1428 1696 1463; x_wconf 86' lang='grc' dir='ltr'><strong>τῆς</strong></span> <span class='ocrx_word' id='word_1_657' title='bbox 1711 1427 1771 1454; x_wconf 77' lang='grc' dir='ltr'><strong>Ἐκ-</strong></span> 
     </span>
    </p>
   </div>
   <div class='ocr_carea' id='block_1_87' title="bbox 980 1474 1771 1510">
    <p class='ocr_par' dir='ltr' id='par_1_87' title="bbox 980 1474 1771 1510">
     <span class='ocr_line' id='line_1_87' title="bbox 980 1474 1771 1510; baseline 0 -10"><span class='ocrx_word' id='word_1_658' title='bbox 980 1474 1094 1509; x_wconf 81' lang='grc' dir='ltr'>κλησίας</span> <span class='ocrx_word' id='word_1_659' title='bbox 1108 1474 1249 1509; x_wconf 83' lang='grc' dir='ltr'>δογμάτων</span> <span class='ocrx_word' id='word_1_660' title='bbox 1265 1476 1382 1502; x_wconf 82' lang='grc' dir='ltr'>ποιεῖται</span> <span class='ocrx_word' id='word_1_661' title='bbox 1406 1474 1455 1510; x_wconf 81' lang='grc' dir='ltr'>τὴν</span> <span class='ocrx_word' id='word_1_662' title='bbox 1477 1475 1662 1510; x_wconf 71' lang='grc' dir='ltr'>κατάρῤησιν-</span> <span class='ocrx_word' id='word_1_663' title='bbox 1680 1474 1771 1501; x_wconf 75' lang='grc' dir='ltr'>καίτοι</span> 
     </span>
    </p>
   </div>
   <div class='ocr_carea' id='block_1_88' title="bbox 943 1519 1771 1566">
    <p class='ocr_par' dir='ltr' id='par_1_88' title="bbox 943 1519 1771 1566">
     <span class='ocr_line' id='line_1_88' title="bbox 943 1519 1771 1566; baseline -0.001 -20"><span class='ocrx_word' id='word_1_664' title='bbox 943 1537 964 1566; x_wconf 79' lang='lat' dir='ltr'><strong>c</strong></span> <span class='ocrx_word' id='word_1_665' title='bbox 982 1519 1136 1555; x_wconf 70' lang='grc' dir='ltr'>μεμνῆσθαι</span> <span class='ocrx_word' id='word_1_666' title='bbox 1155 1520 1212 1546; x_wconf 82' lang='grc' dir='ltr'>δέον</span> <span class='ocrx_word' id='word_1_667' title='bbox 1223 1520 1304 1547; x_wconf 81' lang='grc' dir='ltr'>αὐτὸν</span> <span class='ocrx_word' id='word_1_668' title='bbox 1314 1520 1381 1547; x_wconf 78' lang='grc' dir='ltr'>Θεοῦ</span> <span class='ocrx_word' id='word_1_669' title='bbox 1391 1520 1515 1554; x_wconf 82' lang='grc' dir='ltr'>λέγοντος</span> <span class='ocrx_word' id='word_1_670' title='bbox 1525 1519 1568 1546; x_wconf 73' lang='grc' dir='ltr'><strong>διὰ</strong></span> <span class='ocrx_word' id='word_1_671' title='bbox 1583 1520 1675 1554; x_wconf 82' lang='grc' dir='ltr'>φωνῆς</span> <span class='ocrx_word' id='word_1_672' title='bbox 1691 1519 1771 1551; x_wconf 78' lang='grc' dir='ltr'>Ἰεζε-</span> 
     </span>
    </p>
   </div>
   <div class='ocr_carea' id='block_1_89' title="bbox 982 1564 1771 1601">
    <p class='ocr_par' dir='ltr' id='par_1_89' title="bbox 982 1564 1771 1601">
     <span class='ocr_line' id='line_1_89' title="bbox 982 1564 1771 1601; baseline -0.003 -9"><span class='ocrx_word' id='word_1_673' title='bbox 982 1565 1043 1601; x_wconf 81' lang='grc' dir='ltr'>χιὴλ</span> <span class='ocrx_word' id='word_1_674' title='bbox 1059 1567 1115 1597; x_wconf 65' lang='lat' dir='ltr'><strong>rei;</strong></span> <span class='ocrx_word' id='word_1_675' title='bbox 1131 1566 1184 1592; x_wconf 84' lang='grc' dir='ltr'>τῶν</span> <span class='ocrx_word' id='word_1_676' title='bbox 1202 1566 1319 1600; x_wconf 84' lang='grc' dir='ltr'>λογικῶν</span> <span class='ocrx_word' id='word_1_677' title='bbox 1349 1566 1481 1601; x_wconf 82' lang='grc' dir='ltr'>ποιμνίων</span> <span class='ocrx_word' id='word_1_678' title='bbox 1501 1565 1708 1600; x_wconf 76' lang='grc' dir='ltr'>προεστηκόσιν,</span> <span class='ocrx_word' id='word_1_679' title='bbox 1729 1564 1771 1590; x_wconf 83' lang='grc' dir='ltr'>ὅτι</span> 
     </span>
    </p>
   </div>
   <div class='ocr_carea' id='block_1_90' title="bbox 981 1611 1772 1648">
    <p class='ocr_par' dir='ltr' id='par_1_90' title="bbox 981 1611 1772 1648">
     <span class='ocr_line' id='line_1_90' title="bbox 981 1611 1772 1648; baseline -0.003 -10"><span class='ocrx_word' id='word_1_680' title='bbox 981 1615 1030 1648; x_wconf 80' lang='grc' dir='ltr'>τὴν</span> <span class='ocrx_word' id='word_1_681' title='bbox 1061 1622 1070 1638; x_wconf 78' lang='grc' dir='ltr'><strong>ι</strong></span> <span class='ocrx_word' id='word_1_682' title='bbox 1087 1612 1181 1648; x_wconf 81' lang='grc' dir='ltr'>Καλὴν</span> <span class='ocrx_word' id='word_1_683' title='bbox 1207 1613 1292 1647; x_wconf 80' lang='grc' dir='ltr'>νομὴν</span> <span class='ocrx_word' id='word_1_684' title='bbox 1312 1612 1455 1647; x_wconf 80' lang='grc' dir='ltr'>ὲνέμεσθε,</span> <span class='ocrx_word' id='word_1_685' title='bbox 1480 1612 1526 1638; x_wconf 78' lang='grc' dir='ltr'><strong>καὶ</strong></span> <span class='ocrx_word' id='word_1_686' title='bbox 1546 1612 1578 1638; x_wconf 82' lang='grc' dir='ltr'>τὺ</span> <span class='ocrx_word' id='word_1_687' title='bbox 1601 1611 1772 1646; x_wconf 67' lang='grc' dir='ltr'>καθεστηκὸς</span> 
     </span>
    </p>
   </div>
   <div class='ocr_carea' id='block_1_91' title="bbox 983 1658 1771 1694">
    <p class='ocr_par' dir='ltr' id='par_1_91' title="bbox 983 1658 1771 1694">
     <span class='ocr_line' id='line_1_91' title="bbox 983 1658 1771 1694; baseline -0.004 -9"><span class='ocrx_word' id='word_1_688' title='bbox 983 1659 1054 1694; x_wconf 74' lang='grc' dir='ltr'>ὕδωρ</span> <span class='ocrx_word' id='word_1_689' title='bbox 1076 1659 1193 1690; x_wconf 86' lang='grc' dir='ltr'>ὲπίνετε,</span> <span class='ocrx_word' id='word_1_690' title='bbox 1210 1659 1256 1685; x_wconf 76' lang='grc' dir='ltr'>καὶ</span> <span class='ocrx_word' id='word_1_691' title='bbox 1281 1659 1311 1685; x_wconf 80' lang='grc' dir='ltr'>τὸ</span> <span class='ocrx_word' id='word_1_692' title='bbox 1337 1659 1500 1685; x_wconf 84' lang='grc' dir='ltr'>κατάλοιπον</span> <span class='ocrx_word' id='word_1_693' title='bbox 1524 1658 1687 1694; x_wconf 81' lang='grc' dir='ltr'>ἑταρὰττετε</span> <span class='ocrx_word' id='word_1_694' title='bbox 1716 1658 1771 1688; x_wconf 73' lang='grc' dir='ltr'>τοῖς</span> 
     </span>
    </p>
   </div>
   <div class='ocr_carea' id='block_1_92' title="bbox 984 1706 1772 1744">
    <p class='ocr_par' dir='ltr' id='par_1_92' title="bbox 984 1706 1772 1744">
     <span class='ocr_line' id='line_1_92' title="bbox 984 1706 1772 1744; baseline -0.004 -9"><span class='ocrx_word' id='word_1_695' title='bbox 984 1709 1062 1736; x_wconf 81' lang='grc' dir='ltr'>ποσὶν</span> <span class='ocrx_word' id='word_1_696' title='bbox 1080 1709 1168 1744; x_wconf 84' lang='grc' dir='ltr'>ὑμῶν,</span> <span class='ocrx_word' id='word_1_697' title='bbox 1184 1709 1232 1735; x_wconf 82' lang='grc' dir='ltr'><strong>καὶ</strong></span> <span class='ocrx_word' id='word_1_698' title='bbox 1248 1708 1283 1734; x_wconf 80' lang='grc' dir='ltr'>τὰ</span> <span class='ocrx_word' id='word_1_699' title='bbox 1296 1708 1420 1744; x_wconf 79' lang='grc' dir='ltr'>πρόϐατά</span> <span class='ocrx_word' id='word_1_700' title='bbox 1435 1717 1484 1744; x_wconf 88' lang='grc' dir='ltr'><strong>μου</strong></span> <span class='ocrx_word' id='word_1_701' title='bbox 1504 1707 1537 1734; x_wconf 77' lang='grc' dir='ltr'>τὰ</span> <span class='ocrx_word' id='word_1_702' title='bbox 1547 1708 1699 1742; x_wconf 69' lang='grc' dir='ltr'>πατήματα</span> <span class='ocrx_word' id='word_1_703' title='bbox 1718 1706 1772 1732; x_wconf 75' lang='grc' dir='ltr'>τῶν</span> 
     </span>
    </p>
   </div>
   <div class='ocr_carea' id='block_1_93' title="bbox 984 1752 1772 1790">
    <p class='ocr_par' dir='ltr' id='par_1_93' title="bbox 984 1752 1772 1790">
     <span class='ocr_line' id='line_1_93' title="bbox 984 1752 1772 1790; baseline -0.005 -8"><span class='ocrx_word' id='word_1_704' title='bbox 984 1755 1072 1782; x_wconf 81' lang='grc' dir='ltr'>ποδῶν</span> <span class='ocrx_word' id='word_1_705' title='bbox 1091 1754 1168 1790; x_wconf 80' lang='grc' dir='ltr'>ὑμῶν</span> <span class='ocrx_word' id='word_1_706' title='bbox 1189 1755 1332 1790; x_wconf 75' lang='grc' dir='ltr'>ἐνέμοντο·</span> <span class='ocrx_word' id='word_1_707' title='bbox 1359 1756 1406 1781; x_wconf 75' lang='grc' dir='ltr'><strong>καὶ</strong></span> <span class='ocrx_word' id='word_1_708' title='bbox 1430 1754 1460 1781; x_wconf 49' lang='lat' dir='ltr'><strong>et</strong></span> <span class='ocrx_word' id='word_1_709' title='bbox 1478 1753 1678 1789; x_wconf 82' lang='grc' dir='ltr'>τεταραγμένον</span> <span class='ocrx_word' id='word_1_710' title='bbox 1701 1752 1772 1787; x_wconf 81' lang='grc' dir='ltr'>ὕδωρ</span> 
     </span>
    </p>
   </div>
   <div class='ocr_carea' id='block_1_94' title="bbox 985 1799 1772 1836">
    <p class='ocr_par' dir='ltr' id='par_1_94' title="bbox 985 1799 1772 1836">
     <span class='ocr_line' id='line_1_94' title="bbox 985 1799 1772 1836; baseline -0.005 -8"><span class='ocrx_word' id='word_1_711' title='bbox 985 1802 1036 1828; x_wconf 75' lang='grc' dir='ltr'><strong>ὑπὸ</strong></span> <span class='ocrx_word' id='word_1_712' title='bbox 1052 1801 1105 1828; x_wconf 82' lang='grc' dir='ltr'>τῶν</span> <span class='ocrx_word' id='word_1_713' title='bbox 1125 1801 1212 1828; x_wconf 82' lang='grc' dir='ltr'>ποδῶν</span> <span class='ocrx_word' id='word_1_714' title='bbox 1235 1801 1311 1836; x_wconf 83' lang='grc' dir='ltr'>ὑμῶν</span> <span class='ocrx_word' id='word_1_715' title='bbox 1325 1801 1458 1827; x_wconf 72' lang='grc' dir='ltr'>ἐνέπινον.</span> <span class='ocrx_word' id='word_1_716' title='bbox 1474 1810 1483 1825; x_wconf 82' lang='grc' dir='ltr'><strong>ι</strong></span> <span class='ocrx_word' id='word_1_717' title='bbox 1502 1799 1568 1831; x_wconf 86' lang='grc' dir='ltr'><strong>Ταῖς</strong></span> <span class='ocrx_word' id='word_1_718' title='bbox 1581 1799 1631 1834; x_wconf 83' lang='grc' dir='ltr'>μὲν</span> <span class='ocrx_word' id='word_1_719' title='bbox 1644 1799 1698 1833; x_wconf 84' lang='grc' dir='ltr'>γὰρ</span> <span class='ocrx_word' id='word_1_720' title='bbox 1712 1799 1772 1824; x_wconf 80' lang='grc' dir='ltr'>θεο-</span> 
     </span>
    </p>
   </div>
   <div class='ocr_carea' id='block_1_95' title="bbox 986 1843 1773 1881">
    <p class='ocr_par' dir='ltr' id='par_1_95' title="bbox 986 1843 1773 1881">
     <span class='ocr_line' id='line_1_95' title="bbox 986 1843 1773 1881; baseline -0.004 -9"><span class='ocrx_word' id='word_1_721' title='bbox 986 1846 1126 1876; x_wconf 79' lang='grc' dir='ltr'>πνεύστοις</span> <span class='ocrx_word' id='word_1_722' title='bbox 1136 1846 1258 1880; x_wconf 81' lang='grc' dir='ltr'>Γραφαῖς</span> <span class='ocrx_word' id='word_1_723' title='bbox 1270 1846 1315 1872; x_wconf 79' lang='grc' dir='ltr'>τὸν</span> <span class='ocrx_word' id='word_1_724' title='bbox 1325 1846 1386 1872; x_wconf 88' lang='grc' dir='ltr'>νοῦν</span> <span class='ocrx_word' id='word_1_725' title='bbox 1398 1846 1513 1877; x_wconf 75' lang='grc' dir='ltr'>ἐνιέντες</span> <span class='ocrx_word' id='word_1_726' title='bbox 1524 1846 1613 1881; x_wconf 72' lang='grc' dir='ltr'>ἡμεῖς,</span> <span class='ocrx_word' id='word_1_727' title='bbox 1625 1845 1673 1880; x_wconf 81' lang='grc' dir='ltr'>τὴν</span> <span class='ocrx_word' id='word_1_728' title='bbox 1686 1843 1773 1877; x_wconf 82' lang='grc' dir='ltr'>καλὴν</span> 
     </span>
    </p>
   </div>
   <div class='ocr_carea' id='block_1_96' title="bbox 985 1889 1774 1928">
    <p class='ocr_par' dir='ltr' id='par_1_96' title="bbox 985 1889 1774 1928">
     <span class='ocr_line' id='line_1_96' title="bbox 985 1889 1774 1928; baseline -0.005 -9"><span class='ocrx_word' id='word_1_729' title='bbox 985 1893 1070 1928; x_wconf 86' lang='grc' dir='ltr'>νομὴν</span> <span class='ocrx_word' id='word_1_730' title='bbox 1085 1893 1234 1928; x_wconf 83' lang='grc' dir='ltr'>νεμόμεοα,</span> <span class='ocrx_word' id='word_1_731' title='bbox 1251 1891 1321 1919; x_wconf 83' lang='grc' dir='ltr'>κατὰ</span> <span class='ocrx_word' id='word_1_732' title='bbox 1334 1893 1363 1918; x_wconf 85' lang='grc' dir='ltr'><strong>τδ</strong></span> <span class='ocrx_word' id='word_1_733' title='bbox 1377 1892 1584 1928; x_wconf 69' lang='grc' dir='ltr'>γεγραμμένον*</span> <span class='ocrx_word' id='word_1_734' title='bbox 1601 1890 1714 1925; x_wconf 78' lang='grc' dir='ltr'>καὶμὴν</span> <span class='ocrx_word' id='word_1_735' title='bbox 1726 1889 1774 1916; x_wconf 73' lang='grc' dir='ltr'>καὶ</span> 
     </span>
    </p>
   </div>
   <div class='ocr_carea' id='block_1_97' title="bbox 986 1936 1772 1974">
    <p class='ocr_par' dir='ltr' id='par_1_97' title="bbox 986 1936 1772 1974">
     <span class='ocr_line' id='line_1_97' title="bbox 986 1936 1772 1974; baseline -0.004 -9"><span class='ocrx_word' id='word_1_736' title='bbox 986 1939 1015 1965; x_wconf 79' lang='grc' dir='ltr'>τὸ</span> <span class='ocrx_word' id='word_1_737' title='bbox 1026 1938 1097 1974; x_wconf 77' lang='grc' dir='ltr'>ὕδωρ</span> <span class='ocrx_word' id='word_1_738' title='bbox 1112 1938 1226 1973; x_wconf 83' lang='grc' dir='ltr'>πίνομεν</span> <span class='ocrx_word' id='word_1_739' title='bbox 1238 1938 1269 1965; x_wconf 84' lang='grc' dir='ltr'>τὺ</span> <span class='ocrx_word' id='word_1_740' title='bbox 1285 1938 1464 1973; x_wconf 80' lang='grc' dir='ltr'>καθεστηκὸς,</span> <span class='ocrx_word' id='word_1_741' title='bbox 1476 1938 1609 1969; x_wconf 83' lang='grc' dir='ltr'>τουτέστι,</span> <span class='ocrx_word' id='word_1_742' title='bbox 1621 1936 1666 1963; x_wconf 83' lang='grc' dir='ltr'><strong>τὸν</strong></span> <span class='ocrx_word' id='word_1_743' title='bbox 1685 1936 1772 1971; x_wconf 80' lang='grc' dir='ltr'>ἀμιγῆ</span> 
     </span>
    </p>
   </div>
   <div class='ocr_carea' id='block_1_98' title="bbox 985 1982 1774 2020">
    <p class='ocr_par' dir='ltr' id='par_1_98' title="bbox 985 1982 1774 2020">
     <span class='ocr_line' id='line_1_98' title="bbox 985 1982 1774 2020; baseline -0.001 -10"><span class='ocrx_word' id='word_1_744' title='bbox 985 1984 1023 2019; x_wconf 85' lang='grc' dir='ltr'>τῷ</span> <span class='ocrx_word' id='word_1_745' title='bbox 1033 1985 1135 2019; x_wconf 78' lang='grc' dir='ltr'>ψεύδει,</span> <span class='ocrx_word' id='word_1_746' title='bbox 1147 1985 1230 2020; x_wconf 81' lang='grc' dir='ltr'>διειδῆ</span> <span class='ocrx_word' id='word_1_747' title='bbox 1243 1993 1273 2011; x_wconf 75' lang='grc' dir='ltr'><strong>τι</strong></span> <span class='ocrx_word' id='word_1_748' title='bbox 1287 1985 1334 2012; x_wconf 80' lang='grc' dir='ltr'>καὶ</span> <span class='ocrx_word' id='word_1_749' title='bbox 1349 1984 1542 2020; x_wconf 81' lang='grc' dir='ltr'>καθαρώτατον</span> <span class='ocrx_word' id='word_1_750' title='bbox 1553 1983 1599 2010; x_wconf 83' lang='grc' dir='ltr'><strong>τοῦ</strong></span> <span class='ocrx_word' id='word_1_751' title='bbox 1615 1982 1774 2017; x_wconf 82' lang='grc' dir='ltr'>Πνεύματος</span> 
     </span>
    </p>
   </div>
   <div class='ocr_carea' id='block_1_99' title="bbox 987 2028 1774 2065">
    <p class='ocr_par' dir='ltr' id='par_1_99' title="bbox 987 2028 1774 2065">
     <span class='ocr_line' id='line_1_99' title="bbox 987 2028 1774 2065; baseline -0.004 -9"><span class='ocrx_word' id='word_1_752' title='bbox 987 2030 1074 2064; x_wconf 81' lang='grc' dir='ltr'>λόγον·</span> <span class='ocrx_word' id='word_1_753' title='bbox 1095 2029 1261 2065; x_wconf 81' lang='grc' dir='ltr'>ὲμφύροντες</span> <span class='ocrx_word' id='word_1_754' title='bbox 1274 2030 1303 2057; x_wconf 84' lang='grc' dir='ltr'>δὲ</span> <span class='ocrx_word' id='word_1_755' title='bbox 1317 2031 1363 2057; x_wconf 80' lang='grc' dir='ltr'><strong>καὶ</strong></span> <span class='ocrx_word' id='word_1_756' title='bbox 1378 2030 1574 2065; x_wconf 77' lang='grc' dir='ltr'>ἀναμίσγοντες</span> <span class='ocrx_word' id='word_1_757' title='bbox 1588 2029 1664 2055; x_wconf 79' lang='grc' dir='ltr'>θολὸν</span> <span class='ocrx_word' id='word_1_758' title='bbox 1677 2028 1774 2062; x_wconf 81' lang='grc' dir='ltr'>ὥσπερ</span> 
     </span>
    </p>
   </div>
   <div class='ocr_carea' id='block_1_100' title="bbox 986 2075 1774 2112">
    <p class='ocr_par' dir='ltr' id='par_1_100' title="bbox 986 2075 1774 2112">
     <span class='ocr_line' id='line_1_100' title="bbox 986 2075 1774 2112; baseline -0.003 -10"><span class='ocrx_word' id='word_1_759' title='bbox 986 2077 1046 2102; x_wconf 73' lang='grc' dir='ltr'>τινὰ</span> <span class='ocrx_word' id='word_1_760' title='bbox 1066 2077 1119 2103; x_wconf 80' lang='grc' dir='ltr'>τῶν</span> <span class='ocrx_word' id='word_1_761' title='bbox 1138 2076 1208 2103; x_wconf 76' lang='grc' dir='ltr'>ἰδίων</span> <span class='ocrx_word' id='word_1_762' title='bbox 1223 2076 1423 2112; x_wconf 72' lang='grc' dir='ltr'>ἐνθυμημάτων</span> <span class='ocrx_word' id='word_1_763' title='bbox 1436 2076 1466 2102; x_wconf 80' lang='grc' dir='ltr'>τὸ</span> <span class='ocrx_word' id='word_1_764' title='bbox 1478 2076 1596 2111; x_wconf 83' lang='grc' dir='ltr'>ἀτερπὲς</span> <span class='ocrx_word' id='word_1_765' title='bbox 1615 2075 1699 2109; x_wconf 77' lang='grc' dir='ltr'>αὐτῷ,</span> <span class='ocrx_word' id='word_1_766' title='bbox 1714 2076 1774 2103; x_wconf 84' lang='grc' dir='ltr'>ταῖς</span> 
     </span>
    </p>
   </div>
   <div class='ocr_carea' id='block_1_101' title="bbox 987 2121 1776 2158">
    <p class='ocr_par' dir='ltr' id='par_1_101' title="bbox 987 2121 1776 2158">
     <span class='ocr_line' id='line_1_101' title="bbox 987 2121 1776 2158; baseline -0.001 -10"><span class='ocrx_word' id='word_1_767' title='bbox 987 2122 1033 2148; x_wconf 76' lang='grc' dir='ltr'><strong>τοῦ</strong></span> <span class='ocrx_word' id='word_1_768' title='bbox 1048 2123 1172 2158; x_wconf 78' lang='grc' dir='ltr'>Σωτῆρος</span> <span class='ocrx_word' id='word_1_769' title='bbox 1191 2123 1302 2156; x_wconf 83' lang='grc' dir='ltr'>ἀγέλαις</span> <span class='ocrx_word' id='word_1_770' title='bbox 1315 2122 1535 2157; x_wconf 74' lang='grc' dir='ltr'>ἐπιϐουλεύομεν.</span> <span class='ocrx_word' id='word_1_771' title='bbox 1551 2121 1711 2154; x_wconf 80' lang='grc' dir='ltr'>Ἐκδείξειεν</span> <span class='ocrx_word' id='word_1_772' title='bbox 1741 2121 1776 2147; x_wconf 85' lang='grc' dir='ltr'>ἂν</span> 
     </span>
    </p>
   </div>
   <div class='ocr_carea' id='block_1_102' title="bbox 988 2166 1776 2204">
    <p class='ocr_par' dir='ltr' id='par_1_102' title="bbox 988 2166 1776 2204">
     <span class='ocr_line' id='line_1_102' title="bbox 988 2166 1776 2204; baseline -0.003 -10"><span class='ocrx_word' id='word_1_773' title='bbox 988 2168 1035 2194; x_wconf 85' lang='grc' dir='ltr'>καὶ</span> <span class='ocrx_word' id='word_1_774' title='bbox 1062 2168 1141 2195; x_wconf 83' lang='grc' dir='ltr'>τοῦτο</span> <span class='ocrx_word' id='word_1_775' title='bbox 1167 2169 1233 2204; x_wconf 81' lang='grc' dir='ltr'>ἡμῖν</span> <span class='ocrx_word' id='word_1_776' title='bbox 1261 2169 1299 2200; x_wconf 87' lang='grc' dir='ltr'>ὡς</span> <span class='ocrx_word' id='word_1_777' title='bbox 1326 2168 1398 2196; x_wconf 75' lang='grc' dir='ltr'>ἐστιν</span> <span class='ocrx_word' id='word_1_778' title='bbox 1414 2168 1514 2200; x_wconf 84' lang='grc' dir='ltr'>ἀληθὲς</span> <span class='ocrx_word' id='word_1_779' title='bbox 1528 2168 1562 2194; x_wconf 82' lang='grc' dir='ltr'>τὰ</span> <span class='ocrx_word' id='word_1_780' title='bbox 1576 2167 1639 2203; x_wconf 72' lang='grc' dir='ltr'>περὶ</span> <span class='ocrx_word' id='word_1_781' title='bbox 1655 2166 1776 2202; x_wconf 84' lang='grc' dir='ltr'>Χριστοῦ</span> 
     </span>
    </p>
   </div>
   <div class='ocr_carea' id='block_1_103' title="bbox 989 2212 1773 2250">
    <p class='ocr_par' dir='ltr' id='par_1_103' title="bbox 989 2212 1773 2250">
     <span class='ocr_line' id='line_1_103' title="bbox 989 2212 1773 2250; baseline -0.003 -10"><span class='ocrx_word' id='word_1_782' title='bbox 989 2214 1069 2241; x_wconf 85' lang='grc' dir='ltr'>πάλιν</span> <span class='ocrx_word' id='word_1_783' title='bbox 1084 2214 1158 2249; x_wconf 77' lang='grc' dir='ltr'><strong>αὑτῷ</strong></span> <span class='ocrx_word' id='word_1_784' title='bbox 1169 2213 1362 2250; x_wconf 82' lang='grc' dir='ltr'>τεθεωρημένα</span> <span class='ocrx_word' id='word_1_785' title='bbox 1373 2223 1402 2241; x_wconf 89' lang='grc' dir='ltr'><strong>τε</strong></span> <span class='ocrx_word' id='word_1_786' title='bbox 1414 2215 1461 2241; x_wconf 76' lang='grc' dir='ltr'>καὶ</span> <span class='ocrx_word' id='word_1_787' title='bbox 1475 2213 1619 2248; x_wconf 73' lang='grc' dir='ltr'>ἀτημελῶς</span> <span class='ocrx_word' id='word_1_788' title='bbox 1630 2212 1773 2248; x_wconf 77' lang='grc' dir='ltr'>εἰρημένα·</span> 
     </span>
    </p>
   </div>
   <div class='ocr_carea' id='block_1_104' title="bbox 989 2259 1208 2294">
    <p class='ocr_par' dir='ltr' id='par_1_104' title="bbox 989 2259 1208 2294">
     <span class='ocr_line' id='line_1_104' title="bbox 989 2259 1208 2294; baseline 0 -9"><span class='ocrx_word' id='word_1_789' title='bbox 989 2259 1046 2294; x_wconf 77' lang='grc' dir='ltr'>ἔχει</span> <span class='ocrx_word' id='word_1_790' title='bbox 1065 2259 1094 2285; x_wconf 80' lang='grc' dir='ltr'>δὲ</span> <span class='ocrx_word' id='word_1_791' title='bbox 1113 2259 1208 2290; x_wconf 75' lang='grc' dir='ltr'>οὕτως·</span> 
     </span>
    </p>
   </div>
   <div class='ocr_carea' id='block_1_105' title="bbox 1024 2302 1776 2342">
    <p class='ocr_par' dir='ltr' id='par_1_105' title="bbox 1024 2302 1776 2342">
     <span class='ocr_line' id='line_1_105' title="bbox 1024 2302 1776 2342; baseline -0.004 -11"><span class='ocrx_word' id='word_1_792' title='bbox 1024 2304 1089 2342; x_wconf 75' lang='lat' dir='ltr'><strong>[&#39;Hv</strong></span> <span class='ocrx_word' id='word_1_793' title='bbox 1106 2305 1156 2340; x_wconf 82' lang='grc' dir='ltr'>μὲν</span> <span class='ocrx_word' id='word_1_794' title='bbox 1172 2305 1226 2340; x_wconf 82' lang='grc' dir='ltr'>γὰρ</span> <span class='ocrx_word' id='word_1_795' title='bbox 1241 2306 1255 2331; x_wconf 86' lang='grc' dir='ltr'>ὁ</span> <span class='ocrx_word' id='word_1_796' title='bbox 1269 2305 1334 2336; x_wconf 84' lang='grc' dir='ltr'><strong>Θεὸς</strong></span> <span class='ocrx_word' id='word_1_797' title='bbox 1351 2305 1436 2338; x_wconf 83' lang='grc' dir='ltr'>Λόγος</span> <span class='ocrx_word' id='word_1_798' title='bbox 1449 2303 1497 2330; x_wconf 80' lang='grc' dir='ltr'>καὶ</span> <span class='ocrx_word' id='word_1_799' title='bbox 1512 2303 1565 2339; x_wconf 79' lang='grc' dir='ltr'>πρὸ</span> <span class='ocrx_word' id='word_1_800' title='bbox 1579 2303 1629 2337; x_wconf 86' lang='grc' dir='ltr'><strong>τῆς</strong></span> <span class='ocrx_word' id='word_1_801' title='bbox 1641 2302 1776 2337; x_wconf 76' lang='grc' dir='ltr'>ὲνανθρω-</span> 
     </span>
    </p>
   </div>
   <div class='ocr_carea' id='block_1_106' title="bbox 990 2349 1777 2387">
    <p class='ocr_par' dir='ltr' id='par_1_106' title="bbox 990 2349 1777 2387">
     <span class='ocr_line' id='line_1_106' title="bbox 990 2349 1777 2387; baseline -0.005 -9"><span class='ocrx_word' id='word_1_802' title='bbox 990 2353 1110 2387; x_wconf 82' lang='grc' dir='ltr'>πήσεως,</span> <span class='ocrx_word' id='word_1_803' title='bbox 1128 2351 1191 2382; x_wconf 73' lang='grc' dir='ltr'><strong>Υἱὸς</strong></span> <span class='ocrx_word' id='word_1_804' title='bbox 1207 2351 1253 2377; x_wconf 77' lang='grc' dir='ltr'>καὶ</span> <span class='ocrx_word' id='word_1_805' title='bbox 1264 2351 1339 2382; x_wconf 78' lang='grc' dir='ltr'>Θεὸς,</span> <span class='ocrx_word' id='word_1_806' title='bbox 1355 2350 1402 2376; x_wconf 74' lang='grc' dir='ltr'>καὶ</span> <span class='ocrx_word' id='word_1_807' title='bbox 1413 2349 1544 2375; x_wconf 84' lang='grc' dir='ltr'>συναινῶν</span> <span class='ocrx_word' id='word_1_808' title='bbox 1555 2349 1594 2384; x_wconf 86' lang='grc' dir='ltr'>τῷ</span> <span class='ocrx_word' id='word_1_809' title='bbox 1608 2349 1695 2384; x_wconf 83' lang='grc' dir='ltr'>Πατρί</span> <span class='ocrx_word' id='word_1_810' title='bbox 1708 2357 1714 2364; x_wconf 90' lang='grc'><strong>·</strong></span> <span class='ocrx_word' id='word_1_811' title='bbox 1729 2349 1777 2375; x_wconf 87' lang='grc' dir='ltr'>ἀν-</span> 
     </span>
    </p>
   </div>
   <div class='ocr_carea' id='block_1_107' title="bbox 990 2394 1776 2431">
    <p class='ocr_par' dir='ltr' id='par_1_107' title="bbox 990 2394 1776 2431">
     <span class='ocr_line' id='line_1_107' title="bbox 990 2394 1776 2431; baseline -0.006 -7"><span class='ocrx_word' id='word_1_812' title='bbox 990 2398 1070 2425; x_wconf 77' lang='grc' dir='ltr'>έλαὸε</span> <span class='ocrx_word' id='word_1_813' title='bbox 1089 2397 1117 2423; x_wconf 78' lang='grc' dir='ltr'>δὲ</span> <span class='ocrx_word' id='word_1_814' title='bbox 1132 2397 1161 2423; x_wconf 82' lang='grc' dir='ltr'>ἐν</span> <span class='ocrx_word' id='word_1_815' title='bbox 1175 2396 1298 2431; x_wconf 83' lang='grc' dir='ltr'>ὑστέροις</span> <span class='ocrx_word' id='word_1_816' title='bbox 1312 2396 1418 2430; x_wconf 81' lang='grc' dir='ltr'>καιροῖς</span> <span class='ocrx_word' id='word_1_817' title='bbox 1432 2395 1482 2429; x_wconf 82' lang='grc' dir='ltr'>τὴν</span> <span class='ocrx_word' id='word_1_818' title='bbox 1493 2395 1540 2421; x_wconf 81' lang='grc' dir='ltr'><strong>τοῦ</strong></span> <span class='ocrx_word' id='word_1_819' title='bbox 1550 2394 1643 2421; x_wconf 81' lang='grc' dir='ltr'>δούλου</span> <span class='ocrx_word' id='word_1_820' title='bbox 1657 2395 1776 2429; x_wconf 73' lang='grc' dir='ltr'>μορφήν.</span> 
     </span>
    </p>
   </div>
   <div class='ocr_carea' id='block_1_108' title="bbox 998 2440 1780 2477">
    <p class='ocr_par' dir='ltr' id='par_1_108' title="bbox 998 2440 1780 2477">
     <span class='ocr_line' id='line_1_108' title="bbox 998 2440 1780 2477; baseline -0.005 -7"><span class='ocrx_word' id='word_1_821' title='bbox 998 2443 1066 2470; x_wconf 75' lang='grc' dir='ltr'>Ἀλλ’</span> <span class='ocrx_word' id='word_1_822' title='bbox 1082 2443 1120 2469; x_wconf 81' lang='grc' dir='ltr'><strong>ὢν</strong></span> <span class='ocrx_word' id='word_1_823' title='bbox 1134 2442 1188 2477; x_wconf 76' lang='grc' dir='ltr'>πρὸ</span> <span class='ocrx_word' id='word_1_824' title='bbox 1200 2442 1294 2469; x_wconf 89' lang='grc' dir='ltr'>τούτου</span> <span class='ocrx_word' id='word_1_825' title='bbox 1305 2442 1379 2473; x_wconf 71' lang='grc' dir='ltr'>Υἱὸς,</span> <span class='ocrx_word' id='word_1_826' title='bbox 1391 2440 1438 2468; x_wconf 73' lang='grc' dir='ltr'><strong>καὶ</strong></span> <span class='ocrx_word' id='word_1_827' title='bbox 1454 2440 1630 2474; x_wconf 81' lang='grc' dir='ltr'>καλούμενος,</span> <span class='ocrx_word' id='word_1_828' title='bbox 1647 2441 1716 2474; x_wconf 82' lang='grc' dir='ltr'><strong>μετά</strong></span> <span class='ocrx_word' id='word_1_829' title='bbox 1728 2440 1780 2475; x_wconf 74' lang='grc' dir='ltr'>τὴν</span> 
     </span>
    </p>
   </div>
   <div class='ocr_carea' id='block_1_109' title="bbox 990 2484 1776 2523">
    <p class='ocr_par' dir='ltr' id='par_1_109' title="bbox 990 2484 1776 2523">
     <span class='ocr_line' id='line_1_109' title="bbox 990 2484 1776 2523; baseline -0.006 -8"><span class='ocrx_word' id='word_1_830' title='bbox 990 2488 1123 2523; x_wconf 76' lang='grc' dir='ltr'>ἀνάληψιν</span> <span class='ocrx_word' id='word_1_831' title='bbox 1139 2488 1169 2514; x_wconf 85' lang='grc' dir='ltr'><strong>οὺ</strong></span> <span class='ocrx_word' id='word_1_832' title='bbox 1186 2487 1297 2517; x_wconf 76' lang='grc' dir='ltr'>δύναται</span> <span class='ocrx_word' id='word_1_833' title='bbox 1319 2486 1460 2513; x_wconf 80' lang='grc' dir='ltr'>καλεῖσθαι</span> <span class='ocrx_word' id='word_1_834' title='bbox 1475 2485 1685 2521; x_wconf 80' lang='grc' dir='ltr'>κεχωρισμένως</span> <span class='ocrx_word' id='word_1_835' title='bbox 1701 2484 1776 2516; x_wconf 84' lang='grc' dir='ltr'>Υἱὸς,</span> 
     </span>
    </p>
   </div>
   <div class='ocr_carea' id='block_1_110' title="bbox 991 2530 1778 2570">
    <p class='ocr_par' dir='ltr' id='par_1_110' title="bbox 991 2530 1778 2570">
     <span class='ocr_line' id='line_1_110' title="bbox 991 2530 1778 2570; baseline -0.006 -9"><span class='ocrx_word' id='word_1_836' title='bbox 991 2536 1033 2562; x_wconf 84' lang='grc' dir='ltr'>ἵνα</span> <span class='ocrx_word' id='word_1_837' title='bbox 1046 2535 1082 2570; x_wconf 83' lang='grc' dir='ltr'>μὴ</span> <span class='ocrx_word' id='word_1_838' title='bbox 1093 2534 1140 2561; x_wconf 83' lang='grc' dir='ltr'>δύο</span> <span class='ocrx_word' id='word_1_839' title='bbox 1150 2534 1224 2565; x_wconf 83' lang='grc' dir='ltr'>υἱοὺς</span> <span class='ocrx_word' id='word_1_840' title='bbox 1239 2533 1456 2568; x_wconf 84' lang='grc' dir='ltr'>δογματίσωμεν.</span> <span class='ocrx_word' id='word_1_841' title='bbox 1466 2532 1536 2558; x_wconf 79' lang='grc' dir='ltr'>Ἀλλ’</span> <span class='ocrx_word' id='word_1_842' title='bbox 1548 2531 1696 2566; x_wconf 74' lang='grc' dir='ltr'>ἐπειδήπερ</span> <span class='ocrx_word' id='word_1_843' title='bbox 1706 2530 1778 2557; x_wconf 78' lang='grc' dir='ltr'>ὲκεί-</span> 
     </span>
    </p>
   </div>
   <div class='ocr_carea' id='block_1_111' title="bbox 991 2577 1778 2615">
    <p class='ocr_par' dir='ltr' id='par_1_111' title="bbox 991 2577 1778 2615">
     <span class='ocr_line' id='line_1_111' title="bbox 991 2577 1778 2615; baseline -0.004 -9"><span class='ocrx_word' id='word_1_844' title='bbox 991 2590 1029 2615; x_wconf 64' lang='lat' dir='ltr'><strong>mp</strong></span> <span class='ocrx_word' id='word_1_845' title='bbox 1044 2581 1178 2615; x_wconf 83' lang='grc' dir='ltr'>συνῆπται</span> <span class='ocrx_word' id='word_1_846' title='bbox 1205 2580 1244 2615; x_wconf 84' lang='grc' dir='ltr'>τῷ</span> <span class='ocrx_word' id='word_1_847' title='bbox 1268 2580 1298 2606; x_wconf 80' lang='grc' dir='ltr'>ὲν</span> <span class='ocrx_word' id='word_1_848' title='bbox 1318 2580 1390 2614; x_wconf 85' lang='grc' dir='ltr'>ἀρχῇ</span> <span class='ocrx_word' id='word_1_849' title='bbox 1416 2580 1471 2606; x_wconf 80' lang='grc' dir='ltr'>δντι</span> <span class='ocrx_word' id='word_1_850' title='bbox 1487 2578 1544 2614; x_wconf 80' lang='grc' dir='ltr'><strong>Υἱῷ</strong></span> <span class='ocrx_word' id='word_1_851' title='bbox 1565 2577 1604 2612; x_wconf 85' lang='grc' dir='ltr'><strong>τῷ</strong></span> <span class='ocrx_word' id='word_1_852' title='bbox 1617 2577 1685 2613; x_wconf 76' lang='grc' dir='ltr'>πρὸς</span> <span class='ocrx_word' id='word_1_853' title='bbox 1696 2577 1778 2604; x_wconf 79' lang='grc' dir='ltr'>αὐτὸν</span> 
     </span>
    </p>
   </div>
   <div class='ocr_carea' id='block_1_112' title="bbox 992 2624 1779 2661">
    <p class='ocr_par' dir='ltr' id='par_1_112' title="bbox 992 2624 1779 2661">
     <span class='ocr_line' id='line_1_112' title="bbox 992 2624 1779 2661; baseline -0.003 -9"><span class='ocrx_word' id='word_1_854' title='bbox 992 2626 1164 2661; x_wconf 74' lang='grc' dir='ltr'>συναφθέντι,</span> <span class='ocrx_word' id='word_1_855' title='bbox 1175 2627 1206 2652; x_wconf 79' lang='grc' dir='ltr'>οὐ</span> <span class='ocrx_word' id='word_1_856' title='bbox 1222 2626 1331 2653; x_wconf 80' lang='grc' dir='ltr'>δύναται</span> <span class='ocrx_word' id='word_1_857' title='bbox 1344 2625 1414 2652; x_wconf 80' lang='grc' dir='ltr'>κατὰ</span> <span class='ocrx_word' id='word_1_858' title='bbox 1428 2625 1458 2651; x_wconf 77' lang='grc' dir='ltr'>τὸ</span> <span class='ocrx_word' id='word_1_859' title='bbox 1469 2624 1576 2660; x_wconf 76' lang='grc' dir='ltr'>ἀξίωμα</span> <span class='ocrx_word' id='word_1_860' title='bbox 1591 2625 1640 2660; x_wconf 81' lang='grc' dir='ltr'><strong>τῆς</strong></span> <span class='ocrx_word' id='word_1_861' title='bbox 1654 2625 1779 2659; x_wconf 81' lang='grc' dir='ltr'>υἱότητος</span> 
     </span>
    </p>
   </div>
   <div class='ocr_carea' id='block_1_113' title="bbox 991 2669 1781 2707">
    <p class='ocr_par' dir='ltr' id='par_1_113' title="bbox 991 2669 1781 2707">
     <span class='ocr_line' id='line_1_113' title="bbox 991 2669 1781 2707; baseline -0.003 -9"><span class='ocrx_word' id='word_1_862' title='bbox 991 2672 1123 2707; x_wconf 78' lang='grc' dir='ltr'>διαίρεσιν</span> <span class='ocrx_word' id='word_1_863' title='bbox 1138 2671 1263 2705; x_wconf 76' lang='grc' dir='ltr'>δέξασθαι</span> <span class='ocrx_word' id='word_1_864' title='bbox 1275 2680 1282 2687; x_wconf 88' lang='grc'>·</span> <span class='ocrx_word' id='word_1_865' title='bbox 1299 2670 1369 2698; x_wconf 85' lang='grc' dir='ltr'>κατὰ</span> <span class='ocrx_word' id='word_1_866' title='bbox 1380 2671 1410 2697; x_wconf 83' lang='grc' dir='ltr'>τὺ</span> <span class='ocrx_word' id='word_1_867' title='bbox 1423 2669 1530 2705; x_wconf 77' lang='grc' dir='ltr'>ἀξίωμᾶ</span> <span class='ocrx_word' id='word_1_868' title='bbox 1543 2679 1614 2706; x_wconf 81' lang='grc' dir='ltr'>φημι</span> <span class='ocrx_word' id='word_1_869' title='bbox 1624 2671 1673 2704; x_wconf 86' lang='grc' dir='ltr'><strong>τῆς</strong></span> <span class='ocrx_word' id='word_1_870' title='bbox 1689 2671 1781 2706; x_wconf 65' lang='lat' dir='ltr'><strong>ultim-</strong></span> 
     </span>
    </p>
   </div>
   <div class='ocr_carea' id='block_1_114' title="bbox 991 2716 1781 2751">
    <p class='ocr_par' dir='ltr' id='par_1_114' title="bbox 991 2716 1781 2751">
     <span class='ocr_line' id='line_1_114' title="bbox 991 2716 1781 2751; baseline -0.001 -9"><span class='ocrx_word' id='word_1_871' title='bbox 991 2725 1047 2748; x_wconf 82' lang='grc' dir='ltr'>τος,</span> <span class='ocrx_word' id='word_1_872' title='bbox 1067 2717 1097 2743; x_wconf 78' lang='grc' dir='ltr'>οὐ</span> <span class='ocrx_word' id='word_1_873' title='bbox 1114 2717 1184 2744; x_wconf 75' lang='grc' dir='ltr'>κατὰ</span> <span class='ocrx_word' id='word_1_874' title='bbox 1197 2716 1248 2748; x_wconf 78' lang='grc' dir='ltr'><strong>τὰς</strong></span> <span class='ocrx_word' id='word_1_875' title='bbox 1262 2716 1366 2751; x_wconf 80' lang='grc' dir='ltr'>φύσεις.</span> <span class='ocrx_word' id='word_1_876' title='bbox 1384 2716 1433 2742; x_wconf 82' lang='grc' dir='ltr'><strong>Διὰ</strong></span> <span class='ocrx_word' id='word_1_877' title='bbox 1457 2716 1536 2742; x_wconf 86' lang='grc' dir='ltr'>τοῦτο</span> <span class='ocrx_word' id='word_1_878' title='bbox 1560 2716 1607 2742; x_wconf 86' lang='grc' dir='ltr'>καὶ</span> <span class='ocrx_word' id='word_1_879' title='bbox 1620 2717 1749 2750; x_wconf 81' lang='grc' dir='ltr'>Χριστὸς,</span> <span class='ocrx_word' id='word_1_880' title='bbox 1767 2719 1781 2744; x_wconf 74' lang='grc' dir='ltr'>ὁ</span> 
     </span>
    </p>
   </div>
   <div class='ocr_carea' id='block_1_115' title="bbox 992 2762 1776 2798">
    <p class='ocr_par' dir='ltr' id='par_1_115' title="bbox 992 2762 1776 2798">
     <span class='ocr_line' id='line_1_115' title="bbox 992 2762 1776 2798; baseline 0.001 -9"><span class='ocrx_word' id='word_1_881' title='bbox 992 2763 1057 2794; x_wconf 76' lang='grc' dir='ltr'>Θεὸς</span> <span class='ocrx_word' id='word_1_882' title='bbox 1073 2763 1157 2797; x_wconf 84' lang='grc' dir='ltr'>Λόγος</span> <span class='ocrx_word' id='word_1_883' title='bbox 1176 2763 1348 2798; x_wconf 79' lang='grc' dir='ltr'>ὀνομάζεται,</span> <span class='ocrx_word' id='word_1_884' title='bbox 1363 2763 1477 2797; x_wconf 76' lang='grc' dir='ltr'>ἐπείπερ</span> <span class='ocrx_word' id='word_1_885' title='bbox 1496 2763 1552 2797; x_wconf 78' lang='grc' dir='ltr'>ἔχει</span> <span class='ocrx_word' id='word_1_886' title='bbox 1566 2762 1616 2797; x_wconf 82' lang='grc' dir='ltr'>τὴν</span> <span class='ocrx_word' id='word_1_887' title='bbox 1632 2763 1776 2798; x_wconf 61' lang='grc' dir='ltr'>συνάφειακ</span> 
     </span>
    </p>
   </div>
   <div class='ocr_carea' id='block_1_116' title="bbox 193 2849 929 2883">
    <p class='ocr_par' dir='ltr' id='par_1_116' title="bbox 193 2849 929 2883">
     <span class='ocr_line' id='line_1_116' title="bbox 193 2849 929 2883; baseline -0.001 -7"><span class='ocrx_word' id='word_1_888' title='bbox 193 2850 215 2866; x_wconf 68' lang='grc'>⁸⁸</span> <span class='ocrx_word' id='word_1_889' title='bbox 231 2849 326 2877; x_wconf 75' lang='lat' dir='ltr'><strong>Matth.</strong></span> <span class='ocrx_word' id='word_1_890' title='bbox 344 2858 380 2883; x_wconf 65' lang='grc' dir='ltr'><strong>ιτ,</strong></span> <span class='ocrx_word' id='word_1_891' title='bbox 399 2851 442 2878; x_wconf 76' lang='lat'><strong>‘28.</strong></span> <span class='ocrx_word' id='word_1_892' title='bbox 482 2850 502 2865; x_wconf 78' lang='lat'>“</span> <span class='ocrx_word' id='word_1_893' title='bbox 523 2849 615 2876; x_wconf 69' lang='lat' dir='ltr'><strong>Matth.</strong></span> <span class='ocrx_word' id='word_1_894' title='bbox 635 2857 692 2880; x_wconf 84' lang='lat' dir='ltr'><strong>\‘lll,</strong></span> <span class='ocrx_word' id='word_1_895' title='bbox 710 2851 736 2877; x_wconf 74' lang='lat'><strong>3.</strong></span> <span class='ocrx_word' id='word_1_896' title='bbox 777 2851 796 2866; x_wconf 62' lang='grc' dir='ltr'><strong>δ’</strong></span> <span class='ocrx_word' id='word_1_897' title='bbox 814 2849 929 2876; x_wconf 67' lang='grc' dir='ltr'><strong>Ειο‹“1ι.’</strong></span> 
     </span>
    </p>
   </div>
   <div class='ocr_carea' id='block_1_117' title="bbox 1024 2849 1074 2883">
    <p class='ocr_par' dir='ltr' id='par_1_117' title="bbox 1035 2851 1074 2877">
     <span class='ocr_line' id='line_1_117' title="bbox 1035 2851 1074 2877; baseline 0 0"><span class='ocrx_word' id='word_1_898' title='bbox 1035 2851 1074 2877; x_wconf 67' lang='lat'><strong>18.</strong></span> 
     </span>
    </p>
   </div>
  </div>
