1883 3054
78 163 112 190 89
652 157 840 186 ADVERSUS
861 157 879 183 Ν

949 155 1064 184 'ORIUM
1084 154 1149 182 ΜΒ.
1171 153 1202 181 11.
1687 150 1722 178 90

77 223 128 257 τὴν
144 221 208 256 πρὸς
218 220 265 247 τδν
277 220 398 256 Χριστὸν
413 221 544 255 διηνεκῆ·
562 220 607 246 καὶ
623 219 672 245 οὐκ
688 218 746 245 ἐστι
759 217 804 244 τὸν
815 217 879 244 Θεὸν

949 224 1009 249 ium,
1043 216 1105 251 quia
1122 215 1202 241 hal-et
1226 217 1384 248 perpetuam
1402 219 1461 238 rum
1475 211 1584 238 Christo
1606 209 1721 244 conjun-

79 268 166 302 ,λόγον
180 267 243 294 ἄνευ
255 267 305 301 τῆς
320 266 535 301 ἁνθρωπότητος
550 265 651 301 πρᾶξαί
662 273 702 291 τι⁴
714 263 877 298 ἀπηκρίϐω-

80 322 126 340 ται
149 312 202 347 γὰρ
218 313 259 343 εἰς
279 311 370 346 ἄκραν
397 311 555 345 συνάφειαν,
577 311 627 336 οὐκ
651 310 690 341 εἰς
714 309 877 340 ἀποθέωσιν,

81 358 154 384 κατὰ
177 358 241 389 τοὺς
272 357 378 391 σαφοὺς
403 357 460 383 τῶν
486 356 674 391 δογματιστών
701 355 756 382 τῶν
781 354 879 382 νεωτέ-

82 404 162 440 ρων-1

387 470 516 497 ΚΕΦΑΛ.
536 471 578 497 H’.

123 539 155 567 Ὃ
170 540 256 574 φάναι
270 540 414 576 τολμήσας
429 540 480 574 τὴν
501 539 548 567 τοῦ
571 538 741 573 Μονογενοῦς
759 537 879 570 εὐδοξίαν

82 594 115 620 τῃ
132 586 253 622 Χριστοῦ
272 586 425 621 περιῆφθαι
437 586 590 621 δυναστείᾳ,
606 585 709 612 καὶτὸν
723 584 773 619 τῆς
785 585 880 620 ἑνότη-

82 641 128 663 τος
144 632 297 668 σύνδεσμον
313 633 480 664 διασπάσας,
497 632 607 666 συνάγει
624 631 704 659 πάλιν
719 631 759 662 εἰς
773 631 880 662 ἕνωσιν,

82 678 186 705 διαλύει
202 687 234 705 τε
254 677 301 710 αὖ,
325 679 374 705 καὶ
391 678 528 714 ἐξίστησιν
553 678 676 713 ἀλλήλων
697 677 747 708 τὰς
773 677 878 711 φύσεις,

86 725 205 752 πλεῖστά
223 734 254 751 τε
274 726 326 752 ὅσα
343 725 408 760 περὶ
429 725 530 751 τούτων
545 725 611 759 ¹ἡμῖν
625 723 763 757 χενολογεῖ
777 712 881 749 3:52:5-

85 771 241 806 ρατεύεται,
252 772 298 798 ἵνα
313 772 366 798 κᾶν
378 772 436 798 εἴτι
451 771 571 806 φαίνοιτο
586 771 674 804 λέγων
685 770 740 796 τῶν
753 771 792 801 εἰς
805 769 881 804 ὀρθό-

83 827 153 853 τητα
168 818 351 849 νενευκότων,
366 818 544 853 ἐξελέγχηται
562 817 655 852 σαφῶς
670 817 707 853 μὴ
722 816 799 848 εἰδὼς
812 816 826 842 ὂ
838 816 882 842 λέ-

84 873 135 898 γει,
152 862 232 891 Εἶναι
255 864 306 900 μὲν
323 864 379 899 γὰρ
391 864 485 890 ἐνθάδε
502 864 568 898 φησὶ
582 863 627 889 τὸν
639 863 686 889 τοῦ
701 862 768 889 Θεοῦ
783 863 869 896 Λόγον

85 911 133 936 καὶ
149 910 216 937 Υἱὺν
228 912 278 938 καί
290 911 368 943 Θεὸν,
383 911 431 937 καὶ
446 910 499 946 πρὸ
513 911 561 944 τῆς
572 910 650 937 ὲνανθ
656 911 806 945 ρωπήσεως
815 919 821 925 ·
834 919 870 936 κα

86 956 141 991 μὴν
156 956 199 982 ὅτι
216 957 266 984 καὶ
289 957 319 983 ὲν
344 957 470 992 ὑστέροις
488 958 594 992 καιροῖς
619 956 733 982 ἀνέλαϐε
758 956 808 991 τὴν
834 955 882 982 τοῦ

84 1002 180 1029 δούλου
195 1003 318 1038 μορφήν.
334 1002 425 1038 Φράζε
443 1003 474 1038 δὴ
491 1000 546 1034 οὖν,
563 1004 586 1029 εἰ
603 1003 639 1038 μή
659 1012 699 1029 σοι
712 1003 783 1029 δοκῶ
797 1003 831 1029 τὰ
846 1004 884 1029 εί-

85 1049 152 1075 κότα
164 1049 269 1082 λέγειν,
283 1049 324 1080 τίς
338 1050 372 1084 δὴ
391 1050 446 1085 ἄρα
462 1050 535 1076 ἐστὶν
550 1050 564 1075 ὁ
579 1049 788 1084 ἑνανθρωπῆσαι
802 1049 882 1083 λεγό-

87 1103 187 1129 μενος;
202 1096 252 1121 καὶ
265 1095 292 1121 τί
306 1096 347 1128 τὸ,
363 1095 582 1130 ὲνανθρωπῆσαι,
599 1096 669 1131 φής;
688 1095 732 1131 τίς
744 1096 757 1121 ὁ
772 1094 820 1130 τὴν
836 1094 883 1121 τοῦ

85 1141 180 1168 δούλου
204 1141 316 1177 μορφὴν
337 1142 497 1174 ἀναλαΰὼν;
520 1142 656 1177 ἀνελήφθη
674 1142 701 1168 δὲ
718 1141 784 1177 παρ’
800 1142 883 1168 αὐτοῦ

85 1187 145 1213 τίνα
160 1188 280 1221 τρόπονς
297 1188 360 1214 Ὀτι
376 1189 426 1223 μὲν
448 1186 495 1215 οὖν
510 1188 654 1222 ἄνθρωπον
674 1187 884 1223 ἐνανθρωπῆσαι

85 1232 184 1266 λέγων,
202 1233 322 1267 γέλωτος
345 1233 424 1266 ἀξίαν
451 1235 585 1269 ἀποφανεῖ
606 1234 655 1269 τὴν
671 1234 767 1260 ἑαυτοῦ
787 1234 883 1269 φρένα,

87 1279 146 1310 πῶς
162 1280 196 1306 ἂν
211 1280 362 1306 ὲνδοιάσειέ
375 1289 436 1313 τις;
451 1282 464 1307 ὁ
480 1281 532 1316 γὰρ
549 1280 586 1308 ὢν
598 1280 741 1316 ἄνθρωπος
754 1280 824 1307 κατὰ
836 1281 885 1315 φύ-

88 1334 139 1356 σιν,
156 1326 218 1358 πῶς
236 1326 270 1353 ἃν
290 1327 304 1353 ὃ
325 1325 360 1361 ἦν
386 1327 492 1361 γένοιτο
513 1328 603 1360 πάλιν,
620 1328 666 1354 καὶ
681 1328 718 1359 ὡς
735 1328 776 1362 ἐφ’
789 1327 885 1362 ἔτερόν

86 1380 112 1397 τι
125 1372 369 1407 μετακεχωρηκὼς
383 1373 425 1408 εἴη
440 1373 482 1405 ἂν,
497 1374 566 1400 κατά
581 1373 613 1408 γέ
627 1382 698 1408 φημι
713 1374 758 1400 τὸν
774 1374 822 1408 τῆς
836 1374 886 1408 φύ-

88 1425 157 1458 σεως
170 1417 269 1451 λόγον;
288 1418 325 1444 Τὸ
348 1418 376 1444 δὲ
396 1419 466 1445 κατὰ
484 1419 564 1454 φύσιν
581 1420 649 1446 ἰδίαν
665 1421 714 1446 οὐκ
732 1420 883 1455 ἐλεύθερον,

86 1462 147 1489 τίνα
164 1464 267 1499 τρόπον
279 1464 314 1491 ἂν
328 1464 436 1499 λέγοιτο
457 1466 622 1500 γεγενῆσθαι
639 1466 740 1498 δοῦλον,
756 1467 792 1498 ὡς
808 1466 886 1493 τοῦτο

88 1509 138 1535 οὐκ
155 1509 186 1535 ὃν
203 1510 232 1536 ἐν
250 1511 365 1546 ἀρχαῖς;
383 1510 490 1538 Οὐκοῦν
511 1512 561 1538 οὐκ
583 1511 720 1547 ἀνθρώπῳ
737 1513 835 1548 πρέποι
853 1513 886 1539 ἂν

88 1555 130 1585 το,
142 1555 366 1591 ἐνανθρωπῆσαι,
383 1556 482 1582 πολλοῦ
495 1566 526 1591 γε
538 1557 592 1583 δεῖ·
607 1557 653 1583 καὶ
667 1558 715 1592 τὴν
729 1558 775 1584 τοῦ
791 1558 884 1584 δούλου
900 1565 921 1594 c

92 1601 199 1636 μορφὴν
211 1601 315 1634 λαβεῖν,
327 1602 388 1637 οὐχὶ
402 1601 441 1637 τῷ
455 1603 502 1629 καὶ
513 1603 541 1628 ὲν
553 1603 651 1638 ἀρχαῖς
665 1604 695 1630 τὸ
705 1604 753 1639 τῆς
765 1604 886 1636 δουλείας

90 1647 180 1681 ἔχοντι
195 1647 308 1683 μέτρον,
320 1647 379 1674 ἀλλ’
392 1648 489 1684 ἐκείνῳ
504 1648 613 1683 μᾶλλον,
625 1649 654 1680 ὃς
671 1650 719 1675 οὐκ
732 1649 768 1675 ὢν
780 1649 885 1683 ἅνθρω-

91 1702 141 1724 πος
155 1693 228 1720 κατὰ
243 1693 335 1728 φύσιν,
349 1694 430 1720 τοῦτο
445 1694 570 1729 γενέσθαι
586 1694 752 1721 πιστεύεται·
770 1695 816 1721 καὶ
833 1695 886 1721 τῶν

91 1740 159 1766 ὅλων
174 1741 307 1775 ὑπάρχων
319 1740 470 1776 Δεσπότης,
483 1741 519 1773 ὡς
535 1740 611 1773 Θεὸς,
620 1741 740 1776 καθῆκεν
750 1741 846 1768 ἑαυτὸν
858 1742 887 1767 ἐν

91 1787 148 1816 τοῖς
163 1786 224 1812 καθ’
236 1787 320 1821 ἡμᾶς,
338 1786 443 1818 ἐνώσας
457 1786 544 1821 ἐαυτῷ
561 1787 621 1813 καθ’
633 1787 784 1813 ὑπόστασιν
797 1787 827 1814 τὺ
842 1788 887 1813 ἀν-

93 1831 241 1866 Θρώπινον,
259 1832 307 1858 καὶ
330 1833 380 1868 τὴν
407 1832 455 1858 τοῦ
480 1833 572 1859 δούλου
602 1833 708 1868 μορφὴν
732 1832 886 1860 ἀναλαϐών.

93 1877 172 1904 Οὕτω
187 1878 243 1913 γὰρ
259 1878 334 1904 ἔσται
350 1880 397 1905 καὶ
414 1878 513 1913 ἀληθὲς
527 1879 596 1913 ὅπερ
613 1879 690 1913 ἔφης,
705 1879 745 1905 ὅτι
758 1879 827 1914 μετὰ
839 1879 888 1914 τὴν

94 1922 229 1957 ἀνάληψιν
243 1923 274 1948 οὐ
289 1922 400 1949 δύναται
414 1923 554 1949 καλεῖσθαι
577 1923 789 1959 κεχωρισμένως
812 1924 886 1955 Υἱὸς,

95 1967 137 1992 ἶνα
162 1967 199 2002 μὴ
215 1967 262 1994 δύο
275 1967 350 1998 υἱοὺς
365 1967 586 2002 δογματίσωμεν.
603 1968 687 2004 Καὶή
706 1968 756 2004 μὲν
774 1969 828 1995 τῶν
845 1969 887 1995 δο-

94 2014 209 2047 γμάτων
230 2013 297 2048 ὀρθή
314 2022 343 2039 τε
372 2015 418 2039 καὶ
433 2014 621 2048 ἀδιάστροφος,
645 2015 692 2041 καὶ
706 2016 746 2046 εἰς
762 2015 825 2041 εὐθὺ
848 2015 888 2041 δι-

97 2061 216 2100 ᾴττουσα
234 2060 338 2095 τρίϐος,
354 2060 401 2095 ἣδε
415 2060 444 2086 τέ
458 2060 517 2086 ἐστι
532 2060 578 2086 καὶ
593 2061 641 2095 οὺχ
656 2061 747 2095 ἑτέρα.
763 2060 849 2092 Αὐτὸς
861 2060 889 2087 δὲ

96 2105 127 2139 δὴ
144 2106 237 2138 πάλιν,
256 2105 270 2131 ὀ
283 2105 333 2138 τὴν
346 2105 552 2141 ὲνανθρώπησιν
568 2106 634 2140 ἡμῖν
651 2106 788 2140 ὀνομάσας
798 2105 846 2132 τοῦ
858 2106 890 2131 ἐκ

98 2149 205 2183 Πατρδς
219 2149 296 2181 ὄντος
315 2150 412 2183 Λόγου,
434 2150 576 2185 μονονουχὶ
591 2150 639 2176 καὶ
656 2151 694 2182 εἰς
710 2151 794 2186 λήθην
809 2150 890 2183 εὐθὺς

97 2191 134 2222 ὧν
150 2195 202 2229 ἔφη
224 2195 412 2230 παρενεχθεὶς,
431 2195 547 2230 διῖστησι
563 2196 644 2223 πάλιν
659 2197 698 2227 εἰς
712 2196 759 2222 δύο
772 2196 818 2222 τὸν
830 2196 888 2227 ἕνα,

871 883 920 935 {3

931 263 1048 290 ctionem
1068 271 1076 290 :
1093 267 1180 295 neque
1207 259 1340 294 contingit
1365 263 1393 285 ut
1416 258 1486 284 Deus
1518 255 1636 283 Verbum
1661 256 1721 282 sine

932 307 1102 335 humanitate
1129 305 1212 332 faciat
1237 304 1339 338 aliquid
1355 312 1361 330 :
1377 303 1522 337 perductus
1542 304 1584 328 est.
1600 302 1670 327 enim
1687 299 1720 326 ad

932 360 1065 380 summam
1095 351 1325 386 coniunctionem,
1343 356 1395 376 nor.
1411 348 1444 374 ad
1464 347 1676 376 dedicationem,
1692 349 1721 371 ut

931 399 1068 434 sapientes
1087 406 1102 425 e
1116 396 1316 428 recentioribus
1340 393 1514 430 dogmatistis
1531 389 1685 426 asscrunt.]

1245 462 1321 491 CAP.
1340 461 1409 489 Vill.

968 534 1020 568 Qui
1047 533 1139 561 dicere
1165 539 1247 559 ausus
1270 535 1312 558 est
1330 529 1469 564 Unigeniti
1497 527 1719 564 gloriﬁcalionem

933 580 1035 609 (λιιι-ἰειί
1051 578 1178 614 potentiae
1199 577 1294 608 tribui,
1324 580 1351 603 et
1376 576 1421 610 qui
1446 575 1583 602 vinculum
1610 574 1721 601 unitatis

932 626 1068 658 distraxit,
1078 632 1172 651 rursus
1186 623 1219 650 ad
1231 623 1356 649 unionem
1366 621 1517 655 coniungit,
1539 619 1721 654 disjungilquc

935 680 1041 704 rursus,
1057 676 1085 698 et
1101 674 1212 697 naturas
1228 669 1343 695 invicem
1355 673 1476 702 separat,
1493 672 1520 693 et
1537 667 1579 694 his
1596 666 1628 693 de
1639 666 1721 693 rebus

935 717 1132 753 quamplurima
1156 715 1234 743 nobis
1244 722 1312 741 vane
1324 718 1535 748 portentosoque
1551 712 1679 747 loquitur,
1693 715 1722 737 ιιι

933 766 1014 792 etiatu
1028 763 1050 790 si
1066 763 1131 797 qttid
1149 761 1215 788 recti
1235 761 1325 787 dicere
1350 759 1485 791 videatur,
1515 763 1602 785 tamen
1629 763 1722 792 aperte

934 814 1097 844 coarguatur
1111 809 1236 843 ignorare
1249 807 1312 842 quid
1324 806 1405 833 dicat.
1415 805 1481 832 Nam
1497 805 1547 832 hoc
1562 804 1621 831 loco
1635 804 1721 838 ipsum

936 856 982 882 Dei
999 854 1116 882 Verbum
1132 858 1159 880 et
1183 852 1281 878 Filium
1295 857 1323 879 et
1343 852 1426 878 Deum
1442 857 1501 877 esse
1525 849 1623 876 asserit
1640 849 1721 875 etiam

934 906 1080 935 antequam
1100 899 1181 925 homo
1195 898 1272 925 ﬁeret
1284 905 1291 930 ;
1305 900 1434 931 prteterea
1445 894 1641 929 posterioribus
1655 898 1723 920 tetu-

934 947 1044 982 poribus
1064 940 1179 972 formain
1204 943 1276 970 servi
1307 941 1457 976 accepisse.
1489 939 1600 975 Explica
1628 938 1722 973 igitur.

934 993 984 1020 nisi
1004 992 1051 1019 tibi
1075 990 1270 1024 consequentia
1301 988 1394 1016 videor
1413 988 1513 1019 dicere,
1535 986 1658 1020 quisnam
1679 985 1725 1011 ille

934 1043 975 1066 est
987 1038 1032 1073 qui
1059 1038 1140 1064 homo
1158 1036 1244 1063 factus
1268 1043 1328 1062 esse
1350 1034 1449 1061 dicitur
1462 1033 1474 1059 ?
1489 1032 1554 1067 quid
1573 1032 1655 1059 etiam
1673 1031 1725 1057 hoc

935 1086 1021 1119 ipsum
1037 1084 1174 1111 hominem
1204 1082 1263 1109 ﬁeri
1279 1081 1347 1108 dicis
1362 1080 1374 1106 ?
1388 1080 1512 1114 quisnam
1530 1079 1575 1105 ille
1597 1077 1642 1111 qui
1666 1076 1724 1103 for—

936 1139 1005 1158 tnam
1019 1130 1090 1157 scrvi
1106 1129 1249 1162 suscepit?
1267 1133 1294 1154 et
1310 1134 1426 1161 quonam
1447 1125 1526 1153 tuodo
1544 1124 1577 1152 ab
1589 1131 1621 1151 eo
1632 1131 1726 1151 susce-

935 1180 980 1210 pta
993 1180 1034 1202 est
1048 1175 1107 1201 ?Ac
1123 1174 1144 1201 si
1165 1173 1301 1200 hominem
1328 1172 1428 1198 dixerit
1455 1177 1515 1197 esse
1537 1170 1725 1199 humanatuui,

936 1222 1078 1256 quisquam
1095 1227 1128 1247 ne
1146 1219 1250 1246 dubitet
1273 1218 1338 1253 qttin
1369 1217 1534 1244 sententiam
1559 1223 1640 1243 suam
1669 1215 1724 1240 risu

936 1269 1044 1302 dignam
1059 1266 1094 1293 sit
1109 1265 1269 1301 proditurus
1285 1265 1372 1291 inam
1396 1263 1440 1297 qui
1465 1262 1545 1289 homo
1564 1262 1600 1288 sit
1627 1259 1726 1288 secun-

936 1314 999 1341 dum
1016 1317 1152 1343 naturam,
1174 1311 1310 1346 quomodo
1337 1310 1409 1345 quod
1429 1315 1488 1336 erat
1512 1316 1606 1335 rursus
1630 1307 1685 1340 lict,
1700 1311 1727 1332 et

938 1365 1066 1394 tanquam
1079 1358 1105 1385 itt
1121 1358 1193 1384 aliud
1208 1357 1348 1392 quidpiam
1373 1355 1512 1387 transibit,
1531 1354 1602 1388 qttod
1618 1353 1652 1380 ad
1681 1361 1727 1379 na-

938 1413 1015 1441 turae,
1030 1407 1151 1442 inquam,
1165 1407 1263 1432 attinet
1278 1405 1409 1431 rationem
1425 1404 1499 1436 ’ἶριιί
1515 1404 1596 1430 etiam
1613 1411 1644 1429 ex
1668 1402 1726 1436 ipsa

937 1461 985 1480 sua
1012 1457 1108 1479 natura
1134 1459 1186 1478 tton
1207 1450 1342 1482 estliber,
1368 1448 1503 1483 quomodo
1523 1455 1619 1475 servus
1640 1448 1727 1474 factus

937 1507 997 1526 esse
1012 1498 1127 1528 dicetur,
1154 1502 1280 1531 tanquam
1301 1495 1432 1529 ejusmodi
1462 1498 1525 1520 ante
1548 1501 1600 1520 non
1618 1492 1726 1519 fuerit?

938 1545 1009 1580 Ergo
1024 1544 1127 1571 homini
1144 1550 1196 1569 tton
1209 1543 1352 1569 conveniet
1369 1540 1505 1567 hominem
1526 1539 1596 1571 ﬁeri,
1615 1546 1729 1573 prorsus

938 1591 1011 1618 nullo
1035 1589 1125 1621 modo,
1143 1593 1171 1615 et
1186 1587 1258 1614 servi
1276 1587 1390 1614 formam
1413 1586 1547 1621 accipere,
1576 1592 1628 1612 ιιοιι
1644 1585 1668 1612 ei
1680 1585 1727 1618 qui

938 1639 1020 1666 etiam
1042 1646 1056 1664 a
1083 1635 1217 1672 principio
1244 1641 1399 1662 mensuram
1433 1637 1514 1667 atque
1543 1631 1728 1658 conditionem

937 1684 1074 1712 servitutis
1089 1683 1202 1715 habeat;
1232 1682 1279 1709 sed
1293 1681 1331 1707 illi
1349 1680 1488 1712 nimirum,
1503 1677 1548 1713 qui
1565 1685 1626 1704 cum
1644 1677 1725 1702 humo

938 1739 991 1758 non
1017 1735 1090 1757 esset
1110 1728 1259 1756 secundum
1275 1731 1413 1758 naturam,
1429 1725 1454 1752 id
1471 1725 1560 1751 factus
1582 1730 1642 1750 esse
1665 1729 1726 1749 crc-

938 1778 1011 1804 ditur
1027 1781 1073 1808 ;et
1086 1783 1147 1802 cum
1162 1774 1352 1800 universorum
1379 1775 1452 1798 esset
1472 1769 1613 1799 Dominus.
1636 1772 1728 1802 utpote

939 1825 1021 1855 Deus,
1051 1823 1172 1856 seipsum
1203 1820 1236 1846 ad
1263 1824 1359 1846 nostra
1391 1816 1501 1851 deiecit,
1548 1815 1647 1842 uniens
1678 1815 1732 1841 sibi

939 1871 1085 1897 secundum
1114 1866 1283 1902 hypostasim
1328 1865 1415 1899 ipsam
1450 1862 1662 1893 humanitatem,
1701 1865 1729 1886 et

939 1917 1010 1943 servi
1043 1915 1157 1941 formam
1185 1918 1336 1939 assumens.
1362 1910 1408 1937 Sic
1426 1916 1544 1943 namque
1555 1915 1647 1935 verum
1676 1906 1730 1934 erit

940 1962 1010 1997 quod
1023 1961 1127 1993 dixisti,
1144 1964 1205 1994 post
1222 1957 1439 1991 assumptionem
1457 1963 1511 1982 non
1530 1962 1608 1989 posse
1631 1953 1729 1981 Filium

940 2007 1033 2034 vocari
1073 2005 1201 2037 seorsim,
1239 2011 1272 2030 ne
1303 2004 1372 2030 duos
1410 2002 1480 2029 ﬁlios
1504 2000 1731 2034 dogmatizemus.

940 2055 979 2080 Ac
995 2057 1068 2080 recta
1082 2051 1191 2086 quidem
1200 2054 1227 2076 et
1241 2048 1352 2076 minime
1369 2054 1507 2083 perversa,
1518 2046 1582 2073 etin
1595 2046 1729 2072 directum

942 2099 1054 2126 tendens
1084 2097 1239 2131 dogmatum
1260 2094 1356 2122 semita
1377 2097 1475 2128 praeter
1502 2092 1571 2119 hanc
1597 2091 1668 2118 nulla
1690 2095 1732 2117 est

941 2145 1011 2171 alia:
1027 2144 1088 2177 ipse
1113 2146 1203 2168 autem
1224 2140 1268 2174 qui
1294 2138 1513 2166 humanationem
1535 2135 1616 2164 Verbi
1631 2142 1663 2162 ex
1676 2135 1733 2162 Deo

941 2188 1098 2218 exsisteutis
1136 2187 1218 2219 dixit,
1257 2184 1453 2220 propemodum
1500 2183 1525 2208 iu
1568 2181 1734 2208 oblivionem

99 2241 145 2266 καὶ
157 2242 219 2272 ταῖς
228 2240 282 2267 τῶν
290 2241 429 2275 ὀνομάτων
443 2241 608 2278 [νοημάτων]
622 2241 770 2278 ὲξιτηλίαις
783 2243 874 2277 ὰσυφή

953 2236 1014 2263 Ilico
1035 2241 1129 2262 eorum
1150 2240 1210 2267 quae
1248 2231 1327 2264 dixit,
1361 2231 1499 2264 abreptus,
1530 2235 1625 2255 rursus
1648 2234 1733 2253 unum

99 2287 150 2318 λως
163 2288 359 2322 ἐπι-νηχόμενος
369 2297 375 2303 ·
393 2287 440 2314 καὶ
460 2289 561 2322 φωναῖς
579 2289 771 2320 ἁὸασανὶστοις
786 2289 829 2316 ἀεὶ
845 2297 892 2314 κε-

98 2333 244 2368 χρημένος.
269 2334 341 2368 Ἔφη
358 2334 424 2368 γάρ·
439 2334 527 2369 [Ἀλλ’
541 2334 690 2370 ἐπειδήπερ
713 2335 813 2369 ἐκείνῳ
830 2343 893 2361 ιιλνυν⁴

99 2380 184 2415 ἧπται
264 2380 293 2406 ἐν
321 2381 392 2416 ἀρχῇ
411 2380 468 2407 ὄντι
483 2380 552 2416 Υἰῴ,
572 2380 612 2416 τῷ
638 2381 706 2416 πρὸς
727 2381 808 2408 αὑτὸν
829 2389 892 2407 συν-

99 2426 225 2460 αφθέντι,
240 2427 271 2452 οὐ
298 2427 411 2453 δύναται
429 2427 499 2454 κατὰ
519 2427 549 2453 τὸ
572 2427 681 2462 ἀξίωμα
696 2427 746 2462 τῆς
769 2427 893 2461 υἱότητος

99 2474 232 2509 διαίρεσιν
248 2472 378 2506 δέξασθαι
391 2481 398 2488 ·
417 2473 487 2499 κατὰ
500 2473 530 2499 τὸ
546 2473 654 2508 ἀξίωμὰ
675 2482 757 2508 φησιν
771 2472 821 2508 τῆς
835 2473 891 2499 υἱό-

99 2530 188 2558 τητος,
204 2521 236 2547 οὐ
254 2520 326 2547 κατὰ
346 2520 397 2552 τὰς
414 2519 543 2556 φύσεις]
559 2520 663 2556 Ὀρθῶς
684 2528 726 2554 γε,
743 2516 765 2546 ὧ
777 2520 825 2546 τάν
838 2528 844 2534 ·
863 2519 893 2545 τὸ

99 2566 254 2601 ἀνασφαλὲς
278 2564 349 2593 εἶναι
372 2567 473 2599 δοκεῖν,
485 2586 492 2593 .
508 2586 515 2593 .
529 2587 536 2593 .
553 2566 661 2602 ἀχρεῖον
683 2567 814 2601 παραιτῇ.
836 2565 893 2591 Ἀεὶ

99 2613 309 2649 διεγηγερμένῳ
327 2612 482 2648 κεχρῆσθαι
495 2612 534 2647 τῷ
547 2613 629 2646 λόγῳ,
646 2611 690 2638 διὰ
711 2611 830 2645 σπουδῆς
847 2612 892 2638 τέ-

100 2659 185 2686 θειταί
204 2667 256 2695 σοι.
274 2659 341 2685 Ἰδοὺ
355 2657 423 2692 γὰρ,
440 2657 494 2684 ἰδοὺ
510 2657 621 2693 διαιρῶν
636 2657 686 2689 τὰς
708 2657 814 2691 φύσεις,
830 2656 893 2682 συλ-

98 2707 185 2740 λέγεις
209 2707 250 2737 si;
280 2706 382 2732 ἕνωσιν
409 2703 479 2730 κατὰ
499 2703 529 2730 τδ
547 2703 656 2738 ἀξίωμα
686 2704 735 2739 τῆς
757 2703 891 2738 υἱὸτητος.

98 2752 158 2790 Ἆρ’
171 2752 219 2780 οὖν
236 2752 348 2787 ἀπόχρη
366 2751 439 2785 πρὸς
452 2750 548 2776 ἕνωσιν
561 2750 646 2785 ἀληθῆ
660 2752 716 2781 τοῖς
727 2749 797 2776 κατὰ
811 2750 893 2784 φύσιν

98 2799 214 2834 ἀλλήλων
234 2795 436 2831 διεστηκὸσιν,
464 2795 481 2829 ἡ
501 2795 554 2821 τῶν
581 2796 719 2830 ὀνομάτων
747 2795 891 2830 ταυτότης,

98 2846 176 2880 ἤγουν
190 2843 354 2880 ὁμωνυμία,
367 2842 418 2868 καὶ
431 2841 460 2867 τὺ
472 2842 531 2866 κατ’
544 2841 626 2876 αὐτὴν
639 2841 765 2876 ἀξίωμας
785 2842 825 2868 σοὶ
839 2842 892 2876 γὰρ

99 2892 140 2920 καὶ
154 2891 225 2922 οὕτω
238 2890 327 2926 φάναι
345 2887 437 2915 δοκεῖ.
454 2887 566 2922 οὐκοῦν,
580 2887 725 2921 ἐπειδήπερ
737 2888 768 2915 τό
784 2896 813 2914 τε
829 2887 892 2919 Χρι-

946 2283 971 2309 in
1018 2281 1070 2308 duo
1109 2279 1215 2310 dividit,
1264 2276 1386 2304 iuauitati
1432 2275 1570 2301 nominum
1616 2273 1734 2300 absurde

943 2329 1081 2359 innatans,
1109 2330 1136 2353 et
1159 2325 1270 2352 vocibus
1295 2330 1389 2357 parum
1427 2320 1590 2348 examinatis
1626 2326 1735 2353 semper-

943 2374 999 2410 49
1011 2380 1091 2401 utens
1107 2384 1113 2401 :
1131 2373 1169 2399 ait
1179 2372 1250 2398 enim
1265 2380 1271 2397 :
1293 2369 1358 2406 [Sed
1374 2369 1437 2403 quia
1461 2368 1499 2395 illi
1518 2367 1676 2400 coniunctus
1689 2369 1731 2392 est

943 2420 1012 2447 Filio
1027 2419 1071 2453 qui
1088 2423 1148 2445 erat
1162 2417 1188 2443 in
1205 2416 1347 2450 principio,
1364 2414 1414 2441 sibi
1444 2412 1570 2448 copulato
1581 2432 1588 2444 ,
1607 2419 1659 2439 non
1682 2418 1731 2445 ρος

945 2471 1007 2498 test,
1027 2465 1099 2500 quod
1115 2465 1148 2491 ad
1170 2464 1327 2498 dignitatem
1350 2460 1487 2488 ﬁliatiouis
1503 2459 1600 2485 attinet
1613 2479 1620 2490 ,
1644 2457 1733 2485 susci-

943 2519 1007 2547 pere
1033 2511 1193 2538 divisionem
1211 2516 1218 2536 :
1245 2508 1317 2543 quod
1337 2508 1370 2534 ad
1396 2507 1557 2542 dignitatem
1576 2504 1729 2537 liliationis,

942 2558 1064 2593 inquam,
1084 2565 1135 2583 non
1151 2556 1221 2590 quod
1237 2555 1271 2582 ad
1287 2553 1423 2589 naturas.]
1440 2553 1535 2585 Recte,
1557 2552 1599 2578 vir
1616 2551 1731 2586 optime,

943 2604 1013 2636 quod
1032 2603 1142 2630 minime
1155 2606 1242 2629 tututn
1259 2608 1321 2628 esse
1350 2599 1506 2627 videtur....
1536 2603 1665 2632 umquam
1689 2597 1731 2624 in-

943 2649 1009 2676 utile
1036 2648 1150 2681 rei‘ngis.
1178 2647 1292 2681 Semper
1315 2646 1365 2673 tibi
1395 2644 1516 2681 vigilanti
1547 2650 1673 2670 sermone
1693 2641 1731 2669 uti

943 2693 1062 2721 studium
1094 2692 1153 2718 fuit.
1181 2692 1250 2718 Ecce
1269 2691 1325 2725 jam
1348 2695 1424 2717 certe
1449 2689 1594 2717 dividendo
1619 2693 1732 2714 naturas

942 2739 1047 2773 colligis
1057 2738 1089 2764 ad
1104 2738 1235 2764 unitatem
1244 2736 1390 2764 secundum
1400 2735 1538 2763 liliationis
1552 2734 1711 2769 dignitatem
1723 2742 1730 2760 :

943 2793 1007 2812 num
1023 2785 1106 2820 igitur
1118 2785 1150 2811 ad
1159 2783 1286 2811 unionem
1293 2790 1386 2810 veram
1401 2789 1491 2810 rerum
1505 2783 1577 2808 inter
1589 2789 1619 2808 se
1632 2785 1731 2807 natura

943 2831 1098 2859 distantium
1112 2829 1211 2858 sulﬁcit
1230 2828 1449 2864 cognominatio,
1474 2835 1521 2855 seu
1545 2825 1730 2861 homonymia.

944 2883 970 2907 ct
986 2877 1104 2914 dignitas
1129 2885 1188 2912 quae
1211 2876 1272 2904 inde
1287 2874 1416 2903 exsistit?
1442 2874 1481 2902 sic
1496 2880 1612 2909 namque
1638 2872 1730 2898 dicere
