  <div class='ocr_page' id='page_1' title='image "/cluster/home/n/w/nwhite01/storage/ocr_20150623/76/njp.32101007590019/053.png"; bbox 0 0 1883 3054; ppageno 0'>
   <div class='ocr_carea' id='block_1_1' title="bbox 156 147 188 174">
    <p class='ocr_par' dir='ltr' id='par_1_1' title="bbox 156 147 188 174">
     <span class='ocr_line' id='line_1_1' title="bbox 156 147 188 174; baseline -0.063 0"><span class='ocrx_word' id='word_1_1' title='bbox 156 147 188 174; x_wconf 75' lang='lat'><strong>9|</strong></span> 
     </span>
    </p>
   </div>
   <div class='ocr_carea' id='block_1_2' title="bbox 158 201 982 239">
    <p class='ocr_par' dir='ltr' id='par_1_2' title="bbox 158 201 982 239">
     <span class='ocr_line' id='line_1_2' title="bbox 158 201 982 239; baseline -0.002 -9"><span class='ocrx_word' id='word_1_2' title='bbox 158 203 205 230; x_wconf 82' lang='lat' dir='ltr'><strong>libi</strong></span> <span class='ocrx_word' id='word_1_3' title='bbox 221 203 317 238; x_wconf 82' lang='lat' dir='ltr'><strong>placet.</strong></span> <span class='ocrx_word' id='word_1_4' title='bbox 332 202 403 239; x_wconf 76' lang='lat' dir='ltr'><strong>Ergo</strong></span> <span class='ocrx_word' id='word_1_5' title='bbox 415 202 542 238; x_wconf 86' lang='lat' dir='ltr'><strong>quoniam</strong></span> <span class='ocrx_word' id='word_1_6' title='bbox 554 201 655 230; x_wconf 83' lang='lat' dir='ltr'><strong>Christi</strong></span> <span class='ocrx_word' id='word_1_7' title='bbox 671 209 781 233; x_wconf 85' lang='lat' dir='ltr'><strong>nomen.</strong></span> <span class='ocrx_word' id='word_1_8' title='bbox 799 206 827 229; x_wconf 91' lang='lat' dir='ltr'><strong>et</strong></span> <span class='ocrx_word' id='word_1_9' title='bbox 840 209 940 229; x_wconf 71' lang='lat' dir='ltr'><strong>nomen</strong></span> <span class='ocrx_word' id='word_1_10' title='bbox 959 204 982 231; x_wconf 76' lang='grc' dir='ltr'>Α</span> 
     </span>
    </p>
   </div>
   <div class='ocr_carea' id='block_1_3' title="bbox 120 247 947 284">
    <p class='ocr_par' dir='ltr' id='par_1_3' title="bbox 120 247 947 284">
     <span class='ocr_line' id='line_1_3' title="bbox 120 247 947 284; baseline -0.004 -8"><span class='ocrx_word' id='word_1_11' title='bbox 120 268 128 276; x_wconf 91' lang='grc'><strong><em>.</em></strong></span> <span class='ocrx_word' id='word_1_12' title='bbox 157 253 301 284; x_wconf 75' lang='lat' dir='ltr'><strong>propterea</strong></span> <span class='ocrx_word' id='word_1_13' title='bbox 319 247 378 275; x_wconf 82' lang='lat' dir='ltr'><strong>Filii</strong></span> <span class='ocrx_word' id='word_1_14' title='bbox 394 254 423 275; x_wconf 83' lang='lat' dir='ltr'><strong>et</strong></span> <span class='ocrx_word' id='word_1_15' title='bbox 450 247 555 274; x_wconf 88' lang='lat' dir='ltr'><strong>Domini</strong></span> <span class='ocrx_word' id='word_1_16' title='bbox 578 247 661 274; x_wconf 89' lang='lat' dir='ltr'><strong>etiatn</strong></span> <span class='ocrx_word' id='word_1_17' title='bbox 680 247 742 274; x_wconf 87' lang='lat' dir='ltr'><strong>aliis</strong></span> <span class='ocrx_word' id='word_1_18' title='bbox 764 247 947 274; x_wconf 88' lang='lat' dir='ltr'><strong>communiter</strong></span> 
     </span>
    </p>
   </div>
   <div class='ocr_carea' id='block_1_4' title="bbox 157 291 948 330">
    <p class='ocr_par' dir='ltr' id='par_1_4' title="bbox 157 291 948 330">
     <span class='ocr_line' id='line_1_4' title="bbox 157 291 948 330; baseline -0.005 -8"><span class='ocrx_word' id='word_1_19' title='bbox 157 296 281 330; x_wconf 85' lang='lat' dir='ltr'><strong>imposita</strong></span> <span class='ocrx_word' id='word_1_20' title='bbox 297 300 370 326; x_wconf 83' lang='lat' dir='ltr'><strong>sunt,</strong></span> <span class='ocrx_word' id='word_1_21' title='bbox 389 302 450 322; x_wconf 84' lang='lat' dir='ltr'><strong>nam</strong></span> <span class='ocrx_word' id='word_1_22' title='bbox 467 294 575 328; x_wconf 81' lang='lat' dir='ltr'><strong>plurimi</strong></span> <span class='ocrx_word' id='word_1_23' title='bbox 593 300 660 320; x_wconf 77' lang='lat' dir='ltr'><strong>sane</strong></span> <span class='ocrx_word' id='word_1_24' title='bbox 679 291 756 320; x_wconf 79' lang='lat' dir='ltr'><strong>fuere</strong></span> <span class='ocrx_word' id='word_1_25' title='bbox 781 292 897 323; x_wconf 80' lang='lat' dir='ltr'><strong>Christi.</strong></span> <span class='ocrx_word' id='word_1_26' title='bbox 920 296 948 319; x_wconf 90' lang='lat' dir='ltr'><strong>ct</strong></span> 
     </span>
    </p>
   </div>
   <div class='ocr_carea' id='block_1_5' title="bbox 158 338 946 373">
    <p class='ocr_par' dir='ltr' id='par_1_5' title="bbox 158 338 946 373">
     <span class='ocr_line' id='line_1_5' title="bbox 158 338 946 373; baseline -0.003 -8"><span class='ocrx_word' id='word_1_27' title='bbox 158 341 246 368; x_wconf 77' lang='lat' dir='ltr'><strong>vocali</strong></span> <span class='ocrx_word' id='word_1_28' title='bbox 261 345 324 367; x_wconf 86' lang='lat' dir='ltr'><strong>sunt</strong></span> <span class='ocrx_word' id='word_1_29' title='bbox 338 339 385 366; x_wconf 86' lang='lat' dir='ltr'><strong>lilii</strong></span> <span class='ocrx_word' id='word_1_30' title='bbox 407 344 434 366; x_wconf 89' lang='lat' dir='ltr'><strong>et</strong></span> <span class='ocrx_word' id='word_1_31' title='bbox 458 339 573 371; x_wconf 77' lang='lat' dir='ltr'><strong>domini,</strong></span> <span class='ocrx_word' id='word_1_32' title='bbox 596 342 677 366; x_wconf 83' lang='lat' dir='ltr'><strong>erunt.</strong></span> <span class='ocrx_word' id='word_1_33' title='bbox 699 338 749 373; x_wconf 87' lang='lat' dir='ltr'><strong>ipsi</strong></span> <span class='ocrx_word' id='word_1_34' title='bbox 773 345 882 372; x_wconf 85' lang='lat' dir='ltr'><strong>quoque</strong></span> <span class='ocrx_word' id='word_1_35' title='bbox 904 345 946 364; x_wconf 86' lang='lat' dir='ltr'><strong>se-</strong></span> 
     </span>
    </p>
   </div>
   <div class='ocr_carea' id='block_1_6' title="bbox 157 383 945 419">
    <p class='ocr_par' dir='ltr' id='par_1_6' title="bbox 157 383 945 419">
     <span class='ocr_line' id='line_1_6' title="bbox 157 383 945 419; baseline -0.004 -7"><span class='ocrx_word' id='word_1_36' title='bbox 157 386 276 414; x_wconf 86' lang='lat' dir='ltr'><strong>cundum</strong></span> <span class='ocrx_word' id='word_1_37' title='bbox 305 385 447 412; x_wconf 79' lang='lat' dir='ltr'><strong>liliatiouis</strong></span> <span class='ocrx_word' id='word_1_38' title='bbox 463 384 623 419; x_wconf 78' lang='lat' dir='ltr'><strong>dignitatem</strong></span> <span class='ocrx_word' id='word_1_39' title='bbox 650 384 720 411; x_wconf 89' lang='lat' dir='ltr'><strong>inter</strong></span> <span class='ocrx_word' id='word_1_40' title='bbox 748 391 778 411; x_wconf 84' lang='lat' dir='ltr'><strong>se</strong></span> <span class='ocrx_word' id='word_1_41' title='bbox 800 383 945 416; x_wconf 86' lang='lat' dir='ltr'><strong>individui,</strong></span> 
     </span>
    </p>
   </div>
   <div class='ocr_carea' id='block_1_7' title="bbox 156 429 945 465">
    <p class='ocr_par' dir='ltr' id='par_1_7' title="bbox 156 429 945 465">
     <span class='ocr_line' id='line_1_7' title="bbox 156 429 945 465; baseline -0.001 -8"><span class='ocrx_word' id='word_1_42' title='bbox 156 436 183 458; x_wconf 87' lang='lat' dir='ltr'><strong>et</strong></span> <span class='ocrx_word' id='word_1_43' title='bbox 195 439 277 458; x_wconf 90' lang='lat' dir='ltr'><strong>unum</strong></span> <span class='ocrx_word' id='word_1_44' title='bbox 305 438 399 457; x_wconf 89' lang='lat' dir='ltr'><strong>omnes</strong></span> <span class='ocrx_word' id='word_1_45' title='bbox 426 438 457 458; x_wconf 88' lang='lat' dir='ltr'><strong>ea</strong></span> <span class='ocrx_word' id='word_1_46' title='bbox 487 430 591 458; x_wconf 85' lang='lat' dir='ltr'><strong>unitate</strong></span> <span class='ocrx_word' id='word_1_47' title='bbox 613 438 694 465; x_wconf 86' lang='lat' dir='ltr'><strong>quam</strong></span> <span class='ocrx_word' id='word_1_48' title='bbox 725 430 786 464; x_wconf 84' lang='lat' dir='ltr'><strong>ipse</strong></span> <span class='ocrx_word' id='word_1_49' title='bbox 813 430 895 457; x_wconf 88' lang='lat' dir='ltr'><strong>etiam</strong></span> <span class='ocrx_word' id='word_1_50' title='bbox 919 429 945 456; x_wconf 92' lang='lat' dir='ltr'><strong>in</strong></span> 
     </span>
    </p>
   </div>
   <div class='ocr_carea' id='block_1_8' title="bbox 157 475 946 510">
    <p class='ocr_par' dir='ltr' id='par_1_8' title="bbox 157 475 946 510">
     <span class='ocr_line' id='line_1_8' title="bbox 157 475 946 510; baseline -0.001 -7"><span class='ocrx_word' id='word_1_51' title='bbox 157 475 266 503; x_wconf 83' lang='lat' dir='ltr'><strong>Christo</strong></span> <span class='ocrx_word' id='word_1_52' title='bbox 282 484 342 503; x_wconf 87' lang='lat' dir='ltr'><strong>esse</strong></span> <span class='ocrx_word' id='word_1_53' title='bbox 353 475 499 510; x_wconf 76' lang='lat' dir='ltr'><strong>perfectam</strong></span> <span class='ocrx_word' id='word_1_54' title='bbox 517 481 596 510; x_wconf 91' lang='lat' dir='ltr'><strong>putas</strong></span> <span class='ocrx_word' id='word_1_55' title='bbox 612 484 618 502; x_wconf 90' lang='lat'>:</span> <span class='ocrx_word' id='word_1_56' title='bbox 636 476 749 504; x_wconf 76' lang='lat' dir='ltr'><strong>distabit</strong></span> <span class='ocrx_word' id='word_1_57' title='bbox 763 481 854 503; x_wconf 84' lang='lat' dir='ltr'><strong>autem</strong></span> <span class='ocrx_word' id='word_1_58' title='bbox 868 483 946 510; x_wconf 86' lang='lat' dir='ltr'><strong>pror-</strong></span> 
     </span>
    </p>
   </div>
   <div class='ocr_carea' id='block_1_9' title="bbox 158 520 946 556">
    <p class='ocr_par' dir='ltr' id='par_1_9' title="bbox 158 520 946 556">
     <span class='ocr_line' id='line_1_9' title="bbox 158 520 946 556; baseline 0 -8"><span class='ocrx_word' id='word_1_59' title='bbox 158 530 204 551; x_wconf 78' lang='lat' dir='ltr'><strong>sus</strong></span> <span class='ocrx_word' id='word_1_60' title='bbox 224 522 303 548; x_wconf 91' lang='lat' dir='ltr'><strong>homo</strong></span> <span class='ocrx_word' id='word_1_61' title='bbox 321 522 406 548; x_wconf 79' lang='lat' dir='ltr'><strong>nostri</strong></span> <span class='ocrx_word' id='word_1_62' title='bbox 428 521 526 549; x_wconf 80' lang='lat' dir='ltr'><strong>similis</strong></span> <span class='ocrx_word' id='word_1_63' title='bbox 540 530 555 548; x_wconf 89' lang='lat' dir='ltr'><strong>a</strong></span> <span class='ocrx_word' id='word_1_64' title='bbox 572 521 626 549; x_wconf 86' lang='lat' dir='ltr'><strong>Deo</strong></span> <span class='ocrx_word' id='word_1_65' title='bbox 654 521 752 549; x_wconf 88' lang='lat' dir='ltr'><strong>Vcrbo.</strong></span> <span class='ocrx_word' id='word_1_66' title='bbox 778 520 836 549; x_wconf 81' lang='lat' dir='ltr'><strong>Hoc</strong></span> <span class='ocrx_word' id='word_1_67' title='bbox 856 521 946 556; x_wconf 89' lang='lat' dir='ltr'><strong>posito</strong></span> 
     </span>
    </p>
   </div>
   <div class='ocr_carea' id='block_1_10' title="bbox 157 566 946 602">
    <p class='ocr_par' dir='ltr' id='par_1_10' title="bbox 157 566 946 602">
     <span class='ocr_line' id='line_1_10' title="bbox 157 566 946 602; baseline -0.001 -8"><span class='ocrx_word' id='word_1_68' title='bbox 157 570 292 602; x_wconf 84' lang='lat' dir='ltr'><strong>quomodo</strong></span> <span class='ocrx_word' id='word_1_69' title='bbox 317 575 369 594; x_wconf 91' lang='lat' dir='ltr'><strong>non</strong></span> <span class='ocrx_word' id='word_1_70' title='bbox 399 575 494 594; x_wconf 77' lang='lat' dir='ltr'><strong>rursus</strong></span> <span class='ocrx_word' id='word_1_71' title='bbox 513 567 592 594; x_wconf 83' lang='lat' dir='ltr'><strong>divisi</strong></span> <span class='ocrx_word' id='word_1_72' title='bbox 617 572 716 598; x_wconf 86' lang='lat' dir='ltr'><strong>erunt,</strong></span> <span class='ocrx_word' id='word_1_73' title='bbox 741 572 788 594; x_wconf 89' lang='lat' dir='ltr'><strong>aut</strong></span> <span class='ocrx_word' id='word_1_74' title='bbox 809 566 946 602; x_wconf 90' lang='lat' dir='ltr'><strong>quomodo</strong></span> 
     </span>
    </p>
   </div>
   <div class='ocr_carea' id='block_1_11' title="bbox 157 612 944 648">
    <p class='ocr_par' dir='ltr' id='par_1_11' title="bbox 157 612 944 648">
     <span class='ocr_line' id='line_1_11' title="bbox 157 612 944 648; baseline -0.003 -8"><span class='ocrx_word' id='word_1_75' title='bbox 157 614 239 641; x_wconf 82' lang='lat' dir='ltr'><strong>etiam</strong></span> <span class='ocrx_word' id='word_1_76' title='bbox 266 621 336 640; x_wconf 86' lang='lat' dir='ltr'><strong>unus</strong></span> <span class='ocrx_word' id='word_1_77' title='bbox 352 613 457 646; x_wconf 86' lang='lat' dir='ltr'><strong>Filius,</strong></span> <span class='ocrx_word' id='word_1_78' title='bbox 482 613 633 648; x_wconf 72' lang='lat' dir='ltr'><strong>intelligere</strong></span> <span class='ocrx_word' id='word_1_79' title='bbox 659 621 712 640; x_wconf 92' lang='lat' dir='ltr'><strong>non</strong></span> <span class='ocrx_word' id='word_1_80' title='bbox 736 620 865 647; x_wconf 74' lang='lat' dir='ltr'><strong>possunt,</strong></span> <span class='ocrx_word' id='word_1_81' title='bbox 894 612 944 639; x_wconf 81' lang='lat' dir='ltr'><strong>nisi</strong></span> 
     </span>
    </p>
   </div>
   <div class='ocr_carea' id='block_1_12' title="bbox 157 658 944 686">
    <p class='ocr_par' dir='ltr' id='par_1_12' title="bbox 157 658 944 686">
     <span class='ocr_line' id='line_1_12' title="bbox 157 658 944 686; baseline -0.004 0"><span class='ocrx_word' id='word_1_82' title='bbox 157 659 304 686; x_wconf 81' lang='lat' dir='ltr'><strong>secundum</strong></span> <span class='ocrx_word' id='word_1_83' title='bbox 323 659 450 686; x_wconf 89' lang='lat' dir='ltr'><strong>unionem</strong></span> <span class='ocrx_word' id='word_1_84' title='bbox 469 666 560 685; x_wconf 85' lang='lat' dir='ltr'><strong>veram</strong></span> <span class='ocrx_word' id='word_1_85' title='bbox 576 658 737 685; x_wconf 85' lang='lat' dir='ltr'><strong>convenisse</strong></span> <span class='ocrx_word' id='word_1_86' title='bbox 749 658 944 684; x_wconf 86' lang='lat' dir='ltr'><strong>humanitatem</strong></span> 
     </span>
    </p>
   </div>
   <div class='ocr_carea' id='block_1_13' title="bbox 157 702 944 738">
    <p class='ocr_par' dir='ltr' id='par_1_13' title="bbox 157 702 944 738">
     <span class='ocr_line' id='line_1_13' title="bbox 157 702 944 738; baseline -0.004 -7"><span class='ocrx_word' id='word_1_87' title='bbox 157 711 218 731; x_wconf 91' lang='lat' dir='ltr'><strong>cum</strong></span> <span class='ocrx_word' id='word_1_88' title='bbox 244 703 334 731; x_wconf 84' lang='lat' dir='ltr'><strong>Verbo</strong></span> <span class='ocrx_word' id='word_1_89' title='bbox 365 703 527 732; x_wconf 80' lang='lat' dir='ltr'><strong>dixerimus.</strong></span> <span class='ocrx_word' id='word_1_90' title='bbox 563 702 615 730; x_wconf 87' lang='lat' dir='ltr'><strong>Sed</strong></span> <span class='ocrx_word' id='word_1_91' title='bbox 645 703 708 738; x_wconf 84' lang='lat' dir='ltr'><strong>quia</strong></span> <span class='ocrx_word' id='word_1_92' title='bbox 735 707 844 738; x_wconf 75' lang='lat' dir='ltr'><strong>propter</strong></span> <span class='ocrx_word' id='word_1_93' title='bbox 863 702 944 736; x_wconf 79' lang='lat' dir='ltr'><strong>hujus</strong></span> 
     </span>
    </p>
   </div>
   <div class='ocr_carea' id='block_1_14' title="bbox 158 748 942 784">
    <p class='ocr_par' dir='ltr' id='par_1_14' title="bbox 158 748 942 784">
     <span class='ocr_line' id='line_1_14' title="bbox 158 748 942 784; baseline -0.001 -8"><span class='ocrx_word' id='word_1_94' title='bbox 158 749 276 777; x_wconf 84' lang='lat' dir='ltr'><strong>hominis</strong></span> <span class='ocrx_word' id='word_1_95' title='bbox 291 757 372 777; x_wconf 86' lang='lat' dir='ltr'><strong>voces</strong></span> <span class='ocrx_word' id='word_1_96' title='bbox 389 756 500 777; x_wconf 85' lang='lat' dir='ltr'><strong>necesse</strong></span> <span class='ocrx_word' id='word_1_97' title='bbox 513 753 556 777; x_wconf 87' lang='lat' dir='ltr'><strong>est</strong></span> <span class='ocrx_word' id='word_1_98' title='bbox 567 749 651 776; x_wconf 89' lang='lat' dir='ltr'><strong>etiam</strong></span> <span class='ocrx_word' id='word_1_99' title='bbox 664 757 713 784; x_wconf 88' lang='lat' dir='ltr'><strong>per</strong></span> <span class='ocrx_word' id='word_1_100' title='bbox 728 748 862 776; x_wconf 84' lang='lat' dir='ltr'><strong>absurdas</strong></span> <span class='ocrx_word' id='word_1_101' title='bbox 878 756 942 775; x_wconf 87' lang='lat' dir='ltr'><strong>sen-</strong></span> 
     </span>
    </p>
   </div>
   <div class='ocr_carea' id='block_1_15' title="bbox 157 794 943 830">
    <p class='ocr_par' dir='ltr' id='par_1_15' title="bbox 157 794 943 830">
     <span class='ocr_line' id='line_1_15' title="bbox 157 794 943 830; baseline 0 -8"><span class='ocrx_word' id='word_1_102' title='bbox 157 796 256 823; x_wconf 83' lang='lat' dir='ltr'><strong>tentias</strong></span> <span class='ocrx_word' id='word_1_103' title='bbox 272 795 423 822; x_wconf 86' lang='lat' dir='ltr'><strong>orationem</strong></span> <span class='ocrx_word' id='word_1_104' title='bbox 439 794 635 829; x_wconf 76' lang='lat' dir='ltr'><strong>circumferre,</strong></span> <span class='ocrx_word' id='word_1_105' title='bbox 663 799 694 822; x_wconf 89' lang='lat' dir='ltr'><strong>ut</strong></span> <span class='ocrx_word' id='word_1_106' title='bbox 721 795 842 830; x_wconf 84' lang='lat' dir='ltr'><strong>undique</strong></span> <span class='ocrx_word' id='word_1_107' title='bbox 862 801 943 822; x_wconf 75' lang='lat' dir='ltr'><strong>coar-</strong></span> 
     </span>
    </p>
   </div>
   <div class='ocr_carea' id='block_1_16' title="bbox 157 841 942 877">
    <p class='ocr_par' dir='ltr' id='par_1_16' title="bbox 157 841 942 877">
     <span class='ocr_line' id='line_1_16' title="bbox 157 841 942 877; baseline -0.003 -9"><span class='ocrx_word' id='word_1_108' title='bbox 157 846 254 877; x_wconf 79' lang='lat' dir='ltr'><strong>guatur</strong></span> <span class='ocrx_word' id='word_1_109' title='bbox 274 841 344 868; x_wconf 84' lang='lat' dir='ltr'><strong>haud</strong></span> <span class='ocrx_word' id='word_1_110' title='bbox 370 847 443 869; x_wconf 87' lang='lat' dir='ltr'><strong>recte</strong></span> <span class='ocrx_word' id='word_1_111' title='bbox 456 842 596 874; x_wconf 78' lang='lat' dir='ltr'><strong>sensisse,</strong></span> <span class='ocrx_word' id='word_1_112' title='bbox 629 841 744 875; x_wconf 79' lang='lat' dir='ltr'><strong>agedum</strong></span> <span class='ocrx_word' id='word_1_113' title='bbox 768 841 833 869; x_wconf 83' lang='lat' dir='ltr'><strong>illud</strong></span> <span class='ocrx_word' id='word_1_114' title='bbox 861 841 942 869; x_wconf 87' lang='lat' dir='ltr'><strong>etiam</strong></span> 
     </span>
    </p>
   </div>
   <div class='ocr_carea' id='block_1_17' title="bbox 156 887 943 922">
    <p class='ocr_par' dir='ltr' id='par_1_17' title="bbox 156 887 943 922">
     <span class='ocr_line' id='line_1_17' title="bbox 156 887 943 922; baseline 0 -8"><span class='ocrx_word' id='word_1_115' title='bbox 156 887 292 915; x_wconf 77' lang='lat' dir='ltr'><strong>dicamus:</strong></span> <span class='ocrx_word' id='word_1_116' title='bbox 304 887 369 915; x_wconf 77' lang='lat' dir='ltr'><strong>Nam</strong></span> <span class='ocrx_word' id='word_1_117' title='bbox 385 888 409 915; x_wconf 79' lang='lat' dir='ltr'><strong>si</strong></span> <span class='ocrx_word' id='word_1_118' title='bbox 423 888 490 916; x_wconf 81' lang='lat' dir='ltr'><strong>satis</strong></span> <span class='ocrx_word' id='word_1_119' title='bbox 505 892 548 916; x_wconf 87' lang='lat' dir='ltr'><strong>est</strong></span> <span class='ocrx_word' id='word_1_120' title='bbox 560 888 592 916; x_wconf 87' lang='lat' dir='ltr'><strong>ad</strong></span> <span class='ocrx_word' id='word_1_121' title='bbox 606 889 731 915; x_wconf 89' lang='lat' dir='ltr'><strong>unionem</strong></span> <span class='ocrx_word' id='word_1_122' title='bbox 742 888 860 922; x_wconf 72' lang='lat' dir='ltr'><strong>dignitas</strong></span> <span class='ocrx_word' id='word_1_123' title='bbox 875 888 943 914; x_wconf 84' lang='lat' dir='ltr'><strong>ﬁlia-</strong></span> 
     </span>
    </p>
   </div>
   <div class='ocr_carea' id='block_1_18' title="bbox 157 933 944 968">
    <p class='ocr_par' dir='ltr' id='par_1_18' title="bbox 157 933 944 968">
     <span class='ocr_line' id='line_1_18' title="bbox 157 933 944 968; baseline 0 -8"><span class='ocrx_word' id='word_1_124' title='bbox 157 934 248 968; x_wconf 76' lang='lat' dir='ltr'><strong>tionis,</strong></span> <span class='ocrx_word' id='word_1_125' title='bbox 278 935 405 968; x_wconf 86' lang='lat' dir='ltr'><strong>quoniam</strong></span> <span class='ocrx_word' id='word_1_126' title='bbox 435 934 588 968; x_wconf 74' lang='lat' dir='ltr'><strong>appellatur</strong></span> <span class='ocrx_word' id='word_1_127' title='bbox 616 938 644 962; x_wconf 85' lang='lat' dir='ltr'><strong>et</strong></span> <span class='ocrx_word' id='word_1_128' title='bbox 666 939 709 962; x_wconf 83' lang='lat' dir='ltr'><strong>est</strong></span> <span class='ocrx_word' id='word_1_129' title='bbox 738 933 822 961; x_wconf 82' lang='lat' dir='ltr'><strong>Filius</strong></span> <span class='ocrx_word' id='word_1_130' title='bbox 844 933 889 961; x_wconf 85' lang='lat' dir='ltr'><strong>Dei</strong></span> <span class='ocrx_word' id='word_1_131' title='bbox 907 941 944 961; x_wconf 77' lang='lat' dir='ltr'><strong>ac</strong></span> 
     </span>
    </p>
   </div>
   <div class='ocr_carea' id='block_1_19' title="bbox 157 980 942 1015">
    <p class='ocr_par' dir='ltr' id='par_1_19' title="bbox 157 980 942 1015">
     <span class='ocr_line' id='line_1_19' title="bbox 157 980 942 1015; baseline -0.001 -8"><span class='ocrx_word' id='word_1_132' title='bbox 157 980 246 1008; x_wconf 78' lang='lat' dir='ltr'><strong>Patris</strong></span> <span class='ocrx_word' id='word_1_133' title='bbox 263 981 327 1008; x_wconf 90' lang='lat' dir='ltr'><strong>illud</strong></span> <span class='ocrx_word' id='word_1_134' title='bbox 347 988 378 1008; x_wconf 72' lang='lat' dir='ltr'><strong>es</strong></span> <span class='ocrx_word' id='word_1_135' title='bbox 400 981 456 1015; x_wconf 82' lang='lat' dir='ltr'><strong>ipso</strong></span> <span class='ocrx_word' id='word_1_136' title='bbox 472 980 598 1012; x_wconf 74' lang='lat' dir='ltr'><strong>Verbum,</strong></span> <span class='ocrx_word' id='word_1_137' title='bbox 612 986 640 1008; x_wconf 87' lang='lat' dir='ltr'><strong>ct</strong></span> <span class='ocrx_word' id='word_1_138' title='bbox 656 988 800 1008; x_wconf 91' lang='lat' dir='ltr'><strong>commune</strong></span> <span class='ocrx_word' id='word_1_139' title='bbox 817 985 858 1008; x_wconf 85' lang='lat' dir='ltr'><strong>est</strong></span> <span class='ocrx_word' id='word_1_140' title='bbox 872 980 942 1007; x_wconf 91' lang='lat' dir='ltr'><strong>mul—</strong></span> 
     </span>
    </p>
   </div>
   <div class='ocr_carea' id='block_1_20' title="bbox 156 1026 943 1061">
    <p class='ocr_par' dir='ltr' id='par_1_20' title="bbox 156 1026 943 1061">
     <span class='ocr_line' id='line_1_20' title="bbox 156 1026 943 1061; baseline 0.001 -8"><span class='ocrx_word' id='word_1_141' title='bbox 156 1028 190 1053; x_wconf 85' lang='lat' dir='ltr'><strong>tis</strong></span> <span class='ocrx_word' id='word_1_142' title='bbox 207 1026 267 1053; x_wconf 88' lang='lat' dir='ltr'><strong>aliis</strong></span> <span class='ocrx_word' id='word_1_143' title='bbox 283 1027 334 1054; x_wconf 84' lang='lat' dir='ltr'><strong>hoc</strong></span> <span class='ocrx_word' id='word_1_144' title='bbox 350 1034 460 1058; x_wconf 90' lang='lat' dir='ltr'><strong>nomen,</strong></span> <span class='ocrx_word' id='word_1_145' title='bbox 477 1026 554 1061; x_wconf 83' lang='lat' dir='ltr'><strong>quid,</strong></span> <span class='ocrx_word' id='word_1_146' title='bbox 572 1035 637 1061; x_wconf 75' lang='lat' dir='ltr'><strong>rogo</strong></span> <span class='ocrx_word' id='word_1_147' title='bbox 651 1032 688 1059; x_wconf 88' lang='lat' dir='ltr'><strong>te,</strong></span> <span class='ocrx_word' id='word_1_148' title='bbox 705 1027 831 1061; x_wconf 91' lang='lat' dir='ltr'><strong>prohibet</strong></span> <span class='ocrx_word' id='word_1_149' title='bbox 850 1028 943 1055; x_wconf 86' lang='lat' dir='ltr'><strong>dicere</strong></span> 
     </span>
    </p>
   </div>
   <div class='ocr_carea' id='block_1_21' title="bbox 154 1072 942 1107">
    <p class='ocr_par' dir='ltr' id='par_1_21' title="bbox 154 1072 942 1107">
     <span class='ocr_line' id='line_1_21' title="bbox 154 1072 942 1107; baseline 0.001 -8"><span class='ocrx_word' id='word_1_150' title='bbox 154 1078 182 1099; x_wconf 90' lang='lat' dir='ltr'><strong>et</strong></span> <span class='ocrx_word' id='word_1_151' title='bbox 198 1073 270 1107; x_wconf 86' lang='lat' dir='ltr'><strong>ipsos</strong></span> <span class='ocrx_word' id='word_1_152' title='bbox 282 1077 310 1099; x_wconf 91' lang='lat' dir='ltr'><strong>et</strong></span> <span class='ocrx_word' id='word_1_153' title='bbox 326 1072 393 1100; x_wconf 85' lang='lat' dir='ltr'><strong>alios</strong></span> <span class='ocrx_word' id='word_1_154' title='bbox 404 1080 498 1100; x_wconf 85' lang='lat' dir='ltr'><strong>omnes</strong></span> <span class='ocrx_word' id='word_1_155' title='bbox 512 1073 548 1099; x_wconf 89' lang='lat' dir='ltr'><strong>illi</strong></span> <span class='ocrx_word' id='word_1_156' title='bbox 569 1073 659 1100; x_wconf 89' lang='lat' dir='ltr'><strong>unitos</strong></span> <span class='ocrx_word' id='word_1_157' title='bbox 674 1080 735 1100; x_wconf 77' lang='lat' dir='ltr'><strong>esse</strong></span> <span class='ocrx_word' id='word_1_158' title='bbox 745 1093 753 1105; x_wconf 91' lang='lat'><strong>,</strong></span> <span class='ocrx_word' id='word_1_159' title='bbox 781 1076 809 1100; x_wconf 91' lang='lat' dir='ltr'><strong>ut</strong></span> <span class='ocrx_word' id='word_1_160' title='bbox 830 1072 942 1100; x_wconf 86' lang='lat' dir='ltr'><strong>Emma-</strong></span> 
     </span>
    </p>
   </div>
   <div class='ocr_carea' id='block_1_22' title="bbox 155 1118 940 1153">
    <p class='ocr_par' dir='ltr' id='par_1_22' title="bbox 155 1118 940 1153">
     <span class='ocr_line' id='line_1_22' title="bbox 155 1118 940 1153; baseline -0.001 -7"><span class='ocrx_word' id='word_1_161' title='bbox 155 1118 217 1146; x_wconf 89' lang='lat' dir='ltr'><strong>nuel</strong></span> <span class='ocrx_word' id='word_1_162' title='bbox 232 1119 298 1146; x_wconf 88' lang='lat' dir='ltr'><strong>nihil</strong></span> <span class='ocrx_word' id='word_1_163' title='bbox 311 1118 475 1153; x_wconf 79' lang='lat' dir='ltr'><strong>pnccipuum</strong></span> <span class='ocrx_word' id='word_1_164' title='bbox 490 1126 570 1152; x_wconf 86' lang='lat' dir='ltr'><strong>supra</strong></span> <span class='ocrx_word' id='word_1_165' title='bbox 589 1118 662 1152; x_wconf 85' lang='lat' dir='ltr'><strong>ipsos</strong></span> <span class='ocrx_word' id='word_1_166' title='bbox 685 1119 804 1146; x_wconf 89' lang='lat' dir='ltr'><strong>habeat?</strong></span> <span class='ocrx_word' id='word_1_167' title='bbox 826 1123 940 1146; x_wconf 90' lang='lat' dir='ltr'><strong>conten-</strong></span> 
     </span>
    </p>
   </div>
   <div class='ocr_carea' id='block_1_23' title="bbox 153 1164 940 1200">
    <p class='ocr_par' dir='ltr' id='par_1_23' title="bbox 153 1164 940 1200">
     <span class='ocr_line' id='line_1_23' title="bbox 153 1164 940 1200; baseline 0.001 -8"><span class='ocrx_word' id='word_1_168' title='bbox 153 1165 200 1192; x_wconf 86' lang='lat' dir='ltr'><strong>det</strong></span> <span class='ocrx_word' id='word_1_169' title='bbox 212 1164 284 1191; x_wconf 87' lang='lat' dir='ltr'><strong>euim</strong></span> <span class='ocrx_word' id='word_1_170' title='bbox 298 1172 358 1192; x_wconf 89' lang='lat' dir='ltr'><strong>cum</strong></span> <span class='ocrx_word' id='word_1_171' title='bbox 373 1172 416 1197; x_wconf 85' lang='lat' dir='ltr'><strong>eo,</strong></span> <span class='ocrx_word' id='word_1_172' title='bbox 434 1169 462 1192; x_wconf 92' lang='lat' dir='ltr'><strong>ut</strong></span> <span class='ocrx_word' id='word_1_173' title='bbox 478 1170 692 1192; x_wconf 85' lang='lat' dir='ltr'><strong>consentaneum</strong></span> <span class='ocrx_word' id='word_1_174' title='bbox 708 1170 760 1199; x_wconf 84' lang='lat' dir='ltr'><strong>est,</strong></span> <span class='ocrx_word' id='word_1_175' title='bbox 787 1165 821 1193; x_wconf 89' lang='lat' dir='ltr'><strong>de</strong></span> <span class='ocrx_word' id='word_1_176' title='bbox 842 1165 940 1200; x_wconf 56' lang='lat' dir='ltr'><strong>aequali</strong></span> 
     </span>
    </p>
   </div>
   <div class='ocr_carea' id='block_1_24' title="bbox 153 1210 941 1245">
    <p class='ocr_par' dir='ltr' id='par_1_24' title="bbox 153 1210 941 1245">
     <span class='ocr_line' id='line_1_24' title="bbox 153 1210 941 1245; baseline 0.001 -8"><span class='ocrx_word' id='word_1_177' title='bbox 153 1210 256 1238; x_wconf 81' lang='lat' dir='ltr'><strong>honore</strong></span> <span class='ocrx_word' id='word_1_178' title='bbox 285 1210 436 1237; x_wconf 81' lang='lat' dir='ltr'><strong>decertabit</strong></span> <span class='ocrx_word' id='word_1_179' title='bbox 463 1210 488 1237; x_wconf 90' lang='lat' dir='ltr'><strong>id</strong></span> <span class='ocrx_word' id='word_1_180' title='bbox 505 1211 687 1245; x_wconf 80' lang='lat' dir='ltr'><strong>quodcunque</strong></span> <span class='ocrx_word' id='word_1_181' title='bbox 708 1211 865 1238; x_wconf 89' lang='lat' dir='ltr'><strong>corumdem</strong></span> <span class='ocrx_word' id='word_1_182' title='bbox 893 1219 941 1238; x_wconf 92' lang='lat' dir='ltr'><strong>no-</strong></span> 
     </span>
    </p>
   </div>
   <div class='ocr_carea' id='block_1_25' title="bbox 153 1255 942 1293">
    <p class='ocr_par' dir='ltr' id='par_1_25' title="bbox 153 1255 942 1293">
     <span class='ocr_line' id='line_1_25' title="bbox 153 1255 942 1293; baseline 0.005 -11"><span class='ocrx_word' id='word_1_183' title='bbox 153 1255 257 1282; x_wconf 91' lang='lat' dir='ltr'><strong>minum</strong></span> <span class='ocrx_word' id='word_1_184' title='bbox 281 1256 438 1292; x_wconf 79' lang='lat' dir='ltr'><strong>dignitatem</strong></span> <span class='ocrx_word' id='word_1_185' title='bbox 463 1262 506 1284; x_wconf 81' lang='lat' dir='ltr'><strong>cst</strong></span> <span class='ocrx_word' id='word_1_186' title='bbox 529 1257 677 1291; x_wconf 84' lang='lat' dir='ltr'><strong>adeptum;</strong></span> <span class='ocrx_word' id='word_1_187' title='bbox 703 1262 731 1284; x_wconf 88' lang='lat' dir='ltr'><strong>et</strong></span> <span class='ocrx_word' id='word_1_188' title='bbox 762 1258 806 1285; x_wconf 90' lang='lat' dir='ltr'><strong>ille</strong></span> <span class='ocrx_word' id='word_1_189' title='bbox 829 1258 942 1293; x_wconf 78' lang='lat' dir='ltr'><strong>conjun-</strong></span> 
     </span>
    </p>
   </div>
   <div class='ocr_carea' id='block_1_26' title="bbox 153 1301 939 1338">
    <p class='ocr_par' dir='ltr' id='par_1_26' title="bbox 153 1301 939 1338">
     <span class='ocr_line' id='line_1_26' title="bbox 153 1301 939 1338; baseline 0.003 -9"><span class='ocrx_word' id='word_1_190' title='bbox 153 1301 253 1329; x_wconf 88' lang='lat' dir='ltr'><strong>ctiouis</strong></span> <span class='ocrx_word' id='word_1_191' title='bbox 263 1303 358 1330; x_wconf 89' lang='lat' dir='ltr'><strong>modus</strong></span> <span class='ocrx_word' id='word_1_192' title='bbox 372 1303 397 1329; x_wconf 90' lang='lat' dir='ltr'><strong>in</strong></span> <span class='ocrx_word' id='word_1_193' title='bbox 409 1303 478 1329; x_wconf 89' lang='lat' dir='ltr'><strong>nuda</strong></span> <span class='ocrx_word' id='word_1_194' title='bbox 492 1302 602 1338; x_wconf 80' lang='lat' dir='ltr'><strong>solaque</strong></span> <span class='ocrx_word' id='word_1_195' title='bbox 612 1303 939 1338; x_wconf 81' lang='lat' dir='ltr'><strong>rcsidebitappellatione,</strong></span> 
     </span>
    </p>
   </div>
   <div class='ocr_carea' id='block_1_27' title="bbox 154 1348 941 1386">
    <p class='ocr_par' dir='ltr' id='par_1_27' title="bbox 154 1348 941 1386">
     <span class='ocr_line' id='line_1_27' title="bbox 154 1348 941 1386; baseline 0.003 -11"><span class='ocrx_word' id='word_1_196' title='bbox 154 1348 195 1376; x_wconf 88' lang='lat' dir='ltr'><strong>vel</strong></span> <span class='ocrx_word' id='word_1_197' title='bbox 209 1348 392 1384; x_wconf 76' lang='lat' dir='ltr'><strong>homonymia.</strong></span> <span class='ocrx_word' id='word_1_198' title='bbox 410 1348 469 1375; x_wconf 78' lang='lat' dir='ltr'><strong>lam</strong></span> <span class='ocrx_word' id='word_1_199' title='bbox 483 1356 547 1376; x_wconf 88' lang='lat' dir='ltr'><strong>vero</strong></span> <span class='ocrx_word' id='word_1_200' title='bbox 558 1349 688 1384; x_wconf 76' lang='lat' dir='ltr'><strong>Quidnam</strong></span> <span class='ocrx_word' id='word_1_201' title='bbox 705 1357 765 1378; x_wconf 79' lang='lat' dir='ltr'><strong>esse</strong></span> <span class='ocrx_word' id='word_1_202' title='bbox 777 1350 941 1386; x_wconf 73' lang='lat' dir='ltr'><strong>intelligetur</strong></span> 
     </span>
    </p>
   </div>
   <div class='ocr_carea' id='block_1_28' title="bbox 154 1393 939 1430">
    <p class='ocr_par' dir='ltr' id='par_1_28' title="bbox 154 1393 939 1430">
     <span class='ocr_line' id='line_1_28' title="bbox 154 1393 939 1430; baseline 0.004 -10"><span class='ocrx_word' id='word_1_203' title='bbox 154 1393 212 1428; x_wconf 86' lang='lat' dir='ltr'><strong>ipsa</strong></span> <span class='ocrx_word' id='word_1_204' title='bbox 228 1394 405 1421; x_wconf 83' lang='lat' dir='ltr'><strong>huutanatio?</strong></span> <span class='ocrx_word' id='word_1_205' title='bbox 418 1394 484 1428; x_wconf 89' lang='lat' dir='ltr'><strong>quid</strong></span> <span class='ocrx_word' id='word_1_206' title='bbox 511 1400 642 1428; x_wconf 62' lang='lat' dir='ltr'><strong>prmterea</strong></span> <span class='ocrx_word' id='word_1_207' title='bbox 659 1395 712 1422; x_wconf 87' lang='lat' dir='ltr'><strong>erit</strong></span> <span class='ocrx_word' id='word_1_208' title='bbox 731 1396 803 1430; x_wconf 87' lang='lat' dir='ltr'><strong>quod</strong></span> <span class='ocrx_word' id='word_1_209' title='bbox 817 1396 850 1423; x_wconf 87' lang='lat' dir='ltr'><strong>ad</strong></span> <span class='ocrx_word' id='word_1_210' title='bbox 867 1396 939 1423; x_wconf 83' lang='lat' dir='ltr'><strong>servi</strong></span> 
     </span>
    </p>
   </div>
   <div class='ocr_carea' id='block_1_29' title="bbox 154 1439 936 1476">
    <p class='ocr_par' dir='ltr' id='par_1_29' title="bbox 154 1439 936 1476">
     <span class='ocr_line' id='line_1_29' title="bbox 154 1439 936 1476; baseline 0.004 -10"><span class='ocrx_word' id='word_1_211' title='bbox 154 1439 267 1466; x_wconf 80' lang='lat' dir='ltr'><strong>fortnam</strong></span> <span class='ocrx_word' id='word_1_212' title='bbox 285 1441 446 1467; x_wconf 84' lang='lat' dir='ltr'><strong>descendit?</strong></span> <span class='ocrx_word' id='word_1_213' title='bbox 463 1439 530 1467; x_wconf 83' lang='lat' dir='ltr'><strong>Nam</strong></span> <span class='ocrx_word' id='word_1_214' title='bbox 549 1440 583 1470; x_wconf 83' lang='lat' dir='ltr'><strong>si.</strong></span> <span class='ocrx_word' id='word_1_215' title='bbox 601 1447 629 1467; x_wconf 89' lang='lat' dir='ltr'><strong>ut</strong></span> <span class='ocrx_word' id='word_1_216' title='bbox 643 1441 700 1476; x_wconf 84' lang='lat' dir='ltr'><strong>ipse</strong></span> <span class='ocrx_word' id='word_1_217' title='bbox 714 1442 824 1471; x_wconf 83' lang='lat' dir='ltr'><strong>asserit,</strong></span> <span class='ocrx_word' id='word_1_218' title='bbox 841 1442 936 1469; x_wconf 85' lang='lat' dir='ltr'><strong>huma-</strong></span> 
     </span>
    </p>
   </div>
   <div class='ocr_carea' id='block_1_30' title="bbox 153 1485 940 1522">
    <p class='ocr_par' dir='ltr' id='par_1_30' title="bbox 153 1485 940 1522">
     <span class='ocr_line' id='line_1_30' title="bbox 153 1485 940 1522; baseline 0.005 -11"><span class='ocrx_word' id='word_1_219' title='bbox 153 1485 272 1512; x_wconf 83' lang='lat' dir='ltr'><strong>nationis</strong></span> <span class='ocrx_word' id='word_1_220' title='bbox 287 1487 381 1513; x_wconf 84' lang='lat' dir='ltr'><strong>modus</strong></span> <span class='ocrx_word' id='word_1_221' title='bbox 393 1486 549 1520; x_wconf 74' lang='lat' dir='ltr'><strong>coniunctio</strong></span> <span class='ocrx_word' id='word_1_222' title='bbox 565 1486 688 1522; x_wconf 70' lang='lat' dir='ltr'><strong>qutedam</strong></span> <span class='ocrx_word' id='word_1_223' title='bbox 713 1492 755 1514; x_wconf 85' lang='lat' dir='ltr'><strong>est</strong></span> <span class='ocrx_word' id='word_1_224' title='bbox 779 1487 892 1522; x_wconf 73' lang='lat' dir='ltr'><strong>simplex</strong></span> <span class='ocrx_word' id='word_1_225' title='bbox 913 1493 940 1515; x_wconf 78' lang='lat' dir='ltr'><strong>et</strong></span> 
     </span>
    </p>
   </div>
   <div class='ocr_carea' id='block_1_31' title="bbox 152 1531 974 1571">
    <p class='ocr_par' dir='ltr' id='par_1_31' title="bbox 152 1531 974 1571">
     <span class='ocr_line' id='line_1_31' title="bbox 152 1531 974 1571; baseline 0.006 -15"><span class='ocrx_word' id='word_1_226' title='bbox 152 1531 300 1557; x_wconf 70' lang='lat' dir='ltr'><strong>secundum</strong></span> <span class='ocrx_word' id='word_1_227' title='bbox 330 1531 413 1557; x_wconf 79' lang='lat' dir='ltr'><strong>solam</strong></span> <span class='ocrx_word' id='word_1_228' title='bbox 437 1531 574 1559; x_wconf 77' lang='lat' dir='ltr'><strong>liliatiouis</strong></span> <span class='ocrx_word' id='word_1_229' title='bbox 602 1532 772 1567; x_wconf 73' lang='lat' dir='ltr'><strong>dignitatem,</strong></span> <span class='ocrx_word' id='word_1_230' title='bbox 786 1534 850 1568; x_wconf 89' lang='lat' dir='ltr'><strong>quid</strong></span> <span class='ocrx_word' id='word_1_231' title='bbox 875 1542 933 1569; x_wconf 89' lang='lat' dir='ltr'><strong>pro—</strong></span> <span class='ocrx_word' id='word_1_232' title='bbox 952 1542 974 1571; x_wconf 71' lang='grc' dir='ltr'><strong>ο</strong></span> 
     </span>
    </p>
   </div>
   <div class='ocr_carea' id='block_1_32' title="bbox 152 1575 941 1610">
    <p class='ocr_par' dir='ltr' id='par_1_32' title="bbox 152 1575 941 1610">
     <span class='ocr_line' id='line_1_32' title="bbox 152 1575 941 1610; baseline 0.005 -8"><span class='ocrx_word' id='word_1_233' title='bbox 152 1575 228 1603; x_wconf 84' lang='lat' dir='ltr'><strong>hibet</strong></span> <span class='ocrx_word' id='word_1_234' title='bbox 254 1583 313 1603; x_wconf 85' lang='lat' dir='ltr'><strong>eam</strong></span> <span class='ocrx_word' id='word_1_235' title='bbox 356 1576 574 1610; x_wconf 82' lang='lat' dir='ltr'><strong>conjunctioneut</strong></span> <span class='ocrx_word' id='word_1_236' title='bbox 591 1578 617 1604; x_wconf 94' lang='lat' dir='ltr'><strong>in</strong></span> <span class='ocrx_word' id='word_1_237' title='bbox 644 1577 704 1605; x_wconf 89' lang='lat' dir='ltr'><strong>aliis</strong></span> <span class='ocrx_word' id='word_1_238' title='bbox 733 1579 816 1606; x_wconf 80' lang='lat' dir='ltr'><strong>etiam</strong></span> <span class='ocrx_word' id='word_1_239' title='bbox 853 1581 941 1606; x_wconf 90' lang='lat' dir='ltr'><strong>omni-</strong></span> 
     </span>
    </p>
   </div>
   <div class='ocr_carea' id='block_1_33' title="bbox 151 1622 941 1660">
    <p class='ocr_par' dir='ltr' id='par_1_33' title="bbox 151 1622 941 1660">
     <span class='ocr_line' id='line_1_33' title="bbox 151 1622 941 1660; baseline 0.008 -12"><span class='ocrx_word' id='word_1_240' title='bbox 151 1622 204 1649; x_wconf 83' lang='lat' dir='ltr'><strong>bus</strong></span> <span class='ocrx_word' id='word_1_241' title='bbox 225 1622 323 1649; x_wconf 78' lang='lat' dir='ltr'><strong>factam</strong></span> <span class='ocrx_word' id='word_1_242' title='bbox 337 1622 448 1650; x_wconf 77' lang='lat' dir='ltr'><strong>dicere?</strong></span> <span class='ocrx_word' id='word_1_243' title='bbox 472 1623 527 1651; x_wconf 73' lang='lat' dir='ltr'><strong>Sed</strong></span> <span class='ocrx_word' id='word_1_244' title='bbox 558 1624 651 1658; x_wconf 90' lang='lat' dir='ltr'><strong>procul</strong></span> <span class='ocrx_word' id='word_1_245' title='bbox 673 1624 757 1652; x_wconf 91' lang='lat' dir='ltr'><strong>dubio</strong></span> <span class='ocrx_word' id='word_1_246' title='bbox 786 1625 831 1660; x_wconf 87' lang='lat' dir='ltr'><strong>qui</strong></span> <span class='ocrx_word' id='word_1_247' title='bbox 853 1626 941 1654; x_wconf 75' lang='lat' dir='ltr'><strong>solers</strong></span> 
     </span>
    </p>
   </div>
   <div class='ocr_carea' id='block_1_34' title="bbox 152 1669 938 1704">
    <p class='ocr_par' dir='ltr' id='par_1_34' title="bbox 152 1669 938 1704">
     <span class='ocr_line' id='line_1_34' title="bbox 152 1669 938 1704; baseline 0.005 -9"><span class='ocrx_word' id='word_1_248' title='bbox 152 1673 195 1695; x_wconf 84' lang='lat' dir='ltr'><strong>cst</strong></span> <span class='ocrx_word' id='word_1_249' title='bbox 212 1673 239 1696; x_wconf 83' lang='lat' dir='ltr'><strong>et</strong></span> <span class='ocrx_word' id='word_1_250' title='bbox 253 1673 359 1701; x_wconf 81' lang='lat' dir='ltr'><strong>acutus,</strong></span> <span class='ocrx_word' id='word_1_251' title='bbox 370 1669 501 1704; x_wconf 82' lang='lat' dir='ltr'><strong>prospicit</strong></span> <span class='ocrx_word' id='word_1_252' title='bbox 513 1669 572 1704; x_wconf 83' lang='lat' dir='ltr'><strong>ejus</strong></span> <span class='ocrx_word' id='word_1_253' title='bbox 587 1670 722 1698; x_wconf 85' lang='lat' dir='ltr'><strong>orationis</strong></span> <span class='ocrx_word' id='word_1_254' title='bbox 731 1670 938 1700; x_wconf 86' lang='lat' dir='ltr'><strong>absurditatem.</strong></span> 
     </span>
    </p>
   </div>
   <div class='ocr_carea' id='block_1_35' title="bbox 152 1713 940 1752">
    <p class='ocr_par' dir='ltr' id='par_1_35' title="bbox 152 1713 940 1752">
     <span class='ocr_line' id='line_1_35' title="bbox 152 1713 940 1752; baseline 0.006 -11"><span class='ocrx_word' id='word_1_255' title='bbox 152 1714 274 1747; x_wconf 80' lang='lat' dir='ltr'><strong>Quonam</strong></span> <span class='ocrx_word' id='word_1_256' title='bbox 291 1714 372 1749; x_wconf 71' lang='lat' dir='ltr'><strong>igitur</strong></span> <span class='ocrx_word' id='word_1_257' title='bbox 388 1713 482 1747; x_wconf 80' lang='lat' dir='ltr'><strong>fertur,</strong></span> <span class='ocrx_word' id='word_1_258' title='bbox 497 1716 531 1743; x_wconf 86' lang='lat' dir='ltr'><strong>ad</strong></span> <span class='ocrx_word' id='word_1_259' title='bbox 544 1723 576 1743; x_wconf 85' lang='lat' dir='ltr'><strong>ea</strong></span> <span class='ocrx_word' id='word_1_260' title='bbox 595 1723 655 1751; x_wconf 69' lang='lat' dir='ltr'><strong>quae</strong></span> <span class='ocrx_word' id='word_1_261' title='bbox 677 1717 769 1745; x_wconf 88' lang='lat' dir='ltr'><strong>dicere</strong></span> <span class='ocrx_word' id='word_1_262' title='bbox 795 1717 872 1746; x_wconf 82' lang='lat' dir='ltr'><strong>nefas</strong></span> <span class='ocrx_word' id='word_1_263' title='bbox 887 1723 940 1752; x_wconf 83' lang='lat' dir='ltr'><strong>est,</strong></span> 
     </span>
    </p>
   </div>
   <div class='ocr_carea' id='block_1_36' title="bbox 153 1759 940 1794">
    <p class='ocr_par' dir='ltr' id='par_1_36' title="bbox 153 1759 940 1794">
     <span class='ocr_line' id='line_1_36' title="bbox 153 1759 940 1794; baseline 0.008 -8"><span class='ocrx_word' id='word_1_264' title='bbox 153 1759 306 1794; x_wconf 83' lang='lat' dir='ltr'><strong>impulsus?</strong></span> <span class='ocrx_word' id='word_1_265' title='bbox 331 1759 443 1788; x_wconf 88' lang='lat' dir='ltr'><strong>Dicetur</strong></span> <span class='ocrx_word' id='word_1_266' title='bbox 454 1766 545 1789; x_wconf 85' lang='lat' dir='ltr'><strong>autem</strong></span> <span class='ocrx_word' id='word_1_267' title='bbox 559 1761 598 1789; x_wconf 90' lang='lat' dir='ltr'><strong>illi</strong></span> <span class='ocrx_word' id='word_1_268' title='bbox 614 1769 630 1789; x_wconf 89' lang='lat' dir='ltr'><strong>a</strong></span> <span class='ocrx_word' id='word_1_269' title='bbox 646 1763 724 1790; x_wconf 85' lang='lat' dir='ltr'><strong>nobis</strong></span> <span class='ocrx_word' id='word_1_270' title='bbox 740 1763 804 1791; x_wconf 86' lang='lat' dir='ltr'><strong>illud</strong></span> <span class='ocrx_word' id='word_1_271' title='bbox 816 1763 940 1792; x_wconf 71' lang='lat' dir='ltr'><strong>Jereniize</strong></span> 
     </span>
    </p>
   </div>
   <div class='ocr_carea' id='block_1_37' title="bbox 152 1805 940 1844">
    <p class='ocr_par' dir='ltr' id='par_1_37' title="bbox 152 1805 940 1844">
     <span class='ocr_line' id='line_1_37' title="bbox 152 1805 940 1844; baseline 0.004 -10"><span class='ocrx_word' id='word_1_272' title='bbox 152 1806 255 1834; x_wconf 85' lang='lat' dir='ltr'><strong>dictum</strong></span> <span class='ocrx_word' id='word_1_273' title='bbox 273 1814 281 1833; x_wconf 88' lang='lat'><strong>:</strong></span> <span class='ocrx_word' id='word_1_274' title='bbox 304 1814 313 1832; x_wconf 79' lang='grc' dir='ltr'><strong>ι</strong></span> <span class='ocrx_word' id='word_1_275' title='bbox 325 1805 353 1833; x_wconf 90' lang='lat' dir='ltr'><strong>ln</strong></span> <span class='ocrx_word' id='word_1_276' title='bbox 368 1806 540 1834; x_wconf 88' lang='lat' dir='ltr'><strong>multitudine</strong></span> <span class='ocrx_word' id='word_1_277' title='bbox 553 1807 604 1835; x_wconf 67' lang='lat' dir='ltr'><strong>viae</strong></span> <span class='ocrx_word' id='word_1_278' title='bbox 615 1811 667 1836; x_wconf 61' lang='lat' dir='ltr'><strong>tum</strong></span> <span class='ocrx_word' id='word_1_279' title='bbox 679 1809 809 1838; x_wconf 87' lang='lat' dir='ltr'><strong>laborain</strong></span> <span class='ocrx_word' id='word_1_280' title='bbox 822 1810 843 1826; x_wconf 79' lang='lat'>“</span> <span class='ocrx_word' id='word_1_281' title='bbox 853 1819 876 1844; x_wconf 76' lang='grc' dir='ltr'><strong>ςι</strong></span> <span class='ocrx_word' id='word_1_282' title='bbox 891 1809 940 1837; x_wconf 86' lang='lat' dir='ltr'><strong>llu-</strong></span> 
     </span>
    </p>
   </div>
   <div class='ocr_carea' id='block_1_38' title="bbox 151 1852 940 1889">
    <p class='ocr_par' dir='ltr' id='par_1_38' title="bbox 151 1852 940 1889">
     <span class='ocr_line' id='line_1_38' title="bbox 151 1852 940 1889; baseline 0.008 -11"><span class='ocrx_word' id='word_1_283' title='bbox 151 1856 227 1879; x_wconf 86' lang='lat' dir='ltr'><strong>ctuat</strong></span> <span class='ocrx_word' id='word_1_284' title='bbox 245 1852 328 1885; x_wconf 84' lang='lat' dir='ltr'><strong>enim,</strong></span> <span class='ocrx_word' id='word_1_285' title='bbox 344 1857 372 1881; x_wconf 87' lang='lat' dir='ltr'><strong>et</strong></span> <span class='ocrx_word' id='word_1_286' title='bbox 382 1852 457 1880; x_wconf 75' lang='lat' dir='ltr'><strong>otutii</strong></span> <span class='ocrx_word' id='word_1_287' title='bbox 473 1857 554 1882; x_wconf 88' lang='lat' dir='ltr'><strong>vento</strong></span> <span class='ocrx_word' id='word_1_288' title='bbox 565 1854 771 1889; x_wconf 84' lang='lat' dir='ltr'><strong>circumfertur,</strong></span> <span class='ocrx_word' id='word_1_289' title='bbox 799 1860 828 1884; x_wconf 94' lang='lat' dir='ltr'><strong>ut</strong></span> <span class='ocrx_word' id='word_1_290' title='bbox 842 1857 940 1885; x_wconf 88' lang='lat' dir='ltr'><strong>beatus</strong></span> 
     </span>
    </p>
   </div>
   <div class='ocr_carea' id='block_1_39' title="bbox 152 1896 940 1938">
    <p class='ocr_par' dir='ltr' id='par_1_39' title="bbox 152 1896 940 1938">
     <span class='ocr_line' id='line_1_39' title="bbox 152 1896 940 1938; baseline 0.008 -14"><span class='ocrx_word' id='word_1_291' title='bbox 152 1896 253 1925; x_wconf 85' lang='lat' dir='ltr'><strong>Paulus</strong></span> <span class='ocrx_word' id='word_1_292' title='bbox 267 1898 304 1925; x_wconf 82' lang='lat' dir='ltr'><strong>ait</strong></span> <span class='ocrx_word' id='word_1_293' title='bbox 332 1898 366 1926; x_wconf 75' lang='lat'><strong>“.</strong></span> <span class='ocrx_word' id='word_1_294' title='bbox 384 1899 485 1934; x_wconf 84' lang='lat' dir='ltr'><strong>Accipe</strong></span> <span class='ocrx_word' id='word_1_295' title='bbox 501 1900 584 1935; x_wconf 74' lang='lat' dir='ltr'><strong>igitur</strong></span> <span class='ocrx_word' id='word_1_296' title='bbox 599 1901 749 1929; x_wconf 82' lang='lat' dir='ltr'><strong>anchoram</strong></span> <span class='ocrx_word' id='word_1_297' title='bbox 776 1902 830 1938; x_wconf 84' lang='lat' dir='ltr'><strong>5o</strong></span> <span class='ocrx_word' id='word_1_298' title='bbox 842 1903 940 1931; x_wconf 67' lang='lat' dir='ltr'><strong>animat</strong></span> 
     </span>
    </p>
   </div>
   <div class='ocr_carea' id='block_1_40' title="bbox 151 1944 937 1982">
    <p class='ocr_par' dir='ltr' id='par_1_40' title="bbox 151 1944 937 1982">
     <span class='ocr_line' id='line_1_40' title="bbox 151 1944 937 1982; baseline 0.008 -12"><span class='ocrx_word' id='word_1_299' title='bbox 151 1947 238 1976; x_wconf 86' lang='lat' dir='ltr'><strong>tutam</strong></span> <span class='ocrx_word' id='word_1_300' title='bbox 253 1951 286 1971; x_wconf 90' lang='lat' dir='ltr'><strong>ac</strong></span> <span class='ocrx_word' id='word_1_301' title='bbox 306 1944 422 1976; x_wconf 83' lang='lat' dir='ltr'><strong>ﬁrmam,</strong></span> <span class='ocrx_word' id='word_1_302' title='bbox 438 1950 527 1972; x_wconf 88' lang='lat' dir='ltr'><strong>statue</strong></span> <span class='ocrx_word' id='word_1_303' title='bbox 539 1953 621 1980; x_wconf 84' lang='lat' dir='ltr'><strong>supra</strong></span> <span class='ocrx_word' id='word_1_304' title='bbox 643 1951 749 1981; x_wconf 85' lang='lat' dir='ltr'><strong>petram</strong></span> <span class='ocrx_word' id='word_1_305' title='bbox 766 1949 849 1982; x_wconf 82' lang='lat' dir='ltr'><strong>pedes</strong></span> <span class='ocrx_word' id='word_1_306' title='bbox 864 1953 937 1976; x_wconf 91' lang='lat' dir='ltr'><strong>tuos.</strong></span> 
     </span>
    </p>
   </div>
   <div class='ocr_carea' id='block_1_41' title="bbox 153 1990 939 2028">
    <p class='ocr_par' dir='ltr' id='par_1_41' title="bbox 153 1990 939 2028">
     <span class='ocr_line' id='line_1_41' title="bbox 153 1990 939 2028; baseline 0.006 -11"><span class='ocrx_word' id='word_1_307' title='bbox 153 1990 181 2017; x_wconf 88' lang='lat' dir='ltr'><strong>Si</strong></span> <span class='ocrx_word' id='word_1_308' title='bbox 199 1990 336 2018; x_wconf 85' lang='lat' dir='ltr'><strong>hominem</strong></span> <span class='ocrx_word' id='word_1_309' title='bbox 351 1990 452 2017; x_wconf 81' lang='lat' dir='ltr'><strong>factum</strong></span> <span class='ocrx_word' id='word_1_310' title='bbox 473 1991 558 2026; x_wconf 84' lang='lat' dir='ltr'><strong>ipsum</strong></span> <span class='ocrx_word' id='word_1_311' title='bbox 577 1991 622 2020; x_wconf 93' lang='lat' dir='ltr'><strong>Dei</strong></span> <span class='ocrx_word' id='word_1_312' title='bbox 639 1992 757 2020; x_wconf 82' lang='lat' dir='ltr'><strong>Verbum</strong></span> <span class='ocrx_word' id='word_1_313' title='bbox 771 1994 859 2028; x_wconf 85' lang='lat' dir='ltr'><strong>dicis,</strong></span> <span class='ocrx_word' id='word_1_314' title='bbox 888 1995 939 2023; x_wconf 85' lang='lat' dir='ltr'><strong>hoc</strong></span> 
     </span>
    </p>
   </div>
   <div class='ocr_carea' id='block_1_42' title="bbox 153 2035 940 2071">
    <p class='ocr_par' dir='ltr' id='par_1_42' title="bbox 153 2035 940 2071">
     <span class='ocr_line' id='line_1_42' title="bbox 153 2035 940 2071; baseline 0.008 -9"><span class='ocrx_word' id='word_1_315' title='bbox 153 2035 239 2069; x_wconf 86' lang='lat' dir='ltr'><strong>ipsum</strong></span> <span class='ocrx_word' id='word_1_316' title='bbox 251 2036 318 2063; x_wconf 87' lang='lat' dir='ltr'><strong>satis</strong></span> <span class='ocrx_word' id='word_1_317' title='bbox 332 2041 374 2063; x_wconf 83' lang='lat' dir='ltr'><strong>est</strong></span> <span class='ocrx_word' id='word_1_318' title='bbox 387 2035 420 2063; x_wconf 85' lang='lat' dir='ltr'><strong>ad</strong></span> <span class='ocrx_word' id='word_1_319' title='bbox 436 2037 624 2071; x_wconf 84' lang='lat' dir='ltr'><strong>explicandum</strong></span> <span class='ocrx_word' id='word_1_320' title='bbox 641 2039 726 2066; x_wconf 88' lang='lat' dir='ltr'><strong>nostri</strong></span> <span class='ocrx_word' id='word_1_321' title='bbox 739 2039 857 2068; x_wconf 85' lang='lat' dir='ltr'><strong>similem</strong></span> <span class='ocrx_word' id='word_1_322' title='bbox 897 2040 940 2068; x_wconf 79' lang='lat' dir='ltr'><strong>fa-</strong></span> 
     </span>
    </p>
   </div>
   <div class='ocr_carea' id='block_1_43' title="bbox 153 2082 938 2118">
    <p class='ocr_par' dir='ltr' id='par_1_43' title="bbox 153 2082 938 2118">
     <span class='ocr_line' id='line_1_43' title="bbox 153 2082 938 2118; baseline 0.01 -11"><span class='ocrx_word' id='word_1_323' title='bbox 153 2085 229 2108; x_wconf 88' lang='lat' dir='ltr'><strong>ctttm</strong></span> <span class='ocrx_word' id='word_1_324' title='bbox 243 2089 304 2109; x_wconf 83' lang='lat' dir='ltr'><strong>esse</strong></span> <span class='ocrx_word' id='word_1_325' title='bbox 320 2082 405 2115; x_wconf 88' lang='lat' dir='ltr'><strong>illum,</strong></span> <span class='ocrx_word' id='word_1_326' title='bbox 421 2083 466 2117; x_wconf 89' lang='lat' dir='ltr'><strong>qtti</strong></span> <span class='ocrx_word' id='word_1_327' title='bbox 483 2087 524 2110; x_wconf 86' lang='lat' dir='ltr'><strong>est</strong></span> <span class='ocrx_word' id='word_1_328' title='bbox 539 2091 622 2118; x_wconf 84' lang='lat' dir='ltr'><strong>supra</strong></span> <span class='ocrx_word' id='word_1_329' title='bbox 635 2092 743 2112; x_wconf 89' lang='lat' dir='ltr'><strong>omnem</strong></span> <span class='ocrx_word' id='word_1_330' title='bbox 759 2092 914 2114; x_wconf 88' lang='lat' dir='ltr'><strong>creaturam</strong></span> <span class='ocrx_word' id='word_1_331' title='bbox 930 2097 938 2115; x_wconf 86' lang='lat'><strong>:</strong></span> 
     </span>
    </p>
   </div>
   <div class='ocr_carea' id='block_1_44' title="bbox 151 2127 940 2163">
    <p class='ocr_par' dir='ltr' id='par_1_44' title="bbox 151 2127 940 2163">
     <span class='ocr_line' id='line_1_44' title="bbox 151 2127 940 2163; baseline 0.01 -9"><span class='ocrx_word' id='word_1_332' title='bbox 151 2127 256 2162; x_wconf 82' lang='lat' dir='ltr'><strong>accepit</strong></span> <span class='ocrx_word' id='word_1_333' title='bbox 271 2127 341 2155; x_wconf 87' lang='lat' dir='ltr'><strong>servi</strong></span> <span class='ocrx_word' id='word_1_334' title='bbox 360 2127 489 2161; x_wconf 75' lang='lat' dir='ltr'><strong>formam,</strong></span> <span class='ocrx_word' id='word_1_335' title='bbox 512 2131 636 2162; x_wconf 82' lang='lat' dir='ltr'><strong>quamvis</strong></span> <span class='ocrx_word' id='word_1_336' title='bbox 649 2130 800 2159; x_wconf 86' lang='lat' dir='ltr'><strong>libertatem</strong></span> <span class='ocrx_word' id='word_1_337' title='bbox 814 2137 844 2160; x_wconf 90' lang='lat' dir='ltr'><strong>ut</strong></span> <span class='ocrx_word' id='word_1_338' title='bbox 868 2133 940 2163; x_wconf 86' lang='lat' dir='ltr'><strong>Deus</strong></span> 
     </span>
    </p>
   </div>
   <div class='ocr_carea' id='block_1_45' title="bbox 151 2172 937 2214">
    <p class='ocr_par' dir='ltr' id='par_1_45' title="bbox 151 2172 937 2214">
     <span class='ocr_line' id='line_1_45' title="bbox 151 2172 937 2214; baseline 0.009 -14"><span class='ocrx_word' id='word_1_339' title='bbox 151 2172 280 2205; x_wconf 80' lang='lat' dir='ltr'><strong>haberet;</strong></span> <span class='ocrx_word' id='word_1_340' title='bbox 304 2181 365 2201; x_wconf 91' lang='lat' dir='ltr'><strong>nam</strong></span> <span class='ocrx_word' id='word_1_341' title='bbox 391 2181 452 2202; x_wconf 87' lang='lat' dir='ltr'><strong>erat</strong></span> <span class='ocrx_word' id='word_1_342' title='bbox 473 2175 500 2202; x_wconf 94' lang='lat' dir='ltr'><strong>in</strong></span> <span class='ocrx_word' id='word_1_343' title='bbox 521 2177 676 2210; x_wconf 69' lang='lat' dir='ltr'><strong>aequalitate</strong></span> <span class='ocrx_word' id='word_1_344' title='bbox 703 2176 792 2206; x_wconf 84' lang='lat' dir='ltr'><strong>Patris</strong></span> <span class='ocrx_word' id='word_1_345' title='bbox 814 2178 874 2212; x_wconf 86' lang='lat' dir='ltr'><strong>ejus</strong></span> <span class='ocrx_word' id='word_1_346' title='bbox 891 2181 937 2214; x_wconf 86' lang='lat' dir='ltr'><strong>qui</strong></span> 
     </span>
    </p>
   </div>
   <div class='ocr_carea' id='block_1_46' title="bbox 959 875 979 902">
    <p class='ocr_par' dir='ltr' id='par_1_46' title="bbox 959 875 979 902">
     <span class='ocr_line' id='line_1_46' title="bbox 959 875 979 902; baseline 0 0"><span class='ocrx_word' id='word_1_347' title='bbox 959 875 979 902; x_wconf 83' lang='grc' dir='ltr'><strong>Β</strong></span> 
     </span>
    </p>
   </div>
   <div class='ocr_carea' id='block_1_47' title="bbox 670 140 1293 172">
    <p class='ocr_par' dir='ltr' id='par_1_47' title="bbox 670 140 1293 172">
     <span class='ocr_line' id='line_1_47' title="bbox 670 140 1293 172; baseline -0.005 -1"><span class='ocrx_word' id='word_1_348' title='bbox 670 143 701 172; x_wconf 73' lang='lat'><strong>5.</strong></span> <span class='ocrx_word' id='word_1_349' title='bbox 719 142 855 171; x_wconf 65' lang='lat' dir='ltr'><strong>CYlllLLl</strong></span> <span class='ocrx_word' id='word_1_350' title='bbox 877 141 1113 170; x_wconf 76' lang='lat' dir='ltr'><strong>ALEXANDRINI</strong></span> <span class='ocrx_word' id='word_1_351' title='bbox 1131 140 1293 169; x_wconf 74' lang='lat' dir='ltr'><strong>ARClllEP.</strong></span> 
     </span>
    </p>
   </div>
   <div class='ocr_carea' id='block_1_48' title="bbox 1759 141 1799 169">
    <p class='ocr_par' dir='ltr' id='par_1_48' title="bbox 1759 141 1799 169">
     <span class='ocr_line' id='line_1_48' title="bbox 1759 141 1799 169; baseline -0.025 0"><span class='ocrx_word' id='word_1_352' title='bbox 1759 141 1799 169; x_wconf 69' lang='lat'><strong>92</strong></span> 
     </span>
    </p>
   </div>
   <div class='ocr_carea' id='block_1_49' title="bbox 997 198 1796 235">
    <p class='ocr_par' dir='ltr' id='par_1_49' title="bbox 997 198 1796 235">
     <span class='ocr_line' id='line_1_49' title="bbox 997 198 1796 235; baseline -0.001 -8"><span class='ocrx_word' id='word_1_353' title='bbox 997 200 1058 232; x_wconf 79' lang='grc' dir='ltr'>στδς</span> <span class='ocrx_word' id='word_1_354' title='bbox 1070 200 1168 235; x_wconf 76' lang='grc' dir='ltr'>ὄνομα,</span> <span class='ocrx_word' id='word_1_355' title='bbox 1182 199 1230 226; x_wconf 77' lang='grc' dir='ltr'>καὶ</span> <span class='ocrx_word' id='word_1_356' title='bbox 1250 199 1303 235; x_wconf 83' lang='grc' dir='ltr'>μὴν</span> <span class='ocrx_word' id='word_1_357' title='bbox 1320 199 1364 232; x_wconf 79' lang='grc' dir='ltr'>τὸ,</span> <span class='ocrx_word' id='word_1_358' title='bbox 1380 199 1446 231; x_wconf 73' lang='grc' dir='ltr'>Υἱὸς</span> <span class='ocrx_word' id='word_1_359' title='bbox 1461 199 1509 226; x_wconf 80' lang='grc' dir='ltr'>καὶ</span> <span class='ocrx_word' id='word_1_360' title='bbox 1523 199 1636 235; x_wconf 81' lang='grc' dir='ltr'>Κύριος,</span> <span class='ocrx_word' id='word_1_361' title='bbox 1656 198 1737 226; x_wconf 81' lang='grc' dir='ltr'>κοινὰ</span> <span class='ocrx_word' id='word_1_362' title='bbox 1748 200 1796 226; x_wconf 80' lang='grc' dir='ltr'><strong>τέ-</strong></span> 
     </span>
    </p>
   </div>
   <div class='ocr_carea' id='block_1_50' title="bbox 998 244 1796 281">
    <p class='ocr_par' dir='ltr' id='par_1_50' title="bbox 998 244 1796 281">
     <span class='ocr_line' id='line_1_50' title="bbox 998 244 1796 281; baseline -0.001 -9"><span class='ocrx_word' id='word_1_363' title='bbox 998 245 1100 273; x_wconf 82' lang='grc' dir='ltr'>θεινται</span> <span class='ocrx_word' id='word_1_364' title='bbox 1119 246 1166 272; x_wconf 85' lang='grc' dir='ltr'>καὶ</span> <span class='ocrx_word' id='word_1_365' title='bbox 1178 245 1292 281; x_wconf 80' lang='grc' dir='ltr'>ἑτέροις,</span> <span class='ocrx_word' id='word_1_366' title='bbox 1307 245 1429 272; x_wconf 83' lang='grc' dir='ltr'>πλεῖστοι</span> <span class='ocrx_word' id='word_1_367' title='bbox 1442 244 1497 281; x_wconf 78' lang='grc' dir='ltr'><strong>γὰρ</strong></span> <span class='ocrx_word' id='word_1_368' title='bbox 1511 245 1569 272; x_wconf 78' lang='grc' dir='ltr'>ὅσοι</span> <span class='ocrx_word' id='word_1_369' title='bbox 1585 245 1716 280; x_wconf 82' lang='grc' dir='ltr'>γεγόνασι</span> <span class='ocrx_word' id='word_1_370' title='bbox 1736 253 1796 281; x_wconf 79' lang='grc' dir='ltr'>χρι-</span> 
     </span>
    </p>
   </div>
   <div class='ocr_carea' id='block_1_51' title="bbox 998 288 1795 327">
    <p class='ocr_par' dir='ltr' id='par_1_51' title="bbox 998 288 1795 327">
     <span class='ocr_line' id='line_1_51' title="bbox 998 288 1795 327; baseline -0.003 -9"><span class='ocrx_word' id='word_1_371' title='bbox 998 291 1067 324; x_wconf 80' lang='grc' dir='ltr'>στοὶ,</span> <span class='ocrx_word' id='word_1_372' title='bbox 1085 291 1233 327; x_wconf 77' lang='grc' dir='ltr'><strong>κέκληνται</strong></span> <span class='ocrx_word' id='word_1_373' title='bbox 1247 290 1276 317; x_wconf 83' lang='grc' dir='ltr'><strong>δὲ</strong></span> <span class='ocrx_word' id='word_1_374' title='bbox 1299 291 1347 318; x_wconf 75' lang='grc' dir='ltr'>καὶ</span> <span class='ocrx_word' id='word_1_375' title='bbox 1370 291 1423 318; x_wconf 77' lang='grc' dir='ltr'>υῑοὶ</span> <span class='ocrx_word' id='word_1_376' title='bbox 1438 291 1486 317; x_wconf 78' lang='grc' dir='ltr'>καὶ</span> <span class='ocrx_word' id='word_1_377' title='bbox 1503 290 1604 326; x_wconf 76' lang='grc' dir='ltr'>κύριοι,</span> <span class='ocrx_word' id='word_1_378' title='bbox 1621 288 1677 316; x_wconf 81' lang='grc' dir='ltr'>εἶεν</span> <span class='ocrx_word' id='word_1_379' title='bbox 1693 290 1727 316; x_wconf 80' lang='grc' dir='ltr'>ἂν</span> <span class='ocrx_word' id='word_1_380' title='bbox 1744 291 1795 316; x_wconf 72' lang='grc' dir='ltr'>καὶ</span> 
     </span>
    </p>
   </div>
   <div class='ocr_carea' id='block_1_52' title="bbox 996 335 1794 371">
    <p class='ocr_par' dir='ltr' id='par_1_52' title="bbox 996 335 1794 371">
     <span class='ocr_line' id='line_1_52' title="bbox 996 335 1794 371; baseline -0.004 -8"><span class='ocrx_word' id='word_1_381' title='bbox 996 337 1075 364; x_wconf 79' lang='grc' dir='ltr'>αὐτοὶ</span> <span class='ocrx_word' id='word_1_382' title='bbox 1094 336 1165 363; x_wconf 83' lang='grc' dir='ltr'>κατὰ</span> <span class='ocrx_word' id='word_1_383' title='bbox 1180 335 1210 362; x_wconf 85' lang='grc' dir='ltr'>τδ</span> <span class='ocrx_word' id='word_1_384' title='bbox 1231 335 1339 370; x_wconf 75' lang='grc' dir='ltr'>ἀξίωμα</span> <span class='ocrx_word' id='word_1_385' title='bbox 1360 336 1410 371; x_wconf 83' lang='grc' dir='ltr'>τῆς</span> <span class='ocrx_word' id='word_1_386' title='bbox 1431 335 1572 369; x_wconf 83' lang='grc' dir='ltr'>υἱότητος,</span> <span class='ocrx_word' id='word_1_387' title='bbox 1594 335 1745 370; x_wconf 78' lang='grc' dir='ltr'>ἀδιαῐρετοι</span> <span class='ocrx_word' id='word_1_388' title='bbox 1763 343 1794 360; x_wconf 81' lang='grc' dir='ltr'><strong>τε</strong></span> 
     </span>
    </p>
   </div>
   <div class='ocr_carea' id='block_1_53' title="bbox 996 371 1794 417">
    <p class='ocr_par' dir='ltr' id='par_1_53' title="bbox 996 371 1794 417">
     <span class='ocr_line' id='line_1_53' title="bbox 996 371 1794 417; baseline -0.004 -9"><span class='ocrx_word' id='word_1_389' title='bbox 996 381 1130 417; x_wconf 83' lang='grc' dir='ltr'>ἀλλήλων,</span> <span class='ocrx_word' id='word_1_390' title='bbox 1140 381 1188 408; x_wconf 79' lang='grc' dir='ltr'><strong>καὶ</strong></span> <span class='ocrx_word' id='word_1_391' title='bbox 1203 380 1232 407; x_wconf 78' lang='grc' dir='ltr'>ἓν</span> <span class='ocrx_word' id='word_1_392' title='bbox 1245 371 1385 412; x_wconf 51' lang='grc' dir='ltr'>οἰῖτάντες</span> <span class='ocrx_word' id='word_1_393' title='bbox 1399 380 1460 407; x_wconf 76' lang='grc' dir='ltr'>καθ’</span> <span class='ocrx_word' id='word_1_394' title='bbox 1473 380 1580 413; x_wconf 76' lang='grc' dir='ltr'>ἕνωσιν,</span> <span class='ocrx_word' id='word_1_395' title='bbox 1590 380 1623 414; x_wconf 81' lang='grc' dir='ltr'>ἢν</span> <span class='ocrx_word' id='word_1_396' title='bbox 1635 379 1666 414; x_wconf 86' lang='grc' dir='ltr'><strong>δὴ</strong></span> <span class='ocrx_word' id='word_1_397' title='bbox 1681 380 1794 415; x_wconf 74' lang='grc' dir='ltr'>πεπρᾶ-</span> 
     </span>
    </p>
   </div>
   <div class='ocr_carea' id='block_1_54' title="bbox 997 425 1793 464">
    <p class='ocr_par' dir='ltr' id='par_1_54' title="bbox 997 425 1793 464">
     <span class='ocr_line' id='line_1_54' title="bbox 997 425 1793 464; baseline -0.004 -9"><span class='ocrx_word' id='word_1_398' title='bbox 997 429 1062 464; x_wconf 86' lang='grc' dir='ltr'>χθαι</span> <span class='ocrx_word' id='word_1_399' title='bbox 1073 428 1195 464; x_wconf 78' lang='grc' dir='ltr'>νομίζεις</span> <span class='ocrx_word' id='word_1_400' title='bbox 1217 427 1299 459; x_wconf 79' lang='grc' dir='ltr'>αὐτὸς</span> <span class='ocrx_word' id='word_1_401' title='bbox 1315 427 1362 454; x_wconf 71' lang='grc' dir='ltr'>καὶ</span> <span class='ocrx_word' id='word_1_402' title='bbox 1386 427 1432 454; x_wconf 72' lang='grc' dir='ltr'><strong>ἐπὶ</strong></span> <span class='ocrx_word' id='word_1_403' title='bbox 1453 426 1588 463; x_wconf 67' lang='grc' dir='ltr'>Χριστοιῗν</span> <span class='ocrx_word' id='word_1_404' title='bbox 1603 425 1738 460; x_wconf 78' lang='grc' dir='ltr'>διεστήξει</span> <span class='ocrx_word' id='word_1_405' title='bbox 1757 426 1793 461; x_wconf 79' lang='grc' dir='ltr'><strong>δὴ</strong></span> 
     </span>
    </p>
   </div>
   <div class='ocr_carea' id='block_1_55' title="bbox 997 472 1791 510">
    <p class='ocr_par' dir='ltr' id='par_1_55' title="bbox 997 472 1791 510">
     <span class='ocr_line' id='line_1_55' title="bbox 997 472 1791 510; baseline -0.005 -9"><span class='ocrx_word' id='word_1_406' title='bbox 997 475 1067 507; x_wconf 74' lang='grc' dir='ltr'>ὅλως</span> <span class='ocrx_word' id='word_1_407' title='bbox 1082 474 1151 510; x_wconf 77' lang='grc' dir='ltr'>πρὸς</span> <span class='ocrx_word' id='word_1_408' title='bbox 1166 473 1212 501; x_wconf 78' lang='grc' dir='ltr'><strong>τὸν</strong></span> <span class='ocrx_word' id='word_1_409' title='bbox 1228 474 1260 500; x_wconf 82' lang='grc' dir='ltr'>ὲκ</span> <span class='ocrx_word' id='word_1_410' title='bbox 1278 472 1345 500; x_wconf 81' lang='grc' dir='ltr'>Θεοῦ</span> <span class='ocrx_word' id='word_1_411' title='bbox 1367 474 1452 507; x_wconf 89' lang='grc' dir='ltr'>Λόγον</span> <span class='ocrx_word' id='word_1_412' title='bbox 1467 472 1610 508; x_wconf 79' lang='grc' dir='ltr'>ἄνθρωπος</span> <span class='ocrx_word' id='word_1_413' title='bbox 1629 472 1689 498; x_wconf 76' lang='grc' dir='ltr'>καθ’</span> <span class='ocrx_word' id='word_1_414' title='bbox 1701 472 1791 507; x_wconf 74' lang='grc' dir='ltr'>ἡμᾶς.</span> 
     </span>
    </p>
   </div>
   <div class='ocr_carea' id='block_1_56' title="bbox 996 516 1790 555">
    <p class='ocr_par' dir='ltr' id='par_1_56' title="bbox 996 516 1790 555">
     <span class='ocr_line' id='line_1_56' title="bbox 996 516 1790 555; baseline -0.004 -8"><span class='ocrx_word' id='word_1_415' title='bbox 996 519 1064 547; x_wconf 78' lang='grc' dir='ltr'>Εἶτα</span> <span class='ocrx_word' id='word_1_416' title='bbox 1078 520 1137 552; x_wconf 84' lang='grc' dir='ltr'>πῶς</span> <span class='ocrx_word' id='word_1_417' title='bbox 1158 521 1189 546; x_wconf 89' lang='grc' dir='ltr'>οὐ</span> <span class='ocrx_word' id='word_1_418' title='bbox 1207 520 1350 555; x_wconf 81' lang='grc' dir='ltr'><strong>διῄρηνται</strong></span> <span class='ocrx_word' id='word_1_419' title='bbox 1364 519 1454 550; x_wconf 78' lang='grc' dir='ltr'>πάλιν,</span> <span class='ocrx_word' id='word_1_420' title='bbox 1470 519 1528 550; x_wconf 84' lang='grc' dir='ltr'>πῶς</span> <span class='ocrx_word' id='word_1_421' title='bbox 1544 518 1572 545; x_wconf 69' lang='grc' dir='ltr'><strong>δὲ</strong></span> <span class='ocrx_word' id='word_1_422' title='bbox 1593 519 1640 545; x_wconf 79' lang='grc' dir='ltr'>καὶ</span> <span class='ocrx_word' id='word_1_423' title='bbox 1655 518 1718 549; x_wconf 72' lang='grc' dir='ltr'><strong>Υἱὸς</strong></span> <span class='ocrx_word' id='word_1_424' title='bbox 1736 516 1790 549; x_wconf 71' lang='grc' dir='ltr'>εἷς,</span> 
     </span>
    </p>
   </div>
   <div class='ocr_carea' id='block_1_57' title="bbox 996 563 1792 601">
    <p class='ocr_par' dir='ltr' id='par_1_57' title="bbox 996 563 1792 601">
     <span class='ocr_line' id='line_1_57' title="bbox 996 563 1792 601; baseline -0.004 -8"><span class='ocrx_word' id='word_1_425' title='bbox 996 566 1047 593; x_wconf 68' lang='grc' dir='ltr'>οὐκ</span> <span class='ocrx_word' id='word_1_426' title='bbox 1057 567 1112 601; x_wconf 76' lang='grc' dir='ltr'><strong>ἔχω</strong></span> <span class='ocrx_word' id='word_1_427' title='bbox 1124 567 1204 597; x_wconf 84' lang='grc' dir='ltr'>νοεῖν,</span> <span class='ocrx_word' id='word_1_428' title='bbox 1215 566 1240 592; x_wconf 72' lang='grc' dir='ltr'>εἰ</span> <span class='ocrx_word' id='word_1_429' title='bbox 1255 565 1293 600; x_wconf 82' lang='grc' dir='ltr'>μὴ</span> <span class='ocrx_word' id='word_1_430' title='bbox 1304 565 1364 591; x_wconf 78' lang='grc' dir='ltr'>καθ’</span> <span class='ocrx_word' id='word_1_431' title='bbox 1376 565 1472 591; x_wconf 72' lang='grc' dir='ltr'>ἕνωσιν</span> <span class='ocrx_word' id='word_1_432' title='bbox 1486 565 1572 600; x_wconf 83' lang='grc' dir='ltr'><strong>ἀληθῆ</strong></span> <span class='ocrx_word' id='word_1_433' title='bbox 1585 563 1792 599; x_wconf 69' lang='grc' dir='ltr'>συμϐεϐηκέναι</span> 
     </span>
    </p>
   </div>
   <div class='ocr_carea' id='block_1_58' title="bbox 996 610 1792 647">
    <p class='ocr_par' dir='ltr' id='par_1_58' title="bbox 996 610 1792 647">
     <span class='ocr_line' id='line_1_58' title="bbox 996 610 1792 647; baseline -0.003 -9"><span class='ocrx_word' id='word_1_434' title='bbox 996 612 1087 647; x_wconf 84' lang='grc' dir='ltr'>φαμὲν</span> <span class='ocrx_word' id='word_1_435' title='bbox 1103 611 1142 647; x_wconf 84' lang='grc' dir='ltr'>τῷ</span> <span class='ocrx_word' id='word_1_436' title='bbox 1156 612 1235 646; x_wconf 74' lang='grc' dir='ltr'>Λόγῳ</span> <span class='ocrx_word' id='word_1_437' title='bbox 1252 611 1282 637; x_wconf 76' lang='grc' dir='ltr'>τὸ</span> <span class='ocrx_word' id='word_1_438' title='bbox 1298 610 1479 646; x_wconf 75' lang='grc' dir='ltr'>ἀνθρώπινον.</span> <span class='ocrx_word' id='word_1_439' title='bbox 1497 611 1604 645; x_wconf 81' lang='grc' dir='ltr'>Ἐπειδὴ</span> <span class='ocrx_word' id='word_1_440' title='bbox 1621 611 1649 637; x_wconf 78' lang='grc' dir='ltr'><strong>δὲ</strong></span> <span class='ocrx_word' id='word_1_441' title='bbox 1665 611 1728 646; x_wconf 75' lang='grc' dir='ltr'>χρὴ,</span> <span class='ocrx_word' id='word_1_442' title='bbox 1745 610 1792 637; x_wconf 84' lang='grc' dir='ltr'><strong>διά</strong></span> 
     </span>
    </p>
   </div>
   <div class='ocr_carea' id='block_1_59' title="bbox 995 656 1791 693">
    <p class='ocr_par' dir='ltr' id='par_1_59' title="bbox 995 656 1791 693">
     <span class='ocr_line' id='line_1_59' title="bbox 995 656 1791 693; baseline -0.004 -8"><span class='ocrx_word' id='word_1_443' title='bbox 995 667 1027 693; x_wconf 82' lang='grc' dir='ltr'>γε</span> <span class='ocrx_word' id='word_1_444' title='bbox 1040 658 1090 689; x_wconf 79' lang='grc' dir='ltr'>τὰς</span> <span class='ocrx_word' id='word_1_445' title='bbox 1100 657 1193 684; x_wconf 80' lang='grc' dir='ltr'>τούτου</span> <span class='ocrx_word' id='word_1_446' title='bbox 1209 657 1311 692; x_wconf 78' lang='grc' dir='ltr'>φωνὰς,</span> <span class='ocrx_word' id='word_1_447' title='bbox 1325 658 1371 683; x_wconf 69' lang='grc' dir='ltr'>καὶ</span> <span class='ocrx_word' id='word_1_448' title='bbox 1387 658 1426 688; x_wconf 77' lang='grc' dir='ltr'>εἰς</span> <span class='ocrx_word' id='word_1_449' title='bbox 1442 657 1575 689; x_wconf 71' lang='grc' dir='ltr'>ὲκτόπους</span> <span class='ocrx_word' id='word_1_450' title='bbox 1589 656 1692 688; x_wconf 73' lang='grc' dir='ltr'>ἐννοίας</span> <span class='ocrx_word' id='word_1_451' title='bbox 1708 665 1791 692; x_wconf 76' lang='grc' dir='ltr'>περι-</span> 
     </span>
    </p>
   </div>
   <div class='ocr_carea' id='block_1_60' title="bbox 995 702 1792 739">
    <p class='ocr_par' dir='ltr' id='par_1_60' title="bbox 995 702 1792 739">
     <span class='ocr_line' id='line_1_60' title="bbox 995 702 1792 739; baseline -0.004 -7"><span class='ocrx_word' id='word_1_452' title='bbox 995 705 1117 739; x_wconf 84' lang='grc' dir='ltr'>ενεγκεῖν</span> <span class='ocrx_word' id='word_1_453' title='bbox 1134 704 1179 730; x_wconf 78' lang='grc' dir='ltr'>τὸν</span> <span class='ocrx_word' id='word_1_454' title='bbox 1207 703 1296 737; x_wconf 77' lang='grc' dir='ltr'>λόγον,</span> <span class='ocrx_word' id='word_1_455' title='bbox 1313 703 1357 730; x_wconf 84' lang='grc' dir='ltr'><strong>ἴνα</strong></span> <span class='ocrx_word' id='word_1_456' title='bbox 1382 703 1549 738; x_wconf 70' lang='grc' dir='ltr'><strong>πανταχόθεν</strong></span> <span class='ocrx_word' id='word_1_457' title='bbox 1572 702 1717 738; x_wconf 79' lang='grc' dir='ltr'><strong>ἐλέγχηται</strong></span> <span class='ocrx_word' id='word_1_458' title='bbox 1740 712 1792 729; x_wconf 85' lang='grc' dir='ltr'>πε-</span> 
     </span>
    </p>
   </div>
   <div class='ocr_carea' id='block_1_61' title="bbox 995 749 1789 786">
    <p class='ocr_par' dir='ltr' id='par_1_61' title="bbox 995 749 1789 786">
     <span class='ocr_line' id='line_1_61' title="bbox 995 749 1789 786; baseline -0.003 -9"><span class='ocrx_word' id='word_1_459' title='bbox 995 750 1139 786; x_wconf 83' lang='grc' dir='ltr'>φρονηκὼς</span> <span class='ocrx_word' id='word_1_460' title='bbox 1152 751 1202 776; x_wconf 84' lang='grc' dir='ltr'>οὐκ</span> <span class='ocrx_word' id='word_1_461' title='bbox 1214 749 1292 785; x_wconf 78' lang='grc' dir='ltr'>ὀρθὰ,</span> <span class='ocrx_word' id='word_1_462' title='bbox 1306 749 1372 784; x_wconf 76' lang='grc' dir='ltr'>φέρε</span> <span class='ocrx_word' id='word_1_463' title='bbox 1385 749 1428 784; x_wconf 76' lang='grc' dir='ltr'>δὴ,</span> <span class='ocrx_word' id='word_1_464' title='bbox 1441 749 1516 784; x_wconf 77' lang='grc' dir='ltr'>φέρε,</span> <span class='ocrx_word' id='word_1_465' title='bbox 1528 750 1637 776; x_wconf 71' lang='grc' dir='ltr'>κάκεῖνο</span> <span class='ocrx_word' id='word_1_466' title='bbox 1651 749 1789 785; x_wconf 60' lang='grc' dir='ltr'>λέγωμεν</span> 
     </span>
    </p>
   </div>
   <div class='ocr_carea' id='block_1_62' title="bbox 995 795 1790 832">
    <p class='ocr_par' dir='ltr' id='par_1_62' title="bbox 995 795 1790 832">
     <span class='ocr_line' id='line_1_62' title="bbox 995 795 1790 832; baseline -0.003 -9"><span class='ocrx_word' id='word_1_467' title='bbox 995 797 1026 823; x_wconf 84' lang='lat' dir='ltr'><strong>El</strong></span> <span class='ocrx_word' id='word_1_468' title='bbox 1043 796 1096 832; x_wconf 81' lang='grc' dir='ltr'><strong>γὰρ</strong></span> <span class='ocrx_word' id='word_1_469' title='bbox 1111 797 1191 831; x_wconf 85' lang='grc' dir='ltr'>ἀρκεῖ</span> <span class='ocrx_word' id='word_1_470' title='bbox 1202 795 1270 830; x_wconf 70' lang='grc' dir='ltr'>πρὸς</span> <span class='ocrx_word' id='word_1_471' title='bbox 1284 795 1391 826; x_wconf 72' lang='grc' dir='ltr'>ἕνωσιν,</span> <span class='ocrx_word' id='word_1_472' title='bbox 1412 796 1462 829; x_wconf 84' lang='grc' dir='ltr'>τῆς</span> <span class='ocrx_word' id='word_1_473' title='bbox 1478 795 1602 830; x_wconf 79' lang='grc' dir='ltr'>υἰότητος</span> <span class='ocrx_word' id='word_1_474' title='bbox 1620 795 1650 821; x_wconf 76' lang='grc' dir='ltr'><strong>τὸ</strong></span> <span class='ocrx_word' id='word_1_475' title='bbox 1666 795 1790 829; x_wconf 82' lang='grc' dir='ltr'>ἀξίωμα,</span> 
     </span>
    </p>
   </div>
   <div class='ocr_carea' id='block_1_63' title="bbox 995 839 1791 876">
    <p class='ocr_par' dir='ltr' id='par_1_63' title="bbox 995 839 1791 876">
     <span class='ocr_line' id='line_1_63' title="bbox 995 839 1791 876; baseline -0.003 -8"><span class='ocrx_word' id='word_1_476' title='bbox 995 841 1088 876; x_wconf 78' lang='grc' dir='ltr'>ἐπειδὴ</span> <span class='ocrx_word' id='word_1_477' title='bbox 1108 841 1231 868; x_wconf 76' lang='grc' dir='ltr'>καλεῖται</span> <span class='ocrx_word' id='word_1_478' title='bbox 1244 849 1273 867; x_wconf 86' lang='grc' dir='ltr'><strong>τε</strong></span> <span class='ocrx_word' id='word_1_479' title='bbox 1289 841 1337 867; x_wconf 76' lang='grc' dir='ltr'>καὶ</span> <span class='ocrx_word' id='word_1_480' title='bbox 1354 840 1427 866; x_wconf 73' lang='grc' dir='ltr'>ἔστιν</span> <span class='ocrx_word' id='word_1_481' title='bbox 1445 839 1507 872; x_wconf 74' lang='grc' dir='ltr'>Υἱὸς</span> <span class='ocrx_word' id='word_1_482' title='bbox 1521 840 1567 866; x_wconf 85' lang='grc' dir='ltr'>τοῦ</span> <span class='ocrx_word' id='word_1_483' title='bbox 1584 840 1651 866; x_wconf 80' lang='grc' dir='ltr'>Θεοῦ</span> <span class='ocrx_word' id='word_1_484' title='bbox 1668 841 1716 867; x_wconf 80' lang='grc' dir='ltr'>καὶ</span> <span class='ocrx_word' id='word_1_485' title='bbox 1732 841 1791 866; x_wconf 85' lang='grc' dir='ltr'><strong>Πα-</strong></span> 
     </span>
    </p>
   </div>
   <div class='ocr_carea' id='block_1_64' title="bbox 993 886 1790 921">
    <p class='ocr_par' dir='ltr' id='par_1_64' title="bbox 993 886 1790 921">
     <span class='ocr_line' id='line_1_64' title="bbox 993 886 1790 921; baseline 0 -9"><span class='ocrx_word' id='word_1_486' title='bbox 993 886 1056 921; x_wconf 75' lang='grc' dir='ltr'>τρὸς</span> <span class='ocrx_word' id='word_1_487' title='bbox 1070 887 1084 913; x_wconf 84' lang='grc' dir='ltr'><strong><em>ὁ</em></strong></span> <span class='ocrx_word' id='word_1_488' title='bbox 1112 886 1142 918; x_wconf 78' lang='grc' dir='ltr'>ἐξ</span> <span class='ocrx_word' id='word_1_489' title='bbox 1167 886 1249 912; x_wconf 80' lang='grc' dir='ltr'>αὑτοῦ</span> <span class='ocrx_word' id='word_1_490' title='bbox 1273 886 1370 920; x_wconf 84' lang='grc' dir='ltr'>Λόγος,</span> <span class='ocrx_word' id='word_1_491' title='bbox 1393 886 1482 912; x_wconf 55' lang='grc' dir='ltr'>κοινὸν</span> <span class='ocrx_word' id='word_1_492' title='bbox 1505 886 1533 912; x_wconf 80' lang='grc' dir='ltr'>δὲ</span> <span class='ocrx_word' id='word_1_493' title='bbox 1558 886 1666 918; x_wconf 86' lang='grc' dir='ltr'>πολλοῖς</span> <span class='ocrx_word' id='word_1_494' title='bbox 1695 886 1790 918; x_wconf 72' lang='grc' dir='ltr'>ἄλλοις</span> 
     </span>
    </p>
   </div>
   <div class='ocr_carea' id='block_1_65' title="bbox 993 931 1790 968">
    <p class='ocr_par' dir='ltr' id='par_1_65' title="bbox 993 931 1790 968">
     <span class='ocr_line' id='line_1_65' title="bbox 993 931 1790 968; baseline 0 -10"><span class='ocrx_word' id='word_1_495' title='bbox 993 931 1123 968; x_wconf 72' lang='grc' dir='ltr'>τοῦνομα,</span> <span class='ocrx_word' id='word_1_496' title='bbox 1135 932 1161 958; x_wconf 88' lang='grc' dir='ltr'>τί</span> <span class='ocrx_word' id='word_1_497' title='bbox 1178 932 1208 959; x_wconf 82' lang='grc' dir='ltr'><strong>τὺ</strong></span> <span class='ocrx_word' id='word_1_498' title='bbox 1222 931 1335 964; x_wconf 84' lang='grc' dir='ltr'><strong>λυποῦν,</strong></span> <span class='ocrx_word' id='word_1_499' title='bbox 1346 932 1407 958; x_wconf 78' lang='grc' dir='ltr'>εἰπέ</span> <span class='ocrx_word' id='word_1_500' title='bbox 1425 940 1482 966; x_wconf 77' lang='grc' dir='ltr'>μοι,</span> <span class='ocrx_word' id='word_1_501' title='bbox 1492 931 1540 958; x_wconf 53' lang='grc' dir='ltr'>καὶ</span> <span class='ocrx_word' id='word_1_502' title='bbox 1553 932 1652 964; x_wconf 72' lang='grc' dir='ltr'>αὐτοὺς</span> <span class='ocrx_word' id='word_1_503' title='bbox 1664 932 1790 967; x_wconf 81' lang='grc' dir='ltr'>ἡνῶσθαι</span> 
     </span>
    </p>
   </div>
   <div class='ocr_carea' id='block_1_66' title="bbox 993 978 1789 1015">
    <p class='ocr_par' dir='ltr' id='par_1_66' title="bbox 993 978 1789 1015">
     <span class='ocr_line' id='line_1_66' title="bbox 993 978 1789 1015; baseline 0.001 -10"><span class='ocrx_word' id='word_1_504' title='bbox 993 978 1084 1013; x_wconf 77' lang='grc' dir='ltr'>λέγειν</span> <span class='ocrx_word' id='word_1_505' title='bbox 1095 979 1179 1014; x_wconf 76' lang='grc' dir='ltr'>αὐτῷ,</span> <span class='ocrx_word' id='word_1_506' title='bbox 1191 980 1237 1006; x_wconf 80' lang='grc' dir='ltr'>καὶ</span> <span class='ocrx_word' id='word_1_507' title='bbox 1248 979 1311 1011; x_wconf 85' lang='grc' dir='ltr'>τοὺς</span> <span class='ocrx_word' id='word_1_508' title='bbox 1321 979 1419 1010; x_wconf 79' lang='grc' dir='ltr'>ἄλλους</span> <span class='ocrx_word' id='word_1_509' title='bbox 1432 979 1565 1011; x_wconf 78' lang='grc' dir='ltr'>ἅπαντας,</span> <span class='ocrx_word' id='word_1_510' title='bbox 1573 979 1618 1006; x_wconf 88' lang='grc' dir='ltr'>ἵνα</span> <span class='ocrx_word' id='word_1_511' title='bbox 1638 979 1721 1014; x_wconf 83' lang='grc' dir='ltr'>μηδὲν</span> <span class='ocrx_word' id='word_1_512' title='bbox 1736 980 1789 1015; x_wconf 81' lang='grc' dir='ltr'><strong>ἔχῃ</strong></span> 
     </span>
    </p>
   </div>
   <div class='ocr_carea' id='block_1_67' title="bbox 993 1024 1789 1061">
    <p class='ocr_par' dir='ltr' id='par_1_67' title="bbox 993 1024 1789 1061">
     <span class='ocr_line' id='line_1_67' title="bbox 993 1024 1789 1061; baseline 0.003 -11"><span class='ocrx_word' id='word_1_513' title='bbox 993 1024 1059 1060; x_wconf 76' lang='grc' dir='ltr'>παρ’</span> <span class='ocrx_word' id='word_1_514' title='bbox 1075 1024 1174 1056; x_wconf 70' lang='grc' dir='ltr'>αὐτοὺς</span> <span class='ocrx_word' id='word_1_515' title='bbox 1194 1024 1224 1051; x_wconf 83' lang='grc' dir='ltr'><strong>τό</strong></span> <span class='ocrx_word' id='word_1_516' title='bbox 1248 1024 1338 1051; x_wconf 86' lang='grc' dir='ltr'>πλεῖον</span> <span class='ocrx_word' id='word_1_517' title='bbox 1351 1025 1365 1050; x_wconf 86' lang='grc' dir='ltr'>ὁ</span> <span class='ocrx_word' id='word_1_518' title='bbox 1389 1025 1580 1060; x_wconf 83' lang='grc' dir='ltr'>Ἑμμανουήλ;</span> <span class='ocrx_word' id='word_1_519' title='bbox 1601 1026 1789 1061; x_wconf 81' lang='grc' dir='ltr'>φιλονεικήσει</span> 
     </span>
    </p>
   </div>
   <div class='ocr_carea' id='block_1_68' title="bbox 992 1069 1789 1106">
    <p class='ocr_par' dir='ltr' id='par_1_68' title="bbox 992 1069 1789 1106">
     <span class='ocr_line' id='line_1_68' title="bbox 992 1069 1789 1106; baseline 0 -10"><span class='ocrx_word' id='word_1_520' title='bbox 992 1070 1047 1104; x_wconf 82' lang='grc' dir='ltr'>γὰρ</span> <span class='ocrx_word' id='word_1_521' title='bbox 1062 1070 1133 1096; x_wconf 73' lang='grc' dir='ltr'>κατὰ</span> <span class='ocrx_word' id='word_1_522' title='bbox 1149 1070 1179 1096; x_wconf 77' lang='grc' dir='ltr'>τὸ</span> <span class='ocrx_word' id='word_1_523' title='bbox 1194 1070 1268 1101; x_wconf 75' lang='grc' dir='ltr'>εἰκὸς</span> <span class='ocrx_word' id='word_1_524' title='bbox 1282 1070 1368 1105; x_wconf 80' lang='grc' dir='ltr'>αὐτῷ,</span> <span class='ocrx_word' id='word_1_525' title='bbox 1384 1069 1431 1096; x_wconf 77' lang='grc' dir='ltr'><strong>καὶ</strong></span> <span class='ocrx_word' id='word_1_526' title='bbox 1448 1070 1576 1106; x_wconf 79' lang='grc' dir='ltr'>περὶτῶν</span> <span class='ocrx_word' id='word_1_527' title='bbox 1593 1071 1658 1096; x_wconf 81' lang='grc' dir='ltr'>ἴσων</span> <span class='ocrx_word' id='word_1_528' title='bbox 1669 1070 1789 1106; x_wconf 83' lang='grc' dir='ltr'>ἁμιλλή-</span> 
     </span>
    </p>
   </div>
   <div class='ocr_carea' id='block_1_69' title="bbox 994 1114 1788 1151">
    <p class='ocr_par' dir='ltr' id='par_1_69' title="bbox 994 1114 1788 1151">
     <span class='ocr_line' id='line_1_69' title="bbox 994 1114 1788 1151; baseline 0.003 -10"><span class='ocrx_word' id='word_1_529' title='bbox 994 1124 1070 1142; x_wconf 81' lang='grc' dir='ltr'>σεται</span> <span class='ocrx_word' id='word_1_530' title='bbox 1086 1116 1116 1141; x_wconf 83' lang='grc' dir='ltr'>τὸ</span> <span class='ocrx_word' id='word_1_531' title='bbox 1138 1114 1191 1142; x_wconf 74' lang='grc' dir='ltr'>τῶν</span> <span class='ocrx_word' id='word_1_532' title='bbox 1206 1116 1296 1142; x_wconf 79' lang='grc' dir='ltr'>αὐτῶν</span> <span class='ocrx_word' id='word_1_533' title='bbox 1322 1116 1461 1151; x_wconf 76' lang='grc' dir='ltr'>ὀνομάτων</span> <span class='ocrx_word' id='word_1_534' title='bbox 1478 1116 1645 1151; x_wconf 74' lang='grc' dir='ltr'>ἠξιωμένον·</span> <span class='ocrx_word' id='word_1_535' title='bbox 1668 1117 1715 1143; x_wconf 76' lang='grc' dir='ltr'>καὶ</span> <span class='ocrx_word' id='word_1_536' title='bbox 1735 1117 1788 1151; x_wconf 69' lang='grc' dir='ltr'><strong>τῆς</strong></span> 
     </span>
    </p>
   </div>
   <div class='ocr_carea' id='block_1_70' title="bbox 993 1160 1788 1197">
    <p class='ocr_par' dir='ltr' id='par_1_70' title="bbox 993 1160 1788 1197">
     <span class='ocr_line' id='line_1_70' title="bbox 993 1160 1788 1197; baseline 0.003 -11"><span class='ocrx_word' id='word_1_537' title='bbox 993 1160 1140 1195; x_wconf 79' lang='grc' dir='ltr'>συναφείας</span> <span class='ocrx_word' id='word_1_538' title='bbox 1160 1162 1225 1196; x_wconf 83' lang='grc' dir='ltr'>ἡμῖν</span> <span class='ocrx_word' id='word_1_539' title='bbox 1242 1162 1255 1187; x_wconf 90' lang='grc' dir='ltr'><strong>ό</strong></span> <span class='ocrx_word' id='word_1_540' title='bbox 1279 1161 1398 1197; x_wconf 77' lang='grc' dir='ltr'>τρόπος,</span> <span class='ocrx_word' id='word_1_541' title='bbox 1423 1162 1493 1188; x_wconf 81' lang='grc' dir='ltr'>κατὰ</span> <span class='ocrx_word' id='word_1_542' title='bbox 1516 1161 1597 1197; x_wconf 73' lang='grc' dir='ltr'>ψιλὴν</span> <span class='ocrx_word' id='word_1_543' title='bbox 1621 1162 1667 1188; x_wconf 65' lang='grc' dir='ltr'>καὶ</span> <span class='ocrx_word' id='word_1_544' title='bbox 1699 1162 1788 1197; x_wconf 77' lang='grc' dir='ltr'>μόνην</span> 
     </span>
    </p>
   </div>
   <div class='ocr_carea' id='block_1_71' title="bbox 992 1206 1788 1243">
    <p class='ocr_par' dir='ltr' id='par_1_71' title="bbox 992 1206 1788 1243">
     <span class='ocr_line' id='line_1_71' title="bbox 992 1206 1788 1243; baseline 0.003 -11"><span class='ocrx_word' id='word_1_545' title='bbox 992 1206 1069 1232; x_wconf 74' lang='grc' dir='ltr'>ἔσται</span> <span class='ocrx_word' id='word_1_546' title='bbox 1085 1206 1133 1242; x_wconf 85' lang='grc' dir='ltr'>τὴν</span> <span class='ocrx_word' id='word_1_547' title='bbox 1149 1207 1255 1242; x_wconf 81' lang='grc' dir='ltr'><strong>κλῆσιν,</strong></span> <span class='ocrx_word' id='word_1_548' title='bbox 1273 1208 1358 1243; x_wconf 81' lang='grc' dir='ltr'>ἢγουν</span> <span class='ocrx_word' id='word_1_549' title='bbox 1379 1208 1429 1243; x_wconf 82' lang='grc' dir='ltr'>τὴν</span> <span class='ocrx_word' id='word_1_550' title='bbox 1443 1209 1613 1243; x_wconf 82' lang='grc' dir='ltr'>ὁμωνυμίαν.</span> <span class='ocrx_word' id='word_1_551' title='bbox 1627 1207 1694 1235; x_wconf 81' lang='grc' dir='ltr'>Εἶτα</span> <span class='ocrx_word' id='word_1_552' title='bbox 1713 1208 1740 1234; x_wconf 78' lang='grc' dir='ltr'><em>τί</em></span> <span class='ocrx_word' id='word_1_553' title='bbox 1754 1209 1788 1234; x_wconf 72' lang='grc' dir='ltr'><strong>τὸ</strong></span> 
     </span>
    </p>
   </div>
   <div class='ocr_carea' id='block_1_72' title="bbox 991 1251 1787 1288">
    <p class='ocr_par' dir='ltr' id='par_1_72' title="bbox 991 1251 1787 1288">
     <span class='ocr_line' id='line_1_72' title="bbox 991 1251 1787 1288; baseline 0.001 -10"><span class='ocrx_word' id='word_1_554' title='bbox 991 1251 1042 1287; x_wconf 87' lang='grc' dir='ltr'>τῆς</span> <span class='ocrx_word' id='word_1_555' title='bbox 1063 1252 1298 1288; x_wconf 80' lang='grc' dir='ltr'>ὲνανθρωπήσεως</span> <span class='ocrx_word' id='word_1_556' title='bbox 1309 1253 1410 1279; x_wconf 83' lang='grc' dir='ltr'>νοεῖται</span> <span class='ocrx_word' id='word_1_557' title='bbox 1429 1253 1540 1288; x_wconf 83' lang='grc' dir='ltr'>χρῆμα;</span> <span class='ocrx_word' id='word_1_558' title='bbox 1558 1253 1583 1279; x_wconf 75' lang='grc' dir='ltr'>τί</span> <span class='ocrx_word' id='word_1_559' title='bbox 1598 1253 1626 1279; x_wconf 83' lang='grc' dir='ltr'><strong>δὲ</strong></span> <span class='ocrx_word' id='word_1_560' title='bbox 1642 1253 1709 1288; x_wconf 72' lang='grc' dir='ltr'>πρὸς</span> <span class='ocrx_word' id='word_1_561' title='bbox 1721 1252 1787 1279; x_wconf 81' lang='grc' dir='ltr'>τού-</span> 
     </span>
    </p>
   </div>
   <div class='ocr_carea' id='block_1_73' title="bbox 991 1298 1786 1335">
    <p class='ocr_par' dir='ltr' id='par_1_73' title="bbox 991 1298 1786 1335">
     <span class='ocr_line' id='line_1_73' title="bbox 991 1298 1786 1335; baseline 0 -10"><span class='ocrx_word' id='word_1_562' title='bbox 991 1307 1040 1334; x_wconf 82' lang='grc' dir='ltr'><strong>τῳ,</strong></span> <span class='ocrx_word' id='word_1_563' title='bbox 1055 1299 1103 1326; x_wconf 82' lang='grc' dir='ltr'>καὶ</span> <span class='ocrx_word' id='word_1_564' title='bbox 1123 1299 1163 1330; x_wconf 79' lang='grc' dir='ltr'>τὸ,</span> <span class='ocrx_word' id='word_1_565' title='bbox 1182 1300 1211 1325; x_wconf 82' lang='grc' dir='ltr'>ὲν</span> <span class='ocrx_word' id='word_1_566' title='bbox 1227 1300 1260 1334; x_wconf 79' lang='grc' dir='ltr'>τῇ</span> <span class='ocrx_word' id='word_1_567' title='bbox 1274 1298 1321 1325; x_wconf 78' lang='grc' dir='ltr'>τοῦ</span> <span class='ocrx_word' id='word_1_568' title='bbox 1336 1298 1429 1325; x_wconf 80' lang='grc' dir='ltr'>δούλου</span> <span class='ocrx_word' id='word_1_569' title='bbox 1450 1299 1610 1326; x_wconf 72' lang='grc' dir='ltr'>καθικέσθαι</span> <span class='ocrx_word' id='word_1_570' title='bbox 1625 1301 1734 1335; x_wconf 81' lang='grc' dir='ltr'>μορφῇ;</span> <span class='ocrx_word' id='word_1_571' title='bbox 1752 1299 1786 1325; x_wconf 84' lang='grc' dir='ltr'><strong>Εἰ</strong></span> 
     </span>
    </p>
   </div>
   <div class='ocr_carea' id='block_1_74' title="bbox 990 1343 1786 1380">
    <p class='ocr_par' dir='ltr' id='par_1_74' title="bbox 990 1343 1786 1380">
     <span class='ocr_line' id='line_1_74' title="bbox 990 1343 1786 1380; baseline 0 -10"><span class='ocrx_word' id='word_1_572' title='bbox 990 1344 1045 1379; x_wconf 82' lang='grc' dir='ltr'><strong>γάρ</strong></span> <span class='ocrx_word' id='word_1_573' title='bbox 1066 1345 1126 1370; x_wconf 84' lang='grc' dir='ltr'>ὲστι</span> <span class='ocrx_word' id='word_1_574' title='bbox 1139 1344 1200 1370; x_wconf 85' lang='grc' dir='ltr'>κατ’</span> <span class='ocrx_word' id='word_1_575' title='bbox 1221 1343 1303 1370; x_wconf 79' lang='grc' dir='ltr'>αὑτὸν</span> <span class='ocrx_word' id='word_1_576' title='bbox 1322 1343 1336 1369; x_wconf 82' lang='grc' dir='ltr'>ὁ</span> <span class='ocrx_word' id='word_1_577' title='bbox 1356 1344 1405 1378; x_wconf 79' lang='grc' dir='ltr'>τῆς</span> <span class='ocrx_word' id='word_1_578' title='bbox 1427 1344 1660 1380; x_wconf 80' lang='grc' dir='ltr'>ὲνανθρωπήσεως</span> <span class='ocrx_word' id='word_1_579' title='bbox 1680 1344 1786 1380; x_wconf 76' lang='grc' dir='ltr'>τρόπος</span> 
     </span>
    </p>
   </div>
   <div class='ocr_carea' id='block_1_75' title="bbox 991 1389 1785 1425">
    <p class='ocr_par' dir='ltr' id='par_1_75' title="bbox 991 1389 1785 1425">
     <span class='ocr_line' id='line_1_75' title="bbox 991 1389 1785 1425; baseline 0.001 -10"><span class='ocrx_word' id='word_1_580' title='bbox 991 1389 1126 1423; x_wconf 78' lang='grc' dir='ltr'>συνάφειᾱ</span> <span class='ocrx_word' id='word_1_581' title='bbox 1138 1397 1181 1421; x_wconf 82' lang='grc' dir='ltr'><strong>τις</strong></span> <span class='ocrx_word' id='word_1_582' title='bbox 1197 1389 1274 1425; x_wconf 76' lang='grc' dir='ltr'>ψιλὴ,</span> <span class='ocrx_word' id='word_1_583' title='bbox 1295 1389 1343 1416; x_wconf 74' lang='grc' dir='ltr'>καὶ</span> <span class='ocrx_word' id='word_1_584' title='bbox 1360 1390 1431 1417; x_wconf 80' lang='grc' dir='ltr'>κατὰ</span> <span class='ocrx_word' id='word_1_585' title='bbox 1448 1389 1528 1425; x_wconf 81' lang='grc' dir='ltr'>μόνον</span> <span class='ocrx_word' id='word_1_586' title='bbox 1548 1390 1597 1425; x_wconf 83' lang='grc' dir='ltr'>τῆς</span> <span class='ocrx_word' id='word_1_587' title='bbox 1616 1390 1737 1425; x_wconf 72' lang='grc' dir='ltr'>υἱότητος</span> <span class='ocrx_word' id='word_1_588' title='bbox 1754 1390 1785 1416; x_wconf 53' lang='grc' dir='ltr'>τὸ</span> 
     </span>
    </p>
   </div>
   <div class='ocr_carea' id='block_1_76' title="bbox 990 1435 1785 1471">
    <p class='ocr_par' dir='ltr' id='par_1_76' title="bbox 990 1435 1785 1471">
     <span class='ocr_line' id='line_1_76' title="bbox 990 1435 1785 1471; baseline 0.001 -9"><span class='ocrx_word' id='word_1_589' title='bbox 990 1435 1108 1471; x_wconf 80' lang='grc' dir='ltr'>ἀξίωμα,</span> <span class='ocrx_word' id='word_1_590' title='bbox 1120 1435 1146 1462; x_wconf 84' lang='grc' dir='ltr'>τί</span> <span class='ocrx_word' id='word_1_591' title='bbox 1159 1435 1189 1462; x_wconf 84' lang='grc' dir='ltr'>τδ</span> <span class='ocrx_word' id='word_1_592' title='bbox 1207 1435 1311 1462; x_wconf 79' lang='grc' dir='ltr'>κωλὺον</span> <span class='ocrx_word' id='word_1_593' title='bbox 1330 1435 1369 1462; x_wconf 76' lang='grc' dir='ltr'>ἔτι</span> <span class='ocrx_word' id='word_1_594' title='bbox 1388 1436 1435 1462; x_wconf 79' lang='grc' dir='ltr'>καὶ</span> <span class='ocrx_word' id='word_1_595' title='bbox 1455 1436 1502 1462; x_wconf 75' lang='grc' dir='ltr'><strong>ἐπὶ</strong></span> <span class='ocrx_word' id='word_1_596' title='bbox 1520 1437 1575 1468; x_wconf 72' lang='grc' dir='ltr'>τοῖς,</span> <span class='ocrx_word' id='word_1_597' title='bbox 1593 1436 1682 1468; x_wconf 78' lang='grc' dir='ltr'>ἄλλοις</span> <span class='ocrx_word' id='word_1_598' title='bbox 1696 1437 1785 1463; x_wconf 77' lang='grc' dir='ltr'>ἅπασι</span> 
     </span>
    </p>
   </div>
   <div class='ocr_carea' id='block_1_77' title="bbox 990 1481 1783 1517">
    <p class='ocr_par' dir='ltr' id='par_1_77' title="bbox 990 1481 1783 1517">
     <span class='ocr_line' id='line_1_77' title="bbox 990 1481 1783 1517; baseline 0 -9"><span class='ocrx_word' id='word_1_599' title='bbox 990 1481 1147 1517; x_wconf 74' lang='grc' dir='ltr'>πεπρᾶχθαι</span> <span class='ocrx_word' id='word_1_600' title='bbox 1162 1481 1253 1516; x_wconf 85' lang='grc' dir='ltr'>λέγειν</span> <span class='ocrx_word' id='word_1_601' title='bbox 1269 1482 1371 1517; x_wconf 80' lang='grc' dir='ltr'>αὑτήν;</span> <span class='ocrx_word' id='word_1_602' title='bbox 1390 1482 1459 1508; x_wconf 83' lang='grc' dir='ltr'>Ἀλλ“</span> <span class='ocrx_word' id='word_1_603' title='bbox 1471 1482 1521 1516; x_wconf 79' lang='grc' dir='ltr'>δρα</span> <span class='ocrx_word' id='word_1_604' title='bbox 1531 1482 1586 1516; x_wconf 80' lang='lat' dir='ltr'><strong>(l5)</strong></span> <span class='ocrx_word' id='word_1_605' title='bbox 1600 1491 1650 1509; x_wconf 78' lang='grc' dir='ltr'><strong>που</strong></span> <span class='ocrx_word' id='word_1_606' title='bbox 1662 1483 1783 1513; x_wconf 72' lang='grc' dir='ltr'>πάντως,</span> 
     </span>
    </p>
   </div>
   <div class='ocr_carea' id='block_1_78' title="bbox 990 1526 1784 1563">
    <p class='ocr_par' dir='ltr' id='par_1_78' title="bbox 990 1526 1784 1563">
     <span class='ocr_line' id='line_1_78' title="bbox 990 1526 1784 1563; baseline 0 -9"><span class='ocrx_word' id='word_1_607' title='bbox 990 1529 1004 1554; x_wconf 84' lang='grc' dir='ltr'><strong>ό</strong></span> <span class='ocrx_word' id='word_1_608' title='bbox 1019 1527 1183 1563; x_wconf 79' lang='grc' dir='ltr'>φιλομαθὴς,</span> <span class='ocrx_word' id='word_1_609' title='bbox 1197 1527 1245 1554; x_wconf 82' lang='grc' dir='ltr'>τοῦ</span> <span class='ocrx_word' id='word_1_610' title='bbox 1260 1528 1340 1562; x_wconf 84' lang='grc' dir='ltr'>λόγου</span> <span class='ocrx_word' id='word_1_611' title='bbox 1355 1528 1385 1554; x_wconf 79' lang='grc' dir='ltr'>τὸ</span> <span class='ocrx_word' id='word_1_612' title='bbox 1400 1528 1526 1560; x_wconf 78' lang='grc' dir='ltr'>ἀκαλλὲς.</span> <span class='ocrx_word' id='word_1_613' title='bbox 1542 1528 1591 1554; x_wconf 88' lang='grc' dir='ltr'><strong>Ποῖ</strong></span> <span class='ocrx_word' id='word_1_614' title='bbox 1602 1527 1633 1563; x_wconf 84' lang='grc' dir='ltr'><strong>δὴ</strong></span> <span class='ocrx_word' id='word_1_615' title='bbox 1649 1526 1696 1554; x_wconf 78' lang='grc' dir='ltr'>οὖν</span> <span class='ocrx_word' id='word_1_616' title='bbox 1711 1528 1784 1554; x_wconf 75' lang='grc' dir='ltr'><strong>ἀπο⁴</strong></span> 
     </span>
    </p>
   </div>
   <div class='ocr_carea' id='block_1_79' title="bbox 991 1572 1785 1609">
    <p class='ocr_par' dir='ltr' id='par_1_79' title="bbox 991 1572 1785 1609">
     <span class='ocr_line' id='line_1_79' title="bbox 991 1572 1785 1609; baseline -0.001 -9"><span class='ocrx_word' id='word_1_617' title='bbox 991 1574 1104 1609; x_wconf 78' lang='grc' dir='ltr'>φέρεται</span> <span class='ocrx_word' id='word_1_618' title='bbox 1128 1573 1196 1609; x_wconf 84' lang='grc' dir='ltr'>πρὸς</span> <span class='ocrx_word' id='word_1_619' title='bbox 1216 1573 1233 1600; x_wconf 80' lang='grc' dir='ltr'>ἃ</span> <span class='ocrx_word' id='word_1_620' title='bbox 1253 1573 1291 1609; x_wconf 83' lang='grc' dir='ltr'>μὴ</span> <span class='ocrx_word' id='word_1_621' title='bbox 1315 1573 1394 1608; x_wconf 80' lang='grc' dir='ltr'>Θέμις</span> <span class='ocrx_word' id='word_1_622' title='bbox 1409 1572 1579 1608; x_wconf 56' lang='grc' dir='ltr'>ἐξεστηκὼς</span> <span class='ocrx_word' id='word_1_623' title='bbox 1596 1573 1743 1608; x_wconf 79' lang='grc' dir='ltr'><strong>Εἰρήσεται</strong></span> <span class='ocrx_word' id='word_1_624' title='bbox 1756 1573 1785 1599; x_wconf 80' lang='grc' dir='ltr'><strong>δὲ</strong></span> 
     </span>
    </p>
   </div>
   <div class='ocr_carea' id='block_1_80' title="bbox 991 1619 1785 1656">
    <p class='ocr_par' dir='ltr' id='par_1_80' title="bbox 991 1619 1785 1656">
     <span class='ocr_line' id='line_1_80' title="bbox 991 1619 1785 1656; baseline 0 -10"><span class='ocrx_word' id='word_1_625' title='bbox 991 1619 1058 1655; x_wconf 73' lang='grc' dir='ltr'>πρὸς</span> <span class='ocrx_word' id='word_1_626' title='bbox 1074 1620 1152 1655; x_wconf 61' lang='grc' dir='ltr'>ἡμῶν</span> <span class='ocrx_word' id='word_1_627' title='bbox 1161 1619 1234 1655; x_wconf 81' lang='grc' dir='ltr'>αὐτῴ</span> <span class='ocrx_word' id='word_1_628' title='bbox 1251 1620 1279 1646; x_wconf 77' lang='grc' dir='ltr'>τὸ</span> <span class='ocrx_word' id='word_1_629' title='bbox 1294 1619 1338 1646; x_wconf 67' lang='grc' dir='ltr'><strong>διὲι⁵</strong></span> <span class='ocrx_word' id='word_1_630' title='bbox 1353 1620 1400 1654; x_wconf 80' lang='grc' dir='ltr'>τῆς</span> <span class='ocrx_word' id='word_1_631' title='bbox 1417 1619 1549 1656; x_wconf 73' lang='grc' dir='ltr'>Ἰερεμίου</span> <span class='ocrx_word' id='word_1_632' title='bbox 1566 1619 1660 1654; x_wconf 76' lang='grc' dir='ltr'>φωνῆς</span> <span class='ocrx_word' id='word_1_633' title='bbox 1670 1628 1677 1634; x_wconf 94' lang='grc'><strong>·</strong></span> <span class='ocrx_word' id='word_1_634' title='bbox 1690 1629 1699 1645; x_wconf 82' lang='grc' dir='ltr'><strong>ι</strong></span> <span class='ocrx_word' id='word_1_635' title='bbox 1716 1619 1785 1652; x_wconf 68' lang='grc' dir='ltr'>Ταῖς</span> 
     </span>
    </p>
   </div>
   <div class='ocr_carea' id='block_1_81' title="bbox 991 1665 1786 1702">
    <p class='ocr_par' dir='ltr' id='par_1_81' title="bbox 991 1665 1786 1702">
     <span class='ocr_line' id='line_1_81' title="bbox 991 1665 1786 1702; baseline 0.001 -10"><span class='ocrx_word' id='word_1_636' title='bbox 991 1666 1144 1697; x_wconf 82' lang='grc' dir='ltr'>πολυοόιαις</span> <span class='ocrx_word' id='word_1_637' title='bbox 1160 1674 1206 1692; x_wconf 85' lang='grc' dir='ltr'><strong>σου</strong></span> <span class='ocrx_word' id='word_1_638' title='bbox 1224 1666 1397 1697; x_wconf 69' lang='grc' dir='ltr'>ἐκοπίασας.»</span> <span class='ocrx_word' id='word_1_639' title='bbox 1413 1665 1614 1697; x_wconf 77' lang='grc' dir='ltr'>Κλυδωνίζεται</span> <span class='ocrx_word' id='word_1_640' title='bbox 1628 1666 1683 1702; x_wconf 85' lang='grc' dir='ltr'>γὰρ</span> <span class='ocrx_word' id='word_1_641' title='bbox 1690 1666 1786 1701; x_wconf 82' lang='grc' dir='ltr'>ἀνέμῳ</span> 
     </span>
    </p>
   </div>
   <div class='ocr_carea' id='block_1_82' title="bbox 991 1711 1787 1747">
    <p class='ocr_par' dir='ltr' id='par_1_82' title="bbox 991 1711 1787 1747">
     <span class='ocr_line' id='line_1_82' title="bbox 991 1711 1787 1747; baseline 0 -9"><span class='ocrx_word' id='word_1_642' title='bbox 991 1712 1074 1738; x_wconf 77' lang='grc' dir='ltr'>παντὶ</span> <span class='ocrx_word' id='word_1_643' title='bbox 1087 1712 1314 1747; x_wconf 81' lang='grc' dir='ltr'>περιφερόμενος,</span> <span class='ocrx_word' id='word_1_644' title='bbox 1333 1712 1405 1739; x_wconf 79' lang='grc' dir='ltr'>καθά</span> <span class='ocrx_word' id='word_1_645' title='bbox 1419 1713 1524 1747; x_wconf 81' lang='grc' dir='ltr'>φησινὸ</span> <span class='ocrx_word' id='word_1_646' title='bbox 1539 1711 1696 1746; x_wconf 82' lang='grc' dir='ltr'>σοφώτατος</span> <span class='ocrx_word' id='word_1_647' title='bbox 1715 1712 1787 1738; x_wconf 74' lang='grc' dir='ltr'><strong>Παῦ-</strong></span> 
     </span>
    </p>
   </div>
   <div class='ocr_carea' id='block_1_83' title="bbox 991 1757 1786 1793">
    <p class='ocr_par' dir='ltr' id='par_1_83' title="bbox 991 1757 1786 1793">
     <span class='ocr_line' id='line_1_83' title="bbox 991 1757 1786 1793; baseline -0.001 -9"><span class='ocrx_word' id='word_1_648' title='bbox 991 1758 1048 1789; x_wconf 89' lang='grc' dir='ltr'>λος.</span> <span class='ocrx_word' id='word_1_649' title='bbox 1061 1757 1166 1784; x_wconf 77' lang='grc' dir='ltr'>Οὺκοῦν</span> <span class='ocrx_word' id='word_1_650' title='bbox 1180 1757 1258 1792; x_wconf 76' lang='grc' dir='ltr'>δέχου</span> <span class='ocrx_word' id='word_1_651' title='bbox 1276 1758 1324 1793; x_wconf 78' lang='grc' dir='ltr'>τὴν</span> <span class='ocrx_word' id='word_1_652' title='bbox 1339 1757 1462 1793; x_wconf 72' lang='grc' dir='ltr'>ἄγκυραν</span> <span class='ocrx_word' id='word_1_653' title='bbox 1475 1757 1523 1792; x_wconf 79' lang='grc' dir='ltr'>τῆς</span> <span class='ocrx_word' id='word_1_654' title='bbox 1537 1757 1625 1793; x_wconf 73' lang='grc' dir='ltr'>ψυχῆς</span> <span class='ocrx_word' id='word_1_655' title='bbox 1637 1758 1685 1793; x_wconf 81' lang='grc' dir='ltr'>τὴν</span> <span class='ocrx_word' id='word_1_656' title='bbox 1697 1758 1786 1792; x_wconf 64' lang='grc' dir='ltr'>ἀσφα-</span> 
     </span>
    </p>
   </div>
   <div class='ocr_carea' id='block_1_84' title="bbox 990 1804 1786 1840">
    <p class='ocr_par' dir='ltr' id='par_1_84' title="bbox 990 1804 1786 1840">
     <span class='ocr_line' id='line_1_84' title="bbox 990 1804 1786 1840; baseline 0.001 -10"><span class='ocrx_word' id='word_1_657' title='bbox 990 1804 1025 1839; x_wconf 88' lang='grc' dir='ltr'>λῆ</span> <span class='ocrx_word' id='word_1_658' title='bbox 1039 1805 1087 1831; x_wconf 86' lang='grc' dir='ltr'>καὶ</span> <span class='ocrx_word' id='word_1_659' title='bbox 1103 1804 1227 1839; x_wconf 78' lang='grc' dir='ltr'>βεϐαίαν,</span> <span class='ocrx_word' id='word_1_660' title='bbox 1244 1806 1342 1840; x_wconf 75' lang='grc' dir='ltr'>στῆσον</span> <span class='ocrx_word' id='word_1_661' title='bbox 1360 1805 1406 1831; x_wconf 74' lang='grc' dir='ltr'><strong>ἐπὶ</strong></span> <span class='ocrx_word' id='word_1_662' title='bbox 1427 1805 1531 1840; x_wconf 79' lang='grc' dir='ltr'>πέτραν</span> <span class='ocrx_word' id='word_1_663' title='bbox 1543 1806 1605 1836; x_wconf 74' lang='grc' dir='ltr'>τοὺς</span> <span class='ocrx_word' id='word_1_664' title='bbox 1621 1805 1719 1832; x_wconf 75' lang='grc' dir='ltr'>ἑαυτοῦ</span> <span class='ocrx_word' id='word_1_665' title='bbox 1737 1805 1786 1831; x_wconf 54' lang='grc' dir='ltr'>πό,</span> 
     </span>
    </p>
   </div>
   <div class='ocr_carea' id='block_1_85' title="bbox 989 1850 1784 1887">
    <p class='ocr_par' dir='ltr' id='par_1_85' title="bbox 989 1850 1784 1887">
     <span class='ocr_line' id='line_1_85' title="bbox 989 1850 1784 1887; baseline 0.003 -11"><span class='ocrx_word' id='word_1_666' title='bbox 989 1850 1049 1882; x_wconf 79' lang='grc' dir='ltr'>δας.</span> <span class='ocrx_word' id='word_1_667' title='bbox 1064 1851 1095 1876; x_wconf 85' lang='grc' dir='ltr'>Εἰ</span> <span class='ocrx_word' id='word_1_668' title='bbox 1115 1851 1323 1886; x_wconf 82' lang='grc' dir='ltr'>ὲνανθρωπῆσαι</span> <span class='ocrx_word' id='word_1_669' title='bbox 1336 1851 1391 1887; x_wconf 77' lang='grc' dir='ltr'><strong>φὴς</strong></span> <span class='ocrx_word' id='word_1_670' title='bbox 1410 1850 1456 1877; x_wconf 83' lang='grc' dir='ltr'>τὸν</span> <span class='ocrx_word' id='word_1_671' title='bbox 1476 1850 1522 1877; x_wconf 77' lang='grc' dir='ltr'>τοῦ</span> <span class='ocrx_word' id='word_1_672' title='bbox 1539 1850 1605 1877; x_wconf 77' lang='grc' dir='ltr'>Θεοῦ</span> <span class='ocrx_word' id='word_1_673' title='bbox 1620 1851 1717 1885; x_wconf 77' lang='grc' dir='ltr'>Λόγον.</span> <span class='ocrx_word' id='word_1_674' title='bbox 1733 1852 1784 1886; x_wconf 68' lang='grc' dir='ltr'><strong>ἀρ-</strong></span> 
     </span>
    </p>
   </div>
   <div class='ocr_carea' id='block_1_86' title="bbox 992 1897 1784 1933">
    <p class='ocr_par' dir='ltr' id='par_1_86' title="bbox 992 1897 1784 1933">
     <span class='ocr_line' id='line_1_86' title="bbox 992 1897 1784 1933; baseline 0 -9"><span class='ocrx_word' id='word_1_675' title='bbox 992 1897 1069 1924; x_wconf 80' lang='grc' dir='ltr'>κέσει</span> <span class='ocrx_word' id='word_1_676' title='bbox 1083 1897 1161 1924; x_wconf 82' lang='grc' dir='ltr'>τοῦτο</span> <span class='ocrx_word' id='word_1_677' title='bbox 1178 1897 1247 1931; x_wconf 82' lang='grc' dir='ltr'>πρὸς</span> <span class='ocrx_word' id='word_1_678' title='bbox 1267 1897 1382 1933; x_wconf 74' lang='grc' dir='ltr'>δήλωσιν</span> <span class='ocrx_word' id='word_1_679' title='bbox 1405 1898 1451 1924; x_wconf 78' lang='grc' dir='ltr'>τοῦ</span> <span class='ocrx_word' id='word_1_680' title='bbox 1474 1897 1535 1924; x_wconf 82' lang='grc' dir='ltr'>καθ’</span> <span class='ocrx_word' id='word_1_681' title='bbox 1559 1899 1633 1933; x_wconf 72' lang='grc' dir='ltr'>ἡμᾶς</span> <span class='ocrx_word' id='word_1_682' title='bbox 1654 1898 1784 1932; x_wconf 77' lang='grc' dir='ltr'>γενέσθαι</span> 
     </span>
    </p>
   </div>
   <div class='ocr_carea' id='block_1_87' title="bbox 989 1943 1785 1980">
    <p class='ocr_par' dir='ltr' id='par_1_87' title="bbox 989 1943 1785 1980">
     <span class='ocr_line' id='line_1_87' title="bbox 989 1943 1785 1980; baseline 0 -10"><span class='ocrx_word' id='word_1_683' title='bbox 989 1944 1036 1970; x_wconf 80' lang='grc' dir='ltr'><strong>τὸν</strong></span> <span class='ocrx_word' id='word_1_684' title='bbox 1051 1943 1123 1980; x_wconf 82' lang='grc' dir='ltr'>ὑπὲρ</span> <span class='ocrx_word' id='word_1_685' title='bbox 1147 1945 1239 1970; x_wconf 82' lang='grc' dir='ltr'>πᾶσαν</span> <span class='ocrx_word' id='word_1_686' title='bbox 1253 1943 1304 1979; x_wconf 86' lang='grc' dir='ltr'>τὴν</span> <span class='ocrx_word' id='word_1_687' title='bbox 1319 1944 1424 1971; x_wconf 77' lang='grc' dir='ltr'>κτίσιν·</span> <span class='ocrx_word' id='word_1_688' title='bbox 1448 1944 1528 1970; x_wconf 77' lang='grc' dir='ltr'>ἔλαϐε</span> <span class='ocrx_word' id='word_1_689' title='bbox 1554 1944 1602 1979; x_wconf 77' lang='grc' dir='ltr'>τὴν</span> <span class='ocrx_word' id='word_1_690' title='bbox 1622 1943 1669 1970; x_wconf 77' lang='grc' dir='ltr'>τοῦ</span> <span class='ocrx_word' id='word_1_691' title='bbox 1689 1944 1785 1970; x_wconf 69' lang='grc' dir='ltr'>δούλου</span> 
     </span>
    </p>
   </div>
   <div class='ocr_carea' id='block_1_88' title="bbox 991 1988 1784 2025">
    <p class='ocr_par' dir='ltr' id='par_1_88' title="bbox 991 1988 1784 2025">
     <span class='ocr_line' id='line_1_88' title="bbox 991 1988 1784 2025; baseline 0 -9"><span class='ocrx_word' id='word_1_692' title='bbox 991 1990 1108 2025; x_wconf 85' lang='grc' dir='ltr'>μορφὴν,</span> <span class='ocrx_word' id='word_1_693' title='bbox 1122 1989 1210 2016; x_wconf 83' lang='grc' dir='ltr'>καίτοι</span> <span class='ocrx_word' id='word_1_694' title='bbox 1221 1990 1272 2025; x_wconf 83' lang='grc' dir='ltr'>τὴν</span> <span class='ocrx_word' id='word_1_695' title='bbox 1286 1989 1443 2025; x_wconf 73' lang='grc' dir='ltr'>ἐλευθερίαν</span> <span class='ocrx_word' id='word_1_696' title='bbox 1456 1990 1526 2025; x_wconf 76' lang='grc' dir='ltr'>ἔχων</span> <span class='ocrx_word' id='word_1_697' title='bbox 1535 1989 1571 2022; x_wconf 83' lang='grc' dir='ltr'>ὠς</span> <span class='ocrx_word' id='word_1_698' title='bbox 1582 1988 1716 2021; x_wconf 58' lang='grc' dir='ltr'>ΘεόςῘΗν</span> <span class='ocrx_word' id='word_1_699' title='bbox 1729 1991 1784 2025; x_wconf 70' lang='grc' dir='ltr'><strong>γὰρ</strong></span> 
     </span>
    </p>
   </div>
   <div class='ocr_carea' id='block_1_89' title="bbox 990 2035 1784 2071">
    <p class='ocr_par' dir='ltr' id='par_1_89' title="bbox 990 2035 1784 2071">
     <span class='ocr_line' id='line_1_89' title="bbox 990 2035 1784 2071; baseline 0 -9"><span class='ocrx_word' id='word_1_700' title='bbox 990 2036 1020 2062; x_wconf 86' lang='grc' dir='ltr'>ὲν</span> <span class='ocrx_word' id='word_1_701' title='bbox 1039 2036 1143 2071; x_wconf 84' lang='grc' dir='ltr'>ἰσότητι</span> <span class='ocrx_word' id='word_1_702' title='bbox 1157 2035 1205 2062; x_wconf 79' lang='grc' dir='ltr'><strong>τοῦ</strong></span> <span class='ocrx_word' id='word_1_703' title='bbox 1219 2035 1336 2071; x_wconf 81' lang='grc' dir='ltr'>Πατρὸς,</span> <span class='ocrx_word' id='word_1_704' title='bbox 1352 2035 1399 2062; x_wconf 80' lang='grc' dir='ltr'>τοῦ</span> <span class='ocrx_word' id='word_1_705' title='bbox 1413 2036 1443 2062; x_wconf 86' lang='grc' dir='ltr'><strong>τὺ</strong></span> <span class='ocrx_word' id='word_1_706' title='bbox 1460 2036 1532 2062; x_wconf 70' lang='grc' dir='ltr'>κατὰ</span> <span class='ocrx_word' id='word_1_707' title='bbox 1549 2035 1658 2062; x_wconf 78' lang='grc' dir='ltr'>πάντων</span> <span class='ocrx_word' id='word_1_708' title='bbox 1672 2036 1784 2071; x_wconf 75' lang='grc' dir='ltr'>ἔχοντος</span> 
     </span>
    </p>
   </div>
   <div class='ocr_carea' id='block_1_90' title="bbox 990 2079 1782 2122">
    <p class='ocr_par' dir='ltr' id='par_1_90' title="bbox 990 2079 1782 2122">
     <span class='ocr_line' id='line_1_90' title="bbox 990 2079 1782 2122; baseline 0.001 -15"><span class='ocrx_word' id='word_1_709' title='bbox 990 2079 1101 2115; x_wconf 76' lang='grc' dir='ltr'>κράτος.</span> <span class='ocrx_word' id='word_1_710' title='bbox 1120 2081 1228 2107; x_wconf 79' lang='grc' dir='ltr'>Παῦσαι</span> <span class='ocrx_word' id='word_1_711' title='bbox 1238 2080 1351 2116; x_wconf 84' lang='grc' dir='ltr'>διαιρῶν</span> <span class='ocrx_word' id='word_1_712' title='bbox 1365 2080 1414 2110; x_wconf 80' lang='grc' dir='ltr'><strong>τὰς</strong></span> <span class='ocrx_word' id='word_1_713' title='bbox 1427 2080 1522 2122; x_wconf 49' lang='lat' dir='ltr'><strong>(pulsi;</strong></span> <span class='ocrx_word' id='word_1_714' title='bbox 1537 2081 1606 2116; x_wconf 84' lang='grc' dir='ltr'>μετὰ</span> <span class='ocrx_word' id='word_1_715' title='bbox 1615 2081 1664 2115; x_wconf 80' lang='grc' dir='ltr'>τὴν</span> <span class='ocrx_word' id='word_1_716' title='bbox 1673 2081 1782 2108; x_wconf 79' lang='grc' dir='ltr'>ἕνωσιν.</span> 
     </span>
    </p>
   </div>
   <div class='ocr_carea' id='block_1_91' title="bbox 990 2126 1784 2162">
    <p class='ocr_par' dir='ltr' id='par_1_91' title="bbox 990 2126 1784 2162">
     <span class='ocr_line' id='line_1_91' title="bbox 990 2126 1784 2162; baseline 0 -9"><span class='ocrx_word' id='word_1_717' title='bbox 990 2126 1053 2154; x_wconf 85' lang='grc' dir='ltr'>’Ότι</span> <span class='ocrx_word' id='word_1_718' title='bbox 1065 2126 1114 2161; x_wconf 77' lang='grc' dir='ltr'>μὲν</span> <span class='ocrx_word' id='word_1_719' title='bbox 1122 2126 1175 2162; x_wconf 74' lang='grc' dir='ltr'>γὰρ</span> <span class='ocrx_word' id='word_1_720' title='bbox 1189 2126 1281 2160; x_wconf 73' lang='grc' dir='ltr'>ἔτερόν</span> <span class='ocrx_word' id='word_1_721' title='bbox 1295 2135 1331 2157; x_wconf 81' lang='grc' dir='ltr'><strong>τι,</strong></span> <span class='ocrx_word' id='word_1_722' title='bbox 1342 2126 1389 2152; x_wconf 69' lang='grc' dir='ltr'>καὶ</span> <span class='ocrx_word' id='word_1_723' title='bbox 1407 2126 1501 2162; x_wconf 74' lang='grc' dir='ltr'>ἕτερόν</span> <span class='ocrx_word' id='word_1_724' title='bbox 1511 2128 1584 2153; x_wconf 72' lang='grc' dir='ltr'>ἐστιν</span> <span class='ocrx_word' id='word_1_725' title='bbox 1595 2127 1612 2162; x_wconf 74' lang='grc' dir='ltr'>ἦ</span> <span class='ocrx_word' id='word_1_726' title='bbox 1623 2135 1653 2153; x_wconf 82' lang='grc' dir='ltr'><strong>τε</strong></span> <span class='ocrx_word' id='word_1_727' title='bbox 1665 2127 1726 2153; x_wconf 75' lang='grc' dir='ltr'>θεία</span> <span class='ocrx_word' id='word_1_728' title='bbox 1736 2128 1784 2154; x_wconf 74' lang='grc' dir='ltr'><strong>καὶ</strong></span> 
     </span>
    </p>
   </div>
   <div class='ocr_carea' id='block_1_92' title="bbox 988 2172 1784 2208">
    <p class='ocr_par' dir='ltr' id='par_1_92' title="bbox 988 2172 1784 2208">
     <span class='ocr_line' id='line_1_92' title="bbox 988 2172 1784 2208; baseline -0.001 -9"><span class='ocrx_word' id='word_1_729' title='bbox 988 2173 1005 2207; x_wconf 86' lang='grc' dir='ltr'><strong>ἡ</strong></span> <span class='ocrx_word' id='word_1_730' title='bbox 1018 2172 1163 2208; x_wconf 80' lang='grc' dir='ltr'>ἀνθρώπου</span> <span class='ocrx_word' id='word_1_731' title='bbox 1179 2172 1269 2207; x_wconf 74' lang='grc' dir='ltr'>φύσις,</span> <span class='ocrx_word' id='word_1_732' title='bbox 1280 2172 1381 2207; x_wconf 78' lang='grc' dir='ltr'>πρέποι</span> <span class='ocrx_word' id='word_1_733' title='bbox 1398 2172 1431 2198; x_wconf 81' lang='grc' dir='ltr'>ἂν</span> <span class='ocrx_word' id='word_1_734' title='bbox 1447 2172 1556 2204; x_wconf 77' lang='grc' dir='ltr'>εἰδέναι,</span> <span class='ocrx_word' id='word_1_735' title='bbox 1573 2172 1619 2199; x_wconf 76' lang='grc' dir='ltr'><strong>καὶ</strong></span> <span class='ocrx_word' id='word_1_736' title='bbox 1633 2173 1784 2206; x_wconf 73' lang='grc' dir='ltr'>ἀναγκαῖον</span> 
     </span>
    </p>
   </div>
   <div class='ocr_carea' id='block_1_93' title="bbox 150 2217 893 2256">
    <p class='ocr_par' dir='ltr' id='par_1_93' title="bbox 150 2219 893 2256">
     <span class='ocr_line' id='line_1_93' title="bbox 150 2219 893 2256; baseline 0.007 -11"><span class='ocrx_word' id='word_1_737' title='bbox 150 2225 233 2252; x_wconf 80' lang='lat' dir='ltr'><strong>super</strong></span> <span class='ocrx_word' id='word_1_738' title='bbox 258 2219 350 2246; x_wconf 87' lang='lat' dir='ltr'><strong>omnia</strong></span> <span class='ocrx_word' id='word_1_739' title='bbox 376 2219 480 2248; x_wconf 88' lang='lat' dir='ltr'><strong>obtinet</strong></span> <span class='ocrx_word' id='word_1_740' title='bbox 508 2220 664 2256; x_wconf 87' lang='lat' dir='ltr'><strong>imperium.</strong></span> <span class='ocrx_word' id='word_1_741' title='bbox 692 2221 791 2251; x_wconf 89' lang='lat' dir='ltr'><strong>Desine</strong></span> <span class='ocrx_word' id='word_1_742' title='bbox 814 2224 893 2252; x_wconf 49' lang='lat' dir='ltr'><strong>dividi</strong></span> 
     </span>
    </p>
   </div>
   <div class='ocr_carea' id='block_1_94' title="bbox 1040 2217 1783 2256">
    <p class='ocr_par' dir='ltr' id='par_1_94' title="bbox 1040 2217 1783 2253">
     <span class='ocr_line' id='line_1_94' title="bbox 1040 2217 1783 2253; baseline 0 -9"><span class='ocrx_word' id='word_1_743' title='bbox 1040 2217 1058 2244; x_wconf 87' lang='grc' dir='ltr'><strong>ιί</strong></span> <span class='ocrx_word' id='word_1_744' title='bbox 1077 2226 1148 2253; x_wconf 76' lang='grc' dir='ltr'>φημι</span> <span class='ocrx_word' id='word_1_745' title='bbox 1162 2219 1218 2250; x_wconf 82' lang='grc' dir='ltr'>τοῖς</span> <span class='ocrx_word' id='word_1_746' title='bbox 1233 2217 1388 2253; x_wconf 82' lang='grc' dir='ltr'>ἀρτίφροσι.</span> <span class='ocrx_word' id='word_1_747' title='bbox 1406 2219 1571 2253; x_wconf 84' lang='grc' dir='ltr'>Διεστήκασι</span> <span class='ocrx_word' id='word_1_748' title='bbox 1586 2218 1640 2252; x_wconf 75' lang='grc' dir='ltr'>γὰρ</span> <span class='ocrx_word' id='word_1_749' title='bbox 1658 2218 1783 2252; x_wconf 78' lang='grc' dir='ltr'>ἀλλήλων</span> 
     </span>
    </p>
   </div>
   <div class='ocr_carea' id='block_1_95' title="bbox 151 2263 894 2306">
    <p class='ocr_par' dir='ltr' id='par_1_95' title="bbox 151 2266 890 2306">
     <span class='ocr_line' id='line_1_95' title="bbox 151 2266 890 2306; baseline 0.011 -15"><span class='ocrx_word' id='word_1_750' title='bbox 151 2269 262 2292; x_wconf 81' lang='lat' dir='ltr'><strong>naturas</strong></span> <span class='ocrx_word' id='word_1_751' title='bbox 272 2270 333 2300; x_wconf 79' lang='lat' dir='ltr'><strong>post</strong></span> <span class='ocrx_word' id='word_1_752' title='bbox 345 2266 473 2294; x_wconf 89' lang='lat' dir='ltr'><strong>unionem</strong></span> <span class='ocrx_word' id='word_1_753' title='bbox 490 2279 497 2296; x_wconf 84' lang='lat'><strong>:</strong></span> <span class='ocrx_word' id='word_1_754' title='bbox 515 2275 576 2295; x_wconf 92' lang='lat' dir='ltr'><strong>nam</strong></span> <span class='ocrx_word' id='word_1_755' title='bbox 591 2269 662 2297; x_wconf 77' lang='lat' dir='ltr'><strong>scire</strong></span> <span class='ocrx_word' id='word_1_756' title='bbox 682 2269 754 2298; x_wconf 90' lang='lat' dir='ltr'><strong>aliud</strong></span> <span class='ocrx_word' id='word_1_757' title='bbox 769 2275 852 2306; x_wconf 86' lang='lat' dir='ltr'><strong>atque</strong></span> <span class='ocrx_word' id='word_1_758' title='bbox 864 2272 890 2300; x_wconf 86' lang='lat' dir='ltr'><strong>al</strong></span> 
     </span>
    </p>
   </div>
   <div class='ocr_carea' id='block_1_96' title="bbox 1040 2263 1783 2306">
    <p class='ocr_par' dir='ltr' id='par_1_96' title="bbox 1067 2263 1783 2298">
     <span class='ocr_line' id='line_1_96' title="bbox 1067 2263 1783 2298; baseline 0.001 -9"><span class='ocrx_word' id='word_1_759' title='bbox 1067 2263 1243 2298; x_wconf 78' lang='grc' dir='ltr'>ὰσυγκρίτοις</span> <span class='ocrx_word' id='word_1_760' title='bbox 1268 2263 1423 2298; x_wconf 81' lang='grc' dir='ltr'>διαφοραῖς.</span> <span class='ocrx_word' id='word_1_761' title='bbox 1460 2263 1521 2290; x_wconf 74' lang='grc' dir='ltr'>Ἐπὶ</span> <span class='ocrx_word' id='word_1_762' title='bbox 1544 2264 1572 2290; x_wconf 80' lang='grc' dir='ltr'><strong>δὲ</strong></span> <span class='ocrx_word' id='word_1_763' title='bbox 1596 2263 1643 2290; x_wconf 79' lang='grc' dir='ltr'>τοῦ</span> <span class='ocrx_word' id='word_1_764' title='bbox 1672 2265 1783 2290; x_wconf 77' lang='grc' dir='ltr'>πάντων</span> 
     </span>
    </p>
   </div>
   <div class='ocr_carea' id='block_1_97' title="bbox 150 2309 893 2348">
    <p class='ocr_par' dir='ltr' id='par_1_97' title="bbox 150 2311 893 2348">
     <span class='ocr_line' id='line_1_97' title="bbox 150 2311 893 2348; baseline 0.011 -11"><span class='ocrx_word' id='word_1_765' title='bbox 150 2317 211 2338; x_wconf 85' lang='lat' dir='ltr'><strong>esse</strong></span> <span class='ocrx_word' id='word_1_766' title='bbox 232 2311 352 2338; x_wconf 88' lang='lat' dir='ltr'><strong>divinam</strong></span> <span class='ocrx_word' id='word_1_767' title='bbox 382 2312 582 2348; x_wconf 89' lang='lat' dir='ltr'><strong>humanamque</strong></span> <span class='ocrx_word' id='word_1_768' title='bbox 607 2319 731 2342; x_wconf 90' lang='lat' dir='ltr'><strong>naturam</strong></span> <span class='ocrx_word' id='word_1_769' title='bbox 747 2336 755 2348; x_wconf 84' lang='lat'><strong>,</strong></span> <span class='ocrx_word' id='word_1_770' title='bbox 781 2325 835 2345; x_wconf 92' lang='lat' dir='ltr'><strong>non</strong></span> <span class='ocrx_word' id='word_1_771' title='bbox 859 2326 893 2345; x_wconf 81' lang='grc' dir='ltr'>ιιι(</span> 
     </span>
    </p>
   </div>
   <div class='ocr_carea' id='block_1_98' title="bbox 1039 2309 1782 2348">
    <p class='ocr_par' dir='ltr' id='par_1_98' title="bbox 1039 2309 1782 2345">
     <span class='ocr_line' id='line_1_98' title="bbox 1039 2309 1782 2345; baseline 0.001 -10"><span class='ocrx_word' id='word_1_772' title='bbox 1039 2309 1069 2336; x_wconf 75' lang='grc' dir='ltr'>ὒν</span> <span class='ocrx_word' id='word_1_773' title='bbox 1084 2309 1210 2345; x_wconf 82' lang='grc' dir='ltr'>Σωτῆρος</span> <span class='ocrx_word' id='word_1_774' title='bbox 1224 2309 1358 2345; x_wconf 78' lang='grc' dir='ltr'>Χριστοῦ,</span> <span class='ocrx_word' id='word_1_775' title='bbox 1381 2309 1597 2344; x_wconf 75' lang='grc' dir='ltr'>συνεισενεγκὼν</span> <span class='ocrx_word' id='word_1_776' title='bbox 1618 2310 1658 2341; x_wconf 80' lang='grc' dir='ltr'><strong>εἰς</strong></span> <span class='ocrx_word' id='word_1_777' title='bbox 1682 2310 1782 2336; x_wconf 76' lang='grc' dir='ltr'>ἕνωσιν</span> 
     </span>
    </p>
   </div>
   <div class='ocr_carea' id='block_1_99' title="bbox 151 2358 938 2393">
    <p class='ocr_par' dir='ltr' id='par_1_99' title="bbox 151 2358 938 2393">
     <span class='ocr_line' id='line_1_99' title="bbox 151 2358 938 2393; baseline 0.013 -11"><span class='ocrx_word' id='word_1_778' title='bbox 151 2358 296 2385; x_wconf 79' lang='lat' dir='ltr'><strong>convenire</strong></span> <span class='ocrx_word' id='word_1_779' title='bbox 315 2359 492 2393; x_wconf 81' lang='lat' dir='ltr'><strong>prudentibus</strong></span> <span class='ocrx_word' id='word_1_780' title='bbox 508 2360 572 2387; x_wconf 87' lang='lat' dir='ltr'><strong>viris</strong></span> <span class='ocrx_word' id='word_1_781' title='bbox 585 2380 593 2392; x_wconf 93' lang='lat'><strong>,</strong></span> <span class='ocrx_word' id='word_1_782' title='bbox 620 2367 715 2389; x_wconf 91' lang='lat' dir='ltr'><strong>verum</strong></span> <span class='ocrx_word' id='word_1_783' title='bbox 730 2363 814 2390; x_wconf 88' lang='lat' dir='ltr'><strong>etiam</strong></span> <span class='ocrx_word' id='word_1_784' title='bbox 840 2372 938 2392; x_wconf 80' lang='lat' dir='ltr'><strong>neces-</strong></span> 
     </span>
    </p>
   </div>
   <div class='ocr_carea' id='block_1_100' title="bbox 152 2403 938 2444">
    <p class='ocr_par' dir='ltr' id='par_1_100' title="bbox 152 2403 938 2444">
     <span class='ocr_line' id='line_1_100' title="bbox 152 2403 938 2444; baseline 0.009 -15"><span class='ocrx_word' id='word_1_785' title='bbox 152 2403 253 2430; x_wconf 76' lang='lat' dir='ltr'><strong>sarium</strong></span> <span class='ocrx_word' id='word_1_786' title='bbox 265 2411 325 2431; x_wconf 82' lang='lat' dir='ltr'><strong>esse</strong></span> <span class='ocrx_word' id='word_1_787' title='bbox 341 2411 461 2432; x_wconf 86' lang='lat' dir='ltr'><strong>censeo:</strong></span> <span class='ocrx_word' id='word_1_788' title='bbox 475 2405 576 2433; x_wconf 85' lang='lat' dir='ltr'><strong>distant</strong></span> <span class='ocrx_word' id='word_1_789' title='bbox 587 2406 659 2433; x_wconf 89' lang='lat' dir='ltr'><strong>enim</strong></span> <span class='ocrx_word' id='word_1_790' title='bbox 675 2407 747 2435; x_wconf 89' lang='lat' dir='ltr'><strong>inter</strong></span> <span class='ocrx_word' id='word_1_791' title='bbox 758 2415 788 2435; x_wconf 84' lang='lat' dir='ltr'><strong>se</strong></span> <span class='ocrx_word' id='word_1_792' title='bbox 804 2428 810 2439; x_wconf 82' lang='lat'><strong><em>.</em></strong></span> <span class='ocrx_word' id='word_1_793' title='bbox 836 2413 863 2436; x_wconf 87' lang='lat' dir='ltr'><strong>et</strong></span> <span class='ocrx_word' id='word_1_794' title='bbox 877 2409 938 2444; x_wconf 88' lang='lat' dir='ltr'><strong>qui-</strong></span> 
     </span>
    </p>
   </div>
   <div class='ocr_carea' id='block_1_101' title="bbox 151 2445 935 2485">
    <p class='ocr_par' dir='ltr' id='par_1_101' title="bbox 151 2445 935 2485">
     <span class='ocr_line' id='line_1_101' title="bbox 151 2445 935 2485; baseline 0.01 -12"><span class='ocrx_word' id='word_1_795' title='bbox 151 2445 212 2474; x_wconf 89' lang='lat' dir='ltr'><strong>dem</strong></span> <span class='ocrx_word' id='word_1_796' title='bbox 225 2448 404 2477; x_wconf 67' lang='lat' dir='ltr'><strong>utaastimabili</strong></span> <span class='ocrx_word' id='word_1_797' title='bbox 417 2449 633 2478; x_wconf 84' lang='lat' dir='ltr'><strong>dill&#39;erentiarum</strong></span> <span class='ocrx_word' id='word_1_798' title='bbox 647 2453 734 2485; x_wconf 87' lang='lat' dir='ltr'><strong>spatio</strong></span> <span class='ocrx_word' id='word_1_799' title='bbox 749 2462 757 2480; x_wconf 84' lang='lat'><strong>;</strong></span> <span class='ocrx_word' id='word_1_800' title='bbox 773 2454 799 2480; x_wconf 93' lang='lat' dir='ltr'><strong>in</strong></span> <span class='ocrx_word' id='word_1_801' title='bbox 813 2454 935 2481; x_wconf 90' lang='lat' dir='ltr'><strong>omnium</strong></span> 
     </span>
    </p>
   </div>
   <div class='ocr_carea' id='block_1_102' title="bbox 152 2495 938 2527">
    <p class='ocr_par' dir='ltr' id='par_1_102' title="bbox 152 2495 938 2527">
     <span class='ocr_line' id='line_1_102' title="bbox 152 2495 938 2527; baseline 0.013 -10"><span class='ocrx_word' id='word_1_802' title='bbox 152 2496 242 2519; x_wconf 87' lang='lat' dir='ltr'><strong>autem</strong></span> <span class='ocrx_word' id='word_1_803' title='bbox 260 2498 381 2521; x_wconf 85' lang='lat' dir='ltr'><strong>nostrum</strong></span> <span class='ocrx_word' id='word_1_804' title='bbox 409 2495 550 2524; x_wconf 89' lang='lat' dir='ltr'><strong>Salvatore</strong></span> <span class='ocrx_word' id='word_1_805' title='bbox 574 2497 684 2525; x_wconf 88' lang='lat' dir='ltr'><strong>Christo</strong></span> <span class='ocrx_word' id='word_1_806' title='bbox 715 2499 759 2527; x_wconf 93' lang='lat' dir='ltr'><strong>ubi</strong></span> <span class='ocrx_word' id='word_1_807' title='bbox 788 2499 848 2527; x_wconf 91' lang='lat' dir='ltr'><strong>illas</strong></span> <span class='ocrx_word' id='word_1_808' title='bbox 870 2508 938 2527; x_wconf 91' lang='lat' dir='ltr'><strong>con-</strong></span> 
     </span>
    </p>
   </div>
   <div class='ocr_carea' id='block_1_103' title="bbox 149 2536 937 2580">
    <p class='ocr_par' dir='ltr' id='par_1_103' title="bbox 149 2536 937 2580">
     <span class='ocr_line' id='line_1_103' title="bbox 149 2536 937 2580; baseline 0.011 -16"><span class='ocrx_word' id='word_1_809' title='bbox 149 2536 273 2572; x_wconf 82' lang='lat' dir='ltr'><strong>junxcris</strong></span> <span class='ocrx_word' id='word_1_810' title='bbox 299 2540 324 2567; x_wconf 90' lang='lat' dir='ltr'><strong>in</strong></span> <span class='ocrx_word' id='word_1_811' title='bbox 348 2548 440 2568; x_wconf 85' lang='lat' dir='ltr'><strong>veram</strong></span> <span class='ocrx_word' id='word_1_812' title='bbox 458 2546 486 2569; x_wconf 86' lang='lat' dir='ltr'><strong>et</strong></span> <span class='ocrx_word' id='word_1_813' title='bbox 507 2543 657 2571; x_wconf 84' lang='lat' dir='ltr'><strong>secundum</strong></span> <span class='ocrx_word' id='word_1_814' title='bbox 684 2545 852 2580; x_wconf 84' lang='lat' dir='ltr'><strong>hypostasint</strong></span> <span class='ocrx_word' id='word_1_815' title='bbox 875 2547 937 2573; x_wconf 87' lang='lat' dir='ltr'><strong>lmi-</strong></span> 
     </span>
    </p>
   </div>
   <div class='ocr_carea' id='block_1_104' title="bbox 187 2615 792 2655">
    <p class='ocr_par' dir='ltr' id='par_1_104' title="bbox 187 2615 792 2655">
     <span class='ocr_line' id='line_1_104' title="bbox 187 2615 792 2655; baseline 0.008 -12"><span class='ocrx_word' id='word_1_816' title='bbox 187 2615 210 2632; x_wconf 80' lang='grc'>⁸³</span> <span class='ocrx_word' id='word_1_817' title='bbox 228 2617 294 2648; x_wconf 85' lang='lat' dir='ltr'><strong>lmo,</strong></span> <span class='ocrx_word' id='word_1_818' title='bbox 309 2617 361 2644; x_wconf 84' lang='lat' dir='ltr'><strong>lsa.</strong></span> <span class='ocrx_word' id='word_1_819' title='bbox 377 2626 442 2652; x_wconf 82' lang='lat' dir='ltr'><strong>LVII,</strong></span> <span class='ocrx_word' id='word_1_820' title='bbox 457 2619 498 2646; x_wconf 86' lang='lat' dir='ltr'><strong>lU.</strong></span> <span class='ocrx_word' id='word_1_821' title='bbox 539 2619 562 2635; x_wconf 66' lang='grc'><strong>⁸⁵</strong></span> <span class='ocrx_word' id='word_1_822' title='bbox 576 2620 674 2655; x_wconf 88' lang='lat' dir='ltr'><strong>Ephes.</strong></span> <span class='ocrx_word' id='word_1_823' title='bbox 695 2628 731 2653; x_wconf 83' lang='lat' dir='ltr'><strong>tv,</strong></span> <span class='ocrx_word' id='word_1_824' title='bbox 750 2621 792 2648; x_wconf 71' lang='lat' dir='ltr'><strong>l4.</strong></span> 
     </span>
    </p>
   </div>
   <div class='ocr_carea' id='block_1_105' title="bbox 989 2354 1783 2391">
    <p class='ocr_par' dir='ltr' id='par_1_105' title="bbox 989 2354 1783 2391">
     <span class='ocr_line' id='line_1_105' title="bbox 989 2354 1783 2391; baseline 0 -9"><span class='ocrx_word' id='word_1_825' title='bbox 989 2354 1038 2390; x_wconf 83' lang='grc' dir='ltr'>τὴν</span> <span class='ocrx_word' id='word_1_826' title='bbox 1051 2355 1138 2391; x_wconf 83' lang='grc' dir='ltr'><strong>ἀληθῆ</strong></span> <span class='ocrx_word' id='word_1_827' title='bbox 1154 2364 1184 2381; x_wconf 87' lang='grc' dir='ltr'><strong>τε</strong></span> <span class='ocrx_word' id='word_1_828' title='bbox 1204 2356 1252 2382; x_wconf 71' lang='grc' dir='ltr'>καὶ</span> <span class='ocrx_word' id='word_1_829' title='bbox 1269 2355 1329 2382; x_wconf 86' lang='grc' dir='ltr'>καθ’</span> <span class='ocrx_word' id='word_1_830' title='bbox 1343 2356 1503 2388; x_wconf 83' lang='grc' dir='ltr'>ὑπόστασιν,</span> <span class='ocrx_word' id='word_1_831' title='bbox 1520 2355 1655 2391; x_wconf 79' lang='grc' dir='ltr'>παραιτοῦ</span> <span class='ocrx_word' id='word_1_832' title='bbox 1676 2356 1726 2391; x_wconf 73' lang='grc' dir='ltr'>τὴν</span> <span class='ocrx_word' id='word_1_833' title='bbox 1743 2356 1783 2382; x_wconf 85' lang='grc' dir='ltr'><strong>δι-</strong></span> 
     </span>
    </p>
   </div>
   <div class='ocr_carea' id='block_1_106' title="bbox 989 2400 1783 2438">
    <p class='ocr_par' dir='ltr' id='par_1_106' title="bbox 989 2400 1783 2438">
     <span class='ocr_line' id='line_1_106' title="bbox 989 2400 1783 2438; baseline 0 -11"><span class='ocrx_word' id='word_1_834' title='bbox 989 2400 1112 2436; x_wconf 59' lang='grc' dir='ltr'>αίρεσιν</span> <span class='ocrx_word' id='word_1_835' title='bbox 1134 2401 1183 2428; x_wconf 69' lang='grc' dir='ltr'>ἕνα</span> <span class='ocrx_word' id='word_1_836' title='bbox 1200 2402 1254 2438; x_wconf 77' lang='grc' dir='ltr'><strong>γὰρ</strong></span> <span class='ocrx_word' id='word_1_837' title='bbox 1269 2401 1354 2433; x_wconf 77' lang='grc' dir='ltr'>οὕτως</span> <span class='ocrx_word' id='word_1_838' title='bbox 1381 2402 1561 2437; x_wconf 79' lang='grc' dir='ltr'>ὁμολογήσεις</span> <span class='ocrx_word' id='word_1_839' title='bbox 1584 2401 1716 2437; x_wconf 82' lang='grc' dir='ltr'>Χριστὸν.</span> <span class='ocrx_word' id='word_1_840' title='bbox 1735 2402 1783 2428; x_wconf 67' lang='grc' dir='ltr'>καὶ</span> 
     </span>
    </p>
   </div>
   <div class='ocr_carea' id='block_1_107' title="bbox 992 2445 1782 2483">
    <p class='ocr_par' dir='ltr' id='par_1_107' title="bbox 992 2445 1782 2483">
     <span class='ocr_line' id='line_1_107' title="bbox 992 2445 1782 2483; baseline 0.001 -10"><span class='ocrx_word' id='word_1_841' title='bbox 992 2447 1066 2479; x_wconf 86' lang='grc' dir='ltr'>Υἱὸν,</span> <span class='ocrx_word' id='word_1_842' title='bbox 1079 2447 1127 2474; x_wconf 76' lang='grc' dir='ltr'>καὶ</span> <span class='ocrx_word' id='word_1_843' title='bbox 1139 2446 1250 2483; x_wconf 82' lang='grc' dir='ltr'>Κύριον.</span> <span class='ocrx_word' id='word_1_844' title='bbox 1268 2447 1347 2480; x_wconf 81' lang='grc' dir='ltr'>Ἀλλ’,</span> <span class='ocrx_word' id='word_1_845' title='bbox 1362 2447 1411 2474; x_wconf 78' lang='grc' dir='ltr'>οὐκ</span> <span class='ocrx_word' id='word_1_846' title='bbox 1420 2445 1468 2474; x_wconf 79' lang='grc' dir='ltr'><strong>οἶδ’</strong></span> <span class='ocrx_word' id='word_1_847' title='bbox 1482 2448 1566 2480; x_wconf 80' lang='grc' dir='ltr'>ὅπως,</span> <span class='ocrx_word' id='word_1_848' title='bbox 1590 2448 1604 2474; x_wconf 85' lang='grc' dir='ltr'><strong>ό</strong></span> <span class='ocrx_word' id='word_1_849' title='bbox 1617 2447 1672 2474; x_wconf 83' lang='grc' dir='ltr'><strong>τῶν</strong></span> <span class='ocrx_word' id='word_1_850' title='bbox 1691 2447 1782 2482; x_wconf 81' lang='grc' dir='ltr'><strong>ἐξιτή-</strong></span> 
     </span>
    </p>
   </div>
   <div class='ocr_carea' id='block_1_108' title="bbox 992 2492 1783 2529">
    <p class='ocr_par' dir='ltr' id='par_1_108' title="bbox 992 2492 1783 2529">
     <span class='ocr_line' id='line_1_108' title="bbox 992 2492 1783 2529; baseline -0.001 -10"><span class='ocrx_word' id='word_1_851' title='bbox 992 2493 1046 2519; x_wconf 87' lang='grc' dir='ltr'><strong>λων</strong></span> <span class='ocrx_word' id='word_1_852' title='bbox 1059 2493 1126 2528; x_wconf 84' lang='grc' dir='ltr'>ἡμῖν</span> <span class='ocrx_word' id='word_1_853' title='bbox 1138 2492 1281 2528; x_wconf 79' lang='grc' dir='ltr'>δογμάτων</span> <span class='ocrx_word' id='word_1_854' title='bbox 1299 2492 1424 2529; x_wconf 81' lang='grc' dir='ltr'>εὑρετὴς,</span> <span class='ocrx_word' id='word_1_855' title='bbox 1443 2493 1472 2519; x_wconf 84' lang='grc' dir='ltr'>ὲν</span> <span class='ocrx_word' id='word_1_856' title='bbox 1486 2492 1595 2529; x_wconf 84' lang='grc' dir='ltr'>σμικρῷ</span> <span class='ocrx_word' id='word_1_857' title='bbox 1615 2492 1665 2527; x_wconf 84' lang='grc' dir='ltr'>μὲν</span> <span class='ocrx_word' id='word_1_858' title='bbox 1682 2492 1783 2528; x_wconf 84' lang='grc' dir='ltr'>κομιδῆ</span> 
     </span>
    </p>
   </div>
   <div class='ocr_carea' id='block_1_109' title="bbox 993 2537 1782 2574">
    <p class='ocr_par' dir='ltr' id='par_1_109' title="bbox 993 2537 1782 2574">
     <span class='ocr_line' id='line_1_109' title="bbox 993 2537 1782 2574; baseline 0 -10"><span class='ocrx_word' id='word_1_859' title='bbox 993 2537 1141 2574; x_wconf 77' lang='grc' dir='ltr'>πεποίηται</span> <span class='ocrx_word' id='word_1_860' title='bbox 1154 2538 1227 2574; x_wconf 84' lang='grc' dir='ltr'>λόγῳ</span> <span class='ocrx_word' id='word_1_861' title='bbox 1241 2539 1271 2566; x_wconf 87' lang='grc' dir='ltr'>τδ</span> <span class='ocrx_word' id='word_1_862' title='bbox 1285 2538 1335 2574; x_wconf 85' lang='grc' dir='ltr'><strong>τῆς</strong></span> <span class='ocrx_word' id='word_1_863' title='bbox 1351 2538 1473 2570; x_wconf 79' lang='grc' dir='ltr'>ἑνώσεως</span> <span class='ocrx_word' id='word_1_864' title='bbox 1485 2539 1580 2574; x_wconf 82' lang='grc' dir='ltr'>χρῆμα</span> <span class='ocrx_word' id='word_1_865' title='bbox 1589 2547 1595 2554; x_wconf 89' lang='grc'>·</span> <span class='ocrx_word' id='word_1_866' title='bbox 1611 2537 1782 2573; x_wconf 81' lang='grc' dir='ltr'>διωσάμενος</span> 
     </span>
    </p>
   </div>
   <div class='ocr_carea' id='block_1_110' title="bbox 787 2698 1158 2728">
    <p class='ocr_par' dir='ltr' id='par_1_110' title="bbox 787 2698 1158 2728">
     <span class='ocr_line' id='line_1_110' title="bbox 787 2698 1158 2728; baseline 0.005 -3"><span class='ocrx_word' id='word_1_867' title='bbox 787 2698 866 2725; x_wconf 85' lang='grc' dir='ltr'>ΛΝΤ.</span> <span class='ocrx_word' id='word_1_868' title='bbox 889 2699 1024 2728; x_wconf 83' lang='lat' dir='ltr'><strong>AGELLII</strong></span> <span class='ocrx_word' id='word_1_869' title='bbox 1044 2698 1158 2727; x_wconf 69' lang='lat' dir='ltr'><strong>NOTAE.</strong></span> 
     </span>
    </p>
   </div>
   <div class='ocr_carea' id='block_1_111' title="bbox 188 2784 936 2824">
    <p class='ocr_par' dir='ltr' id='par_1_111' title="bbox 188 2784 936 2824">
     <span class='ocr_line' id='line_1_111' title="bbox 188 2784 936 2824; baseline 0.004 -12"><span class='ocrx_word' id='word_1_870' title='bbox 188 2784 420 2824; x_wconf 29' lang='lat' dir='ltr'><strong>(l3)Al.egendum,</strong></span> <span class='ocrx_word' id='word_1_871' title='bbox 434 2789 492 2824; x_wconf 76' lang='grc' dir='ltr'>ὁρᾷ,</span> <span class='ocrx_word' id='word_1_872' title='bbox 515 2793 543 2814; x_wconf 85' lang='grc' dir='ltr'><strong>ιιι</strong></span> <span class='ocrx_word' id='word_1_873' title='bbox 562 2789 607 2816; x_wconf 91' lang='lat' dir='ltr'><strong>lib.</strong></span> <span class='ocrx_word' id='word_1_874' title='bbox 627 2797 657 2819; x_wconf 85' lang='grc' dir='ltr'><strong>ιι,</strong></span> <span class='ocrx_word' id='word_1_875' title='bbox 674 2796 735 2821; x_wconf 67' lang='lat' dir='ltr'><strong>pag.</strong></span> <span class='ocrx_word' id='word_1_876' title='bbox 754 2789 800 2824; x_wconf 71' lang='lat' dir='ltr'><strong>fll.</strong></span> <span class='ocrx_word' id='word_1_877' title='bbox 818 2789 936 2824; x_wconf 82' lang='grc' dir='ltr'>ἀλλ’ὁρᾷ</span> 
     </span>
    </p>
   </div>
   <div class='ocr_carea' id='block_1_112' title="bbox 153 2820 936 2859">
    <p class='ocr_par' dir='ltr' id='par_1_112' title="bbox 153 2820 936 2859">
     <span class='ocr_line' id='line_1_112' title="bbox 153 2820 936 2859; baseline 0.005 -13"><span class='ocrx_word' id='word_1_878' title='bbox 153 2829 206 2859; x_wconf 64' lang='grc' dir='ltr'><strong>που</strong></span> <span class='ocrx_word' id='word_1_879' title='bbox 218 2820 330 2859; x_wconf 67' lang='grc' dir='ltr'><strong>Δπάντως</strong></span> <span class='ocrx_word' id='word_1_880' title='bbox 343 2823 357 2849; x_wconf 87' lang='grc' dir='ltr'><strong>ό</strong></span> <span class='ocrx_word' id='word_1_881' title='bbox 372 2820 508 2856; x_wconf 75' lang='grc' dir='ltr'>θεοφιλῆς,</span> <span class='ocrx_word' id='word_1_882' title='bbox 525 2828 553 2849; x_wconf 86' lang='lat' dir='ltr'><strong>et</strong></span> <span class='ocrx_word' id='word_1_883' title='bbox 568 2824 612 2855; x_wconf 82' lang='lat'><strong>55,</strong></span> <span class='ocrx_word' id='word_1_884' title='bbox 629 2824 680 2858; x_wconf 76' lang='grc' dir='ltr'><strong>ὁρᾷ</strong></span> <span class='ocrx_word' id='word_1_885' title='bbox 692 2824 723 2858; x_wconf 85' lang='grc' dir='ltr'><strong>δὴ</strong></span> <span class='ocrx_word' id='word_1_886' title='bbox 736 2823 782 2850; x_wconf 82' lang='grc' dir='ltr'>οὖν</span> <span class='ocrx_word' id='word_1_887' title='bbox 795 2825 809 2850; x_wconf 88' lang='grc' dir='ltr'><strong>ὀ</strong></span> <span class='ocrx_word' id='word_1_888' title='bbox 822 2820 936 2859; x_wconf 60' lang='grc' dir='ltr'>χρηστοζ</span> 
     </span>
    </p>
   </div>
   <div class='ocr_carea' id='block_1_113' title="bbox 153 2855 936 2894">
    <p class='ocr_par' dir='ltr' id='par_1_113' title="bbox 153 2855 936 2894">
     <span class='ocr_line' id='line_1_113' title="bbox 153 2855 936 2894; baseline 0.006 -12"><span class='ocrx_word' id='word_1_889' title='bbox 153 2855 254 2892; x_wconf 53' lang='lat' dir='ltr'><strong>pacm.</strong></span> <span class='ocrx_word' id='word_1_890' title='bbox 270 2857 323 2884; x_wconf 78' lang='lat' dir='ltr'><strong>Aut</strong></span> <span class='ocrx_word' id='word_1_891' title='bbox 343 2859 364 2886; x_wconf 87' lang='lat' dir='ltr'><strong>si</strong></span> <span class='ocrx_word' id='word_1_892' title='bbox 379 2855 496 2886; x_wconf 78' lang='lat' dir='ltr'><strong>secunda</strong></span> <span class='ocrx_word' id='word_1_893' title='bbox 518 2866 631 2893; x_wconf 80' lang='lat' dir='ltr'><strong>persona</strong></span> <span class='ocrx_word' id='word_1_894' title='bbox 645 2855 747 2894; x_wconf 55' lang='lat' dir='ltr'><strong>legatur</strong></span> <span class='ocrx_word' id='word_1_895' title='bbox 764 2855 936 2894; x_wconf 35' lang='lat' dir='ltr'><strong>amrin-gen-</strong></span> 
     </span>
    </p>
   </div>
   <div class='ocr_carea' id='block_1_114' title="bbox 990 2788 1781 2826">
    <p class='ocr_par' dir='ltr' id='par_1_114' title="bbox 990 2788 1781 2826">
     <span class='ocr_line' id='line_1_114' title="bbox 990 2788 1781 2826; baseline 0.001 -11"><span class='ocrx_word' id='word_1_896' title='bbox 990 2789 1052 2826; x_wconf 83' lang='lat' dir='ltr'><strong>dum</strong></span> <span class='ocrx_word' id='word_1_897' title='bbox 1067 2788 1268 2826; x_wconf 46' lang='lat' dir='ltr'><strong>Qtptkopge&#39;hc,</strong></span> <span class='ocrx_word' id='word_1_898' title='bbox 1283 2788 1453 2826; x_wconf 19' lang='lat' dir='ltr'><strong>dirﬂeocptk&#39;hq,</strong></span> <span class='ocrx_word' id='word_1_899' title='bbox 1508 2790 1704 2826; x_wconf 79' lang='grc' dir='ltr'>χρηστομαθής</span> <span class='ocrx_word' id='word_1_900' title='bbox 1717 2800 1724 2806; x_wconf 88' lang='grc'>·</span> <span class='ocrx_word' id='word_1_901' title='bbox 1739 2791 1781 2818; x_wconf 81' lang='lat' dir='ltr'><strong>cui</strong></span> 
     </span>
    </p>
   </div>
   <div class='ocr_carea' id='block_1_115' title="bbox 990 2824 1782 2861">
    <p class='ocr_par' dir='ltr' id='par_1_115' title="bbox 990 2824 1782 2861">
     <span class='ocr_line' id='line_1_115' title="bbox 990 2824 1782 2861; baseline 0.001 -10"><span class='ocrx_word' id='word_1_902' title='bbox 990 2824 1098 2852; x_wconf 85' lang='lat' dir='ltr'><strong>lcctioui</strong></span> <span class='ocrx_word' id='word_1_903' title='bbox 1117 2825 1187 2861; x_wconf 81' lang='lat' dir='ltr'><strong>la_vct</strong></span> <span class='ocrx_word' id='word_1_904' title='bbox 1202 2824 1276 2861; x_wconf 71' lang='lat' dir='ltr'><strong>locus</strong></span> <span class='ocrx_word' id='word_1_905' title='bbox 1292 2824 1338 2861; x_wconf 84' lang='lat' dir='ltr'><strong>lib.</strong></span> <span class='ocrx_word' id='word_1_906' title='bbox 1356 2832 1397 2861; x_wconf 81' lang='lat' dir='ltr'><strong>Ill,</strong></span> <span class='ocrx_word' id='word_1_907' title='bbox 1414 2824 1474 2859; x_wconf 80' lang='lat' dir='ltr'><strong>pag.</strong></span> <span class='ocrx_word' id='word_1_908' title='bbox 1486 2824 1531 2855; x_wconf 57' lang='grc'><strong>62,</strong></span> <span class='ocrx_word' id='word_1_909' title='bbox 1547 2826 1597 2861; x_wconf 80' lang='grc' dir='ltr'>ὅρα</span> <span class='ocrx_word' id='word_1_910' title='bbox 1617 2825 1646 2851; x_wconf 78' lang='grc' dir='ltr'>δέ</span> <span class='ocrx_word' id='word_1_911' title='bbox 1665 2824 1712 2861; x_wconf 79' lang='grc' dir='ltr'><strong>μοι</strong></span> <span class='ocrx_word' id='word_1_912' title='bbox 1728 2826 1782 2853; x_wconf 81' lang='grc' dir='ltr'>τῶν</span> 
     </span>
    </p>
   </div>
   <div class='ocr_carea' id='block_1_116' title="bbox 990 2858 1540 2895">
    <p class='ocr_par' dir='ltr' id='par_1_116' title="bbox 990 2858 1540 2895">
     <span class='ocr_line' id='line_1_116' title="bbox 990 2858 1540 2895; baseline 0.002 -9"><span class='ocrx_word' id='word_1_913' title='bbox 990 2858 1167 2895; x_wconf 76' lang='grc' dir='ltr'>προφητικῶν</span> <span class='ocrx_word' id='word_1_914' title='bbox 1181 2859 1289 2886; x_wconf 79' lang='grc' dir='ltr'>ἐννοιῶν</span> <span class='ocrx_word' id='word_1_915' title='bbox 1303 2859 1350 2894; x_wconf 82' lang='grc' dir='ltr'>τὴν</span> <span class='ocrx_word' id='word_1_916' title='bbox 1367 2858 1540 2895; x_wconf 77' lang='grc' dir='ltr'>ἐγρήγορσιν.</span> 
     </span>
    </p>
   </div>
  </div>
