1883 3054
71 156 106 185 σᾶ
653 156 814 186 ιονειιδυ

975 155 1062 186 ιιιυιι
1082 155 1148 186 LIB.
1171 155 1203 185 11.
1683 155 1716 182 95

69 214 100 241 δὲ
116 213 168 241 καὶ
187 213 254 240 αὑτὸ
270 213 344 241 κατὰ
357 214 391 241 τὺ
419 215 504 246 εἰκὸς,
525 215 570 241 καὶ
594 214 645 250 τῆς
669 215 800 249 ἀληθείας

975 223 1021 247 nu,
1041 222 1108 242 cave
1139 213 1299 242 divisionem
1316 220 1323 238 :
1342 212 1382 240 sic
1398 219 1514 246 namque
1539 219 1622 239 unum
1643 213 1718 240 Chri-

68 260 200 295 δύναμιν.
226 259 375 295 κεχώρηκε
399 260 482 288 πάλιν
495 260 541 287 ἐπὶ
554 261 583 287 τὸ
607 261 682 295 αὐτῷ
698 260 805 290 δοκοῦν,
823 261 872 287 καί

70 315 141 342 φησι
151 315 159 321 ·
180 305 250 341 [Διὰ
265 306 348 333 τοῦτο
360 307 410 333 καὶ
424 307 542 343 Χριστὸς
558 308 573 333 ὁ
588 307 655 339 Θεὸς
672 307 758 341 Λόγος
773 307 874 341 ὀνομά-

71 354 162 386 ζεται.
178 353 297 390 ἐπείπερ
311 353 370 389 ἔχει
381 354 432 389 τὴν
449 353 597 388 συνάφειαν
613 354 663 388 τὴν
674 354 743 388 πρὸς
752 353 797 380 τὸν
813 354 876 388 Χρι-

73 401 138 427 στὺν
155 400 282 435 διηνεκῆ.
298 400 355 427 Καὶ
366 401 418 427 οὐκ
436 400 493 427 ἐστι
519 400 565 426 τὸν
578 400 644 426 Θεὸν
653 399 739 434 Λόγον
749 399 812 426 ἄνευ
826 399 875 434 τῆς

70 446 292 481 ἀνθρωπότητος
322 446 427 481 πρᾶξαί
449 454 485 472 τι.
513 445 720 480 ’Λπηκρίὸωται
754 445 809 480 γὰρ
834 446 876 476 εἰς

70 494 167 528 ἄκραν
178 493 342 527 συνάφειαν.
357 493 408 519 οὐκ
426 493 467 523 εἱς
483 491 650 522 ἀποθέωσιν.
663 491 735 518 κατὰ
749 492 814 523 τοὺς
829 499 875 517 σο·-

71 540 146 574 φοὺς
164 538 222 565 τῶν
246 538 442 574 δογματιστῶν
456 538 510 565 τῶν
529 536 693 573 νεωτέρων.]
709 538 773 563 Ὅτε
786 536 876 563 τοίνυν

36 590 37 595 ‘
69 585 195 621 Χριστὸν
211 586 374 621 ὠνομάσθαι
388 585 471 620 φησιν
486 584 578 616 ιδικῶς
587 584 633 610 τὸν
644 585 675 610 ἐκ
685 583 753 610 Θεοῦ
770 583 876 619 Πατρὸς

71 633 175 665 Λόγον.
191 632 231 664 ὡς
245 632 345 667 ἔχοντα
370 632 420 668 τὴν
437 632 586 666 συνάφειαν
605 630 675 666 πρὸς
695 630 823 665 Χριστὸν,
839 629 876 661 ὡς

69 679 146 714 πρὸς
161 678 259 713 ἔτερόν
280 686 333 705 που
355 678 488 714 δηλονότι,
502 677 561 708 πῶς
585 677 616 703 οὐ
630 675 807 710 πεφλυάρηκέ
825 683 877 701 που

70 724 168 758 μάτην
183 723 320 759 εἰρηκὼς,
337 723 380 750 ὅτι
405 723 474 758 μετὰ
500 721 550 757 τὴν
565 720 701 756 ἀνάληψιν
720 720 751 746 οὺ
765 719 877 746 δύναται

69 770 224 797 καλεῖσθαι
247 769 483 806 κεχωρισμένως;
506 768 585 804 εἴπερ
608 767 657 802 οὐχ
672 767 702 792 ἓν
723 774 749 792 τι
775 766 876 792 νοεῖται

67 818 145 853 πρὸς
160 816 256 853 ἡμῶν,
271 817 302 843 τὸ
317 816 404 851 ἑτέρῳ
418 815 472 842 τινὶ
498 814 631 850 σχετικῶς
648 812 784 848 συνῆφθαι
800 812 878 845 λεγό-

70 871 179 899 μενον·
202 863 251 890 δύο
271 862 326 898 γὰρ
342 862 452 893 πάντως
474 860 509 888 τὰ
531 860 657 896 ἀλλήλοις
681 858 876 891 συμϐαίνοντα,

68 910 122 936 καὶ
139 909 192 945 οὐχ
207 909 236 936 ἓν
248 909 315 936 αὑτό
326 917 364 940 τι,
379 908 410 934 τὸ
422 906 512 942 ἑαυτῷ
525 906 738 941 συναπτόμενον,
749 904 828 931 νοοίτ“
843 903 876 930 ἂν
892 895 912 922 Β

46 967 48 986 ξ
68 956 207 988 εἰκότως.
232 954 412 990 Ψευδομυθια
433 953 466 990 δὴ
488 951 535 980 οὖν
550 953 584 979 τὰ
605 953 710 979 ἐκείνου
732 951 779 978 καὶ
794 951 876 986 λῆρος

70 1003 194 1037 ἑτέρως.
220 1002 318 1036 Ἦμεῖς
334 1002 363 1027 δὲ
391 1001 460 1036 μετὰ
483 1001 533 1036 τὴν
556 1000 663 1031 ἕνωσιν,
690 999 742 1025 κᾶν
767 999 791 1024 εἰ
810 997 877 1024 Θεὸν

69 1048 165 1082 Λόγον
177 1048 326 1083 ὀνομάσειε
343 1056 396 1077 τις.
408 1047 438 1074 οὺ
453 1046 514 1082 δίχα
528 1045 643 1081 νοοῦμεν
654 1045 734 1071 αὐτὸν
747 1044 797 1079 τῆς
809 1043 877 1076 ἰδίας

71 1093 203 1128 σαρκός·
226 1092 280 1119 κᾶν
296 1092 363 1127 εῖπῃ
385 1091 513 1126 Χριστὸν,
532 1089 711 1126 σαρκωθέντα
730 1089 777 1116 τὸν
793 1088 878 1123 Λόγον

70 1138 316 1173 ἐπιγινώσκομεν.
333 1137 382 1169 Τίς
402 1137 430 1164 δὲ
444 1137 477 1172 δὴ
498 1136 553 1171 ἄρα
568 1136 615 1162 καὶ
629 1135 644 1161 ό
661 1135 711 1170 τῆς
729 1133 806 1169 παρὰ
830 1133 878 1160 σοῦ

70 1185 236 1220 λεγομένης
263 1183 412 1218 συναφείας
439 1184 539 1210 νοεῖται
565 1181 681 1217 τρόπος;
698 1181 729 1207 Εἰ
751 1180 801 1216 μὲν
824 1180 878 1215 γὰρ

71 1231 204 1267 ἡνῶσθαι
218 1230 273 1266 φὴς
291 1230 353 1257 καθ¹
366 1230 516 1256 ὑπόστασιν
529 1228 568 1264 τῷ
581 1230 612 1254 ἐκ
625 1227 693 1254 Θεοῦ
704 1227 783 1262 φύντι
797 1226 879 1260 Λόγῳ

73 1277 106 1303 τὺ
123 1277 315 1312 ἀνθρώπινον,
332 1275 359 1303 τί
372 1276 422 1311 τὴν
441 1275 526 1307 θείαν,
540 1275 601 1301 ειπέ
615 1283 670 1309 μοι.
690 1273 879 1309 περιυῦρίζεις

74 1323 191 1358 σάρκας
211 1322 302 1349 καίτοι
318 1322 484 1357 προσκυνεῖν
504 1320 573 1355 αὐτῇ
590 1319 627 1355 μὴ
649 1318 878 1355 παραιτούμενος,

75 1368 241 1403 πρέποντος
261 1367 331 1404 μόνῃ
345 1368 379 1403 τῇ
393 1366 455 1402 θείᾳ
472 1374 502 1393 τε
513 1366 560 1392 καὶ
577 1365 726 1400 ἀπορρήτῳ
736 1364 816 1398 φύσει
832 1363 879 1389 τοῦ

75 1414 301 1451 προσκυνεῖσθαι
319 1414 385 1440 δεῖν.
403 1413 435 1440 Ei
448 1413 475 1439 δὲ
492 1412 580 1448 ἀληθῆ
602 1411 652 1447 μὲν
669 1412 720 1438 οὐκ
732 1411 784 1438 οἴει
802 1410 880 1445 γενέ-

78 1462 144 1489 σθαι
159 1461 214 1497 τὴν
228 1461 340 1493 ἕνωσιν,
360 1460 508 1494 συνάφειαν
523 1459 552 1485 δὲ
568 1458 669 1492 μᾶλλον
692 1459 758 1493 ἡμῖν
781 1456 882 1492 ὀνομά-

79 1509 138 1540 ζεις
152 1508 205 1543 τὴν
224 1508 298 1534 κατά
313 1516 344 1541 γε
361 1507 412 1542 τὴν
426 1505 598 1542 ὁμωνυμίαν,
614 1504 662 1531 καὶ
678 1504 727 1538 τὴν
745 1504 775 1530 ὲν
787 1503 881 1538 ψιλαῖς

81 1554 129 1581 καὶ
141 1555 245 1590 μόναις
255 1554 318 1586 ταῖς
329 1553 403 1584 ἴσαις
418 1552 546 1587 κλήσεσιν
555 1551 644 1584 ἀξίαν,
652 1550 679 1577 τι
690 1549 879 1585 σεμνοληρεῑς,
894 1570 915 1598 c

81 1599 303 1636 ἀπηκριϐῶσθαι
320 1600 409 1633 λέγων
432 1598 478 1625 τὸν
492 1598 524 1624 ἐκ
542 1596 673 1631 γυναικὸς
700 1595 770 1631 πρὸς
792 1594 881 1630 ἄκραν

83 1648 249 1682 συνάφειαν,
266 1646 347 1682 δῆλον
364 1645 392 1672 δὲ
407 1645 449 1672 ὅτι
469 1644 518 1680 τὴν
532 1643 601 1679 πρὸς
613 1642 660 1669 τόν
676 1642 780 1676 Λόγον;
794 1641 882 1676 Ὀμὼ-

82 1703 169 1729 νυμον
183 1693 235 1728 μὲν
253 1692 307 1728 γὰρ
322 1692 449 1726 ἀλλήλοις
464 1689 520 1717 εἷεν
531 1689 575 1721 ἂν,
588 1689 618 1716 τό
632 1697 662 1715 τε
675 1688 740 1720 Υἱὸς
755 1687 823 1722 Υἱῷ,
834 1687 883 1714 καὶ⁸

84 1740 190 1776 Κύριος
207 1739 321 1775 Κυρίῳ·
336 1738 394 1765 ἀλλ’
414 1737 491 1764 οὐδὲν
507 1736 631 1772 ἀλλήλων
650 1736 836 1771 μειονεκτοῖτο
849 1734 883 1761 ἂν

84 1787 120 1813 τὰ
137 1786 281 1821 ὀνόματα·
301 1783 395 1811 καὶτὸ
417 1782 545 1820 περιττὸν
567 1783 595 1809 ὲν
610 1781 716 1813 τούτοις
739 1780 883 1814 πολυπρα-

87 1834 211 1867 γμονεῖν,
230 1832 335 1858 εἰκαῖον
358 1828 434 1866 οἶμαι
458 1838 524 1856 που·
541 1828 606 1859 Υἱὸς
620 1828 675 1864 γὰρ
695 1827 772 1860 Υῐοῦ,
786 1826 835 1853 καὶ¹
852 1825 883 1852 τὸ

88 1879 152 1911 Υἱὸς
165 1878 224 1915 [ton
243 1877 315 1904 καθὰ
331 1876 406 1909 Υἱὺς,
416 1876 447 1910 ἢ,
462 1875 530 1902 καθὸ
545 1873 641 1910 Υἱὸς],
662 1873 724 1900 οὔτε
739 1873 770 1899 τὺ
779 1872 881 1908 μεῖζον,

90 1928 150 1954 οὔτε
163 1927 195 1953 τὺ
207 1926 319 1952 ἔλαττον
334 1923 605 1959 ἑχει.Περισσοεπεῖς
619 1919 665 1948 οὖν
678 1920 733 1956 ἄρα
747 1920 794 1946 καὶ
812 1917 884 1954 μάλα

93 1973 197 2008 σαφῶς,
215 1970 429 2008 ἀπηκριϐῶσθαι
438 1969 526 2003 λέγων
536 1968 618 1996 αὑτὸν
636 1967 704 2003 πρὸς
719 1966 809 2002 ἄκραν
822 1974 884 1991 συν-

93 2020 199 2055 ἀψειαν.
215 2019 328 2058 Πρέποι.
338 2017 361 2045 δ’
375 2017 420 2048 ἄν,
436 2015 508 2043 κατά
525 2024 558 2050 γε
574 2014 604 2041 τὸ
622 2013 697 2049 αὐτῷ
716 2021 762 2048 μοι
777 2011 883 2044 δοκοῦν,

93 2067 151 2102 οὐχὶ
166 2067 230 2098 ταῖς
240 2064 413 2100 ὸμωνυμίαις
431 2062 461 2089 τὸ
472 2061 685 2096 ἀηκριῦὦσθαι
696 2059 786 2094 λέγειν
798 2058 884 2090 αὑτὰς

95 2113 237 2149 ἀλλήλαις
254 2112 369 2142 ἐκείνοις
387 2110 414 2136 se
440 2108 551 2144 μᾶλλον,
564 2108 582 2135 ἃ
602 2107 652 2143 τὴν
666 2107 706 2138 εἰς
724 2106 779 2133 πᾶν
795 2104 884 2132 ὁτιοῦν

98 2159 206 2194 ἰσότητά
221 2166 252 2184 τε
269 2158 316 2184 καὶ
333 2156 480 2192 ὁμοιότητα
497 2154 552 2181 τῶν
565 2154 594 2180 ἓν
614 2151 684 2180 εἶναι
701 2151 886 2186 πεπιστευμέ-

97 2213 156 2235 νων,
171 2202 336 2239 διαλαχόντα
357 2200 500 2236 φαίνεται·
521 2196 592 2232 οἷον,
623 2198 690 2233 φέρε
708 2197 806 2228 εἰπεῖν,
830 2196 885 2222 ἀπο

927 268 998 290 stum
1012 262 1152 293 fateberis,
1166 267 1193 289 et
1205 261 1301 287 Filium
1318 265 1345 287 et
1364 259 1517 286 Dominum.
1543 258 1598 285 Sed
1623 259 1717 285 nescio
1765 277 1770 283 .

927 308 1069 342 quomodo
1081 307 1125 334 hic
1141 313 1272 333 vanorum
1289 305 1414 332 inventor
1434 303 1589 337 dogmatum
1605 309 1661 329 rem
1678 303 1719 336 ip-

928 361 984 382 sam
1001 353 1111 381 unionis
1127 352 1270 380 admodum
1288 351 1470 385 parvipendit,
1488 349 1588 384 illaque
1604 347 1717 381 rejects,

928 405 957 427 ut
975 407 1145 435 consequens
1161 403 1234 426 certe
1248 403 1317 430 erat,
1333 404 1361 425 et
1379 398 1403 424 vi
1414 396 1494 424 simul
1509 397 1566 430 ipsa
1596 394 1717 422 veritatis

927 447 1054 475 abdicata
1071 453 1166 473 rursus
1180 446 1213 473 ad
1233 445 1259 472 id
1273 444 1389 471 recurrit
1415 443 1485 477 quod
1508 442 1558 470 sibi
1582 441 1715 476 placebat,

927 497 956 520 et
973 493 1032 520 ait:
1059 492 1133 528 {Ideo
1147 492 1229 519 etiam
1249 490 1375 518 Christus
1403 489 1554 524 appellatur
1574 488 1617 515 ille
1646 488 1716 515 Deus

929 539 1058 571 Verbum,
1076 539 1138 572 quia
1160 537 1238 564 habet
1260 541 1416 571 perpetuam
1439 543 1500 562 cum
1516 535 1626 562 Christo
1648 541 1715 560 con-

926 585 1114 619 iunctionem;
1132 590 1219 617 neque
1234 582 1363 614 contingit
1379 586 1407 608 ut
1423 581 1494 608 Deus
1518 580 1637 607 Verbum
1656 579 1716 606 sine

929 630 1096 658 hnmnnitate
1120 629 1203 656 faciat
1219 627 1319 662 aliquid
1338 636 1344 654 :
1366 628 1512 660 perductus
1532 630 1573 653 est
1596 625 1667 652 enim
1682 624 1715 651 ad

928 684 1062 704 summam
1080 675 1317 710 conjunctionem;
1334 681 1386 700 non
1403 673 1435 699 ad
1453 672 1662 704 tleiﬂcutionem,
1689 675 1715 696 ut

929 723 1068 757 sapientes
1095 729 1110 748 e
1142 720 1342 748 recentioribus
1371 718 1541 752 dogmatistis
1567 716 1716 751 asserunt.l

929 770 995 797 Cum
1012 769 1095 804 igitur
1111 767 1184 794 dicat
1199 766 1337 794 Christum
1354 765 1517 800 appellatum
1534 771 1594 791 esse
1607 764 1670 790 illud
1684 771 1718 790 ex

931 815 984 842 Deo
998 814 1078 841 Patre
1093 813 1222 844 Verbum,
1244 812 1307 846 quia
1328 811 1427 838 habent
1438 818 1500 837 cum
1517 809 1628 837 Christo
1652 816 1718 836 con-

928 861 1108 896 iunctionem,
1130 863 1158 886 ut
1175 866 1236 886 cum
1254 858 1342 885 altero
1356 857 1495 888 nimirum,
1507 855 1646 890 quomodo
1663 863 1716 882 nou

929 912 1030 934 temere
1040 910 1154 941 nugatus
1161 909 1212 936 est,
1221 912 1281 931 cmn
1292 904 1436 937 dixit,post
1444 901 1655 936 assumptionem
1665 909 1718 928 non

928 959 1006 987 posse
1017 952 1107 977 vocari
1117 949 1243 977 seorsim?
1253 948 1384 983 siquidem
1394 947 1466 982 quod
1477 946 1553 972 alteri
1563 946 1669 972 cuidam
1681 944 1718 971 rei

928 997 1075 1025 secundum
1087 995 1272 1023 habitudinem
1302 993 1475 1028 coniunctum
1490 999 1550 1019 esse
1564 991 1674 1021 dicitur,
1694 990 1719 1016 id

929 1051 981 1071 non
994 1046 1082 1078 potest
1095 1048 1110 1068 a
1127 1041 1204 1068 nobis
1219 1045 1346 1074 tanquam
1360 1046 1444 1066 unum
1458 1038 1560 1073 aliquid
1580 1036 1692 1071 intelligi
1711 1043 1718 1062 :

930 1097 991 1117 num
1003 1088 1142 1123 quaeinter
1153 1094 1183 1114 se
1192 1086 1367 1117 conveniunt,
1381 1085 1434 1111 duo
1446 1083 1628 1118 prorsusjure
1641 1081 1720 1109 intel-

930 1137 1061 1171 liguntur.
1077 1139 1104 1162 et
1119 1141 1172 1162 non
1189 1140 1272 1160 unum
1294 1131 1397 1166 aliquid
1410 1131 1481 1165 quod
1503 1129 1591 1164 ipsum
1608 1128 1658 1155 sibi
1672 1136 1720 1155 ro-

931 1183 1037 1217 pnletur
1049 1191 1056 1209 :
1067 1181 1166 1209 fabula:
1177 1185 1241 1207 sunt
1251 1179 1337 1215 igitur
1348 1183 1376 1205 et
1390 1177 1545 1204 vanissima».
1557 1183 1635 1209 nugaz
1649 1174 1721 1201 illius

930 1229 1024 1257 verba.
1040 1228 1094 1256 Nos
1112 1232 1202 1254 autent
1227 1231 1287 1261 post
1298 1225 1373 1252 illam
1393 1223 1520 1251 unionem
1533 1243 1541 1255 ,
1559 1221 1617 1248 sive
1630 1220 1713 1246 Deum

931 1275 1050 1303 Verbum
1064 1273 1185 1301 notninet
1204 1271 1353 1307 quispiam.
1371 1277 1425 1297 non
1437 1269 1498 1296 sine
1512 1267 1620 1302 propria
1638 1271 1721 1292 carne

931 1320 996 1349 illud
1015 1319 1206 1354 intelligimus,
1222 1318 1280 1345 sive
1291 1316 1434 1344 Christum
1446 1315 1529 1346 dicat,
1547 1313 1720 1340 incaruntmn

932 1368 1052 1396 Verbum
1067 1366 1253 1401 agnoscimus.
1266 1364 1326 1392 Jnm
1347 1370 1413 1390 vero
1426 1361 1536 1396 quian
1551 1360 1631 1386 etiam
1648 1358 1722 1385 illius

931 1423 1012 1452 quam
1029 1420 1058 1442 tu
1074 1413 1296 1448 coniunctionem
1307 1410 1376 1438 dicis
1390 1429 1398 1441 ,
1426 1406 1587 1441 intelligitur
1601 1404 1697 1432 modus
1708 1402 1722 1430 ἰ

932 1450 1000 1490 Nam
1019 1462 1041 1489 si
1064 1460 1263 1489 humanitatem
1279 1457 1350 1485 dicis
1372 1455 1477 1482 unitam
1499 1452 1648 1481 secundum
1672 1450 1724 1485 hy-

932 1509 1061 1544 postasim
1078 1508 1118 1534 illi
1133 1514 1165 1534 ex
1185 1506 1238 1533 Deo
1251 1504 1341 1540 genito
1370 1501 1467 1534 Verbo,
1484 1508 1544 1532 cur,
1557 1506 1659 1533 qmeso,
1683 1497 1724 1523 di-

933 1557 1022 1582 vinam
1040 1554 1115 1581 illam
1141 1559 1250 1580 carnem
1282 1549 1367 1576 aﬂicis
1389 1546 1509 1582 injuria?
1536 1543 1642 1572 tametsi
1663 1550 1724 1570 eam

932 1602 1046 1629 adorare
1058 1600 1170 1628 minime
1194 1597 1323 1632 refugias,
1349 1603 1411 1623 cum
1433 1592 1619 1621 adorationem
1644 1589 1725 1617 exhi-

933 1648 992 1676 beri
1008 1646 1116 1674 nonnisi
1135 1645 1234 1672 divina:
1251 1649 1277 1671 et
1292 1641 1422 1670 ineﬂ‘abili
1445 1644 1551 1668 naturae
1568 1637 1723 1666 conveniat.

933 1695 1010 1728 Quod
1025 1693 1046 1721 si
1061 1693 1132 1720 haud
1150 1699 1242 1718 veram
1256 1695 1335 1725 putas
1352 1688 1451 1716 fartam
1466 1686 1604 1715 unionem.
1618 1688 1644 1710 et
1658 1691 1725 1710 cou-

930 1740 1098 1775 juuctionem
1112 1739 1202 1773 potius
1218 1736 1339 1770 appellas
1361 1735 1434 1762 illam
1461 1732 1609 1761 sccundum
1629 1731 1725 1756 homo-

934 1785 1064 1822 nymiam,
1078 1790 1106 1811 et
1125 1783 1177 1819 51
1193 1783 1220 1809 in
1237 1781 1291 1809 sola
1307 1789 1339 1808 ac
1352 1781 1422 1807 nuda
1438 1778 1550 1812 aequalis
1565 1775 1725 1811 appellatio—

935 1820 978 1860 nis
995 1832 1128 1858 societate
1152 1829 1268 1864 positam
1293 1826 1466 1862 dignitatem,
1487 1823 1552 1859 quid
1580 1820 1726 1856 magniﬁce

935 1877 1063 1913 nugaris,
1082 1876 1175 1904 dicens
1191 1875 1266 1902 illum
1278 1882 1311 1901 ex
1331 1871 1447 1900 muliere
1471 1870 1573 1898 editum
1598 1867 1630 1894 ad
1648 1875 1725 1894 sum-

935 1932 1006 1951 mam
1033 1922 1252 1957 coniunctionem
1296 1919 1477 1954 perductum,
1503 1915 1630 1943 nimirum
1665 1920 1725 1939 cum

937 1969 1047 1997 Verbo?
1063 1968 1230 2004 llomonyma
1250 1972 1366 2000 namque
1385 1964 1458 1990 inter
1469 1970 1499 1990 se
1511 1965 1591 1989 erunt
1602 1964 1629 1987 et
1643 1958 1728 1986 Filius

936 2013 1015 2045 Filio,
1030 2018 1058 2041 et
1073 2012 1205 2039 Dominus
1221 2011 1346 2039 Domino.
1368 2009 1421 2037 Sed
1439 2008 1507 2035 nihil
1531 2006 1588 2033 luec
1613 2004 1727 2032 nomina

935 2066 1018 2085 unum
1033 2058 1118 2084 altero
1134 2057 1224 2084 minus
1238 2055 1397 2087 habebunt,
1421 2059 1449 2081 et
1462 2051 1527 2088 quid
1550 2052 1576 2078 iu
1596 2051 1639 2077 his
1664 2049 1724 2076 cxi-

937 2105 1020 2132 mium
1035 2105 1080 2136 sit,
1098 2103 1243 2138 exquirere
1260 2109 1359 2128 vanum
1376 2101 1422 2133 sit,
1442 2099 1557 2134 opinor:
1569 2104 1630 2123 nam
1646 2095 1730 2122 Filius

938 2152 1007 2180 Filio
1023 2158 1076 2186 qua
1094 2149 1182 2177 Filius
1196 2153 1249 2181 est,
1267 2155 1317 2175 nec
1334 2146 1424 2181 majus
1446 2143 1549 2179 aliquid
1571 2149 1623 2170 uec
1639 2141 1729 2169 minus

937 2198 1029 2225 habet.
1049 2196 1222 2231 Supervacua
1236 2194 1319 2230 igitur
1337 2198 1364 2221 te
1376 2192 1458 2220 verba
1473 2189 1586 2218 fundere
1610 2187 1727 2222 apertis-

100 2235 270 2286 ηκριὸὦσθαῖ
289 2235 379 2283 φαμεν
399 2247 468 2282 πρὸς
485 2245 574 2281 ἄκραν
600 2244 750 2280 ἐμφέρειαν
771 2242 843 2276 τῆςιι

983 2252 1035 2271 tum
1049 2247 1091 2271 est
1103 2263 1111 2276 ,
1126 2250 1188 2270 cum
1204 2242 1293 2277 ipsum
1303 2237 1540 2276 perductumdicis
1549 2235 1581 2263 ad
1593 2241 1726 2262 summam

100 2298 178 2329 δεῖνος
197 2295 318 2332 μορφῆς,
339 2293 356 2328 ἢ
376 2293 421 2320 τὸν
449 2292 480 2325 ἐξ
504 2291 588 2319 αὐτοῦ
616 2289 749 2325 γεγονότα
770 2288 838 2321 υἱὸν,
855 2287 884 2322 ἢ,

101 2344 162 2378 φέρε
178 2343 280 2373 εἰπεῖν,
299 2340 402 2367 εἰκόνα.
426 2337 505 2365 Κατὰ
521 2338 550 2364 δέ
564 2345 595 2371 γε
608 2336 653 2362 τὸν
667 2337 716 2371 τῆς
739 2333 887 2368 συναφείας

101 2390 204 2426 τρόπον,
219 2387 281 2419 πῶς
296 2386 330 2413 ἆν
345 2384 558 2421 ἀπηκριϐῶσθαι
579 2383 700 2416 λέγοιντο
721 2381 770 2407 καὶ
783 2379 886 2407 νοοῖντό

101 2445 174 2469 τινα;
193 2434 267 2461 Ἀλλ’
284 2433 366 2464 αὐτὸς
392 2431 442 2467 μὲν
461 2431 636 2466 ἡρμήνευσεν
658 2429 724 2463 ἡμῖν
746 2426 797 2461 τῆς
823 2434 887 2452 συν-

102 2482 190 2516 αςείας
205 2481 256 2516 τὴν
275 2479 402 2513 δύναμιν.
420 2477 474 2514 [οὑ
488 2477 542 2511 γὰρ
558 2475 630 2507 ἐστι,
658 2473 736 2510 φησὶ,
758 2472 804 2500 τὸν
820 2472 887 2498 Θεὺν

104 2529 190 2563 Λόγον,
201 2528 268 2554 ἄνευ
280 2527 331 2560 τῆς
346 2523 557 2560 ἀνθρωπότητος
575 2520 677 2557 πρᾶξαὶ
687 2519 737 2556 τι].
753 2519 888 2554 Ὀμόφρο-

103 2584 140 2606 va;
151 2572 198 2602 οὖν
212 2571 344 2607 ἀλλήλοις
362 2571 410 2597 καὶ
423 2568 616 2604 ὁμογνώμονες
629 2566 699 2593 κατὰ
717 2566 758 2599 σὲ,
771 2565 818 2592 καὶ
834 2564 888 2591 ἀπὸ

104 2621 191 2649 κοινῶν
208 2618 383 2654 σκεμμάτων
398 2616 440 2649 ἐφ’
456 2615 560 2641 ἕκαστα
573 2613 629 2640 τῶν
650 2611 797 2648 πρακτέων
819 2610 888 2637 ἰέναι

105 2667 280 2702 πιστεύσομεν
307 2664 360 2699 τὴν
383 2662 440 2689 τῶν
467 2660 544 2697 παρὰ
563 2659 611 2686 σοῦ
639 2657 794 2693 λεγομένων
823 2655 889 2682 υἱῶν

104 2713 245 2749 ξυνωρίδα·
263 2709 337 2741 εἶτα.
355 2709 417 2740 πῶς
445 2708 475 2734 οὐ
487 2707 534 2734 δύο
556 2705 675 2742 χριστοὶ,
693 2704 742 2730 καὶ
760 2703 824 2735 υἱοὶ,
842 2702 890 2729 καὶ

102 2761 192 2796 κύριοι;
221 2758 295 2786 Ἀλλ’
312 2757 354 2788 ὼς
365 2754 476 2790 ὀργάνῳ
497 2752 535 2788 τῷ
550 2752 656 2787 σώματι
676 2749 827 2786 κεχρῆσθαι
844 2749 891 2775 τὸν

104 2794 174 2841 Λόγον
189 2803 354 2841 διῖσχυρίζῃ
370 2801 446 2828 κατὰ
455 2799 485 2826 τὸ
497 2799 580 2830 εἰκόᾷ
590 2797 660 2825 Ἀλλ’
671 2797 695 2823 εἰ
711 2796 760 2831 μὲν
771 2795 821 2822 ’ἐνα
837 2794 891 2830 φὴς

103 2854 161 2887 Υὶὸν,
180 2854 230 2880 καὶ
250 2852 322 2888 μίαν
341 2848 497 2876 ὑπόστασιν
519 2846 569 2881 τὴν
584 2844 630 2872 τοῦ
648 2844 735 2878 Λόγου
749 2850 891 2877 σεσαρκω-

100 2902 180 2939 μένην,
197 2901 251 2928 οὐκ
263 2897 353 2930 αὐτὸς
372 2896 386 2923 ἒ
395 2903 457 2922 σται
471 2892 601 2929 Θεὸτητος
611 2891 742 2927 ὄργανον·
761 2888 893 2924 κεχρήσε-

938 2289 1168 2324 coniunctionem.
1185 2287 1244 2314 Non
1259 2286 1343 2318 enim,
1351 2288 1383 2310 ut
1391 2282 1457 2310 mihi
1466 2281 1584 2312 videtur,
1592 2279 1625 2307 de
1634 2278 1730 2305 homo-

938 2336 1026 2373 nymis
1032 2334 1161 2363 convenit
1169 2333 1260 2361 dicere
1266 2332 1337 2367 quod
1346 2331 1380 2357 ad
1387 2336 1520 2357 summam
1529 2324 1730 2354 similitudinem

939 2370 993 2410 sint
1008 2381 1147 2417 perducta,
1155 2380 1201 2408 sed
1209 2380 1252 2407 his
1261 2378 1351 2414 potius
1360 2383 1420 2411 quae
1436 2382 1486 2410 per
1493 2372 1583 2401 omnia
1592 2370 1732 2417 aequalita—

939 2435 992 2457 tem
1012 2436 1045 2456 ac
1060 2426 1264 2456 similitudinem
1281 2427 1507 2460 quarumcunque
1524 2425 1616 2446 rerum
1634 2416 1732 2444 sortita

939 2481 1011 2509 sunt,
1019 2483 1082 2503 cum
1096 2474 1196 2509 quibus
1204 2479 1287 2499 unum
1301 2477 1362 2498 esse
1370 2466 1521 2496 creduntur
1531 2463 1624 2492 :verhi
1633 2462 1732 2498 gratia,

939 2507 1231 2557 expressum—dicimus
1241 2516 1275 2544 ad
1283 2521 1417 2543 summam
1429 2509 1637 2539 similitudinem
1649 2507 1732 2535 alicu-

937 2551 1114 2603 jushominis
1130 2564 1224 2591 forma;
1236 2561 1279 2588 vel
1300 2560 1384 2587 tilium
1410 2565 1444 2584 ex
1465 2563 1499 2585 eo
1530 2554 1661 2590 genitum,
1691 2551 1733 2579 vel

940 2599 1056 2647 exempli
1079 2610 1176 2646 gratia,
1192 2606 1357 2642 imaginem:
1374 2609 1455 2639 porro
1463 2600 1612 2629 secundum
1620 2599 1734 2633 conjun-

941 2646 1038 2687 ctionis
1048 2656 1156 2684 modum
1170 2660 1287 2689 quonam
1299 2654 1378 2686 pacto
1390 2649 1480 2683 aliqua
1494 2650 1542 2675 aut
1550 2646 1677 2674 dicantur
1690 2648 1735 2670 aut

942 2703 1127 2738 intelligantur
1143 2706 1271 2735 expressa
1282 2698 1295 2725 ?
1306 2696 1359 2725 Sed
1372 2696 1431 2731 ipse
1442 2694 1521 2721 nobis
1542 2692 1736 2725 interpretatus

941 2755 984 2778 est
994 2735 1072 2783 hui—us
1081 2747 1134 2775 vim
1142 2741 1421 2780 conjunctionis.lNoo
1431 2739 1516 2771 enim,
1524 2737 1621 2772 inquit,
1630 2735 1735 2783 eontiu:

944 2795 983 2830 git
993 2778 1108 2822 ut-Deus
1123 2778 1241 2821 Verbum
1253 2791 1312 2818 sine
1329 2785 1500 2816 humanitale
1513 2784 1596 2812 faciat
1609 2778 1736 2830 aliquidt]

946 2826 1103 2868 Concordes
1115 2838 1197 2873 igitur
1208 2842 1236 2864 et
1249 2835 1452 2864 consentientes
1468 2834 1542 2863 sunt,
1562 2832 1592 2856 ut
1618 2832 1645 2855 tu
1674 2826 1736 2853 exi-

946 2886 1053 2919 stimas.
1068 2889 1096 2919 ιιι
1112 2872 1372 2913 εοηιιιιυιιὶεοιιεὶιίο
1386 2879 1419 2908 ad
1434 2876 1555 2914 singulas
1570 2881 1614 2903 res
1630 2872 1734 2901 facien-
