1883 3054
152 138 188 168 οδ
668 136 699 164 S.
719 135 858 164 CYRILLI
875 134 1110 163 ALEXANDRINI
1127 134 1289 163 ABCHIEI‘.
1749 129 1785 156 96

153 199 203 226 das
222 198 334 226 tendere
358 197 501 226 credemus
520 204 569 232 par
586 196 650 224 illud
668 196 784 224 ﬁliorum
807 205 823 224 a
844 201 871 225 te
896 198 933 224 di-

1051 197 1079 223 at
1093 197 1195 231 μᾶλλον
1205 194 1304 231 οἷάπερ
1315 196 1423 232 ὀργάνῳ
1439 195 1478 230 τῷ
1491 194 1547 229 ἰδίῳ
1560 194 1682 228 σώματι.
1697 191 1786 219 καθά-

153 249 280 272 ctorum:
296 243 366 278 quod
383 244 406 271 si
424 243 460 270 ita
473 247 524 276 est.
541 243 676 278 quomodo
693 250 746 270 non
760 243 813 270 duo
827 242 935 274 chrisli,

155 295 182 317 et
199 289 257 320 ﬁlii,
275 295 302 317 et
316 289 441 316 domini?
461 289 497 316 At
516 296 581 316 vero
604 295 719 322 corpore
747 293 876 323 tanquam
894 296 941 316 or-

155 343 226 370 gano
242 336 327 370 ipsum
345 335 462 362 Verbum
475 341 552 362 usum
576 334 706 368 allirmas,
736 339 766 361 ut
784 339 828 362 est
843 342 942 362 conse-

156 389 253 415 quens.
273 381 326 408 Sed
348 381 371 408 si
389 388 472 408 unum
487 380 557 408 dicis
583 380 694 413 Filium,
715 385 743 408 et
759 388 841 408 unam
858 380 944 415 hypo-

156 427 251 454 stasim
267 426 345 453 Verbi
363 426 542 458 incarnatam,
557 433 609 453 non
625 426 711 461 ipsum
724 426 777 454 erit
790 426 944 454 Diviuitatis

157 479 299 506 organum,
323 472 369 499 sed
382 476 474 499 utetur
500 471 590 506 potius
616 471 728 506 proprio
752 479 867 506 corpore
885 476 944 500 tan-

157 524 238 551 quam
255 523 372 551 organo;
385 521 414 543 ιιι
426 516 553 543 nimirum
566 517 622 552 ipsa
635 516 751 544 hominis
764 517 864 544 anima.
875 517 944 552 Ergo

158 570 241 589 uuunt
266 561 363 594 fatere,
381 570 434 589 non
462 562 587 589 dividens
609 567 730 594 naturas,
759 563 839 590 simul
864 563 944 590 intel-

158 608 244 643 ligeus
256 615 288 635 ac
304 609 424 636 sentiens
447 608 528 635 aliam
550 616 612 636 esse
627 609 718 636 carnis
733 629 741 642 ,
765 609 846 636 aliam
872 609 943 637 divi-

159 654 252 681 nitatis
267 654 398 681 rationem
414 662 474 687 quze
488 654 525 681 illi
540 662 573 681 ac
587 654 637 681 soli
664 655 810 682 conveniat
829 664 836 681 :
854 661 945 689 neque

159 700 233 726 enim
247 700 321 726 illam
337 699 418 727 Verbi
436 707 546 727 carnem
564 700 679 728 dicimus
692 700 791 728 factam
803 708 864 728 esse
876 701 944 728 divi-

159 745 284 776 nitatem.
302 745 349 772 sed
377 746 467 780 potius
487 745 618 778 divinam,
645 750 674 773 ut
696 746 770 773 illius
793 747 940 781 propriam.

994 252 1047 279 περ
1063 243 1158 279 ἀμέλει
1172 244 1246 278 καὶὴ
1268 242 1316 269 τοῦ
1332 242 1476 278 ἀνθρώπου
1493 242 1576 277 ψυχή.
1592 240 1701 269 Οὐκοῦν
1716 241 1786 274 ὁμο-

994 290 1109 325 λόγησον
1124 290 1182 322 ἕνα,
1201 289 1238 324 μὴ
1257 289 1369 325 διαιρῶν
1382 288 1433 320 τὰς
1446 288 1550 323 φύσεις,
1566 287 1636 323 μετὰ
1652 285 1700 312 τοῦ
1716 285 1786 311 εἰδέ-

994 344 1039 363 ναι
1059 336 1106 362 καὶ
1133 336 1252 371 φρονεῖν,
1273 335 1314 362 ὃτι
1341 335 1442 369 σαρκὸς
1466 334 1516 370 μὲν
1545 334 1638 368 ἕτερος
1652 333 1667 359 ὁ
1685 331 1766 364 λόγος
1779 349 1786 358 .

996 382 1128 417 Θεότητος
1143 382 1171 408 δὲ
1184 381 1275 412 πάλιν,
1287 382 1301 407 6
1313 381 1381 416 αὐτῇ
1398 380 1442 406 καὶ
1459 379 1529 416 μόνῃ
1542 379 1664 413 πρέπων·
1682 377 1787 412 ἥκιστα

999 428 1048 462 μὲν
1069 427 1125 462 γὰρ
1150 426 1271 461 Θεότητα
1291 425 1418 460 γενέσθαι
1436 425 1526 459 φαμὲν
1543 423 1590 450 τοῦ
1617 422 1706 456 Λόγου
1733 420 1787 454 τὴν

997 473 1098 508 σάρκα,
1110 471 1187 498 θείαν
1201 471 1229 498 δὲ
1246 471 1358 506 μᾶλλον,
1372 471 1410 502 ὡς
1425 470 1493 497 ἰδίαν
1508 468 1591 496 αὑτοῦ
1602 477 1609 484 ·
1629 469 1653 494 εί
1667 467 1723 502 γὰρ
1736 467 1787 493 ἀν⁴

996 517 1106 553 θρώπου
1121 517 1189 552 σὰρξ
1211 518 1227 552 ἡ
1245 517 1404 552 ἀνθρωπίνη
1425 515 1545 549 λέγεται,
1568 513 1594 540 τί
1623 513 1653 539 τὸ
1677 511 1787 539 κωλῦον

995 563 1036 589 ἔτι
1047 563 1094 589 καὶ
1106 563 1180 589 θείαν
1193 563 1281 588 εἰπεῖν
1302 561 1351 597 τὴν
1367 561 1414 588 τοῦ
1431 560 1498 587 Θεοῦ
1520 560 1626 594 Λόγου;
1647 558 1679 585 Τί
1691 558 1787 584 τοίνυν

995 609 1121 644 διαγελᾷς
1139 609 1189 642 τῆς
1214 608 1343 642 ἀληθείας
1365 607 1396 634 τὸ
1415 607 1524 638 κάλλος,
1544 605 1698 633 ἀποθέωσιν
1715 605 1787 638 ἡμῖν

994 655 1136 690 ὀνομάζων
1147 654 1196 689 τῆς
1209 653 1288 687 ἁγίας
1307 653 1416 688 σαρκὸς,
1431 652 1509 687 μόνον
1525 651 1554 677 δὲ
1569 651 1640 685 οὐχὶ,
1655 650 1702 676 καὶ
1715 657 1787 675 κατ-

994 700 1134 731 ονειδίζων
1159 701 1215 731 τοῖς
1243 698 1312 735 ὀρθὰ
1339 699 1448 733 φρονεῖν
1477 697 1625 733 ᾑρημένοις
1649 695 1699 730 τὴν
1724 694 1787 721 θεο-

996 747 1121 781 ποίησιν;
1136 745 1225 772 καίτοι
1239 744 1325 778 λέγων
1338 744 1428 774 αὐτός’

159 790 225 818 Nam
239 792 262 818 si
278 792 395 819 hominis
424 799 488 819 caro
502 792 619 819 humana
644 792 754 825 dicitur,
771 792 836 827 quid
867 793 994 827 prohibet
1012 793 1094 820 etiam
1115 792 1233 818 divinam
1265 791 1356 817 dicere
1387 789 1460 816 illam
1483 796 1543 822 qua:
1567 793 1608 816 est
1633 787 1680 815 Dei
1699 786 1785 813 Verbi

160 837 240 863 caro?
263 837 332 870 Qllld
352 837 433 873 igitur
450 838 548 866 irrides
564 839 791 873 pulchritudinem
805 839 949 867 veritatis?
977 844 1078 867 sancta:
1095 839 1166 866 illius
1187 837 1279 865 carnis
1302 836 1533 864 consecrationem
1563 835 1590 862 in
1618 835 1682 861 deos
1705 833 1786 860 nobis

160 881 306 914 objicicns,
322 889 354 908 ac
377 883 570 917 propemodum
588 883 786 911 deilicatiuncm
810 884 964 912 hominibus
980 889 1053 912 recte
1075 883 1255 911 sentientibus
1272 881 1442 915 exprobrans
1457 890 1463 907 :
1480 880 1587 907 tametsi
1607 879 1666 914 ipse
1684 879 1762 906 dicas
1777 887 1784 904 :

200 925 332 962 |Nss'ron.
360 926 394 954 Ut
427 935 492 962 ergo
523 928 724 956 demonstretur
750 930 816 965 ipsis
840 938 933 964 quoqw

1036 930 1104 965 [Ἵνα
1120 929 1209 956 τοίνυν
1223 928 1317 964 δειχθῇ
1333 929 1381 954 καὶ
1401 928 1458 958 τοῖς
1477 926 1576 961 μάγοις
1590 926 1631 957 τίς
1647 925 1725 952 ἐστιν
1740 920 1789 951 οὖ-

162 971 248 1006 magis
267 972 328 1005 quis
346 971 391 999 hic
404 972 442 999 sit
458 973 492 999 ab
517 973 571 1000 illis
590 973 718 1001 adoratus
734 995 742 1007 ,
768 979 796 1002 et
816 975 848 1002 ad
865 983 945 1009 quem

162 1017 222 1044 illos
241 1017 348 1044 duxerit
363 1017 482 1051 Spiritus
497 1019 584 1045 sancti
601 1020 705 1053 gratia.
724 1028 820 1055 nempe
836 1029 890 1048 non
912 1022 946 1048 ad

161 1061 309 1095 simplicem
325 1063 405 1098 vulgo
421 1069 598 1098 conspectum
612 1064 667 1100 52
684 1065 825 1097 infantem,
851 1067 898 1094 sed
912 1067 946 1094 ad

161 1116 259 1143 corpus
271 1109 405 1143 quoddam
421 1109 595 1137 incﬂ'abiliter
618 1112 671 1138 Deo
689 1112 891 1149 conjunctum.]

479 1166 556 1193 CAP.
583 1167 628 1194 IX.

196 1211 262 1238 Cum
277 1211 358 1243 igitur
374 1219 473 1247 corpus
490 1213 666 1241 ineu'abiliter
690 1215 744 1242 Deo
770 1215 944 1250 conjunctum

162 1257 243 1287 dicat,
260 1256 331 1291 quod
343 1261 433 1283 autent
449 1262 491 1284 est
508 1265 571 1285 vere
588 1257 734 1291 iueii'abile,
763 1267 844 1294 supra
864 1260 946 1288 intel-

162 1301 299 1335 ligentiam
313 1301 346 1329 sit
358 1307 385 1329 et
397 1311 477 1337 supra
494 1311 658 1336 sermonem,
683 1311 746 1331 vera
765 1313 876 1339 prorsus
894 1307 947 1333 erit

163 1348 225 1374 nnio
236 1348 276 1374 vel
291 1348 456 1383 cunjuuetio,
480 1354 508 1376 ut
521 1349 578 1383 ipse
599 1350 670 1384 loqui
688 1350 759 1377 solet
777 1360 784 1377 :
800 1359 862 1378 nam
874 1352 946 1386 ejus-

163 1394 235 1420 modi
249 1398 312 1421 sunt
327 1394 482 1427 ineﬂ'abilia,
501 1399 527 1421 et
542 1402 633 1422 rerum
650 1396 686 1422 ita
702 1396 772 1423 inter
797 1405 827 1424 se
849 1405 948 1425 conve-

164 1439 295 1466 nientium
313 1441 384 1467 haud
401 1441 493 1475 utique
508 1442 653 1476 quisquam
679 1443 750 1470 scire
776 1443 876 1476 poterit
891 1451 948 1471 mo-

163 1485 237 1512 dum.
259 1485 335 1518 Quod
352 1487 374 1512 si
392 1487 485 1514 dicere
497 1487 580 1520 nosti,
603 1495 634 1514 ac
649 1493 728 1522 putas
741 1496 819 1522 posse
841 1493 867 1516 te
893 1490 946 1516 vim

165 1529 235 1557 illius
251 1531 450 1565 conjunctiouis
464 1532 616 1564 declarare.
643 1534 778 1567 quomodo
793 1535 881 1562 adhuc
895 1535 948 1562 crit

163 1584 194 1603 ca
215 1584 260 1603 res
274 1577 419 1605 ineliabilis
430 1579 443 1605 ?
457 1579 540 1605 Miror
552 1583 640 1606 autem
651 1580 735 1614 quod,
748 1581 873 1614 quamvis
885 1588 948 1608 cor—

163 1630 213 1656 pus
228 1622 280 1650 Deo
295 1623 468 1657 cuujuuctum
486 1625 568 1657 dicat,
583 1625 664 1658 idque
683 1625 859 1653 incil'abiliter
869 1648 877 1658 ,
892 1634 946 1654 non

163 1673 253 1695 knnen
268 1669 332 1696 illud
344 1670 425 1696 etiam
442 1670 525 1704 ipsius
540 1671 677 1704 proprium
692 1679 753 1698 esse
780 1677 896 1705 asserat,
919 1677 949 1699 ut

164 1722 224 1740 cum
244 1721 276 1741 eo
293 1720 420 1750 tauquam
436 1724 518 1742 unum
539 1716 720 1750 intelligatur;
748 1718 794 1744 sed
812 1726 905 1744 rursus
921 1719 946 1744 in

165 1759 302 1787 hominem
330 1769 362 1787 ac
388 1761 471 1787 Deum
486 1761 582 1788 dividit
606 1762 718 1788 scorsim
742 1770 774 1790 ac
790 1764 946 1797 saparatim.

165 1813 247 1833 unuir.
262 1805 399 1833 Christum
416 1811 443 1833 et
457 1807 598 1834 Dominum
615 1806 719 1839 Jesum,
743 1812 770 1835 et
797 1814 869 1836 recte
883 1817 947 1837 scn-

165 1852 217 1878 tire
227 1859 257 1879 se
271 1853 391 1885 simulat,
407 1853 522 1882 dicens:

200 1897 332 1934 [Νεετοῐι.
349 1898 442 1934 Neque
459 1907 522 1927 vero
538 1901 650 1935 simplex
661 1901 742 1927 homo
756 1905 798 1927 est
811 1900 947 1932 Christus,

163 1952 180 1970 ο
193 1945 384 1977 calumniator.
401 1947 447 1973 sed
472 1947 553 1974 homo
571 1947 650 1974 simul
665 1952 691 1973 et
716 1947 787 1974 Deus
805 1954 812 1972 :
830 1947 902 1981 quod
924 1947 947 1974 si

164 1991 249 2016 solum
266 1991 336 2018 Deus
350 1997 436 2024 esset,
453 2000 523 2027 opus
536 1998 606 2025 erat,
622 2001 638 2019 ο
653 1993 816 2026 Apollinari,
829 1993 920 2020 dicere
937 2000 943 2018 :

166 2043 175 2059 ι
192 2034 261 2067 Quid
275 2043 317 2062 me
329 2037 450 2070 qumritis
472 2038 626 2065 interficere
642 2038 724 2064 Deum
740 2057 747 2070 ,
761 2038 806 2072 qui
828 2046 892 2065 vera
911 2038 950 2065 lo-

163 2085 243 2108 cutus
257 2089 316 2108 sum
331 2082 406 2110 vobis
417 2083 439 2099 "
453 2083 484 2110 Ἰ»
503 2083 651 2112 llicillcest
665 2084 708 2111 cui
722 2085 813 2119 spinea
830 2083 881 2110 fuit
894 2085 949 2111 (τίν-

163 2127 312 2160 cumposita
331 2135 452 2161 corona;
468 2128 512 2156 hic
534 2130 579 2163 qui
597 2129 724 2156 dicebat:
746 2139 755 2154 ‹
772 2129 843 2156 Deus
862 2137 949 2160 meus.

164 2172 235 2200 Deus
256 2181 342 2206 meus,
372 2175 464 2208 utquid
487 2183 530 2202 me
556 2175 726 2210 dereliquisti
741 2176 788 2202 “?
821 2185 829 2200 ι
849 2175 892 2202 hic
903 2176 949 2209 qui

165 2219 318 2246 triduanam
337 2221 422 2248 subiit
438 2227 566 2253 mortem,
596 2221 688 2248 Adoro
704 2226 792 2248 autem
818 2221 892 2249 hunc
910 2222 949 2248 si-

997 985 1043 1008 τος
1061 977 1075 1002 6
1103 976 1169 1010 παρ’
1196 975 1285 1001 αὐτῶν
1320 973 1572 1010 προσκυνούμενος,
1592 971 1639 998 καὶ
1651 971 1698 998 ἐπὶ
1723 971 1789 997 τίνα

998 1023 1102 1058 ἤγαγεν
1117 1022 1215 1053 αὐτοὺς
1231 1021 1278 1047 τοῦ
1302 1020 1460 1054 Πνεύματος
1482 1018 1529 1045 τοῦ
1557 1017 1634 1051 ἁγίου
1653 1018 1670 1052 ἡ
1687 1017 1786 1052 χάρις·

997 1068 1099 1094 ὅτιούκ
1121 1067 1168 1093 ἐπὶ
1189 1067 1267 1100 ψιλὸν
1284 1066 1378 1097 dri-.6);
1395 1063 1581 1099 θεωρούμενον
1602 1063 1710 1099 βρέφος,
1726 1062 1790 1089 ἀλλ’

997 1112 1044 1140 ἐπί
1059 1122 1084 1139 τι
1100 1112 1181 1147 σῶμα
1197 1111 1367 1146 συνημμένον
1382 1110 1509 1146 ἀρρήτως
1521 1109 1582 1143 Θεῷ
1595 1107 1606 1143 ]

1297 1167 1423 1195 ΚΕΦᾹΛ.
1443 1166 1482 1194 Θ¹.

1033 1215 1098 1241 Ὅτε
1115 1214 1204 1242 τοίνυν
1214 1214 1339 1250 ἀρρήτως
1356 1212 1490 1249 συνῆφθαι
1506 1211 1566 1248 Θεῷ
1581 1212 1611 1238 τὸ
1633 1211 1713 1246 σῶμά
1736 1219 1790 1245 φη-

999 1269 1039 1287 σι·
1057 1261 1088 1288 τδ
1105 1261 1134 1287 δὲ
1161 1261 1317 1296 ἀπόρρητον
1339 1259 1457 1295 ἀληθῶς,
1476 1258 1547 1294 ὑπὲρ
1563 1258 1625 1284 νοῦν
1653 1258 1712 1284 ἔστι
1738 1257 1790 1283 καὶ

998 1307 1086 1342 λόγον,
1109 1308 1213 1342 ἀληθής
1235 1315 1287 1332 που
1303 1306 1410 1337 πάντως
1424 1307 1440 1340 ἡ
1463 1305 1568 1336 ἓνωσις,
1581 1305 1664 1339 ἦγουν
1683 1305 1699 1338 ἡ
1721 1312 1790 1329 συν-

999 1355 1091 1388 ἀφεια,
1113 1355 1173 1380 κατ’
1194 1353 1287 1380 αὐτόν.
1309 1352 1465 1388 Ἀπὲῤῥητα
1483 1351 1536 1386 γὰρ
1562 1351 1596 1377 τὰ
1620 1349 1720 1381 τοιάδε,
1737 1349 1789 1375 καὶ

997 1399 1050 1426 τῶν
1058 1399 1143 1430 οὕτως
1149 1399 1271 1434 ἀλλήλοις
1285 1407 1315 1424 συ
1321 1397 1505 1433 μὸεὸηκότων,
1516 1397 1565 1424 οὐκ
1576 1395 1619 1429 ἂν,
1637 1393 1732 1431 οἶμαι,
1740 1395 1786 1426 τὶς

999 1446 1082 1480 είδείη
1098 1446 1144 1472 τὸν
1161 1445 1273 1481 τρόπον.
1290 1445 1323 1472 El
1340 1444 1368 1471 δὲ
1381 1442 1460 1471 οἶσθα.
1477 1444 1578 1478 λέγειν,
1591 1442 1641 1470 οῐει
1658 1451 1688 1469 τε
1703 1441 1789 1469 δύνα-

999 1491 1060 1518 σθαι
1082 1491 1243 1527 διατρανοῠν
1263 1491 1313 1525 τῆς
1341 1490 1490 1525 συναφείας
1511 1490 1562 1524 τὴν
1577 1489 1709 1524 δύναμιν,
1728 1488 1789 1520 πῶς

998 1538 1153 1574 ἀπόρρητον
1171 1537 1212 1563 ἐτι
1228 1537 1258 1563 τὸ
1272 1536 1366 1572 χρῆμά
1379 1536 1454 1569 ὲστι;
1468 1534 1605 1570 Θαυμάζω
1615 1534 1654 1566 δὲ,
1666 1534 1709 1560 ὅτι
1723 1533 1790 1559 καί-

999 1593 1040 1611 τοι
1055 1584 1134 1619 σῶμα
1152 1583 1239 1617 λέγων
1261 1582 1396 1617 συνῆφθαι
1412 1581 1486 1616 Θεῷ,
1507 1582 1553 1608 καὶ
1567 1579 1646 1607 τοῦτο
1663 1579 1791 1614 ἀπορρή-

1000 1639 1064 1662 τως,
1075 1631 1125 1656 οὐκ
1139 1629 1223 1656 αὑτοῦ
1239 1629 1270 1664 δὴ
1283 1628 1363 1655 τοῦτο
1375 1629 1421 1655 καὶ
1437 1628 1502 1654 ἴδιον
1512 1625 1582 1654 εἷναί
1596 1634 1690 1662 φησιν,
1705 1624 1740 1651 ἵν’
1751 1624 1791 1656 ὼς

1001 1679 1028 1704 ἓν
1042 1680 1128 1704 νοοῖτο
1147 1678 1203 1713 μετ’
1218 1675 1301 1704 αὑτοῦ
1313 1684 1319 1690 ·
1334 1675 1440 1710 μερίζει
1454 1674 1482 1700 δὲ
1498 1672 1578 1700 πάλιν
1593 1673 1632 1703 είς
1643 1671 1790 1705 ἄνθρωπον

1001 1725 1048 1750 καὶ
1061 1724 1137 1755 Θεὸν,
1152 1723 1204 1750 ἀνὰ
1221 1723 1312 1758 μέρως
1327 1730 1357 1748 τε
1369 1721 1416 1747 καὶ
1432 1719 1533 1751 ἰδικῶς,
1544 1718 1590 1744 τὸν
1603 1717 1651 1744 ἕνα
1668 1716 1790 1751 Χριστὸν

1000 1770 1047 1797 καὶ
1060 1769 1162 1804 Κύριον
1182 1768 1297 1804 Ἰησοῦν,
1315 1768 1362 1794 καὶ
1377 1766 1444 1801 ὀρθὰ
1459 1765 1568 1800 φρονεῖν
1584 1762 1790 1790 ὐποπλάττεται

999 1816 1085 1849 λέγων
1094 1823 1101 1829 ⁸

1036 1904 1123 1940 [Ἀλλ’
1138 1904 1168 1930 οὺ
1185 1903 1262 1938 ψιλὸς
1277 1901 1420 1936 ἄνθρωπος
1441 1900 1455 1925 6
1472 1898 1599 1934 Χριστὸς,
1618 1897 1789 1931 συκοφάντα,

1001 1952 1057 1978 ἀλλ’
1077 1951 1220 1986 ἅνθρωπος
1236 1948 1305 1982 ὁμοῦ
1321 1947 1368 1973 καὶ
1387 1946 1453 1976 Θεὸς
1465 1953 1472 1961 ’
1489 1946 1512 1971 εἰ
1527 1944 1555 1971 δὲ
1577 1943 1657 1978 μόνον
1679 1943 1790 1977 ὑπῆρχε

1001 1997 1077 2029 Θεὸς,
1106 1995 1200 2030 ὲχρῆν,
1228 1993 1411 2026 Ἀπολινάριε,
1428 1991 1528 2016 εἰπεῖν·
1547 1988 1605 2030 (ΣΤι
1626 1997 1659 2023 με
1681 1987 1789 2022 ζητεῖτε

1001 2028 1162 2068 ἀποκτεῖναι
1183 2039 1260 2069 Θεὸν.
1275 2038 1305 2069 ὃς
1317 2037 1366 2072 τὴν
1379 2036 1510 2070 ἀλήθειαν
1527 2028 1591 2068 ὑμῖν
1606 2033 1762 2068 λελάληκα,
1780 2043 1788 2058 ι

1001 2086 1087 2119 Οὗτος
1107 2088 1121 2113 6
1135 2086 1180 2113 τὸν
1196 2085 1340 2112 ἀκάνθινον
1353 2082 1532 2118 περιθέμενος
1547 2080 1678 2114 στέφανον
1689 2088 1695 2094 ·
1713 2077 1791 2109 οὗτος

1000 2135 1015 2161 6
1049 2135 1147 2168 λέγων,
1171 2142 1180 2158 ι
1201 2132 1250 2158 Θεέ
1271 2140 1341 2166 μου,
1358 2130 1408 2156 Θεέ
1428 2137 1496 2164 μου,
1517 2128 1560 2154 ἵνα
1574 2127 1600 2153 τί
1626 2136 1659 2161 με
1675 2127 1791 2161 ἐγκατέ-

1000 2180 1093 2213 λιπες;
1118 2189 1127 2205 ›
1154 2176 1230 2209 οὗτος
1259 2179 1273 2203 6
1294 2177 1445 2213 τριήμερον
1471 2173 1599 2208 τελευτὴν
1627 2172 1790 2207 ὑπομείνας.

1001 2224 1151 2260 Προσκυνῶ
1169 2224 1197 2250 δὲ
1215 2223 1263 2250 σὺν
1279 2223 1312 2258 τῇ
1331 2221 1444 2255 Θεότητι
1456 2218 1560 2252 τοῦτον,
1579 2218 1616 2250 ὠς
1642 2218 1693 2252 τῆς
1714 2217 1791 2248 θείας

163 2265 216 2292 mul
235 2273 296 2292 cum
314 2265 477 2299 Diviuitate,
497 2272 628 2301 tanquam
658 2267 758 2294 divinae
779 2266 929 2294 defensorei

1036 2271 1150 2306 νήγορον
1166 2267 1333 2303 αὐθεντίας.]

163 2311 357 2339 auctoritatis.‘

489 2358 565 2386 CAP.
586 2357 620 2384 Χ.

199 2403 327 2437 Videjam
347 2411 441 2431 rursus
454 2404 680 2438 quemadmodum
699 2403 796 2438 raptim
813 2403 944 2438 decipiat,

162 2451 190 2474 et
203 2448 260 2475 suis
273 2449 445 2476 sermonibus
469 2449 590 2476 veritatis
614 2449 732 2483 speciem
758 2450 947 2484 circumponat

163 2492 249 2529 [Num
266 2494 364 2527 inquit,
381 2494 495 2529 simplex
512 2495 593 2522 homo
603 2499 644 2522 est
659 2495 794 2528 Christus,
809 2495 856 2522 sed
868 2496 948 2522 homo

163 2539 243 2566 simul
259 2545 286 2565 et
304 2539 395 2575 Deus],
426 2548 575 2575 rursusque
589 2541 704 2573 dividat,
725 2546 754 2567 et
777 2541 848 2568 baud
864 2549 946 2568 unum

162 2591 224 2611 esse
240 2584 323 2617 dicat,
347 2589 375 2612 et
398 2585 481 2612 stulte
496 2587 567 2620 quod
591 2593 606 2612 a
633 2586 742 2613 nemine
768 2586 804 2612 sit
831 2587 946 2620 positum

163 2629 326 2662 accipiat,et
341 2631 412 2664 quod
429 2631 479 2657 sibi
498 2631 587 2665 placet
606 2635 721 2658 astruat.
737 2631 852 2658 Perinde
874 2630 946 2657 enim

164 2683 198 2702 ae
210 2676 234 2702 si
247 2676 381 2710 quispiam
396 2677 510 2709 diceret,
524 2678 623 2704 nudum
635 2678 722 2711 ipsum
737 2677 852 2704 Verbum
866 2681 894 2703 et
908 2677 947 2704 ci-

165 2726 205 2747 tra
225 2729 334 2749 carnem
350 2722 376 2749 in
392 2723 472 2749 terris
492 2723 570 2750 nobis
595 2723 766 2757 apparuisse,
788 2722 948 2750 nobiscum-

164 2774 217 2801 que
230 2767 360 2799 locutum.
375 2769 416 2795 vel
433 2768 523 2796 divina
540 2769 616 2803 signa
639 2767 776 2800 edidisse,-
801 2773 850 2795 aut
874 2775 948 2796 com—

201 2848 222 2863 ”
239 2848 314 2875 Junii.
331 2857 384 2881 vn,
406 2849 449 2875 40.
490 2849 510 2864 ⁵⁸
532 2848 626 2875 Maltlt.
642 2855 728 2880 “vn,
746 2848 789 2874 ιδ.

1305 2354 1417 2382 ΚΕΦΑΛ
1424 2375 1430 2380 .
1453 2355 1481 2381 l'.

1039 2403 1132 2438 Ἅθρει
1144 2402 1174 2436 δή
1191 2409 1236 2436 μοι
1260 2400 1340 2428 πάλιν
1357 2399 1562 2434 συναρπάζοντα
1591 2397 1652 2432 μὲν,
1674 2396 1723 2422 καὶ
1739 2397 1789 2430 τῆς

1000 2448 1128 2484 ἀληθείας
1146 2447 1195 2481 τὴν
1219 2447 1360 2481 μόρφωσιν
1383 2446 1439 2476 τοῖς
1463 2443 1560 2470 ἑαυτοῦ
1585 2441 1732 2476 περιθέντα
1746 2440 1791 2467 λό-

1001 2502 1073 2528 γοις·
1092 2493 1140 2528 [οὐ
1155 2493 1210 2527 γὰρ
1234 2492 1311 2526 ψιλὸς
1337 2490 1479 2526 ἄνθρωπος
1490 2509 1497 2520 ,
1522 2489 1615 2524 φησὶν,
1629 2488 1644 2512 6
1659 2486 1791 2521 Χριστὸς,

1002 2540 1058 2567 ἀλλ’
1074 2539 1216 2574 ἄνθρωπος
1236 2537 1303 2573 ὁμοῦ
1324 2537 1370 2564 καὶ
1395 2535 1483 2571 Θεός·]
1500 2534 1638 2562 διῖστάντσ.
1658 2533 1687 2560 δὲ
1710 2533 1792 2559 πάλιν

1003 2587 1049 2612 καὶ
1057 2586 1105 2620 οὐχ
1117 2585 1164 2611 ἕνα
1176 2584 1299 2618 λέγοντα,
1311 2583 1359 2610 καὶ
1366 2581 1562 2609 ἀνυπόθετόντι
1572 2580 1718 2615 δεχόμενον
1725 2579 1794 2613 ἀμα-

1004 2630 1067 2662 θῶς,
1076 2631 1124 2656 καὶ
1137 2629 1373 2660 κατασκευάζοντα
1383 2628 1412 2654 τὸ
1426 2627 1530 2653 δοκοῦν.
1545 2626 1589 2656 Ὠς
1600 2626 1653 2659 γὰρ
1666 2624 1791 2657 λέγοντός

1002 2684 1084 2707 τινος,
1098 2675 1200 2710 γυμνὸν
1214 2675 1260 2700 ἐπὶ
1271 2675 1321 2708 γῆς
1333 2674 1381 2700 καὶ
1396 2673 1456 2708 δίχα
1470 2672 1569 2707 σαρκὸς
1580 2669 1668 2704 ὢφθαί
1680 2679 1710 2696 τε
1727 2671 1792 2704 ἡμῖν

1003 2721 1049 2747 τὸν
1063 2721 1158 2754 Λόγον,
1180 2721 1226 2746 καὶ
1244 2721 1308 2751 τοὺς
1324 2719 1392 2754 πρὸς
1411 2719 1485 2753 ἡμᾶς
1500 2716 1664 2752 ποιήσασθαι
1682 2715 1791 2749 λόγους,

1004 2767 1086 2803 ἤγουν
1105 2767 1250 2803 ἐνεργῆσαι
1267 2764 1512 2800 τὰςοθεοσημείας,
1539 2763 1622 2798 ἤγουν
1646 2762 1687 2788 ὃτι
1704 2761 1791 2792 κοινὸς
