1883 3054
69 152 97 178 9?
632 140 812 170 ADVERSUS

961 141 1046 169 RlUM
1067 141 1132 169 LIB.
1155 140 1187 168 ll.
1669 142 1704 169 98

70 211 100 246 ἦν
112 210 264 244 ἅνθρωπος,
284 207 335 234 καὶ
353 206 406 234 οὐκ
429 206 511 237 αὐτὸς
523 206 536 232 ὀ
561 205 647 238 Λόγος
666 204 761 240 γέγονε
777 204 811 231 σά

965 211 1024 231 nem
1040 204 1178 231 hominem
1188 202 1282 235 fuisse,
1299 209 1351 229 non
1366 202 1453 237 ipsum
1467 201 1584 228 Verbum
1604 201 1703 229 factum

75 256 117 292 ιυὺ
129 253 217 288 ψοὸς,
232 251 317 286 φησὶν
331 271 339 283 ,
366 251 511 286 ἄνθρωπος
534 251 549 276 ὁ
573 250 701 286 Χριστὸς,
721 249 790 276 ἀλλὰ
814 249 861 276 καὶ

73 297 160 333 Θεό;.ι
181 297 277 331 Ἡμεῖς
290 295 330 326 δὲ,
343 292 367 321 ὦ
383 295 516 330 βέλτιστε,
535 294 619 329 φαίην
640 294 672 320 ἆν
691 294 789 328 ἑγωγε,
808 293 861 319 κᾶν

74 345 187 378 λέγωμεν
199 340 282 368 αὑτὸν
297 340 444 376 ἄνθρωπόν
461 348 491 365 τε
505 339 573 374 ὁμοῦ
589 339 637 366 καὶ
651 338 728 371 Θεὸν,
745 339 795 364 οὐκ
809 338 861 364 ἀνὰ

76 390 151 423 pépo;
164 386 285 417 τιθέντες
301 386 338 412 τὰ
351 386 441 413 τοιάδε
456 385 548 421 φαμέν
560 393 566 400 ·
580 385 626 411 τὸν
642 384 723 411 αὑτὸν
736 384 766 410 δὲ
791 383 861 419 μᾶλ-

75 435 114 461 λον
135 433 234 464 εἰδότες
251 432 302 459 καὶ
319 432 375 468 πρὸ
401 432 452 466 τῆς
468 431 702 466 ὲνανθρωπήσεως
726 429 790 456 Υἱὺν
812 428 862 456 καὶ

75 480 132 506 θεὸν
144 478 189 505 καὶ
201 478 290 511 Λόγον
304 478 353 504 τοῦ
371 477 477 512 Πατρός
487 485 494 492 ⁴
507 476 649 512 ἄνθρωπον
658 475 687 502 δὲ
700 474 770 511 μετὰ
780 475 862 502 τοῦτο

76 526 127 553 καθ’
153 525 226 560 ἡμᾶς
240 524 376 558 γεγονότα
388 544 396 555 ,
414 523 461 550 καὶ
491 521 710 558 σεσαρκωμένον.
730 521 759 548 '0
775 521 804 548 δὲ
822 521 863 548 δι’

75 571 271 606 ἰσχυριζόμενος
289 570 329 605 μὴ
343 570 399 597 δεῖν
413 569 494 596 αὑτὸν
510 568 654 604 ἄνθρωπον
676 566 795 595 νοεῖσθαι
815 567 861 602 ψι-

75 619 124 651 λὸν,
149 617 215 644 ἀλλὰ
231 616 301 643 Θεὸν
328 617 375 642 xa‘t
398 615 557 651 ἄνθρωπον,
581 614 715 650 ἀπονέμει
740 615 790 649 μὲν
815 613 861 640 τὸν

75 663 205 690 ἀκάνθινον
217 661 365 696 στέφανον,
377 662 425 688 καὶ
440 661 475 687 τὰ
490 661 571 695 ἕτερα
582 659 636 686 τῶν
646 658 752 691 παθῶν,
769 659 861 690 ίδικῶς

76 708 198 744 ἀνθρώπῳ
208 708 257 735 καὶ
268 708 326 735 ἀνὰ
341 708 435 743 μέρος·
452 707 616 742 προσκυνεῖν
627 705 655 732 δὲ
672 705 799 740 ὁμολογεῖ
813 705 861 731 σὺν

75 759 103 792 τῇ
113 756 220 789 Θεότητι
235 754 346 781 τοῦτον·
360 755 408 780 καὶ
423 753 453 780 τὸ
470 753 510 779 ἔτι
527 751 749 786 δυσσεϐέστερον,
760 751 797 782 ὡς
811 750 861 776 οὐκ

76 803 130 828 ὂντα
149 801 195 836 μὲν
211 800 285 827 κατὰ
298 800 331 827 τὸ
343 800 417 831 εἰκὸς
430 799 496 826 Θεὸν
510 798 619 834 ἀληθῶς
634 798 682 824 καὶ
697 798 760 824 Υίόν
770 805 776 812 ·
800 805 862 823 συν-

77 851 164 883 ᾐγορον
178 847 205 873 δὲ
227 847 366 881 γεγονότα
381 846 432 880 τῆς
448 844 592 876 αὑθεντίας
615 843 662 870 τοῦ
681 843 780 877 Λόγου.
799 842 860 868 Ὅτι

911 258 972 278 esse
984 257 1093 278 carnem
1108 259 1116 278 :
1129 249 1212 285 [Non,
1227 249 1327 284 inquit,
1348 248 1463 282 simplex
1475 251 1516 275 cst
1533 248 1614 274 homo
1645 247 1705 281 ipse

912 297 1049 328 Christus,
1076 303 1171 323 verum
1188 295 1271 323 etiam
1289 293 1383 329 Deus.]
1406 293 1459 320 Sed
1478 297 1507 319 ut
1529 292 1596 319 mihi
1613 292 1706 318 dicere

913 343 1004 376 licent,
1023 351 1083 374 nos,
1099 350 1115 369 ο
1133 342 1174 368 vir
1199 341 1313 375 optimc,
1331 339 1455 374 quamvis
1481 338 1556 365 illum
1581 338 1706 365 dicamus

912 389 1050 416 hominem
1062 388 1142 415 simul
1152 392 1179 414 et
1195 387 1291 419 Deum,
1304 393 1356 412 non
1367 385 1424 412 haac
1435 384 1550 412 seorsim
1560 382 1706 410 dividendo

913 434 1040 466 dicimus,
1055 434 1102 461 sed
1119 433 1208 467 potius
1229 432 1356 459 eumdem
1380 431 1499 458 scientes
1521 430 1604 456 etiam
1629 432 1707 455 ante-

913 487 993 514 quam
1011 483 1085 506 esset
1098 479 1179 506 homo
1206 477 1305 509 factus,
1319 481 1347 503 et
1373 475 1487 508 Filium,
1514 479 1543 502 et
1565 475 1662 506 Deum,
1680 476 1707 500 et

913 526 1033 554 Verbum
1053 524 1155 557 Patris,
1173 524 1312 551 hominem
1327 530 1393 550 vero
1409 526 1502 557 postea
1527 520 1613 548 nostri
1630 519 1708 547 simi-

913 572 964 599 lem
977 571 1076 598 iactum
1100 571 1316 598 etincarnatum.
1330 569 1377 596 llle
1385 575 1449 595 vero
1457 575 1518 595 cum
1527 567 1642 594 allirmet
1653 573 1707 593 non

913 625 974 645 esse
989 617 1062 644 illum
1074 616 1175 643 nudum
1189 614 1550 648 hominemintelligendum,
1564 612 1611 640 sed
1623 613 1706 639 Deum

912 667 940 690 et
964 662 1113 694 hominem,
1129 661 1251 695 spineam
1274 660 1383 694 quidem
1409 666 1538 686 coronam
1554 662 1581 685 et
1593 662 1707 684 caeteras

914 708 1054 742 passiones
1074 706 1184 742 proprie
1193 713 1226 733 ac
1241 705 1354 732 seorsim
1367 704 1469 732 homini
1483 703 1588 735 tribuit,
1612 707 1640 729 et
1659 702 1707 729 ad-

912 762 991 782 orare
1004 761 1033 780 se
1047 755 1117 781 hunc
1130 752 1210 780 simul
1230 759 1291 778 cum
1309 751 1455 778 Divinitate
1471 750 1583 782 fatetur,
1593 753 1621 776 ct
1635 748 1706 783 quod

913 801 966 836 53
983 800 1067 835 magis
1084 799 1196 834 impium
1211 799 1255 830 sit,
1271 803 1400 832 tanquam
1416 804 1468 823 non
1484 797 1528 828 sit,
1546 801 1574 822 ut
1588 800 1629 822 est
1641 803 1708 822 con-

913 854 1088 878 Sentaneum,
1113 852 1175 872 vere
1198 845 1270 871 Deus
1295 851 1327 870 ac
1341 843 1442 875 Filius,
1465 843 1510 869 sed
1537 841 1708 868 auctoritatis

76 894 122 928 γὰρ
140 894 272 928 διῖστησιν
297 893 435 928 ἐναργῶς,
454 893 580 926 σαφηνιεί
602 891 682 917 πάλιν
696 891 727 917 τὸ
755 891 803 917 σὺν

964 894 995 920 'bi
1013 897 1142 920 assertor.
1161 891 1228 917 Nam
1248 892 1320 924 quod
1337 889 1478 916 evidenter
1496 888 1655 921 distinguat,
1674 894 1707 913 ex

78 940 177 973 θεότητι
189 937 410 973 προσκυνεῖσθαι
425 937 480 963 δεῖν
495 937 578 964 αὑτὸν
588 935 740 971 ὁμολογεῖν.
757 935 794 961 Τὸ
807 935 862 969 γὰρ

77 986 150 1020 ἑτέρῳ
165 984 476 1019 συμπροσχυνούμενον,
494 983 586 1018 ἕτερον
602 991 652 1009 που
669 982 779 1013 πάντως
804 982 863 1008 ἐστὶ

79 1031 132 1066 παρ’
145 1031 230 1056 ἐκεῖνο
247 1029 312 1064 μεθ’
329 1026 360 1057 οὗ
386 1028 601 1064 προσκυνεῖσθαι
624 1027 741 1062 λέγεται.
765 1027 863 1062 Ἡμεῖς

77 1076 110 1107 δὲ,
128 1077 174 1110 μιᾷ
196 1075 389 1111 προσκυνήσει
412 1075 495 1110 τιμᾷν
516 1073 661 1108 εἰθίσμεθα
680 1073 726 1100 τὸν
756 1072 863 1108 Ἐμμα-

78 1122 155 1156 νονὴλ,
165 1121 194 1148 οὗ
211 1121 369 1152 διὶστάντες
387 1121 435 1147 τοῦ
451 1120 538 1154 Λόγου
552 1119 583 1146 τὸ
597 1119 696 1146 ἑνωθὲν
711 1119 786 1153 αὐτῷ
801 1118 862 1145 καθ’

78 1168 211 1194 ὑπόστασιν
225 1167 322 1202 σῶμα.
341 1167 374 1193 Τί
391 1167 413 1192 δ’
431 1167 464 1193 ἂν
476 1167 572 1197 νοοῖτο,
588 1165 616 1191 τὺ
631 1166 679 1200 τῆς
696 1165 770 1196 ὑείας
783 1165 864 1200 συνή-

78 1223 147 1250 γορον
171 1213 330 1245 αὐθεντίας,
358 1213 513 1248 βασανίζειν
539 1212 630 1244 ἄξιον·
655 1211 710 1246 ἆρα
737 1211 790 1247 γὰρ
818 1211 865 1237 καὶ

78 1261 148 1291 αὐτὸς
163 1261 177 1286 ὀ
191 1259 298 1295 Κύριος
317 1259 397 1294 ἡμῶν
417 1259 520 1294 Ἰησοῦς
534 1258 661 1294 Χριστὸς.
675 1258 735 1284 καθ’
749 1258 796 1284 ἕνα
810 1257 864 1283 τῶν

79 1307 153 1342 ἁγίων
188 1306 353 1333 ἀποστόλων
393 1307 441 1332 καὶ
472 1304 673 1339 εὐαγγελιστῶν
708 1304 800 1339 ἕτερον
826 1303 866 1339 τῷ

80 1355 163 1388 κόσμῳ
175 1353 324 1388 διεκήρυξε
342 1353 468 1389 Χριστὸν,
484 1353 568 1387 ἡγουν
592 1352 655 1378 Υἱὸν
679 1351 726 1378 καὶ
750 1351 864 1386 Κύριον,

80 1402 111 1434 ὼς
126 1402 196 1428 θείαν
222 1400 324 1436 ἔχοντα
346 1400 397 1433 τὴν
419 1401 461 1434 ἐφ’
483 1399 584 1425 ἅπασιν
604 1398 759 1431 αὐθεντίαν,
782 1398 866 1433 ἤγουν

81 1448 202 1481 ἐξουσίαν,
218 1445 409 1481 συνηγόρευσε
424 1445 452 1471 δὲ
467 1445 515 1471 καὶ
529 1444 610 1476 αὐτὸς
623 1445 657 1479 τῇ
676 1443 770 1479 ἑτέρου
785 1443 866 1480 δόξῃ;

82 1495 165 1521 Καίτοι
177 1493 231 1520 τῶν
247 1492 395 1528 θεηγύρων
417 1492 431 1518 ὁ
455 1491 544 1527 χορὸς,
569 1490 672 1526 Ἰησοῦν
688 1489 806 1526 Χριστὸν
822 1490 868 1516 τὸν

81 1541 108 1566 ἐκ
120 1540 271 1576 σπέρματος
280 1539 369 1565 Δαὸὶδ
382 1538 453 1565 κατὰ
467 1538 557 1573 σάρκα
567 1537 606 1572 τῷ
616 1538 713 1572 κόσμῳ
720 1536 867 1572 διακηρύτ-
881 1559 902 1588 c

82 1595 162 1614 τουσι·
179 1586 289 1621 καὶτῆς
316 1586 437 1616 πίστεως
458 1584 535 1620 ήμῶν
558 1586 571 1610 ό
590 1584 690 1618 τρόπος
706 1583 750 1610 διὰ
763 1583 814 1621 τῆς
828 1584 866 1614 είς

83 1633 151 1660 αὐτὸν
170 1617 320 1668 ὁμολογίας
337 1631 447 1666 ἔρχεται
457 1617 658 1664 ’.δικαιούμεοα
679 1629 708 1656 δὲ
724 1617 868 1656 πιστεύον-

83 1686 130 1709 τες,
145 1678 191 1713 οὐχ
214 1679 252 1709 ὡς
273 1677 325 1703 ἕνα
345 1677 399 1703 τῶν
417 1676 478 1702 καθ’
500 1676 573 1710 ἡμᾶς
594 1675 738 1710 ἄνθρωπον
763 1674 867 1706 ἁπλῶς,

83 1724 132 1750 ἁλλ’
146 1725 183 1755 εἰς
202 1725 248 1750 τὸν
273 1723 359 1757 φύσει
379 1731 409 1749 τε
427 1722 474 1748 καὶ
496 1721 603 1756 ἀληθῶς
622 1721 687 1748 ὄντα
709 1721 786 1748 Θεὸν.
814 1722 870 1748 Καὶ

83 1769 139 1803 γοῦν
154 1768 219 1796 ἄθεα
235 1768 287 1804 μὲν
304 1768 342 1794 τὰ
363 1767 428 1802 ἔθνη
444 1767 577 1794 διετέλουν
597 1767 669 1792 κατὰ
690 1766 736 1792 τὸν
756 1766 869 1801 κόσμον,

84 1816 189 1852 Χριστὸν
210 1816 262 1841 οὐκ
288 1814 384 1841 εἰδότα
407 1814 484 1846 ποτὲ,
511 1813 583 1840 καθὰ
598 1821 681 1848 φησιν
701 1814 715 1839 ὁ
736 1813 871 1848 μακάριος

85 1861 197 1893 Παῦλος·
216 1861 315 1895 ἐπειδὴ
338 1860 366 1887 δὲ
383 1860 546 1895 ἐγνώκασιν,
574 1859 604 1885 υὺ
628 1858 815 1893 μεμενήκασιν
843 1859 872 1883 έν

87 1910 171 1945 ἀγνοίᾳ.
184 1909 230 1937 τοῦ
242 1909 317 1936 κατὰ
331 1909 413 1944 φύσιν
425 1908 500 1940 ὄντος
511 1907 590 1934 Θεοῦ.
605 1906 710 1934 Οὐκοῦν
723 1906 873 1933 διδασκέτω

86 1958 115 1992 τῇ
127 1956 196 1988 τίνος
211 1956 275 1991 δόξῃ
291 1956 342 1982 καὶ
355 1954 485 1989 αὑθεντίᾳ
501 1953 701 1989 συνηγόρευσεν
715 1954 729 1980 ὀ
741 1952 871 1988 Χριστὸς,

89 2004 165 2030 καίτοι
185 2003 240 2030 τῶν
254 2002 428 2037 προσιόντων
444 2001 520 2036 αὐτῷ
543 2000 594 2036 τὴν
609 2000 701 2026 πίστιν
721 1999 764 2034 ἐφ’
782 1998 872 2034 ἑαυτῴ

89 2049 131 2084 μὲν
148 2049 228 2076 αἰτῶν
238 2057 247 2064 ·
261 2048 405 2079 ἀνατιθεὶς
414 2047 443 2074 δὲ
462 2047 565 2082 ταύτην
577 2048 605 2072 ἐν
619 2045 693 2081 αὐτῷ
706 2045 760 2081 [ῑσ.
773 2044 873 2080 ἑαυτῷ]

88 2094 121 2130 τῷ
131 2094 222 2129 Πατρε.
238 2094 296 2121 Καὶ
314 2092 380 2128 γοῦν
397 2093 473 2127 έλεγε
487 2100 494 2106 -
514 2091 681 2119 (Πιστεύετε
696 2092 736 2123 εις
756 2091 816 2126 ἐμὲ,
828 2091 875 2117 καὶ

89 2141 124 2172 εἰς
134 2140 177 2167 τὸν
189 2140 255 2167 Θεὸν
268 2139 442 2166 πιστεύετε-ι
454 2139 501 2165 καὶ
515 2138 607 2165 πάλιν·
622 2147 631 2164 ι
641 2138 671 2164 '0
686 2137 822 2164 πιστεύων
835 2137 875 2168 εἰς

90 2186 144 2221 ἐμὲ,
157 2187 186 2213 οὐ
200 2187 326 2214 πιστεύει
341 2187 382 2218 εἰς
398 2185 459 2221 ἐμὲ,
474 2185 531 2212 ἀλλ’
546 2185 586 2216 εἰς
600 2185 646 2211 τὸν
660 2183 807 2219 πέμψαντά
822 2191 856 2218 με
866 2192 873 2199 ·

914 948 947 967 eo
978 946 1072 966 rursus
1089 937 1262 972 perspicuum
1291 936 1347 967 ﬁet,
1373 934 1444 969 quod
1475 941 1536 960 cum
1564 932 1709 959 Divinitate

915 987 1003 1020 ipsum
1014 991 1074 1012 esse
1086 982 1253 1010 adorandum
1267 981 1412 1008 conﬁtetur
1432 990 1438 1007 :
1459 979 1530 1013 quod
1553 977 1625 1004 enim
1646 983 1708 1004 cum

914 1031 1001 1058 altero
1021 1030 1161 1060 adoratur,
1183 1028 1320 1055 diversum
1342 1031 1384 1054 est
1407 1033 1519 1061 prorsus
1539 1024 1573 1051 ab
1594 1031 1626 1050 eo
1647 1031 1709 1051 cum

915 1084 968 1110 quo
989 1075 1098 1103 adorari
1122 1074 1291 1109 perhibetur.
1312 1071 1366 1099 Nos
1389 1079 1454 1099 vero
1476 1078 1528 1097 una
1550 1069 1710 1098 adoratione

916 1124 1050 1150 honorare
1062 1121 1253 1149 consuevimus
1265 1118 1482 1150 Emmanuelem,
1493 1125 1545 1144 non
1559 1116 1709 1143 dividentes

915 1178 929 1196 a
943 1169 1033 1196 Verbo
1050 1175 1149 1203 corpus
1167 1167 1217 1202 ipsi
1235 1165 1385 1194 secundum
1404 1164 1573 1199 hypostasim
1592 1164 1708 1190 unitum.

916 1215 984 1249 Quid
1005 1219 1095 1242 autem
1112 1213 1267 1249 signiﬁcent
1289 1212 1334 1238 illa
1353 1211 1454 1244 verba,
1474 1210 1572 1237 divina:
1592 1213 1710 1236 asserto-

916 1268 973 1288 rem
984 1260 1164 1290 auctoritatis,
1177 1258 1389 1285 examinandum
1400 1260 1452 1284 est.
1464 1255 1532 1282 Num
1544 1256 1616 1283 enim
1627 1254 1709 1282 etiam

917 1308 973 1341 ipse
991 1307 1122 1333 Dominus
1139 1310 1231 1332 noster
1246 1303 1324 1331 Jesus
1340 1303 1466 1330 Christus
1483 1307 1512 1328 ut
1529 1309 1599 1328 unus
1614 1308 1629 1327 e
1646 1308 1710 1328 san—

916 1354 969 1380 ctis
985 1352 1114 1387 apostolis
1128 1356 1155 1379 et
1169 1350 1355 1385 evangelistis,
1369 1349 1452 1376 alium
1467 1348 1567 1375 mundo
1582 1347 1710 1382 pradicth

917 1400 955 1426 vit
969 1398 1122 1431 Christum,
1138 1398 1179 1424 vel
1199 1396 1312 1428 Filium,
1329 1396 1370 1423 vel
1390 1395 1545 1427 Dominum,
1563 1398 1592 1420 ut
1610 1393 1713 1420 haben-

918 1452 971 1473 tem
983 1447 1016 1473 ad
1028 1445 1119 1472 omnia
1131 1444 1251 1472 divinam
1264 1443 1454 1470 auctoritatem
1467 1441 1524 1468 sive
1537 1444 1711 1475 potestatem,

917 1498 945 1520 et
959 1493 1017 1527 ipse
1030 1491 1143 1518 alterius
1159 1489 1273 1524 gloriam
1290 1486 1427 1515 asseruit?
1442 1485 1524 1520 Atqui
1541 1485 1641 1512 chorus
1656 1484 1713 1518 ipse

920 1539 966 1566 Dei
983 1536 1190 1573 praedicatorum
1205 1533 1296 1561 Jesum
1311 1532 1451 1560 Christum
1468 1530 1542 1557 illum
1559 1537 1592 1557 ex
1608 1529 1714 1556 semine

921 1585 1004 1612 David
1019 1582 1165 1611 secundum
1181 1587 1292 1607 carnem
1307 1578 1448 1613 praedicat,
1463 1581 1490 1603 et
1508 1576 1564 1610 ipsa
1583 1573 1646 1601 ﬁdei
1662 1581 1712 1600 no-

920 1637 983 1659 strae
999 1630 1069 1658 ratio
1084 1637 1132 1664 per
1146 1626 1347 1655 confessionem
1362 1624 1388 1651 in
1404 1630 1465 1651 eum
1483 1621 1582 1649 factam
1600 1620 1688 1655 pergit
1704 1627 1710 1645 :

917 1678 1154 1714 justiﬁcamurque
1167 1681 1200 1701 eo
1214 1673 1273 1706 ipso
1287 1671 1358 1706 quod
1373 1669 1508 1697 credimus
1523 1675 1575 1695 non
1590 1672 1619 1694 ut
1631 1674 1713 1693 llﬂllm

921 1733 937 1754 e
956 1724 1034 1751 nobis
1054 1722 1190 1749 hominem
1210 1718 1374 1753 simplicem,
1391 1717 1439 1747 sed
1460 1715 1488 1742 in
1509 1714 1596 1749 ipsum
1618 1717 1714 1739 natura

922 1778 1039 1806 vereque
1055 1770 1149 1797 Deum.
1165 1768 1257 1801 Itaque
1272 1765 1333 1793 sine
1349 1765 1403 1791 Deo
1417 1766 1512 1798 gentes
1527 1763 1606 1788 erant
1621 1759 1647 1786 in
1663 1758 1714 1785 hoc

922 1805 1033 1848 mundo,
1050 1814 1188 1842 Christum
1206 1812 1362 1846 ignorantes
1381 1807 1538 1843 aliquando,
1555 1810 1583 1832 ut
1600 1806 1638 1832 ait
1654 1805 1715 1831 bea-

924 1869 967 1890 tus
982 1861 1083 1890 Paulus
1094 1860 1115 1876 ³⁷
1133 1869 1139 1886 :
1158 1858 1201 1885 ubi
1217 1864 1281 1884 vero
1297 1855 1373 1883 illum
1389 1857 1569 1889 agnoverunt,
1584 1859 1636 1878 non
1654 1857 1716 1884 per-

924 1911 1082 1936 manserunt
1105 1904 1192 1939 ignari
1213 1902 1272 1937 ejus
1292 1901 1336 1936 qui
1360 1900 1508 1928 secundum
1530 1903 1654 1924 naturam
1674 1899 1717 1922 est

925 1955 1005 1982 Deus.
1022 1952 1104 1987 Igitur
1119 1951 1216 1977 doceat
1234 1948 1310 1982 cujus
1329 1945 1422 1981 gloriae
1443 1949 1471 1972 et
1492 1943 1648 1970 auctoritati
1670 1948 1717 1976 pa-

926 2000 1075 2028 trocinatus
1089 1998 1124 2024 sit
1137 1996 1263 2024 Christus
1277 2004 1284 2021 :
1298 1992 1404 2021 tametsi
1419 1991 1453 2018 ab
1469 1990 1625 2018 hominibus
1639 1987 1672 2014 ad
1687 1995 1717 2014 se

925 2043 1115 2072 accedentibus
1128 2042 1207 2069 ﬁdem
1222 2040 1249 2067 in
1265 2039 1385 2073 seipsum
1399 2036 1499 2072 exigat,
1514 2039 1542 2062 et
1554 2041 1614 2061 eam
1629 2033 1717 2067 ipsam

926 2092 952 2120 in
968 2098 998 2118 se
1014 2090 1063 2124 ipsi
1080 2089 1154 2116 Patri
1169 2087 1315 2116 attribuat,
1331 2084 1422 2118 itaque
1435 2082 1542 2110 dicebat
1556 2088 1564 2108 :
1582 2089 1591 2105 ι
1608 2079 1717 2107 Credite

927 2138 953 2164 in
972 2144 1026 2169 Ine,
1041 2140 1069 2163 et
1086 2136 1113 2162 in
1132 2134 1216 2161 Deum
1235 2131 1340 2160 credite
1354 2130 1396 2162 ";
1416 2138 1426 2155 ι
1446 2133 1473 2156 et
1491 2128 1588 2154 iterum
1607 2135 1615 2153 :
1636 2134 1646 2151 ‹
1666 2124 1718 2157 Qui

927 2184 1014 2212 credit
1029 2183 1055 2209 in
1071 2189 1124 2213 me,
1141 2188 1194 2207 non
1209 2180 1296 2207 credit
1311 2180 1338 2206 in
1355 2185 1409 2209 me,
1423 2175 1470 2203 sed
1487 2175 1512 2201 in
1529 2181 1590 2200 eum
1606 2171 1652 2206 qui
1667 2170 1719 2197 mi-

90 2218 153 2259 uite
163 2233 271 2268 θεωρῶν
286 2233 350 2267 ἐμὲ,
368 2218 466 2267 θεωρεῖ
478 2232 524 2258 τὸν
540 2230 689 2266 πέμψαντά
699 2218 748 2266 με.
768 2240 776 2255 ι
801 2230 831 2256 Ἀ

984 2238 1026 2257 me
1035 2229 1070 2255 ".
1096 2238 1105 2254 ›
1129 2227 1181 2254 Sed
1205 2227 1320 2253 fortasse
1343 2225 1394 2251 hoc
1412 2222 1524 2249 verbum
1548 2218 1716 2253 συνηγορεῖν,

91 2279 148 2310 ἴσως
159 2279 188 2305 τὸ
202 2279 367 2314 συνηγορεῖν
384 2278 455 2305 κατὰ
473 2278 503 2304 τὸ
519 2277 593 2312 αὺτῷ
605 2276 712 2308 δοκοῦν,
736 2276 806 2311 τάχα
820 2284 873 2301 που

92 2324 265 2360 ὺπεμφήνειεν
283 2325 319 2352 ἂν
351 2324 382 2351 τὸ
405 2325 562 2359 ἰσηγορεῖν·
581 2323 680 2358 ἐφίημι
703 2323 768 2357 γὰρ.
788 2322 877 2348 καίτοι

92 2371 135 2405 τῆς
149 2370 242 2402 λέξεως
274 2370 375 2405 ἑτέραν
390 2369 503 2405 ἐχούσης
520 2369 571 2404 τὴν
586 2368 712 2404 δήλωσιν.
729 2367 795 2394 Εἶτα
818 2368 878 2398 πῶς

95 2419 271 2452 ίσηγορῆσειεν
300 2416 334 2443 ἂν
358 2415 500 2452 ἄνθρωπος
517 2415 577 2450 Θεῷ
599 2414 670 2441 κατὰ
689 2414 732 2446 σὲ,
756 2414 803 2441 καὶ
830 2414 878 2444 τὰς

94 2464 122 2490 ὲκ
139 2463 189 2490 τῶν
217 2463 354 2489 Ἰουδαίων
379 2462 524 2497 παροινίας
547 2460 711 2496 διενεγκών;
730 2461 799 2495 Φέρε
822 2460 877 2494 γὰρ

95 2509 134 2536 τὸν
144 2509 263 2545 ἑκατέρῳ
277 2509 421 2545 πρέποντα
433 2508 652 2543 καταθρήσωμεν
665 2507 755 2540 λόγον.
774 2506 877 2541 Πρέποι

95 2556 114 2582 δ’
126 2555 156 2583 ἂν
171 2556 255 2582 εἰπεῖν
274 2555 316 2590 τῷ
338 2563 370 2589 γε
385 2554 441 2581 δντι
459 2554 519 2588 Θεῴ
537 2553 608 2580 κατὰ
629 2552 726 2587 φύσιν·
745 2551 812 2587 Εἰμὶ
828 2552 877 2586 μὲν

97 2602 211 2637 ἀόρατος,
230 2601 348 2636 ἀναφὴς,
359 2602 409 2628 καὶ
422 2599 469 2627 τοῦ
486 2599 583 2627 παθεῖν
596 2598 743 2634 ἁγιώτερος,
763 2598 810 2624 καὶ
824 2597 878 2632 μὴν

98 2649 138 2675 καὶ
150 2649 303 2684 ἀσώματος,
318 2648 374 2684 ζωὴ
389 2648 436 2674 καὶ
448 2646 589 2679 ζωοποιὸς,
606 2645 654 2672 καὶ
664 2644 759 2670 ἐπάνω
771 2643 879 2670 πάντων

98 2695 130 2725 ὡς
146 2695 218 2726 Θεός.
243 2696 273 2721 'O
291 2695 321 2721 δὲ
332 2696 384 2729 τὴν
405 2694 473 2720 ἰδίαν
495 2694 571 2728 ἡμῖν,
593 2693 667 2722 ὅπως
677 2691 710 2717 ἂν
724 2691 780 2725 ἔχοι
800 2689 881 2724 φύσιν

99 2741 280 2776 ἐξηγούμενος,
299 2740 352 2776 ἔφη
378 2740 412 2766 ἂν
437 2739 566 2770 εἰκότως¹
598 2737 712 2772 ὐρατύς
736 2737 809 2770 ειμι,
835 2735 881 2761 καὶ

100 2786 189 2818 ἁπτός·
212 2787 344 2822 παθητὸς,
360 2786 409 2812 καὶ
419 2785 470 2811 ὑπὸ
482 2784 593 2820 φθορὰν,
607 2784 652 2810 καὶ
670 2782 723 2808 ὑπὸ
735 2781 804 2816 Θεῷ.
818 2779 881 2815 Ἆρ’

137 2877 258 2912 “Ephes.
274 2885 306 2909 ιι,
332 2877 375 2903 12.
415 2875 439 2890 ⁵⁸
457 2875 531 2902 Joau.
551 2882 604 2907 ll",
625 2874 647 2899 Ι.

687 2873 708 2889 ⁸⁸
723 2870 802 2898 Joau.
821 2877 869 2900 xu,
885 2869 928 2896 44.

929 2276 999 2309 ιιιιιιιι
1024 2273 1186 2309 patrocinari
1213 2271 1352 2302 diximus,
1375 2267 1529 2296 subindicat
1553 2265 1623 2292 idem
1647 2262 1718 2298 quod

931 2308 1083 2357 ίνσηγορεῖν,
1102 2321 1153 2347 hoc
1173 2323 1231 2350 est,
1249 2325 1282 2344 ex
1303 2323 1381 2349 aequo
1401 2313 1549 2349 praedicare
1567 2319 1574 2337 :
1594 2308 1720 2344 permitto

929 2355 1148 2401 enim,vquamvis
1164 2365 1221 2391 haec
1236 2363 1320 2390 dictio
1333 2361 1415 2388 aliatn
1431 2359 1529 2386 haheat
1543 2355 1719 2391 signiﬁcatiov

931 2422 1001 2440 ueni.
1017 2400 1098 2446 Atqui
1115 2409 1250 2443 qumnodo
1266 2416 1298 2434 ex
1314 2413 1392 2440 atquo
1405 2404 1439 2431 de
1454 2411 1483 2430 se
1499 2403 1625 2436 loquatur
1639 2400 1720 2426 homo

931 2460 1044 2494 perinde
1058 2466 1090 2484 ae
1105 2456 1188 2488 Deus,
1201 2460 1230 2482 ut
1244 2459 1273 2481 tu
1288 2457 1377 2488 putus.
1391 2455 1418 2478 et
1432 2450 1477 2484 qui
1491 2457 1505 2476 a
1519 2448 1619 2476 Judaeis
1633 2446 1721 2473 illatas

931 2492 1110 2532 contumelias
1126 2499 1252 2536 pertulit?
1267 2499 1323 2533 Age
1339 2496 1423 2528 enirn,
1440 2501 1595 2522 sermonem
1612 2492 1721 2526 utrique

930 2549 1136 2578 convenientem
1158 2545 1359 2573 consideremus
1380 2552 1387 2571 :
1410 2550 1472 2569 nam
1489 2548 1553 2568 vero
1572 2538 1720 2567 secundum

931 2601 1056 2624 naturam
1073 2594 1128 2621 Deo
1143 2592 1269 2620 convenit
1283 2591 1373 2617 dicere
1391 2599 1397 2616 :
1414 2589 1470 2624 Ego
1485 2595 1543 2615 sum
1561 2584 1721 2616 invisibilis,

932 2641 1123 2672 intractabilis,
1141 2637 1327 2674 impassibilis,
1343 2637 1531 2670 incorporeus,
1546 2634 1609 2660 item
1626 2631 1679 2657 vita
1694 2634 1721 2657 et

933 2689 1096 2718 viviﬁcator,
1108 2691 1136 2712 et
1149 2692 1230 2718 supra
1244 2683 1335 2711 omnia
1351 2687 1480 2716 tanquam
1495 2680 1566 2707 Deus
1580 2688 1587 2706 :
1601 2678 1646 2704 hic
1659 2683 1722 2704 vero

936 2734 959 2762 si
975 2741 1023 2761 sua
1039 2733 1117 2760 nobis
1132 2736 1229 2758 natura
1244 2736 1272 2757 ut
1287 2729 1387 2757 habeat
1400 2732 1530 2762 exponat,
1544 2727 1615 2753 dicet
1629 2725 1722 2758 utique

936 2785 967 2806 ut
982 2786 1030 2814 par
1043 2783 1084 2805 est
1101 2786 1107 2804 :
1123 2777 1242 2805 Visibilis
1256 2783 1332 2807 sum,
1350 2779 1377 2802 et
1391 2772 1557 2804 tractabilis,
1572 2768 1724 2806 passibilis,
