1883 3054
26 1091 54 1141 ἃ

149 136 201 163 105

641 135 670 161 S.
691 133 825 162 CYRILLI
844 133 1078 161 ALEXANDRINI
1100 133 1259 163 ARCIIIEP.

1735 141 1791 168 Ιοι

145 194 271 225 fuerant;
290 199 406 226 quonam
426 192 452 218 id
469 191 582 218 consilio
600 191 694 218 fecerit
707 213 714 221 .
734 193 825 219 nescio
842 201 850 219 :
870 201 888 224 ιιζ

1053 194 1107 218 ἰται
1123 193 1177 229 γὰρ
1196 195 1269 220 πᾶσα
1284 194 1404 228 γλῶσσα,
1416 196 1456 222 ὅτι
1470 193 1572 231 Κύριος
1601 198 1706 233 Ἰησοῦς
1720 199 1794 233 Χρι-

144 239 304 272 adjicianms
322 246 370 265 nos
387 238 440 268 illa,
458 245 488 264 ac
505 238 625 264 dicamus
642 246 648 264 :
669 247 678 262 t
696 238 849 265 Couﬁtetur
862 239 934 264 enim

142 286 232 312 omnis
249 285 352 318 lingua,
371 285 433 318 quia
454 284 583 311 Dominus
600 283 678 311 Jesus
694 284 818 312 Christus
835 285 862 311 in
880 284 935 319 glu-

144 330 211 356 riam
235 329 280 355 Dei
301 329 400 355 Patris.
422 338 430 353 ι
453 327 535 363 Igitur
553 329 576 355 si
597 334 693 355 natura
715 328 787 356 Deus
808 337 860 356 non
882 334 933 361 est,

143 377 190 403 sed
208 381 319 411 propter
335 375 553 408 coniunctionem
573 376 783 403 Itabitudiualem
802 383 853 410 qua
869 378 934 409 jun-

143 427 204 449 ctus
223 427 264 448 est
287 430 346 448 cum
368 421 423 448 Deo
439 421 540 453 Verbo,
560 422 667 448 adorari
691 421 764 448 illum
787 422 853 449 dicit
872 427 899 448 et
919 430 933 449 a

143 468 235 500 nobis,
252 472 279 494 et
294 476 308 493 ιι
324 467 428 494 sanctis
443 467 562 502 angelis.
576 475 640 502 ergo
654 467 745 502 glorize
760 467 856 494 modus
872 468 933 502 qui-

142 514 202 539 dam
225 519 238 537 a
260 511 341 538 Patre
363 511 488 537 inventus
510 517 551 538 est.
574 511 599 538 iu
624 519 655 538 eo
677 512 748 546 quod
769 512 848 538 simul
872 520 932 538 ctttn

143 558 202 592 ipso
221 557 346 584 deilicata
366 561 407 582 est
426 561 550 583 creatura
570 565 576 583 :
597 557 633 583 ita
655 557 755 584 frustra
780 558 933 592 indignatus

141 608 183 629 est
199 603 359 636 quibusdam
377 607 406 627 ut
421 601 466 635 qui
484 602 534 628 hoc
551 602 678 630 fecissent
695 612 702 630 :
719 603 789 636 quod
804 603 826 630 si
842 611 871 630 ea
890 611 933 630 res

143 649 181 675 illi
197 648 289 683 gloria:
304 647 364 679 fuit,
380 648 515 681 quomodo
531 656 581 675 non
596 656 703 683 atquum
719 649 769 675 fuit
783 649 892 684 praemia
905 654 933 676 et

142 694 234 721 laudes
250 697 276 720 et
290 693 403 727 gloriam
422 692 475 719 illis
489 693 636 727 rependere
651 694 696 728 qui
713 694 738 720 id
755 693 843 721 facere
858 695 935 721 insti-

142 740 276 767 tuissont?
293 739 346 766 Sed
365 739 460 764 dicent
475 737 592 766 fortasse
609 748 615 766 :
631 739 771 772 Quomodo
787 739 860 766 Patri
877 741 932 774 glo-

143 786 190 813 ria-
210 787 262 813 erit
283 790 312 812 ut
333 785 501 813 Etnmanueli
522 793 602 812 omne
618 794 687 820 genu
705 785 847 813 ﬂectatur?
864 786 932 820 Quia

142 831 260 860 Verbum
277 840 338 859 cum
354 832 390 859 sit
406 832 476 859 Deus
493 839 540 867 per
553 837 689 865 naturam,
705 838 732 860 et
747 840 779 859 ex
795 833 864 867 ipso,
882 833 932 860 hoc

142 883 195 909 est,
209 886 240 904 ex
258 876 316 911 ejus
332 866 497 908 substantia,
511 885 575 904 caro
592 877 691 905 factum
709 883 750 905 est
766 887 772 906 :
788 879 931 906 adoratur-
947 866 969 895 Β

142 931 207 958 que,
220 927 249 949 ut
262 923 329 954 dixi,
345 929 374 949 ut
389 931 457 949 unus
469 927 495 949 et
508 923 582 950 solus
596 928 623 950 et
635 931 697 950 vere
711 923 794 950 Filius
809 932 869 950 cum
883 932 930 951 sua

144 969 228 1002 ipsius
244 976 325 996 carne
341 978 348 996 :
365 968 535 1004 gloriﬁcatur
550 974 640 996 autem
658 969 739 996 Pater
753 974 781 996 ιιι
800 970 870 997 Dens
886 971 932 1004 qui

144 1012 241 1039 habeat
258 1019 350 1039 verum
372 1011 469 1039 Filium
490 1019 522 1039 ex
542 1020 589 1040 sua
610 1013 761 1041 substantia
783 1015 903 1048 genitum
923 1022 930 1041 :

143 1065 223 1091 quem
238 1057 320 1084 etiam
335 1065 444 1085 carnem
459 1058 560 1086 laetum
577 1067 624 1094 pro
639 1061 717 1087 nobis
732 1061 815 1094 dedit,
830 1066 859 1088 ut
872 1069 932 1096 pas-

143 1111 189 1130 stts
213 1111 295 1130 carne
319 1104 421 1131 salvum
447 1104 550 1133 faceret
573 1107 665 1133 orbein
692 1112 843 1141 terrarum;
869 1117 878 1134 ι
903 1113 934 1134 ιιι

142 1149 231 1176 omnis
247 1150 293 1184 qui
311 1149 396 1176 credit
413 1150 439 1176 in
458 1151 557 1185 ipsum,
576 1160 628 1179 non
648 1157 750 1186 pereat,
769 1153 816 1180 sed
835 1153 933 1180 habeat

143 1195 225 1222 vitam
240 1199 368 1223 mternam
379 1195 420 1228 5’;
437 1205 446 1220 ι
461 1200 490 1222 ut
503 1196 592 1224 omnis
606 1197 651 1231 qui
666 1189 738 1225 videt
751 1205 828 1230 cum,
843 1199 933 1225 videat

144 1240 280 1268 l‘atrem"
298 1251 305 1268 :
322 1249 402 1275 quam
418 1242 500 1268 etiam
518 1242 605 1277 ipsam
623 1250 677 1270 rem
696 1244 773 1271 nobis
791 1251 851 1271 esse
868 1251 931 1271 vere

144 1286 250 1314 vitalem
268 1287 324 1321 ipse
339 1287 421 1315 Filius
436 1290 570 1322 ostendit;
586 1289 655 1316 dixit
669 1290 740 1316 enim
755 1299 763 1317 :
782 1300 791 1316 (
814 1291 876 1317 Hinc
891 1295 932 1317 est

143 1334 196 1360 vita
213 1339 311 1360 mterna
323 1353 330 1365 ,
348 1340 377 1360 ut
393 1340 558 1368 cognoscant
574 1340 600 1362 te
616 1336 701 1362 solum
720 1337 802 1363 Deum
820 1345 911 1364 vermn
923 1356 931 1368 ,

142 1383 170 1404 et
190 1386 267 1412 quem
290 1378 387 1404 misisti
410 1378 501 1406 Jesum
524 1379 659 1407 Christum
670 1381 702 1408 ⁵⁸.
723 1390 731 1406 ι
751 1382 789 1407 Ac
809 1382 850 1409 via
872 1383 931 1416 qui-

143 1424 203 1450 dem
222 1428 306 1454 recta,
323 1428 349 1450 et
365 1425 398 1450 ad
415 1424 581 1452 verissimam
603 1427 765 1453 sententiam
783 1428 932 1462 perducens

144 1469 201 1496 inec
220 1474 281 1502 ,cst,
302 1475 328 1496 et
352 1474 451 1502 praeter
472 1477 531 1496 eam
557 1471 639 1499 nulla.
665 1471 715 1499 Hic
736 1480 801 1499 vero
824 1481 930 1500 sursum

142 1514 270 1542 deorsum
290 1516 379 1542 omnia
399 1517 579 1544 eotnmiscens
591 1537 597 1547 .
618 1516 743 1552 [Propter
761 1525 910 1554 gestantem
923 1541 929 1551 ,
945 1535 966 1563 ο

144 1561 240 1594 inquit,
249 1566 379 1596 gestatum
389 1570 514 1595 veneror.
525 1569 634 1598 propter
643 1564 770 1591 latentem
780 1566 863 1593 adoro
872 1574 932 1600 spe-

97 1608 100 1619 '
143 1607 292 1643 ctabilem.]
307 1607 408 1642 Cerne,
422 1617 524 1643 quteso,
538 1618 644 1637 rursum
657 1611 756 1646 ubique
770 1612 844 1638 illum
857 1613 934 1640 unio-

144 1660 206 1679 nem
226 1652 333 1687 l'ugere,
351 1659 379 1681 et
396 1655 537 1682 veritatem
556 1655 718 1688 formidare,
737 1661 764 1684 et
782 1657 933 1685 divinorum

144 1696 196 1732 57
209 1697 364 1731 dogmaunn
382 1705 485 1726 rectum
511 1700 562 1727 iter
583 1700 679 1727 vitare.
703 1700 761 1727 Non
791 1701 858 1728 alius
875 1707 935 1729 erat

143 1747 253 1777 gestans
264 1749 279 1769 a
292 1748 406 1776 gestato,
417 1745 463 1771 sed
478 1744 566 1779 potius
580 1745 660 1777 idem,
678 1749 771 1779 utpote
782 1746 806 1772 in
819 1747 935 1773 coitione

145 1788 252 1815 deitatis
274 1793 301 1814 et
321 1788 498 1817 humanitatis
524 1791 709 1818 consideratus
732 1801 738 1817 :
758 1800 826 1819 unus
853 1793 933 1820 etiam

145 1841 176 1860 ac
189 1834 262 1861 solus
280 1841 344 1861 vere
365 1834 411 1862 Dei
432 1840 459 1862 et
483 1835 571 1863 Patris
585 1835 679 1863 Filius.
709 1837 778 1872 Ergo
797 1843 826 1865 ut
852 1847 933 1866 unum

146 1879 227 1907 adora
241 1887 302 1907 cum
320 1888 367 1908 sua
383 1889 464 1909 carne
481 1881 567 1916 ipsum
584 1889 616 1909 ex
633 1882 687 1910 Deo
711 1883 826 1911 Verbum
845 1893 852 1912 :
869 1885 935 1912 alio-

144 1926 190 1960 qui
208 1925 311 1960 explica
327 1927 402 1959 niilii,
419 1927 469 1954 nisi
487 1928 532 1954 tibi
547 1933 619 1955 recta
633 1936 728 1964 sapere
746 1931 847 1963 videor,
861 1936 933 1958 tuam
954 1925 957 1962 ξ

147 1964 172 1998 in
190 1971 232 1999 his
245 1972 369 2006 loquendi
381 1973 555 2001 subtilitatem
572 1979 601 2001 ut
613 1975 774 2002 imbecillam
791 1977 932 2011 repellens.

146 2016 215 2043 Num
233 2017 305 2044 cuitu
329 2018 351 2044 si
382 2018 442 2053 quis
470 2020 502 2046 de
518 2027 681 2055 qttocunque
707 2026 829 2048 nostrum
852 2023 933 2050 simili

148 2062 270 2091 homine.
289 2062 330 2089 vel
352 2063 385 2090 de
406 2071 459 2091 uno
474 2065 599 2099 quopiam
628 2070 735 2093 terreno
757 2074 819 2102 rege
844 2067 934 2095 dicere

147 2107 262 2134 voluerit
284 2117 290 2134 :
318 2108 430 2142 Propter
453 2110 569 2137 animam
598 2111 668 2146 regis
695 2119 809 2139 veneror
836 2121 934 2148 corpus

145 2152 221 2187 ejus,
239 2157 348 2187 propter
362 2153 489 2181 latentem
514 2157 599 2183 adoro
616 2157 687 2190 quod
703 2163 744 2184 est
759 2159 908 2190 spectabile
925 2167 932 2191 ;

957 1714 964 1820 ί

989 236 1060 268 στὸς,
1077 238 1116 268 εἰς
1136 238 1216 269 δόξαν
1234 238 1301 264 Θεοῦ
1322 240 1438 275 Πατρός.
1458 250 1467 266 ι
1487 241 1592 268 Οὐκοῦν
1605 243 1629 268 εἰ
1652 243 1690 278 μὴ
1705 243 1794 277 φύσει

986 282 1052 314 Θεός
1075 283 1143 316 ἐστι,
1169 284 1212 311 διὰ
1233 285 1381 319 συνάφειαν
1395 285 1424 312 δὲ
1445 287 1584 322 σχετικὴν,
1605 288 1656 323 τὴν
1671 288 1741 324 πρός
1755 295 1794 323 γε

988 329 1059 364 φημὶ
1073 329 1117 356 τὸν
1131 330 1163 356 ἐκ
1183 330 1249 356 Θεοῦ
1264 331 1361 364 Λόγον,
1377 333 1588 367 προσκυνεῖσθαι
1602 343 1685 368 φησιν
1704 335 1795 361 αὐτὸν

988 375 1055 410 πρός
1068 384 1098 402 τε
1115 376 1193 411 ἡμῶν
1213 376 1313 409 αὐτῶν,
1328 378 1375 404 καὶ
1395 377 1450 404 τῶν
1469 379 1556 413 ἁγίων
1578 380 1721 414 ἀγγέλων
1737 382 1791 406 εὑ-

988 421 1079 453 κλείας
1094 430 1138 453 τις
1153 421 1207 458 ἄρα
1228 422 1329 457 τρόπος
1346 423 1491 460 ἐξεύρηται
1506 425 1546 460 τῷ
1559 426 1656 461 Πατρὶ,
1668 426 1708 461 τῷ
1724 426 1791 452 θεο-

987 467 1123 494 ποιεῖσϐαι
1138 467 1186 494 σὺν
1197 468 1271 503 αὐτῷ
1282 469 1331 504 τὴν
1354 469 1456 496 κτίσιν⁵
1469 471 1515 496 καὶ
1528 471 1679 506 λελύπηται
1694 473 1792 507 μάτην

987 511 1033 536 ὲπί
1044 519 1124 543 τισιν,
1141 511 1179 544 ὡς
1195 512 1274 539 τοῦτο
1288 514 1449 549 πεποιηκόσι
1459 523 1466 530 ο
1478 515 1525 542 καὶ
1540 517 1565 542 εἰ
1576 516 1644 552 πρὸς
1658 517 1791 549 εὐκλείας

985 553 1019 590 ἦν
1047 556 1078 582 τὸ
1100 557 1195 591 χρῆμα
1226 559 1318 594 αὐτῷ,
1344 559 1403 591 πῶς
1432 559 1482 586 οὐκ
1510 560 1563 587 ἔδει
1593 562 1640 588 καὶ
1665 562 1791 597 ἀμοιϐῆς

984 601 1087 634 ἀξιοῦν,
1107 603 1216 629 ἐπαίνου
1240 613 1268 630 τε
1287 605 1334 631 καὶ
1351 605 1440 643 δόξης,
1460 606 1523 638 τοὺς
1538 607 1616 633 τοῦτο
1631 607 1697 643 δρᾷν
1713 608 1789 643 ἡρη-

986 646 1099 681 μένους;
1128 647 1196 673 Ἀλλ’
1223 649 1287 680 ἴσως
1309 650 1398 676 ἐκεῖνο
1423 652 1500 685 φαῖεν
1524 651 1573 682 ἂν.
1600 651 1666 678 Τίνα
1681 653 1790 686 τρόπον

985 693 1054 728 πρὸς
1068 693 1193 725 εὐκλείας
1211 694 1288 721 ἔσται
1309 695 1348 730 τῷ
1363 697 1451 732 Πατρὶ
1477 697 1507 723 τὸ
1522 697 1630 733 κάμψαι
1646 700 1700 726 πᾶν
1717 699 1788 734 γόνυ

983 737 1029 764 τὸν
1045 738 1101 773 Ila.
1118 739 1169 775 τῷ]
1200 740 1392 777 “Εμμανουήλ;
1409 743 1469 769 Ὅτι
1486 743 1552 775 Θεὸς
1565 743 1602 771 ὣν
1620 744 1711 779 φύσει,
1735 745 1788 771 καὶ

983 781 1013 815 ἐξ
1035 783 1128 815 αὑτοῦ,
1149 786 1299 818 τουτέστιν,
1324 787 1356 813 ἐκ
1380 787 1428 823 τῆς
1453 789 1548 821 οὐσίας
1567 790 1661 824 αὑτοῦ,
1685 791 1788 825 γέγονε

984 829 1053 865 σὰρξ
1078 831 1092 856 ὁ
1113 831 1216 865 Λόγος-
1239 835 1431 867 προσκυνεῖται
1456 835 1494 868 δὲ,
1519 835 1557 867 ὡς
1576 836 1655 872 ἔφην,
1679 837 1717 869 ὠς
1741 836 1788 869 εἷς

982 884 1012 901 τε
1028 876 1074 902 καὶ
1090 877 1169 912 μόνος
1185 878 1232 904 καὶ
1247 878 1356 914 ἀληθῶς
1377 880 1451 913 Υἱὸς,
1469 882 1538 916 μετὰ
1550 882 1601 917 τῆς
1618 883 1684 915 ἰδίας
1698 884 1788 910 αὑτοῦ

984 922 1095 957 σαρκός·
1126 923 1267 955 δοξάζεται
1289 934 1320 959 γε
1342 925 1396 961 μὴν
1418 928 1433 953 ό
1451 927 1546 963 Πατὴρ
1567 928 1605 960 ὡς
1620 929 1696 960 Θεὸς,
1713 929 1788 965 ἔχων

983 968 1107 1003 ἀληθινὸν
1120 969 1165 996 τὸν
1184 971 1216 996 ἐκ
1237 972 1285 1006 τῆς
1299 972 1393 1004 οὐσίας
1407 972 1491 999 αὑτοῦ
1512 974 1677 1009 γεννηθέντα
1694 976 1759 1003 Υἱόν
1776 984 1783 990 ·

982 1014 1011 1040 ὃν
1032 1015 1079 1041 καὶ
1108 1015 1199 1050 σάρκα
1225 1018 1356 1050 γεγονότα
1383 1018 1500 1046 δέδωκεν
1526 1020 1596 1055 ὑπὲρ
1621 1022 1708 1056 ἡμῶν,
1737 1023 1786 1048 ἴνα

983 1061 1066 1095 σαρκὶ
1098 1060 1212 1094 παθὼν,
1251 1061 1371 1098 διασώσῃ
1394 1063 1444 1099 τὴν
1468 1065 1514 1091 ὑπ’
1541 1065 1671 1101 οὐρανόν·
1698 1076 1708 1092 ι
1740 1067 1787 1095 ἵνα

983 1098 1041 1154 my;
1053 1107 1067 1133 ὁ
1083 1107 1220 1134 πιστεύων
1239 1110 1279 1139 εἰς
1293 1110 1386 1141 αὑτὸν,
1401 1098 1432 1136 οῦ
1448 1111 1486 1147 μὴ
1497 1098 1642 1148 ἀπόλῆται,
1659 1114 1715 1140 ἀλλ’
1733 1114 1787 1150 ἔχῃ

983 1152 1056 1188 ζωὴν
1077 1153 1198 1186 αἰώνιον,
1228 1165 1238 1180 ι
1265 1156 1307 1181 ἴνα
1330 1157 1384 1188 πᾶς
1406 1158 1419 1183 ό
1442 1157 1552 1193 θεωρῶν
1568 1159 1658 1191 αὐτον,
1686 1160 1781 1195 θεωρῇ

983 1199 1028 1224 τον
1045 1200 1164 1235 Πατέρα.
1188 1201 1323 1227 Ζωοποιὸν
1340 1201 1368 1227 δὲ
1390 1202 1420 1228 τὸ
1441 1203 1537 1238 χρῆμα
1554 1205 1601 1231 καὶ
1622 1204 1700 1231 τοῦτο
1715 1206 1786 1240 ἡμῖν

983 1245 1107 1279 ὑπάρχον
1122 1246 1239 1280 ἀληθῶς,
1256 1247 1338 1279 αὐτὸς
1351 1248 1503 1284 ὲκδέδειχεν
1517 1251 1531 1276 ό
1545 1250 1607 1282 Υἱός
1617 1259 1623 1265 ·
1636 1251 1688 1286 ἔφη
1703 1252 1759 1286 γάρ
1775 1261 1784 1267 ·

986 1300 995 1315 ι
1009 1290 1082 1326 Αὕτη
1096 1291 1124 1317 δέ
1139 1293 1213 1319 ἐστιν
1228 1294 1244 1328 ἡ
1258 1293 1366 1326 αἰώνιος
1381 1293 1448 1330 ζωὴ,
1465 1295 1507 1321 ἵνα
1526 1297 1681 1330 γινώσκωσι
1693 1306 1723 1324 σε
1737 1299 1785 1325 τὸν

985 1338 1066 1372 μόνον
1079 1337 1208 1372 ἀληθινὸν
1218 1338 1293 1369 Θεὸν,
1308 1340 1354 1366 καὶ
1370 1339 1400 1366 ὃν
1412 1342 1575 1373 ἀπέστειλας
1599 1343 1701 1377 Ἰησοῦν
1713 1343 1785 1378 Χρι-

984 1383 1056 1410 στόν.
1083 1393 1092 1408 ›
1116 1385 1170 1410 Καὶ
1189 1386 1212 1411 εἰ
1229 1385 1280 1420 μὲν
1293 1386 1348 1421 (15)
1367 1387 1407 1418 εἰς
1425 1386 1491 1413 εὐθὺ
1507 1389 1553 1414 καὶ
1572 1389 1783 1425 ἀπλανεστὰτην

983 1430 1037 1455 τῶν
1058 1430 1168 1456 ἐννοιῶν
1190 1431 1259 1465 αὕτη
1283 1441 1312 1458 τε
1334 1433 1380 1458 καὶ
1399 1433 1447 1468 οὐχ
1470 1434 1551 1468 ἑτέρα
1573 1435 1676 1470 τρίϐος.
1705 1437 1735 1463 '0
1752 1437 1783 1463 δὲ

984 1476 1040 1502 ἂνω
1061 1486 1090 1503 τε
1114 1477 1162 1504 καὶ
1185 1478 1261 1505 κάτω
1286 1479 1320 1505 τὰ
1344 1479 1433 1505 πάντα
1457 1481 1559 1512 κυκῶν,
1576 1481 1637 1517 [Διὰ
1663 1483 1710 1509 τὸν
1734 1492 1784 1518 φοι

985 1522 1093 1557 ριιῦντα,
1118 1524 1260 1559 φησὶ.τὸν
1283 1525 1450 1560 φορούμενον
1474 1527 1562 1554 σέϐω·
1586 1528 1630 1554 διὰ
1661 1529 1708 1555 τὸν
1736 1538 1782 1556 κε-

986 1569 1155 1604 κρυμμένον,
1177 1570 1323 1604 προσκυνῶ
1344 1571 1389 1597 τὸν
1414 1573 1600 1609 φαινόμενον.]
1625 1574 1723 1609 ’Λθρει
1748 1575 1782 1609 δή

988 1624 1031 1650 μοι
1057 1615 1138 1641 πάλιν
1173 1616 1309 1650 φεύγοντα
1332 1618 1470 1654 πανταχοῦ
1504 1619 1553 1653 τὴν
1585 1620 1700 1652 ἕνωσιν,
1735 1622 1783 1648 καὶ

985 1660 1090 1686 δεδιότα
1118 1661 1148 1688 τὸ
1174 1661 1285 1696 ἀληθὲς,
1309 1664 1355 1689 καὶ
1384 1663 1438 1690 τῶν
1464 1664 1544 1691 θείων
1563 1665 1707 1701 δογμάτων
1732 1667 1783 1702 τὴν

986 1709 1119 1744 ὀρθότητα
1147 1709 1375 1744 παραιτούμενον.
1407 1711 1462 1746 Οὐχ
1477 1711 1570 1747 ’ἔτερος
1583 1710 1617 1747 ἦν
1647 1713 1661 1738 ὁ
1688 1713 1782 1747 φορῶν

986 1755 1061 1790 παρὰ
1081 1755 1126 1782 τὸν
1147 1755 1328 1790 φορούμενον·
1358 1758 1373 1783 ό
1394 1758 1475 1790 αὐτὸς
1505 1758 1532 1784 δὲ
1554 1757 1664 1794 μᾶλλον,
1696 1761 1735 1792 ὡς
1753 1762 1784 1788 ὲν

987 1802 1088 1836 συνόδῳ
1127 1802 1294 1837 νοούμενος,
1322 1802 1449 1839 θεότητὰς
1472 1813 1501 1830 τε
1532 1806 1579 1831 καὶ
1602 1806 1783 1842 ἀνθρωπότη-

985 1855 1039 1879 τοςσ
1065 1845 1106 1878 εἷς
1123 1856 1152 1874 τε
1180 1849 1226 1874 καὶ
1251 1848 1330 1883 μόνος
1355 1849 1463 1885 ἀληθῶς
1488 1851 1551 1883 Υἱὸς
1574 1851 1621 1878 τοῦ
1636 1852 1705 1879 Θεοῦ
1733 1854 1782 1880 καὶ

986 1892 1103 1926 Πατρός.
1121 1892 1225 1919 Οὐκοῦν
1243 1893 1280 1924 ὠς
1304 1893 1352 1919 ἕνα
1378 1895 1525 1930 προσκύνει
1551 1896 1621 1930 μετὰ
1638 1897 1688 1931 τῆς
1711 1897 1781 1928 ιδίας

985 1937 1068 1964 αὑτοῦ
1088 1938 1189 1973 σαρκὸς
1203 1938 1248 1965 τὸν
1271 1939 1303 1965 ὲκ
1317 1939 1384 1966 Θεοῦ
1408 1941 1504 1975 Λόγον.
1528 1942 1604 1968 Ἐπεὶ
1619 1943 1737 1977 φράσον,
1755 1945 1781 1970 ει

988 1985 1024 2019 μή
1045 1992 1086 2010 σοι
1100 1984 1171 2010 δοκῶ
1185 1985 1219 2011 τὰ
1240 1985 1333 2012 εἰκότα
1349 1988 1468 2021 φρονεῖν,
1486 1987 1535 2023 τὴν
1552 1988 1601 2024 σὴν
1624 1989 1653 2015 ἐν
1671 1990 1781 2021 τούτοις

986 2028 1163 2063 ὶσχνομυθίαν
1178 2029 1216 2060 ὡς
1233 2029 1335 2065 ἀδρανῆ
1356 2031 1578 2066 παρωθούμενος.
1595 2030 1673 2068 Ἀρα
1683 2033 1740 2069 γὰρ
1755 2035 1780 2060 ει

984 2071 1015 2106 δή
1026 2079 1068 2102 τις
1080 2071 1166 2098 ἕλοιτο
1178 2072 1267 2106 λέγειν
1284 2073 1348 2108 περὶ
1362 2075 1472 2101 ότουοῦν
1489 2074 1543 2102 τῶν
1558 2077 1619 2103 καθ’
1636 2078 1712 2112 ἡμᾶς
1731 2079 1781 2105 ἀν-

986 2116 1113 2152 θρώπων,
1128 2118 1210 2153 ἠγουν
1227 2119 1269 2153 ὲφ⁸
1286 2120 1346 2151 ἑνὸς
1360 2121 1413 2146 τῶν
1428 2121 1474 2146 ἐπὶ
1487 2121 1538 2156 γῆς
1560 2122 1709 2157 βασιλέων·
1728 2124 1780 2150 Διὰ

985 2163 1034 2199 τὴν
1048 2163 1095 2190 τοῦ
1119 2163 1251 2199 βασιλέως
1273 2165 1361 2201 ψυχὴν
1378 2166 1448 2192 σέϐω
1470 2167 1500 2192 τὸ
1527 2167 1606 2202 σῶμα
1625 2169 1719 2200 αὑτοῦ,
1735 2170 1781 2196 διὰ

146 2206 200 2226 non
218 2199 289 2227 illico
302 2201 391 2235 quivis
411 2201 535 2235 objurget
561 2209 592 2229 ac
614 2203 685 2230 dicat
701 2211 707 2229 :
727 2203 796 2236 Quid
813 2208 840 2230 tu
858 2205 889 2231 lat

1047 2210 1249 2245 κεκρυμμένον,
1268 2211 1413 2246 προσκυνῶ
1431 2212 1476 2238 τὸν
1496 2214 1668 2248 φαινόμενον,
1683 2216 1734 2242 οὐκ
1747 2217 1779 2242 ἄν

145 2252 162 2269 υ
179 2243 249 2271 bone
265 2244 305 2272 vir
317 2244 328 2271 ?
342 2253 410 2272 unus
426 2247 536 2274 omnino
548 2247 629 2274 homo
640 2252 682 2274 est
693 2248 738 2282 qui
763 2256 852 2275 rerum
867 2250 934 2284 poti-

146 2294 205 2323 tur,
231 2291 355 2325 quamvis
376 2299 391 2318 e
416 2292 518 2319 duobus
545 2293 668 2320 videatur
693 2295 874 2328 compositus,
900 2303 933 2322 ex

145 2337 245 2368 anima,
262 2337 384 2371 inquam,
401 2341 428 2365 et
442 2345 566 2373 corpore.
578 2338 633 2366 Cur
646 2339 728 2374 igitur
741 2340 818 2367 nobis
833 2339 934 2367 frustra

147 2382 272 2416 nugaris,
291 2391 352 2410 cum
374 2389 522 2418 gestantem
548 2390 576 2412 et.
599 2391 733 2420 gestatum
744 2406 752 2418 ,
767 2387 893 2414 latentem
908 2391 935 2414 et

146 2428 319 2462 spectabilem
337 2429 455 2464 appellas
469 2449 476 2461 ,
494 2435 521 2457 et
542 2435 670 2465 tanquam
698 2431 780 2458 alium
802 2440 863 2459 cum
880 2433 934 2459 alio

146 2471 226 2498 simul
254 2472 368 2499 adorare
388 2474 541 2508 proﬁteris,
557 2480 584 2502 et
609 2475 716 2503 modum
744 2476 851 2503 unionis
866 2485 932 2504 con-

148 2517 265 2544 temnis?
280 2526 342 2545 cuin
367 2519 495 2546 divinitus
523 2521 659 2555 inspirata:
681 2521 790 2549 Littera:
819 2523 884 2549 illud
901 2531 934 2550 ex

148 2563 202 2589 Deo
218 2563 296 2590 Patre
322 2564 437 2591 Verbum
455 2573 515 2592 cum
542 2573 590 2593 suo
614 2575 726 2601 corpore
752 2576 834 2594 unum
859 2569 936 2596 nobis

147 2610 283 2637 Christum
301 2615 328 2637 et
343 2611 485 2638 Dominum
505 2619 566 2640 esse
577 2613 752 2646 pronuntient
763 2614 776 2641 ?
789 2615 829 2640 An
854 2615 931 2649 igno-

180 2688 202 2703 "
218 2687 296 2715 Joan.
310 2696 350 2720 In,
371 2689 413 2716 ιθ.
451 2690 474 2705 ⁸⁷
487 2689 564 2717 Joan.
580 2698 635 2723 xtv,
649 2692 675 2719 9.
715 2691 738 2706 ⁸⁸
751 2690 829 2718 Joan.
846 2699 913 2726 xvu,
928 2693 955 2720 5.

986 2264 1028 2287 τις
1044 2256 1124 2288 εὐθὺς
1141 2258 1301 2293 ἐπισκήψειε
1313 2267 1320 2273 ·
1335 2259 1367 2285 Τί
1381 2259 1457 2294 δρᾷς,
1471 2258 1494 2287 ὦ
1511 2257 1607 2293 0510;;
1623 2262 1724 2296 λέγων’
1739 2261 1780 2295 εἷς

988 2310 1038 2328 που
1054 2302 1163 2334 πάντως
1175 2303 1318 2338 ἄνθρωπός
1337 2305 1411 2331 ἐστιν
1425 2306 1438 2331 ό
1455 2306 1574 2341 κρατῶν.
1591 2307 1643 2333 κᾶν
1656 2309 1688 2334 ὲκ
1705 2308 1778 2335 δυοῖν

988 2346 1074 2382 ὁρῷτο
1089 2348 1278 2383 συγκείμενος,
1291 2350 1380 2385 ψυχῆς
1395 2350 1427 2386 δὴ
1450 2351 1521 2386 λέγω
1535 2352 1582 2378 καὶ
1595 2352 1732 2388 σώματος.
1746 2356 1780 2381 Τί

987 2392 1077 2418 τοίνυν
1093 2394 1160 2427 ἡμῖν
1178 2395 1238 2428 εἱκῆ
1255 2395 1440 2431 βατταρίζεις,
1462 2397 1596 2432 φοροῦντα
1611 2398 1658 2425 καὶ
1676 2400 1780 2435 φοροῦ-

989 2446 1080 2472 μενον,
1095 2440 1288 2475 κεκρυμμένον
1307 2442 1353 2467 καὶ
1374 2443 1537 2478 φαινόμενον
1553 2444 1706 2478 ὀνομάζων,
1731 2446 1780 2472 καὶ

986 2483 1024 2514 ὡς
1041 2483 1133 2519 ἕτερον
1149 2484 1234 2521 ἑτέρῳ
1257 2489 1477 2522 συμπροσκυνεῖν
1497 2488 1646 2523 ὁμολογῶν,
1669 2491 1717 2516 καὶ
1732 2491 1778 2517 τὸν

987 2529 1038 2563 τῆς
1064 2529 1186 2562 ἐνώσεως
1211 2532 1353 2567 ἀτιμάζων
1381 2534 1498 2569 τρόπον;
1527 2534 1575 2560 ἕνα
1593 2535 1713 2570 Χριστὸν
1734 2538 1782 2563 καὶ

988 2573 1090 2609 Κύριον
1105 2576 1310 2612 ἀποφαινούσης
1322 2578 1387 2613 ἡμῖν
1401 2579 1449 2614 τῆς
1461 2578 1639 2606 θεοπνεύστου
1653 2581 1780 2616 Γραφῆς.

986 2617 1032 2643 τὸν
1048 2619 1080 2645 ἐκ
1095 2619 1162 2645 Θεοῦ
1179 2620 1285 2655 Πατρὸς
1300 2621 1385 2656 Λόγον
1403 2623 1473 2657 μετὰ
1488 2622 1535 2648 τοῦ
1551 2623 1616 2650 ἰδίου
1631 2624 1781 2658 σώματος;

787 2771 867 2798 ΛΝΤ.
887 2770 1021 2798 AGELLll
1041 2772 1144 2799 ΝΟΤᾸῦ
1151 2793 1157 2799 .

186 2848 244 2884 (15)
259 2848 410 2883 Legendum
427 2850 473 2876 καὶ
494 2850 509 2884 ἡ
528 2850 587 2884 μέν.
607 2850 651 2877 Sic
669 2850 735 2877 dixit
755 2858 815 2885 pag.
835 2851 879 2884 48,
893 2853 929 2878 η

669 2850 735 2877 dixit
755 2858 815 2885 pag.
835 2851 879 2884 48,
893 2853 937 2878 mi
956 2851 971 2885 ἡ
989 2851 1037 2885 μὲν
1051 2851 1104 2877 τῶν
1121 2851 1263 2885 δογμάτων
1278 2851 1345 2887 ὀρΘή
1365 2859 1402 2878 τε.
