1883 3054
87 142 130 170 105

615 137 798 165 ADVERSUS
818 136 1017 165 NESTORIUM
1038 136 1102 164 LIB.
1123 136 1156 163 ll.

1635 137 1684 165 108

90 199 118 225 Ἦ
129 197 172 225 οὐκ
185 194 257 223 οἶσθα
270 197 311 223 ὅτι
336 197 522 232 τεθεράπευκε
542 197 591 231 μὲν
611 197 640 223 ἒν
657 197 850 232 Ἰεροσολύμοις

921 205 948 225 as
964 202 992 224 ut
1009 197 1045 224 illi
1064 205 1079 224 a
1096 197 1235 224 uativitate
1257 204 1327 224 εωοο
1345 196 1535 232 Hierosolymis
1555 204 1570 224 a
1593 204 1622 224 se
1637 205 1686 224 cu-

89 245 125 271 τὺν
139 245 167 270 ἐκ
186 243 293 277 γενετῆς
317 243 430 278 τυφλὸν,
446 241 505 269 εἶτα
525 243 620 269 τοῦτον
647 242 733 278 εὑρὼν
763 244 792 269 ἐν
814 242 852 277 τῷ

90 290 151 326 ἱερῷ,
167 288 272 324 βεϐαίαν
291 289 368 324 αὐτῷ
390 289 436 316 καὶ
458 289 603 324 ἱδρυμένην
615 288 724 323 ὲνετίθη
735 289 785 323 τὴν
807 288 852 314 πί-

91 344 152 367 οτιν;
168 336 243 370 ἤρετο
261 333 317 368 γὰρ
332 333 502 369 προσελθὼν,
521 343 531 359 t
545 335 580 361 Σὺ
598 334 736 365 πιστεύεις
749 335 788 366 είς
808 333 854 360 τὸν

94 381 141 407 Υἱδν
156 380 197 406 τοῦ
208 379 273 406 θεοῦ
288 388 295 412 ;
316 380 366 406 καὶ
379 379 447 414 πρός
456 388 486 413 γε
502 379 582 406 ταυτὶ
601 380 767 415 κεκραγότος
783 380 854 405 ὲκεί-

90 437 125 454 νοο
135 436 141 442 ·
155 426 198 457 Τίς
207 427 274 456 ἐστι,
286 425 385 460 Κύριε,
401 426 445 452 ἵνα
459 425 597 452 πιστεύσω
613 425 653 457 εἰς
671 425 767 457 atii-56v;
782 434 791 450 ι
802 424 853 458 ἔφη

92 473 157 500 πάλιν
171 471 262 503 αὑτός·
287 480 297 496 ε
317 471 374 498 Καὶ
400 471 525 506 ἑώρακας
552 470 643 502 αὐτὸν,
660 471 707 496 καὶ
729 470 744 496 ὀ
767 469 854 496 λαλῶν

90 518 146 553 μετὰ
159 515 211 546 σοῦ,
228 515 334 547 ἐκεῖνός
353 517 439 543 ἐστιν.
454 525 463 541 ›
481 515 562 550 Ὁρᾷς
586 515 670 546 ὅπως,
690 515 719 540 οὐ
741 514 785 540 τὺν
808 523 855 548 φο-

91 563 171 597 ροῦντα
189 561 317 595 δέδειχεν,
332 561 364 587 οὺ
382 561 428 587 τὸν
448 555 507 592 ἔσωΔ
525 560 726 595 κεκρυμμένον,
746 559 803 586 ἀλλ’
817 559 854 591 ὡς

88 610 127 635 ἕνα
139 607 228 642 μᾶλλον
242 607 341 633 ἑαυτὸν
355 607 425 642 μετὰ
438 607 487 642 τῆς
503 606 601 642 σαρκός
613 613 620 620 ·
637 606 685 632 καὶ⁸
703 605 768 639 γοῦν
785 606 798 631 ό
812 613 856 631 σο-

89 654 128 687 φὸς
141 653 268 687 Ἰωάννης,
278 662 287 678 ‹
297 654 330 679 "O
342 651 376 689 ἦν
392 653 438 679 ἀπ’
447 653 545 689 ἀρχῆς,
561 651 652 687 φησιν,
661 651 675 678 ὃ
686 651 854 686 ἀκηκόαμεν,

88 700 258 734 ὂὲωράκαμεν
276 700 335 730 τοῖς
356 699 505 734 ὀφθαλμοῖς
532 698 620 734 ἡμῶν,
641 699 655 725 ὃ
671 697 855 733 ἐθεασάμεθα,

88 746 127 772 καὶ
138 745 163 771 αἱ
174 746 259 779 χεῖρες
274 743 358 780 ἡμῶν
373 744 552 779 ἐψηλάφησαν
570 743 633 779 περὶ
644 743 691 770 τοῦ
704 743 791 776 Λόγου
805 742 855 776 τῆς

87 792 157 826 ζωῆς.
170 801 178 816 ι
196 791 293 817 Καίτοι
312 791 342 816 τὸ
359 791 435 817 Θεῖὸν
450 792 523 817 ἐστιν
540 789 653 824 ἀναφὲς,
667 789 734 816 ἀλλὰ
744 789 855 822 γέγονεν

88 837 291 870 ἁπτδςόΛόγος,
310 836 349 868 ὼς
372 836 417 863 διὰ
438 837 488 872 τῆς
511 836 580 867 ιδίας
603 836 718 871 σαρκός·
740 835 855 870 ἀόρατος

904 247 982 275 rato,
1008 250 1068 269 eum
1098 247 1189 277 postea
1222 243 1307 276 ipsum
1341 243 1487 270 invenisset
1516 242 1542 269 in
1568 242 1685 277 templo,

904 287 1008 314 ﬁrmam
1021 293 1049 314 et
1065 288 1187 314 stabilem
1213 287 1339 315 iudiderit
1361 288 1439 315 tidem
1455 288 1466 314 ?
1482 295 1542 314 nam
1556 289 1686 315 accedens

903 333 1008 368 rogavit
1024 342 1031 360 :
1048 342 1057 358 ε
1072 333 1110 359 Tu
1128 333 1215 360 credis
1227 334 1253 360 in
1270 334 1365 361 Filiqu
1378 334 1487 360 Dei?ad
1501 335 1557 361 hazc
1570 333 1616 360 illo
1629 333 1686 360 cla-

903 384 994 406 mante
1012 379 1097 412 :Quis
1121 383 1172 411 est,
1191 379 1319 413 Domine,
1339 385 1367 407 ut
1389 381 1496 408 credam
1509 377 1547 407 'in
1569 387 1629 407 eum
1644 380 1655 406 ’ί
1671 390 1683 406 θ

904 425 972 452 dixit
988 426 1043 459 ipse
1061 433 1152 452 rursus
1169 435 1175 452 :
1195 435 1204 451 t
1222 426 1252 452 Et
1266 426 1353 453 vidisti
1370 434 1430 453 eum
1441 446 1448 458 ,
1467 431 1494 452 et
1510 427 1555 462 qui
1570 426 1687 460 loquitur

905 474 992 496 tecum
1008 470 1062 504 ipse
1081 474 1122 497 est
1136 470 1170 497 ".
1196 480 1204 496 ι
1225 469 1304 498 Vides
1314 472 1447 505 quomodo
1460 479 1514 498 non
1530 476 1687 507 gestantem,

905 522 957 541 non
985 515 1056 542 intus
1070 515 1213 548 latentem,
1228 516 1274 543 sed
1299 523 1358 543 sese
1384 524 1442 544 cum
1465 524 1546 543 carne
1562 522 1687 551 tanquam

906 569 988 588 unum
1006 562 1179 589 ostenderit?
1195 562 1275 589 Certe
1298 563 1391 590 beatus
1417 562 1554 590 Joannes:
1580 574 1589 589 ι
1611 563 1687 597 Quod

907 606 956 633 t'uit
969 607 1003 634 ab
1018 607 1104 639 initio,
1122 607 1218 642 inquit,
1235 608 1304 642 quod
1317 608 1475 640 audivimus,
1491 609 1561 644 quod
1573 609 1688 636 vidimus

906 652 990 680 oculis
1006 653 1106 680 nostris
1117 672 1125 685 ,
1136 655 1206 687 quod
1220 654 1422 688 perspeximus,
1433 658 1460 681 et
1478 662 1571 681 manus
1589 659 1686 682 nostra:

906 703 1142 725 contrectaverunt
1152 699 1184 725 de
1193 699 1280 726 Verbo
1291 699 1351 726 vita:
1360 699 1392 725 “.
1409 709 1418 725 ρ
1428 700 1506 734 Atqui
1516 700 1640 728 divinitas
1648 705 1689 727 est

906 744 1086 771 intractabilis
1097 765 1104 777 ,
1117 745 1162 771 sed
1175 744 1289 771 Verbum
1300 752 1355 772 sum
1368 745 1456 772 carnis
1474 746 1575 772 ratione
1588 750 1688 774 tracta-

906 789 958 816 bile
969 789 1067 816 factum
1081 795 1137 817 est:
1153 790 1284 817 invisibile
1295 791 1401 824 quidem
1413 795 1470 818 erat
1482 792 1626 819 secundum
1641 800 1690 819 na-

908 839 994 861 turam
1007 856 1013 867 ,
1029 835 1075 862 sed
1087 836 1233 870 spectabile
1245 844 1292 870 per
1308 844 1414 871 corpus.
1431 837 1465 863 At.
1479 844 1541 864 vero
1554 841 1580 864 tu
1597 842 1689 864 contra

87 883 147 910 κατὰ
160 883 245 917 φύσιν,
263 882 324 909 ἀλλ’
338 881 372 918 ἦν
388 871 511 918 ἐμφανὴς
524 882 568 909 διὰ
580 881 715 918 σώματος.
730 883 766 909 Σὺ
779 882 806 908 δὲ
824 882 855 917 δὴ

921 881 1052 916 Iistiuguis
1079 883 1201 912 omnino,
1217 887 1243 909 et
1271 883 1411 909 veritatem
1437 882 1491 910 tuis
1521 883 1690 918 sophismatis

88 933 154 958 πάλιν
166 930 263 964 διῑστᾷς
276 928 444 963 ὁλοτρόπως,
458 929 505 954 καὶ
518 926 687 964 κατασοφίζῃ
701 928 732 954 τὸ
750 928 858 963 ἀληθὲς,

87 979 128 1010 τὰς
139 977 183 1012 μὲν
196 975 295 1016 φιΗς
308 975 442 1010 χωρίζων,
455 974 522 1000 ἑνῶν
536 973 574 1004 δὲ.
586 974 623 1005 ὡς
639 973 700 1009 φὴς,
716 973 764 1008 τὴν
776 981 861 1008 προσ-

88 1024 193 1059 κύνησιν.
215 1023 286 1049 Ἀλλ’
310 1023 334 1048 εἰ
354 1020 482 1056 χωρίζεις
500 1019 550 1050 τὰς
564 1019 673 1053 φύσεις,
694 1026 859 1052 συναποφοι-

87 1071 178 1105 τήσειεν
195 1070 226 1096 ἂν
247 1068 347 1098 αὑταῖς
369 1066 416 1093 καὶ
438 1065 472 1092 τὰ
497 1064 628 1100 ἑκατέρας
646 1064 700 1090 ἴδια
716 1063 855 1098 φυσικῶς

86 1115 197 1143 nasus:
215 1113 342 1149 διαμπὰξ
357 1112 407 1146 τῆς
418 1111 549 1146 διαφορᾶς
564 1110 578 1136 ὸ
596 1109 673 1144 λόγος
683 1117 690 1125 ·
704 1109 750 1135 δύο
765 1109 796 1144 δὴ
811 1107 858 1135 οὖν

86 1160 308 1198 ὁμολογουμένως.
319 1158 393 1193 Πλὴν
410 1156 531 1192 ἐρομένῳ
545 1156 647 1190 φράσον
655 1164 661 1170 ·
672 1154 704 1181 Τί
712 1155 743 1181 τὸ
756 1155 861 1181 διῖστάν

87 1208 194 1243 ἀλλήλων
209 1206 257 1237 τὰς
272 1204 384 1238 φύσεις,
405 1204 452 1229 καὶ
466 1202 515 1236 τῆς
528 1201 660 1236 διαφορᾶς
675 1200 717 1231 τίς
737 1199 770 1226 ἂν
790 1199 833 1234 εἴη
848 1201 862 1225 ὸ

86 1254 187 1287 τρότως;
203 1251 271 1278 Ἀλλ’
286 1252 364 1286 ἐρεῖς
379 1258 432 1276 που
443 1249 559 1280 πάντως,
571 1247 609 1279 ὡς
623 1247 714 1282 ἕτερον
727 1246 776 1281 μὲν
791 1246 863 1273 κατὰ

87 1299 156 1333 φύσιν
179 1297 339 1333 ἀνθρωπος,
367 1295 450 1330 ἠγουν
476 1292 670 1328 ἀνθρωπότης·
700 1291 794 1326 ἓτερον
821 1290 861 1322 δὲ,

83 1345 152 1376 Θεὸς,
168 1344 226 1379 ἦτοι
240 1342 358 1377 θεότης·
374 1340 422 1367 καὶ
441 1340 457 1374 ἡ
475 1339 534 1374 μὲν,
555 1337 727 1373 ἀσυγκρίτως
744 1335 862 1371 θατέροις

88 1389 270 1425 ὑπερηρμένη·
299 1387 385 1422 μείων
401 1394 434 1421 γε
453 1385 506 1420 μὴν
528 1384 618 1419 ἐκείνη
645 1382 780 1414 τοσοῦτον,
801 1382 863 1408 ὅσον

86 1436 215 1471 ἂνθρωπος
228 1434 309 1461 Θεοῦ.
321 1432 387 1464 Πῶς
401 1430 458 1463 οὖν,
472 1430 532 1457 εἰπέ
545 1437 601 1464 μοι,
617 1429 666 1464 μιᾷ
680 1427 862 1464 προσκυνήσει

88 1483 159 1517 τιμᾷν
174 1480 256 1513 ἀξιοῖς
272 1480 309 1506 τὰ
323 1478 411 1510 οὕτως
425 1477 549 1512 ἀλλήλοις
566 1474 708 1509 ὰνισοφυῆ,
727 1474 773 1500 καὶ
791 1472 863 1500 κατά

88 1527 126 1553 τὸν
139 1525 183 1552 τοῦ
199 1524 258 1556 πῶς
273 1523 346 1551 εῖναι
369 1523 459 1557 λόγον,
478 1521 655 1556 ἀσυγκρίτοις
673 1520 812 1554 διαφοραῖς
825 1518 863 1544 δι-

87 1572 283 1609 εσχοινισμένα;
296 1569 374 1605 Ἀρα
389 1570 443 1604 γὰρ
459 1568 535 1602 ἵππῳ
554 1565 676 1601 περιθεὶς
691 1565 741 1600 τὴν
758 1563 862 1599 ἀνθρώ-

90 1627 133 1645 που
148 1618 232 1651 δόξαν,
245 1616 356 1652 ἐργάσῃ
372 1623 398 1641 τι
425 1614 479 1640 τῶν
494 1611 712 1646 ὲπαινουμένων;
731 1611 747 1646 ἢ
763 1610 863 1645 μᾶλλον

87 1663 208 1700 ιξνὸριείς
221 1663 254 1689 τὺ
268 1660 451 1696 ὑπερτεροῶ,
464 1658 625 1692 γσατασύρων
639 1657 678 1688 είς
691 1655 722 1682 τὺ
737 1655 864 1685 δυσκλεὲς

89 1709 131 1742 τὴν
141 1708 240 1743 ἀμείνω
250 1707 352 1742 φύσιν;
370 1705 439 1732 Ἀλλ’
454 1703 602 1739 ἐξηύρηται
614 1711 640 1729 τι
653 1702 733 1736 σοφὸν
747 1702 787 1732 είς
798 1702 864 1728 ἀπο-

90 1754 170 1787 λογίαν
181 1753 262 1788 αὐτῷ.
280 1752 460 1788 Προσεπάγει
477 1750 531 1785 γάρ
542 1759 548 1765 ·

120 1840 174 1876 [οὺ
187 1839 247 1867 καθ’
268 1839 354 1866 ἑαυτὸ
368 1839 434 1869 Θεὸς
446 1837 477 1863 eo
494 1836 613 1863 πλασθὲν
632 1835 679 1862 ἐπὶ
694 1835 800 1871 μήτρας
810 1842 816 1848 ·
834 1835 864 1860 οὑ

91 1886 144 1912 ιαθ¹
160 1885 238 1911 ἑαυτὸ
260 1884 332 1915 Θεὸς
347 1885 378 1910 τὸ
398 1882 516 1909 πλασθὲν
533 1883 564 1908 ὲκ
581 1881 628 1907 τοῦ
648 1880 817 1915 Ιῐνεύματος·
835 1880 864 1905 οὺ

91 1930 144 1956 καθ’
156 1930 233 1956 ἑαυτὸ
247 1929 316 1960 Θεὸς
337 1929 368 1955 τὸ
385 1928 470 1961 ταφὲν
489 1927 534 1953 ἐπὶ
555 1927 708 1961 μνήματος·
729 1925 799 1951 οὓτω
813 1924 866 1959 γὰρ

91 1977 119 2002 ἄν
135 1973 202 2011 ἧμιν
225 1974 467 2012 ἀνθρωπολὰτραι,
491 1973 539 2000 καὶ
554 1972 732 2008 νεκρολάτραι
761 1972 866 2005 σαφεῖς.

96 2022 157 2048 Ἀλλ’
169 2021 320 2056 ἐπειδήπερ
334 2021 364 2046 ὲν
379 2019 418 2054 τῷ
432 2018 562 2053 ληφθέντι
580 2017 655 2049 Θεὸς,
668 2018 700 2044 ὲκ
708 2016 754 2043 τοῦ
771 2016 867 2043 λαϐόν-

91 2075 131 2098 τος
143 2067 156 2093 ὸ
169 2066 292 2102 ληφθεὶς,
310 2066 349 2097 ὡς
362 2066 401 2100 τῷ
416 2065 524 2092 λαϐόντι
541 2063 686 2098 συναφθεὶς
708 2071 869 2098 συγχρημα-

91 2113 151 2145 τίζει
164 2112 251 2148 Θεό;.]

379 2179 502 2205 ΚΕΦΑᾹ.
525 2177 574 2204 iB'.

129 2247 188 2274 Ἰδοὺ
206 2247 239 2282 δὴ
261 2247 345 2273 πάλιν
366 2247 434 2281 ἡμῖν
449 2247 463 2272 ό
484 2246 532 2281 τὴν
557 2248 704 2280 συνάφειαν
726 2245 869 2279 ’ὀνομάζων

93 2293 232 2328 πανταχοῦ,
248 2295 298 2320 καὶ
315 2293 348 2320 τὰ
367 2293 417 2327 τῆς
439 2292 694 2328 ὰνθρωπολατρείας
710 2293 870 2327 ἐγκλήματα

92 2338 188 2371 δεδιὼς,
207 2338 266 2374 ἥλω
283 2337 405 2372 γεγονὼς
422 2337 668 2372 ἁνθρωπολάτρης·
690 2337 737 2363 καὶ
751 2338 806 2367 τοῖς
822 2337 871 2371 τῆς

94 2384 182 2411 ἑαυτοῦ
196 2383 359 2415 δυσεουλίας
381 2383 521 2418 ὲνίοχηται
537 2383 658 2418 βρόχοις,
680 2383 728 2409 καὶ
742 2391 871 2416 καταφω-

95 2431 168 2465 prius
179 2430 271 2457 πεσὼν
286 2431 328 2461 εἰς
340 2430 468 2464 ἀδόκιμον
482 2429 553 2456 νοῦν.
572 2430 608 2455 Τὸ
621 2430 677 2464 γάρ
692 2437 733 2455 σοι
749 2429 813 2465 [τοι]
831 2438 873 2456 τε-

95 2476 151 2510 χθὲν
161 2477 191 2502 ἐκ
203 2477 325 2511 μήτρας,
335 2476 365 2501 οὐ
383 2475 441 2501 tua"
452 2475 628 2510 ἑαυτὺ,φησ“ι,
646 2475 721 2506 Θεὸς.
744 2475 787 2506 Ὠς
804 2475 874 2508 ἄγα-

97 2522 141 2556 μαί
157 2529 186 2548 σε
200 2522 251 2557 τῆξ
266 2521 422 2556 ἀγχινοίας,
435 2521 482 2547 καὶ
497 2521 594 2556 φρενὸς
606 2521 654 2555 τῆς
670 2521 740 2547 οὕτω
755 2521 874 2555 λεπτῆς·

96 2567 133 2598 τίς
158 2567 211 2602 γὰρ
231 2567 303 2598 ὅλως
325 2567 340 2593 ὁ
369 2566 449 2599 τοῦτο
475 2566 557 2600 φάναι
584 2566 779 2602 τεθαρσηκώς;
802 2567 876 2602 ἢτίς

96 2612 234 2647 ἠγνόηκεν,
248 2612 291 2638 ὅτι
306 2612 338 2638 τὸ
356 2613 554 2648 γεγεννημένον
569 2613 601 2639 ὲκ
619 2613 668 2647 τῆς
683 2613 794 2648 σαρκὸς,
810 2613 878 2647 σὰρξ

99 2658 182 2690 tm»;
200 2658 270 2684 um'
288 2656 324 2693 ἦν
338 2658 390 2685 ἰδία
404 2657 451 2685 τοῦ
463 2658 564 2692 Λόγου·
580 2659 628 2685 καὶ
645 2656 686 2690 εἷς
700 2660 801 2685 νοεῖται
819 2660 877 2693 μετ’

100 2702 187 2738 αὐτῆς,
201 2703 331 2739 καθάπερ
346 2703 444 2738 ἀμέλει
461 2703 615 2738 φθάσαντες
644 2704 767 2740 εἴπομεν,
791 2705 838 2731 καὶ
861 2705 878 2740 ὴ

101 2747 142 2774 τοῦ
154 2748 297 2783 ἀνθρώπου
307 2749 380 2784 ψυχὴ
397 2749 464 2783 μετὰ
477 2749 524 2776 τοῦ
537 2749 602 2776 ἰδίου
616 2749 751 2785 σώματος.
760 2748 822 2786 'Ap‘
832 2748 879 2777 οὖν

132 2839 154 2855 ⁸⁵
167 2839 242 2868 Joau.
270 2848 309 2870 ιι,
332 2839 431 2866 35-59.
469 2838 605 2866 “Hoan.
622 2847 641 2872 t,
661 2839 685 2867 Ι.

272 2886 415 2915 Parnm.
432 2885 487 2915 Gn.
506 2885 631 2915 LXXVl.

911 926 1008 957 eludis.
1027 932 1055 954 ut
1069 935 1196 955 secernas
1212 933 1320 955 naturas
1331 949 1338 961 ,
1356 933 1382 956 et
1396 929 1484 962 unias,
1498 932 1527 955 ut
1539 928 1595 962 ipse
1617 936 1690 956 asse—

911 975 959 1007 ris,
973 975 1167 1002 adorationem.
1184 975 1236 1003 Sed
1249 977 1271 1003 si
1285 976 1382 1003 dividis
1397 981 1522 1008 naturas,
1535 976 1614 1003 simul
1627 984 1687 1003 cum

912 1020 965 1047 iiiis
991 1021 1129 1048 discedent
1151 1022 1229 1049 etiam
1248 1029 1307 1055 qua:
1327 1022 1433 1056 utrique
1448 1026 1510 1048 sunt
1534 1021 1691 1048 naturaliter

912 1067 1019 1100 propria
1034 1075 1041 1098 ;
1062 1067 1167 1094 recedet
1180 1067 1259 1094 etiam
1275 1067 1301 1094 in
1314 1067 1466 1094 universum
1484 1067 1552 1094 ratio
1566 1067 1690 1094 ditfcreu-

913 1111 977 1137 tiae:
995 1111 1049 1137 duo
1075 1117 1153 1138 erunt
1180 1112 1262 1145 igitur
1287 1112 1379 1146 procul
1404 1113 1495 1140 dubio.
1523 1112 1576 1141 Sed
1603 1118 1691 1141 tamen

911 1156 1016 1190 explica
1036 1157 1116 1188 mihi,
1138 1165 1238 1192 quaeso,
1264 1158 1327 1192 quid
1353 1158 1416 1185 illud
1432 1159 1468 1185 sit
1489 1159 1558 1194 quod
1582 1164 1693 1187 naturas

912 1200 983 1228 inter
996 1209 1026 1228 se
1043 1201 1143 1234 divisit,
1165 1202 1225 1235 quis
1244 1202 1308 1229 item
1326 1202 1484 1231 diﬂ‘ereutiie
1508 1205 1612 1231 modus.
1639 1204 1692 1232 Sed

912 1246 985 1274 dices
996 1248 1117 1278 omnino.
1133 1247 1205 1275 aliud
1224 1255 1284 1275 esse
1299 1257 1332 1275 ex
1353 1249 1409 1283 ipsa
1429 1254 1523 1276 natttra
1544 1250 1691 1283 hominem,

912 1299 959 1318 seu
979 1293 1190 1325 humanitatem,
1210 1294 1281 1321 aliud
1301 1293 1402 1327 Deum,
1423 1295 1480 1322 sive
1502 1295 1691 1328 divinitatem;

913 1336 967 1371 58
984 1341 1011 1364 et
1032 1337 1100 1365 hanc
1131 1338 1237 1372 quidem
1262 1347 1322 1366 esse
1341 1340 1423 1367 altera
1451 1341 1694 1375 incomparabiliter

913 1382 1096 1416 superiorem,
1109 1382 1181 1409 illam
1209 1391 1304 1410 rursus
1331 1388 1406 1411 tanto
1427 1386 1576 1417 minorem,
1595 1391 1694 1420 quanto

912 1427 948 1453 sit
967 1427 1046 1453 homo
1061 1427 1113 1454 Deo
1140 1427 1259 1455 inferior.
1285 1428 1425 1461 Quomodo
1443 1429 1537 1464 igitur,
1554 1430 1597 1458 dic
1618 1432 1693 1464 mihi,

913 1480 965 1500 una
978 1473 1134 1501 adoratione
1149 1479 1227 1508 putas
1240 1474 1405 1507 honoranda,
1424 1481 1482 1509 qua:
1501 1475 1571 1502 inter
1583 1483 1613 1503 se
1627 1476 1694 1503 adeo

914 1524 977 1546 sunt
1006 1519 1128 1554 iuaaquali
1150 1525 1260 1552 natura,
1287 1525 1314 1546 et
1338 1521 1462 1549 essentia;
1497 1521 1600 1549 ratione
1629 1522 1695 1550 adeo

915 1565 1027 1592 diversis
1038 1564 1195 1593 diderentiis
1212 1566 1335 1600 ahjuucta
1350 1566 1362 1593 ?
1377 1567 1416 1594 Au
1429 1575 1491 1594 vero
1502 1568 1524 1595 si
1537 1573 1696 1596 ornamenta

915 1611 1031 1638 hominis
1050 1618 1118 1645 equo
1134 1611 1332 1646 circumponas,
1350 1613 1495 1648 quidquam
1515 1612 1612 1640 efficies
1622 1615 1694 1648 quod

915 1657 950 1683 illi
968 1656 1073 1683 laudent
1094 1656 1211 1684 atl‘erat'!
1232 1665 1265 1683 an
1282 1657 1369 1692 potius
1385 1658 1447 1685 illud
1467 1658 1640 1686 excellentius
1653 1659 1695 1686 af-

914 1702 990 1729 ﬁcies
1005 1702 1100 1736 injuria
1111 1724 1118 1735 ,
1130 1710 1191 1729 cum
1208 1703 1418 1737 praestantiorem
1436 1709 1557 1731 naturam
1581 1705 1607 1732 in
1621 1705 1696 1740 igno-

916 1748 1025 1775 miniam
1045 1748 1170 1775 detrahas
1185 1748 1260 1775 ?Sed
1272 1754 1378 1776 acutum
1391 1748 1517 1783 quiddam
1532 1750 1564 1777 ad
1585 1757 1696 1784 respou-

916 1794 1031 1822 deudum
1045 1795 1144 1821 invenit
1160 1803 1167 1828 ;
1186 1795 1259 1821 addit
1275 1795 1366 1821 enim:

953 1838 1083 1873 [Νεετοιι.
1105 1839 1162 1866 Non
1176 1843 1216 1866 est
1238 1846 1287 1874 per
1311 1847 1340 1867 se
1357 1839 1427 1866 Deus
1438 1839 1508 1875 quod
1523 1844 1566 1867 est
1580 1840 1607 1867 in
1624 1844 1700 1868 utero

918 1883 1061 1911 formatum
1082 1893 1090 1916 ;
1109 1891 1161 1911 non
1173 1889 1213 1912 est
1224 1885 1319 1919 per‘se
1336 1885 1404 1912 Deus
1420 1886 1488 1920 quod
1503 1890 1544 1913 est
1555 1880 1698 1912 formatum

918 1938 932 1956 a
946 1930 1047 1965 Spiritu
1064 1939 1071 1956 :
1087 1938 1139 1957 non
1153 1935 1195 1958 est
1217 1938 1264 1964 per
1283 1939 1312 1958 se
1331 1932 1401 1958 Deus
1421 1932 1493 1966 quod
1508 1931 1640 1965 septtltum
1660 1936 1701 1959 est

918 1976 945 2002 in
970 1982 1158 2008 rnonuutenlo,
1192 1976 1289 2010 alioqui
1316 1984 1436 2005 essemus
1465 1977 1647 2010 homiuicola,
1674 1985 1702 2005 et

919 2020 1108 2047 cadavericolaa
1133 2020 1279 2048 manifesti.
1305 2021 1358 2048 Sed
1376 2022 1438 2056 quia
1454 2026 1494 2049 est
1517 2022 1543 2048 in
1565 2027 1702 2057 assumpto

920 2065 1008 2099 Deus,
1027 2074 1059 2093 ex
1073 2072 1227 2094 assuiuenle
1252 2066 1297 2101 qui
1318 2071 1358 2094 est
1385 2072 1554 2102 assumptus,
1575 2072 1701 2102 tanquam

920 2112 1067 2138 assumeuli
1080 2111 1249 2145 coniunctus,
1265 2111 1344 2139 simul
1355 2112 1503 2147 appellatur
1522 2112 1601 2139 Deus.
1616 2112 1625 2148 ]

1237 2178 1311 2205 CAP.
1327 2177 1382 2205 XII.

960 2247 1026 2274 Ecce
1041 2246 1095 2280 iam
1108 2254 1212 2274 rursum
1227 2246 1305 2274 nobis
1317 2247 1362 2281 qui
1374 2246 1587 2281 conjunctlouem
1604 2246 1702 2280 ubique

922 2292 1057 2325 nominat,
1081 2297 1108 2319 et
1138 2291 1252 2319 hominis
1278 2291 1381 2319 colendi
1407 2291 1507 2318 crimen
1535 2291 1702 2323 reformidat,

925 2338 1082 2364 hominicola
1098 2345 1157 2365 esse
1169 2338 1348 2370 convincitur,
1367 2345 1474 2372 sumque
1496 2338 1584 2372 impiae
1600 2338 1703 2372 cogita-

925 2383 1005 2410 tionis
1031 2383 1133 2418 laqueis
1162 2383 1312 2417 implicatus
1328 2388 1451 2415 tenetur,
1470 2383 1533 2410 etin
1553 2383 1703 2417 improbum

925 2421 1032 2456 sensum
1046 2430 1133 2463 lapsus
1145 2430 1350 2463 deprehenditur
1365 2437 1372 2455 :
1389 2437 1449 2455 nam
1464 2428 1489 2455 id
1500 2429 1569 2463 quod
1583 2436 1616 2455 ex
1629 2434 1705 2455 utero

927 2480 970 2502 est
979 2475 1099 2507 editum,
1114 2475 1216 2510 inquit,
1239 2482 1290 2501 non
1314 2482 1361 2509 per
1376 2482 1406 2502 se
1421 2475 1489 2501 Deus
1502 2478 1552 2501 est.
1583 2475 1707 2501 Admiror

928 2520 1051 2555 equidem
1067 2525 1138 2547 tuam
1155 2521 1223 2548 hanc
1235 2521 1382 2552 solertiam,
1398 2526 1424 2548 et
1439 2520 1536 2547 subtile
1551 2520 1617 2547 adeo
1631 2520 1706 2556 inge—

930 2567 1013 2594 nium.
1034 2567 1099 2599 Quis
1126 2567 1197 2594 enim
1218 2574 1327 2602 prorsus
1355 2567 1406 2594 hoc
1425 2567 1515 2593 dicere
1538 2570 1578 2593 est.
1604 2567 1708 2593 ausus?

929 2617 976 2639 aut
1002 2613 1063 2647 quis
1094 2613 1225 2646 ignoravit
1260 2619 1376 2646 unquam
1400 2612 1470 2646 quod
1497 2616 1587 2639 natum
1614 2615 1654 2637 est
1676 2618 1709 2637 ex

929 2666 1019 2689 carne,
1036 2665 1144 2686 carnem
1158 2665 1218 2685 esse
1232 2658 1244 2684 7
1258 2658 1308 2685 Sed
1324 2663 1412 2684 tamen
1427 2662 1486 2684 erat
1500 2657 1604 2691 propria
1617 2655 1708 2686 Verbi.

929 2710 956 2732 et
973 2713 1041 2732 unus
1053 2712 1112 2732 cum
1127 2704 1170 2731 illa
1186 2705 1353 2737 intelligitur,
1364 2708 1393 2730 ut
1405 2704 1496 2738 procul
1511 2704 1602 2735 dubio,
1614 2709 1707 2737 quem-

930 2751 1075 2778 admodum
1098 2753 1220 2786 superius
1243 2751 1372 2784 diximus,
1386 2751 1465 2779 etiam
1488 2750 1604 2778 hominis
1621 2749 1709 2776 anima

1520 2881 1536 2910 4
