1883 3054
172 157 230 184 .107

675 152 704 180 S.
724 150 860 179 CYRILIJ
877 148 1109 177 ALEXANDRINI
1130 148 1290 176 ARCIIIEP.

1747 146 1802 174 108

176 222 238 241 cum
250 221 300 241 suo
311 220 422 248 corpore
436 221 445 240 :
462 221 526 248 ergo
538 212 560 240 si
574 211 707 247 quispiam
715 211 748 238 de
762 210 838 237 nobis
850 216 919 244 quoq

1059 216 1095 239 τις
1112 208 1198 234 ἕλοιτο
1215 207 1261 234 καὶ
1276 207 1316 241 ἐφ’
1331 206 1408 242 ἡμῶν
1422 207 1519 238 εἰπεῖν,
1537 206 1587 233 οὐκ
1606 206 1755 242 ἄνθρωπος
1769 205 1802 231 τὺ

178 261 269 288 dicere
300 259 381 292 velit,
413 267 465 286 non
495 265 556 285 esse
586 258 721 285 hominem
747 256 833 291 ipsum
859 262 959 290 corpus

177 313 225 340 per
245 313 292 336 se.
322 313 411 333 nonne
432 303 599 339 superﬂuens
624 303 650 330 in
670 309 795 330 sermone
818 306 846 329 et
870 308 959 335 nugax

178 352 274 379 merito
301 351 428 378 dicetur?
445 350 536 384 Neque
560 348 632 376 enim
655 349 796 383 quisquam
815 351 960 382 negaturus

177 403 218 425 est
243 399 329 432 ipsum
349 404 399 431 per
425 403 454 424 se
469 403 566 430 corpus
582 403 634 422 non
658 402 718 422 esse
743 393 896 425 hominem,
912 393 959 420 sed

177 444 265 478 potius
287 442 402 469 hominis
423 449 521 476 corpus
539 441 603 468 dici.
629 441 681 468 Sed
696 448 775 467 nemo
789 445 877 467 tamen
892 439 960 467 duas

177 488 204 515 in
219 491 308 522 partes
325 486 465 518 dividens,
483 493 516 512 ac
538 485 651 513 sem-sim
672 492 774 519 ponens
792 485 908 511 animam
933 488 961 511 et

178 541 291 569 corpus,
304 533 401 560 dixerit
426 539 544 566 unquam
562 538 659 564 corpus
681 531 775 557 eodem
793 538 853 557 cum
871 529 959 556 anima

177 579 302 614 appellari
318 578 425 606 nomine
437 578 470 604 ad
484 584 566 604 unum
583 576 720 603 hominem
732 576 935 611 signiﬁcandum
949 583 957 607 ;

177 632 264 659 neque
283 624 355 651 enim
377 628 455 658 aptus
470 623 521 650 erit
535 622 665 658 ejusmodi
688 629 792 654 sermo,
805 621 850 648 sed
873 621 960 656 potius

177 670 319 706 imperitia:
335 669 439 704 plenus.
458 668 509 696 Sed
524 676 583 696 cum
598 673 740 702 utrumque
751 667 898 695 secundum
911 674 959 693 na-

178 715 290 742 turalem
304 715 428 742 unionem
440 713 610 748 conjunxerit
624 714 657 741 ad
673 714 751 740 unius
766 713 882 740 hominis
895 719 960 740 con-

174 762 351 793 stitulionem,
367 766 422 787 tum
438 761 544 787 demum
572 759 706 787 hominem
729 759 882 794 appellabit,
909 765 959 786 nec

175 806 312 834 videbitur
323 806 411 840 inepte
419 805 588 840 absurdeque
597 805 695 832 dicere.
705 804 830 840 Oportuit
841 811 915 839 ergo,
934 803 958 831 si

176 853 285 879 omnino
297 850 404 886 sapiens
417 851 496 878 homo
505 852 643 885 solersque
650 855 708 878 erat
717 871 725 883 ,
739 858 836 884 corpus
850 850 957 884 quidem

176 898 239 925 illud
247 905 280 925 ex
290 896 402 924 muliere
413 897 513 928 dicere.
526 901 553 924 et
563 897 673 930 insuper
686 895 774 929 fateri,
785 896 848 922 illud
858 895 959 922 unitate

177 943 325 971 secundum
359 942 524 978 hypostasim
563 949 625 968 cum
657 940 746 968 Verbo
774 941 957 975 conjunclum,

178 995 260 1014 unum
293 986 431 1013 Christum
465 990 492 1012 et
518 985 617 1012 Filium
644 989 672 1012 et
698 985 839 1012 Dominutn
868 985 958 1011 absol-

177 1035 265 1065 visse,
293 1032 419 1059 eutndem
457 1031 536 1058 simul
576 1036 605 1058 et
630 1031 713 1058 Deum
751 1035 778 1058 et
811 1031 956 1058 hominem.

171 1078 231 1114 59
242 1077 317 1105 Nunc
335 1084 399 1104 vero
421 1077 472 1104 hoc
493 1077 604 1109 omisso,
628 1083 752 1111 perversa
768 1076 888 1111 graditur
905 1076 957 1108 via,

169 1124 210 1151 .de
231 1128 304 1151 recta
325 1123 468 1156 decedens,
492 1129 524 1149 ac
546 1122 613 1149 duos
639 1121 715 1149 nobis
739 1124 803 1149 deos
819 1121 957 1156 praedicat,

178 1177 259 1196 unum
279 1168 426 1196 secundum
445 1172 569 1194 naturam
585 1175 618 1195 ac
632 1168 784 1200 veritatem,
800 1168 865 1195 illud
883 1167 959 1194 nimi-

175 1222 236 1242 rum
258 1221 292 1242 ex
315 1214 373 1241 'Deo
399 1214 480 1241 Patre
502 1213 638 1247 Verbum;
665 1214 747 1241 alium
772 1221 836 1242 vero
861 1219 959 1249 praeter

172 1262 258 1292 hunc,
282 1259 327 1294 qui
343 1259 423 1286 simul
438 1267 499 1286 cum
514 1266 547 1287 eo
570 1259 642 1288 Deus
658 1260 816 1294 appellatur.
833 1260 869 1288 Ut
885 1259 957 1286 enim

170 1313 254 1333 nemo
274 1305 359 1332 nostri
387 1305 495 1340 generis
519 1305 618 1332 dicitur
634 1312 695 1332 cum
719 1313 749 1332 se
774 1306 831 1340 ipso
855 1310 883 1332 et
899 1305 958 1332 solo

174 1351 341 1382 conversari,
362 1351 435 1378 verbi
449 1351 548 1385 gratia,
562 1350 609 1378 sed
632 1358 692 1378 cum
716 1350 800 1378 altero
814 1359 957 1379 conversa-

175 1401 228 1430 tur,
246 1404 278 1424 ac
297 1396 321 1423 si
334 1404 414 1430 quem
428 1404 444 1435 ρ
455 1396 571 1423 terrenis
586 1396 693 1430 regibus
702 1397 844 1431 quisquam
859 1397 958 1425 dixerit

172 1443 255 1470 simul
280 1451 341 1470 cum
369 1443 459 1477 seipso
484 1450 606 1477 regnare,
621 1443 683 1477 jure
705 1444 740 1470 sit
770 1443 907 1476 ridendus,
929 1448 958 1470 et

173 1487 329 1522 uugabitur,
353 1488 415 1514 dum
434 1487 503 1522 quod
529 1488 562 1514 de
579 1495 632 1514 uno
657 1487 768 1522 soloque
785 1487 894 1520 dicitur,
916 1488 957 1515 sic

1009 254 1089 289 σῶμα
1103 253 1163 280 καθ’
1179 253 1267 285 ἑαυτὸ,
1281 253 1312 279 οὺ
1327 253 1452 286 περιττὸς
1466 253 1505 284 εἰς
1521 252 1617 286 λόγους
1632 252 1681 279 καὶ
1695 251 1803 278 εἰκαιό-

1010 300 1095 335 μυθος
1114 298 1274 334 ὀνομάζοιτο
1297 298 1330 325 ἂν
1346 298 1476 330 είκότως;
1503 299 1664 333 Ἀρνήσεται
1680 297 1736 332 γὰρ
1753 296 1803 322 οὺ-

1008 345 1074 377 δεὶς,
1093 345 1134 371 ὅτι
1157 344 1194 379 μὴ
1209 343 1351 379 ἄνθρωπος
1369 343 1400 369 τὸ
1421 343 1502 378 σῶμα
1526 343 1586 370 καθ’
1606 343 1699 374 ἑαυτὸ,
1717 343 1803 376 σῶμα

1008 391 1037 418 δὲ
1054 391 1155 426 μᾶλλον
1169 390 1312 426 ἀνθρώπου
1336 389 1435 423 λέγοιτ’
1451 389 1493 416 ἄν.
1512 389 1584 424 Πλὴν
1602 389 1633 414 οὐ
1654 388 1718 422 δίχα
1737 387 1803 413 δια-

1008 437 1110 472 τεμὼν,
1128 437 1174 463 καὶ
1188 437 1239 464 ἀνὰ
1266 436 1348 471 μέρος
1371 435 1456 466 τιθεὶς
1469 435 1559 470 ψυχήν
1581 444 1610 461 τε
1633 435 1680 461 καὶ
1703 435 1800 469 σῶμα,

1009 483 1076 518 φαίη
1096 491 1137 514 τις
1158 483 1202 514 ἂν,
1226 482 1267 508 ὅτι
1295 482 1496 516 συγχρηματιεί
1509 482 1540 507 τὸ
1563 481 1643 516 σῶμα
1659 481 1693 516 τῇ
1722 480 1801 515 ψυχῇ

1011 529 1081 564 πρὸς
1104 529 1163 560 ἑνὸς
1186 527 1329 561 ἀνθρώπου
1353 527 1485 562 δήλωσιν·
1506 527 1548 562 εἴη
1570 527 1624 562 γὰρ
1643 527 1676 554 ἂν
1697 527 1750 552 οὑκ
1769 527 1803 552 ὲν

1009 575 1104 610 κόσμῳ
1127 574 1310 610 γεγενημένος
1328 575 1343 600 ὁ
1356 574 1457 600 τοιόσδε
1480 574 1573 607 λόγος,
1587 573 1688 608 μᾶλλον
1702 573 1731 599 δὲ
1749 573 1802 598 καὶ

1008 620 1128 656 ἀμαθίας
1137 620 1271 655 ἔμπλεως.
1283 620 1383 654 Ἄμφω
1394 628 1423 654 γε
1435 619 1488 654 μὴν
1499 619 1558 646 καθ’
1567 619 1663 646 ἕνωσιν
1674 619 1800 654 φυσικὴν

1009 667 1180 701 συνενεγκὼν
1198 667 1238 698 εἰς
1255 666 1313 698 ἑνὸς
1337 666 1480 702 ἀνθρώπου
1500 667 1646 697 σύστασιν,
1662 666 1725 692 τότε
1749 667 1802 692 καὶ

1008 713 1150 748 ἄνθρωπον
1164 712 1305 747 όνομάσει·
1324 712 1371 738 καὶ
1388 711 1440 738 κᾶν
1457 711 1512 747 [ῖσ.
1524 711 1574 738 οὒκ
1587 711 1631 747 ἂν]
1646 711 1719 738 οὕτω
1731 712 1801 747 δόξῃ

1007 757 1167 792 ἁσύμφυλόν
1178 766 1207 784 τε
1221 757 1268 784 καὶ
1279 757 1395 788 ἀκαλλὲς
1408 758 1504 783 εἰπεῖν.
1512 757 1586 783 Ἔδει
1599 756 1699 788 τοίνυν,
1715 757 1800 790 εἴπερ

1007 811 1050 834 τις
1064 801 1099 838 ἦν
1115 803 1183 832 ὅλως
1197 802 1277 837 σοφός
1293 811 1323 828 τε
1340 803 1388 828 καὶ
1404 802 1541 836 νουνεχὴς.
1557 801 1638 837 σῶμα
1648 803 1749 832 εἰπεῖν,
1767 802 1801 828 τὸ

1008 850 1041 876 ὲκ
1067 849 1212 883 γυναικός·
1239 847 1474 884 προσομολογῆσαι
1490 848 1517 874 δὲ
1537 848 1577 874 ὄτι
1597 849 1630 883 τῇ
1648 847 1708 874 καθ’
1727 848 1800 874 ὑπό-

1011 903 1105 921 στασιν
1120 894 1214 921 ὲνώσει
1228 894 1386 928 συνενεχθὲν
1399 893 1437 928 τῷ
1451 893 1539 929 Λόγῳ,
1552 894 1669 929 Χριστὸν
1681 894 1732 920 ἒνα
1747 895 1800 920 καὶ

1009 940 1074 967 Υἱὸν
1093 940 1141 966 καὶ
1161 940 1264 974 Κύριον
1282 939 1461 967 ἀποτετέλεκε
1482 939 1528 965 τὸν
1549 939 1630 966 αὑτὸν
1647 939 1714 966 όντα
1728 939 1800 965 Θεὸν

1009 987 1056 1014 καὶ
1071 986 1212 1022 ἄνθρωπον
1223 995 1230 1002 ο
1245 986 1304 1013 νυνὶ
1316 986 1344 1013 δὲ
1362 986 1441 1013 τοῦτο
1457 985 1558 1020 μεθεὶς,
1569 985 1654 1012 οῐεται
1668 985 1726 1020 (16)
1745 986 1799 1020 μὲν

1008 1033 1058 1068 τὴν
1071 1032 1291 1068 διεστραμμένην
1314 1032 1363 1066 τῆς
1381 1033 1420 1063 εἰς
1448 1031 1513 1058 εὐθὺ
1531 1032 1700 1058 διεκπίπτων
1713 1031 1776 1057 ὁδοῦ
1789 1039 1796 1044 ·

1008 1078 1054 1105 δύο
1068 1078 1095 1104 δὲ
1119 1079 1184 1113 ἡμῖν
1207 1077 1380 1113 διακηρύττει
1408 1077 1565 1108 (decim-Eva.
1594 1077 1642 1112 μὲν
1659 1077 1697 1108 ὡς
1714 1077 1798 1111 φύσει

1009 1124 1055 1151 καὶ
1067 1124 1181 1159 ἀληθεία
1193 1124 1238 1150 τὸν
1262 1125 1294 1150 ὲκ
1318 1123 1385 1150 Θεοῦ
1413 1123 1517 1157 [ἰατρὸς
1538 1123 1638 1157 Λόγον
1658 1124 1753 1158 ἕτερον
1768 1123 1799 1149 δὲ

1009 1171 1074 1205 παρ’
1100 1170 1201 1202 αὑτὸν,
1225 1170 1271 1196 τὸν
1296 1168 1552 1204 συγχρηματίζοντσ.
1578 1168 1667 1204 αὐτῷ·
1691 1169 1721 1195 ὃν
1741 1169 1799 1203 γὰρ

1008 1214 1106 1248 τρόπον
1119 1214 1205 1245 οὐδεὶς
1223 1213 1256 1241 ἂν
1270 1213 1376 1247 λέγοιτο
1400 1213 1453 1239 τῶν
1470 1213 1531 1239 καθ’
1544 1214 1617 1248 ἡμᾶς
1637 1213 1729 1247 ἑαυτῷ
1749 1215 1798 1239 καὶ

1009 1260 1082 1294 μόνῳ
1095 1259 1295 1286 συνδιαιτᾶσθαι
1306 1259 1396 1294 τυχὸν,
1412 1258 1496 1294 ἑτέρῳ
1510 1259 1539 1285 δὲ
1558 1259 1658 1294 μᾶλλον
1674 1259 1797 1285 συνδιαι-

1007 1304 1130 1338 τήσεται.
1154 1304 1213 1331 Κᾶν
1229 1305 1256 1332 εῐ
1278 1313 1340 1331 τινα
1356 1305 1430 1338 λέγοι
1449 1304 1503 1331 τῶν
1519 1305 1565 1330 ἐπὶ
1586 1305 1638 1339 γῆς
1661 1305 1798 1340 βασιλέων

1009 1349 1218 1384 συμϐασιλεύειν
1232 1349 1331 1384 ἑαυτῷ,
1343 1349 1419 1384 ὃφλοι
1434 1350 1468 1376 ἂν
1482 1350 1596 1381 εἰκότως
1611 1350 1730 1384 γέλωτα,
1746 1351 1797 1377 καὶ

1009 1395 1150 1431 βατταριεῖ
1165 1395 1195 1422 τὸ
1213 1396 1256 1430 ἐφ’
1272 1395 1332 1427 ἑνός
1345 1404 1375 1422 τε
1393 1396 1441 1422 καὶ
1455 1395 1535 1431 μόνου
1548 1396 1634 1428 τιθεὶς
1647 1398 1696 1424 καὶ
1708 1396 1798 1430 λέγων

1007 1442 1044 1474 ὡς
1059 1443 1104 1468 ἐπὶ
1118 1443 1202 1475 δυοῖν,
1222 1442 1309 1475 οὕτως
1325 1444 1453 1470 ἀσύνετον
1470 1444 1567 1479 κομιδῆ
1582 1444 1612 1470 τὸ
1630 1451 1797 1478 συγχρημα-

1007 1489 1094 1520 τίζειν
1109 1489 1214 1516 οἴεσθαι
1238 1490 1298 1517 καθ’
1313 1490 1372 1521 ἑνός
1388 1498 1417 1516 τε
1436 1490 1484 1516 καὶ
1500 1491 1579 1524 μόνου
1594 1489 1726 1516 δύνασθαι
1743 1498 1799 1525 χω-

176 1534 252 1568 ponit
275 1538 357 1568 atque
383 1533 541 1567 pronuntiat
567 1537 694 1567 tanquam
721 1535 754 1560 de
775 1533 896 1566 duobus;

1054 1542 1075 1565 ν,
1090 1533 1137 1560 δύο
1152 1534 1206 1569 γάρ
1224 1543 1274 1560 που
1295 1534 1404 1565 πάντως
1428 1532 1482 1560 εἶεν
1502 1534 1550 1561 ἄν·
1566 1534 1612 1561 καὶ
1630 1535 1644 1560 ὁ
1672 1534 1723 1568 μὲν
1738 1534 1797 1560 ἐστι

177 1580 287 1605 stultum
303 1586 367 1605 sane
385 1579 419 1605 sit
431 1583 526 1613 putare
540 1578 590 1605 hoc
606 1578 704 1613 ipsum,
719 1578 799 1605 simul
815 1578 956 1613 appellari,

174 1626 208 1651 de
230 1632 282 1650 uno
305 1624 415 1658 soloque
436 1624 489 1650 diei
516 1631 596 1658 posse
612 1631 619 1649 :
635 1624 688 1651 duo
707 1631 824 1658 namque
847 1631 958 1659 prorsus

174 1674 264 1702 erunt,
283 1673 310 1696 et
325 1670 394 1696 alter
413 1670 562 1696 secundum
579 1674 701 1696 naturam
720 1669 799 1702 Deus,
813 1669 882 1696 alter
894 1677 958 1697 vero

176 1715 268 1750 procul
281 1715 362 1742 dubio
378 1723 439 1742 cum
454 1715 480 1742 id
497 1715 582 1742 solum
599 1715 697 1742 habeat
710 1720 739 1742 ut
755 1715 835 1742 simul
849 1723 908 1742 cum
925 1723 957 1743 eo

175 1765 288 1788 vocetur
313 1760 400 1794 Deus,
427 1760 508 1794 idque
531 1761 699 1787 extrinsecus
720 1765 748 1787 et
773 1761 956 1795 acquisitum,

176 1813 272 1833 recens
285 1807 362 1833 nobis
376 1805 446 1834 Deus
469 1806 582 1833 exstitit.
599 1805 667 1832 Num
683 1813 747 1840 ergo
770 1807 898 1833 mentitur
913 1807 957 1834 ille

174 1857 271 1880 natura
289 1856 317 1879 et
339 1859 403 1880 vere
418 1852 608 1879 universorum
628 1851 697 1879 Deus
713 1859 774 1880 cum
793 1853 859 1879 dicit
875 1862 882 1879 :
901 1862 909 1878 ι
927 1852 956 1880 Si

172 1898 293 1926 audieris
316 1906 370 1930 me,
393 1905 445 1925 non
470 1898 523 1925 erit
549 1898 574 1924 in
601 1902 626 1924 te
650 1897 716 1925 deus
742 1905 846 1931 recens,
870 1906 957 1933 neque

165 1943 302 1975 adorabis
323 1944 402 1971 deum
426 1943 543 1970 alienum
557 1944 596 1970 "‘l
613 1953 622 1969 ι
645 1943 700 1971 [loc
723 1944 746 1971 si
762 1944 798 1970 ita
816 1949 867 1977 est,
889 1952 956 1979 quo-

176 1987 255 2014 tnodo
278 1987 422 2015 adoramus
446 1987 598 2021 Christum,
623 1992 650 2015 et
677 1988 715 2015 illi
734 1988 856 2016 ﬂectetur
877 1997 957 2016 omne

171 2032 266 2067 genu?
291 2033 426 2068 quomodo
453 2033 534 2060 etiam
565 2034 638 2061 illum
662 2035 783 2062 venerari
809 2035 955 2068 conﬁteris.

170 2086 238 2105 cum
254 2082 342 2105 tamen
357 2078 498 2111 formides,
511 2084 540 2106 ut
554 2079 658 2111 dixisti,
674 2087 707 2107 ne
722 2080 881 2108 hominicola
897 2088 957 2109 esse

175 2123 314 2152 videaris?
328 2124 383 2152 Sed
402 2125 484 2152 habet
498 2126 531 2152 ad
543 2126 593 2152 hoc
610 2126 739 2160 aliquam,
755 2131 784 2153 ut
798 2127 854 2161 ipse
869 2131 955 2161 putat,

168 2175 280 2199 .acutam
300 2171 501 2206 responsionem
526 2180 611 2199 :nam
638 2177 767 2207 tanquam
797 2173 956 2208 conjunctus

1008 1579 1079 1605 κατὰ
1094 1579 1174 1612 φύσιν
1190 1579 1255 1610 Θεός
1267 1587 1273 1594 ’
1289 1579 1303 1604 ὁ
1316 1579 1355 1609 δὲ,
1376 1579 1445 1613 τάχα
1467 1586 1519 1605 που
1539 1579 1586 1605 καὶ
1602 1579 1682 1613 μόνον
1707 1579 1741 1604 τό
1764 1587 1798 1612 γε

1009 1624 1229 1659 συγχρηματίσαι
1256 1624 1371 1658 θύραοέν
1396 1633 1426 1650 τε
1458 1624 1506 1650 καὶ
1529 1624 1675 1658 ἐπίκτητον
1713 1624 1796 1658 ἔχων,

1008 1671 1164 1705 πρόσφατος
1181 1671 1247 1705 ἡμῖν
1270 1670 1411 1705 ἀνεδείχθη
1425 1670 1502 1701 Θεός.
1522 1667 1584 1705 *Δρ*
1598 1668 1645 1697 οὖν
1665 1670 1797 1704 ψεύδεται

1007 1716 1105 1750 λέγων,
1116 1717 1130 1743 ό
1145 1717 1225 1750 φύσει
1242 1725 1270 1743 τε
1285 1716 1333 1742 καὶ
1343 1716 1449 1751 ἀληθῶς
1465 1716 1517 1742 τῶν
1533 1716 1603 1743 ὅλων
1611 1716 1693 1747 Θεός*
1710 1725 1720 1742 ι
1732 1716 1797 1742 Ἐὰν

1007 1761 1128 1798 ἀκούσῃς
1141 1771 1203 1796 μου,
1219 1762 1269 1788 οὐκ
1283 1761 1360 1788 ἔσται
1372 1763 1400 1788 ὲν
1415 1762 1457 1788 σοὶ
1475 1761 1535 1793 θεὸς
1552 1761 1719 1797 πρόσφατος,
1734 1762 1797 1788 οὑδδ

1007 1808 1207 1842 προσκυνήσεις
1227 1806 1281 1842 θεῷ
1305 1807 1450 1843 ἀλλοτριῳ;
1466 1816 1475 1832 ι
1503 1804 1569 1834 Εἶτα
1592 1807 1651 1838 πῶς
1672 1815 1796 1842 xpectas-

1008 1852 1165 1887 κυνήκαμεν
1180 1851 1218 1886 τῷ
1234 1851 1354 1887 Χριστῷ,
1370 1852 1417 1878 καὶ
1429 1852 1503 1887 αὐτῷ
1521 1851 1623 1887 κάμψει
1638 1852 1694 1878 πᾶν
1709 1852 1794 1886 γόνυ;

1008 1897 1067 1929 πῶς
1079 1897 1107 1924 δὲ
1128 1897 1175 1924 καὶ
1194 1897 1284 1924 σέϐειν
1310 1897 1391 1924 αὐτὸν
1406 1897 1562 1932 όμολογεῐς;
1582 1897 1670 1924 καίτοι
1687 1897 1793 1930 δεδιὼς,

1007 1944 1044 1975 ὡς
1061 1943 1139 1979 ἔφης,
1156 1944 1186 1970 τὸ
1202 1943 1431 1979 ἀνθρωπολάτρης
1447 1941 1515 1970 εἶναι
1533 1943 1631 1970 δοκεῖν.
1650 1943 1721 1969 Ἀλλ’
1736 1943 1794 1978 ἔχει

1006 1988 1067 2015 τινὰ
1083 1988 1208 2022 καθάπερ
1229 1986 1275 2015 οὖν
1296 1988 1381 2014 οἴεται
1399 1987 1480 2022 σοφὸν
1496 1988 1542 2014 ἐπὶ
1563 1987 1630 2023 τῷδε
1643 1987 1740 2022 λόγον’
1755 1988 1795 2020 ὡς

1006 2036 1062 2070 γὰρ
1078 2035 1117 2069 τῷ
1143 2034 1252 2061 λαὸόντι
1272 2034 1437 2068 συναφθεὶς,
1462 2034 1678 2069 συγχρηματίζει
1703 2034 1791 2065 856;-

1007 2081 1065 2112 πῶς
1084 2080 1188 2116 ἐλήφθη
1214 2079 1328 2115 φράσον,
1351 2079 1444 2114 ἢτίνα
1469 2079 1603 2114 συνῆπται
1623 2080 1740 2115 τρόπον;
1761 2079 1793 2106 Ei.

1008 2127 1056 2162 μὲν
1070 2124 1116 2153 οὖν
1126 2126 1184 2153 καθ’
1196 2126 1292 2152 ἕνωσιν
1307 2126 1405 2160 ἀληθῆ,
1414 2125 1463 2161 τὴν
1476 2126 1536 2152 καθ’
1550 2126 1697 2152 ὑπόστασιν
1708 2125 1791 2159 λέγω,

1008 2172 1111 2199 παῦσαι
1131 2171 1250 2208 μερίζων
1266 2172 1296 2198 τὸ
1311 2172 1466 2207 ἡνωμένον·
1481 2171 1528 2198 ἐπὶ
1548 2170 1642 2206 καιροῦ
1657 2171 1686 2197 δὲ
1702 2169 1791 2206 οἶμαι,

173 2217 320 2244 assumenti
336 2216 416 2244 simul
433 2217 584 2251 appellatur
597 2217 684 2244 Deus:
701 2218 837 2252 quomodo
852 2226 912 2245 assu

1050 2216 1142 2252 ιπρός
1164 2225 1196 2250 γε
1223 2216 1301 2251 ἡμῶν
1329 2216 1468 2251 εἰρήσεται
1495 2215 1666 2251 διατέμνοντί
1691 2224 1732 2242 σοι
1763 2215 1793 2242 τδ

169 2265 235 2295 plus
264 2265 306 2288 est
333 2261 479 2296 eloquere,
504 2266 550 2289 aut
578 2269 695 2297 quonam
730 2263 889 2298 conjunctus
913 2268 956 2291 est

173 2306 269 2333 modo?
285 2305 352 2334 Nam
368 2307 390 2334 si
409 2307 516 2342 quidem
539 2308 685 2335 secundum
705 2315 797 2336 veram
815 2310 953 2342 unionem,

172 2350 246 2377 illam
269 2352 416 2379 secundum
440 2353 604 2388 hyposlasim
629 2353 705 2386 dico;
729 2355 823 2382 desine
845 2355 954 2382 tandem

171 2395 278 2422 unitum
291 2396 433 2424 dividere:
449 2402 476 2424 et
493 2402 643 2432 opportune
657 2399 737 2425 etiam
760 2406 774 2424 a
789 2399 866 2426 nobis
879 2398 953 2426 dice-

174 2445 218 2466 tur
243 2440 291 2466 tibi
318 2441 484 2468 individuum
508 2442 647 2470 dividenti.
674 2453 683 2467 ι
698 2443 773 2476 Quod
796 2451 860 2479 ergo
883 2443 954 2472 Deus

170 2485 322 2520 conjunxit,
339 2486 419 2513 homo
436 2495 469 2514 ne
487 2487 629 2515 dividat“.
647 2498 656 2514 ι
671 2488 718 2515 Sin
741 2491 951 2523 assumptionem

173 2532 253 2558 istam
278 2539 324 2558 seu
350 2533 564 2566 coniunctionem
589 2542 650 2562 esse
674 2535 741 2562 dicis
759 2541 899 2562 externam
921 2544 953 2563 ac

173 2576 324 2608 relativam,
349 2578 483 2610 quomodo
505 2587 558 2606 non
581 2580 698 2606 advertis
719 2580 746 2606 in
769 2581 846 2607 nobis
871 2582 951 2607 etiam

170 2628 230 2648 esse
244 2621 338 2653 Deum,
355 2626 380 2648 et
394 2630 443 2650 nos
459 2623 496 2650 illi
510 2624 634 2659 conjungi
651 2625 772 2657 relative,
793 2631 819 2652 et
838 2626 950 2659 partici-

206 2699 228 2715 “
245 2700 328 2727 Exod.
344 2708 388 2733 xx,
401 2702 435 2733 Ξῖ
450 2702 518 2729 ΡέιιΙ.
532 2711 614 2735 an,
634 2704 675 2730 l0.
715 2705 737 2719 "
751 2704 846 2730 Matth.
862 2713 916 2736 λιλ,
932 2706 958 2731 U.

1006 2261 1138 2296 ἄτμητον,
1159 2270 1168 2286 ι
1188 2260 1222 2288 Ὃ
1243 2259 1289 2288 οὖν
1312 2261 1377 2292 Θεὸς
1401 2260 1568 2293 συνέζευξεν,
1585 2260 1730 2296 ἄνθρωπος
1754 2262 1794 2296 μὴ

1006 2307 1155 2342 χωριζέτω.
1174 2317 1184 2334 ι
1204 2306 1235 2334 El
1263 2307 1292 2334 δέ
1312 2316 1344 2342 γε
1360 2308 1409 2343 τὴν
1425 2307 1519 2343 λῆψιν,
1545 2307 1628 2342 ἡγουν
1653 2306 1702 2342 τὴν
1728 2315 1794 2334 συν-

1006 2353 1115 2387 άφειαν,
1142 2353 1240 2385 ἔξωθέν
1263 2361 1293 2380 τε
1317 2353 1364 2380 καὶ
1389 2353 1516 2388 σχετικὴν
1542 2351 1610 2379 εἶναι
1634 2352 1706 2388 φὴς,
1732 2353 1793 2385 sub;

1005 2400 1153 2435 ὴγνόηκας,
1165 2400 1206 2425 ὅτι
1223 2399 1269 2426 καὶ
1283 2399 1311 2425 ἐν
1322 2400 1389 2434 ἡμῖν
1402 2400 1460 2425 ἐστι
1472 2399 1548 2431 Θεὸς,
1563 2399 1610 2425 καὶ
1621 2399 1702 2434 ἡμεῖς
1715 2398 1793 2434 αὐτῷ

1007 2444 1197 2480 συναπτόμεθα
1209 2445 1352 2480 ηετικὼς,
1366 2445 1414 2471 καὶ
1425 2445 1546 2471 κοινωνοὶ
1558 2445 1608 2479 τῆς
1619 2444 1693 2476 θείας
1707 2445 1792 2472 αὑτοῦ

1006 2491 1157 2526 γεγόναμεν
1174 2491 1279 2525 φύσεως
1291 2499 1298 2523 ;
1315 2491 1418 2517 Ψάλλει
1433 2491 1521 2525 γοῦνὸ
1535 2491 1678 2522 θεσπέσιος
1689 2491 1791 2518 Δαὸίδ⁸

1009 2545 1018 2561 ι
1031 2536 1177 2572 Ἐκολλήθη
1208 2538 1224 2572 ἡ
1248 2536 1319 2572 ψυχή
1339 2545 1389 2572 μου
1405 2536 1492 2563 ὀπίσω
1511 2545 1576 2563 σου⁹
1591 2545 1601 2562 ι
1627 2533 1792 2572 συγχρημα-

1005 2582 1115 2616 τιοῦμεν
1132 2581 1178 2609 οὖν
1192 2583 1246 2617 ἄρα
1260 2583 1307 2609 καὶ
1331 2584 1424 2618 ἡμεῖς,
1450 2582 1488 2617 τῷ
1511 2582 1580 2609 κατὰ
1609 2582 1691 2617 φύσιν
1721 2582 1792 2617 Θεῷ,

1005 2628 1061 2654 οεο¹ι
1075 2629 1134 2654 κατ’
1151 2629 1242 2660 αὑτὸν,
1256 2628 1358 2663 κάμψει
1371 2629 1419 2655 καὶ
1430 2630 1496 2664 ἡμῖν
1508 2629 1562 2655 πᾶν
1572 2628 1647 2662 γόνυ.
1661 2628 1695 2655 Τί
1707 2636 1795 2663 προσ-

815 2781 893 2808 ΛΝΤ.
914 2781 1049 2809 AGELLII
1070 2781 1185 2809 ΝΟΤᾹΞ.

205 2856 260 2892 (16)
282 2857 431 2892 Legenduui
451 2859 528 2891 ἵεται,
548 2864 575 2886 ιιι
595 2860 620 2886 in
636 2864 757 2888 extremo
774 2861 822 2888 hoc
840 2869 858 2887 ll
874 2861 948 2897 libre

753 2869 757 2885 ι
774 2861 822 2888 hoc
840 2869 858 2887 ll
874 2861 952 2897 libro
970 2861 1043 2894 dicit,
1061 2861 1139 2896 μόνος
1156 2862 1192 2888 ἴοι
1208 2862 1255 2897 τὴν
1272 2862 1496 2898 διεστραμμένην.
