1883 3054
76 156 119 184 ιω
605 152 791 181 ADVERSUS
810 152 1012 182 NESTORIUM
1032 153 1096 181 LIB.
1117 153 1149 181 ll.

1631 154 1683 181 HD

75 213 158 248 τὲταχε
173 212 229 243 τοίς
242 211 297 238 ἄνω
311 212 471 248 πνεύμασιν
483 213 497 239 ὁ
510 212 576 244 Θεὸς
592 213 639 239 καὶ
653 213 758 249 Πατὴρ,
776 213 849 240 διδα-

921 221 950 241 es
965 221 1014 241 nos
1028 214 1115 242 factos
1138 220 1199 241 esse
1220 213 1317 241 divinae
1338 212 1397 248 ejus
1413 213 1570 241 naturae"?
1587 213 1685 242 Psallit

77 257 303 292 αέτωπαρελθὼν
317 258 333 283 ὁ
361 258 506 290 θεσπέσιος
528 257 644 290 Παῦλος.
661 267 670 284 ι
683 259 768 286 Ὅταν
782 259 846 296 γὰρ,

76 304 154 340 φησὶν,
170 303 303 339 εἰσαγάγῃ
317 303 365 330 τὸν
380 304 553 340 πρωτότοκον
565 304 605 335 είς
615 304 665 339 τὴν
675 304 847 340 οἰκουμένην,

76 351 154 383 λέγει’
169 349 223 375 Καὶ
237 349 509 384 προσκυνησάτωσαν
533 349 607 385 αὐτῷ
622 350 721 382 πάντες
738 351 849 384 ἄγγελοι

76 395 142 423 Θεοῦ.
156 404 166 420 ι
181 393 285 421 Οὐκοῦν
303 395 456 430 ἐπειδήπερ
472 395 500 421 ἐν
513 395 629 427 τούτοις,
646 395 678 422 τὸ
698 395 743 422 σὺν
757 395 789 431 δὴ
802 396 851 423 καὶ

77 442 145 476 οοφὺν
163 441 212 468 οὐκ
232 441 448 476 ὲπενήνεγκται·
474 440 687 476 προσκυνεῖσθαι
701 441 730 467 δὲ
750 441 850 476 μᾶλλον

75 487 253 523 προστέταχεν,
280 486 321 518 ὼς
343 486 393 514 ἕνα
411 495 462 513 που
478 487 597 520 πάντως,
613 487 662 513 καὶ
680 486 730 522 οὐχ
757 486 850 523 ἕτερον

75 534 116 560 σὺν
127 533 223 568 ὲτέρῳ’
240 531 285 564 τίς
302 533 365 565 δὲ,ὁ
380 533 456 568 παρὰ
470 532 524 559 τῶν
539 532 662 567 ἀγγέλων
678 534 850 569 προσκυνού-

74 588 160 615 μενοςς
181 579 278 606 Καίτοι
293 579 343 606 τὸν
358 581 529 616 πρωτότοκον
544 581 561 615 ὴ
579 580 638 607 θεία
655 581 730 615 λέγει
742 581 850 617 Γραφὴ,

74 627 228 662 πρωτότοκον
242 625 271 652 δὲ
293 625 454 661 ὠνομάσθαι
468 625 566 661 φαμὲν,
582 625 628 653 τὸν
654 627 686 652 ὲκ
708 626 776 653 Θεοῦ
794 627 851 653 [Ια-

73 672 127 708 τρὸς
139 671 231 705 Λόγον,
251 671 348 698 καίτοι
363 671 431 698 Θεὸν
448 671 514 698 ὅντα
533 671 605 698 κατὰ
626 672 707 707 φύσιν
723 672 769 699 καὶ
785 672 852 700 Υὶὸν

72 716 199 754 μονογενῆ,
214 716 262 743 καὶ
288 716 459 744 ἀσύντακτον
479 718 511 752 τῇ
539 717 637 749 κτίσει,
661 718 731 745 κατά
749 726 781 752 γε
803 718 850 744 τὸν

72 763 114 798 τῆς
125 762 245 797 θεότητος
271 761 368 797 λόγον,
392 763 434 789 ὃτι
447 762 560 797 γέγονεν
573 762 727 798 ἄνθρωπος,
749 763 797 790 καὶ
821 764 850 790 ὲν

73 809 166 841 πολλοῖς
181 808 312 843 ἀδελφοῖς
323 808 506 844 πρωτότοκος.
515 805 563 839 Εἷς
581 805 627 834 οὖν
645 807 701 843 ἄρα
715 808 783 843 πρὸς
796 807 850 834 τῶν

73 856 120 882 ἄνω
129 853 289 889 πνευμάτων
306 853 320 879 ὁ
335 852 582 888 προσκυνούμενος,
595 853 609 878 ό
621 853 653 878 ὲκ
665 852 732 879 Θεοῦ
744 852 851 888 Πατρδς

900 265 974 287 certe
992 260 1087 288 beatus
1115 260 1196 287 David
1221 269 1227 287 :
1254 269 1263 285 ι
1278 259 1398 287 Adhaesit
1422 259 1510 287 anima
1538 267 1598 287 mea
1623 265 1684 295 post

901 310 927 334 te
938 306 980 340 ⁸⁸ς
999 316 1008 333 ι
1028 314 1094 342 ergo
1117 314 1166 334 nos
1181 314 1287 342 quoque
1311 314 1343 334 ex
1361 306 1494 334 sententia
1518 305 1598 334 simul
1620 313 1682 334 cum

899 352 947 380 illo
964 360 998 380 ex
1023 358 1119 380 natura
1144 352 1199 380 Deo
1223 353 1261 380 dii
1286 352 1388 380 erimus
1410 357 1492 387 atque
1512 352 1682 383 vocabimur,

900 398 1031 433 nobisque
1046 397 1170 426 ﬂectetur
1185 405 1265 426 omne
1277 406 1358 433 genu.
1374 398 1445 431 Quid
1461 398 1621 433 praeceperit
1635 405 1683 425 su-

899 444 973 479 peris
996 444 1137 478 spiritibus
1162 444 1232 472 Deus
1256 451 1289 472 ac
1312 444 1411 477 Pater,
1435 444 1532 471 doceat
1556 443 1684 479 prodiens

900 490 998 518 beatus
1012 490 1124 518 Paulus.
1146 499 1155 516 ‹
1170 490 1250 523 Cum,
1267 490 1367 525 inquit,
1384 490 1530 517 introducit
1545 489 1684 524 Primoge-

900 534 985 562 nitum
1003 535 1028 562 in
1046 536 1139 563 orbem
1152 539 1231 563 terra:
1241 535 1306 563 dicit
1320 544 1328 563 :
1347 535 1379 562 Et
1391 535 1504 563 adorent
1516 542 1577 562 eum
1589 542 1684 562 omnes

901 581 987 617 angeli
1006 581 1053 609 Dei
1066 582 1099 609 “.
1115 591 1125 608 ι
1142 582 1227 617 Igitur
1248 583 1310 616 quia
1327 582 1355 609 in
1375 582 1417 610 his
1429 583 1519 610 verbis
1535 581 1600 609 illud
1618 589 1685 609 sane

901 627 1008 661 sapiens
1021 632 1096 654 tuum
1111 633 1294 655 cotnmentum
1310 636 1363 655 non
1380 632 1422 655 est
1436 627 1621 663 subiunctum,
1637 627 1684 655 sed

901 673 1015 701 adorare
1028 674 1110 709 ittssit
1126 679 1155 701 ut
1177 682 1258 701 unum
1274 674 1366 709 procul
1384 674 1478 707 dubio,
1500 679 1528 702 et
1543 682 1596 702 non
1615 674 1684 701 alte-

900 727 960 746 rum
982 727 1042 746 cum
1065 719 1163 753 altero,
1196 721 1341 755 quaerimus
1367 720 1557 755 quisnamlsit
1578 719 1623 747 ille
1637 720 1682 754 qui

901 764 935 791 ab
950 764 1054 799 angelis
1067 765 1122 800 60
1135 765 1263 792 aduratur
1278 775 1285 792 :
1299 767 1373 801 atqui
1391 766 1600 801 primogenitum
1622 773 1684 793 euttt

900 809 999 837 divina:
1012 809 1121 838 Litterae
1137 811 1231 838 dicunt
1246 819 1253 837 :
1267 811 1474 846 primogenitum
1490 816 1579 838 autem
1592 811 1685 846 appel-

901 855 985 882 latum
1011 857 1125 884 dicimus
1143 856 1209 884 illud
1235 855 1273 884 ex'
1293 858 1347 884 Deo
1370 857 1450 885 Patre
1464 857 1595 888 Verbum,
1621 857 1685 884 licet

73 900 145 934 Λόγος
162 898 228 934 μετὰ
240 899 297 934 τῆς
315 898 382 935 ιδίας
399 897 499 933 σαρκός
509 905 516 913 ·
537 897 597 923 τότε
612 896 666 932 γὰρ
681 896 787 928 τέτοκε,
803 897 850 924 καὶ

921 904 976 928 Deus
990 906 1064 929 esset
1079 909 1111 929 ex
1126 907 1232 936 natura,
1248 910 1279 930 ac
1294 903 1378 930 Filius
1394 903 1559 938 unigenitus,
1575 907 1601 930 et
1613 903 1684 937 quod

72 947 104 978 ὡς
118 945 258 981 πρωτεύων
271 945 307 972 ὲν
323 945 401 981 πᾶσι,
415 944 514 979 νοεῖται
532 943 712 979 πρωτότοκος.
735 943 804 969 Ἀλλ’
821 943 849 969 αἱ

75 991 116 1025 μὲν
126 990 299 1017 θεόπνευστοι
317 990 434 1025 Γραφαὶ,
444 989 560 1023 Χριστὸν
569 989 616 1015 ἕνα
629 988 849 1024 διακηρύττουσι,

74 1037 114 1063 καὶ
125 1036 193 1068 Υἰδν,
202 1037 251 1062 καὶ
264 1035 388 1071 Κύριον·
403 1035 450 1062 δύο
466 1043 497 1067 γε
514 1034 566 1070 μὴν
581 1035 595 1061 ὁ
610 1035 737 1070 περιττὸς
749 1035 849 1067 οὑτοσὶ,

74 1082 115 1108 καὶ
137 1081 378 1117 προσκυνούμενον
406 1081 547 1116 ἄνθρωπον
572 1081 605 1115 τῇ
647 1081 712 1116 ἁγίᾳ
736 1090 766 1108 τε
804 1082 852 1108 καὶ

75 1128 193 1163 agnoscit?
214 1127 326 1163 Τριάδι;
341 1125 508 1162 προστιθεὶς,
523 1125 573 1152 οὐκ
591 1125 764 1161 αἰσχύνεται·
783 1127 851 1162 φησὶ

75 1170 121 1206 γὰρ
133 1171 222 1198 πάλιν·

903 945 937 973 ad
961 945 1070 974 deitatis
1094 946 1225 975 rationem
1249 949 1376 983 pertinet,
1406 955 1466 975 cum
1491 953 1614 975 creatura
1639 947 1686 974 mi-

903 991 976 1019 nime
993 993 1156 1025 censendus,
1171 994 1234 1029 quia
1250 993 1338 1021 factus
1356 999 1398 1021 est
1417 994 1509 1026 homo,
1526 998 1554 1020 et
1568 993 1594 1020 in
1616 993 1685 1020 mul-

903 1037 938 1064 tis
953 1037 1084 1066 fratribus
1103 1039 1300 1075 primogenitus
1311 1040 1343 1068 ".
1363 1039 1436 1067 Unus
1455 1045 1495 1067 est
1514 1039 1597 1074 igitur
1609 1039 1654 1074 qui
1669 1046 1684 1065 a

901 1083 1006 1116 superis
1031 1083 1171 1118 spiritibus
1199 1085 1346 1119 adoratur,
1370 1085 1436 1113 illud
1469 1093 1501 1113 ex
1528 1085 1583 1112 Deo
1606 1085 1686 1112 Patre

902 1125 1021 1155 Verbum
1040 1136 1101 1156 cum
1117 1137 1165 1157 sua
1179 1137 1280 1164 carne;
1299 1138 1360 1157 nam
1377 1131 1463 1166 ipsum
1485 1130 1562 1165 quod,
1574 1130 1684 1164 dicitur,

902 1173 1006 1207 genuit,
1024 1179 1062 1207 et,
1080 1175 1108 1202 in
1131 1176 1256 1204 omnibus
1272 1176 1417 1211 primatum
1443 1181 1538 1203 tenens
1549 1176 1583 1208 ",
1600 1175 1626 1202 id
1642 1175 1685 1201 in-

74 1205 190 1252 telligitur
200 1205 376 1252 priniogeniti
389 1216 507 1244 nomine.
525 1215 579 1243 Sed
594 1216 722 1244 divinitus
734 1217 841 1252 quidem
854 1205 1122 1254 inspirata-Litterae
1150 1229 1233 1249 unum
1253 1205 1390 1250 Christum
1412 1205 1582 1257 praedicant,
1601 1228 1628 1250 et
1640 1223 1686 1251 Fi-

78 1262 142 1296 lium,
157 1269 183 1291 et
202 1264 368 1296 Dominum;
392 1265 460 1292 duos
476 1271 542 1291 vero
563 1264 607 1291 hic
623 1269 748 1299 nugator,
770 1271 798 1293 et
814 1267 980 1295 adorandum
1004 1268 1141 1297 hominem
1161 1274 1262 1298 sanctte
1276 1275 1303 1298 et
1318 1271 1541 1298 consubstantiali
1562 1270 1686 1298 Trinitati

76 1313 178 1348 adiicere
191 1319 243 1339 non
259 1313 411 1344 erubeseit,
427 1312 464 1339 ait
479 1312 550 1339 enim
567 1319 673 1340 rursum
691 1321 698 1339 :

105 1358 186 1396 Ῑ¹Δλλ’
201 1356 278 1390 οὗτος
295 1359 311 1385 ὁ
326 1359 398 1386 κατὰ
411 1359 500 1395 σάρκα
515 1358 562 1385 τοῦ
581 1359 688 1394 Ἰσραὴλ
704 1360 849 1396 συγγενὴς,

76 1404 164 1432 ὸκατὰ
173 1403 203 1430 τὺ
214 1403 381 1438 φαινόμενον
395 1403 548 1438 ἄνθρωπος,
566 1403 580 1429 ὁ
594 1404 665 1430 κατὰ
681 1403 730 1440 τὴν
744 1405 851 1431 Παύλου

77 1450 155 1485 ᾳιινὴν
166 1450 196 1475 ὲκ
208 1449 372 1484 σπέρματος
386 1449 583 1484 γεγεννημένος
593 1448 684 1481 Δαϐὶδ,
700 1450 853 1485 παντοκρά-

76 1496 162 1531 τωρτῇ
174 1494 306 1529 συναφείᾳ
319 1494 396 1525 Θεός.
414 1494 485 1521 Εἶτα
497 1494 613 1526 τούτοις
622 1493 725 1528 ἐπάγει
733 1502 740 1509 ·
755 1495 853 1521 "Axon-

78 1550 116 1568 σον
126 1541 263 1576 ἀμφότερα
273 1539 326 1567 τοῦ
335 1539 444 1566 Παύλου
458 1539 638 1575 κηρύττοντος
646 1548 653 1555 ·
667 1540 793 1575 ὁμολογεῖ
806 1541 852 1568 τὸν

77 1585 203 1621 ἄνθρωπον
213 1585 363 1620 πρότερον,
380 1583 429 1612 καὶ
444 1584 506 1611 τότε
521 1585 554 1620 τῇ
571 1584 618 1610 τοῦ
634 1584 702 1611 Θεοῦ
718 1586 851 1622 συναφείᾳ

78 1631 183 1665 θεολογεῖ
192 1630 222 1657 τὸ
240 1630 425 1665 φαινόμενον·
442 1630 485 1657 ἶνα
505 1630 599 1666 μηδεὶς
622 1630 852 1668 ἀνθρωπολάτρην

78 1677 115 1703 τὸν
135 1677 296 1713 Χριστιανὸν
317 1676 470 1712 ὑποπτεύῃ.
501 1676 667 1711 Ἀσύγχυτον
690 1677 779 1704 τοίνυν
802 1677 852 1713 τὴν

79 1724 125 1750 τῶν
139 1723 240 1757 φύσεων
267 1722 400 1758 τηρῶμεν
425 1722 589 1756 συνάφειαν·
615 1723 787 1758 ὁμολογῶμεν
807 1724 852 1750 τὸν

79 1768 118 1794 ἕνα
131 1767 209 1794 Θεόν’·
224 1767 352 1802 σέϐωμεν
364 1766 411 1793 τὸν
426 1768 459 1802 τῇ
477 1766 537 1802 θείᾳ
550 1767 681 1802 συναφείᾳ
698 1767 737 1803 τῷ
753 1776 852 1795 παντο-

79 1813 176 1849 ιιράτορι
188 1813 246 1848 Θεῷ
259 1811 559 1848 συμπροσκυνούμενον
572 1812 739 1848 ἄνθρωπον.]

365 1936 490 1963 ΚΕΦᾹΛ.
506 1936 554 1962 ll".

108 2005 135 2031 Et
149 2005 194 2039 μὲν
208 2002 255 2031 οὖν
269 2003 417 2039 ἄνθρωπον
428 2001 568 2037 ὀνομάζων
578 1999 656 2028 οἶσθα
674 2001 742 2036 μετὰ
756 1996 851 2027 τούτου

79 2050 119 2076 καὶ
132 2049 192 2076 Θεὸν
204 2050 268 2076 ὅπα
275 2049 349 2075 κατὰ
364 2048 445 2084 φύσιν
459 2047 550 2080 αὑτὸν,
566 2045 595 2074 εὖ
611 2046 644 2073 ἂν
663 2047 729 2082 ἔχοι,
743 2048 790 2073 καὶ
803 2055 852 2072 πε-

80 2096 214 2131 παύσομαι.
231 2096 263 2122 Εἰ
273 2096 303 2122 δὲ
314 2093 435 2130 μερίζων
450 2094 499 2125 τὰς
512 2093 617 2129 φύσεις,
626 2093 687 2128 οὐχὶ
702 2092 740 2128 τῷ
753 2092 852 2118 ειδέναι

80 2143 160 2176 μόνον,
170 2143 211 2173 τίς
230 2142 280 2177 μὲν
297 2142 314 2176 ἡ
331 2141 502 2177 ἀνθρωπεία,
521 2140 563 2171 τίς
576 2139 604 2166 δὲ
617 2139 650 2174 δὴ
662 2137 742 2165 πάλιν
753 2138 770 2173 ὴ
783 2136 851 2164 Θεία.

80 2188 174 2219 mm;
184 2188 211 2214 δὲ
227 2186 330 2222 μᾶλλον
351 2187 401 2220 τῆς
415 2185 483 2221 πρὸς
499 2185 612 2220 ἑνότητα
632 2183 794 2218 συνδρομῆς.
807 2183 853 2208 ἀν-

938 1361 1071 1398 [Νεετοι.
1098 1363 1152 1392 Sed
1182 1364 1227 1392 hic
1248 1365 1396 1393 secundum
1427 1371 1536 1392 carnem
1555 1369 1686 1400 cognatus

903 1409 997 1442 Israel,
1014 1411 1057 1438 hic
1081 1412 1232 1439 secundum
1252 1416 1376 1439 naturam
1397 1411 1571 1446 spectabilem
1594 1412 1685 1444 homo.

904 1456 949 1484 hic
966 1456 1043 1491 juxta
1060 1457 1137 1484 Pauli
1160 1464 1255 1485 vocem
1282 1461 1362 1485 natus
1383 1464 1416 1484 ex
1439 1457 1542 1485 semine
1556 1457 1639 1484 David
1651 1457 1685 1489 ".

904 1501 963 1535 ipsa
976 1501 1168 1535 conjunctione
1187 1502 1258 1530 Deus
1272 1508 1314 1530 est
1329 1503 1509 1537 omnipotens.
1524 1502 1625 1530 Deinde
1643 1503 1685 1529 Iu'r

905 1546 1026 1581 adjungit
1049 1553 1059 1572 :
1073 1547 1143 1574 Audi
1166 1547 1279 1575 Paulutn
1303 1553 1447 1583 utrumque
1474 1549 1683 1583 praedicantem:

904 1591 1049 1629 conﬁtetur
1063 1593 1138 1628 prius
1155 1593 1303 1628 hominem,
1318 1598 1345 1621 et
1361 1594 1397 1621 ita
1414 1598 1524 1629 propter
1537 1594 1621 1630 ipsam
1638 1594 1686 1623 Dei

902 1638 1139 1673 coniunctionem,
1163 1645 1287 1667 naturain
1308 1641 1482 1675 spectabilem
1506 1640 1552 1668 Dei
1578 1641 1687 1668 nomine

903 1687 1055 1715 consecrat,
1080 1689 1114 1710 ne
1132 1683 1194 1717 quis
1208 1682 1391 1711 Christianum
1413 1691 1474 1711 esse
1493 1684 1685 1713 hominicolam

902 1728 1065 1761 suspicetur.
1092 1727 1255 1756 Naturarum
1276 1729 1366 1764 itaque
1389 1730 1605 1764 coniunctionem
1628 1731 1688 1758 sine

904 1774 958 1801 ulla
970 1774 1127 1802 confusione
1136 1782 1296 1808 servemus;
1309 1775 1488 1802 coutlteamur
1497 1783 1579 1802 unum
1590 1776 1686 1808 Deum.

903 1826 1064 1846 veneretnur
1092 1819 1226 1847 hominem
1253 1819 1299 1854 qui
1324 1827 1357 1847 ex
1384 1820 1472 1847 divina
1499 1820 1688 1855 coniunctione

903 1871 963 1891 cum
979 1865 1166 1900 omnipotente
1177 1865 1232 1893 Deo
1247 1866 1327 1893 simul
1342 1865 1492 1902 adoratum]

1210 1932 1286 1960 CAP.
1306 1932 1375 1961 Xlll.

938 1998 968 2026 Si
990 1999 1098 2034 quidem
1123 1999 1205 2034 igitur
1226 2001 1363 2029 hominem
1386 2002 1535 2037 appellans,
1552 2010 1614 2030 cum
1637 2004 1688 2031 hoc

903 2043 984 2071 etiam
1007 2044 1091 2071 Deum
1104 2043 1191 2079 ipsum
1209 2052 1268 2072 esse
1280 2047 1427 2074 secundum
1447 2052 1570 2075 naturam
1585 2048 1686 2076 intelli-

903 2089 956 2123 gis,
972 2089 1043 2117 bene
1063 2091 1154 2123 habet,
1175 2095 1202 2118 et
1213 2091 1269 2126 iatn
1287 2092 1366 2119 tinent
1386 2092 1505 2121 faciam:
1519 2095 1560 2121 sin
1585 2095 1685 2123 dividis

904 2140 1038 2169 naturas,
1064 2144 1117 2164 non
1143 2141 1172 2163 ut
1196 2137 1268 2164 scias
1297 2139 1376 2165 modo
1399 2147 1523 2174 quamam
1547 2139 1687 2174 humana,

903 2189 997 2216 quave
1019 2190 1113 2210 rursus
1137 2183 1247 2217 divina,
1272 2184 1318 2212 sed
1344 2189 1374 2211 ut
1391 2185 1502 2212 diducas
1531 2185 1565 2212 ab
1586 2185 1632 2212 illo
1659 2186 1688 2213 in

81 2233 266 2268 θρωπολατρεῖς
292 2231 535 2268 ὁμολογουμένως·
559 2229 605 2256 καί
623 2238 663 2256 σοι
682 2229 751 2264 πρὸς
775 2228 850 2264 ἡμῶν

925 2227 1035 2255 nitatem
1066 2235 1216 2261 concursu,
1246 2233 1349 2256 certum
1376 2234 1418 2257 est
1442 2234 1469 2257 te
1495 2230 1686 2258 hominicolam

81 2279 203 2314 εἰρήσεται
213 2287 220 2294 ο
234 2289 243 2304 ε
254 2279 326 2310 Τοὺς
339 2277 461 2313 καρποὺς
476 2276 530 2303 τῶν
541 2276 629 2303 πόνων
642 2284 688 2302 σου
706 2276 849 2310 φάγεσαι.»

81 2325 188 2359 Σκληρος
204 2325 292 2351 δὲκαὶ
315 2323 496 2358 ἀνουθέτητος
522 2321 570 2354 ὢν,
588 2323 667 2357 μόνος
688 2321 724 2347 [OL
749 2321 798 2356 τὴν
812 2321 852 2347 δι-

81 2368 269 2403 εστραμμένην.
292 2369 391 2403 Ἡμεῖς
407 2367 436 2393 δὲ
457 2367 505 2401 τὴν
526 2366 624 2402 εὺσεὸἦ
639 2366 686 2393 καὶ
704 2365 853 2401 ἀμώμητον

82 2414 129 2440 τῶν
145 2414 224 2447 ἁγίων
243 2413 378 2448 Πατέρων
405 2412 606 2447 ἱχνηλατοῦντες
626 2411 729 2447 τρίϐον,
747 2412 803 2442 τοῖς
822 2419 852 2439 τε

82 2458 254 2489 ἁποστολικοίς
285 2458 334 2484 καὶ
360 2457 547 2491 εὐαγγελικοῖς
579 2456 793 2492 συγγράμμασιν
822 2455 852 2482 εὖ

83 2503 146 2536 μάλα
156 2502 418 2537 παιδαγωγούμενοι,
431 2502 496 2537 ὁμοῦ
507 2502 547 2538 τῷ
561 2502 619 2537 Θεῷ
631 2503 678 2528 καὶ
692 2502 790 2536 Πατρὶ,
805 2503 853 2529 καὶ

111 2581 132 2596 ⁸⁸
148 2581 166 2608 ll
183 2581 253 2609 Petr.
269 2590 289 2613 ι,
305 2582 334 2609 4.
370 2581 394 2598 ⁸⁸
407 2581 549 2615 Psalmxtt,
567 2583 593 2610 9.

639 2583 670 2604 «⁸⁵
685 2583 767 2610 Hebr.
787 2591 807 2615 ι,
823 2583 849 2610 6.

83 2615 102 2629 "
113 2615 176 2643 Psal.
190 2625 292 2650 cum,
310 2618 337 2644 2.

902 2583 924 2598 ⁸⁸
936 2583 1014 2610 Rom.
1039 2591 1098 2615 vttt,
1114 2582 1159 2610 29.

906 2280 976 2306 esse,
996 2277 1024 2300 et
1046 2273 1094 2301 tibi
1114 2281 1129 2300 a
1154 2274 1231 2301 nobis
1255 2274 1382 2301 dicetur:
1401 2283 1412 2300 ι
1425 2273 1550 2302 Fructus.
1563 2275 1686 2302 laborum

908 2323 1013 2345 tuorum
1035 2319 1099 2347 edes
1114 2319 1170 2354 (l7)
1179 2319 1222 2347 ":
1243 2328 1252 2345 ι
1268 2327 1329 2347 eum
1347 2327 1412 2347 vero
1429 2320 1466 2348 sis
1485 2321 1569 2348 durus
1584 2325 1611 2348 et
1631 2329 1689 2348 mo-

907 2364 963 2391 nita
991 2371 1114 2399 respuas,
1136 2365 1211 2392 solus
1226 2372 1276 2399 per
1289 2365 1359 2392 viam
1383 2373 1537 2400 perversam
1554 2366 1609 2393 abi.
1633 2366 1688 2394 Nos

906 2417 970 2438 vero
985 2411 1057 2446 piam
1080 2415 1108 2439 et
1123 2416 1223 2438 rectam
1244 2416 1399 2438 sanctorum
1414 2411 1523 2438 Patrum
1542 2412 1612 2439 viam
1627 2420 1690 2446 per-

907 2456 1088 2491 vestigantes,
1116 2462 1144 2484 et
1166 2457 1323 2491 apostolicis
1344 2456 1560 2492 evangelicisque
1581 2459 1690 2492 scriptis

906 2502 1008 2537 optime
1025 2501 1162 2535 instructi,
1182 2501 1262 2529 simul
1279 2509 1340 2529 cum
1363 2501 1418 2528 Deo
1434 2506 1461 2529 et
1476 2501 1556 2529 Patre
1579 2507 1605 2529 et
1627 2510 1690 2530 san-

1218 2582 1239 2598 "
1263 2581 1368 2610 Coloss.
1392 2590 1411 2615 t,
1426 2582 1469 2609 l8.
1504 2582 1527 2598 ⁸⁸
1540 2582 1616 2609 Rom.
1631 2590 1649 2615 ι,
1661 2582 1689 2610 '5.

703 2684 783 2711 ANT.
803 2679 938 2713 AGELLll
958 2685 1073 2713 nom-3.

115 2764 161 2798 H7)
174 2764 217 2790 Sic
239 2765 320 2791 habet
344 2765 454 2792 Grmcns
481 2764 570 2799 Cyrilli
594 2765 688 2791 codex.
716 2762 851 2790 Caeterum

85 2797 144 2825 LXX
159 2804 291 2826 verterunt
306 2801 369 2831 τοὺς
393 2799 489 2830 πόνους
502 2797 558 2825 τῶν
575 2798 687 2834 καρπῶν
703 2807 749 2824 σου
766 2799 851 2832 φάγε-

87 2841 133 2865 σαι,
145 2834 239 2860 labores
255 2842 381 2860 manuum
398 2842 445 2860 seu
461 2835 605 2868 palmarum
617 2839 721 2859 tuarum
735 2835 851 2868 mandu-

87 2870 159 2901 cabt‘t;
176 2873 201 2896 et
215 2869 329 2904 καρπῶν
354 2876 386 2897 eo
405 2869 463 2896 loco
483 2876 535 2896 non
551 2869 665 2902 fructus,
684 2869 730 2895 sed
750 2867 851 2902 palmas

908 2764 1107 2796 intellexerunt,
1122 2766 1244 2791 utetiam
1258 2765 1284 2791 itt
1298 2765 1450 2794 Proverbiis
1462 2774 1520 2800 cap.
1533 2774 1606 2796 xxxi.
1621 2775 1690 2800 καρ-

906 2800 956 2826 πὸν
971 2800 998 2826 δὲ
1021 2800 1135 2831 ἐξέτεινε
1156 2801 1265 2834 πτωχῷ,
1285 2806 1308 2826 el
1325 2802 1426 2835 palmus
1447 2811 1506 2828 suas
1521 2803 1636 2829 attendit
1657 2803 1691 2828 ad

905 2843 1043 2870 pauperem
1050 2855 1055 2860 ν
