1883 3054
171 131 217 159 lii
645 132 674 159 S.
687 131 824 159 CYRILIJ
841 131 1075 159 ALEXANDBIM
1090 131 1250 159 ARCIIIEP.

1757 126 1819 153 ΗΞ

169 196 212 218 ιιιο
237 190 350 225 Spiritu.
376 190 454 217 unica
482 190 640 218 adoratione
663 190 855 217 venerabimur
873 199 955 217 unum

1043 202 1046 215 ι
1061 191 1131 225 ἁγίῳ
1146 190 1294 225 Πνεῦματι,
1316 190 1363 224 μιᾷ
1379 188 1563 223 προσκυνήσει
1580 187 1743 222 τιμήσομεν
1765 185 1818 210 τὸν

171 237 314 264 Dominum
331 236 422 264 Jesnm
438 236 587 268 Christum,
610 243 658 270 per
670 244 751 270 quem
773 242 802 263 et
823 244 884 263 cum
902 244 955 270 quo

172 282 225 309 Deo
245 287 271 309 et
293 282 366 309 Patri
385 282 470 316 gloria
490 290 549 309 cum
567 287 662 310 sancto
685 282 789 316 Spiritu
813 282 841 309 in
856 282 954 309 saecula

170 325 337 352 saeculorum.
354 325 451 351 Amet).

264 381 316 429 61
340 389 461 435 TOM
472 391 541 434 US
576 391 852 437 TERTIUS.

206 489 329 523 Magnum
352 493 393 515 est
418 488 511 522 procul
532 488 615 515 dubio
636 488 701 516 illud
724 489 832 523 pietatis
855 495 956 525 myste-

172 536 252 566 rium,
266 540 292 562 et
307 534 374 568 ipsis
388 534 470 562 etiam
482 535 586 562 sanctis
600 535 703 570 angelis
718 535 908 562 admirandum
920 536 955 568 ⁷⁸,

172 583 196 607 in
213 588 300 615 eoque
316 581 459 607 confirmat
471 588 520 608 nos
536 581 674 616 apostolus
686 581 784 608 Paulus
801 589 861 608 cum
875 582 955 609 dicit:

173 637 181 652 I
199 626 234 654 Ut
250 631 341 653 notum
366 626 412 652 fiat
433 634 504 654 nunc
521 627 719 662 principatibus
732 632 759 654 et
781 628 957 661 potestatibus

171 673 196 698 in
220 671 377 699 ccclestibus
394 679 441 706 per
458 671 607 700 Ecclesiam
632 673 808 700 multiformis
824 674 957 708 sapientia

171 718 230 749 Dei,
250 719 397 745 secundum
410 718 616 753 prmiinilionem
635 719 805 752 stcculorum,
825 728 905 754 quam
919 721 958 747 fe-

171 765 208 790 cit
224 765 249 790 in
266 763 380 790 Domino
395 769 487 791 nestro
501 763 563 791 .lesu
579 764 698 797 Christo,
720 766 745 792 in
761 773 815 800 quo
828 767 958 793 habemus

173 809 297 837 fiduciam
313 814 340 836 et
353 817 493 836 accessum
513 810 538 836 in
555 810 716 846 confidentia
732 818 779 844 per
798 811 876 838 fidem
886 812 930 839 "'.
945 821 954 837 ι

172 856 311 890 Sapientia
330 860 372 882 est
396 863 512 888 namque
534 863 638 888 revera,
657 861 684 883 et
701 857 812 884 minime
830 858 957 889 humana,

172 902 218 928 sed
243 909 308 929 sane
330 901 436 933 divina,
464 907 491 928 et
517 903 606 929 abdita
633 903 660 929 in
687 905 802 937 quadam
829 903 956 930 iiicﬂ‘abili

173 947 356 981 profonditate
369 951 397 974 et
410 947 703 981 incompreliensibilita
710 953 735 975 te
746 948 845 976 Christi
859 955 958 984 myste-

175 993 243 1019 rium
259 1000 265 1019 :
282 993 381 1030 itaque
396 993 488 1027 psallil
511 993 604 1020 beatus
620 994 703 1021 David
719 1003 726 1020 :
744 1004 752 1020 ι
770 994 801 1021 Et
815 996 905 1029 posuit
921 1001 959 1022 te-

173 1039 270 1065 nebras
283 1038 424 1065 latibulum
448 1046 537 1071 suttm,
553 1039 579 1065 in
597 1040 713 1066 circuitu
728 1039 785 1074 ejus
799 1042 960 1067 tabernacu-

175 1085 227 1110 lntn
243 1085 312 1117 ejus,
333 1085 475 1111 tenebrosa
497 1092 566 1119 aqua
584 1085 609 1111 in
627 1085 743 1112 nubibus
763 1086 880 1112 acris“.
899 1096 908 1112 ι
930 1086 958 1113 lu

173 1137 228 1164 quo
242 1130 366 1156 tenebras
390 1130 455 1156 nihil
469 1130 554 1162 aliud,
577 1135 604 1157 ut
621 1131 726 1165 opinor,
745 1132 881 1167 intelligit,
898 1126 957 1159 nisi

174 1175 316 1200 obscuram
331 1175 516 1208 intelligentia:
530 1177 728 1210 perceptionem
741 1177 766 1203 in
780 1177 865 1204 oculis
876 1177 958 1203 animi

175 1221 298 1253 caliginis
325 1221 410 1246 instar
433 1221 629 1248 incurrentem.
653 1221 707 1248 ilac
729 1222 761 1249 de
785 1230 865 1249 causa
890 1222 959 1249 dici-

176 1273 245 1296 mus,
276 1265 422 1292 subtilibus
447 1266 665 1300 quiestionihus,
693 1271 720 1294 et
742 1268 900 1295 curiositate
927 1267 959 1294 ad

175 1319 254 1344 quant
280 1311 433 1344 pertingere
463 1319 516 1338 non
543 1312 628 1346 possit
659 1312 856 1347 intelligentia,
888 1313 960 1340 nullo

177 1357 256 1382 modo
273 1356 419 1391 indiguisse
433 1356 533 1383 Christi
549 1358 719 1392 mysterium.
740 1359 786 1385 sed
802 1359 854 1385 fide
872 1359 961 1393 potius

175 1410 233 1436 qua:
255 1402 414 1436 simpliciter
427 1409 460 1429 ac
472 1403 530 1429 sine
545 1402 598 1429 ulla
616 1403 722 1430 vafritie
736 1405 897 1431 traderetur.
915 1404 961 1431 Sic

175 1455 200 1475 et
223 1456 272 1475 nos
287 1448 337 1482 ipsi
355 1449 457 1475 sentire
477 1448 630 1481 didicimus,
650 1453 677 1476 et
689 1449 854 1477 credidimus
871 1457 884 1476 a
907 1450 962 1477 Deo

175 1501 207 1520 ac
228 1493 306 1520 Patre
322 1494 458 1527 proprium
477 1492 588 1524 Filium,
614 1493 697 1520 Deum
713 1494 837 1521 eumdem
863 1501 961 1521 secun-

1009 238 1056 264 ἕνα
1072 237 1173 272 Κύριον
1197 235 1300 270 Ἰησοῦν
1326 235 1460 270 Χριστόν·
1478 234 1511 260 δι’
1531 231 1561 261 οὗ
1577 233 1627 260 καὶ
1647 231 1710 268 μεθ’
1723 227 1759 257 οὗ
1771 230 1818 264 τῷ

1008 283 1068 318 Θεῷ
1079 283 1126 309 καὶ
1139 282 1226 317 Πατρὶ
1239 281 1301 313 δόξα
1315 281 1364 307 σὺν
1377 280 1416 315 τῷ
1433 281 1503 315 ἁγίῳ
1518 279 1669 314 Πνεὺματι,
1683 278 1726 308 είς
1745 277 1818 306 τοὺς

1007 329 1109 360 αἰῶνας
1122 328 1175 355 τῶν
1191 326 1307 354 αἰώνων.
1325 326 1422 361 Ἀμην.

1187 399 1377 442 ΤΟΜΟΣ
1414 397 1621 440 ΤΡΙΤΟΣ.

1043 489 1123 522 Μέγα
1152 489 1202 524 μὲν
1227 488 1451 523 ὁμολογουμένως
1472 487 1531 512 ἐστὶ
1546 486 1577 513 τὸ
1594 486 1644 522 τῆς
1662 483 1820 513 εὐσεϐείας

1009 535 1168 570 μυστήριον,
1192 534 1376 569 τεθαύμασται
1403 533 1430 560 δὲ
1457 533 1506 560 καὶ
1535 532 1599 567 παρ’
1624 532 1720 562 αὐτοῖς
1750 531 1818 560 τοῖς

1009 580 1096 613 ἁγίοις
1118 579 1256 614 ἀγγέλοις,
1271 580 1319 606 καὶ
1345 579 1413 614 πρός
1436 587 1469 612 γε
1487 577 1566 604 τοῦτο
1588 578 1662 612 ἡμᾶς
1687 575 1819 611 ὲμπεδοῐ

1008 625 1095 658 λέγων
1109 625 1123 651 ὁ
1139 625 1294 659 coetum-ro;
1307 624 1412 655 Παῦλος
1421 633 1427 637 ·
1443 624 1518 650 (Ἰνα
1531 623 1671 660 γνωρισθῇ
1683 621 1732 648 νῦν
1747 622 1818 651 ταῖς

1009 672 1106 706 ἀρχαῖς
1121 671 1166 697 καὶ
1179 671 1239 702 ταῖς
1253 670 1389 702 ἐξουσίαις
1399 671 1428 696 ὲν
1439 671 1495 701 τοῖς
1508 669 1680 704 ἐπουρανίοις
1696 668 1742 694 διὰ
1758 667 1815 700 τῆς

1013 716 1186 751 Ἐκκλησίας,
1207 717 1223 751 ὴ
1240 715 1430 747 πολυποίκιλος
1456 715 1535 750 σοφία
1558 714 1605 741 τοῦ
1629 714 1717 745 Θεοῦ,
1733 713 1818 740 κατὰ

1009 762 1136 797 πρόθεσιν
1148 762 1202 788 τῶν
1216 761 1332 793 αἰώνων,
1347 762 1379 797 ἣν
1392 761 1518 797 εποίησεν
1530 762 1558 787 ὲν
1567 761 1605 796 τῷ
1616 760 1714 796 Κυρίῳ
1725 759 1817 795 ἡμῶν

1015 806 1101 841 Ἰησοῦ
1115 807 1234 841 Χριστῷ,
1250 808 1278 833 ὲν
1323 806 1420 842 ἔχομεν
1430 807 1480 841 τὴν
1491 807 1648 842 παρρησίαν
1660 805 1709 832 καὶ
1721 814 1816 840 προσ-

978 863 997 889 B
1010 851 1121 887 ἀγωγὴν
1137 853 1165 878 ἐν
1180 851 1341 886 πεποιθήσει
1358 851 1402 878 διὰ
1419 851 1467 885 τῆς
1483 852 1609 883 πίστεως.
1627 861 1636 877 ›
1651 851 1740 885 Σοφία
1753 850 1817 885 γὰρ

1008 897 1116 933 ἀληθῶς
1138 899 1185 924 καὶ
1210 899 1260 924 οὐκ
1279 897 1437 933 ἀνθρωπίνη
1454 897 1536 924 ποθέν
1548 905 1554 912 ·
1579 897 1638 924 θεία
1654 898 1682 924 δὲ
1702 897 1817 933 μᾶλλον

1008 944 1056 970 καὶ
1071 945 1098 970 ἐν
1114 944 1280 979 ὰπορῤήτοις
1296 943 1350 969 τισὶ
1373 943 1467 978 βάθεσί
1489 952 1519 970 τε
1540 944 1586 970 καὶ
1599 943 1816 978 ἀκαταληψίας

1009 989 1132 1024 κειμένη,
1151 989 1182 1015 τὸ
1201 988 1318 1024 Χριστοῦ
1343 990 1507 1024 μυστήριον·
1525 988 1620 1023 ψάλλει
1639 989 1707 1023 γοῦν
1723 990 1737 1015 ὀ
1756 997 1816 1023 μα-

1014 1036 1108 1071 κάριος
1125 1035 1207 1061 Δαϐίδ
1217 1043 1224 1049 ·
1243 1045 1252 1060 ‹
1266 1035 1320 1061 Καὶ
1337 1034 1412 1061 ἔθετο
1429 1035 1522 1066 σκότος
1534 1034 1697 1070 ἀποκρυφὴν
1709 1033 1814 1063 αὑτοῦ,

1010 1081 1102 1116 κύκλῳ
1117 1081 1198 1107 αὑτοῦ
1221 1082 1237 1116 ἡ
1261 1080 1347 1116 σκηνὴ
1363 1079 1455 1112 αὑτοῦ,
1471 1080 1607 1107 σκοτεινὸν
1624 1080 1697 1116 ὕδωρ
1716 1081 1746 1106 ἐν
1766 1088 1816 1105 νε-

1011 1127 1106 1161 φέλαις
1127 1127 1226 1162 ἀέρων·
1245 1136 1253 1152 ι
1273 1128 1371 1154 σκότον
1391 1124 1468 1162 οἶμαι
1488 1126 1575 1161 λέγων
1598 1126 1675 1153 οὐδὲν
1697 1126 1813 1161 ἕτερον,

1011 1172 1080 1208 πλὴν
1097 1173 1139 1198 ὅτι
1157 1181 1207 1199 που
1226 1175 1334 1204 πάντως
1351 1172 1400 1207 τὴν
1418 1172 1472 1198 τῶν
1488 1171 1597 1198 ζεννοιῶν
1618 1172 1816 1198 δυσκάτοπτον

1010 1218 1130 1253 εὕρεσιν,
1146 1219 1201 1248 τοῖς
1229 1218 1276 1251 τῆς
1301 1217 1418 1249 διανοίας
1439 1217 1588 1252 ὀφθαλμοῖς
1613 1217 1713 1252 ἀχλύος
1729 1217 1813 1252 δίκην

1011 1264 1208 1298 ἐμπίπτουσαν.
1223 1263 1316 1299 Ταύτῃ
1331 1263 1373 1289 τοί
1393 1272 1481 1298 φαμεν
1505 1263 1670 1298 ζητημάτων
1694 1263 1812 1297 ἰσχνῶν,

1011 1310 1058 1335 καὶ
1072 1309 1232 1344 περιεργίας
1246 1310 1293 1344 τῆς
1313 1310 1441 1335 ἐπέκεινα
1459 1309 1516 1341 νοῦ,
1533 1309 1676 1345 δεδεῆσθαι
1694 1310 1747 1346 μὲν
1764 1311 1813 1336 οὐ·

1010 1356 1103 1390 δαμῶς
1123 1355 1154 1382 τὸ
1171 1356 1288 1390 Χριστοῦ
1311 1358 1474 1391 μυστήριον·
1505 1356 1623 1388 πίστεως
1648 1356 1677 1382 δὲ
1704 1356 1814 1388 μᾶλλον

1012 1401 1101 1436 ἁπλῆν
1115 1402 1162 1427 καὶ
1175 1401 1347 1437 ἀκακοῦργον
1363 1401 1477 1436 ἐχούσης
1490 1400 1539 1436 τὴν
1556 1401 1717 1437 παράδοσιν.
1729 1401 1815 1428 Οὕτω

1012 1447 1059 1473 καὶ
1075 1447 1157 1482 ἡμεῖς
1173 1447 1250 1472 αὐτοὶ
1265 1448 1372 1481 φρονεῖν
1387 1445 1575 1481 δεδιδάγμεθα,
1592 1446 1639 1472 καὶ
1657 1447 1814 1473 πεπιστεύ-

1012 1500 1101 1526 καμεν
1120 1493 1161 1518 ὅτι
1182 1491 1248 1518 Θεὸν
1261 1492 1324 1518 ὄντα
1339 1492 1409 1518 κατά
1423 1491 1503 1526 φύσιν
1517 1491 1563 1518 τὸν
1578 1492 1642 1518 ἴδιον
1657 1492 1735 1524 Υίδν,
1753 1493 1814 1519 ἀπ-

175 1539 238 1565 dnm
263 1544 400 1570 naturam,
417 1538 500 1565 fuisse
521 1539 634 1566 missum
656 1539 794 1566 hominem
809 1539 920 1572 factum,
935 1545 957 1567 et

1043 1539 1132 1565 ττειλεν
1155 1539 1169 1564 ὁ
1190 1538 1256 1570 Θεὸς
1273 1539 1320 1565 καὶ
1334 1539 1429 1574 Πατὴρ
1443 1538 1585 1573 ἄνθρωπον
1599 1538 1744 1573 γεγονότα,
1763 1539 1813 1565 καὶ

175 1593 208 1611 ex
226 1584 338 1611 muliere
360 1584 507 1611 secundum
528 1591 638 1611 carnem
653 1585 773 1620 genitum
787 1585 821 1617 ⁷⁸,
839 1591 867 1612 ιιι
889 1586 915 1612 in
931 1594 961 1613 se

175 1630 316 1658 credentes
331 1629 472 1663 justifieet,
488 1634 517 1657 et
537 1637 588 1657 suo
602 1630 719 1665 benigno
735 1630 962 1659 clementissimo-

176 1684 229 1711 que
247 1681 313 1703 nutu
330 1683 345 1703 ιι
364 1676 483 1710 peccatis
505 1676 531 1702 in
548 1676 701 1711 ignorantia
719 1676 846 1704 admissis
863 1676 961 1704 libera-

178 1729 228 1755 tos,
245 1729 327 1756 puros
341 1726 368 1748 et
387 1721 577 1749 inmaculatos
602 1729 650 1756 per
667 1729 697 1749 se
714 1721 771 1749 Deo
785 1727 813 1749 et
834 1721 906 1749 Patri
921 1722 962 1749 of-

178 1770 256 1799 ferat,
268 1773 294 1795 et
307 1774 354 1794 eos
366 1767 464 1794 divinas
476 1774 533 1794 suae
545 1771 649 1794 natum
663 1767 811 1802 participes
825 1766 961 1800 efﬁciat",

177 1813 223 1847 qui
237 1814 317 1840 morti
335 1818 418 1847 atque
439 1813 608 1847 corruptioni
622 1818 702 1840 erant
713 1813 824 1840 obnoxii
834 1813 878 1847 ’λς
895 1818 922 1841 et
935 1819 964 1840 ut

178 1859 338 1892 przedicaret
352 1858 432 1884 caecis
449 1857 536 1884 visum
549 1858 582 1890 ",
608 1862 634 1885 et
649 1858 799 1884 errantium
824 1858 963 1885 hominum

178 1911 272 1940 greges
287 1904 319 1930 ad
335 1903 421 1930 lucent
435 1910 505 1930 verae
518 1903 565 1930 Dei
579 1903 741 1937 cognitionis
756 1904 917 1936 traduceret.
932 1911 964 1931 ac

156 1963 158 1966 -
179 1951 288 1977 doceret
302 1949 363 1983 quis
378 1953 474 1975 natura
487 1955 605 1983 vereque
620 1949 690 1975 Deus
704 1953 785 1981 esset,
803 1953 828 1976 et
843 1949 963 1976 omnium

180 2003 269 2022 rerum
282 1994 371 2028 opifex
387 2002 393 2020 :
407 1994 551 2020 factus‘est
565 1993 638 2020 enim
653 1993 721 2020 odor
740 1993 902 2028 cognitionis
917 1993 963 2021 Dei

180 2048 211 2068 ac
226 2040 325 2071 Patris,
337 2045 364 2066 et
385 2040 411 2066 in
433 2040 490 2074 ipso
508 2039 698 2072 conspeximus
712 2039 785 2066 illum
801 2047 834 2066 ex
849 2048 902 2074 quo
919 2047 964 2066 se-

178 2085 296 2113 cundum
316 2089 439 2112 naturam
454 2089 496 2111 est
517 2083 633 2118 genitos,
652 2087 679 2109 et
701 2082 846 2110 manifesm
860 2090 963 2117 cogno-

178 2132 266 2157 vimus
279 2130 350 2157 viam
369 2136 428 2163 quae
442 2136 490 2155 nos
508 2130 541 2155 ad
561 2133 690 2155 aeternam
711 2127 794 2154 vitam
810 2127 908 2154 defert.
927 2127 963 2154 Ila

178 2176 261 2205 etiam
278 2175 336 2203 fore
353 2180 383 2201 ut
400 2175 519 2210 genitum
540 2174 667 2209 gregibus
690 2174 747 2207 ipse
767 2173 854 2201 Filius
870 2174 964 2200 illuce-

180 2225 237 2252 ret,
258 2221 356 2248 beatus
379 2203 510 2255 propheta
539 2203 622 2246 [sai-as
647 2219 726 2253 longe
751 2224 815 2246 ante
837 2219 965 2246 clamavit
981 2203 1003 2229 Β

181 2267 275 2294 dicens
291 2273 299 2292 :
317 2275 326 2291 ι
344 2265 390 2292 Sic
406 2265 470 2292 dicit
485 2265 614 2291 Dominus
630 2273 636 2291 :
655 2264 801 2291 Lalioravit
817 2263 963 2300 Egyptus,

178 2318 204 2338 et
227 2310 426 2345 negotiationes
450 2309 628 2344 Ethiopum,
652 2314 679 2336 et
696 2310 750 2345 62
768 2309 892 2343 Sabaim,
914 2311 964 2337 viri

178 2357 307 2383 sublimes
321 2357 355 2383 ad
372 2361 396 2382 te
413 2356 578 2388 transibunt,
601 2361 628 2382 et
644 2356 693 2382 tibi
716 2355 846 2386 servient,
865 2361 891 2382 et
905 2361 966 2390 post

179 2408 205 2428 te
228 2406 377 2435 sequentur
403 2400 487 2427 vincti
513 2400 707 2434 compedibus,
729 2405 758 2427 et
781 2402 966 2427 conabuntur

180 2449 238 2479 tibi,
252 2453 279 2474 et
296 2449 322 2474 in
341 2451 366 2474 le
381 2447 544 2479 adorabunt,
560 2447 623 2482 quia
640 2447 666 2473 in
685 2452 710 2474 te
723 2447 793 2474 Deus
809 2453 861 2479 est,
875 2452 901 2474 et
912 2455 964 2474 non

179 2499 220 2519 trsl.
243 2494 313 2520 Deos
330 2499 429 2528 praeter
453 2498 497 2521 te:
513 2498 541 2520 tu
560 2500 590 2520 es
612 2493 684 2520 enim
708 2493 776 2520 Deus
801 2498 828 2519 et
848 2493 963 2520 nesciri-

180 2546 249 2570 mus,
274 2539 343 2565 Deus
367 2538 448 2566 Israel
474 2539 636 2566 salvator".
652 2548 661 2564 ι
686 2538 792 2565 Dictum
818 2544 861 2566 est
882 2538 964 2565 etiam

180 2584 273 2618 procul
287 2585 367 2611 dubio
383 2586 415 2612 ad
427 2585 536 2618 Filium,
552 2593 647 2612 rursus
661 2590 787 2618 tanquam
800 2592 832 2611 ex
847 2592 962 2618 persona

182 2631 227 2656 Dci
243 2638 274 2656 ac
291 2630 397 2658 Patris:
416 2639 425 2656 ι
442 2631 511 2658 Ecce
528 2632 606 2666 posui
621 2636 647 2657 te
665 2632 692 2657 in
710 2635 900 2658 testamentum
917 2638 964 2665 ge-

182 2677 263 2706 neris.
277 2676 303 2702 in
319 2676 405 2703 lucent
420 2677 551 2710 gentium,
567 2682 596 2703 ut
607 2677 644 2704 sis
660 2677 687 2703 in
701 2677 814 2704 salutem
830 2684 915 2710 usque
930 2677 963 2703 ad

180 2727 331 2748 extremum
351 2727 430 2749 terra:
441 2722 486 2748 "‘.
504 2732 513 2748 ι
531 2721 635 2756 Populo
649 2722 720 2749 enim
734 2729 767 2748 ex
783 2723 914 2757 sanguine
926 2730 959 2748 ac

1012 1586 1044 1611 ἐκ
1058 1584 1186 1618 γυναικὸς
1205 1585 1275 1611 κατὰ
1290 1584 1379 1620 σάρκα
1392 1585 1599 1619 γεγεννημένον,
1614 1585 1658 1611 ἵνα
1672 1585 1813 1622 δικαιώσῃ

1012 1630 1075 1661 τοὺς
1092 1630 1132 1661 είς
1144 1630 1225 1656 αὑτὸν
1244 1630 1432 1662 πιστεύοντας·
1446 1631 1492 1657 καὶ
1507 1631 1559 1657 τῶν
1575 1631 1603 1658 ὲν
1618 1631 1718 1666 ἀγνοίᾳ
1728 1640 1812 1658 πται-

1013 1676 1136 1710 σμάτων,
1157 1677 1285 1712 χρηστοῖς
1298 1676 1345 1703 καὶ
1362 1677 1548 1712 ἡμερωτάτοις
1568 1676 1730 1709 ἀπαλλάξας
1746 1678 1810 1703 νεύ-

1014 1729 1090 1756 μασι,
1105 1720 1240 1756 καθαροὺς
1258 1721 1305 1748 καὶ
1319 1721 1451 1756 ἀμώμους
1465 1721 1658 1756 προσκομίσειε
1672 1721 1705 1747 δι’
1721 1721 1806 1748 αὐτοῦ

1012 1766 1051 1802 τῷ
1076 1766 1135 1801 Θεῷ
1157 1767 1204 1793 καὶ
1230 1767 1326 1802 Πατρὶ,
1343 1767 1389 1793 καὶ
1412 1767 1461 1801 τῆς
1487 1766 1561 1798 θείας
1579 1766 1677 1793 ἑαυτοῦ
1695 1767 1806 1801 φύσεως

1013 1813 1164 1848 ἐργάσηται
1181 1814 1337 1844 κοινωνοὺς,
1350 1814 1413 1844 τοὺς
1427 1813 1479 1840 ὑπὸ
1494 1813 1607 1840 θάνατον
1619 1813 1669 1840 καὶ
1682 1813 1790 1849 φθοράν
1800 1822 1806 1828 -

1014 1858 1120 1895 κηρύξῃ
1136 1859 1163 1886 δὲ
1180 1859 1226 1885 καὶ
1246 1859 1356 1893 τυφλοῖς
1370 1859 1518 1893 ἀνάϐλεψιν
1529 1866 1536 1873 ·
1558 1859 1668 1890 καὶτὰς
1686 1858 1743 1885 τῶν
1759 1867 1811 1884 πε-

1015 1905 1192 1940 πλανημένων
1215 1904 1314 1938 ἀγέλας
1339 1905 1379 1935 εἰς
1399 1905 1428 1930 τὸ
1450 1905 1499 1938 τῆς
1511 1904 1629 1938 ἀληθοῦς
1642 1904 1810 1938 θεογνωσίας

1016 1949 1187 1985 μετακομίσῃ
1211 1948 1267 1982 φῶς
1280 1957 1286 1963 ·
1305 1948 1398 1984 διδάξῃ
1413 1957 1442 1974 τε
1457 1949 1560 1981 λοιπὸν,
1573 1948 1614 1980 τίς
1638 1949 1652 1975 ὸ
1673 1950 1756 1984 φύσει
1780 1957 1809 1975 τε

1015 1994 1062 2020 καὶ
1079 1993 1184 2029 ἀληθῶς
1197 1995 1255 2020 ἐστι
1269 1994 1345 2026 Θεὸς,
1362 1995 1408 2020 καὶ
1422 1992 1476 2020 τῶν
1485 1994 1553 2021 ὅλων
1569 1994 1749 2030 δημιουργὸς,
1761 1996 1807 2030 γέ-

1015 2049 1075 2074 γονε
1092 2040 1146 2075 γὰρ
1159 2040 1231 2075 ὀσμὴ
1251 2041 1300 2075 τῆς
1321 2040 1448 2074 γνώσεως
1472 2041 1519 2067 τοῦ
1540 2040 1606 2067 Θεοῦ
1621 2041 1666 2067 καὶ
1682 2042 1791 2077 Πατρός
1802 2051 1808 2057 ·

1015 2085 1062 2111 καὶ
1079 2085 1108 2111 ὲν
1123 2084 1196 2119 αὐτῷ
1211 2085 1364 2120 τεθεάμεθα
1384 2085 1440 2117 τὸν,
1454 2085 1483 2117 ἐξ
1507 2082 1538 2111 οὗ
1562 2085 1725 2122 γεγέννηται
1740 2088 1810 2113 κατὰ

1016 2130 1112 2164 φύσιν·
1134 2129 1295 2165 ὲγνώκαμέν
1314 2140 1345 2157 τε
1361 2131 1455 2165 σαφῶς
1473 2131 1522 2166 τὴν
1536 2133 1575 2163 είς
1590 2132 1662 2167 ζωὴν
1674 2134 1752 2168 ἡμᾶς
1762 2135 1811 2168 τὴν

1017 2175 1100 2201 ἀΐδιον
1119 2175 1310 2210 ἀποφέρουσαν
1326 2176 1394 2203 ὁδόν.
1409 2176 1488 2202 Οὕτω
1503 2178 1549 2203 καὶ
1570 2179 1629 2209 ταῖς
1649 2178 1705 2204 τῶν
1724 2178 1811 2206 ἐθνῶν

1018 2221 1130 2254 ἀγέλαις
1151 2221 1317 2256 ὲπιλάμψειν
1337 2222 1383 2248 τὸν
1398 2222 1460 2248 Υῑὺν
1474 2223 1488 2248 ὁ
1509 2224 1643 2259 μακάριος
1665 2225 1810 2260 προφήτης

1024 2266 1139 2298 Ἡσαΐας
1153 2268 1397 2303 προανεκεκράγει,
1414 2268 1517 2303 λέγων’
1539 2279 1548 2294 ι
1564 2268 1642 2296 Οὕτω
1662 2269 1739 2304 λέγει
1753 2271 1810 2298 Κύ-

1019 2312 1256 2347 ριος-Ἐκοπίασεν
1278 2313 1424 2347 Αἴγυπτος,
1444 2314 1491 2340 καὶ
1507 2314 1638 2349 ἐμπορίαι
1658 2315 1810 2347 Αἰθιόπων,

1019 2360 1062 2384 καὶ
1077 2359 1102 2384 οἱ
1116 2358 1233 2393 Σαῦαἳμ,
1244 2358 1339 2394 ἄνδρες
1351 2359 1448 2393 ὑψηλοὶ
1462 2359 1509 2386 ἐπὶ
1525 2360 1553 2386 σὲ
1564 2359 1751 2395 διαδήσονται,
1764 2363 1810 2388 καὶ

1020 2404 1060 2428 σοι
1076 2403 1180 2429 ἔσονται
1192 2403 1290 2436 δοῦλοι,
1309 2405 1355 2430 καὶ
1371 2404 1459 2430 ὀπίσω
1475 2413 1521 2431 σου
1537 2405 1751 2440 ἀκολουθήσουσι
1765 2407 1808 2433 δε-

1019 2449 1126 2484 δεμένοι
1146 2449 1317 2483 χειροπέὃαις
1330 2457 1336 2464 ⁵
1353 2450 1399 2476 καὶ
1413 2452 1630 2486 προσκυνήσουσί
1649 2460 1701 2482 σοι,
1719 2453 1767 2479 καὶ
1782 2454 1809 2478 ἐν

1020 2494 1060 2520 σοὶ
1084 2493 1292 2528 προσεύξονται·
1313 2495 1354 2521 ὅτι
1370 2496 1399 2522 ὲν
1417 2498 1457 2521 σοι
1479 2496 1494 2522 ὸ
1517 2496 1582 2527 Θεός
1597 2497 1672 2523 ἐστι·
1695 2498 1744 2524 καὶ
1761 2499 1808 2524 οῦκ

1017 2539 1075 2566 ἐστι
1088 2539 1154 2571 Θεὸς
1170 2539 1241 2575 πλήν
1254 2548 1313 2570 σου.
1329 2540 1365 2566 Σὺ
1378 2541 1432 2576 γὰρ
1445 2539 1470 2568 εἷ
1482 2541 1548 2573 Θεδς
1561 2542 1607 2568 καὶ
1620 2542 1670 2568 οὐκ
1685 2543 1807 2578 ᾔδειμεν,

1016 2585 1031 2610 ὸ
1040 2585 1106 2616 Θεὸς
1116 2585 1163 2611 τοῦ
1184 2585 1292 2621 Ἰσραὴλ
1304 2587 1404 2621 σωτήρ.
1422 2596 1430 2612 ι
1445 2587 1558 2622 Εἴρηται
1572 2587 1601 2614 δέ
1615 2596 1666 2614 που
1681 2588 1752 2623 πρὸς
1766 2589 1810 2615 τὸν

1018 2630 1091 2661 Υίὺν,
1104 2631 1141 2661 ὼς
1158 2631 1190 2657 ὲκ
1205 2630 1352 2667 προσώπου
1365 2631 1445 2658 πάλιν
1460 2632 1506 2659 τοῦ
1521 2631 1589 2659 Θεοῦ
1615 2633 1662 2659 καὶ
1684 2633 1807 2668 Πατρός·

1019 2685 1029 2701 ι
1041 2676 1105 2702 Ἰδοὺ
1115 2676 1227 2703 τέθεικά
1238 2685 1266 2702 σε
1278 2678 1316 2709 εἰς
1330 2677 1462 2712 διαθήκην
1475 2678 1581 2713 γένους,
1591 2680 1631 2710 εἰς
1643 2679 1702 2714 φῶς
1712 2679 1808 2712 ἐθνῶν,

1011 2722 1059 2749 τοῦ
1084 2719 1154 2749 εἶναι
1178 2730 1207 2749 σε
1231 2724 1271 2755 εἰς
1296 2718 1435 2759 σωτηρίαν
1451 2724 1504 2756 ἕως
1520 2725 1637 2760 ἐσχάτου
1650 2726 1700 2760 τῆς
1715 2725 1779 2760 γῆς.
1796 2735 1805 2751 ι

213 2797 234 2812 ⁷⁸
253 2797 403 2837 lnTiin_._n_t,
423 2798 466 2825 16.
505 2799 538 2837 ’.³⁵
551 2797 648 2837 Dplies.
665 2799 826 2837 ιιιελωηηι
863 2799 884 2814 ⁷¹
904 2798 952 2825 Psa

1043 2808 1058 2830 ι,
1074 2800 1124 2837 127..
1156 2800 1180 2837 Ϊ¹
1198 2799 1286 2827 Galat.
1302 2809 1338 2830 Iv.
1353 2801 1378 2829 4.
1420 2803 1442 2819 ⁷³
1459 2803 1480 2830 ll
1493 2804 1568 2832 Petr.
1585 2813 1607 2837 ι,
1620 2804 1647 2831 4.
1685 2804 1711 2822 ⁷⁸
1726 2804 1806 2832 Rom.

179 2833 295 2861 vut,‘1‘i.

333 2833 356 2848 "
376 2835 426 2859 [κη.
442 2842 495 2863 ιιι,
513 2834 520 2859 i
535 2841 541 2864 ;
559 2834 623 2859 Luc.
643 2842 678 2865 ιγ,
695 2834 738 2860 19.
776 2834 798 2848 ⁷⁸
817 2833 867 2860 Isa.
888 2842 946 2867 tu,

1043 2836 1065 2861 ῗ».
1105 2835 1136 2850 ⁷⁸·
1155 2834 1205 2862 lsa.
1222 2843 1293 2864 λιιι.
1309 2838 1334 2864 ii.
