1883 3054
80 158 122 186 “3
614 162 800 193 ADVERSUS
818 166 1022 196 NESTORIUM
1043 169 1105 199 LIB.
1126 171 1169 198 lll.

1645 183 1695 209 ιιι

78 216 273 252 Νενομοθέτηκε
287 217 337 252 μὲν
352 218 408 254 γὰρ
423 219 469 246 τὸν
481 220 510 253 ἐξ
526 221 640 256 αἵματός
654 231 683 249 τε
699 225 746 251 καὶ
761 226 847 260 γένους

907 235 1004 262 genere
1028 231 1107 258 lsrael
1136 232 1195 260 tulit
1220 232 1291 268 leges
1315 233 1382 262 Novi
1399 237 1585 270 1Teslamenli,
1605 241 1696 274 priore

85 263 182 298 Ἰσραὴλ
198 263 249 299 τήν
274 264 380 300 Καινὴν
404 266 558 302 Διαθήκην,
579 268 782 306 παὶαιωθεὶσης
806 272 858 306 τῆς

77 310 190 345 πρώτης·
207 311 328 345 ἑπέφανε
356 311 386 338 δὲ
411 313 459 339 καὶ
479 313 561 349 μέχρι
585 316 728 350 τερμάτων
741 318 791 352 τῆς
805 319 858 344 ὑπ’

77 357 187 391 οὐρανὸν,
206 358 266 388 τοῖς
282 357 334 384 ἀνὰ
347 359 440 385 πᾶσαν
455 358 546 394 χώραν
564 369 594 386 τε
614 362 660 387 καὶ
676 362 753 390 πόλιν
767 363 856 391 ἔθνεσι

78 410 101 427 τε
122 401 166 427 καὶ
190 400 276 434 λαοῖς.
291 402 535 437 ῐῐροσκεκυνήκασι
552 406 606 441 γὰρ
629 407 714 442 αὐτῷ,
730 408 778 434 καὶ
803 410 856 444 μὴν

77 447 116 473 καὶ
139 447 247 474 Ennii-rat
273 448 396 484 νοητῶς,
422 451 571 486 ἀρρήκτοις
593 453 704 488 ἀγάπης
729 455 855 490 δεσμοῖς,

76 492 188 527 καθάπερ
202 492 260 518 τισὶ
274 495 450 529 χειροπέδαις
464 496 639 532 ὲνισχημένα,
652 499 698 526 καὶ
714 502 856 536 μονονουχὶ

76 539 177 571 λέγοντα
199 538 231 564 τὸ
255 538 303 566 διὰ
320 540 414 574 φωνῆς
435 541 583 577 Ἰερεμίου·
602 553 612 568 ι
623 544 689 571 Ἰδοὺ
704 546 758 572 οἵδε
775 548 855 582 ἡμεῖς

74 583 181 618 ἐσόμεθά
194 591 245 615 σοι,
263 584 307 611 ὅτι
321 586 354 611 σὺ
368 585 471 622 Κύριος
483 587 497 613 ὁ
508 587 573 619 θεὸς
586 589 664 624 ήμῶν
677 589 711 617 εἴ.
727 592 813 627 »Ὅρα
826 593 855 620 δέ

76 637 114 663 μοι
123 629 173 654 τῶν
184 630 366 664 προφητικῶν
375 631 484 658 ὲννοιῶν
492 632 541 668 τὴν
550 634 714 670 ἐγρήγορσιν
725 645 731 652 ·
746 646 756 663 ‹
771 639 855 674 Προσ-

74 674 208 709 κυνήσουσί
225 682 280 706 σοι,
300 676 377 710 φησι,
393 678 440 703 καὶ
456 679 485 704 ἐν
502 678 540 708 σο]
555 681 758 715 προσεύξονται,
774 685 813 710 ὅτι
826 687 855 712 ὲν

76 723 110 749 σοὶ
123 722 184 754 Θεός
200 724 271 754 ἐστι,
288 724 338 752 καὶ
351 725 402 751 οὐκ
420 725 479 752 ἔστι
491 726 558 759 Θεὸς
581 729 651 765 πλήν
675 739 722 757 σου
734 740 741 747 ·
761 741 771 758 ι
794 733 854 769 ᾔδει

76 771 117 804 μὲν
133 767 177 797 οὖν
197 771 441 808 ὁμολογουμένως,
458 775 495 807 ὡς
515 779 736 814 πνευματοφόρος
755 767 810 807 τὸν.
822 783 854 809 ἐκ

73 818 132 844 Θεοῦ
145 818 246 854 Πατρδς
262 819 353 854 Λόγον
368 821 396 847 ὲν
412 821 477 856 ήμῖν
492 823 668 858 σκηνώσαντα
681 825 734 862 lla.
749 827 854 864 σκηνώ-

74 863 164 899 cavsa].
180 864 252 891 καθά
267 873 354 898 φησιν
366 868 381 893 ὁ
395 868 530 903 μακάριος
546 871 740 908 εὐαγγελιστὴς
759 874 853 901 Ἰωάν-

907 273 963 308 jam
984 275 1136 309 antiquata,
1158 277 1245 304 illuxit
1262 279 1342 305 etiam
1358 287 1441 314 usque
1458 283 1490 308 ad
1508 273 1637 312 terminos
1651 294 1695 312 or-

909 319 950 345 bis
973 323 1105 348 terrarum
1130 323 1254 356 gentibus
1279 332 1310 352 ac
1332 327 1437 360 populis
1461 329 1508 362 qui
1535 337 1582 363 per
1601 339 1694 359 omnes

908 365 1032 398 regiones
1051 372 1078 394 et
1099 369 1180 395 urbes
1202 375 1281 396 erant
1296 379 1303 398 :
1318 379 1379 398 nam
1401 373 1476 400 illum
1498 365 1708 408 adoraverunt}

909 413 991 444 alque
1009 411 1091 438 etiam
1103 412 1262 445 spiritaliter
1278 422 1439 449 sequuntur,
1455 418 1539 446 lirmis
1554 420 1694 449 charitalis

906 455 1021 483 vinculis
1051 457 1132 485 veluti
1156 459 1314 492 quibusdam
1349 463 1523 496 compedibus
1556 467 1635 499 nexi,
1661 474 1692 493 ac

906 503 1100 535 propemodum
1129 503 1194 530 illud
1214 504 1339 533 Jeremize
1368 508 1509 536 dicentes:
1527 519 1536 535 ι
1553 510 1621 538 Ecce
1645 512 1692 546 ipsi

906 553 956 573 nos
980 548 1083 574 erimus
1113 549 1177 582 tibi,
1205 552 1266 584 quia
1295 557 1322 578 tu
1351 553 1481 581 Dominus
1509 555 1579 582 Deus
1603 563 1694 584 uoster

905 598 935 618 es
946 592 979 618 ⁷⁷.
994 601 1004 618 ι
1016 593 1053 620 Ac
1061 594 1129 625 vide.
1147 603 1248 629 quaeso,
1264 598 1477 633 propheticarum
1490 603 1686 629 sententiarum

904 637 1082 671 vigilantiam.
1101 649 1110 664 ι
1126 639 1317 669 Curvabuntur
1342 644 1403 677 tibi,
1432 646 1535 680 inquit,
1561 652 1588 673 et
1615 648 1640 674 in
1665 654 1690 675 te

906 683 1069 715 adorabunt,
1097 686 1159 720 quia
1187 687 1212 713 in
1231 693 1256 714 te
1272 687 1344 715 Deus
1358 695 1410 722 est,
1433 695 1460 718 et
1483 700 1534 719 nou
1560 699 1601 720 est
1622 693 1691 722 Deus

905 731 1003 761 praeter
1017 733 1042 755 te
1052 728 1076 744 ⁷⁸
1091 738 1097 756 :
1115 739 1124 754 ι
1143 738 1204 757 nam
1223 736 1251 758 ut
1266 733 1361 767 spiritu
1374 734 1518 763 instinctus
1532 742 1607 764 certo
1621 740 1691 766 scie-

905 771 959 804 bat,
986 772 1032 800 Dei
1056 773 1143 802 Patris
1163 775 1280 803 Verbum
1305 778 1330 804 in
1355 779 1432 806 nobis
1450 780 1642 816 habitaturum,
1662 790 1690 810 ut

903 817 993 852 inquit
1011 819 1107 847 beatos
1120 821 1285 856 evangelista
1299 822 1470 858 Joannes”;
1489 826 1538 853 hac
1560 827 1592 854 de
1609 835 1689 855 causa

904 865 963 891 ait:
983 874 991 889 ι
1008 865 1034 891 In
1060 870 1085 891 te
1105 866 1175 893 Deus
1196 871 1249 899 est,
1276 877 1285 894 ι
1313 875 1400 903 neque
1423 875 1511 897 tamen
1538 880 1631 905 passus
1649 879 1690 900 est

73 919 126 944 νης-
139 910 221 946 ταύτῃ
236 910 279 937 τοί
299 919 393 947 φησιν,
402 913 444 939 ὅτι
462 923 472 939 ί
485 914 529 941 'Ev
539 916 580 942 σοὶ
591 916 659 949 θεός
672 918 729 945 ὲστι
738 927 745 933 ·
761 929 770 945 ι
784 919 847 955 πλὴη

905 910 1108 938 Emulanuelcm
1125 912 1151 938 in
1163 913 1215 939 duo
1227 913 1326 947 dividi;
1341 902 1387 941 sed
1400 917 1523 950 quamvis
1535 902 1579 945 ille
1597 918 1690 953 Unige-

72 958 115 982 οὐκ
128 957 165 988 εἰς
185 956 231 983 δύο
247 956 400 992 τέμνεσθαι
414 959 498 991 Θεοὺς
514 962 708 998 συγκεχώρηκε
722 964 768 991 τὸν
787 965 854 1000 Ἐμ-

75 1002 179 1038 μανουήλ
187 1011 194 1017 ·
209 1002 268 1029 ἀλλ’
280 1004 309 1029 el
324 1004 372 1030 καὶ
385 1005 496 1039 γέγονεν
505 1007 649 1042 ἄνθρωπος
661 1011 676 1035 ὀ
686 1011 852 1046 Μονογενὴς,

73 1050 112 1074 ἕνα
122 1048 164 1075 καὶ
174 1048 261 1080 οὕτως
274 1049 415 1084 ὡμολόγει
429 1051 511 1078 πάλιν
525 1052 605 1079 αὐτόν
615 1062 621 1068 ·
633 1055 680 1080 καὶ
693 1055 758 1088 γοῦν
771 1056 853 1089 εὐθὺς

73 1095 302 1129 προσεπήνεγκεν,
328 1096 370 1122 ὅτι
397 1105 407 1121 ι
423 1097 479 1123 Οὐκ
498 1096 556 1124 ἐστι
581 1097 646 1131 Θεὸς
671 1100 740 1136 πλὴν
766 1102 823 1128 σοῦ.
840 1111 849 1128 ι

77 1140 203 1174 Ἐπιτήρει
223 1139 279 1175 γὰρ
296 1140 421 1176 ἀκριϐῶς
443 1141 493 1176 τὴν
512 1142 559 1169 τοῦ
581 1145 720 1180 προφήτου
746 1149 849 1182 φωνήν.

72 1186 291 1221 Προσηγορευκὼς
302 1187 414 1221 γὰρ,ὼς
426 1187 504 1223 ἔφην,
514 1189 555 1215 ὅτι
563 1189 606 1216 Ἑν
616 1190 656 1216 σοὶ
668 1191 754 1223 ὁΘεός
766 1194 850 1226 ἐστιν,

71 1232 96 1257 οὗ
112 1231 313 1266 προστέθεικεν,
330 1233 371 1259 ὅτι
385 1233 440 1260 Καὶ
458 1234 507 1260 οὐκ
522 1234 578 1262 ἐστι
593 1235 660 1268 Θεὸς
677 1237 747 1273 πλὴν
761 1239 807 1265 τοῦ
822 1239 852 1266 ὲν

71 1278 115 1309 σοὶ,
130 1276 184 1303 ἀλλ’
200 1278 241 1308 εἰς
266 1278 385 1313 ἑνότητα
409 1281 575 1313 συνενεγκὼν
592 1283 778 1319 οἰκονομικὴν,
794 1285 851 1311 οὐκ

70 1323 127 1355 ἔτι-ι,
140 1323 214 1358 φησὶ,
231 1323 300 1355 Θεὸς
327 1324 397 1359 πλὴν
421 1324 479 1352 σοῦ,
495 1325 556 1352 Ὀτι
569 1326 598 1353 δὲ
610 1327 752 1363 ἄνθρωπος
771 1337 851 1364 γεγο-

70 1369 114 1400 ab;
127 1369 140 1394 ὀ
153 1369 304 1404 μονογενὴς
319 1369 367 1396 τοῦ
384 1370 451 1397 Θεοῦ
465 1371 560 1405 Λόγος,
572 1372 616 1400 διὰ
627 1374 718 1409 πάσης
728 1376 777 1410 τῆς
790 1375 850 1402 θεοο

71 1413 187 1440 πνεῦστου
210 1414 339 1449 Γριφῆς,
357 1415 397 1448 ὡς
423 1416 488 1448 ἔπος
510 1418 606 1450 εἰπεῖν,
624 1420 847 1454 καταγγέλλεται,

69 1459 104 1483 διὰ
113 1458 238 1485 πλείστων
251 1459 303 1494 μὲν
318 1460 390 1487 ὅσων
399 1461 503 1488 ἀκονιτὶ
515 1463 668 1496 καταδεῖξαι
682 1466 746 1500 ῥᾷον
756 1474 762 1480 ·
776 1467 830 1493 ἀπό

904 957 975 984 nitus
993 958 1029 984 sit
1041 958 1126 985 lactus
1140 959 1232 992 homo,
1249 959 1288 986 sic
1302 968 1409 995 quoque
1426 969 1507 988 unum
1522 970 1615 990 rursus
1628 972 1687 992 esse

903 1002 1048 1036 fatebatur,
1071 1005 1184 1039 ideoque
1210 1006 1300 1032 intulit
1321 1007 1411 1033 statim
1429 1015 1436 1034 :
1454 1017 1463 1033 ι
1481 1007 1538 1035 Non
1557 1015 1598 1036 est
1619 1010 1688 1037 Deus

902 1054 1000 1084 praeter
1020 1055 1056 1077 te.
1074 1060 1084 1076 ›
1103 1050 1224 1078 Observa
1248 1060 1364 1086 namque
1387 1053 1530 1088 diligenter
1553 1056 1688 1089 propheta;-

902 1103 995 1122 vocem
1008 1105 1014 1123 :
1027 1104 1086 1123 cum
1102 1097 1186 1128 enim,
1200 1102 1229 1124 ut
1246 1098 1312 1131 dixi,
1326 1098 1458 1126 allocutus
1472 1105 1543 1127 esset
1560 1109 1619 1128 eum
1645 1102 1688 1129 his

902 1141 1013 1168 verbis:
1031 1150 1039 1167 ι
1063 1142 1092 1168 in
1106 1148 1133 1169 te
1155 1149 1197 1169 est
1222 1142 1310 1177 Deus;
1325 1153 1334 1169 ι
1359 1151 1411 1171 non
1436 1144 1531 1178 adjecit
1550 1155 1556 1173 :
1572 1146 1628 1172 Non
1647 1154 1689 1174 est

902 1187 972 1214 Deus
988 1194 1086 1222 praeter
1103 1188 1178 1215 illum
1204 1189 1249 1223 qui
1271 1194 1312 1216 est
1333 1191 1357 1216 in
1382 1195 1417 1221 te,
1442 1191 1489 1217 sed
1513 1192 1538 1218 in
1558 1192 1689 1220 unitatem

905 1233 1134 1267 dispensatoriam
1156 1235 1363 1270 conjungendo:
1379 1245 1387 1261 ι
1403 1235 1460 1263 Non
1482 1241 1524 1262 est
1543 1236 1623 1270 Deus,
1646 1240 1686 1265 in-

901 1277 970 1311 quit,
987 1283 1085 1310 praeter
1100 1282 1135 1305 te.
1151 1289 1160 1304 ι
1184 1279 1268 1306 Porro
1284 1279 1451 1314 unigenitum
1478 1280 1541 1307 illud
1557 1281 1601 1308 Dei
1623 1280 1687 1309 Ver-

900 1323 963 1350 bu-
981 1324 1115 1351 hominem
1133 1324 1246 1357 factum,
1263 1333 1310 1359 per
1321 1332 1415 1352 omnes
1427 1326 1554 1353 divinitus
1574 1327 1689 1361 inspira-

900 1373 934 1395 ta:
953 1369 1100 1404 Scriptura:
1116 1369 1233 1403 litteras,
1251 1375 1279 1396 ut
1292 1370 1329 1396 ita
1349 1371 1448 1404 dicam,
1460 1373 1612 1406 praedicari,
1628 1381 1687 1407 per.

900 1413 979 1442 facile
1003 1418 1045 1442 est
1070 1415 1277 1450 quamplurimis
1309 1416 1376 1443 locis
1401 1418 1560 1450 ostendere,
1587 1420 1632 1446 sed
1655 1420 1688 1447 ad

900 1467 1019 1495 prmsens
1034 1461 1098 1488 illud
1117 1462 1220 1488 dixisse
1240 1461 1305 1489 satis
1323 1462 1384 1489 erit.
1401 1462 1472 1489 Dixit
1486 1464 1556 1491 enim
1573 1465 1641 1492 Deus
1654 1467 1686 1493 ait

71 1511 113 1536 χρη
128 1502 162 1535 δὲ,
178 1499 266 1538 οἶμαι.
283 1503 357 1538 πρὸς
375 1505 405 1531 τὺ
414 1505 500 1540 παρὸν
509 1507 598 1534 ἐκεῖνο
608 1499 783 1546 εἰπεῖνξἜφη
794 1511 847 1546 γάρ

900 1509 1007 1536 beatum
1028 1509 1110 1536 David
1126 1518 1133 1535 :
1148 1519 1157 1535 ι
1174 1509 1207 1535 Ει
1229 1509 1367 1536 suscitabo
1384 1510 1417 1537 de
1443 1512 1544 1538 semine
1561 1517 1606 1538 tuo
1627 1518 1688 1546 post

70 1556 112 1573 που
124 1547 184 1579 Θεὸς
198 1549 266 1583 πρὸς
279 1550 328 1576 τὸν
339 1550 474 1586 μακάριον
486 1552 568 1578 Δαϐἱδ
578 1561 584 1566 ·
604 1563 613 1579 ι
628 1555 682 1581 Καὶ
705 1555 847 1591 ἀναστήσω

900 1558 937 1586 te,
957 1555 1002 1589 qui
1025 1556 1078 1582 erit
1099 1556 1131 1582 de
1148 1561 1241 1582 ventre
1265 1560 1320 1588 luo,
1344 1561 1371 1583 et
1393 1558 1548 1590 praeparabo
1575 1566 1685 1593 regnum

70 1594 97 1618 ικ
105 1593 145 1619 τοῦ
155 1594 313 1629 σπέρματός
326 1604 373 1622 σου
388 1597 456 1631 μετὰ
468 1597 508 1629 σὲ,
516 1597 545 1629 ὃς
556 1597 634 1624 ἔσται
645 1600 676 1625 ὲκ
686 1600 735 1634 τῆς
743 1601 847 1633 κοιλίας

900 1601 958 1634 ejus
976 1610 983 1628 :
998 1602 1054 1634 ipse
1071 1601 1215 1628 :edilicabit
1238 1601 1347 1628 domum
1367 1603 1468 1629 nomini
1486 1611 1564 1630 meo:
1583 1610 1609 1631 et
1630 1605 1685 1631 eri-

71 1648 109 1665 σου
118 1648 124 1655 ·
135 1641 178 1667 καὶ
187 1641 329 1676 ἑτοιμάσω
339 1642 389 1678 τήν
397 1643 535 1678 βασιλείαν
545 1645 628 1671 αὑτοῦ
637 1653 645 1661 ·
657 1646 736 1678 αὐτὸς
747 1648 847 1674 οἰκοδο-

900 1654 961 1681 gam
984 1647 1081 1673 solium
1096 1646 1155 1681 ejus
1171 1653 1254 1680 usque
1269 1646 1295 1673 in
1321 1647 1447 1673 swculum
1465 1657 1470 1673 :
1487 1652 1513 1674 et.
1529 1656 1578 1682 ego
1596 1657 1643 1675 ero
1660 1650 1684 1676 ci

72 1686 139 1720 μήσει
150 1684 220 1713 οἷκον
227 1687 268 1722 τῷ
279 1687 395 1723 ὀνόματι
409 1696 471 1723 μου.
481 1689 535 1716 Καὶ
543 1690 688 1726 ἀνορθώσω
698 1692 743 1718 τὸν
754 1692 847 1729 Θρόνον

900 1692 926 1719 in
937 1692 1055 1724 Patrem,
1065 1696 1092 1718 et
1104 1692 1161 1726 ipse
1174 1692 1226 1718 erit
1237 1691 1301 1719 mihi
1312 1693 1337 1719 in
1353 1692 1448 1720 Filium
1458 1693 1492 1720 ⁸ο.
1509 1703 1518 1719 ›
1534 1694 1586 1720 Sed
1602 1695 1682 1728 dicet,

70 1732 139 1758 αὑτοῦ
149 1733 198 1764 ἕως
207 1734 247 1764 εἰς
258 1733 308 1760 τὸν
319 1733 415 1762 αῑῶνα.
423 1735 477 1761 Καὶ
487 1734 543 1769 ἐγὼ
552 1735 647 1771 ἔσομαι
660 1738 734 1773 αὖτῷ
743 1740 783 1770 εἰς
792 1740 848 1766 Πα-

70 1778 185 1813 τέμ,καὶ
195 1779 277 1810 αὐτὸς
290 1779 370 1806 ἔσται
379 1788 424 1814 μοι
434 1781 473 1812 εἰς
485 1780 576 1807 Υἱόν.»
587 1782 667 1814 Ἀλλ’,
680 1781 767 1817 οἶμαι,
781 1784 845 1820 φαίη

70 1832 104 1854 τις
115 1823 209 1855 ἃν,οὺκ
222 1826 269 1851 ἐπι
283 1833 320 1859 γε
329 1825 694 1863 τῷῇΕμμανουὴλβῑρῆσθαι
706 1829 734 1855 δὲ
747 1830 848 1864 μᾶλλον

70 1869 107 1895 ἐπὶ
123 1870 270 1906 ὣλομῶντι
285 1871 379 1900 ταυτί.
396 1872 501 1903 Παῡλός
516 1881 547 1906 γε
563 1874 616 1909 μὴν
639 1875 653 1900 ὁ
672 1875 840 1909 σοφώτατος,

70 1915 116 1944 τοῖς
134 1914 217 1947 οὕτως
239 1915 367 1943 ἐθέλουσι
396 1918 477 1949 νοεῖν,
503 1918 674 1950 ἀντιτάξεται
704 1921 845 1954 γεννικῶς,

69 1959 161 1994 δέχεται
172 1961 225 1996 γὰρ
237 1961 285 1988 ἐπὶ
298 1961 412 1997 Χριστῷ
425 1963 475 1994 τὰς
489 1964 596 1997 φωνάς·
611 1964 657 1990 καὶ
676 1965 757 1992 αὑτὸν
773 1965 845 1993 εἶναι

70 2014 124 2038 φησι
143 2007 206 2042 πρὸς
222 2007 253 2034 ὃν
272 2008 384 2043 εἴρηται
403 2009 480 2044 παρὰ
495 2009 542 2036 τοῦ
566 2009 634 2036 Θεοῦ
655 2011 703 2037 καὶ
723 2012 840 2047 Πατρὸς,

71 2051 103 2076 Et:
118 2052 244 2088 «Ἔσομαι
255 2053 334 2088 αὐτῷ
347 2055 385 2085 εἰς
400 2054 521 2090 Πατέρα,
542 2056 590 2082 καὶ
607 2056 689 2088 αὐτὸς
705 2057 782 2084 ἔσται
800 2067 845 2094 μοι

71 2097 102 2128 ti,
123 2097 190 2124 Υἱόν.
204 2108 214 2124 ι
231 2099 295 2125 Ὀτι
317 2099 347 2126 δὲ
371 2099 432 2126 καθ’
451 2101 524 2136 ἡμᾶς
551 2101 680 2140 γεγονὼς,
706 2104 845 2131 τουτέστιν

71 2142 204 2178 ἄνθρωπος,
224 2146 417 2181 ἱερουργήσειν
433 2146 530 2182 ἔμελλε
550 2147 588 2182 τῷ
608 2147 668 2183 Θεῷ
683 2149 728 2175 καὶ
744 2149 842 2186 Πατρὶ,

71 2187 107 2213 (ἶιᾶ
128 2189 172 2223 τῆς
197 2190 236 2220 ei;
259 2189 344 2216 αὑτὸν
372 2190 490 2222 πίστεως
517 2192 693 2228 σεσωσμένην
717 2194 767 2229 τὴν
798 2196 843 2222 ὑπ’

899 1737 1012 1772 opinor,
1034 1737 1141 1772 aliquis,
1160 1738 1216 1764 hinc
1234 1745 1286 1764 non
1301 1738 1327 1764 in
1350 1738 1562 1771 Emmanuelem,
1589 1742 1635 1767 sed
1659 1742 1684 1768 in

900 1783 954 1818 63
983 1781 1153 1810 Salomouem
1177 1783 1247 1810 dicta
1272 1783 1365 1812 fuisse.
1390 1784 1442 1811 Sed
1470 1785 1561 1812 beatus
1587 1785 1686 1812 Paulus

900 1828 1056 1856 hominibus
1075 1829 1111 1855 ita
1129 1829 1310 1856 sentientibus
1326 1835 1437 1856 strenue
1451 1830 1574 1863 obsistet,
1591 1832 1634 1865 qui
1653 1832 1685 1856 de

897 1874 1007 1902 Christo
1025 1875 1074 1901 has
1090 1882 1169 1901 voces
1186 1875 1294 1909 accipit,
1314 1876 1454 1910 ipsumque
1469 1884 1529 1903 esse
1545 1878 1641 1904 asserit
1658 1878 1683 1904 in

897 1927 976 1955 quem
995 1921 1095 1948 dictum
1110 1921 1145 1948 sit
1159 1928 1173 1947 a
1190 1921 1244 1948 Deo
1259 1926 1286 1948 et
1301 1921 1382 1949 Patre
1396 1931 1403 1949 :
1422 1931 1431 1948 (
1452 1921 1505 1948 Ero
1521 1922 1557 1948 iiii
1581 1923 1606 1949 in
1634 1922 1684 1949 Pa—

898 1972 976 1999 trem,
999 1971 1026 1993 et
1051 1967 1108 2001 ipse
1131 1968 1184 1994 erit
1210 1966 1274 1994 mihi
1305 1967 1331 1994 in
1358 1967 1455 1994 Filium
1469 1967 1502 1996 5'.
1519 1977 1528 1994 ι
1554 1968 1682 1995 Eumdem

896 2021 978 2048 porro
992 2013 1077 2040 nostri
1092 2013 1207 2040 similem
1223 2013 1334 2046 factum,
1351 2013 1378 2040 id
1392 2018 1443 2046 est,
1457 2013 1605 2046 hominem,
1623 2014 1680 2040 fore

897 2064 926 2085 ut
943 2059 996 2084 Deo
1019 2064 1045 2085 et
1071 2058 1143 2085 Patri
1171 2058 1338 2085 sacrilicaret
1362 2058 1454 2085 orbem
1480 2063 1613 2085 terrarum
1637 2066 1683 2092 per

897 2105 977 2131 tidem
999 2105 1024 2132 in
1042 2112 1071 2132 se
1088 2105 1257 2131 credentium
1277 2104 1420 2137 salvatum,
1436 2103 1583 2131 declaravit
1606 2104 1680 2136 alibi,

897 2149 991 2176 dicens
1011 2157 1018 2175 :
1038 2159 1047 2174 ι
1062 2149 1096 2176 Et
1120 2148 1256 2175 suscitabo
1281 2148 1346 2175 mihi
1371 2149 1541 2175 sacerdotem
1565 2149 1680 2179 lidelem,

896 2194 942 2229 qui
960 2195 1051 2222 omnia
1070 2202 1128 2228 qua:
1142 2198 1206 2220 sunt
1224 2194 1250 2220 in
1266 2193 1348 2220 corde
1364 2197 1392 2219 et
1409 2193 1498 2219 anima
1516 2200 1575 2219 mea
1592 2192 1680 2225 faciet,

70 2234 176 2268 ιῦρανξιν,
194 2235 316 2270 διεσάφει
331 2236 419 2271 λέγων
431 2238 460 2264 ἑν
471 2238 575 2273 ἑτέροις
587 2247 593 2253 ”
614 2249 623 2265 ι
634 2240 688 2266 Καὶ
698 2241 844 2277 ἀναστήσω

897 2244 923 2267 et
944 2239 1083 2266 aediﬁcabo
1097 2239 1121 2266 ei
1141 2239 1249 2266 domum
1275 2238 1392 2270 fidelem,
1419 2243 1447 2265 et
1474 2239 1597 2265 transibit
1619 2244 1681 2265 ante

70 2280 167 2315 ἐμαυτῷ
193 2282 268 2316 ἱερέα
287 2282 396 2315 πιστὸν,
418 2282 447 2314 ὃς
472 2284 559 2311 πάντα
584 2285 619 2311 τὰ
643 2286 672 2312 ὲν
692 2289 724 2322 τῇ
745 2288 844 2323 καρδίᾳ

71 2325 177 2358 pou.le
190 2327 217 2352 ἐν
233 2328 267 2362 τῇ
292 2327 367 2362 ψυχῇ
392 2336 440 2362 μου
458 2329 582 2364 ποιήσει·
607 2331 652 2357 καὶ
674 2332 843 2369 οἰκοδομήσω

70 2369 132 2404 αὐτῷ
154 2368 223 2398 οἷκον
247 2373 346 2399 πιστόν
360 2381 367 2387 ·
394 2373 442 2400 καὶ
465 2374 632 2403 διελεύσεται
654 2377 768 2404 ἐνώπιόν
794 2387 843 2414 μου

70 2416 146 2446 πάσας
166 2416 213 2448 τὰς
238 2417 380 2453 ἡμέρας.»
400 2419 494 2455 ’Δθρει
514 2421 545 2457 δή
572 2430 617 2457 μοι
645 2422 737 2455 πάλιν,
754 2423 791 2455 ὡς
815 2425 844 2451 ὲν

71 2461 160 2495 ἑτέροις
176 2462 269 2494 εἰπὼν,
290 2473 299 2488 ι
315 2461 401 2496 Οὗτος
417 2465 588 2502 οἰκοδομήσει
605 2465 679 2494 οἷκον
687 2468 725 2503 τῷ
733 2468 845 2504 ὀνόματὶ

72 2513 123 2537 μου,
138 2515 146 2530 ι
163 2506 200 2540 τῷ
219 2507 276 2541 Υἱῷ
291 2508 340 2535 τὸν
354 2506 429 2535 οἷκον
445 2510 565 2545 ἐγείρειν
575 2512 589 2537 ό
604 2512 698 2548 Πατὴρ
711 2513 845 2548 ἐπαγγέλ-

70 2549 141 2578 λεται.
155 2552 208 2578 Καὶ
221 2552 302 2579 τοῦτο
319 2554 409 2586 συνεὶς
419 2556 433 2581 ὁ
447 2555 718 2591 θεσπέσιοςᾙαῦλος,
740 2560 842 2587 Μωσέα

72 2595 112 2628 μὲν
130 2596 176 2632 ἔφη
193 2599 289 2625 πιστὸν
311 2600 340 2626 ὲν
356 2600 410 2635 ὅλῳ
431 2602 558 2635 γενέσθαι
579 2603 619 2638 τῷ
647 2604 714 2640 οἴκῳ
732 2614 793 2640 μου,
812 2606 843 2632 τὺ

71 2642 187 2669 οἰκετικὸν
205 2643 301 2678 ἔχοντα
318 2645 428 2680 μέτρον,
451 2647 569 2682 Χριστόν
590 2657 622 2682 γε
644 2650 697 2686 μὴν
720 2651 758 2683 ὼς
779 2652 843 2678 Yle

72 2687 109 2712 ἐπὶ
122 2688 161 2714 τὸν
183 2687 256 2716 οἷκον
279 2691 375 2722 αὐτοῦ,
393 2689 423 2719 οὗ
441 2690 514 2725 οἶκος
529 2695 611 2730 ἐσμὲν
630 2697 719 2731 ἡμεῖς.
737 2697 843 2732 Τρόπος

73 2731 95 2757 δὲ
113 2733 157 2768 τῆς
177 2735 331 2772 ἱερουργίας
355 2737 442 2772 αὐτῷ,
462 2739 498 2766 τὰ
520 2740 581 2767 καθ’
592 2742 678 2778 ἡμᾶς·
704 2731 841 2777 οὺχγαῖμα

102 2824 121 2840 "
134 2824 227 2854 Jerem.
241 2836 284 2862 ιιι,
296 2829 342 2856 22.
380 2830 404 2847 "
417 2830 468 2858 lsa.
483 2839 544 2862 xu,
561 2831 604 2858 Η,
643 2830 665 2847 ⁷⁹
680 2831 756 2859 Joan.
770 2840 796 2861 ι.
811 2831 853 2858 ll.

102 2879 106 2885 ι
138 2861 158 2877 ⁸¹
173 2862 181 2888 Ι
198 2862 263 2894 Reg.
279 2872 310 2894 Il.
323 2865 368 2893 55.
425 2865 447 2880 ³³
465 2865 484 2891 ll
502 2865 567 2894 Rea.
582 2874 599 2894 I.
616 2866 657 2893 15.
695 2867 715 2881 ’⁸⁵
733 2866 815 2894 Hebr.
829 2875 867 2894 ili.
881 2866 898 2893 ‘2

695 2869 715 2881 "'
733 2869 815 2894 Hebr.
829 2875 867 2897 ili,
881 2869 907 2894 ἓ.

84 2857 106 2885 5.
138 2861 158 2877 ιι
173 2862 181 2888 l
198 2862 263 2898 Reg.
277 2857 310 2898 'n,
323 2865 368 2893 55.
425 2865 447 2880 η
465 2865 484 2891 ιι
502 2857 567 2898 Reg.
582 2857 599 2898 ί,
616 2866 657 2893 ιδ.

896 2293 939 2313 me
962 2285 1088 2312 omnibus
1109 2285 1205 2312 diebus
1217 2285 1250 2310 ⁸⁸.
1272 2294 1281 2310 ι
1298 2283 1357 2311 Jam
1378 2284 1442 2310 illud
1461 2292 1551 2318 quzrso
1573 2292 1678 2310 rursum

895 2330 1047 2363 considera,
1065 2331 1135 2366 quod
1160 2338 1220 2356 cum
1237 2329 1300 2356 alibi
1318 2329 1452 2357 dixisset:
1471 2339 1480 2354 σ
1496 2329 1544 2356 ilic
1564 2329 1680 2356 aediﬁca-

896 2377 935 2404 bit
952 2377 1060 2403 domum
1089 2376 1190 2403 nomini
1220 2384 1280 2403 meo
1291 2376 1324 2409 ⁸³,
1339 2385 1349 2402 ι
1374 2375 1441 2403 Filio
1463 2381 1550 2402 tamen
1570 2376 1678 2402 douutm

896 2427 1051 2449 erecturum
1068 2430 1097 2450 se
1107 2422 1187 2449 Pater
1200 2422 1342 2456 pollicetur
1356 2431 1363 2448 :
1379 2422 1451 2457 quod
1469 2430 1528 2448 cum
1546 2422 1677 2457 intellige-

895 2472 938 2496 ret
960 2469 1053 2495 beatus
1070 2468 1169 2495 Paulus
1179 2466 1214 2500 “,
1232 2466 1321 2494 Mosen
1346 2467 1453 2501 quidem
1472 2466 1575 2493 fidelem
1597 2466 1679 2493 fuisse

896 2515 961 2541 dicit
982 2515 1008 2541 in
1024 2519 1079 2541 tota
1097 2516 1176 2541 domo
1193 2521 1263 2545 mea,
1282 2513 1353 2546 quod
1376 2512 1536 2539 famulorum
1557 2513 1678 2539 ordinem

895 2568 926 2587 ac
948 2568 1102 2588 mensuram
1129 2564 1249 2592 teneret;
1275 2558 1412 2586 Christum
1437 2565 1502 2584 vero
1528 2563 1558 2584 ut
1582 2557 1677 2584 Filium

894 2614 976 2641 super
989 2606 1095 2633 domum
1109 2605 1180 2640 ejus,
1195 2606 1272 2640 cujus
1287 2605 1382 2632 domus
1396 2611 1489 2631 sumus
1503 2610 1561 2630 nos.
1581 2603 1674 2630 Forma

894 2656 982 2678 autent
999 2652 1057 2686 ejus
1075 2650 1200 2678 sacriﬁcii
1224 2657 1268 2677 res
1284 2655 1383 2676 nostra:
1406 2654 1477 2681 sunt,
1495 2656 1545 2675 non
1569 2649 1677 2682 sanguis

894 2702 1031 2724 taurorum
1050 2702 1078 2724 et
1091 2697 1247 2727 vitulorum,
1263 2695 1309 2721 scd
1323 2695 1441 2721 ninnium
1461 2695 1598 2720 hominum
1616 2694 1675 2720 lidei

894 2742 1028 2769 confessio
1045 2751 1051 2768 :
1072 2742 1150 2776 idque
1168 2742 1310 2769 conﬁrmat
1324 2741 1419 2768 beatus
1440 2740 1538 2766 Paulus
1559 2739 1622 2767 item
1638 2741 1675 2766 sic

901 2833 922 2847 ⁸ο
942 2832 961 2859 ΙΙ
978 2832 1041 2867 Reg.
1057 2840 1102 2863 ru,
1119 2832 1215 2864 12,13.
1267 2831 1288 2846 ⁸³
1309 2830 1329 2857 ll
1348 2830 1412 2865 Reg.
1427 2839 1472 2862 νη,
1493 2831 1541 2866 Hi;
1560 2829 1639 2857 Hebr.
1655 2838 1673 2862 l,
