1883 3054
176 159 228 188 H5

665 161 694 189 S.
716 161 854 190 CYllILLl
874 161 1113 190 ALEXANDRlNl
1130 162 1290 191 ARCl’llEP.

1751 160 1808 187 "5

176 221 320 249 scribens:
339 230 348 248 ι
364 220 455 254 Unde,
479 221 576 249 fratres
596 222 694 254 sancti.
711 223 862 250 vocationis
885 222 964 250 cccle-

1057 223 1127 258 ύρων
1142 223 1190 250 καὶ
1214 222 1331 258 μόσχων,
1351 220 1407 248 ἀλλ’
1430 221 1447 255 ἡ
1465 219 1514 255 τῆς
1533 219 1662 246 ἁπάντων
1683 218 1809 250 πίστεως

176 266 224 294 slis
240 267 395 302 participes,
408 266 577 294 considerate
589 267 746 301 Apostolum
759 272 786 295 et
799 267 956 294 Pontiﬁcem

176 313 354 340 confessionis
367 317 465 339 nostra:
481 312 583 345 Jesum,
601 313 646 348 qui
664 313 750 340 ﬁdelis
763 318 804 340 est
817 313 841 339 ei
854 313 899 347 qui
917 312 953 340 l'e-

177 358 215 385 cit
232 358 304 384 illum
314 358 346 385 ⁸⁸.
364 368 373 384 ι
391 359 477 392 Ipsum
501 358 583 394 igitur
597 359 743 386 asserimus
759 367 793 386 ex
811 358 866 385 Deo
879 359 960 387 Patre

180 403 297 431 Verbum
312 411 373 431 cum
390 409 499 439 accepta
516 405 588 432 servi
608 406 694 432 forma
712 410 823 439 propter
841 411 890 432 nos
902 404 960 431 exi-

178 449 286 476 nanittts
306 456 367 476 esse
389 449 500 482 dicitur,
524 454 578 476 tum
596 449 628 476 ad
657 449 832 477 humanitatis
853 455 960 484 quoque

178 500 330 521 mensuram
358 494 475 528 seipsum
495 493 637 528 dejccisse,
658 495 700 521 cui
719 502 853 522 mensura:
867 501 961 522 conse-

177 543 292 572 quenter
313 539 456 566 admodum
482 540 617 571 convenit,
643 544 672 566 ut
690 540 789 567 missus
805 547 866 567 esse
885 545 962 574 pute-

178 587 231 615 tur,
247 589 273 611 et
286 584 373 618 ipsum
394 585 453 618 ejus
472 585 635 613 sacriﬁcium
651 586 768 620 supremi
789 586 860 614 illius
874 585 961 613 houo-

179 629 215 656 ris
228 630 303 664 quasi
317 631 474 658 conciliator
487 632 594 666 quidam
610 632 791 659 existimetur.
805 631 871 658 Nam
887 632 910 659 si
921 631 961 658 la-

178 680 238 702 etus
266 676 352 703 nostri
381 677 488 710 similis,
514 678 635 704 adoravit
657 678 796 705 nobiscum
816 683 845 704 ut
870 677 961 710 homo,

177 722 301 754 quamvis
328 722 421 750 adoret
442 722 528 758 ipsum
550 724 594 750 illa
612 731 728 758 superna
755 729 964 758 sanctorumque

178 766 323 801 spirituum
350 768 513 800 multitudo,
537 776 598 795 cum
628 769 662 796 de
684 769 731 796 illo
756 769 843 797 Moses
868 769 961 796 dicat:

182 820 191 835 ε
206 809 358 844 ιωιθῐηὶιιὶ,
368 812 440 845 caeli,
455 813 535 839 simul
550 821 610 840 cum
626 814 684 847 ipso
692 814 726 846 ⁸⁸,
737 819 764 841 et
777 813 889 840 adorent
901 820 962 840 eum

179 863 274 883 omnes
289 856 335 883 ﬁlii
354 856 400 884 Dei
412 857 453 890 ";
469 867 478 883 )
500 859 564 893 qttid
582 867 691 891 novum,
707 864 734 886 et
750 866 765 885 a
783 859 963 894 dispensatio-

180 902 222 929 nis
238 903 388 931 rationibus
400 904 528 938 alienum,
543 905 564 932 si
580 906 678 933 summi
693 905 837 933 sacerdotii
853 912 964 932 munere
979 902 1000 929 Β

181 948 289 977 functus
311 955 363 983 est,
387 955 416 978 ut
438 951 484 985 qui
501 951 528 978 in
551 952 661 979 odorem
678 951 820 979 suavitatis
842 952 960 985 seipsum

180 1003 229 1029 pro
245 996 334 1029 nobis,
354 1000 382 1023 et
404 1005 452 1024 nos
473 1005 521 1032 per
535 998 653 1032 seipsum
669 1003 696 1025 et
714 998 741 1024 in
761 998 850 1032 seipso
867 997 921 1024 Deo
937 1001 965 1024 et

180 1040 253 1068 Patri
269 1042 414 1069 obtulerit?
431 1052 439 1068 ί
454 1042 554 1070 Christi
574 1044 645 1070 enim
659 1043 745 1070 bonus
755 1044 823 1070 odor
836 1050 938 1074 sumus.
952 1052 962 1069 ι

181 1092 210 1113 ιιι
225 1088 355 1122 scriptum
373 1094 414 1116 est
436 1089 468 1115 ⁸⁸.
488 1089 539 1116 Sed
556 1090 613 1116 haec
629 1089 741 1116 minime
760 1089 888 1116 decenter
905 1095 965 1115 esse

185 1134 255 1160 facta
274 1141 370 1162 rursus
384 1137 508 1170 egregius
523 1135 567 1162 hic
581 1135 622 1161 vir
635 1134 761 1167 afﬁrmat,
778 1141 810 1161 ac
824 1141 965 1169 propemo-

181 1179 244 1206 dum
265 1179 370 1207 deridet
386 1187 434 1208 cos
449 1181 493 1214 qui
516 1181 572 1207 hinc
588 1180 625 1207 ita
649 1187 678 1207 se
695 1180 796 1207 habere
811 1184 916 1212 putant,
933 1186 964 1206 ac

181 1226 270 1253 divina
289 1225 402 1254 consilia
415 1227 495 1262 impie
509 1226 720 1262 reprehendens,
734 1226 761 1254 in
776 1225 848 1253 hunc
858 1225 964 1252 modum

182 1272 240 1300 fere
254 1273 320 1300 dicit
335 1282 342 1300 :

219 1402 273 1439 64
288 1403 417 1435 [Nss-ron.
439 1404 506 1431 Cum
516 1405 587 1432 enim
602 1405 716 1433 audiunt
728 1412 826 1432 nomen
839 1403 965 1439 apostoli,

183 1448 269 1482 ipsum
288 1448 370 1475 Deum
383 1448 500 1477 Verbum
518 1450 670 1485 intelligunt
689 1449 851 1484 apostolum.
872 1448 966 1476 Ponti-

183 1492 240 1520 ﬁcis
252 1494 459 1528 appellationem
476 1503 537 1522 cum
556 1495 658 1530 legunt,
673 1497 844 1525 divinitatem
860 1497 966 1532 ponti-

183 1545 242 1565 cem
256 1538 307 1565 sibi
323 1539 438 1574 ﬁngunt,
458 1547 525 1568 nova
543 1541 687 1569 dementia:
701 1543 801 1576 specie.
815 1543 881 1577 Quis
894 1544 965 1571 ettim

183 1583 296 1616 apostoli
320 1591 418 1611 munus
439 1591 500 1611 cum
525 1585 666 1618 didicerit,
687 1569 739 1613 non
762 1569 837 1615 illico
854 1588 966 1616 indicari
980 1569 1002 1598 θ’

183 1628 319 1655 hominem
348 1629 499 1664 intelligat?
523 1630 589 1663 Quis
606 1631 741 1665 pontilicis
764 1632 967 1667 appellationem

184 1674 313 1706 audiens,
346 1674 499 1702 divinitatis
525 1676 673 1703 essentiatn
702 1677 788 1712 ipsum
814 1678 967 1712 pontiﬁcem

183 1719 339 1746 existimet?
357 1719 424 1747 Nam
440 1720 462 1747 si
481 1720 600 1755 pontifex
613 1727 653 1749 est
668 1722 724 1757 ipsa
741 1721 969 1758 Divinitas,quis-

185 1773 246 1792 nam
270 1765 313 1792 ille
337 1770 379 1794 est
403 1767 447 1800 qui
473 1767 644 1800 pontiﬁcatus
669 1775 780 1796 munere
806 1769 923 1796 colitur?
946 1769 969 1797 si

187 1810 256 1838 Deus
273 1815 313 1838 est
333 1812 379 1846 qui
402 1811 493 1844 oll‘ert,
511 1813 600 1840 nullus
621 1818 662 1840 est
688 1814 731 1840 cui
757 1814 869 1842 oll'ertur
883 1824 890 1843 :
906 1815 970 1850 quid

186 1855 258 1882 cnim
278 1856 423 1884 Divinitate
440 1858 551 1890 dignum
574 1858 619 1891 sit,
640 1863 669 1885 ut
689 1858 732 1886 illa
750 1865 877 1895 tanquam
899 1861 968 1889 infe—

187 1903 242 1929 rior
260 1902 353 1937 majori
377 1902 494 1930 oll'crat?
520 1903 570 1930 llis
595 1905 715 1940 adjungil
731 1913 740 1932 :
756 1905 897 1933 Undenam
920 1907 970 1942 ipsi

156 1963 159 1966 -
186 1949 410 1981 pularuntDeum
428 1957 500 1977 nunc
513 1955 638 1978 vocatum
656 1959 716 1979 esse
732 1952 896 1987 poutilicem,
909 1961 970 1980 cum

186 1993 233 2021 ille
247 1994 334 2021 hostia
351 1995 384 2021 ad
396 1996 593 2030 promotionem
608 2005 696 2030 suam,
713 2002 740 2024 ut
753 1998 904 2032 pontiﬁces,
917 2006 971 2026 non

187 2039 326 2074 indigeat?
338 2039 449 2068 Deitatis
469 2049 609 2076 possessor
632 2050 664 2070 ex
688 2043 845 2072 hominibus
864 2052 971 2072 assum-

187 2091 248 2120 ptus
264 2094 313 2120 pro
327 2087 479 2115 hominibus
489 2089 663 2117 constituitur
683 2089 708 2117 in
721 2090 764 2117 his
780 2097 841 2125 qua:
859 2094 924 2118 sunt
938 2090 972 2118 ad

187 2132 300 2169 Delum}

518 2201 594 2229 CAP.
614 2201 635 2229 l.

223 2268 306 2303 Igitur
320 2275 354 2296 ne
373 2269 484 2296 missum
504 2269 611 2304 quidem
628 2276 688 2297 esse
709 2270 736 2297 in
754 2270 825 2298 hunc
840 2270 970 2298 mundum

188 2316 275 2350 ipsum
302 2315 349 2343 Dei
372 2315 488 2342 Verbum
509 2316 627 2344 asseris?
650 2316 756 2351 decepit
777 2323 853 2351 ergo,
881 2321 908 2343 ut
930 2321 973 2344 est

187 2369 366 2396 consequens,
383 2362 506 2389 homines
522 2369 572 2390 suo
585 2363 737 2390 ministerio
754 2368 865 2390 vocatos
877 2363 973 2390 beatus

188 2407 303 2439 Paulus;
316 2407 354 2434 ait
367 2407 438 2434 enittt
452 2416 458 2434 :
476 2417 485 2432 ι
501 2407 573 2435 Misit
584 2408 655 2436 Detts
668 2407 766 2435 Filium
781 2417 858 2436 suum
872 2408 970 2436 factum

188 2460 221 2479 cx
237 2453 359 2484 muliere,
374 2452 473 2480 factum
491 2454 540 2481 sub
554 2454 611 2489 lege
622 2453 663 2480 ":
681 2464 691 2480 ι
707 2455 879 2482 convincitur
889 2455 970 2482 etiam

190 2505 235 2527 tuo
244 2500 344 2535 judicio
353 2501 446 2528 beatus
456 2501 542 2528 David
554 2506 655 2529 temere
666 2509 774 2529 carmen
787 2503 970 2534 contexuisse,

189 2551 216 2572 ct
228 2546 412 2573 iuscrulahilia
427 2555 563 2581 quaerere;
579 2548 646 2575 dixit
661 2548 734 2575 cnim
746 2547 854 2575 Patrem
867 2549 913 2582 qui
930 2554 973 2576 est

190 2591 216 2618 in
237 2590 312 2618 cmlis
326 2596 353 2618 et
372 2592 454 2620 Deum
472 2593 612 2628 alloquens
627 2603 633 2620 :
651 2603 659 2620 ι
676 2594 774 2622 Emitte
796 2594 882 2622 lucem
899 2599 971 2622 tuam

986 2242 1011 2272 D

1008 269 1149 306 ὁμολογία.
1178 268 1234 295 Καὶ
1256 266 1422 294 πιστώσεται
1445 265 1526 292 πάλιν
1547 265 1595 292 ὡδὶ
1617 263 1772 300 γεγραφὼς
1792 264 1809 290 6

1012 315 1147 351 μακάριος
1167 313 1290 344 Παῦλος·
1307 321 1316 337 ι
1327 311 1419 343 Ὅθεν,
1437 311 1547 346 ἀδελφοὶ⁵
1574 311 1657 344 ἅγιοι,
1678 310 1810 345 κλήσεως

1010 359 1174 396 ἐπουρανίου
1199 359 1320 393 μέτοχοι,
1345 357 1533 392 κατανοήσατε
1562 356 1607 383 τὸν
1638 355 1810 382 ’Δπόστολον

1010 407 1059 434 καὶ
1076 405 1219 441 ’Δρχιερέα
1232 404 1283 439 τῆς
1301 403 1446 438 ὁμολογίας
1470 402 1550 437 ἡμῶν
1571 402 1686 437 Ἰησοῦν,
1705 399 1810 428 πιστδν

1010 453 1076 479 ὄντα
1093 451 1133 487 τῷ
1155 451 1298 486 ποιήσαντι
1314 449 1405 476 αὐτόν.
1423 458 1432 475 ι
1467 448 1554 474 Αὑτὸν
1575 445 1621 475 οὖν
1636 448 1691 483 ἀρα
1707 446 1809 482 φαμὲν

1011 499 1055 525 τὸν
1070 498 1103 524 ἐκ
1116 496 1184 524 Θεοῦ
1201 496 1307 531 Πατρὸς
1323 494 1419 529 Λόγον,
1435 494 1480 520 ὅτε
1495 494 1530 520 δι’
1544 493 1618 528 ἡμᾶς
1631 491 1811 519 κεκενῶσθαι

1012 545 1122 578 λέγεται
1148 542 1253 578 μορφὴν
1265 541 1358 568 δούλου
1373 540 1473 574 λαϐὼν,
1498 539 1558 566 τότε
1575 539 1622 566 καὶ
1638 540 1667 565 ἑν
1681 540 1738 571 τοῖς
1755 538 1812 573 τῆς

1013 591 1223 626 ἀνθρωπότητος
1237 589 1347 624 μέτροις
1361 587 1455 614 ἑαυτὸν
1475 586 1608 618 καθεῖναι,
1622 583 1662 616 οἷς
1675 585 1709 611 ἂν
1729 584 1811 620 πρέ-

1013 646 1059 664 ποι
1081 637 1128 663 καὶ
1147 635 1220 672 μάλα
1246 635 1368 665 εἰκότως,
1397 633 1443 659 καὶ
1460 632 1491 659 τὸ
1515 631 1682 658 ἀπεστάλθαι
1702 630 1813 662 δοκεῖν,

1013 684 1060 710 καὶ
1086 683 1138 717 τῆς
1170 681 1300 709 ἀνωτάτω
1327 679 1411 714 τιμῆς
1438 677 1563 714 ἡγεῖσθαι
1594 676 1725 712 πρόξενον
1755 675 1815 710 τὴν

1014 728 1180 765 ἱερουργίαν.
1194 728 1226 753 Εί
1241 727 1295 762 γὰρ
1306 725 1422 759 ἐπείπερ
1438 723 1534 758 γέγονε
1547 722 1609 749 καθ’
1624 723 1708 758 ἡμᾶς,
1718 729 1813 756 προσ-

1015 775 1150 809 κεκύνηκε
1169 773 1229 808 μεθ’
1240 771 1318 807 ἡμῶν
1335 771 1373 803 ὡς
1388 770 1530 805 ἄνθρωπος
1542 775 1549 783 '
1571 768 1660 794 καίτοι
1681 773 1814 802 προσκυ-

1016 821 1113 856 νούσης
1126 818 1207 846 αὑτὸν
1219 819 1269 854 τῆς
1285 818 1341 845 ἀνω
1352 815 1483 851 πληθύος,
1497 814 1544 841 καὶ
1559 813 1612 840 τῶν
1626 813 1712 847 ἁγίων
1726 819 1815 838 πνευ-

1016 866 1120 902 μάτων,
1136 864 1260 898 λέγοντός
1273 872 1303 890 τε
1315 862 1437 893 Μωσέως
1457 861 1522 896 περὶ
1541 859 1635 891 αὐτοῦ,
1657 868 1666 884 ι
1678 857 1815 893 Εὐφράν-

1015 911 1089 946 θητε,
1099 910 1218 945 οὐρανοὶ,
1229 910 1286 944 ἅμα
1294 908 1378 943 αὐτῷ,
1389 907 1435 933 καὶ
1448 905 1714 942 προσκυνησάτωσαν
1725 902 1815 931 αὑτὸν

1018 957 1118 989 πάντες
1135 957 1188 983 υἱοὶ
1207 955 1275 982 Θεοῦ
1287 964 1293 970 ·
1311 964 1320 980 ι
1335 954 1361 980 τί
1378 954 1409 980 τδ
1426 952 1501 985 ξένον
1522 952 1539 986 ἢ
1562 952 1619 983 τοῖς
1635 951 1685 986 τῆς
1701 951 1814 976 οἰκονο-

1016 1003 1080 1038 μίας
1091 1003 1181 1037 λόγοις
1196 1002 1377 1037 ἀνάρμοστον,
1389 1001 1413 1026 εἰ
1424 998 1630 1035 κεχρημάτικεν
1645 995 1813 1032 ἀρχιερεὺς,

1013 1049 1052 1080 ὡς
1077 1049 1116 1080 είς
1133 1048 1222 1083 ὀσμὴν
1242 1047 1355 1078 εὐωδίας
1379 1045 1476 1073 ἑαυτόν
1499 1053 1529 1071 τε
1551 1044 1623 1079 ὑπὲρ
1644 1042 1734 1078 ἡμῶν,
1761 1041 1814 1068 καὶ

1015 1095 1087 1130 ἡμᾶς
1101 1094 1239 1125 ἀνατιθεὶς
1266 1093 1300 1120 δι’
1316 1093 1412 1119 ἑαυτοῦ
1431 1100 1460 1117 τε
1485 1091 1530 1117 καὶ
1548 1091 1577 1117 ὲν
1592 1089 1679 1124 ἑαυτῷ
1693 1089 1734 1124 τῷ
1747 1088 1814 1122 Θεῷ

1014 1139 1062 1166 καὶ
1076 1138 1181 1174 Πατρί;
1199 1147 1208 1164 ι
1222 1137 1340 1173 Χριστοῦ
1353 1137 1407 1173 γάρ
1418 1137 1502 1171 ἐσμεν
1517 1134 1614 1162 εὐωδία
1627 1133 1696 1169 (l8),
1709 1142 1721 1159 ι
1737 1132 1815 1160 κατά

1015 1186 1046 1213 τὸ
1071 1184 1276 1221 γεγραμμένον.
1309 1183 1380 1210 Ἀλλ’
1401 1183 1500 1218 ἥκιστα
1527 1181 1576 1216 μὲν
1595 1181 1625 1207 ὲν
1647 1179 1744 1215 κόσμῳ
1770 1178 1816 1213 τῷ

1015 1230 1100 1258 δέοντι
1111 1229 1271 1265 πεπρᾶχθαι
1281 1229 1371 1260 ταυτὶ,
1387 1227 1582 1263 διῐσχυρίζεται
1595 1225 1675 1253 πάλιν
1689 1226 1703 1252 6
1714 1224 1815 1258 γεννά-

1015 1276 1064 1308 δας
1086 1276 1193 1303 οὑτοσί·
1216 1276 1295 1311 μόνον
1321 1274 1350 1301 δὲ
1378 1274 1439 1309 οὐχὶ
1467 1271 1632 1307 καταμειδιᾷ
1657 1270 1712 1297 τῶν
1737 1269 1814 1296 οὕτω

1015 1322 1092 1350 ταῦτ’
1106 1322 1178 1357 ἔχειν
1191 1321 1392 1357 ὑπειληφότων,
1416 1319 1464 1347 καὶ
1482 1319 1540 1350 τοῖς
1555 1318 1638 1349 θείοις
1651 1316 1814 1352 σκέμμασιν

1016 1367 1130 1399 ἀνοσίως
1147 1366 1290 1402 ἐπιτιμῶν,
1308 1365 1379 1393 οὕτω
1392 1365 1444 1392 πού
1457 1373 1540 1400 φησιν
1551 1372 1558 1381 ’

1053 1412 1063 1448 [
1078 1412 1239 1439 Ἀποστόλου
1255 1412 1309 1447 γὰρ
1322 1410 1468 1442 ἀκούοντες
1482 1409 1579 1445 ὄνομα,
1592 1408 1639 1435 τὸν
1648 1407 1717 1434 Θεὸν
1724 1406 1816 1440 Λόγον

1017 1458 1123 1486 νοοῦσιν
1138 1458 1298 1485 ἀπόστολον.
1320 1456 1483 1492 Ἀρχιερέως
1499 1454 1734 1490 ἀναγινώσκοντες
1746 1453 1817 1487 κλῆ-

1019 1513 1071 1537 σιν⁷
1092 1503 1208 1538 θεότητα
1225 1503 1271 1530 τὸν
1293 1504 1425 1539 ἀρχιερέα
1443 1502 1636 1537 φαντάζονται,
1656 1499 1818 1535 παραδόξου

1019 1550 1231 1586 φρενοϐλαϐείας
1248 1549 1313 1585 ἰδέᾳ.
1337 1549 1385 1582 Τίς
1404 1550 1458 1584 γάρ
1476 1547 1646 1583 λειτουργίαν
1658 1545 1817 1573 ἀποστόλου

1020 1597 1124 1633 μαθὼν,
1140 1598 1190 1624 οὐκ
1206 1597 1288 1628 εὐθὺς
1299 1597 1443 1632 ἄνθρωπον
1461 1595 1631 1631 μηνυόμενον
1649 1594 1720 1628 ἔγνω
1733 1602 1741 1626 ;
1765 1592 1818 1624 Τίς

1019 1643 1170 1679 ἀρχιερέως
1189 1643 1338 1678 ὀνομασίαν
1356 1642 1474 1674 ἀκούων,
1495 1641 1623 1676 θεότητος
1646 1639 1743 1666 οὐσίαν
1768 1638 1818 1664 τὸν

1020 1690 1150 1725 ἀρχιερέα
1163 1690 1315 1725 νομίσειεν;
1333 1689 1364 1715 El
1377 1689 1432 1723 γὰρ
1446 1688 1591 1724 ἀρχιερεὺς
1609 1687 1625 1722 ἡ
1645 1686 1754 1721 θεότης,
1772 1684 1818 1716 τίς

1019 1737 1034 1763 ὁ
1047 1735 1122 1772 παρὰ
1141 1737 1175 1771 τῇ
1191 1737 1240 1770 τῆς
1262 1735 1469 1771 ἀρχιερωσύνης
1482 1733 1640 1770 λειτουργίᾳ.
1662 1731 1817 1767 θεραπευό-

1022 1791 1101 1817 μενος
1113 1790 1120 1814 ;
1140 1782 1164 1808 εἰ
1180 1781 1246 1813 Θεὸς
1257 1782 1271 1808 ὁ
1283 1781 1458 1816 προσφέρων,
1472 1780 1558 1811 οὐδεὶς
1569 1775 1591 1813 ᾦ
1605 1777 1794 1813 προσφέρεται
1805 1783 1814 1790 ·

1021 1829 1046 1856 τί
1063 1828 1117 1863 γὰρ
1130 1828 1256 1863 θεότητος
1269 1827 1355 1861 ἄξιον,
1377 1827 1410 1854 ἵν’
1426 1827 1464 1859 ὡς
1479 1826 1598 1854 ἐλάττων
1611 1823 1757 1860 προσφέρῃ
1775 1821 1815 1856 τῷ

1023 1873 1141 1908 μείζονι;
1164 1872 1349 1907 Προσεπάγει
1365 1872 1399 1899 δὲ
1414 1872 1531 1904 τούτοις
1542 1880 1548 1887 ·
1563 1869 1648 1897 Πόθεν
1661 1866 1709 1895 οὖν
1721 1867 1814 1898 αὐτοῖς

1021 1920 1035 1945 6
1047 1918 1113 1951 Θεὸς
1130 1918 1280 1952 κεκλῆσθαι
1297 1917 1344 1944 νῦν
1356 1917 1501 1953 ἀρχιερεὺς
1520 1915 1662 1952 ἐνομίσθη,
1687 1916 1702 1941 6
1719 1913 1815 1943 θυσίας

1023 1966 1062 1997 είς
1073 1964 1216 2000 προκοπὴν
1230 1963 1299 1990 ἰδίαν
1314 1963 1385 1990 κατὰ
1399 1963 1462 1993 τοὺς
1474 1961 1618 1997 ἀρχιερέας
1632 1960 1669 1995 μὴ
1684 1958 1794 1994 χρῄζων
1806 1965 1814 1988 ;

1021 2011 1036 2037 6
1064 2009 1196 2045 Θεότητος
1219 2009 1329 2044 κτήτωρ
1355 2008 1385 2041 ἐξ
1408 2006 1560 2042 ἀνθρώπων
1583 2005 1715 2041 ληφθεὶς,
1744 2003 1818 2038 ὑπὲρ

1022 2053 1174 2091 ἀνορῶπων
1187 2054 1349 2082 καθίσταται
1363 2053 1398 2080 τὰ
1417 2052 1485 2088 πρὸς
1499 2051 1544 2079 τὸν
1559 2050 1653 2086 Θεόν.]

1351 2205 1427 2233 ΚΕΦ.
1447 2205 1486 2232 Δ¹.

1061 2273 1166 2301 Οὐκοῦν
1180 2273 1242 2300 οὐδὲ
1258 2272 1427 2300 ἀπεστάλθαι
1441 2271 1495 2307 φὴς
1509 2271 1548 2302 εις
1562 2270 1636 2297 τόνδε
1652 2269 1698 2296 τδν
1715 2268 1818 2303 κόσμον

1025 2323 1070 2349 τον
1085 2321 1132 2347 τοῦ
1148 2320 1216 2347 Θεοῦ
1230 2320 1333 2354 Λόγον;
1348 2318 1531 2353 πεφενάκικεν
1544 2314 1592 2344 οὖν
1613 2316 1679 2351 ἀρα,
1701 2315 1776 2342 κατὰ
1788 2314 1818 2341 τὺ

1026 2366 1110 2399 εἰκὸς,
1126 2367 1189 2398 τοὺς
1202 2366 1235 2393 δι’
1247 2364 1330 2393 αὐτοῦ
1341 2364 1528 2400 κεκλημένους
1542 2364 1556 2390 6
1570 2361 1729 2396 σοφώτατος
1745 2361 1818 2388 Παῦ-

1027 2413 1082 2445 λος·
1101 2413 1154 2447 ἔφη
1170 2412 1224 2447 γὰρ
1234 2431 1243 2444 ,
1259 2412 1300 2438 ὅτι
1326 2421 1336 2437 ι
1354 2409 1560 2443 Ἐξαπέστειλεν
1576 2409 1590 2435 6
1609 2408 1676 2440 Θεὸς
1690 2408 1738 2434 τὸν
1753 2407 1818 2433 Υίὸν

1025 2458 1108 2486 αὑτοῦ
1119 2457 1264 2493 γενόμενον
1276 2457 1308 2483 ὲκ
1318 2455 1457 2490 γυναικὸς,
1474 2454 1618 2489 γενόμενον
1633 2453 1688 2480 ὑπὸ
1703 2453 1815 2488 νόμον-ι

1026 2504 1103 2540 ἁλοίη
1122 2504 1144 2531 δ’
1160 2504 1193 2530 ἂν
1216 2503 1287 2530 κατά
1308 2511 1338 2529 σε
1355 2502 1402 2529 καὶ
1416 2502 1430 2528 6
1446 2501 1580 2536 μακάριος
1594 2499 1677 2525 Δαὸὶδ
1691 2499 1818 2534 ἐρραψῳ-

1026 2549 1116 2585 δηκὼς
1128 2549 1201 2584 εἰκῆ,
1218 2548 1315 2589 καὶ.τά
1334 2547 1468 2581 ἀνέφικτα
1493 2546 1597 2581 ζητῶν·
1625 2545 1682 2579 ἔφη
1696 2544 1752 2579 γάρ
1767 2553 1817 2570 που

1028 2595 1096 2631 πρὸς
1120 2595 1165 2622 τὸν
1185 2596 1214 2621 ὲν
1237 2594 1362 2630 οὐρανοῖς
1378 2593 1487 2629 Πατέρα
1504 2591 1550 2619 καὶ¹
1561 2591 1626 2617 Θεόν
1637 2599 1644 2606 ·
1678 2599 1689 2616 ι
1702 2589 1818 2622 Ἐξαπό-

222 2669 247 2696 ’³⁸
266 2671 345 2709 llcbr.
363 2689 402 2709 ut.
416 2682 440 2716 l,
451 2683 477 2711 ⁸-2..
517 2683 539 2698 ³⁸
555 2683 632 2711 Dcttt.
645 2692 730 2716 χχχιι,
745 2685 770 2711 1.
810 2685 831 2700 ³⁷
849 2684 920 2712 Psal.
935 2692 964 2712 xc

1083 2684 1105 2700 ⁸⁸
1123 2684 1144 2711 ll
1158 2684 1220 2711 Cur.
1236 2691 1265 2715 ll,
1280 2684 1320 2711 l5.
1360 2683 1382 2699 δ’)
1396 2682 1484 2710 Galal.
1500 2689 1535 2714 Iv,
1548 2681 1574 2708 4.

821 2759 900 2787 ΛΝΤ.
923 2758 1060 2788 AGELLII
1081 2759 1196 2787 NOTIE.

229 2839 285 2874 (l8)
299 2838 497 2875 Advertcndum
519 2839 653 2875 quomodo
678 2839 721 2866 hic
743 2844 836 2875 auctor
861 2839 977 2873 accipiat

194 2873 262 2903 hunc
273 2874 344 2902 beati
358 2873 434 2901 Pauli
446 2873 550 2908 locum;
567 2882 627 2902 nam
642 2875 739 2902 bonum
753 2874 875 2907 odorem,
889 2875 916 2902 id
929 2879 970 2902 cst

1031 2839 1155 2870 εὐωδίαν,
1173 2837 1298 2873 intelligit
1321 2838 1484 2865 sacriﬁcium
1502 2836 1528 2864 in
1542 2837 1652 2863 odorem
1675 2835 1817 2864 suavitatis

1024 2875 1153 2901 oblatum.
