1883 3054
92 139 135 167 117

631 143 818 172 ADVERSUS
839 143 1042 174 NESTORIUM
1063 146 1127 174 LIB.
1148 146 1191 176 ill.

1656 152 1711 179 “8'

90 199 185 227 mtlov
203 199 234 226 τὸ
255 200 309 234 φῶς
330 209 390 234 σου,
407 201 457 232 καὶ
472 203 521 238 τὴν
536 203 664 240 ἀλήθειάν
689 213 745 232 σου.
762 215 770 230 ι
787 205 819 232 Τί
833 206 872 237 δὲ,

926 211 952 233 et
968 207 1108 234 veritatem
1123 212 1194 235 tuam
1205 207 1239 234 ’°.
1253 217 1262 233 ι
1275 207 1343 241 Quid
1354 207 1464 235 autem?
1476 208 1518 236 dic
1532 208 1708 241 mihi,nonne

90 247 144 273 εἰπέ
159 255 214 280 μοι,
230 246 291 281 οὐχὶ
310 247 357 291 at}!
378 248 464 280 αὐτὸς
479 250 494 275 ὁ
516 249 578 281 Υἱὸς
595 250 775 286 ψευδοεπήσει
803 252 872 286 τάχα

91 301 134 318 που
149 291 233 325 λέγων
247 300 257 307 ·
283 301 292 317 ι
307 294 345 319 Ut)
367 293 424 329 γὰρ
447 295 613 322 ἀπέστειλεν·
628 297 642 322 ό
666 297 732 329 Θεὸς
748 297 795 324 τὸν
810 298 873 324 Υίὸν

92 340 124 368 εἰς
139 338 180 362 τὸν
195 337 299 371 κόσμον
314 337 357 363 ἵνα
368 339 451 374 κρίνῃ
468 339 513 366 τὸν
527 340 639 376 κόσμον.
656 342 715 368 ἀλλ’
739 343 782 369 ἶνα
797 344 870 378 σωθῇ

91 384 103 408 ὀ
113 382 207 415 κόσμος
220 381 255 407 δι’
268 382 382 414 αὐτῶν
401 384 457 410 Καὶ
470 384 564 410 πάλιν·
590 395 599 411 ι
621 386 692 420 Ἐγὼ
704 387 737 413 ὲκ
752 387 798 414 τοῦ
816 388 873 414 Πα-

91 428 146 462 τρὸς
158 427 280 462 ἐξῆλθον,
295 428 343 454 καὶ
355 428 417 464 ήκω
428 438 435 462 ;
447 439 457 454 ›
473 430 575 466 Γράφει
589 431 617 457 δέ
637 440 688 458 που
704 432 751 458 καὶ
765 434 778 459 ό
793 433 874 468 σοφὸς

96 474 210 507 Ἰωάννης
223 474 289 509 περὶ
302 474 387 501 αὐτοῦ
398 483 406 490 ·
420 485 428 501 t
440 476 470 502 '0
485 475 631 510 λαμϐάνων
645 477 728 504 αὑτοῦ
741 477 790 514 τὴν
804 487 873 514 μαρ-

92 518 177 553 τυρίαν
192 519 362 554 ἐσφράγισεν
376 521 418 547 ὃτι
437 521 452 547 ὁ
466 522 532 553 Θεὸς
545 522 648 558 ἀληθής
661 523 736 550 ἐστιν
748 531 754 538 ·
773 524 803 550 ὂν
819 524 873 560 γὰρ

90 565 238 592 ἀπέστειλεν
263 566 279 592 ὁ
305 567 382 600 Θεὸς,
407 568 442 594 τὰ
466 569 576 604 ῥήματα
599 569 647 596 τοῦ
668 570 736 596 Θεοῦ
758 570 869 597 λαλεῖ-ι

97 610 266 637 ’Δπεστάλθαι
291 611 322 638 δέ
340 621 433 647 φαμεν
453 613 499 640 τὸν
511 614 558 640 τοῦ
571 614 638 641 Θεοῦ
654 615 751 650 Λόγον,
775 616 806 642 τὸ
822 616 873 652 τῆς

90 655 231 691 ἀποστολῆς
246 655 337 692 ὄνομα
353 666 384 684 τε
398 659 446 685 καὶ
462 659 553 694 χρῆμα
570 660 638 695 μετὰ
653 660 707 687 τῶν
722 662 771 696 τῆς
787 662 872 689 κενώ-

91 710 150 733 aeui;
162 701 257 736 ἔχοντα
272 703 397 738 μέτρων·
424 705 457 731 σὺ
475 705 504 731 δὲ
520 706 552 741 δὴ
567 706 656 739 δέδιας
678 707 802 742 ἀμαθῶς,
825 708 874 735 καὶ

90 747 156 782 αὐτῷ
166 747 333 782 προσνέμειν
344 749 474 785 ἐρυθριᾷς
482 751 539 777 ἀνθ’
548 751 609 778 ὅτου
621 752 651 778 τό
661 761 690 778 τε
699 753 748 788 τῆς
759 753 874 780 ἀποστο-

90 793 141 827 λῆς,
159 792 206 818 καὶ
219 792 251 819 τὸ
266 793 321 829 τῆς
332 795 537 831 ἀρχιερωσύνης
550 797 636 832 ὄνομὰ
649 806 679 824 τε
697 799 743 825 καὶ
762 799 871 834 χρῆμα;

90 835 154 873 ’Δρα
170 839 223 873 γὰρ
247 839 469 876 ἀρμόσειενίῖσ,
488 842 634 878 ἁρμόσειν]
656 843 817 879 ὑπείληφας,
835 844 873 875 ὡς

90 883 165 919 ἑτέρῳ
174 884 239 919 παρ’
257 885 345 912 αὐτὸν
360 886 496 923 ἀνθρώπῳ
515 887 554 923 τῷ
575 889 608 915 ὲκ
627 890 766 923 γυναικὸς,
790 890 871 927 ψιλὴν

90 930 167 964 ἔχοντι
183 930 232 965 τὴν
245 931 413 966 συνάφειαν,
436 933 506 960 κατά
531 933 571 967 σὲ,
594 934 642 961 καὶ
660 935 698 966 ὡς
716 937 746 962 ὲν
768 937 870 972 ἰσότητι

91 975 166 1010 μόνης
177 976 227 1010 τῆς
245 977 346 1010 ἀξίας
365 978 427 1010 Πῶς
446 977 492 1006 οὖν
506 979 546 1006 ἔτι
561 979 597 1006 τὰ
610 980 671 1006 καθ’
687 981 761 1016 ἡμᾶς
772 981 871 1017 ὀνήσας

90 1022 174 1056 ἀρᾶται
194 1021 260 1054 Θεὸς
281 1022 324 1050 ὢν
350 1024 364 1050 ό
385 1024 481 1058 Λόγος,
503 1026 527 1052 εί
544 1026 590 1052 καὶ
611 1027 870 1062 προσκεκομίσμεοα

90 1066 121 1093 δι’
132 1068 222 1103 ἐτέρου
233 1068 274 1104 τῷ
290 1069 352 1105 Θεῷ
370 1071 417 1096 καὶ
435 1071 535 1107 Πατρί;
561 1072 660 1099 Οὐκέτι
674 1073 727 1108 γὰρ
743 1073 776 1100 δι’
788 1074 870 1100 αὐτοῦ

91 1113 133 1148 τὴν
152 1116 338 1151 προσαγωγὴν
361 1117 534 1152 ἐσχήκαμεν
565 1118 634 1145 ἀλλά
657 1119 768 1154 γέγονεν
791 1121 870 1156 ἡμῶν

91 1159 194 1194 μεσίτης
206 1160 354 1196 ἄνθρωπος
367 1162 429 1188 καθ’
446 1163 528 1197 ἡμᾶς,
543 1163 573 1190 τὸ
587 1166 636 1200 τῆς
650 1165 774 1200 θεότητος
785 1166 870 1201 ὄνομα

91 1205 270 1233 κατὰπλαστον
296 1207 380 1242 ἔχων.
413 1208 494 1235 Ἀλλὰ
516 1210 568 1241 ναὶ⁶
595 1211 673 1245 φησι,
701 1211 816 1247 σμικρὺν
837 1212 871 1238 ἂν

91 1254 127 1288 εἰη
139 1253 174 1288 τῷ
188 1255 219 1280 ἐκ
232 1255 303 1282 Θεοῦ
319 1256 429 1290 Πατρὸς
451 1256 531 1291 φύντι
552 1257 632 1292 Λόγῳ
656 1257 688 1284 τὸ
708 1258 870 1294 ἱερουργεῖν,

92 1299 198 1335 Σμιιρον
214 1301 452 1337 ὁμολογουμένως.
468 1303 593 1338 Συνεργῶ
607 1303 669 1339 [ἵσ.
684 1304 788 1340 συνερῶ
797 1303 806 1340 1
816 1304 871 1340 γάρ

92 1353 127 1371 σοι
142 1347 321 1381 πρεσίεύοντι
347 1349 485 1384 τάληθές·
512 1349 569 1376 ἀλλ’
593 1350 623 1376 οὺ
640 1352 729 1385 γυμνῇ
756 1352 787 1386 τῇ
812 1350 872 1377 θεό-

91 1398 146 1425 vim
174 1393 347 1427 κεχρημένος
373 1393 491 1428 ὲπέφανε
521 1396 577 1426 τοῖς
601 1395 647 1421 ἐπὶ
661 1395 711 1430 τῆς
733 1396 806 1431 γῆς·
824 1405 871 1431 γε-

92 1436 166 1469 γοι-ὼς
179 1437 206 1464 δὲ
226 1438 332 1472 μᾶλλον
356 1439 500 1474 ἄνθρωπος
521 1440 582 1468 καθ’
603 1442 686 1476 ἡμᾶς,
707 1438 729 1475 ᾧ
751 1441 823 1477 μέγα
844 1450 871 1469 τι

91 1482 175 1517 χρῆμα
199 1484 246 1511 καὶ
274 1483 417 1519 ἐξαίρετον
439 1486 595 1522 ἱερουργία·
618 1489 642 1514 εί
663 1487 692 1514 δὲ
714 1487 746 1524 δὴ
770 1497 871 1524 παραι-

91 1530 153 1578 τεῖτο
173 1529 236 1565 [Ισ.
256 1531 440 1567 παραιτοῖτο]
456 1533 487 1559 τὸ
504 1533 655 1569 ἱερουργεῖν
677 1533 715 1565 ὡς
735 1533 871 1570 ἀνθρώπῳ
886 1549 908 1578 c

93 1575 197 1610 πρέπον,
215 1577 301 1612 ἤγουν
319 1577 408 1614 ἑτέρῳ
422 1578 460 1613 τῷ
475 1577 535 1614 [ῖσ.
552 1579 639 1614 ἑτέρῳ
659 1579 716 1616 τῳ]
737 1581 785 1616 τῆς
811 1581 872 1607 δου-

93 1620 159 1652 λείας
170 1622 257 1656 ἔχοντι
270 1623 385 1658 μέτρον,
409 1624 467 1656 πῶς
488 1625 537 1652 οὐκ
556 1626 668 1661 ἄμεινον
694 1626 770 1662 παρὰ
782 1626 871 1660 ’πολὺ,

91 1665 132 1692 zzl
149 1667 198 1701 πρό
215 1676 246 1701 γε
260 1668 362 1695 τούτου
381 1670 573 1705 παραιτεῖσθαι
584 1670 634 1706 τὴν
647 1671 872 1708 ὲνανθρώπησινς

98 1712 158 1738 Ἀλλ’
179 1713 227 1739 οὐκ
250 1714 410 1750 ἀπόϐλητον
426 1716 573 1751 ἐποιήσατο
596 1717 629 1744 δι’
645 1716 721 1753 ἡμᾶς
742 1719 792 1754 τὴν
813 1719 874 1753 γέν-

91 1765 168 1791 νησιν,
181 1759 272 1785 οὐτοσι
286 1759 329 1792 δὲ,
345 1760 383 1792 ὡς
396 1760 473 1796 ἔφην,
484 1762 642 1797 αἰσχύνεται
657 1763 774 1798 τάληθές
785 1773 791 1780 ·
808 1764 872 1791 ἄσο-

92 1803 134 1835 φον
145 1812 171 1829 τε
186 1804 233 1830 καὶ
248 1805 458 1842 ἀνεπιστήμονα
469 1807 647 1840 καταδεικνὺς
659 1809 764 1836 ἑαυτόν.
778 1810 873 1837 Καίτοι

92 1848 132 1874 τοῦ
146 1850 279 1885 μακαρίου
290 1852 402 1879 Παύλου
415 1853 541 1887 λέγοντος
551 1862 557 1868 ·
577 1863 586 1880 ι
599 1855 636 1881 Οὐ
645 1855 700 1890 γὰρ
712 1856 874 1891 ἐπαισχύνο-

95 1903 137 1928 μαι
161 1895 190 1922 τὺ
217 1897 399 1931 Εὐαγγέλιον,
426 1899 542 1935 δύναμις
569 1901 624 1936 γὰρ
647 1901 715 1928 Θεοῦ
743 1903 816 1929 ἑστιν
833 1903 874 1935 εἰς

93 1940 217 1975 σωτηρίαν
231 1940 316 1968 παντὶ
331 1943 372 1978 τῷ
386 1945 547 1972 πιστεύοντι.
563 1955 572 1971 ι
588 1945 742 1981 θαυμάσειε
756 1947 778 1974 δ’
788 1948 821 1974 ἄν
831 1957 873 1980 τις

93 1987 133 2013 τὸν
147 1987 190 2014 τοῦ
208 1988 275 2015 Θεοῦ
299 1989 400 2024 Λόγον,
417 1992 466 2027 τῆς
487 1992 616 2019 ἁπάντων
639 1993 720 2020 ἕνεκα
737 1993 872 2028 σωτηρίας

94 2032 132 2058 καὶ
148 2032 227 2067 ζωῆς,
241 2035 380 2071 τοσαύτην
396 2036 573 2073 ἀνασχομένῳ
594 2039 689 2066 παθεῖν
706 2040 756 2075 τὴν
776 2039 873 2066 ταπεί-

94 2086 175 2109 νωσιν,
187 2078 219 2113 ἢν
231 2080 283 2106 οὺχ
298 2078 350 2107 οἷδ’
371 2081 446 2113 ὅπως
465 2083 479 2108 ό
504 2083 559 2109 τῶν
583 2084 694 2111 είκαίων
712 2085 777 2120 ἡμῖν
799 2084 872 2111 διδα-

94 2123 196 2158 γμάτωι
211 2125 338 2162 εὑρετὴς,
353 2127 400 2154 καὶ
425 2127 505 2162 μόνον
530 2129 872 2166 ὁμολογεῖν.αἰσχύνεται”

95 2169 175 2196 καίτοι
185 2169 244 2197 δέον
259 2171 383 2205 ἄγασθαι
399 2172 447 2207 μὲν
470 2173 516 2200 ἐπὶ
529 2174 635 2206 τούτοις
656 2175 748 2207 αὑτὸν,
770 2175 871 2201 ἀνακε-

924 253 1005 280 etiam
1035 254 1092 288 ipse
1119 253 1202 281 Filius
1231 254 1377 280 mentietur
1409 253 1503 288 plane,
1532 261 1592 281 cum
1619 255 1704 283 dicit:

926 307 935 323 ι
953 297 1010 325 Non
1026 299 1098 326 enim
1121 299 1194 326 misit
1209 299 1278 325 Deus
1300 298 1396 325 Filium
1422 305 1501 325 suum
1527 298 1552 326 in
1577 300 1706 327 mundum

925 348 954 370 ut
974 343 1077 376 judicet
1102 344 1243 376 mundum,
1266 343 1312 370 sed
1331 348 1361 370 ut
1381 343 1503 371 salvetur
1523 345 1641 372 mundus
1659 353 1707 381 per

924 388 1010 422 ipsum
1024 389 1045 404 "
1060 398 1067 421 ;
1085 398 1093 414 ι
1110 394 1137 416 et
1152 389 1248 416 iterum
1265 398 1273 417 :
1293 398 1301 415 ι
1319 389 1375 424 Ego
1392 396 1424 416 ex
1438 388 1520 417 Patre
1541 390 1607 421 exii.
1622 396 1648 419 et
1662 399 1708 419 ve-

924 435 968 461 nio
979 434 1011 461 θ’.
1025 443 1034 460 ι
1064 434 1163 462 Scribit
1185 434 1267 462 etiam
1295 434 1394 463 alicubi
1418 437 1514 464 beatus
1536 436 1656 464 Joannes
1674 436 1708 463 de

924 479 982 513 ipso
1007 488 1012 506 :
1039 489 1048 505 ‹
1066 480 1116 513 Qui
1144 481 1241 516 accipit
1265 481 1450 509 testimonium
1482 482 1564 517 ejus,
1592 483 1708 518 signavit

923 525 985 559 quia
1003 525 1073 553 Deus
1088 534 1168 553 verus
1181 531 1240 560 est;
1252 534 1332 562 quem
1353 528 1425 555 enim
1440 528 1515 556 misit
1526 528 1606 560 Deus,
1626 528 1707 555 verba

925 571 970 598 Dei
995 571 1116 605 loquitur
1129 571 1163 598 ".
1182 581 1192 598 ›
1209 571 1320 600 Missum
1337 581 1418 608 porro
1442 574 1557 601 dicimus
1578 573 1624 601 Dei
1640 573 1709 601 Ver-

924 616 998 647 bum,
1023 617 1092 650 quod
1117 617 1282 650 apostolatus
1307 625 1404 646 nomen
1425 623 1452 645 et
1468 626 1525 646 rem
1549 619 1628 646 simul
1645 627 1706 646 cum

923 661 1114 688 exinanitionis
1128 662 1262 690 mensuris
1277 662 1400 690 haberet.
1415 663 1455 690 Tu
1470 671 1534 691 vero
1548 664 1630 691 stulte
1649 664 1706 691 l'or-

924 707 1021 739 midas,
1038 712 1065 734 et
1081 707 1118 734 illi
1135 708 1253 735 tribuere
1269 713 1296 735 et
1312 716 1408 736 nomen
1423 714 1450 735 et
1465 717 1520 736 rem
1541 709 1707 744 apostolatus

925 759 956 779 ac
977 753 1122 780 sacerdotii
1145 754 1236 780 nescio
1251 761 1303 788 qua
1324 754 1358 780 de
1374 761 1453 780 causa
1469 754 1616 782 erubescis.
1635 755 1705 782 Num

923 796 994 822 enim
1011 797 1097 831 ipsum
1117 798 1263 825 convenire
1279 803 1359 833 putas
1376 799 1474 825 homini
1491 799 1528 826 illi
1545 807 1579 827 ex
1593 799 1708 827 muliere

925 845 1053 875 tanquam
1073 841 1106 868 ab
1126 841 1172 869 illo
1184 842 1302 876 diverso,
1321 843 1482 877 simplicem,
1496 848 1525 870 ut
1543 844 1599 878 ipse
1615 849 1704 879 putas.

887 881 908 908 Β
923 887 1139 921 conjunctionem
1164 887 1284 921 habenti,
1309 894 1337 915 et
1355 889 1439 917 solius
1455 889 1594 924 dignitatis
1613 897 1704 924 azqua-

924 933 1047 960 litalcm?
1065 933 1205 966 Quomodo
1227 935 1308 968 igitur
1320 935 1375 969 jam
1397 935 1483 970 ipsum
1498 935 1615 962 Verbum
1635 935 1707 970 quod

924 978 995 1006 Deus
1009 985 1078 1012 erat,
1092 984 1199 1007 nostras
1214 987 1256 1007 res
1266 981 1368 1015 juvissc
1382 981 1512 1013 cernitur,
1528 981 1550 1008 si
1566 988 1613 1016 per
1625 981 1705 1008 alium

924 1032 1030 1059 quoque
1051 1025 1085 1053 ad
1103 1025 1187 1052 Deum
1213 1033 1245 1053 ac
1265 1025 1372 1053 Patrem
1393 1026 1502 1053 adducti
1519 1026 1633 1053 sumus?
1648 1025 1706 1053 Non

923 1072 994 1099 enim
1014 1071 1070 1106 jam
1086 1079 1135 1106 per
1156 1072 1242 1106 ipsum
1262 1080 1398 1099 accessum
1418 1073 1572 1104 habuimus,
1594 1071 1640 1099 sed
1657 1071 1707 1099 fuit

924 1118 1055 1144 mediator
1079 1123 1172 1144 noster
1197 1118 1276 1146 homo
1302 1118 1387 1145 nostri
1416 1118 1530 1151 similis,
1547 1117 1601 1153 65
1616 1117 1705 1144 ﬁctum

925 1164 1029 1191 habens
1052 1164 1203 1191 divinitatis
1223 1171 1332 1191 nomen.
1357 1164 1392 1190 At
1421 1165 1503 1197 cnim,
1525 1164 1624 1199 inquit,
1648 1164 1707 1191 exi-

924 1218 1005 1245 guum
1028 1217 1094 1238 sane
1115 1215 1155 1238 est
1173 1209 1261 1237 Verbo
1285 1218 1318 1237 ex
1344 1209 1399 1237 Deo
1423 1210 1512 1244 genito
1537 1210 1706 1237 sacriﬁcandi

924 1264 1032 1284 munus.
1049 1257 1191 1291 Exiguum,
1208 1257 1306 1289 fateor,
1327 1256 1374 1283 tibi
1395 1257 1465 1284 enim
1488 1256 1621 1284 assentior
1638 1256 1707 1283 veri-

925 1307 1007 1330 tatem
1032 1303 1187 1337 praedicanti
1204 1312 1210 1330 :
1227 1303 1274 1330 sed
1294 1303 1366 1330 haud
1386 1303 1455 1330 nuda
1475 1310 1550 1329 usum
1568 1302 1708 1329 divinitate

924 1349 967 1376 his
980 1349 1024 1384 qui
1040 1353 1102 1376 sunt
1120 1349 1145 1375 in
1168 1348 1247 1376 terris
1260 1348 1396 1383 apparuit,
1412 1356 1502 1375 verum
1526 1348 1606 1375 homo
1619 1348 1707 1382 potius

924 1395 1010 1422 nostri
1023 1394 1119 1421 similis
1134 1394 1244 1425 factum,
1257 1394 1299 1420 cui
1314 1401 1438 1428 magnum
1453 1392 1578 1427 quiddam
1594 1397 1636 1420 est
1650 1393 1707 1419 exi-

925 1440 1062 1473 miumque
1084 1438 1253 1466 sacriﬁcandi
1275 1437 1410 1471 oﬁicium;
1437 1437 1509 1472 quod
1537 1437 1560 1464 si
1586 1436 1708 1472 repudiet

924 1485 1094 1514 sacriﬁcandi
1112 1492 1210 1512 munus
1235 1489 1265 1511 ut
1282 1483 1397 1515 homini,
1419 1483 1475 1511 sive
1495 1482 1571 1510 alteri
1590 1483 1705 1517 cuipiam

924 1532 1063 1560 servitutis
1082 1538 1235 1558 mensuram
1254 1531 1360 1558 habenti
1377 1530 1554 1562 conveniens,
1571 1529 1706 1564 quomodo

924 1587 977 1606 non
990 1578 1086 1605 melius
1097 1577 1192 1605 fuisset
1211 1577 1292 1603 etiam
1309 1581 1370 1604 ante
1384 1576 1435 1604 hoc
1448 1583 1556 1609 munus,
1576 1576 1708 1602 humana-

925 1624 1024 1651 tionem
1041 1622 1203 1656 repudiare?
1218 1621 1271 1648 Sed
1287 1626 1376 1649 nostra
1392 1628 1474 1649 causa
1495 1621 1568 1648 haud
1582 1620 1706 1654 rejicien-

924 1669 985 1696 dam
1005 1669 1090 1704 ipsam
1117 1668 1318 1702 generationem
1342 1667 1441 1695 duxit:
1463 1667 1514 1694 iste
1541 1672 1629 1693 tamen
1643 1686 1651 1699 ,
1677 1670 1706 1692 ut

925 1715 991 1747 dixi,
1008 1715 1148 1742 veritatem
1164 1714 1310 1746 erubescit,
1325 1713 1353 1740 in
1373 1720 1426 1747 quo
1443 1713 1611 1747 insipientem
1635 1719 1664 1739 se
1679 1717 1710 1739 er

925 1761 1079 1796 imperitum
1097 1761 1224 1793 ostendit,
1246 1760 1369 1795 quamvis
1382 1760 1477 1788 beatus
1493 1759 1593 1787 Paulus
1614 1759 1705 1786 dicar:

927 1815 936 1832 ι
954 1806 1013 1834 Non
1040 1807 1112 1833 enim
1142 1807 1274 1833 erubesco
1306 1806 1499 1842 Evangelium;
1522 1806 1609 1832 virtus
1635 1806 1709 1832 enim

925 1853 971 1880 Dei
987 1859 1029 1880 est
1045 1853 1070 1879 in
1091 1852 1206 1879 salutem
1224 1852 1297 1879 omni
1318 1852 1480 1880 credenti".
1498 1861 1507 1877 ι
1522 1851 1711 1878 Admiratione

924 1903 1013 1925 autem
1032 1899 1141 1933 dignum
1157 1903 1198 1925 est
1219 1898 1263 1926 Dei
1274 1897 1392 1926 Verbum
1415 1898 1511 1925 salutis
1531 1905 1563 1925 ac
1577 1897 1638 1924 vitae
1653 1904 1708 1923 om-

924 1945 998 1972 nium
1024 1952 1105 1972 causa
1134 1950 1235 1972 tantam
1259 1944 1436 1972 humilitatem
1461 1945 1552 1972 subire
1576 1944 1705 1974 voluisse.

923 1999 1004 2026 quarti
1019 1992 1110 2018 nescio
1126 1991 1260 2026 quomodo
1281 1990 1325 2018 hic
1338 1991 1490 2025 ineptarmn
1503 1990 1707 2025 disciplinarum

924 2036 1057 2067 inventor,
1070 2036 1110 2063 vel
1121 2036 1243 2063 conﬁteri
1257 2036 1342 2064 solum
1361 2037 1496 2064 erubescit
1510 2045 1517 2063 :
1533 2045 1594 2064 cum
1604 2037 1707 2072 aequius

924 2082 1020 2109 fuisset
1045 2087 1184 2117 propterea
1205 2081 1291 2116 ipsum
1319 2082 1470 2115 admirari,
1496 2086 1523 2110 et
1544 2081 1624 2109 simul
1645 2089 1712 2109 cum

923 2128 1004 2155 beato
1027 2127 1160 2162 Propheta
1184 2127 1324 2154 clamare:
1341 2136 1350 2152 ι
1368 2127 1490 2159 Domine,
1514 2127 1604 2154 audivi
1629 2126 1707 2154 audi-

925 2179 981 2200 tum
999 2177 1084 2205 tuum,
1099 2177 1126 2200 et
1138 2173 1228 2206 timui;
1250 2173 1416 2200 consideravi
1441 2180 1521 2207 opera
1546 2177 1602 2205 tua,
1617 2177 1644 2200 et
1660 2181 1713 2200 ex-r

95 2216 197 2249 κρατεῖν
219 2215 248 2242 δὲ
268 2216 340 2252 ὁμοῦ
362 2217 402 2252 τῷ
426 2218 554 2254 μακαρίῳ
577 2220 722 2255 προφήτῃ·
752 2219 870 2255 «Κύριε,

926 2218 986 2253 pavi
997 2218 1030 2245 ".
1047 2227 1056 2244 ι
1075 2217 1141 2244 Nam
1155 2225 1216 2245 cum
1237 2226 1333 2246 omnes
1351 2218 1460 2245 Litterae
1477 2218 1607 2245 divinitus
1621 2218 1707 2253 inspi~

95 2260 235 2296 ιὶσακήκοα
247 2262 298 2298 τὴν
313 2264 400 2298 ἀκοήν
417 2273 463 2291 σου
479 2265 526 2291 καὶ
543 2265 680 2300 ὲφοὸήθην
690 2273 696 2280 ·
722 2266 874 2301 κατενόησα

94 2306 126 2333 τὰ
135 2307 199 2343 ἔργα
213 2317 260 2335 σου
274 2310 323 2336 καὶ
337 2309 462 2346 ἐξέστην.
475 2320 484 2336 ι
507 2311 615 2347 Ἐπειδὴ
632 2311 658 2338 δὲ
674 2312 782 2347 ἁπάσης
800 2312 873 2348 αὐτῷ

95 2352 138 2386 τῆς
164 2352 343 2381 Θεοπνεύστου
374 2355 486 2390 Γραφῆς
516 2356 743 2391 ἀντεγειρομένης
773 2356 874 2392 τρόπον

95 2399 158 2430 τινὰ,
177 2399 222 2426 καὶ
234 2401 440 2436 ἀντανιστώσης
453 2401 502 2436 τὴν
516 2401 655 2436 ἀλήθειαν,
669 2402 772 2437 ψυχρόν
784 2411 813 2429 τε
827 2403 875 2429 καὶ

97 2442 180 2474 ἂῦλον,
195 2444 241 2470 καὶ
256 2445 407 2479 οὐδαμόθεν
424 2446 652 2481 ἐπικουροὺμενον
670 2447 873 2482 ἁποφαινούσης

97 2489 161 2524 αὐτῷ
174 2490 217 2516 τὸν
232 2491 278 2517 ἐπὶ
293 2493 350 2523 τοῖς
368 2492 444 2523 ἰδίοις
454 2492 590 2527 εὑρήμασι
602 2492 691 2526 λόγον,
703 2493 874 2529 διηπόρηκεν

97 2533 123 2558 οὐ
139 2535 252 2569 μετρίως
273 2536 330 2562 τῶν
352 2537 392 2567 εἰς
413 2536 546 2572 ὀρθότητά
565 2545 596 2563 τε
617 2537 664 2563 καὶ
681 2537 808 2572 ἀλήθειαν
828 2538 871 2564 ὲν-

98 2580 169 2606 votth
181 2589 209 2607 τε
231 2582 278 2608 καὶ
294 2581 464 2616 διασκέψεων
475 2589 481 2595 '
497 2581 584 2618 ταύτῃ
602 2591 654 2615 τοι,
671 2583 718 2609 καὶ
739 2583 757 2610 ἃ
779 2583 872 2618 μηδεὶς

88 2625 198 2667 iuberet:
211 2627 265 2653 τῶν
280 2627 320 2659 εἱς
334 2627 467 2662 ὀρθότητα
480 2627 529 2663 τὴν
544 2628 712 2664 δογματικὴν
730 2637 872 2664 μεμαρτυ-

102 2671 226 2704 ρημένων,
242 2672 258 2706 ἢ
272 2672 465 2707 πεφρονηκὼς,
477 2672 494 2707 ἢ
509 2673 596 2706 λέγων
606 2673 756 2704 ἁλίσκεται,
773 2674 872 2705 ταύτας

100 2718 205 2743 ποιεῖται
220 2718 268 2744 τοῦ
285 2718 366 2752 λόγου
383 2719 434 2750 τὰς
455 2718 593 2754 ἀφορμάς·
610 2721 758 2754 σκιαμαχΞῖ
779 2728 808 2745 τε
826 2720 872 2746 καὶ

101 2760 248 2789 διατείνεται
269 2764 370 2799 μάτην,
385 2764 576 2798 ἁντεξάγοντος
597 2764 711 2797 οὐδενὸς,
725 2765 742 2799 ἧ
760 2765 872 2799 φιλονει-

135 2854 155 2869 ’θ
167 2854 232 2882 l‘sal.
250 2864 314 2887 xui,
331 2857 356 2883 5.
397 2857 418 2872 "
433 2855 508 2884 Joan.
525 2864 564 2889 Ill,
580 2856 620 2884 l7.
658 2857 680 2872 ν’
696 2855 771 2884 Joan.
788 2864 840 2887 xt't,
853 2857 896 2884 27.

925 2267 990 2290 ratae
1009 2262 1059 2297 ipsi
1086 2266 1280 2297 repugnarent,
1306 2267 1334 2289 et
1358 2267 1526 2297 opponerent
1549 2262 1706 2295 veritatem,

924 2308 1035 2343 ejusque
1049 2316 1201 2335 sermonem
1214 2315 1267 2342 quo
1282 2315 1329 2335 sua
1344 2313 1494 2336 commenta
1510 2312 1613 2342 tuetur,
1628 2308 1706 2343 frigi-

925 2354 988 2382 dum
1001 2358 1029 2382 et
1043 2354 1129 2382 levem
1143 2358 1170 2382 et
1188 2354 1259 2381 nulla
1273 2361 1307 2381 ex
1321 2358 1397 2388 parte
1412 2353 1506 2381 fultum
1523 2355 1706 2385 ostenderent,

925 2405 978 2428 nan
1007 2401 1134 2428 mediocri
1152 2401 1264 2435 penuria
1289 2405 1423 2428 rectarum
1449 2407 1627 2433 verarumque
1644 2407 1711 2427 sen»

925 2446 1070 2474 tentiarum
1092 2451 1119 2474 et
1135 2446 1340 2480 inquisitionum
1360 2445 1514 2473 laboravit:
1530 2453 1562 2472 ea
1578 2446 1610 2473 de
1626 2453 1707 2473 causa

924 2499 984 2527 quae
1007 2499 1086 2518 nemo
1105 2498 1222 2524 unquam
1246 2496 1318 2518 recta
1336 2491 1492 2525 dogmatum
1515 2491 1710 2517 tradendorum

926 2539 1031 2565 ratione
1048 2537 1173 2569 celebris,
1197 2542 1242 2564 aut
1267 2536 1395 2569 sensisse,
1421 2541 1467 2563 aut
1491 2536 1593 2563 dixisse
1608 2536 1706 2570 depre-

925 2584 1062 2615 henditur,
1080 2583 1112 2610 iis
1128 2591 1175 2617 pro
1189 2590 1344 2609 sermonum
1365 2589 1474 2610 suorum
1495 2581 1638 2609 occasione
1653 2581 1708 2608 uti-

925 2635 978 2662 tur,
1002 2634 1029 2656 ct
1049 2637 1109 2656 cum
1131 2629 1234 2655 umbris
1254 2633 1364 2663 pugnat,
1393 2633 1420 2655 et
1443 2627 1541 2654 frustra
1566 2626 1706 2654 contendit

925 2675 1033 2702 nemine
1052 2678 1231 2708 repugnante,
1248 2678 1295 2700 aut
1314 2673 1355 2700 his
1371 2672 1404 2699 de
1420 2673 1499 2699 rebus
1514 2671 1706 2704 cantendcnte,

926 2719 995 2753 quod
1011 2719 1073 2745 illud
1088 2726 1147 2745 esse
1168 2723 1231 2752 puto
1247 2725 1337 2744 aerem
1353 2717 1507 2744 verberare.
1529 2715 1601 2742 Dixit
1614 2715 1706 2742 enim:

926 2764 992 2798 Quis
1009 2763 1130 2798 Apostoli
1153 2770 1249 2790 munus
1264 2769 1325 2789 cum
1346 2761 1481 2790 didicerit.
1501 2768 1553 2788 non
1572 2759 1643 2787 illico
1662 2759 1706 2786 in-

936 2859 957 2873 ”
974 2855 1049 2883 Joan.
1063 2862 1104 2888 In,
1119 2855 1145 2882 5.
1183 2855 1205 2871 ⁷⁵
1219 2855 1297 2883 Rom.
1312 2862 1331 2889 t,
1348 2855 1389 2882 l6.
1427 2856 1449 2872 ’⁵
1469 2855 1565 2882 llahar.
1582 2862 1620 2885 ιιι,
1636 2854 1663 2881 Ι.
