1883 3054
155 150 191 180 95
672 150 702 178 S.
722 149 861 178 CVRILLI
878 150 1113 179 ALEXANDRINI
1131 151 1292 179 ARCHIEI‘.
1751 149 1789 176 96

157 211 206 238 das
224 210 337 238 tendere
361 210 504 239 credemus
523 217 572 245 par
590 209 654 238 illud
671 210 787 238 filiorum
810 219 826 239 a
847 216 874 240 te
899 213 929 239 di

1031 221 1038 238 ι
1054 213 1082 238 δὲ
1096 213 1198 247 μᾶλλον
1207 210 1306 248 οἷάπερ
1317 213 1426 249 ὀργάνῳ
1442 212 1481 248 τῷ
1493 212 1550 247 ἰδίῳ
1563 211 1683 246 σώματι,
1697 211 1789 238 καθά-

156 260 264 284 ctorum
277 263 283 280 ξ
298 256 369 290 quod
386 257 408 284 ei
427 256 463 283 ita
476 260 528 289 est,
543 257 678 291 quomodo
696 265 749 284 non
763 258 816 285 duo
830 257 938 289 christi,

157 307 184 329 et
201 302 259 332 lilii,
277 307 305 329 et
319 302 443 329 domini?
464 303 500 329 At
519 310 583 330 vero
607 310 722 337 corpore
749 307 879 337 tanquam
898 311 943 331 or-

158 355 228 382 gano
244 348 329 382 ipsum
347 347 464 374 Verbum
477 355 554 375 usum
578 348 709 382 alIirmas,
738 354 768 376 ut
787 354 830 377 est
845 356 944 377 conse-

158 400 255 427 quens.
275 393 328 420 Sed
350 393 373 420 si
391 401 473 420 unum
490 393 559 421 dicis
586 393 696 427 Filium.
717 399 745 422 et
761 403 843 422 unam
860 395 946 431 hypo-

158 439 252 465 stasim
269 438 347 466 Verbi
365 439 544 471 inearnatam,
559 447 611 466 non
627 440 714 474 ipsum
726 441 779 468 erit
791 441 946 470 Divinitatis

158 491 301 518 organum,
325 484 370 511 sed
384 489 476 512 utetur
502 485 592 519 potius
618 485 730 520 proprio
753 493 869 521 corpore
887 491 946 515 tan-

159 536 239 563 quam
257 536 374 563 organo;
386 534 416 556 ut
428 529 555 556 nimirum
568 531 623 565 ipsa
636 531 753 558 hominis
765 532 865 559 anima.
876 532 946 567 Ergo

159 582 242 601 unutn
268 574 364 606 latere,
382 582 435 602 non
464 575 588 603 dividens
610 581 731 609 naturas,
759 578 840 604 simul
866 578 945 606 intel-

159 620 245 655 ligens
257 628 289 647 ac
305 622 425 648 sentiens
449 621 529 648 aliaat
551 629 613 650 esse
628 623 719 651 carnis
733 644 742 656 ,
766 624 847 650 aliam
873 624 944 652 divi-

160 666 253 694 nitatis
268 666 399 693 rationem
415 675 475 700 qua:
489 667 526 694 illi
541 675 574 695 ac
587 668 638 694 soli
665 669 810 696 conveniat
830 679 836 696 :
855 677 945 704 neque

160 711 233 738 enim
248 712 321 739 illam
338 711 419 740 Verbi
437 720 546 740 carnem
564 714 679 741 dicimus
693 715 792 742 factam
804 723 865 743 esse
876 716 944 743 divi-

159 757 283 788 nitatem,
302 757 349 785 sed
377 758 467 793 potius
487 759 618 792 divinam,
645 765 675 787 ut
697 760 771 788 illius
793 762 940 796 propriam.

996 267 1050 295 περ
1065 260 1161 295 ἀμέλει
1175 261 1249 295 καὶὴ
1271 259 1319 286 τοῦ
1335 260 1479 295 ἀνθρώπου
1496 260 1579 295 ψυχή.
1595 259 1702 287 Οὐκοῦν
1717 260 1790 293 ὁμο-

996 305 1112 341 λόγησον
1127 306 1184 339 ἕνα,
1203 306 1240 341 μὴ
1260 306 1371 343 διαιρῶν
1384 306 1434 337 τὰς
1448 306 1553 340 φύσεις,
1569 305 1638 341 μετὰ
1654 305 1701 331 τοῦ
1717 304 1788 330 εἰδέ-

997 360 1042 378 ναι
1062 352 1108 378 καὶ
1135 353 1254 387 φρονεῖν,
1275 352 1317 378 ὅτι
1343 352 1444 387 σαρκὸς
1468 351 1519 387 μὲν
1547 352 1640 386 ἕτερος
1654 352 1668 377 ὁ
1686 351 1766 383 λόγος
1780 369 1788 377 .

998 398 1130 433 Θεότητος
1145 398 1173 424 δὲ
1186 398 1277 429 πάλιν,
1289 398 1303 424 ὁ
1315 398 1382 433 αὐτῇ
1399 397 1444 424 καὶ
1461 397 1531 434 μόνῃ
1544 397 1665 432 πρέπων·
1683 396 1789 431 ﬂutat:

1001 443 1049 478 μὲν
1072 443 1127 478 γὰρ
1152 443 1273 478 Θεότητα
1292 442 1420 477 γενέσθαι
1437 442 1527 477 φαμὲν
1545 441 1592 468 τοῦ
1619 441 1706 475 Λόγου
1734 440 1788 474 τὴν

998 489 1099 524 σάρκα,
1112 488 1188 515 θείαν
1203 488 1231 514 δὲ
1247 487 1359 522 μᾶλλον,
1374 488 1411 520 ὡς
1426 488 1494 514 ίδίαν
1509 487 1592 514 αὐτοῦ
1604 495 1611 503 ’
1631 488 1654 513 εἰ
1669 486 1724 521 γὰρ
1737 486 1788 512 ἀν-

998 533 1107 569 θρώπου
1122 533 1190 568 σὰρξ
1212 535 1228 568 ἡ
1247 533 1406 568 ἀνθρωπίνη
1426 533 1546 567 λέγεται,
1569 531 1595 558 τί
1624 531 1654 558 τὸ
1678 530 1787 558 κωλῦον

997 579 1037 605 ἔτι
1049 579 1095 605 καὶ
1107 579 1181 605 θείαν
1194 579 1282 605 εἰπεῖν
1303 578 1352 613 τὴν
1369 578 1416 605 τοῦ
1432 578 1499 605 θεοῦ
1521 578 1626 612 Λόγου;
1649 577 1681 604 Τί
1693 577 1787 603 τοίνυν

996 625 1123 660 διαγελᾷς
1140 626 1190 659 τῆς
1215 625 1344 659 ἀληθείας
1366 625 1396 651 τὺ
1416 624 1525 655 κάλλος,
1545 623 1698 651 ἀποθέωσιν
1715 623 1786 658 ἡμῖν

995 671 1137 706 ὀνομάζων
1148 671 1197 705 τῆς
1209 670 1289 704 ἁγίας
1307 670 1417 705 σαρκὸς,
1431 670 1509 705 μόνον
1525 669 1555 696 δὲ
1569 669 1640 704 οὐχὶ,
1655 669 1702 695 καὶ
1715 676 1786 695 κατ-

996 716 1134 748 ονειδίζων
1159 717 1216 747 τοῖς
1244 715 1313 752 ὀρθὰ
1340 717 1449 750 φρονεῖν
1477 715 1625 750 ᾑρημένοις
1649 714 1699 749 τὴν
1723 713 1786 739 θεο-

996 762 1121 797 «minam;
1137 762 1225 789 καίτοι
1239 761 1325 795 λέγων
1338 761 1428 792 arms;-

159 802 226 830 Nam
239 804 262 830 si
278 804 396 832 hominis
425 813 488 832 caro
501 806 618 833 humana
644 807 755 839 dicitur,
771 807 836 842 quid
867 809 995 842 prohibet
1013 809 1094 835 etiam
1115 809 1233 835 divinam
1265 808 1356 834 dicere
1387 807 1461 834 illam
1483 814 1543 841 quae
1567 811 1608 834 est
1633 805 1680 833 Dei
1699 805 1783 832 Verbi

160 849 240 875 caro?
263 849 332 883 Quid
352 850 433 885 igitur
450 851 548 879 irrides
564 853 791 887 pulchritudinem
806 855 949 882 veritatis?
977 860 1077 882 sancta:
1095 855 1167 882 illius
1187 854 1279 882 carnis
1301 854 1533 881 consecrationem
1563 853 1590 880 in
1618 853 1682 880 deos
1704 852 1785 879 nobis

160 892 306 926 objicicns,
322 901 354 921 ac
377 897 569 930 propemodum
587 897 786 925 deilicationem
810 899 963 927 hominibus
979 905 1052 928 recte
1075 899 1254 927 sentientibus
1271 899 1442 932 exprobrans
1456 907 1463 925 :
1480 898 1586 925 tametsi
1607 898 1665 932 ipse
1684 897 1760 925 dicas
1775 906 1782 923 :

200 937 332 974 |Nssroa.
359 939 393 967 Ut
426 949 491 976 ergo
522 942 724 970 demonstretur
749 944 816 979 ipsis
839 953 928 980 quoqu

1033 946 1104 981 [Ἵνα
1120 946 1209 972 τοίνυν
1223 945 1316 980 δειχθῇ
1331 945 1381 971 καὶ
1401 945 1458 976 τοῖς
1477 944 1575 980 μάγοις
1589 944 1630 976 τίς
1647 944 1723 970 ἐστιν
1739 939 1787 970 οὗ-

161 983 247 1018 niagis
266 984 328 1017 quis
345 984 390 1011 hic
404 985 441 1012 sit
457 985 491 1012 ab
516 986 570 1013 illis
589 987 717 1015 adoratus
733 1009 742 1021 ,
768 994 796 1016 et
815 990 848 1017 ad
865 998 944 1024 quem

161 1028 222 1055 illos
240 1029 347 1057 duxerit
362 1029 481 1064 Spiritus
497 1033 582 1058 sancti
600 1034 705 1067 gratia,
723 1042 819 1069 nempe
835 1043 889 1063 non
911 1037 945 1063 ad

160 1073 308 1108 simplicem
325 1075 403 1110 vulgo
421 1082 597 1111 conspectum
610 1078 666 1114 52
683 1079 824 1112 infantem,
850 1082 896 1109 sed
912 1083 946 1110 ad

159 1127 258 1154 corpus
270 1122 403 1155 quoddam
420 1122 594 1151 inelfubiliter
617 1125 670 1152 Deo
688 1126 889 1164 conjunctum.]

477 1179 554 1207 CAP.
581 1181 627 1208 IX.

194 1222 260 1250 Cum
275 1223 356 1255 igitur
372 1232 471 1260 corpus
488 1226 665 1255 inelTabiliter
688 1229 742 1256 Deo
768 1230 942 1264 coniunctum

160 1268 241 1299 dicat,
258 1269 329 1303 quod
341 1273 431 1296 autent
447 1275 490 1297 est
505 1279 569 1298 vere
586 1271 732 1305 ineﬂabile,
761 1281 842 1308 supra
862 1275 943 1302 intel-

160 1313 296 1347 ligentiam
310 1314 383 1342 silet
395 1323 474 1350 supra
492 1324 657 1350 sermonem,
681 1326 744 1345 vera
763 1328 874 1353 prorsus
892 1321 945 1348 erit

160 1359 223 1386 nnio
233 1360 273 1386 vel
288 1361 453 1395 conjunctio,
478 1367 506 1389 ut
519 1363 576 1396 ipse
597 1364 668 1398 loqui
685 1364 756 1391 solet
774 1374 781 1392 :
798 1374 859 1393 nam
871 1367 944 1402 ejus-

160 1406 232 1432 modi
247 1411 309 1433 suut
324 1407 480 1440 inell'abilia,
499 1412 525 1434 et
539 1416 630 1435 rerum
648 1409 683 1436 ita
699 1410 769 1438 inter
794 1419 823 1438 se
846 1419 945 1440 conve-

160 1450 292 1478 nientium
310 1453 381 1480 haud
397 1454 490 1488 utique
506 1455 650 1489 quisquam
676 1457 747 1483 scire
774 1458 873 1491 poterit
889 1466 944 1486 Ino-

160 1497 234 1524 dom.
256 1497 332 1530 Quod
349 1499 371 1525 si
389 1499 481 1526 dicere
494 1501 576 1533 nosti,
600 1509 631 1528 ac
645 1507 725 1535 putas
737 1510 816 1536 posse
838 1508 864 1531 te
890 1505 943 1532 vim

161 1541 231 1569 illius
247 1543 446 1577 conjunct-iouis
461 1545 613 1578 declarare,
640 1549 775 1581 quomodo
789 1549 877 1576 adhuc
892 1550 944 1577 crit

159 1596 190 1614 ea
211 1596 256 1615 res
270 1590 439 1618 ineliabilis?
454 1592 537 1618 Miror
548 1594 731 1628 autemquod,
745 1595 869 1628 quamvis
881 1603 944 1623 cor—

159 1641 209 1667 pus
223 1633 276 1661 Deo
292 1636 464 1670 conjunctum
482 1638 564 1670 dicat,
580 1639 659 1672 idque
679 1639 855 1668 ineﬂ‘abiliter
866 1662 873 1673 ,
889 1649 941 1669 non

159 1684 249 1707 tamen
263 1680 328 1708 illud
340 1682 420 1708 etiam
437 1683 520 1717 ipsius
536 1685 674 1718 proprium
688 1693 749 1712 esse
776 1692 891 1719 asserat,
915 1692 944 1714 ut

160 1733 220 1752 cum
239 1733 272 1753 eo
289 1732 416 1762 tauquam
431 1737 514 1756 unum
535 1730 716 1764 intelligatur;
743 1732 790 1758 sed
807 1740 901 1759 rursus
916 1734 942 1759 in

160 1770 297 1799 hominem
326 1781 358 1799 ac
383 1773 466 1800 Deum
481 1774 577 1801 dividit
601 1776 714 1802 seorsiin
738 1784 769 1804 ac
785 1778 942 1811 separatim.

160 1825 242 1845 unutr.
257 1817 395 1846 Christum
412 1825 438 1846 ct
452 1820 593 1847 Dominum
610 1820 714 1853 Jesum,
738 1826 766 1849 et
791 1828 864 1851 recte
879 1831 942 1851 scn-

160 1863 212 1890 tire
222 1871 251 1891 se
266 1865 385 1897 simulat,
401 1866 516 1894 dicens:

195 1909 326 1945 [Ni-:s'roa.
343 1911 437 1946 Neque
454 1920 517 1940 vero
533 1914 645 1948 simplex
656 1915 736 1940 homo
751 1919 793 1941 est
806 1914 942 1946 Christus,

157 1956 174 1981 ό
188 1957 378 1989 calumniator,
395 1960 442 1986 sed
467 1960 548 1987 homo
565 1961 645 1987 simul
659 1966 686 1987 et
711 1961 781 1987 Deus
799 1968 806 1987 :
825 1961 897 1995 quod
919 1962 941 1988 si

158 2003 243 2029 solum
260 2003 330 2030 Deus
345 2010 430 2037 esset,
448 2013 517 2040 opus
530 2011 600 2038 erat,
616 2014 632 2033 ο
647 2006 810 2040 Apollinari,
823 2007 915 2034 dicere
931 2015 937 2033 :

160 2055 169 2070 ι
187 2046 255 2079 Quid
270 2055 311 2074 me
323 2049 444 2082 quieritis
466 2051 620 2078 interﬁcere
636 2051 719 2078 Deum
734 2071 741 2083 ,
755 2052 800 2086 qui
822 2059 886 2079 vera
905 2052 944 2079 lo-

157 2097 237 2119 cutus
251 2101 310 2120 sum
324 2094 400 2122 vobis
410 2096 433 2112 ⁸⁸
447 2096 477 2123 ⁸3»
497 2096 644 2125 llicilleest
659 2098 701 2125 cui
716 2099 807 2132 spinea
824 2098 875 2125 fuit
888 2099 943 2125 cir-

157 2139 306 2172 composita
324 2147 446 2174 corona;
461 2142 506 2169 hie
528 2143 573 2176 qui
591 2143 717 2169 dicebat:
740 2153 748 2168 ‹
765 2142 837 2170 Deus
856 2151 943 2175 meus,

157 2183 229 2211 Deus
250 2193 336 2218 meus,
365 2188 458 2220 utquid
480 2196 524 2215 me
549 2189 719 2222 dereliquisti
735 2189 781 2216 “?
814 2199 823 2214 ι
842 2190 886 2216 hic
897 2191 942 2224 qui

158 2230 312 2258 triduanam
331 2233 415 2260 subiit
432 2239 559 2266 mortem,
589 2234 681 2262 Adero
697 2239 786 2262 autem
812 2235 885 2263 hunc
903 2237 942 2263 si-

996 1001 1042 1024 τος
1060 992 1074 1018 ὁ
1102 993 1168 1026 παρ’
1195 991 1284 1018 αὐτῶν
1319 990 1571 1026 προσκυνούμενος,
1591 990 1638 1016 καὶ
1650 990 1697 1016 ἐπὶ
1722 990 1786 1016 τίνσ.

997 1038 1101 1074 ἢγαγεν
1116 1038 1213 1070 αὐτοὺς
1229 1037 1276 1064 τοῦ
1301 1037 1459 1072 Ιῖνεὺματος
1481 1036 1528 1062 τοῦ
1555 1036 1633 1069 ἁγίου
1652 1037 1668 1070 ἡ
1686 1036 1783 1070 χάρις·

996 1084 1036 1110 ὅτι
1047 1084 1097 1109 οὑκ
1119 1083 1166 1109 ἐπὶ
1188 1083 1266 1117 ψιλὴν
1283 1083 1377 1114 άπῖιῶς
1393 1081 1580 1117 θεωρούμενον
1600 1081 1708 1118 βρέφος,
1724 1081 1786 1108 ἀλλ’

995 1128 1042 1155 ἐπί
1057 1137 1083 1154 τι
1099 1129 1179 1164 σῶμα
1195 1128 1366 1163 συνημμένον
1381 1128 1507 1164 ἀρρήτως
1520 1126 1580 1161 Θεῷ
1593 1125 1604 1162 ]

1295 1184 1421 1213 ΚΕΦΑΛ.
1442 1183 1481 1212 Θ¹.

1031 1230 1096 1257 Ὅτε
1113 1231 1202 1257 τοίνυν
1212 1231 1337 1266 ἀρρήτως
1354 1230 1488 1266 συνῆφθαι
1504 1230 1564 1266 Θεῷ
1578 1230 1609 1256 τὸ
1631 1230 1710 1265 σῶμά
1733 1238 1786 1264 φη-

997 1285 1037 1303 σι·
1056 1277 1085 1303 τὸ
1103 1277 1131 1304 δὲ
1159 1277 1315 1313 ἀπόρρητον
1338 1277 1454 1312 άληθῶς,
1474 1276 1544 1312 ὑπὲρ
1560 1276 1623 1303 νοῦν
1650 1277 1709 1302 ἐστι
1736 1275 1786 1302 καὶ

996 1323 1083 1357 λόγον,
1107 1324 1210 1359 ἀληθής
1233 1332 1284 1349 που
1300 1323 1407 1354 πάντως
1421 1324 1438 1358 ὴ
1460 1323 1566 1354 ἐνωσις,
1578 1323 1661 1357 ἤγουν
1680 1323 1697 1357 ἡ
1717 1330 1785 1347 συν-

996 1370 1089 1404 άφεια,
1111 1371 1171 1396 κατ’
1192 1370 1284 1397 αὐτόν.
1307 1370 1463 1405 Ἀπὲρρητα
1481 1369 1533 1404 γὰρ
1560 1369 1594 1395 τὰ
1618 1368 1716 1400 τοιάδε,
1734 1369 1784 1394 καὶ

994 1415 1048 1441 τῶν
1055 1415 1140 1446 οὕτως
1146 1415 1268 1450 ἀλλήλοις
1282 1415 1502 1450 συμϐεϐηκότων,
1513 1415 1562 1441 οὐκ
1573 1414 1616 1447 ἂν,
1634 1412 1728 1450 οἶμαι,
1736 1413 1782 1445 τὶς

996 1461 1079 1496 είδείη
1094 1462 1141 1488 τὸν
1158 1462 1270 1497 ¹ιτρόπον.
1287 1462 1320 1489 Εἰ
1337 1462 1364 1488 δὲ
1378 1459 1456 1489 οἶσθα
1474 1462 1576 1496 λέγειν,
1587 1461 1638 1488 οἴει
1655 1470 1684 1487 τε
1699 1460 1785 1487 δύναο

996 1507 1057 1534 σθαι
1078 1507 1240 1543 διατρανοῦν
1260 1507 1310 1542 ’τῆς
1337 1508 1486 1542 συναφείας
1508 1508 1558 1542 τὴν
1574 1507 1704 1543 δύναμιν,
1724 1507 1784 1539 πῶς

995 1554 1150 1589 ἀπόρρητον
1168 1553 1208 1579 ἔτι
1224 1553 1254 1579 τὸ
1268 1553 1362 1589 χρῆμά
1376 1554 1450 1586 tau;
1465 1552 1602 1588 Θαυμάζω
1612 1553 1650 1584 δὲ,
1662 1553 1704 1579 ὅτι
1719 1552 1784 1579 καί-

995 1609 1036 1626 τοι
1051 1599 1130 1634 σῶμα
1149 1599 1235 1633 λέγων
1258 1599 1392 1634 συνῆφθαι
1408 1599 1482 1634 Θεῷ,
1503 1600 1549 1626 καὶ
1563 1598 1642 1625 τοῦτο
1659 1599 1785 1634 ἀπορρή-

996 1655 1060 1678 τως,
1071 1646 1120 1672 οὐκ
1135 1645 1219 1672 αὑτοῦ
1235 1645 1267 1680 δὴ
1279 1645 1358 1672 τοῦτο
1370 1646 1417 1672 καὶ
1433 1645 1498 1671 [διον
1508 1643 1578 1672 εἶναί
1592 1653 1686 1680 φησιν,
1700 1643 1735 1669 ἵν’
1746 1643 1785 1674 ὡς

996 1694 1024 1720 ἒν
1038 1696 1124 1720 νοοῖτο
1143 1695 1200 1729 μετ’
1213 1692 1297 1720 αὑτοῦ
1309 1701 1314 1707 ·
1330 1693 1435 1727 μερίζει
1449 1691 1477 1718 δὲ
1493 1691 1573 1717 πάλιν
1589 1691 1627 1721 είς
1639 1689 1784 1724 ἄνθρωπον

996 1740 1042 1766 καὶ
1057 1739 1133 1771 Θεὸν,
1147 1739 1200 1766 ἀνὰ
1217 1739 1308 1774 μέρως
1323 1747 1352 1764 τε
1365 1738 1411 1764 καὶ
1427 1737 1529 1769 ίδικῶς,
1540 1737 1585 1762 τὸν
1598 1736 1646 1763 ἕνα
1663 1734 1783 1770 Χριστὸν

996 1786 1042 1812 καὶ
1055 1785 1158 1820 Κύριον
1177 1784 1292 1820 Ἰησοῦν,
1311 1785 1357 1811 καὶ
1372 1783 1440 1818 ὀρθὰ
1454 1783 1564 1818 φρονεῖν
1580 1781 1783 1808 ὑποπλάττεται

995 1832 1080 1864 λέγων
1089 1839 1096 1845 ·

1031 1920 1117 1956 [Ἀλλ’
1133 1921 1162 1946 οὐ
1180 1919 1256 1954 ψιλὸς
1272 1919 1414 1953 ἄνθρωπος
1435 1917 1449 1942 ὁ
1466 1916 1593 1952 Χριστὸς,
1613 1916 1783 1950 συκοφάντα,

995 1967 1051 1993 ἀλλ’
1071 1966 1214 2001 ἄνθρωπος
1231 1965 1299 1999 ὁμοῦ
1315 1963 1363 1990 καὶ
1381 1963 1447 1994 Θεός
1459 1971 1466 1978 °
1483 1964 1506 1988 εί
1521 1962 1549 1988 δὲ
1571 1962 1651 1996 μόνον
1673 1962 1783 1996 ὑπῆρχε

995 2012 1071 2044 Θεὸς,
1100 2011 1195 2046 ἐχρῆν,
1222 2009 1405 2043 Ἀπολινάριε,
1421 2008 1523 2034 εἰπεῖν·
1541 2007 1600 2037 οτι
1620 2015 1653 2041 με
1674 2006 1783 2041 ζητεῖτε

995 2057 1156 2083 ἀποκτεῖναι
1178 2055 1254 2085 Θεὸν,
1269 2054 1299 2086 ὃς
1311 2055 1360 2089 τὴν
1373 2053 1503 2088 ἀλήθειαν
1521 2046 1585 2086 ὑμῖν
1600 2051 1755 2086 λελάληκα,
1773 2062 1781 2077 ν

995 2102 1080 2135 Οὗτος
1101 2105 1115 2129 ὁ
1129 2102 1174 2129 τὸν
1190 2102 1333 2129 ἀκάνθινον
1347 2099 1525 2135 περιθέμενος
1541 2099 1671 2133 στέφανον
1683 2107 1689 2113 ·
1706 2096 1784 2128 οὗτος

994 2151 1009 2176 ὁ
1042 2150 1140 2184 λέγων,
1165 2158 1174 2174 ε
1194 2148 1244 2175 Θεέ
1264 2156 1315 2183 μου
1328 2169 1334 2180 ,
1351 2147 1401 2172 Θεέ
1421 2155 1489 2181 μου,
1510 2146 1553 2173 ἵνα
1568 2146 1593 2171 τί
1619 2154 1652 2179 με
1669 2146 1784 2180 ἐγκατέ-

994 2195 1086 2228 λιπες;
1111 2205 1120 2221 ι
1147 2192 1223 2226 οὗτος
1252 2195 1266 2220 ὁ
1287 2194 1438 2230 τριήμερον
1464 2191 1592 2226 τελευτὴν
1620 2191 1782 2226 ὑπομείνας.

994 2240 1144 2276 Προσχυνῶ
1162 2240 1191 2266 δὲ
1208 2240 1256 2266 σὺν
1272 2240 1304 2274 τῇ
1324 2238 1436 2273 Θεότητι
1449 2235 1552 2269 τοῦτον,
1572 2237 1609 2268 ὡς
1635 2236 1686 2270 τῆς
1707 2235 1784 2267 θείας

156 2277 210 2303 mul
228 2285 289 2304 cum
307 2277 470 2311 Divinitate,
491 2284 621 2314 tanquam
651 2280 751 2308 divina:
772 2280 929 2308 delensoren

1031 2287 1142 2322 νήγορον
1158 2283 1326 2320 αὕθεντίας.]

156 2323 350 2351 auctoritatis.‘

481 2371 558 2398 CAP.
578 2370 613 2398 Χ.

191 2414 320 2449 Videjam
340 2423 433 2443 rursus
446 2417 673 2450 quemadmodum
691 2417 788 2452 raptim
805 2418 936 2452 decipiat,

155 2463 183 2486 et
196 2459 253 2486 suis
266 2461 437 2489 sermonibus
461 2462 582 2489 veritatis
605 2463 724 2497 speciem
751 2464 938 2498 cit-componat

156 2503 241 2540 [Nom
259 2506 356 2539 inquit,
373 2507 487 2542 simplex
504 2508 584 2535 homo
595 2513 636 2535 est
650 2508 785 2542 Christus,
800 2510 847 2536 sed
860 2511 940 2537 homo

154 2551 235 2577 simul
251 2557 278 2577 ct
295 2551 387 2588 Deus],
417 2561 566 2588 rursusque
581 2555 695 2587 dividat,
716 2560 746 2581 et
768 2556 839 2583 haud
856 2563 937 2583 unum

154 2603 215 2623 esse
232 2596 315 2629 dicat,
339 2602 366 2624 et
389 2597 472 2625 stulte
487 2600 558 2632 quod
582 2607 597 2626 a
624 2600 733 2627 nemine
759 2601 795 2627 sit
822 2602 937 2634 positutn

154 2641 280 2674 accipiat,
290 2647 316 2669 et
333 2645 402 2677 quod
420 2644 470 2670 sibi
489 2643 577 2678 placet
597 2648 712 2671 astruat.
728 2645 843 2672 Perinde
865 2646 937 2672 enim

155 2695 188 2714 ae
202 2688 225 2714 si
238 2689 372 2723 quispiam
387 2690 500 2722 diceret,
514 2692 613 2718 nudum
627 2691 713 2725 ipsum
728 2691 843 2719 Verbum
857 2696 885 2718 et
898 2692 938 2719 ci-

157 2737 197 2759 Ira
216 2741 325 2761 carnem
341 2735 367 2761 in
382 2736 462 2762 terris
482 2737 560 2763 nobis
585 2737 757 2771 apparuisse,
779 2737 938 2764 nobiscum-

155 2786 208 2813 que
221 2780 350 2812 locutum,
366 2782 406 2808 vel
423 2782 513 2809 divina
530 2783 606 2817 signa
630 2782 766 2814 edidisse,-
791 2787 840 2810 aut
864 2791 938 2811 com-

191 2861 213 2875 ”
229 2860 304 2887 Junii.
321 2870 374 2893 vti,
396 2862 438 2889 40.
480 2862 500 2878 ⁸⁸
522 2862 615 2889 Maltli.
631 2870 718 2895 xxv",
736 2863 779 2889 46.

1298 2372 1422 2398 ΚΕΦΛΛ.
1445 2373 1473 2398 l'.

1031 2419 1124 2454 'AOpzt
1136 2419 1166 2452 δή
1183 2427 1228 2452 μοι
1253 2417 1332 2444 πάλιν
1349 2416 1554 2452 συναρπάζοντα
1583 2415 1644 2450 μὲν,
1667 2415 1715 2442 καὶ
1732 2415 1782 2449 τῆς

992 2464 1120 2499 ἀληθείας
1139 2464 1188 2498 τὴν
1211 2463 1351 2498 μόρφωσιν
1375 2463 1431 2493 τοῖς
1454 2461 1551 2488 ἑαυτοῦ
1576 2460 1724 2494 περιθέντα
1738 2459 1783 2486 λό-

993 2517 1065 2543 γοις·
1084 2509 1131 2544 [οὐ
1147 2509 1202 2543 γὰρ
1226 2508 1303 2543 ψιλὸς
1328 2508 1470 2543 ἄνθρωπος
1481 2527 1488 2537 ,
1513 2506 1606 2542 φησὶν,
1622 2506 1636 2531 ὁ
1651 2505 1783 2540 Χριστὸς.

993 2556 1050 2582 ἀλλ’
1066 2555 1208 2590 ἄνθρωπος
1228 2554 1294 2590 ὸμοῦ
1315 2555 1361 2581 καὶ
1386 2553 1474 2589 Θεὸς·]
1491 2553 1630 2580 διῖστάντα
1650 2551 1679 2578 δὲ
1702 2551 1784 2578 πάλιν

994 2603 1041 2628 καὶ
1049 2602 1097 2636 οὐχ
1108 2601 1156 2627 ἕνα
1167 2600 1290 2634 λέγοντα,
1302 2601 1350 2627 καὶ
1357 2599 1553 2626 ἀνυπόθετόντι
1563 2599 1710 2634 δεχόμενον
1717 2598 1786 2632 ἁμα-

995 2646 1058 2678 θῶς,
1068 2647 1115 2672 καὶ
1128 2646 1364 2676 κατασκευάζοντα
1373 2645 1403 2671 τὸ
1417 2645 1520 2671 δοκοῦν.
1535 2644 1579 2674 Ὠς
1591 2645 1644 2678 γὰρ
1658 2643 1784 2676 λέγοντός

993 2700 1074 2722 τινος.
1089 2691 1191 2726 γυμνὸν
1205 2691 1251 2717 ἐπὶ
1261 2692 1312 2725 γῆς
1324 2691 1371 2717 καὶ
1386 2691 1446 2725 δίχα
1460 2690 1560 2725 σαρκὸς
1570 2687 1659 2723 ὥφθαί
1671 2698 1701 2715 τε
1718 2689 1784 2724 ἡμῖν

993 2737 1039 2762 τὸν
1053 2737 1148 2770 Λόγον,
1170 2737 1217 2763 καὶ
1235 2737 1298 2768 τοὺς
1315 2736 1382 2772 πρὸς
1401 2737 1475 2770 ἡμᾶς
1490 2735 1655 2771 ποιήσασθαι
1673 2734 1783 2768 λόγους,

994 2784 1076 2819 ἧγουν
1096 2784 1240 2819 ἐνεργῆσαι
1257 2782 1501 2818 τᾰςσθεοσημείας,
1529 2781 1612 2816 ἤγουν
1636 2781 1678 2807 ὅτι
1695 2780 1783 2812 κοινὸς
