1883 3054
74 144 102 170 9?
639 136 829 166 ADVERSUS
849 138 1054 166 NESTORIUM
1073 139 1139 167 LIB.
1161 138 1194 166 ll.
1675 143 1711 170 98

75 202 105 238 ἦν
117 201 269 237 ἄνθρωπος,
292 200 342 227 καὶ
362 201 412 228 οὐχ
435 201 517 232 αὐτὸς
529 201 543 226 6
567 199 653 234 Λόγος
673 200 767 235 γέγονε
783 201 817 227 σά

965 208 1031 228 ιηεηι
1047 202 1184 229 hominem
1195 200 1288 234 fuisse,
1305 208 1357 229 non
1372 201 1459 236 ipsum
1473 201 1590 229 Verbum
1611 202 1708 230 factum

79 248 121 284 [06
134 246 222 280 ψιὶὸς,
238 245 325 279 φησὶν
338 265 346 277 ,
373 245 517 280 ἄνθρωπος
541 246 555 271 ό
580 245 707 280 Χριστὸς,
728 245 796 272 ἀλλὰ
820 245 868 272 καὶ

77 289 164 325 Θεός.1
187 289 284 324 Ἡμεῖς
297 289 338 320 δὲ,
350 286 374 315 ὦ
389 289 522 324 βέλτιστε,
541 289 625 324 φαίην
645 289 678 315 ἂν
696 289 795 324 ἔγωγε,
814 289 867 315 κᾶν

78 337 191 370 λέγωμεν
203 334 288 361 αὐτὸν
304 334 450 369 ἄνθρωπόν
466 342 496 360 τε
511 333 578 369 όμοῦ
595 334 642 360 καὶ
657 334 733 367 Θεὸν,
750 335 801 360 οὐκ
815 334 867 360 ἀνὰ

79 381 155 416 μέρος
168 379 292 411 τιθέντες
308 379 344 406 τὰ
357 380 446 407 τοιάδε
462 379 554 415 φαμέν
565 388 572 395 ·
586 380 632 406 τὸν
648 380 728 406 αὑτὸν
742 379 771 406 δὲ
796 380 867 415 μᾶλ-

78 427 118 453 λον
138 425 239 457 εἰδότες
257 426 308 452 καὶ
325 426 380 461 πρὸ
407 426 457 460 τῆς
473 425 707 461 ὲνανθρωπήσεως
731 425 795 451 Υῐὸν
817 425 867 452 καὶ

77 472 134 498 Θεὸν
147 471 194 498 καὶ
205 471 297 505 Λόγον
311 471 358 498 τοῦ
376 471 481 506 Πατρός
492 479 499 486 ·
512 471 653 507 ἄνθρωπον
663 471 692 497 δὲ
705 470 774 506 μετὰ
785 471 867 498 τοῦτο

78 518 130 545 καθ’
157 518 230 553 ἡμᾶς
245 518 381 552 γεγονότα
393 538 401 550 ,
419 518 466 544 καὶ
496 517 715 552 σεσαρκωμὲνον.
735 517 764 544 Ὁ
780 517 809 543 δὲ
827 517 867 544 δι-

78 564 276 599 ῐσχυριζόμενος
294 564 334 599 μὴ
347 564 404 591 δεῖν
418 563 498 590 αὐτὸν
515 563 658 599 ἄνθρωπον
680 562 799 590 νοεῖσθαι
820 564 866 598 ψι-

77 611 126 643 ὶον,
152 609 219 637 ἀλλὰ
236 609 306 636 Θεὸν
331 611 379 636 καὶ
402 610 561 645 ἄνθρωπον,
585 609 719 645 ἀπονέμει
744 610 794 645 μὲν
819 610 865 636 τὸν

77 655 209 682 ἀκάνθινον
222 655 370 689 στέφανον,
381 656 429 682 καὶ
443 655 479 682 τὰ
494 655 575 690 ἕτερα
586 654 640 681 τῶν
650 654 756 687 παθῶν,
773 654 865 686 ίδικῶς

77 701 202 736 ἀνθρώπῳ
212 702 261 727 καὶ
273 702 329 728 ἀνὰ
345 701 439 737 μέρος·
455 702 619 736 προσκυνεῖν
631 701 659 727 δὲ
675 700 803 736 ὁμολογεῖ
817 701 865 727 σὺν

77 751 105 784 τῇ
115 748 224 782 Θεότητι
239 747 350 774 τοῦτον·
363 749 412 774 καὶ
426 747 457 774 τὸ
474 747 514 774 ἐτι
531 747 752 782 δυσσεὸέστερον,
764 746 801 778 ὡς
814 747 864 773 οὐκ

77 795 133 820 ὂντα
152 794 198 829 μὲν
215 794 289 820 κατὰ
301 794 334 820 τὸ
346 794 420 825 εἰκὸς
433 794 499 820 Θεὸν
513 793 621 829 ἀληθῶς
637 793 685 820 καὶ
700 793 763 820 Υίόν
773 801 780 808 ⁸
803 801 865 820 συν-

80 843 168 875 ἡγορον
182 840 209 866 δὲ
231 840 369 874 γεγονότα
385 840 435 874 τῆς
451 839 595 870 αὑθεντίας
619 838 665 865 τοῦ
684 839 782 873 Λόγου.
801 838 863 865 Ὅτι

917 255 978 275 esse
990 255 1098 275 carnem
1114 257 1121 276 :
1135 247 1217 284 [Non,
1233 248 1333 283 inquit,
1354 247 1469 282 simplex
1481 251 1522 274 est
1539 247 1620 274 homo
1651 248 1710 281 ipse

918 293 1055 326 Christus,
1081 301 1177 320 verum
1194 293 1276 321 etiam
1295 292 1389 329 Deus.]
1412 292 1465 320 Sed
1484 297 1513 319 ut
1535 292 1601 319 mihi
1619 293 1710 319 dicere

919 340 1010 373 liceat,
1029 348 1089 372 nos,
1104 348 1120 367 ο
1138 340 1180 366 vir
1205 340 1319 373 optime,
1337 339 1460 373 quamvis
1486 338 1561 366 illum
1586 339 1711 365 dicamus

918 386 1056 413 hominem
1068 385 1184 412 simulet
1201 386 1296 418 Deum,
1310 392 1362 412 non
1372 384 1429 412 haec
1440 384 1554 411 seorsim
1564 383 1711 410 dividendo

918 431 1045 463 dicimus,
1060 431 1107 458 sed
1124 431 1213 465 potius
1234 431 1361 458 eumdem
1385 430 1504 458 scientes
1526 430 1609 456 etiam
1634 433 1712 456 ante-

917 483 998 510 quam
1016 481 1090 503 esset
1102 476 1183 504 homo
1211 476 1310 508 factus,
1324 481 1352 503 et
1379 474 1492 508 Filium,
1519 479 1547 502 et
1570 475 1666 506 Deum,
1685 477 1712 501 et

918 523 1038 550 Verbum
1058 522 1160 554 Patris,
1178 522 1316 549 hominem
1332 529 1398 548 vero
1414 526 1507 556 postea
1531 521 1617 548 nostri
1634 520 1712 548 simi-

917 569 968 595 lem
981 568 1081 595 {actum
1104 573 1132 595 et
1140 569 1320 595 incarnatum.
1334 567 1381 595 ille
1390 575 1453 594 vero
1461 575 1522 595 cum
1531 567 1646 594 afﬁrmet
1658 574 1711 594 non

917 622 978 642 esse
993 614 1066 641 illum
1079 614 1180 641 nudum
1194 613 1554 648 hominemintelligendum,
1568 612 1615 640 sed
1627 613 1710 640 Deum

916 664 943 687 et
967 659 1117 691 hominem,
1133 660 1255 693 spineam
1278 658 1387 693 quidem
1413 666 1541 685 coronam
1558 663 1585 685 et
1597 662 1711 684 caeteras

917 705 1058 740 passiones
1077 704 1187 739 proprie
1197 711 1230 731 ac
1244 704 1358 731 seorsim
1371 704 1473 730 homini
1487 703 1592 735 tribuit,
1615 707 1643 729 et
1663 703 1711 729 ad-

916 759 994 779 orare
1007 759 1037 778 se
1050 753 1121 778 hunc
1134 750 1214 777 simul
1234 758 1294 777 eum
1313 750 1458 777 Divinitate
1475 749 1587 781 fatetur,
1597 753 1624 776 et
1638 749 1710 784 quod

916 797 969 833 53
986 798 1070 832 magis
1087 797 1199 832 impium
1214 798 1258 829 sit,
1275 801 1404 830 tanquam
1418 803 1472 822 non
1487 797 1531 828 sit,
1550 801 1577 822 ut
1591 801 1632 823 est
1644 803 1711 822 con—

916 851 1090 876 sentaneum,
1116 850 1179 870 vere
1201 843 1273 869 Deus
1298 850 1330 870 ac
1344 842 1445 874 Filius,
1468 842 1513 869 sed
1540 842 1711 868 auctoritatis

78 887 126 920 γὰρ
143 887 276 921 διῖστησιν
301 887 438 922 ἐναργῶς,
456 888 583 921 σαφηνιεῖ
604 886 684 913 πάλιν
699 886 729 913 τὸ
758 887 806 913 σὺν

966 891 997 917 ·ι)ὶ
1016 895 1145 917 assertor.
1163 889 1230 915 Nam
1250 891 1322 923 quod
1340 888 1481 915 evidenter
1499 888 1658 922 distinguat,
1676 895 1709 914 ex

80 932 180 966 Θεότητι
192 931 412 967 προσκυνεῖσθαι
427 931 482 957 δεῖν
498 932 580 958 αὑτὸν
590 931 742 966 ὁμολογεῖν.
759 931 796 958 Τὸ
809 931 864 965 γὰρ

79 979 154 1013 ἑτέρῳ
168 978 478 1013 συμπροσκυνούμενον,
495 977 588 1013 ἔτερόν
604 986 654 1004 που
671 977 781 1009 πάντως
805 978 865 1004 ἐστὶ

81 1024 135 1058 παρ’
148 1023 234 1049 ἐκεῖνο
251 1023 313 1058 μεθ’
331 1020 362 1050 οὗ
389 1023 603 1059 προσκυνεῖσθαι
626 1022 744 1057 λέγεται.
767 1023 865 1057 Ἡμεῖς

79 1069 112 1099 δὲ,
131 1070 177 1104 μιᾷ
199 1069 391 1104 προσκυνήσει
414 1069 496 1104 τιμᾷν
518 1068 663 1103 εἰθίσμεθα
682 1069 728 1095 τὸν
758 1068 864 1104 Ἐμμα-

80 1114 158 1149 νουὴλ,
168 1114 197 1140 οὐ
214 1114 371 1146 διῖστάντες
388 1114 436 1141 τοῦ
452 1114 540 1148 Λόγου
554 1114 584 1140 τὸ
598 1114 697 1141 ἐνωθὲν
713 1114 788 1150 αὐτῷ
803 1115 864 1141 καθ’

80 1161 214 1187 ὑπόστασιν
229 1160 323 1196 σῶμα,
342 1161 376 1187 Τί
392 1161 414 1186 δ’
432 1161 464 1187 ἂν
477 1162 573 1191 νοοῖτο,
589 1160 618 1186 τὸ
632 1161 680 1196 τῆς
697 1161 771 1192 θείας
784 1162 865 1196 συνή-

80 1215 150 1243 γορον
174 1206 330 1238 αὐθεντίας,
359 1207 514 1241 βασανίζειν
539 1208 631 1239 ἄξιον·
656 1206 711 1242 ἆρα
738 1207 791 1243 γὰρ
819 1208 866 1234 καὶ

80 1254 151 1283 αὐτὸς
166 1254 179 1279 ό
194 1252 297 1288 Κύριος
316 1253 397 1288 ἡμῶν
418 1253 520 1288 Ἰησοῦς
534 1253 661 1288 Χριστὸς,
676 1253 736 1280 καθ’
750 1254 797 1280 ἕνα
811 1253 865 1279 τῶν

81 1299 156 1334 ἀγίων
191 1299 354 1326 ἀποστόλων
394 1301 440 1326 καὶ
472 1299 673 1334 εὐαγγελιστῶν
708 1300 801 1335 ἕτερον
826 1299 866 1335 τῷ

81 1347 165 1381 κόσμῳ
177 1346 324 1381 διεκήρυξε
341 1347 468 1382 Χριστὸν,
484 1347 567 1382 ἤγουν
592 1347 656 1373 Υἱὸν
679 1347 727 1373 καὶ
750 1347 864 1382 Κύριον,

81 1394 113 1426 ὡς
127 1394 198 1421 θείαν
224 1393 324 1429 ἔχοντα
345 1394 396 1426 τὴν
419 1394 461 1428 ἐφ’
483 1394 585 1420 ἅπασιν
604 1393 759 1426 αὐθεντίαν,
782 1394 866 1429 ἤγουν

82 1441 203 1473 ἐξουσίαν,
220 1439 409 1474 συνηγόρευσε
424 1439 452 1465 δὲ
467 1440 514 1465 καὶ
529 1439 610 1471 αὐτὸς
623 1440 657 1474 τῇ
675 1439 770 1474 ἐτέρου
785 1439 866 1476 δόξῃ;

82 1487 167 1513 Καίτοι
180 1486 233 1513 τῶν
248 1486 395 1521 θεηγόρων
416 1486 431 1511 ό
454 1486 543 1521 χορὸς,
569 1486 672 1522 Ἰησοῦν
688 1485 805 1522 Χριστὸν
821 1487 867 1513 τὸν

82 1533 109 1559 ἐκ
122 1532 272 1568 σπέρματος
281 1532 368 1558 Δαὸὶδ
381 1532 453 1560 κατὰ
466 1532 556 1568 σάρκα
567 1532 605 1568 τῷ
616 1533 712 1567 κόσμῳ
720 1532 866 1567 διακηρύτ-

83 1587 163 1606 τουσι·
181 1579 289 1614 καὶτῆς
316 1579 436 1610 πίστεως
457 1579 534 1614 ἡμῶν
557 1580 571 1605 ό
589 1580 689 1614 τρόπος
705 1579 750 1605 διὰ
763 1579 813 1614 τῆς
827 1580 866 1611 εἰς

83 1626 153 1652 αὑτὸν
172 1613 320 1660 ὁμολογίας
335 1625 446 1660 ἔρχεται
456 1633 463 1640 ν
478 1613 657 1660 δικαιούμεοα
678 1625 707 1652 δὲ
723 1613 867 1652 πιστξύον-

83 1678 130 1701 τες,
146 1670 192 1705 οὐχ
215 1672 253 1701 ὼς
273 1670 324 1697 ἕνα
343 1671 397 1696 τῶν
416 1670 477 1696 καθ’
499 1671 572 1705 ἡμᾶς
593 1670 737 1705 ἄνθρωπον
761 1670 866 1703 ἁπλῶς,

84 1717 133 1742 ἀλλ’
148 1717 184 1748 εἰς
203 1718 249 1743 τὸν
274 1716 357 1750 φύσει
377 1725 408 1742 τε
425 1716 472 1742 καὶ
495 1716 602 1751 ἀληθῶς
621 1716 686 1743 ὄντα
708 1717 784 1743 Θεόν.
813 1718 868 1744 Καὶ

84 1761 139 1794 γοῦν
155 1761 219 1788 ἄθεα
235 1761 287 1797 μὲν
304 1762 340 1788 τὰ
361 1761 425 1796 ἔθνη
441 1762 575 1788 διετέλουν
596 1761 667 1787 κατὰ
689 1761 734 1788 τὸν
753 1762 867 1798 κόσμον,

85 1809 189 1844 Χριστὸν
211 1809 261 1835 οὐκ
287 1808 382 1834 είδότα
405 1808 481 1840 ποτὲ,
509 1808 581 1834 καθά
596 1816 678 1843 φησιν
699 1809 713 1835 ὀ
734 1809 869 1844 μακάριος

85 1853 198 1886 Παῦλον
216 1854 314 1889 ἐπειδὴ
335 1854 364 1880 δὲ
381 1854 544 1888 ἐγνώκασιν,
572 1854 602 1880 υὺ
626 1854 813 1889 μεμενήκασιν
840 1855 869 1880 ἐν

87 1903 171 1938 ἀγνοίᾳ
184 1902 229 1930 τοῦ
241 1903 316 1929 κατὰ.
329 1902 411 1937 φύσιν
422 1902 497 1934 δντος
509 1902 587 1928 Θεοῦ.
602 1902 708 1929 Οὐκοῦν
720 1902 871 1929 διδασκέτω

86 1951 114 1984 τῇ
127 1949 196 1981 τίνος
211 1949 274 1984 δόξῃ
289 1950 340 1976 καὶ
352 1948 482 1983 αὺθεντίᾳ
498 1948 699 1984 συνηγόρευσεν
713 1949 726 1975 6
739 1948 869 1983 Χριστὸς,

88 1996 165 2022 καίτοι
185 1995 239 2022 τῶν
253 1995 425 2030 προσιόντων
441 1995 517 2030 αὐτῷ
541 1995 591 2030 τὴν
606 1995 698 2022 πίστιν
718 1995 761 2029 ἐφ’
779 1994 870 2030 ἐαυτῷ

89 2042 132 2076 μὲν
148 2041 228 2069 αἰτῶν
237 2050 246 2058 ν
261 2041 402 2073 ἀνατιθεὶς
411 2041 440 2068 δὲ
459 2041 562 2076 ταύτην
574 2042 602 2067 ὲν
615 2040 690 2076 αὐτῷ
703 2040 757 2077 [ῑσ.
770 2040 870 2076 ἑαυτῷ]

87 2085 222 2122 τῷΠατρί.
237 2087 294 2114 Καὶ
310 2086 377 2121 γοῦν
393 2086 469 2121 ἐλεγε
484 2094 491 2101 ·
510 2095 518 2112 ι
531 2085 678 2113 Πιστεύετε
693 2087 733 2118 είς
752 2087 812 2121 ἐμὲ,
825 2087 872 2113 καὶ

88 2133 123 2164 εἰς
134 2132 176 2159 τὸν
189 2133 254 2160 Θεὸν
267 2132 439 2160 πιστεύετε-ι
450 2133 497 2160 καὶ
512 2133 604 2159 πάλιν
618 2142 627 2159 ι
638 2133 668 2160 '0
682 2132 818 2159 πιστεύων
831 2133 872 2164 εἰς

89 2179 143 2214 ἐμὲ,
156 2179 184 2206 οὗ
199 2179 323 2206 πιστεύει
338 2180 378 2211 είς
394 2179 454 2215 ἐμὲ,
470 2179 528 2206 ἀλλ’
543 2180 582 2211 είς
595 2180 642 2206 τὸν
656 2179 803 2214 πέμψαντά
818 2187 852 2214 με
862 2188 869 2195 -

917 945 949 964 eo
981 944 1075 963 rursus
1091 935 1264 970 perspicuum
1293 934 1349 965 ﬁet,
1375 934 1447 968 quod
1477 941 1538 960 cum
1567 932 1712 959 Divinitale

917 983 1005 1017 ipsum
1016 989 1077 1009 esse
1088 980 1255 1008 adorandum
1269 980 1414 1007 conﬁtetur
1434 989 1440 1006 :
1462 978 1533 1012 quod
1556 977 1628 1004 enim
1649 984 1710 1004 cum

916 1028 1002 1055 altero
1023 1027 1163 1058 aduratur,
1185 1026 1322 1054 diversum
1345 1030 1387 1053 est
1409 1032 1520 1060 prorsus
1541 1024 1574 1051 ab
1595 1031 1627 1051 eo
1649 1032 1710 1051 cum

917 1081 970 1107 quo
991 1073 1100 1100 adorari
1123 1072 1292 1107 perhibetur.
1314 1070 1368 1098 Nos
1390 1078 1456 1098 vero
1478 1078 1530 1098 una
1552 1070 1712 1098 adoratione

918 1121 1051 1147 honorare
1064 1119 1254 1146 consuevimus
1267 1117 1483 1149 Eimnanuelem,
1495 1125 1546 1144 non
1561 1117 1710 1143 dividentes

916 1175 930 1193 a
943 1166 1034 1193 Verbo
1052 1173 1150 1200 corpus
1168 1165 1218 1200 ipsi
1236 1164 1386 1192 Secundum
1406 1164 1574 1198 hypostasitn
1593 1164 1709 1190 unitum.

917 1212 985 1245 Quid
1005 1216 1096 1239 autem
1114 1212 1268 1246 signiﬁcent
1290 1211 1336 1237 illa
1354 1211 1454 1243 verba,
1475 1210 1574 1237 divinae
1592 1214 1712 1236 asserto-

917 1265 974 1285 rem
985 1257 1165 1288 auctoritatis,
1178 1257 1390 1284 examinandum
1401 1260 1452 1282 est.
1465 1255 1533 1282 Num
1545 1256 1616 1282 enim
1628 1255 1710 1282 etiam

917 1305 974 1338 ipse
992 1304 1122 1331 Dominus
1140 1308 1232 1330 noster
1246 1302 1325 1329 Jcsus
1340 1301 1466 1329 Christus
1484 1307 1512 1328 ut
1529 1309 1599 1329 uutts
1615 1308 1630 1328 e
1646 1309 1710 1328 san-

917 1350 969 1377 ctis
985 1350 1114 1384 apostolis
1128 1354 1156 1377 et
1169 1349 1356 1384 evangelistis,
1370 1348 1453 1375 alium
1468 1348 1567 1375 mundo
1582 1348 1710 1382 praedica-

917 1397 955 1423 vit
969 1395 1122 1430 Christum,
1138 1396 1180 1422 vel
1199 1394 1311 1426 Filium,
1329 1394 1371 1422 vel
1389 1394 1544 1426 Dominum,
1563 1399 1591 1420 ut
1609 1393 1712 1421 haben-

918 1448 971 1470 tem
983 1444 1016 1470 ad
1028 1443 1118 1470 omnia
1131 1442 1250 1469 divinam
1264 1442 1453 1469 auctoritatem
1467 1441 1523 1468 sive
1537 1444 1710 1474 potestatem,

917 1495 944 1517 et
959 1489 1016 1524 ipse
1029 1488 1142 1516 alterius
1158 1487 1272 1522 gloriam
1289 1485 1427 1514 asseruit?
1441 1485 1524 1519 Atqui
1540 1485 1640 1512 chorus
1655 1485 1712 1518 ipse

919 1535 965 1563 Dei
982 1534 1189 1570 praedicatorum
1203 1532 1295 1560 Iesum
1310 1531 1451 1559 Christum
1467 1530 1542 1557 illum
1557 1537 1591 1557 ex
1607 1530 1713 1557 semine

920 1582 1003 1609 David
1017 1580 1164 1608 secundum
1180 1586 1290 1605 carnem
1307 1577 1446 1612 praedicat,
1463 1580 1489 1603 et
1507 1576 1563 1610 ipsa
1582 1574 1644 1602 ﬁdei
1661 1582 1710 1600 no-

919 1634 982 1656 strze
998 1627 1067 1655 ratio
1083 1634 1131 1662 per
1145 1625 1346 1653 confessionem
1361 1623 1387 1650 in
1403 1629 1464 1650 eum
1482 1621 1581 1649 factam
1599 1621 1687 1655 pergit
1702 1628 1709 1646 :

916 1674 1153 1711 justiﬁcamurque
1165 1679 1198 1699 eo
1213 1671 1272 1704 ipso
1285 1670 1356 1705 quod
1371 1669 1507 1696 credimus
1521 1675 1574 1694 non
1589 1672 1618 1694 ut
1630 1675 1711 1693 unum

919 1730 935 1750 e
954 1722 1032 1748 nobis
1053 1720 1188 1747 hominem
1208 1717 1371 1752 simplicem,
1390 1716 1438 1746 sed
1459 1715 1486 1742 in
1507 1714 1595 1749 ipsum
1615 1717 1712 1740 natura

920 1775 1037 1803 vereque
1052 1768 1147 1795 Deum.
1163 1766 1255 1799 itaque
1270 1764 1331 1792 sine
1347 1764 1401 1790 Deo
1415 1766 1510 1797 gentes
1525 1764 1604 1788 erant
1619 1759 1645 1786 in
1661 1759 1713 1786 hoc

920 1815 1031 1845 ntnndo,
1047 1812 1186 1840 Christum
1204 1810 1360 1844 ignorantes
1378 1807 1536 1842 aliquando,
1552 1810 1581 1832 ut
1598 1806 1635 1832 ait
1651 1805 1713 1832 bea-

922 1866 964 1887 tus
980 1859 1080 1886 Paulus
1091 1857 1113 1873 ³⁷
1130 1867 1137 1884 :
1155 1856 1199 1883 ubi
1214 1863 1278 1883 vero
1295 1854 1371 1882 iilutn
1387 1857 1566 1888 agnoverunt,
1582 1859 1634 1878 non
1651 1857 1713 1885 per-

922 1908 1079 1934 manserunt
1103 1902 1189 1937 ignari
1211 1901 1269 1935 ejus
1289 1900 1334 1935 qui
1357 1900 1505 1927 secundum
1527 1903 1651 1924 naturam
1671 1900 1714 1922 est

922 1952 1002 1978 Deus.
1019 1950 1101 1984 lgitur
1116 1949 1213 1975 doceat
1231 1946 1307 1981 cujus
1326 1945 1420 1980 gloriae
1440 1949 1467 1971 et
1489 1943 1645 1970 auctoritati
1667 1949 1714 1977 pa-

923 1997 1072 2024 trocinatns
1086 1995 1121 2022 sit
1134 1993 1260 2022 Christus
1274 2002 1281 2019 :
1295 1992 1401 2019 tametsi
1415 1991 1450 2017 ab
1466 1989 1622 2017 hominibus
1636 1988 1668 2014 ad
1684 1995 1714 2014 se

922 2041 1112 2069 accedentibus
1125 2040 1203 2067 ﬁdem
1219 2038 1246 2065 in
1261 2038 1382 2072 seipsum
1395 2035 1496 2071 exigat,
1510 2039 1538 2062 et
1551 2041 1611 2061 eam
1626 2033 1713 2067 ipsam

923 2088 949 2116 in
964 2095 994 2114 se
1010 2087 1059 2122 ipsi
1076 2086 1150 2114 Patri
1165 2085 1311 2115 attribuat,
1328 2083 1418 2117 itaque
1432 2081 1538 2109 dicebat
1553 2088 1561 2108 :
1578 2089 1587 2106 ι
1604 2079 1713 2107 Credite

923 2134 949 2160 in
968 2141 1022 2166 tne,
1038 2137 1065 2160 et
1083 2133 1110 2159 in
1128 2132 1212 2159 Deum
1231 2130 1337 2158 credite
1350 2129 1391 2161 “;
1412 2137 1422 2154 ι
1441 2133 1469 2155 et
1487 2128 1583 2154 iterum
1604 2135 1611 2153 :
1632 2134 1642 2151 ι
1661 2124 1714 2158 Qui

923 2181 1010 2208 crcdit
1025 2181 1051 2206 in
1067 2187 1120 2211 me,
1137 2186 1190 2205 non
1205 2178 1292 2205 credit
1307 2179 1334 2204 in
1350 2184 1404 2208 me,
1418 2175 1466 2202 sed
1482 2174 1508 2200 in
1525 2181 1585 2199 eum
1602 2172 1647 2206 qui
1663 2171 1714 2197 mi-

89 2225 151 2251 καὶὸ
162 2225 269 2261 θεωρῶν
283 2226 347 2260 ἐμὲ,
364 2226 462 2261 θεωρεῖ
474 2226 520 2252 τὸν
536 2225 684 2261 πέμψαντά
698 2234 744 2261 με,
763 2235 772 2251 ›
797 2225 832 2251 Ἀ]

980 2235 1022 2254 me
1031 2225 1065 2252 ⁸³.
1091 2235 1100 2251 ι
1124 2224 1177 2252 Sed
1201 2225 1316 2251 fortasse
1338 2223 1389 2249 hoc
1407 2221 1520 2248 verbum
1543 2219 1712 2253 συνηγορεῖν,

90 2270 147 2302 ἴσως
157 2271 186 2297 τὸ
200 2273 362 2307 συνηγορεῖν
380 2272 450 2299 κατὰ
469 2272 499 2298 τὸ
514 2271 589 2307 αὐτῷ
601 2271 707 2303 δοκοῦν,
732 2272 801 2307 τάχα
816 2280 868 2297 που

90 2316 262 2353 ὑπεμιρήνειεν
281 2318 315 2345 ἂν
346 2318 377 2344 τὺ
400 2319 539 2353 ίσηγορεῖν
551 2326 558 2333 ·
576 2318 674 2354 ἐφίημι
698 2318 764 2353 γὰρ,
783 2318 872 2344 καίτοι

90 2362 134 2398 τῆς
146 2362 240 2395 λέξεως
271 2363 370 2399 ἑτέραν
384 2363 498 2399 ἐχούσης
515 2364 566 2399 τὴν
581 2363 707 2399 δήλωσιν.
723 2362 790 2389 Εἶτα
813 2364 873 2395 πῶς

93 2410 268 2444 ἰσηγορήσειεν
296 2409 330 2436 ἂν
352 2409 495 2446 ἄνθρωπος
511 2410 572 2445 Θεῷ
594 2409 665 2436 κατὰ
685 2409 727 2441 σὲ,
751 2410 797 2436 καὶ
825 2410 873 2440 τὰς

92 2455 120 2481 ὲκ
137 2455 186 2482 τῶν
215 2456 349 2482 Ἰουδαίων
374 2456 518 2491 παροινίας
541 2456 706 2490 διενεγκών;
724 2457 793 2491 Φέρε
817 2456 871 2490 γὰρ

93 2501 131 2527 τὸν
141 2502 260 2537 ἑκατέρῳ
273 2502 415 2538 πρέποντα
427 2502 646 2537 καταθρὴσωμεν
660 2501 750 2536 λόγον.
768 2502 871 2537 Πρέποι

92 2547 110 2574 δ’
123 2548 153 2574 ἂν
168 2549 252 2574 εἰπεῖν
270 2548 310 2583 τῷ
333 2557 364 2582 γε
379 2547 434 2575 ὄντι
453 2548 513 2582 Θεῷ
531 2548 602 2574 κατὰ
624 2547 703 2582 φύσιν
714 2556 720 2563 ·
739 2548 806 2582 Εἰμὶ
822 2548 871 2582 μὲν

94 2594 208 2629 ἀόρατος,
227 2594 343 2629 ἀναφὴς,
354 2595 402 2621 καὶ
415 2593 462 2620 τοῦ
480 2594 576 2621 παθεῖν
590 2594 737 2630 ἁνώτερος,
756 2593 803 2619 καὶ
818 2593 872 2628 μὴν

95 2640 134 2666 καὶ
146 2641 298 2676 ἀσώματος,
312 2641 368 2677 ζωὴ
382 2642 429 2668 καὶ
441 2641 582 2673 ζωοποιὸς,
599 2640 647 2666 καὶ
659 2639 752 2666 ἐπάνω
765 2639 873 2665 πάντων

95 2687 127 2717 ὡς
143 2687 214 2718 Θεός.
239 2688 268 2714 Ὀ
287 2687 315 2714 δὲ
327 2690 377 2722 τὴν
398 2687 465 2714 ἰδίαν
488 2688 564 2722 ἡμῖν,
586 2687 660 2717 ὅπως
670 2686 703 2712 ἂν
718 2686 774 2720 ἔχοι
793 2686 874 2720 φύσιν

96 2733 275 2768 ἐξηγούμενος,
294 2734 346 2769 ἔφη
372 2734 405 2760 ἂν
429 2734 558 2764 εἰκότως’
591 2732 705 2767 Ὀρατός
729 2733 802 2766 είμι,
828 2731 874 2757 καὶ

97 2778 186 2810 ἁπτός·
208 2780 338 2814 παθητὸς,
354 2780 401 2806 καὶ
411 2779 462 2805 ὑπὸ
473 2778 584 2814 φθορὰν,
599 2778 645 2804 καὶ
663 2777 716 2804 ὑπὸ
728 2777 798 2812 Θεῷ.
811 2775 874 2811 'Ap‘

134 2869 253 2904 "Ephes.
269 2878 299 2902 ll,
325 2870 368 2896 1⁸3.
407 2870 430 2884 ⁸⁵
447 2869 522 2896 Joan.
542 2877 596 2902 rm,
617 2869 640 2894 l.

679 2867 701 2884 δ’
715 2865 795 2894 Joatt.
814 2873 861 2896 att.
877 2865 921 2892 Η.

924 2273 994 2305 qnnd
1019 2271 1182 2306 patrocinari
1209 2269 1347 2300 diximus,
1371 2267 1524 2294 subindicat
1548 2265 1619 2292 idem
1643 2263 1713 2298 quod

926 2319 1078 2354 ἰσηγορείν,
1098 2318 1149 2345 hoc
1168 2321 1227 2347 est,
1245 2323 1277 2342 ex
1298 2322 1376 2348 aequo
1396 2313 1545 2348 praedicare
1562 2319 1569 2337 :
1589 2309 1715 2345 permitto

924 2365 1007 2396 enim,
1020 2363 1143 2398 quamvis
1159 2362 1215 2389 haec
1231 2361 1315 2388 dictio
1328 2360 1409 2387 aliam
1426 2359 1524 2386 habeat
1538 2355 1714 2391 signiﬁcatio-

926 2418 996 2436 nunt.
1011 2408 1093 2443 Atqui
1110 2407 1245 2441 qumnodo
1260 2414 1293 2433 ex
1308 2413 1386 2439 mquo
1399 2403 1434 2430 de
1448 2410 1478 2430 se
1494 2402 1620 2436 loquatur
1634 2400 1714 2427 homo

925 2457 1039 2491 perinde
1053 2463 1085 2482 ac
1099 2454 1182 2486 Deus,
1196 2457 1224 2480 ut
1239 2457 1267 2480 tu
1283 2456 1372 2486 putas,
1385 2455 1412 2477 et
1426 2450 1471 2484 qui
1486 2457 1499 2476 a
1513 2448 1613 2476 ludatis
1627 2447 1715 2474 illatas

925 2500 1104 2529 contumelias
1121 2498 1246 2534 pertulit?
1261 2498 1317 2532 Age
1333 2495 1417 2527 enim,
1434 2501 1589 2521 sermonem
1606 2492 1715 2527 utrique

925 2546 1129 2574 convenientem
1151 2544 1354 2572 consideremus
1374 2552 1381 2570 :
1404 2549 1465 2568 nam
1483 2548 1547 2568 vero
1566 2539 1714 2567 secundum

925 2598 1050 2620 naturam
1067 2592 1122 2618 Deo
1137 2590 1262 2618 convertit
1277 2590 1367 2617 dicere
1384 2598 1391 2616 :
1407 2588 1464 2623 Ego
1478 2595 1536 2615 sum
1555 2585 1714 2616 invisibilis,

926 2639 1117 2670 intractabilis,
1135 2637 1321 2672 impassihilis,
1337 2637 1524 2670 incorporeus,
1539 2633 1602 2660 item
1619 2631 1672 2657 vita
1688 2635 1715 2658 et

926 2685 1089 2715 viviﬁcator,
1102 2689 1129 2710 et
1143 2691 1224 2716 supra
1238 2682 1328 2710 omnia
1345 2687 1473 2715 tanquam
1488 2680 1559 2707 Deus
1573 2688 1580 2706 :
1595 2678 1639 2705 hic
1652 2683 1716 2704 vero

929 2731 952 2758 si
967 2738 1016 2758 sua
1032 2731 1110 2757 nobis
1125 2734 1222 2756 natura
1237 2735 1265 2755 ut
1280 2728 1379 2756 habeat
1393 2732 1523 2762 exportat,
1536 2727 1608 2754 dicet
1622 2725 1715 2758 utique

929 2782 959 2803 ut
974 2783 1023 2810 par
1036 2781 1077 2802 est
1093 2784 1100 2802 :
1116 2774 1235 2802 Visibilis
1249 2782 1325 2806 sum,
1342 2778 1369 2802 et
1383 2773 1549 2804 tractabilis,
1565 2769 1715 2806 passibilis,
