1883 3054
155 156 190 184 99

682 153 711 182 S.
732 150 869 181 CYRILLI
889 150 1123 179 ALEXANDRINI
1143 150 1300 181 ARCIIIEP.

1742 155 1800 182 £00

156 219 184 241 et
201 213 369 249 corruptioni
388 213 543 248 subjectus,
560 219 592 240 ac
609 213 660 240 sub
678 213 733 240 Deo
751 221 759 239 :
777 220 840 240 num
862 213 910 247 igit

1023 208 1055 243 ἰν,
1072 211 1088 237 ό
1111 210 1146 238 τὰ
1168 211 1258 237 τοιάδε
1281 211 1380 245 λέγων,
1397 212 1587 247 ισηγορήσειεν
1600 211 1634 239 ἂν
1649 212 1691 248 τῷ
1708 211 1798 248 προῦ-

154 259 200 293 qui
218 259 283 286 talia
301 258 383 291 dicit,
401 258 424 286 is
440 266 516 293 asque
534 258 566 285 de
582 265 612 285 se
629 258 786 293 prmdicabit
803 262 883 292 atque
900 257 946 284 ille

155 303 209 340 54
229 305 400 339 praestantior
419 310 446 331 et
463 304 650 338 excellentior,
673 306 744 339 quod
767 304 799 332 ad
820 311 876 331 sum
895 311 946 331 na-

155 354 223 375 tura:
243 350 339 376 attinet
359 350 493 377 rationes?
511 350 584 384 alqui
604 350 740 385 quomodo
760 357 813 377 non
833 349 860 376 id
878 349 946 377 stul-

156 399 210 421 tmn
228 395 262 422 sil
279 395 389 422 dicere?
404 403 466 422 nam
484 400 530 422 aut
547 395 590 422 ille
607 403 730 431 prorsus,
745 401 792 423 aut
809 396 852 423 hic
869 403 945 423 tuen-

155 441 247 468 tietur.
258 441 444 469 Assertionem
454 449 518 469 vero
528 449 587 469 cum
598 442 675 474 dicis,
685 442 742 469 sive
752 442 941 477 patrocinium,

154 487 194 513 sic
211 494 327 520 namque
345 487 425 514 liceat
440 487 531 514 dicere
547 487 754 524 συνηγόρευσιν,
773 495 861 516 nonne
877 488 944 515 alle-

155 540 212 559 rum
230 540 323 560 rursus
339 533 482 568 quemdam
499 533 577 560 alteri
595 534 759 569 patrocinari
775 534 856 561 etiam
873 533 943 560 invi-

154 583 196 604 Ius
216 578 272 613 ipse
292 579 446 611 confiteris,
463 580 508 613 qui
529 580 608 607 nobis
626 580 826 614 coniunctionis
844 587 941 606 nomen

153 631 364 656 commemoras,
385 630 411 652 et
434 633 517 652 unum
540 625 677 653 Christum
699 631 727 653 et
749 625 892 652 Duminum
914 626 941 652 in

152 671 206 697 duo
221 670 343 698 dividens
358 670 472 702 adoms.
487 671 543 698 imo
557 679 622 699 vero
637 672 717 699 simul
733 673 847 704 adoras.
863 678 891 700 et
909 672 942 699 li-

152 717 246 743 berare
270 721 296 744 te
322 722 400 751 putas
425 717 574 745 Ecclesium
600 718 780 746 deiﬁcationis
804 719 938 752 crimine,

150 769 211 789 cum
229 762 288 796 ipse
304 762 412 790 deillces
429 763 577 794 hominem,
590 769 617 791 et
636 772 688 791 non
707 772 789 791 unum
808 765 884 792 dicas
896 764 940 792 Fi-

151 807 227 838 lium,
242 808 349 835 etiamsi
376 815 428 835 non
442 813 518 836 extra
534 810 671 843 propriam
684 818 794 838 carnem
808 811 940 846 intellig:-

151 853 212 880 ωτι
226 853 359 881 Adorabis
373 856 446 881 enim
461 859 524 882 tunc
540 863 658 890 quoque,
673 857 721 884 sed
736 857 795 884 sine
808 857 937 890 crimine;

149 904 176 926 et
190 907 338 934 cognosces
355 901 399 927 ubi
416 908 487 933 eras,
502 907 532 928 ut
549 902 680 937 scriptum
695 907 746 935 est,
762 910 823 930 cum
838 911 853 930 a
868 903 939 930 veri-

150 945 213 973 tatis
230 946 364 981 dogmatis
382 948 536 974 aberrares.
555 948 590 975 At
605 948 694 981 enim,
713 948 813 983 inquit,
831 949 939 984 leproso

149 992 216 1019 dixit
231 1002 238 1019 :
255 1002 263 1018 ι
281 993 355 1024 Volo,
368 995 500 1021 mundare
512 994 552 1027 ⁸⁶;
570 1004 579 1020 ι
593 999 620 1022 et
635 994 696 1022 illia:
710 995 937 1032 archisynagogi:

151 1047 161 1063 ι
174 1037 276 1069 Puella,
290 1038 415 1072 surge";
431 1048 440 1064 ι
454 1044 480 1065 et
493 1040 580 1066 mari:
594 1049 602 1065 ι
616 1039 697 1073 Tace,
710 1041 911 1074 obmutesce“;
925 1051 935 1067 ι

148 1083 175 1110 in
191 1090 225 1110 eo
242 1083 324 1118 igitur
353 1084 468 1111 dicendo
494 1093 586 1112 comes
613 1093 644 1113 ac
670 1086 846 1121 pariloquens
861 1087 912 1114 fuit
929 1096 937 1121 ;

148 1137 208 1155 nam
226 1129 317 1156 divina
334 1130 413 1157 verba
433 1131 621 1165 eloquebatur,
639 1139 687 1166 per
702 1139 762 1167 qua:
780 1132 860 1161 facile
875 1141 937 1162 om-

147 1175 190 1201 nia
207 1174 338 1209 perlicere
352 1172 460 1204 licebat.
477 1176 533 1204 Duo
548 1178 630 1212 igitur
643 1183 722 1204 erant
737 1178 782 1214 qui
798 1179 937 1214 praecipie-

147 1221 222 1252 bant,
238 1225 265 1247 et
283 1221 425 1256 utriusque
441 1229 502 1250 esse
519 1225 698 1251 concedemus
710 1224 793 1252 verba
811 1225 936 1253 omnibus

146 1265 179 1291 de
195 1266 274 1292 rebus
290 1265 404 1300 prolata.
418 1266 486 1294 Cum
501 1275 566 1302 ergo
582 1268 647 1295 dicit
662 1277 670 1296 :
688 1278 698 1294 ι
717 1269 787 1302 Quid
805 1278 848 1297 me
863 1278 936 1305 quae-

147 1309 207 1337 ritis
232 1311 403 1344 interlicere,
430 1312 566 1340 hominem
591 1314 638 1349 qui
663 1315 805 1343 veritatem
831 1316 936 1345 loculus

145 1363 205 1383 sum
219 1357 295 1384 vobis
306 1357 348 1384 "2
365 1367 374 1384 ι
392 1358 485 1392 cujus,
499 1359 612 1388 obsecro
629 1366 669 1392 te.
686 1362 839 1397 huiusmodi
854 1363 935 1391 verba

145 1409 206 1430 esse
223 1403 310 1430 diris?
326 1411 360 1431 an
379 1405 423 1432 illa
442 1406 549 1440 quidem
568 1407 619 1442 ipsi
635 1408 724 1436 Verbo
744 1409 857 1443 tribues,
876 1411 934 1438 hazc

145 1455 209 1475 vero
227 1453 352 1483 tanquam
370 1450 471 1478 homini
490 1451 604 1480 aVerbo
620 1454 738 1488 diverso,
754 1455 804 1490 ipsi
822 1463 854 1482 ex
873 1464 934 1483 ntu-

144 1494 210 1521 liere
230 1495 337 1528 genito?
359 1495 412 1523 Sed
433 1503 486 1531 quo
507 1497 567 1525 loco
586 1505 670 1533 pones
690 1500 798 1528 beatmn
819 1499 932 1528 Paulum

145 1545 238 1573 aperte
256 1541 391 1568 dicentem
409 1550 416 1569 :
434 1552 446 1569 ς
464 1542 546 1571 Nobis
560 1549 650 1572 autem
667 1553 736 1574 unus
753 1547 822 1574 Deus
839 1547 930 1582 Pater,
944 1558 967 1588 ο

143 1594 175 1614 ex
194 1595 248 1622 quo
264 1588 370 1620 omnia,
389 1593 417 1616 et
435 1597 483 1617 nos
501 1590 528 1616 in
547 1591 650 1625 ipsum,
668 1596 693 1619 et
712 1600 784 1620 unus
802 1593 933 1621 Dominus

140 1632 220 1660 Jesus
240 1632 384 1666 Christus,
406 1642 454 1669 per
471 1642 552 1670 quem
572 1637 684 1671 omnia;
706 1643 734 1665 et
757 1646 805 1666 nos
826 1647 874 1674 per
892 1639 933 1674 ip-

141 1678 254 1705 sum"?
270 1687 278 1704 I
294 1678 345 1706 Iste
357 1687 422 1707 vero
435 1688 542 1708 sursum
557 1681 684 1709 deorsum
700 1683 838 1716 dictitans,
856 1683 932 1712 Unus

141 1724 238 1756 Filius,
252 1730 279 1751 ct
294 1732 347 1752 non
365 1725 434 1753 alius
447 1731 475 1753 et
489 1727 568 1759 alius,
583 1736 671 1763 neque
686 1729 750 1756 item
766 1729 891 1758 Christus
905 1735 932 1758 et

139 1770 209 1797 alius
221 1769 357 1803 Christus,
372 1779 433 1798 cum
449 1772 508 1800 suis
522 1778 623 1808 pugnat
636 1775 736 1806 verbis.
749 1775 856 1803 duabus
869 1783 930 1811 per-

140 1816 216 1842 sonis
233 1821 260 1842 et
281 1817 471 1852 bypostasibus
490 1820 607 1854 propriis
625 1824 682 1847 tum
703 1820 750 1848 Dei
770 1822 931 1856 praedicato-

141 1868 198 1887 rum
212 1869 303 1893 voces,
317 1867 372 1888 tum
386 1870 450 1891 suas
464 1864 550 1899 ipsius
563 1866 697 1893 tribuens.
710 1866 764 1894 Sed
778 1867 851 1894 enim
865 1875 930 1895 sua-

138 1913 199 1934 rum
217 1907 287 1934 haud
304 1908 443 1943 negligens
459 1911 655 1938 sententiarum
672 1911 753 1938 infert
768 1919 862 1940 rursus
876 1921 883 1939 ι

175 1951 305 1988 [Νεετοιι.
328 1954 449 1982 Veneror
464 1955 551 1991 ipsum
569 1961 599 1984 ut
615 1958 810 1992 omnipotentis
826 1959 927 1986 divini-

139 1999 201 2025 tatis
216 2000 360 2034 imaginem
378 2008 385 2027 :
402 2009 463 2028 nam
482 2011 491 2027 ε
511 2003 721 2038 superexaltavit
745 2012 818 2037 eum,
835 2010 862 2032 et
877 2006 927 2032 do-

137 2043 212 2070 navit
226 2044 264 2071 illi
280 2052 377 2072 nomen
394 2047 464 2080 quod
479 2053 521 2075 est
536 2055 617 2082 super
631 2056 711 2076 omne
727 2057 836 2082 nomen,
853 2055 882 2077 ut
898 2051 924 2077 in

137 2090 246 2117 nomine
255 2089 318 2118 Jesu
330 2091 432 2119 Christi
444 2099 525 2120 onme
536 2100 606 2128 genu
626 2093 752 2121 ﬂectatur
762 2094 923 2127 ctelestium,

138 2137 307 2164 terrestrium
337 2142 364 2164 et
380 2137 546 2166 infernorum
561 2148 569 2166 ι
584 2144 612 2166 et
627 2141 716 2167 omnis
731 2140 821 2175 lingua
838 2141 924 2169 conli-

137 2187 224 2210 tentur
250 2184 314 2209 cuia
331 2182 462 2211 Dominus
475 2183 553 2212 Jesus
567 2185 692 2213 Christus
702 2187 737 2213 ".
757 2186 781 2222 ν]

453 2250 531 2279 CAP.
554 2251 598 2279 XI.
939 2227 961 2255 Β

169 2318 198 2345 Et
215 2318 340 2352 quisnam
355 2318 519 2354 intelligetur
531 2319 596 2346 item
613 2319 646 2350 is,
659 2325 785 2354 quem,ut
800 2321 856 2355 ipse
872 2329 921 2356 pu-

133 2369 188 2394 tat,
207 2370 236 2390 se
254 2364 377 2390 venerari
398 2363 507 2396 fatetur,
526 2369 554 2391 et
570 2372 650 2399 quem
673 2371 781 2400 propter
799 2366 918 2393 divinam

131 2409 336 2436 similitudinem
349 2409 459 2436 simulat
471 2417 501 2437 se
513 2411 658 2443 honorare,
673 2412 722 2438 nisi
737 2411 781 2439 ille
795 2419 916 2446 prorsus,

131 2463 210 2488 quem
226 2455 326 2481 dudum
343 2455 420 2482 nobis
433 2455 585 2490 appellabat
597 2458 736 2491 (quidnam
752 2458 854 2485 diceret
868 2466 917 2485 ne—

130 2501 198 2534 scio)
212 2501 309 2528 divinze
322 2506 485 2529 assertorem
499 2503 555 2529 sive
568 2503 719 2536 adiutorem
733 2504 916 2537 auctoritatis,

129 2553 207 2580 quem
228 2546 307 2573 simul
329 2554 390 2573 cum
407 2546 459 2582 55
477 2547 623 2575 Divinitate
643 2549 809 2576 adorandum
831 2549 915 2577 stulte

129 2593 283 2624 asserebat,
304 2597 429 2627 tanquam
449 2595 494 2627 qui
515 2594 638 2621 diversus
657 2601 730 2622 esset
749 2603 781 2623 ac
799 2597 913 2624 seorsim

129 2638 199 2665 titius
214 2643 311 2672 prieter
325 2639 411 2672 ipsum
427 2637 473 2665 Dei
489 2638 624 2666 Verbum?
637 2640 726 2675 Ipsum
742 2642 824 2668 etiam
839 2642 914 2668 exal-

129 2688 211 2710 tatum
229 2683 294 2710 ὤθει
307 2692 321 2710 u
340 2684 393 2712 Deo
408 2691 435 2712 et
451 2685 544 2718 Patre,
559 2694 592 2713 ac
607 2691 737 2721 praeterea
753 2694 851 2714 nomen
866 2695 914 2714 ac-

127 2730 230 2763 cepisse
243 2736 323 2763 super
334 2738 414 2757 omne
428 2738 524 2758 nomen
550 2737 578 2758 ut
591 2732 672 2758 etiam
687 2732 737 2765 ipsi
749 2739 829 2759 oume
841 2739 911 2767 genu

161 2830 183 2845 '°
199 2829 292 2858 Matth.
311 2839 356 2858 nn
395 2832 421 2858 5.
472 2832 492 2847 “
511 2832 593 2861 Marc.
610 2840 635 2866 ν,
653 2833 697 2860 ll.

125 2873 154 2898 tt,
167 2865 240 2892 9-H.

749 2834 771 2850 "
788 2834 869 2862 Marc.
891 2843 927 2869 ιν,
940 2835 984 2863 59.

997 263 1071 290 χοντι
1097 255 1146 281 καὶ
1170 255 1373 291 ὑπερκειμένῳ,
1397 257 1469 284 κατά
1496 265 1528 291 γε
1559 257 1623 289 τοὺς
1645 257 1699 292 τῆς
1724 258 1797 289 ιδίας

996 300 1104 334 φύσεως
1119 300 1228 335 λόγουςς
1245 299 1311 328 Εἶτα
1327 302 1386 334 πῶς
1401 302 1481 329 τοῦτο
1494 303 1544 329 οὐκ
1559 303 1663 338 ἀμαθὲς
1680 304 1771 330 είπείν
1786 311 1795 337 ;

994 346 1171 381 διαψεύσεται
1191 347 1247 382 γὰρ
1273 348 1394 380 πάντως,
1409 348 1426 384 ἢ
1450 349 1565 381 ἐκεῖνος,
1577 349 1603 384 [ἢ
1619 347 1708 381 οὗτος.
1723 350 1795 376 Συν-

994 393 1110 428 ηγοριαν
1118 393 1146 420 δὲ
1160 393 1258 428 λέγων,
1272 394 1356 428 ἤγουν
1371 394 1579 430 συνηγόρευσιν,
1594 395 1644 430 οὑχ
1656 394 1754 430 ἕτερόν
1762 403 1794 421 τι

994 438 1077 466 πάλιν
1091 438 1179 475 ἑτέρῳ
1195 440 1351 474 συνηγορεῖ,
1367 439 1415 466 καὶ
1438 440 1489 475 οὐχ
1512 441 1584 467 ἑκὼν
1603 441 1758 476 ὁμολογεῖς,
1775 441 1794 466 ὁ

995 483 1144 518 συνάφειαν
1157 485 1222 519 ἡμῖν
1235 483 1386 519 ὀνομάζων.
1400 484 1448 510 καὶ
1461 483 1510 510 ἕνα
1523 484 1641 519 Χριστὸν
1659 484 1707 510 καὶ
1730 483 1793 510 Κύ-

995 537 1068 565 ριον·
1091 529 1139 556 καὶ
1165 529 1273 566 τέμνων
1298 530 1338 561 είς
1363 530 1411 556 δύο
1435 531 1614 566 προσκυνεῖς·
1635 530 1738 565 μᾶλλον
1758 530 1792 556 δὲ

994 577 1229 611 συμπροσκυνεῖςο
1253 576 1302 602 καὶ
1322 576 1505 603 ἀπαλλάττειν
1520 576 1572 602 οἴει
1592 575 1642 611 τὴν
1668 575 1791 610 Ἐκκλη-

995 621 1053 648 σίαν
1080 620 1126 648 τοῦ
1144 621 1194 656 τῆς
1207 621 1346 652 θεοποιῖας
1364 621 1546 657 ἐγκλήματος,
1561 621 1693 648 θεοποιὼν
1705 620 1793 652 αὺτὺς

992 667 1144 703 ἄνθρωπον,
1160 668 1208 695 καὶ
1221 668 1270 702 οὺχ
1285 668 1332 694 ἕνα
1354 667 1442 702 λέγων
1459 667 1533 700 Υίὺν,
1549 667 1602 694 κᾶν
1624 668 1649 693 εί
1666 667 1704 702 μὴ
1724 667 1790 702 δίχα

992 715 1076 740 νοοῖτο
1089 714 1138 749 τῆς
1154 714 1221 746 ιδίας
1235 715 1353 749 σαρκός;
1376 715 1581 750 Προσκυνήσεις
1591 715 1647 751 γὰρ
1660 715 1723 742 τότε
1738 715 1790 741 καὶ

991 759 1186 795 ἀνεγκλήτως·
1215 760 1262 787 καὶ
1281 761 1375 796 γνώσῃ
1401 760 1454 788 ποῦ
1480 758 1563 796 ἦσθα,
1587 761 1659 788 κατὰ
1679 761 1712 787 τὸ
1738 768 1789 794 ἰπε-

991 805 1163 842 γραμμένον,
1178 805 1231 832 τῶν
1245 805 1296 840 τῆς
1313 805 1445 841 ἀληθείας
1458 806 1614 841 ἁποφοιτῶν
1625 806 1788 841 δογμάτων.

998 852 1078 879 1Δλλὰ
1091 852 1148 885 ναὶ,
1164 851 1259 887 φησὶν,
1276 853 1372 888 εἴρηκε
1383 851 1422 888 τῷ
1435 851 1539 888 λεπρῷ,
1559 862 1569 878 ‹
1587 852 1674 885 Θέλω,
1698 852 1789 879 καθα-

992 898 1110 934 ρίσθητι⁸
1132 907 1141 924 ι
1161 899 1209 926 καὶ
1222 899 1256 934 τῇ
1269 898 1316 925 τοῦ
1336 898 1562 934 ἀρχισυναγώγου
1574 899 1700 934 θυγατρὶ,
1718 908 1728 924 ε
1753 899 1789 926 Ἦ

989 945 1063 975 παῖς,
1090 944 1212 979 ἐγείραι·
1231 954 1240 969 ι
1266 946 1312 971 καὶ
1333 946 1366 980 τῇ
1389 944 1523 980 θαλάσσῃ,
1539 954 1548 970 ι
1565 945 1675 977 Σιώπα,
1700 945 1789 980 πεφί-

990 999 1075 1024 μωσο.
1111 1000 1121 1016 ›
1148 989 1302 1026 Συνήγορος
1326 991 1354 1017 δὲ
1377 991 1448 1017 κατὰ
1463 990 1561 1018 τοῦτο·
1579 991 1642 1022 τοὺς
1663 991 1718 1026 γάρ
1744 999 1790 1017 τοι

988 1035 1077 1068 θείους
1094 1036 1244 1071 ἐφθέγγετο
1257 1037 1363 1071 λόγους,
1379 1037 1413 1063 δι’
1427 1033 1465 1064 ὧν
1486 1034 1521 1072 ἦν
1543 1037 1631 1064 πάντα
1651 1036 1788 1064 δύνασθαι

988 1082 1138 1117 κατορθοῦν
1161 1083 1292 1115 εὐκόλως.
1308 1083 1361 1110 Δύο
1384 1083 1417 1118 δὴ
1439 1080 1486 1110 οὖν
1507 1084 1532 1110 oi
1555 1084 1787 1118 προστάττοντες,

987 1129 1034 1156 καὶ
1056 1129 1222 1165 ἀμφοτέρων
1247 1127 1318 1156 εἶναι
1340 1129 1463 1165 δώσομεν
1483 1130 1546 1161 τοὺς
1570 1129 1614 1164 ἐφ’
1631 1130 1718 1157 ἅπασι
1741 1130 1787 1157 λό-

987 1183 1062 1209 γους.
1077 1175 1163 1202 Ὅταν
1183 1173 1231 1202 οὖν
1250 1175 1327 1211 λέγῃ,
1350 1185 1359 1201 ι
1377 1175 1410 1203 Τί
1424 1184 1459 1212 με
1478 1176 1584 1211 ζητεῖτε
1608 1177 1785 1210 ἀποκτεῖναι,

985 1221 1142 1257 ἄνθρωπον,
1155 1221 1185 1254 ὃς
1197 1222 1248 1258 τὴν
1260 1222 1390 1258 ἀλήθειαν
1404 1223 1469 1258 ὑμῖν
1491 1223 1647 1258 λελάληκα;
1667 1233 1678 1250 ο
1697 1224 1783 1256 τίνος,

986 1268 1046 1295 εἰπέ
1061 1277 1116 1304 μοι,
1128 1269 1192 1301 τοὺς
1216 1269 1339 1296 τοιούσδε
1351 1269 1446 1303 λόγους
1458 1266 1528 1296 εἶναι
1543 1271 1596 1306 φής
1607 1279 1613 1304 ;
1626 1270 1643 1306 ἢ
1658 1271 1786 1302 {xei-rw;

988 1313 1038 1349 μὲν
1055 1314 1203 1349 ἀπονέμεις
1215 1313 1254 1350 τῷ
1274 1315 1364 1349 Λόγῳ,
1377 1315 1490 1346 τούτους
1503 1323 1534 1350 γε
1556 1315 1610 1350 μὴν
1623 1315 1663 1345 ὡς
1674 1314 1784 1349 ἀνθρώ-

986 1367 1031 1394 πιῳ
1051 1360 1116 1395 παρ’
1131 1359 1213 1386 αὑτὸν
1232 1360 1319 1396 ἑτέρῳ
1337 1360 1376 1396 τῷ
1401 1361 1434 1387 ὲκ
1455 1360 1603 1394 γυναικός;
1626 1358 1694 1387 Εἶτα
1717 1361 1783 1387 ὅποι

987 1407 1052 1433 ποτε
1067 1406 1160 1442 Θήσεις
1179 1406 1226 1434 τὸν
1242 1406 1389 1442 ἱερώτατον
1405 1406 1523 1438 Παῦλον,
1538 1406 1651 1441 λέγοντα
1664 1406 1760 1440 σαφῶς
1773 1413 1781 1420 ”

989 1463 998 1478 α
1024 1453 1104 1488 Ἡμῖν
1118 1453 1146 1480 δὲ
1159 1450 1199 1485 εἷς
1213 1453 1279 1485 Θεὸς
1292 1454 1306 1480 ό
1321 1453 1424 1489 Πατὴρ,
1446 1453 1476 1485 ἐξ
1500 1450 1532 1480 οὗ
1554 1453 1589 1479 τὰ
1608 1453 1710 1484 πάντα,
1732 1452 1782 1479 καὶ

985 1498 1066 1533 ἡμεῖς
1081 1499 1121 1530 είς
1135 1499 1216 1525 αὐτόν
1228 1507 1235 1514 ·
1247 1499 1294 1526 καὶ
1309 1497 1350 1531 εἷς
1364 1499 1467 1534 Κύριος
1486 1499 1589 1534 Ἰησοῦς
1601 1499 1729 1534 Χριστὸς,
1745 1499 1782 1525 δι’

985 1541 1015 1570 οὗ
1032 1543 1067 1570 τὰ
1081 1543 1181 1576 πάντα,
1195 1545 1242 1570 καὶ
1261 1545 1342 1579 ἡμεῖς
1357 1544 1392 1571 δι’
1417 1543 1522 1577 αὐτοῦς
1539 1553 1549 1570 ι
1569 1544 1598 1572 '0
1619 1545 1648 1571 δὲ
1669 1544 1728 1571 ἄνω
1749 1552 1780 1570 τε

985 1589 1031 1615 καὶ
1043 1588 1119 1628 xire;
1130 1588 1229 1624 λέγων.
1251 1587 1298 1622 Εἷς
1311 1590 1374 1622 Υίδς
1383 1610 1390 1623 ,
1403 1590 1452 1617 καὶ
1467 1590 1518 1616 οὐκ
1529 1589 1607 1622 ἄλλος
1627 1590 1674 1617 καὶ
1687 1590 1779 1622 ἄλλος,

983 1634 1045 1661 οὔτε
1061 1635 1116 1670 μὴν
1127 1635 1254 1670 Χριστός,
1271 1636 1319 1662 καὶ
1330 1635 1456 1671 δεύτερος
1468 1636 1595 1672 Χριστὸς,
1607 1637 1664 1667 τοίς
1676 1636 1779 1662 ἑαυτοῦ

982 1681 1154 1716 διαμαχεῖται
1170 1680 1271 1714 λόγοις,
1287 1682 1348 1709 δυσὶ
1363 1681 1519 1718 προσώποις
1531 1683 1578 1710 καὶ
1593 1682 1779 1709 ὑποστάσεσιν

983 1727 1080 1758 ίδικαίς
1093 1727 1144 1758 τάς
1157 1735 1187 1754 τε.
1201 1727 1256 1753 τῶν
1271 1727 1410 1764 θεήγόρων
1439 1729 1487 1756 καὶ
1510 1728 1559 1760 τὰς
1579 1727 1662 1755 αὑτοῦ
1685 1727 1780 1754 διανέ-

983 1781 1042 1807 μων
1059 1773 1160 1808 φωνάς.
1183 1773 1263 1800 Ἀλλὰ
1277 1774 1332 1810 γὰρ
1350 1774 1405 1803 τῶν
1421 1775 1495 1802 ίδίων
1514 1775 1563 1802 οὐκ
1578 1774 1723 1811 ἀμελήσας
1733 1775 1778 1801 ἐν·

981 1819 1071 1853 νοιῶν,
1089 1820 1215 1856 ἐπιφέρει
1227 1820 1319 1848 πάλιν·

1016 1950 1104 1986 [Σέὸω
1117 1951 1209 1984 αὑτὸν,
1218 1951 1257 1983 ὡς
1270 1951 1319 1986 τῆς
1330 1952 1551 1988 παντοκράτορος
1566 1952 1659 1980 εἰκόνα
1677 1952 1775 1988 θεότη-

978 2004 1040 2028 τος*
1057 2006 1066 2022 ε
1082 1997 1247 2034 ὑπερύψωσε
1272 1999 1328 2034 γὰρ
1346 1999 1440 2031 αὑτὸν,
1465 1999 1514 2025 καὶ
1533 1998 1680 2034 ἐχαρίσατο
1696 1998 1774 2033 αὑτῷ

977 2043 1063 2078 δνομα
1075 2043 1106 2070 τὺ
1118 2044 1188 2079 ὑπὲρ
1202 2045 1257 2071 πᾶν
1273 2044 1359 2079 θνομα
1368 2051 1376 2059 °
1390 2044 1434 2071 ἵνα
1448 2046 1478 2071 ὲν
1496 2044 1536 2080 τῷ
1549 2044 1660 2080 ὀνόματι
1682 2043 1772 2079 Ἰησοῦ

976 2089 1094 2126 Χριστοῦ
1111 2091 1166 2117 πᾶν
1178 2090 1242 2124 γόνυ
1253 2090 1361 2126 κάμψῃ.
1372 2090 1553 2126 ἐπουρανίων.
1567 2092 1616 2117 καὶ
1627 2091 1770 2125 ἐπιγείων,

976 2136 1023 2162 καὶ
1036 2136 1233 2171 καταχθονίων·
1245 2137 1294 2163 καὶ
1305 2137 1381 2164 πᾶσι
1394 2136 1506 2171 γλῶσσα
1521 2136 1770 2172 ἐξομολογήσηται,

976 2181 1018 2208 ὅτι
1033 2181 1134 2213 Κύριος
1155 2181 1258 2214 Ἰτσοῦς
1273 2182 1401 2215 Χριστός.
1420 2181 1443 2218 ι]

1272 2249 1399 2277 ΚΕΦΑΛ.
1421 2250 1471 2277 lA’.

1011 2317 1066 2343 Kal.
1081 2317 1122 2349 τίς
1144 2317 1177 2344 ἂν
1191 2318 1277 2344 νοοῖτο
1294 2326 1385 2349 παλιν,
1401 2325 1442 2349 ον,
1457 2317 1506 2348 ὥς,
1521 2325 1552 2350 γε
1566 2317 1662 2347 οἴεται,
1676 2317 1767 2344 σέϐειν

973 2363 1111 2398 ὁμολογεῖ,
1126 2364 1173 2390 καὶ
1194 2365 1226 2398 τῇ
1244 2363 1312 2399 πρὸς
1324 2363 1390 2390 Θεὸν
1404 2362 1533 2398 ὁμοιώσει
1545 2364 1629 2398 τιμᾷν
1650 2363 1767 2399 ὑποκρί-

974 2417 1067 2440 νεται,
1083 2408 1099 2443 ἢ
1115 2408 1218 2440 ἐκεῖνός
1239 2417 1291 2435 που
1310 2409 1430 2440 πάντως,
1452 2408 1481 2435 όν
1502 2408 1604 2444 ἀρτίως
1618 2409 1685 2444 ἡμῖν
1699 2409 1768 2436 ὠνό-

975 2453 1070 2488 μαζεν,
1085 2454 1136 2480 οὐκ
1154 2452 1203 2480 οἷδ’
1219 2454 1260 2480 ὅτι
1274 2454 1372 2488 λέγων,
1384 2455 1433 2489 τῆς
1448 2453 1523 2485 θείας
1538 2454 1690 2489 συνήγορον
1705 2455 1766 2490 ἤτοι

972 2501 1102 2535 συνεργὸν
1129 2500 1292 2532 αὐθεντίας*
1314 2501 1345 2527 ὃν
1366 2502 1399 2536 τῇ
1413 2500 1528 2535 Θεότητι
1542 2502 1765 2536 συμπροσκυνεί-

971 2546 1032 2573 σθαι
1045 2547 1100 2573 δεῖν
1113 2547 1233 2582 ἀνοήτως
1256 2547 1385 2581 ἔφασκεν,
1402 2547 1441 2578 ὡς
1453 2546 1547 2582 ἕτερον
1566 2547 1631 2574 ὂντα
1649 2547 1697 2573 καὶ
1715 2547 1764 2573 ίδι-

968 2592 1024 2623 κῶς
1041 2591 1097 2618 υἰδν
1112 2591 1189 2627 παρὰ
1203 2592 1249 2619 τὸν
1263 2591 1310 2618 τοῦ
1321 2591 1389 2618 Θεοῦ
1399 2592 1505 2626 Δόγονς
1521 2592 1607 2618 Αὐτὸν
1623 2591 1670 2618 καὶ
1687 2591 1763 2626 ὑψῶ-

968 2638 1029 2665 σθαι
1044 2638 1117 2672 λέγει
1133 2639 1207 2674 παρὰ
1219 2638 1266 2665 τοῦ
1280 2638 1348 2665 Θεοῦ
1374 2638 1420 2665 καὶ
1438 2638 1560 2674 Πατρός·
1581 2639 1628 2665 καὶ
1646 2639 1701 2674 μὴν
1714 2639 1762 2665 καί

965 2684 997 2712 τὺ
1021 2684 1106 2719 όνομα
1129 2683 1220 2711 λαϐεῖν
1235 2684 1266 2712 τὸ
1291 2685 1360 2720 ὑπὲρ
1384 2685 1437 2712 πᾶν
1457 2685 1561 2719 ὄνομα·
1581 2685 1624 2712 ἵνα
1644 2685 1691 2711 καὶ
1706 2685 1761 2710 πᾶν

966 2731 1040 2767 αὑτῷ
1062 2731 1127 2765 γόνυ
1150 2730 1258 2767 κάμψῃ,
1275 2730 1454 2767 ἐπουρανίων,
1474 2731 1522 2758 καὶ
1547 2730 1686 2765 ἐπιγείων,
1712 2730 1761 2758 καὶ

1042 2834 1065 2850 ⁸⁸
1080 2833 1157 2861 Joan.
1172 2841 1230 2866 vm,
1245 2833 1288 2860 40.
1327 2834 1350 2849 ⁸⁵
1367 2832 1374 2859 Ι
1389 2833 1452 2861 Cor.
1469 2841 1525 2867 vnt,
1540 2834 1566 2862 6.
1603 2835 1624 2850 ⁸⁵
1639 2833 1758 2869 Philipp.
