1883 3054
86 139 124 166 101
642 135 829 165 ADVERSUS
847 136 1057 167 NESTOBIUM
1078 139 1144 167 LIB.
1165 139 1198 169 11.

1663 141 1715 170 102

83 194 275 229 καταχθονίων·
300 194 351 220 καὶ
382 194 458 221 πᾶσα
491 193 600 228 γλῶσσα
628 193 826 230 έξομολογήσηι

971 202 1051 225 :tatur
1077 198 1241 230 cmlestium,
1260 197 1428 225 terrestrium
1445 202 1472 226 ct
1489 198 1668 232 infernorum,
1686 204 1714 228 ct

83 243 118 269 ὅτι
139 240 237 275 Κύριος
263 239 371 274 Ἰησοῦς
393 240 520 275 Χριστός.
539 240 571 266 Ei
587 239 636 275 μὲν
660 238 705 266 οὖν
721 240 787 266 Θεὸν
805 240 870 268 ὄντα

84 287 146 314 κατὰ
160 285 249 320 φύσιν,
264 286 311 311 καὶ
323 286 377 321 πρὸ
392 286 443 320 τῆς
457 285 550 312 ἐνθάδε
562 285 712 321 λεγομένης
727 286 868 321 ύψώσεως,

84 333 142 368 ὑψοῦ
157 331 278 359 τέθεικεν
301 333 317 358 ὁ
335 333 449 368 Πατήρ⁴
467 331 513 358 τὸν
536 331 586 367 τῆς
610 332 711 367 μεταξὺ
735 332 870 359 ταπεινώ-

85 388 144 411 σεως
168 378 463 414 πολυπραγμονοῦντες
485 378 601 413 τρόπον,
626 377 782 413 οίκονομίαν
808 378 871 405 τινὰ

84 426 157 461 σοφὴν
176 415 424 460 εὑρήσομΞι-ῗ-Ξὶαθ1
437 425 470 460 ἠν
492 425 626 461 ἀδοξήσας
647 424 691 452 διὰ
713 426 808 460 μέσου,
824 426 870 460 γέ-

83 480 136 507 γονε
150 471 229 498 πάλιν
243 471 274 497 ὲν
293 468 336 502 οἷς
349 469 384 506 ἦν
404 471 448 498 ἀεὶ
463 472 511 498 καὶ
525 471 662 503 ούσιωδῶς
677 472 869 508 ἐνυπάρχουσι,

83 518 122 544 καὶ
132 518 158 544 ὲν
167 517 244 549 ἰδίοις
258 515 371 551 ἀληθῶς
382 516 540 552 ὑψώμασιν.
554 517 585 543 Ei
596 517 628 544 δὲ
644 517 723 544 τοῦτο
739 517 788 552 μὲν
799 517 868 552 οὐχί,

82 563 194 598 καθάπερ
206 560 253 589 οὖν
260 561 353 589 οἴεται
369 562 415 589 καί
435 570 518 598 φησιν
529 571 537 578 ο
552 561 648 598 ἕτερον
669 562 699 588 δέ
717 571 779 589 τινα
794 562 870 597 παρὰ

82 610 120 636 τὸν
129 609 172 635 τοῦ
185 608 254 635 Θεοῦ
271 609 361 642 Λόγον
376 608 422 635 τὸν
439 607 513 643 αὐτῷ
526 608 697 643 συνημμένον
715 607 869 644 ἄνθρωπον,

82 655 256 692 προσκυνητὺν
287 655 418 690 ἐποίησεν
432 653 543 690 οὐρανῷ
563 663 592 681 τε
616 655 663 681 καὶ
677 655 724 690 γῇ,
748 655 796 681 καὶ
815 656 870 687 τοῖς

80 703 115 729 ἔτι
126 701 288 737 κατωτέρω·
306 701 499 737 τεθεοποίηκεν
515 700 570 735 ἄρα
591 700 652 727 καθ’
669 701 743 736 ἡμᾶς
763 700 869 736 ἀνθρω-

80 759 133 782 πον,
151 749 306 776 αἰτιάσεται
325 748 355 775 δὲ
376 749 460 784 ἡμᾶς,
474 747 524 774 οὐκ
545 747 585 773 ἔτι
598 748 628 774 ὲν
645 747 684 782 τῷ
707 747 802 783 κόσμῳ
816 747 870 773 λοι-

80 796 132 828 πον,
145 794 180 826 ὡς
201 794 339 821 θεοποιεῖν
351 793 493 825 ἐθέλοντας
504 793 550 820 τὸν
569 786 620 820 οὒκ
631 793 696 820 ὄντα
715 793 793 826 Θεὸν,
806 793 869 820 καί·

80 851 115 868 τοι
132 840 186 867 δέον
204 840 342 867 ἀνάπτειν
361 839 437 874 σῦτῴ
449 838 489 874 τῷ
502 838 562 874 Θεῷ
577 839 625 866 καὶ
652 838 740 874 Πατρὶ
754 838 804 874 τῆς
826 838 870 865 ἐπ’

80 887 144 922 αὺτῷ
153 887 182 922 δὴ
193 885 284 921 τούτῳ
297 885 488 920 πλημμελείας
500 886 534 913 τὰ
544 885 715 921 ἐγκλήματα.
729 885 801 920 Ὅρα
811 883 867 921 [ῑσ.
885 877 906 905 Β

80 932 134 969 ὁρᾷ]
151 932 182 968 δὴ
202 930 260 964 οὖν,
288 933 304 959 ὁ
326 931 523 967 χριστομαθὴς,
536 932 597 958 ὄτεοι
617 931 681 958 ποτὲ
704 930 779 965 αὺτῷ
798 930 869 958 διεκ-

80 979 192 1006 παίουσιν
230 978 292 1014 [ισ.
321 978 566 1011 διεκπαιδεύουσιν,
589 977 620 1012 ἢ,
653 976 867 1013 διεκπταίουσιν]

80 1027 101 1052 οί
111 1025 178 1060 λόγοι
188 1033 195 1041 ·
210 1024 258 1051 καὶ
278 1024 316 1051 τὰ
328 1024 362 1051 ὲκ
371 1026 422 1061 τῆς
437 1025 558 1060 ἀκράτου
577 1024 694 1059 ταυτησὶ
707 1023 868 1056 δυσὸουλίας

80 1072 220 1107 εὑρήματα,
235 1071 311 1106 πρὸς
328 1072 405 1098 ποῖον
428 1071 502 1106 αὑτῷ
524 1070 650 1106 καταίρει
663 1070 752 1105 λόγον.
771 1071 868 1106 Ἡμεῖς

81 1119 123 1154 μὲν
140 1118 192 1154 γὰρ
212 1117 283 1145 Θεὸν
299 1118 364 1145 ὄντα
387 1118 458 1145 κατὰ
478 1118 559 1153 φύσιν
578 1118 624 1145 τὸν
643 1117 718 1149 Υἰὸν,
733 1118 866 1151 τουτέστι,

79 1167 118 1192 τὸν
134 1167 164 1192 ὲκ
188 1164 235 1191 τοῦ
260 1165 334 1192 Θεοῦ
355 1165 464 1201 Πατρὺς
476 1165 575 1199 Λόγον,
592 1164 754 1191 καθικέσθαι
777 1164 867 1201 φαμὲν

80 1212 113 1243 εἰς
127 1211 244 1238 ἑκούσιον
259 1210 396 1238 κένωσιν·
420 1211 600 1246 άναφοιτῆσαι
617 1211 646 1237 δὲ
669 1209 703 1237 αὖ
725 1210 773 1238 καὶ
799 1210 868 1246 μετὰ

81 1257 168 1295 ςεεξδς
177 1258 217 1289 είς
229 1257 260 1283 τὸ
275 1257 330 1292 τῆς
345 1256 459 1292 ἐνούσης
474 1256 612 1292 ὑπεροχῆς
626 1255 701 1291 αὐτῷ
715 1256 867 1292 θεοπρεπὲς

79 1302 184 1336 ἀξίωμα.
202 1303 404 1339 Προσκυνείται
420 1302 475 1337 γὰρ
489 1303 536 1328 καὶ
556 1301 625 1337 μετὰ
639 1301 750 1337 σαρκὸς,
766 1302 805 1334 ὡς
821 1302 868 1328 καὶ

81 1350 217 1385 πρὸαύτῆς
238 1349 375 1384 ὑπάρχων
395 1348 600 1384 προσκυνητός·
623 1345 658 1384 ἧν
679 1348 735 1384 γὰρ
758 1348 806 1375 καί
827 1347 867 1374 ἔτι

80 1395 127 1432 [ισ.
141 1394 206 1430 ἐστι]
229 1394 303 1422 κατὰ
323 1395 406 1428 φύσιν
420 1394 496 1427 Θεὸς,
510 1394 559 1421 καὶ
574 1393 627 1429 πρὸ
642 1393 692 1428 τῆς
712 1392 866 1426 κενώσεως,

81 1442 122 1468 καὶ
141 1442 184 1468 ὅτε
209 1441 258 1476 τὴν
289 1441 409 1468 κένωσιν
432 1441 577 1476 ὑπομεῖναι
600 1439 720 1474 λέγεται,
745 1440 866 1474 γεγονὼς

81 1487 132 1514 καθ’
152 1487 232 1522 ἡμᾶς.
255 1486 287 1513 '0
308 1486 339 1512 δὲ
360 1486 415 1513 τῶν
428 1486 499 1513 οὕτω
520 1485 627 1512 σεπτῶν
646 1485 694 1513 καὶ
712 1485 866 1522 άκισδήλων

81 1534 210 1568 δογμάτων
225 1532 384 1568 ὑπερορῶν,
399 1532 549 1568 ,ἄνθρωπον
566 1532 696 1559 συνάπτει
713 1531 773 1566 Θεῷ
795 1532 866 1580 κατά
879 1551 900 1580 c

82 1587 108 1612 γε
120 1579 166 1614 τὴν
179 1578 279 1611 ἔξωθεν
293 1578 390 1614 σ-χέσιν
399 1587 406 1593 ·
431 1579 478 1605 καὶ
493 1578 531 1610 ὡς
547 1578 576 1605 ἐν
592 1578 694 1613 ἰσότητι
708 1578 760 1613 τῆς
774 1577 865 1612 ἀξίας,

81 1625 122 1651 καὶ
131 1624 167 1657 ὡς
179 1625 270 1660 ἕτερον
283 1624 374 1660 ἑτέρῳ
390 1625 609 1659 συμπροσκυνεῖν
625 1625 675 1652 οὐκ
697 1623 863 1660 αἰσχύνεται.

82 1671 234 1697 Διατείνεται
254 1670 296 1704 δὲ,
316 1671 409 1706 φησὶν,
423 1670 461 1702 ὡς
475 1670 558 1706 ἀηθές
569 1679 595 1697 τι
610 1671 658 1698 καὶ
669 1671 756 1704 ξένον,
771 1670 819 1698 καὶ
829 1669 867 1702 ὡς

82 1719 107 1749 ὲ)
122 1718 225 1754 χάριτος
247 1718 335 1753 μοίρᾳ
356 1717 450 1743 λαεεῖν
471 1716 503 1743 τδ
523 1716 631 1752 κάμψαι
660 1726 691 1744 τε
713 1716 788 1752 αὐτῷ
812 1717 867 1743 πᾶν

82 1764 147 1797 γόνυ,
160 1764 205 1790 καὶ
216 1764 270 1798 μὴν
290 1764 342 1790 καὶ
365 1762 396 1790 τὸ
409 1763 498 1790 πᾶσαν
511 1762 763 1799 ἐξομολογήσασθαι
777 1762 866 1797 γλῶσ-

83 1818 134 1842 σαν,
146 1810 185 1836 ὅτι
208 1808 316 1845 Κύριος
343 1808 446 1844 Ἰησοῦς
467 1809 594 1845 Χριστός.
609 1810 664 1836 Καὶ
680 1810 704 1836 εί
719 1810 768 1845 μὲν
786 1810 867 1844 φύσει

83 1856 139 1883 Θεὸν
158 1855 282 1890 γενέσθαι
296 1856 354 1891 φὴς
367 1855 421 1891 [ισ.
440 1855 532 1892 φησὶν]
551 1855 643 1889 αὑτὸν,
658 1856 867 1892 δεδυσφήμηκεν

83 1903 207 1938 ἐναργῶς,
232 1902 371 1937 γεννητὴν
392 1899 462 1929 εἴναι
486 1901 573 1937 λέγων
595 1902 645 1938 τὴν
665 1903 714 1938 τῆς
729 1903 868 1938 Θεύτητος

85 1948 162 1981 φύσιν.
186 1948 216 1974 El
232 1947 262 1974 δὲ
283 1947 390 1982 ἥκιστα
412 1947 461 1982 μὲν
476 1947 547 1974 κατὰ
564 1946 656 1982 φύσιν,
677 1947 753 1974 δοτὸν
767 1947 795 1974 δὲ
818 1948 867 1974 καὶ

85 1993 188 2030 θύραθεν
211 1993 308 2020 ἑλόντα
321 1993 356 2020 τὸ
373 1992 491 2028 ἀξίωμα,
514 1994 561 2020 καὶ
582 1993 622 2025 ὡς
640 1993 670 2020 ἐν
688 1993 756 2029 μόνῃ
777 1994 865 2029 φωνῇ,

85 2040 135 2072 πῶς
152 2041 200 2067 οὐκ
221 2040 311 2068 ἐκεῖνό
333 2048 418 2075 φησιν
440 2039 573 2075 ἐναργῶς,
587 2040 627 2066 ὃτι
648 2039 867 2075 λελατρεύκαμεν

84 2087 119 2123 τῷ
140 2087 175 2123 μὴ
191 2087 272 2122 φύσει
284 2086 348 2122 Θεῷ
359 2106 368 2120 ,
391 2086 438 2112 καὶ
453 2086 502 2112 σὺν
515 2086 594 2121 ἡμῖν,
618 2085 656 2118 ὡς
676 2086 760 2117 ἔοικε,
783 2086 831 2112 καὶ
848 2086 865 2121 ἡ

85 2134 132 2160 τῶν
149 2134 201 2160 ἄνω
212 2133 380 2168 πνευμάτων
397 2132 569 2167 πεπλάνηται
586 2131 676 2167 νῆψις,
693 2132 741 2159 καὶ
762 2131 865 2158 τούτων

85 2181 143 2215 ἡμῖν
156 2180 232 2212 αὐτὸς
251 2181 266 2206 ὸ
280 2178 379 2215 Πατὴρ
392 2179 440 2205 καὶ
450 2178 521 2214 ἀρχὴ
535 2178 582 2205 καὶ
599 2178 733 2214 πρόφασις
746 2186 754 2211 ;
780 2177 865 2204 Ἐπὰν
882 2168 903 2195 D

85 2223 125 2251 οὖν
138 2224 188 2259 [ισ.
203 2224 261 2255 πῶς
272 2222 333 2259 οὖν]
349 2223 389 2250 ἔτι
407 2223 614 2258 διαμωμήσαιτο
625 2223 687 2255 τοὺς
698 2224 763 2259 παρ’
783 2223 865 2249 αὐτὴν

85 2273 114 2308 τῇ
131 2272 212 2298 κτίσει
232 2271 398 2307 προσκυνεῖν
416 2270 586 2306 ᾑρημένους
607 2269 743 2305 γράφεται
757 2268 785 2295 δὲ
806 2268 865 2295 ἀνθ’

85 2319 139 2345 ἢτοι)
149 2318 253 2350 κολάζει
268 2316 325 2353 (14)
340 2317 404 2348 τοὺς
419 2315 654 2350 πεπλανημένους,
674 2316 698 2341 εἰ
712 2315 769 2346 τοῖς
783 2313 865 2340 αὑτοῦ

86 2363 188 2399 νεύμασι
199 2363 371 2398 πεπλάνηται
383 2361 438 2398 [Ζσ.
453 2360 661 2396 πεπλάνηνται],
680 2359 866 2396 προσκυνητὸν

86 2411 144 2446 ἡμῖν
155 2411 341 2445 ὰποφήναντος
357 2409 404 2434 τὸν
417 2408 467 2434 οὐκ
479 2408 544 2434 ὄντα
558 2407 637 2442 φύσει
650 2406 734 2439 Θεόν;
757 2405 865 2441 Ἐπειδὴ

86 2457 111 2484 δὲ
119 2456 274 2491 παρατιθεὶς
286 2455 318 2482 τὸ
331 2455 414 2490 ῥητὸν
427 2455 455 2481 ἓν
465 2454 581 2486 τούτοις,
595 2452 712 2488 φημὶδὴ
720 2453 751 2479 τὺ
762 2453 792 2478 ὲν
802 2460 866 2487 χερ-

87 2503 140 2534 σὶν,
157 2504 195 2529 ὃτι
214 2503 290 2538 αὐτῷ
302 2502 407 2537 κάμψει
429 2502 485 2528 πᾶν
499 2501 562 2535 γόνυ
574 2521 581 2531 ,
598 2501 646 2527 καὶ
663 2501 738 2526 πᾶσα
753 2499 864 2533 γλῶσσα

87 2549 362 2585 ἑξομοληγήσεταιῶτι
376 2547 476 2584 Κύριος
495 2545 597 2582 Ἰησοῦς
608 2545 736 2582 Χριστὸς,
755 2544 864 2579 παρῆκε

87 2596 113 2621 τὸ
121 2596 206 2622 λεῖπον
217 2596 265 2622 καὶ
276 2595 378 2630 ἑφεξῆς
390 2593 544 2628 ἀναγκαίως
559 2592 598 2628 τῷ
620 2592 748 2627 μακαρίῳ
767 2591 864 2626 Παύλῳ

88 2642 382 2677 προσεπενηνεγμένον,
410 2639 460 2666 οὐκ
489 2637 536 2665 οἷδ’
559 2639 601 2665 ὂτι
625 2637 863 2672 διενθυμούμενος,

89 2687 145 2721 φέρε
165 2687 330 2721 προσθέντες
349 2686 431 2721 ἡμεῖς
449 2686 535 2712 έκεῖνο
554 2683 692 2719 λέγωμεν·
715 2692 724 2708 ι
755 2681 865 2714 Ἐξομο-

921 243 1011 271 onmis
1025 244 1113 279 lingua
1129 244 1301 276 confiteatur,
1317 244 1379 279 quia
1395 244 1523 272 Dominus
1538 244 1616 272 Jesus
1631 245 1713 272 Chri-

922 293 987 316 stus.
1004 289 1032 317 Si
1048 289 1130 324 igitur
1144 290 1225 316 Deum
1237 289 1291 323 jam
1305 297 1337 317 ex
1353 296 1449 316 natura
1459 309 1466 321 ,
1479 289 1561 316 etiam
1575 294 1638 317 ante
1652 297 1713 318 eam

921 342 982 369 qua:
996 335 1040 362 hic
1053 335 1154 362 dicitur
1165 335 1368 367 exultationem,
1384 336 1411 363 in
1427 335 1535 363 sublimi
1551 336 1639 371 posuit
1656 335 1713 370 ipse

922 379 1014 412 Pater,
1027 381 1135 408 modum
1150 381 1236 414 ipsmn
1251 380 1446 408 humiliationis
1459 381 1626 408 intermedia:
1637 388 1712 408 scru-

923 431 1022 458 tantes,
1043 427 1270 462 dispensatimtem
1292 427 1436 461 quauulam
1459 427 1608 461 sapientem
1630 426 1714 454 fuisse

922 472 1091 506 reperiemus
1104 482 1111 499 :
1125 480 1173 507 per
1184 480 1263 507 quam
1277 480 1339 500 cum
1355 473 1455 500 interea
1470 473 1600 508 inglorius
1626 473 1713 500 factus

921 522 1011 549 esset,
1029 526 1122 544 rursus
1137 518 1170 544 ad
1186 526 1217 545 ea
1233 517 1259 544 in
1276 518 1374 552 quibus
1391 525 1498 552 semper
1513 519 1617 549 fuerat.
1632 523 1659 545 et
1674 517 1711 545 illi

921 563 1101 591 essentialiter
1118 564 1236 594 inerant,
1256 569 1283 590 et
1304 564 1337 590 ad
1358 572 1434 591 suam
1453 572 1542 592 veram
1563 564 1712 592 sublimita-

923 614 975 637 tem
992 609 1081 638 rediit.
1097 611 1173 643 Quod
1188 610 1209 637 si
1228 617 1279 637 non
1297 611 1333 637 ita
1349 615 1407 642 est,
1422 615 1450 637 ut
1467 611 1524 645 ipse
1540 615 1614 645 putat
1628 615 1655 637 et
1670 610 1712 637 di-

920 655 969 687 cit,
984 654 1064 682 alium
1078 662 1142 682 vero
1155 657 1298 690 quemdam
1315 656 1365 690 ipsi
1381 657 1557 691 conjuncttnn
1573 656 1709 684 hominem

922 706 1020 736 prteter
1032 701 1119 736 ipsmu
1136 701 1182 728 Dei
1195 700 1325 732 Verbum.
1341 702 1410 729 ccelo
1424 707 1452 729 et
1467 707 1547 729 terra:
1562 707 1588 729 et
1602 702 1713 730 inferio-

921 748 996 775 ribus
1009 747 1091 774 etiam
1106 747 1229 783 partibus
1243 747 1408 775 adorandum
1425 748 1498 780 fecitI
1513 755 1578 784 ergo
1593 749 1711 776 similem

921 795 1006 821 nostri
1024 794 1160 821 hominem
1179 794 1327 828 deiﬁcavit,
1346 802 1434 829 neque
1451 795 1540 822 adhuc
1558 796 1636 823 nobis
1650 795 1713 829 jure

920 840 988 867 vitio
1001 845 1108 868 vertere
1122 840 1231 875 poterit.
1246 841 1323 875 quasi
1339 848 1400 867 eum
1415 841 1460 876 qui
1476 848 1528 868 non
1543 845 1614 868 esset
1628 840 1711 873 Deus,

921 887 1047 914 tleilicare
1062 887 1237 917 voluerimus,
1254 894 1316 913 cum
1334 886 1415 922 hujus
1431 886 1544 914 sceleris
1563 887 1666 914 Crimen
1683 887 1711 914 iu

919 934 1006 968 ipsum
1025 933 1107 961 Deum
1123 941 1155 960 ac
1171 933 1278 960 Patrem
1295 933 1330 960 sit
1345 933 1553 960 conferendum.
1567 933 1643 961 Videt
1661 933 1712 968 igi-

920 985 965 1007 tur
976 980 1079 1007 Christi
1095 979 1233 1006 studiosus
1247 987 1299 1013 quo
1313 979 1421 1005 tandem
1435 978 1494 1012 ejus
1507 986 1647 1006 sermones
1661 979 1711 1006 de-

919 1024 1060 1056 labuntur,
1075 1029 1103 1051 ct.
1120 1024 1152 1050 ad
1170 1024 1262 1058 qualia
1277 1023 1356 1050 verba
1376 1023 1503 1051 immanis
1521 1023 1599 1057 hujus
1617 1024 1710 1052 stulti-

919 1073 963 1099 tite
982 1075 1132 1099 commenta
1153 1071 1321 1105 perveniunt.
1335 1070 1390 1098 Nos
1408 1071 1480 1098 enim
1501 1071 1589 1105 ipsum
1601 1070 1710 1105 Filium,

919 1117 964 1151 qui
984 1117 1053 1144 Deus
1070 1124 1101 1143 ex
1121 1120 1216 1142 natura
1236 1121 1310 1148 erat,
1329 1116 1379 1144 hoc
1399 1121 1456 1148 est,
1472 1116 1587 1143 Verbum
1605 1123 1638 1143 ex
1657 1115 1712 1143 Deo

919 1163 999 1190 Patre
1018 1163 1156 1198 genitum,
1176 1163 1209 1189 ad
1229 1163 1407 1189 voluntariam
1427 1162 1641 1190 exinanitiOnem
1663 1163 1711 1190 de-

919 1209 1057 1236 scendisse
1072 1209 1197 1241 dicituus,
1214 1215 1246 1236 ac
1263 1209 1376 1236 rediisse
1392 1217 1486 1235 rursus
1501 1217 1562 1236 cum
1579 1216 1662 1236 carne
1676 1209 1710 1236 ad

920 1255 992 1282 illam
1011 1255 1130 1281 divinam
1148 1254 1305 1288 dignitatem
1332 1259 1413 1289 atque
1431 1255 1626 1282 sublimitatem
1651 1263 1712 1289 quae

919 1301 955 1328 illi
973 1301 1071 1328 inerat.
1085 1300 1222 1328 Adoratur
1235 1300 1307 1328 enim
1322 1301 1403 1328 etiam
1418 1308 1480 1328 cum
1495 1308 1588 1334 carne,
1603 1306 1633 1328 ut
1647 1306 1711 1329 ante

919 1354 1029 1374 carnem
1043 1351 1103 1373 erat
1117 1346 1273 1374 adorandus
1288 1355 1295 1373 :
1310 1351 1369 1374 erat
1383 1347 1454 1374 enim
1467 1352 1495 1375 et
1507 1353 1549 1375 est
1561 1349 1712 1376 secundum

919 1399 1043 1422 naturam
1059 1393 1131 1420 Detts
1144 1397 1172 1420 et
1185 1398 1247 1420 ante
1260 1393 1488 1426 exinanitiouem,
1503 1399 1530 1422 et
1544 1402 1604 1422 cum
1618 1395 1711 1422 exina-

919 1441 1050 1468 nitionem
1071 1439 1191 1467 subiiSSc
1202 1438 1312 1472 dicitur,
1325 1438 1414 1467 factus
1426 1440 1512 1467 nastri
1534 1441 1640 1469 similis.
1660 1440 1712 1469 Iste

918 1494 984 1514 Vt‘l‘O
1000 1487 1059 1514 haec
1074 1486 1142 1514 adeo
1157 1486 1310 1513 veneranda
1329 1491 1458 1521 rectaque
1474 1487 1599 1522 dogmata
1617 1487 1709 1522 despi-

918 1533 994 1561 ciens
1014 1532 1150 1561 hominem
1170 1531 1227 1560 Deo
1246 1532 1384 1567 coniungit
1403 1533 1551 1561 secundum
1571 1539 1710 1562 externam

918 1579 1116 1612 habitudinem,
1131 1584 1158 1606 et
1177 1583 1304 1613 tanquam
1324 1579 1350 1606 in
1369 1579 1429 1614 ejus
1447 1580 1586 1615 dignitatis
1602 1581 1712 1615 :rquali-

919 1633 988 1660 tate,
1003 1632 1031 1656 et
1046 1632 1174 1661 tanquatn
1191 1626 1306 1653 alterum
1322 1634 1382 1653 cum
1398 1626 1485 1654 altero
1500 1627 1579 1654 simul
1596 1628 1711 1655 adorare

918 1682 973 1702 non
986 1673 1134 1702 erubescit.
1147 1673 1254 1700 Asserit
1265 1678 1366 1705 autem,
1380 1673 1478 1708 inquit,
1492 1673 1564 1700 velut
1576 1673 1711 1701 insuetum

918 1720 1046 1756 quiddam
1065 1728 1098 1748 ac
1116 1728 1231 1754 novum,
1248 1725 1275 1747 et
1293 1721 1365 1747 velut
1384 1720 1477 1755 gratiae
1496 1719 1556 1747 loco
1573 1720 1712 1755 accepisse

919 1772 948 1794 ut
961 1766 998 1794 illi
1012 1766 1135 1794 ﬂectatur
1145 1774 1226 1794 omne
1239 1774 1319 1802 genu,
1334 1771 1361 1794 et
1374 1767 1464 1793 omnis
1477 1766 1566 1799 lingua
1581 1767 1712 1794 conﬁtea-

919 1818 974 1846 tur,
987 1813 1048 1848 quia
1061 1813 1190 1840 Dominus
1201 1812 1279 1840 Jesu:
1289 1812 1423 1839 Christus.
1438 1812 1476 1839 Ac
1489 1812 1510 1840 si
1526 1812 1599 1839 illutn
1615 1817 1710 1839 natura

919 1859 1002 1886 Deum
1022 1858 1122 1886 factum
1139 1866 1200 1886 esse
1219 1858 1300 1888 dicit.
1321 1864 1415 1893 aperte
1435 1857 1652 1892 blasphemavit,
1671 1857 1711 1884 fa-

917 1908 988 1932 ctam
1009 1911 1071 1931 esse
1092 1903 1186 1930 dicens
1200 1902 1356 1930 Divinitatis
1375 1907 1509 1929 naturam.
1530 1901 1578 1929 Sin
1600 1903 1711 1929 minime

917 1949 1065 1978 secundum
1085 1953 1229 1980 naturam,
1247 1948 1294 1975 sed
1313 1955 1373 1974 eam
1393 1947 1553 1983 dignitatem
1573 1948 1663 1974 datam
1683 1953 1712 1975 et

917 1995 1089 2023 extrinsecus
1103 1999 1253 2029 acceptam.
1267 1999 1294 2021 et
1309 1994 1382 2021 Velut
1399 1994 1425 2020 in
1439 1993 1495 2021 sola
1510 2001 1577 2021 voce
1590 1994 1709 2029 positam

918 2041 1063 2073 habuisse,
1077 2040 1213 2075 quomodo
1229 2047 1281 2067 non
1298 2039 1363 2066 illud
1379 2039 1520 2067 evidenter
1533 2040 1644 2074 asserit,
1661 2048 1710 2067 nos

917 2087 1020 2114 servire
1037 2092 1065 2114 et
1085 2085 1184 2113 cultmn
1206 2085 1313 2113 deferre
1333 2085 1358 2112 ei
1379 2085 1425 2119 qui
1448 2084 1502 2120 56
1522 2090 1618 2112 natura
1637 2084 1710 2113 Deus

918 2141 970 2160 non
986 2132 1032 2165 sit,
1047 2136 1075 2160 et
1090 2132 1242 2164 uobiscum,
1257 2136 1286 2158 ut
1300 2138 1469 2165 consequens
1483 2123 1536 2164 est,
1552 2130 1624 2158 illam
1639 2139 1708 2164 quo—

918 2186 971 2213 que
991 2185 1169 2212 supernorum
1191 2177 1336 2211 spirituum
1357 2176 1514 2211 pervigilem
1537 2176 1708 2211 prudentiam

917 2232 1010 2252 errOre
1032 2225 1182 2254 seductum,
1204 2228 1230 2250 ιιι
1248 2223 1344 2250 horum
1365 2222 1497 2249 scelerum
1521 2222 1598 2249 nobis
1621 2222 1707 2256 ipstun

919 2270 1025 2297 Patrem
1051 2270 1156 2296 initimn
1178 2274 1205 2296 et
1226 2276 1337 2296 causam
1360 2268 1441 2295 esse?
1463 2267 1604 2301 Quomodo
1627 2268 1709 2302 igitur

918 2317 1007 2344 adhuc
1022 2315 1110 2350 culpat
1124 2323 1172 2342 eos
1185 2315 1230 2350 qui
1246 2315 1291 2342 illo
1304 2315 1411 2348 abjecto
1424 2319 1578 2342 creaturam
1593 2314 1709 2341 adorare

919 2360 1092 2388 maluerunt?
1109 2368 1158 2387 cur
1174 2367 1237 2387 vero
1254 2365 1362 2387 accusat
1380 2364 1408 2386 et
1426 2359 1504 2393 punit
1519 2359 1646 2386 seductos
1663 2367 1709 2386 er-

920 2412 982 2431 rore
1005 2405 1146 2435 homines,
1168 2404 1189 2431 si
1216 2404 1275 2438 ejus
1299 2409 1366 2431 nutu
1390 2412 1422 2432 ac
1443 2404 1581 2431 voluntate
1603 2403 1708 2432 seducti

919 2456 993 2482 sunt,
1008 2459 1069 2478 cum
1086 2459 1147 2477 eum
1164 2451 1208 2484 qui
1226 2459 1278 2478 non
1293 2455 1365 2478 esset
1381 2458 1414 2478 ex
1432 2455 1528 2478 natura
1544 2450 1626 2481 Deus.
1641 2452 1704 2478 ado-

919 2497 1031 2524 rabileut
1047 2497 1125 2524 nobis
1139 2497 1277 2525 elfecerit?
1292 2496 1346 2524 Sed
1359 2497 1423 2532 quia
1439 2497 1466 2524 in
1483 2497 1524 2524 his
1539 2504 1600 2524 cutn
1616 2496 1707 2523 locum

918 2544 1038 2576 citasset,
1055 2551 1128 2576 eum,
1143 2544 1265 2578 inquatn.
1278 2543 1324 2578 qui
1340 2547 1382 2570 est
1399 2543 1425 2570 in
1441 2543 1577 2574 manibus,
1592 2542 1643 2577 ipsi
1660 2542 1708 2569 lle-

918 2594 1007 2616 ctetur
1029 2595 1110 2615 omne
1132 2596 1222 2622 genu.
1246 2593 1274 2615 et
1296 2587 1385 2614 omnis
1409 2587 1498 2621 lingua
1522 2585 1707 2618 conﬁtebitur,

917 2635 980 2669 quia
1009 2633 1138 2661 Dominus
1160 2633 1240 2661 Jesns
1264 2633 1408 2666 Christus;
1433 2632 1526 2660 omisit
1551 2631 1653 2665 reliqua
1680 2636 1708 2658 et

918 2679 1125 2714 consequentia,
1140 2687 1200 2714 qua:
1214 2679 1369 2707 necessario
1382 2686 1397 2706 a
1414 2678 1493 2706 beato
1508 2676 1590 2704 Paulo
1604 2675 1708 2710 adjecta

710 2770 791 2798 ANT.
811 2768 946 2798 AGELLII
965 2767 1082 2796 NOTAE.

119 2855 170 2890 (Nl
182 2855 336 2892 chendum
355 2854 471 2887 videtur,
489 2853 535 2880 καὶ
548 2851 666 2884 κολάζει.
