1883 3054
18 1070 44 1120 ἃ

135 115 187 142 105
626 111 656 137 S.
677 109 810 137 CYRILLI
831 107 1064 136 ALEXANDRINI
1084 106 1245 136 ARCIIIEP.
1721 110 1774 138 ίοι

131 172 258 203 fuerant;
276 176 393 204 quonam
412 169 438 195 id
455 167 568 195 consilio
587 167 700 197 fecerit.
720 168 811 194 nescio
828 176 836 194 :
856 175 874 198 ιι1

1033 167 1094 192 ίίται
1109 166 1163 201 γὰρ
1182 167 1256 192 πᾶσα
1271 167 1390 199 γλῶσσα,
1402 167 1442 193 ὅτι
1456 164 1558 202 Κύριος
1587 167 1694 203 Ἰησοῦς
1708 168 1776 202 Χρι-

130 217 291 251 adjiciamus
309 223 357 242 nos
374 215 427 245 illa.
444 222 475 241 ac
491 215 612 241 dicamus
628 222 634 239 :
655 222 664 238 ι
683 213 835 240 Confitetnr
849 212 920 238 enim

129 264 219 290 omnis
237 263 339 296 lingua,
358 261 420 296 quia
441 261 569 287 Dominus
586 259 664 287 Jesus
680 260 804 287 Christus
822 259 848 286 in
866 258 921 293 slo-

131 309 199 334 riam
222 307 267 333 Dei
288 307 386 333 Patris.
408 314 418 330 1
440 304 521 339 Igitur
541 305 563 331 si
584 309 680 331 natura
702 304 774 331 Deus
795 312 846 330 non
869 308 920 335 est,

131 355 177 382 sed
196 359 306 388 propter
323 352 540 386 coniunctionem
560 351 770 378 liabitudiualeui
789 358 840 385 qua
856 353 921 384 jun-

131 405 191 428 ctus
211 405 252 426 est
275 407 334 426 cum
355 398 410 425 Deo
428 398 527 429 Verbo,
547 397 654 424 adorari
678 397 752 423 illum
774 396 840 423 dicit
859 402 886 423 et
906 405 921 423 a

131 446 223 479 nobis,
240 450 267 471 et
282 453 296 471 τι
312 444 416 471 sanctis
431 444 550 478 angelis,
564 451 628 478 ergo
642 443 734 477 gloria:
748 442 844 469 modus
859 442 920 476 qui-

130 492 191 517 dam
213 497 226 515 a
248 489 329 515 Patre
351 489 476 514 inventus
498 493 539 514 est
562 488 587 514 iu
612 495 644 514 eo
665 487 736 521 quod
757 487 836 513 simul
859 494 920 513 cum

132 537 190 570 ipso
209 535 334 562 deificata
354 537 396 560 est
415 537 538 559 creatura
558 542 564 559 :
585 533 622 560 ita
643 533 744 560 frustra
767 532 921 567 indignatus

129 587 172 607 est
187 581 348 615 quibusdam
366 584 395 604 ut
409 578 454 612 qui
473 578 523 605 hoc
539 578 667 606 fecissent
683 587 690 605 :
707 578 777 611 quod
793 578 814 604 si
830 585 860 604 ea
878 585 922 604 res

132 627 170 653 illi
186 626 278 661 gloria:
293 625 353 656 fuit,
369 624 504 658 quomodo
519 631 570 651 non
585 632 691 658 alquum
708 624 758 650 fuit
772 624 881 658 praemia
895 627 921 650 et

131 673 224 699 laudes
239 675 265 698 et
279 671 392 705 gloriam
411 669 464 695 illis
478 670 626 704 rependere
640 669 685 703 qui
702 670 727 696 id
744 668 832 695 facere
847 669 924 695 insti-

131 718 266 746 tuissent?
282 717 335 743 Sed
355 716 449 742 dicent
465 714 582 742 fortasse
598 724 604 742 :
621 714 761 748 Quomodo
776 713 849 740 Patri
866 715 921 748 glo-

132 765 180 792 rim
200 764 252 791 erit
272 768 301 790 ut
322 763 491 790 Emmanueli
512 770 591 789 onme
608 769 676 796 genu
694 761 836 788 ﬂectatur?
853 760 922 794 Quia

132 810 250 838 Verbum
267 817 328 837 cum
344 809 380 837 sit
396 809 466 836 Deus
482 816 530 843 per
543 813 679 841 naturam,
695 813 723 835 et
738 815 769 834 ex
785 808 853 842 ipso,
872 808 922 834 hoc

975 210 1046 241 στὸς,
1063 211 1103 242 εἰς
1123 211 1202 242 δόξαν
1220 210 1287 237 Θεοῦ
1308 211 1424 246 Πατρός.
1443 222 1453 238 ι
1474 212 1578 238 Οὐκοῦν
1591 213 1615 239 εἰ
1639 213 1677 248 μὴ
1692 212 1777 246 φύσει

973 256 1039 287 Θεός
1061 256 1129 288 ἐστι,
1155 257 1199 283 διὰ
1220 257 1368 290 συνάφειαν
1382 257 1410 284 δὲ
1432 258 1571 293 σχετικὴν,
1591 257 1643 292 τὴν
1659 258 1729 293 πρός
1743 264 1778 292 γε

974 302 1045 337 φημὶ
1060 303 1104 328 τὸν
1118 303 1150 328 ὲκ
1169 302 1236 328 Θεοῦ
1251 303 1348 336 Λόγον,
1365 304 1574 338 προσκυνεῖσθαι
1589 313 1672 339 φησιν
1692 304 1779 330 αὑτὸν

974 349 1041 383 πρός
1054 357 1085 375 τε
1101 349 1180 384 ἡμῶν
1200 349 1300 381 αὐτῶν,
1315 350 1362 376 καὶ
1382 349 1437 376 τῶν
1457 350 1543 384 ἁγίων
1566 351 1692 384 ἀγγέλων
1703 358 1710 365 ο
1726 351 1776 376 εὑ-

976 394 1066 426 κλείας
1082 403 1125 426 τις
1140 395 1194 429 ἄρα
1215 394 1316 430 τρόπος
1334 395 1478 431 ἐξεύρηται
1493 396 1533 430 τῷ
1545 396 1644 431 [latth,
1657 395 1697 431 τῷ
1713 395 1778 421 Θεο-

975 440 1110 467 ποιεῖσθαι
1125 440 1174 467 σὺν
1184 440 1259 475 αὐτῷ
1270 441 1319 476 τὴν
1341 441 1444 468 κτίσιν⁵
1457 442 1503 468 καὶ
1515 441 1668 476 λελύπηται
1683 442 1779 476 μάτην

975 484 1021 510 ἐπί
1031 492 1112 516 τισιν,
1129 484 1166 516 ὼς
1183 484 1261 511 τοῦτο
1276 486 1437 520 πεποιηκόσι
1447 494 1453 501 ·
1466 486 1513 513 καὶ
1528 487 1553 513 εἰ
1564 486 1632 522 πρὸς
1647 486 1777 518 εὐκλείας

973 527 1007 564 ἧν
1036 529 1066 555 τὸ
1088 530 1183 564 χρῆμα
1214 531 1306 565 αὐτῷ,
1332 530 1391 562 πῶς
1421 530 1470 557 οὐκ
1498 531 1551 558 ἔδει
1581 532 1628 558 καὶ
1654 531 1777 566 ἀμοιϐῆς

973 574 1075 607 ἀξιοῦν,
1095 575 1205 602 ἐπαίνου
1229 585 1257 602 τε
1276 577 1322 603 καὶ
1340 576 1429 614 δόξης,
1449 577 1512 608 τοὺς
1526 577 1604 604 τοῦτο
1620 578 1687 613 δρᾷν
1704 578 1777 612 ἡρη-

975 620 1088 655 μένου;;
1116 620 1185 646 Ἀλλ’
1212 621 1276 653 Esto;
1298 622 1387 648 ἐκεῖνο
1412 623 1489 656 φαῖεν
1513 622 1561 652 ἂν.
1589 621 1656 648 Τίνα
1671 622 1777 656 τρόπον

973 666 1042 702 πρὸς
1057 666 1182 698 εὐκλείας
1199 666 1276 694 ἔσται
1298 667 1337 703 τῷ
1352 668 1440 703 Πατρὶ
1466 668 1496 694 τὸ
1511 668 1619 703 κάμψαι
1635 670 1691 696 πᾶν
1708 668 1776 703 γόνυ

972 711 1018 738 τὸν
1034 711 1090 747 [Ion
1107 711 1158 748 τῷ]
1189 712 1381 749 Ἐμμανουήλ;
1398 714 1459 740 ’Ὁτι
1476 714 1541 746 Θεὸς
1554 714 1591 741 ὢν
1609 713 1702 749 φύσει,
1727 715 1778 740 καὶ

972 755 1003 789 ἐξ
1024 757 1118 788 αὑτοῦ,
1138 758 1288 790 τουτέστιν,
1314 759 1346 785 ἐκ
1369 759 1418 794 τῆς
1443 759 1537 791 οὐσίας
1556 760 1650 793 αὑτοῦ,
1676 760 1778 794 γέγονε

974 803 1043 838 σὰρξ
1068 805 1082 830 ό
1103 804 1206 838 Λόγος·
1229 806 1421 840 προσκυνεῖται
1445 805 1484 838 δὲ,
1508 806 1547 838 ὡς
1565 807 1645 842 ἔφην,
1669 807 1709 838 ὡς
1733 805 1778 838 εἷς

132 862 185 888 est,
199 864 230 882 ex
248 854 306 889 eius
322 855 486 884 substantia,
502 861 565 880 caro
582 853 681 880 factum
699 858 740 880 est
756 862 762 880 :
778 853 873 880 adorat

1036 849 1064 875 αὶ
1080 849 1160 885 μόνος
1175 851 1222 876 καὶ
1238 850 1345 886 ἀληθῶς
1367 851 1441 884 Υἱὸς,
1459 852 1528 887 μετὰ
1607 840 1675 884 ista;
1690 853 1777 879 αὑτοῦ

132 909 197 936 que,
210 906 239 927 ut
252 900 320 932 dixi,
335 906 364 927 ut
379 907 447 926 unus
459 903 486 926 et
498 899 572 926 solus
587 904 613 926 et
626 907 687 926 vere
701 899 784 925 Filius
799 906 859 925 Ctllll
874 906 921 925 sua

134 947 219 981 ipsius
235 954 316 974 carne
332 955 339 974 :
356 945 525 981 gloriﬁcatur
541 950 631 972 autent
648 945 730 971 Pater
744 949 771 971 ut
790 945 860 972 Deus
876 945 922 978 qui

135 990 232 1017 habeat
249 997 341 1016 verum
364 989 461 1016 Filium
480 996 513 1016 ex
532 997 580 1016 sua
601 989 752 1016 substantia
775 989 894 1023 genitum
914 996 921 1016 :

134 1043 214 1070 quem
229 1035 311 1062 etiam
326 1043 435 1062 carnem
451 1035 552 1062 factum
568 1043 616 1070 pro
630 1036 709 1062 nobis
723 1035 807 1068 dedit,
821 1040 850 1062 ut
863 1043 924 1070 pas-

134 1089 180 1108 sus
205 1089 286 1108 carne
310 1081 412 1108 salvum
438 1081 541 1109 faceret
564 1083 656 1109 orbem
683 1087 834 1116 terrarum;
861 1091 870 1107 ι
895 1087 925 1108 ιιι

134 1127 223 1154 mimis
239 1127 284 1162 qui
303 1127 388 1154 credit
405 1126 431 1153 iu
450 1127 549 1162 ipsum,
568 1135 620 1155 non
640 1132 742 1162 pereat,
761 1128 808 1155 sed
827 1128 924 1154 habeat

136 1173 217 1199 vitam
231 1176 360 1200 aeternam
371 1172 412 1205 ἠς
429 1181 438 1197 ι
453 1177 482 1198 ιιι
495 1173 584 1200 omnis
597 1173 643 1207 qui
658 1164 730 1200 videt
743 1180 820 1204 eum,
835 1173 925 1200 videat

136 1218 272 1246 i‘atrem"
290 1227 297 1246 :
314 1226 394 1252 quam
411 1218 492 1245 etiam
510 1218 597 1253 ipsam
615 1226 669 1245 rem
689 1219 766 1246 nobis
783 1226 844 1246 esse
860 1225 924 1245 vere

136 1265 243 1292 vitalem
260 1265 316 1298 ipse
332 1264 414 1292 Filius
429 1266 563 1298 ostendit;
579 1265 647 1292 dixit
662 1265 733 1291 enim
749 1273 756 1292 :
775 1274 783 1290 ι
807 1265 869 1291 Hinc
884 1269 925 1292 est

136 1312 189 1338 vita
205 1317 304 1338 arterua
316 1330 323 1342 ,
341 1317 370 1337 ut
386 1317 551 1345 cognoscant
567 1317 593 1338 te
609 1311 694 1338 solum
713 1311 795 1338 Deum
812 1319 924 1343 verum,

135 1361 163 1382 ct
183 1364 260 1390 quem
282 1355 380 1382 misisti
403 1355 494 1382 .lesum
517 1355 653 1383 Christum
663 1357 696 1383 ⁸⁸.
716 1365 725 1382 ι
745 1356 783 1383 Ac
802 1357 843 1383 via
865 1357 924 1391 qui-

136 1402 197 1428 dem
215 1406 298 1432 recta,
316 1406 343 1428 et
359 1402 392 1427 ad
409 1401 575 1428 verissimam
596 1402 758 1429 sententiam
777 1403 925 1436 perducens

137 1448 194 1474 inec
213 1452 274 1479 .esl,
296 1452 322 1473 et
346 1451 445 1479 praeter
465 1454 524 1473 eam
550 1447 633 1475 nulla.
659 1447 709 1475 Hic
730 1456 795 1474 vero
818 1455 924 1475 sursum

974 895 1086 930 σαρκόςθ
1117 895 1257 928 δοξάζεταί
1279 906 1310 931 γε
1332 897 1385 932 μὴν
1409 899 1423 924 ό
1441 898 1536 933 Πατὴρ
1557 899 1594 930 ὡς
1610 898 1688 930 Θεὸς,
1705 899 1780 934 ἔχων

973 941 1097 976 ἀληθινὸν
1110 942 1155 968 τὸν
1174 944 1206 969 ὲκ
1227 943 1275 978 τῆς
1290 943 1383 975 οὐσίας
1398 943 1482 970 αὑτοῦ
1502 945 1668 980 γεννηθέντα
1685 945 1752 972 Υἱόν
1768 953 1775 959 ·

973 988 1002 1014 ὃν
1023 988 1070 1014 καὶ
1099 988 1190 1023 σάρκα
1216 989 1347 1023 γεγονότα
1374 990 1490 1017 δέδωκεν
1516 991 1586 1024 ὑπὲρ
1611 991 1701 1026 ἡμῶν,
1730 991 1779 1017 ἵνα

975 1034 1057 1068 σαρκὶ
1089 1033 1203 1066 παθὼν,
1242 1033 1362 1070 διασώσῃ
1385 1034 1435 1070 τὴν
1459 1036 1505 1062 ὑπ’
1532 1035 1662 1071 οὐρανόν·
1691 1045 1701 1061 ι
1732 1036 1780 1064 ινα

974 1080 1033 1119 my;
1045 1080 1058 1106 ὁ
1074 1080 1211 1107 πιστεύων
1230 1082 1270 1111 εἰς
1285 1081 1377 1113 αὑτὸν,
1392 1082 1423 1108 οὐ
1440 1082 1477 1118 μὴ
1488 1082 1633 1118 ἀπόληται,
1650 1083 1708 1110 ἀλλ’
1726 1083 1779 1119 ἔχῃ

975 1126 1047 1162 ζωὴν
1069 1126 1190 1159 αἰώνιον,
1220 1137 1229 1153 ι
1256 1128 1299 1153 ἴνα
1322 1128 1375 1159 πᾶς
1397 1129 1411 1154 ὁ
1433 1128 1544 1164 θεωρῶν
1558 1129 1649 1161 αὑτὸν,
1678 1129 1774 1164 θεωρῇ

975 1172 1019 1198 τὸν
1036 1173 1156 1208 Πατέρα.
1180 1173 1316 1199 Ζωοποιὺν
1332 1173 1360 1199 δὲ
1381 1174 1411 1200 τὸ
1433 1174 1529 1209 χρῆμα
1546 1175 1592 1201 καὶ
1614 1174 1693 1201 τοῦτο
1709 1175 1779 1210 ἡμῖν

976 1218 1100 1253 ὑπάρχον
1114 1218 1231 1253 ἀληθῶς,
1249 1219 1330 1250 αὐτὸς
1343 1219 1495 1255 ὲκδέδειχεν
1508 1221 1522 1247 ό
1537 1221 1599 1252 Υἱός
1609 1229 1615 1235 ’
1628 1221 1681 1256 ἔφη
1696 1221 1754 1256 γάρ
1769 1230 1777 1236 ·

979 1274 987 1289 ι
1002 1264 1074 1300 Αὕτη
1088 1265 1116 1290 δέ
1131 1266 1205 1291 ἐστιν
1221 1266 1236 1300 ὴ
1251 1265 1359 1297 αἰώνιος
1374 1265 1440 1301 ζωὴ,
1457 1266 1500 1292 ἵνα
1518 1267 1674 1300 γινώσκωσι
1686 1276 1717 1293 σε
1730 1268 1779 1294 τὸν

979 1311 1059 1346 μόνον
1072 1311 1200 1346 ἀληθινὴν
1211 1311 1286 1341 Θεὸν,
1301 1311 1347 1337 καὶ
1362 1311 1391 1338 ὃν
1404 1313 1567 1344 ἀπέστειλας
1591 1312 1694 1347 Ἰησοῦν
1707 1313 1779 1348 Χρι-

977 1357 1049 1383 στόν.
1076 1366 1085 1381 ›
1109 1357 1163 1383 Καὶ
1181 1358 1205 1383 εἰ
1222 1358 1273 1392 μὲν
1286 1358 1341 1393 (l5)
1359 1358 1399 1389 εἰς
1418 1358 1484 1384 εὐθὺ
1500 1359 1546 1385 καὶ
1564 1359 1778 1395 ἀπλανεστὰτην

976 1403 1030 1429 τῶν
1052 1403 1161 1429 ὲιινοιῶν
1183 1403 1252 1437 αὕτη
1276 1413 1304 1430 τε
1327 1405 1373 1430 καὶ
1392 1405 1440 1439 οὐχ
1463 1405 1544 1439 ἑτέρα
1565 1405 1669 1440 τρίϐος.
1699 1407 1730 1433 '0
1748 1407 1778 1432 δὲ

977 1450 1033 1476 ἄνω
1055 1459 1084 1476 τε
1108 1450 1156 1476 καὶ
1178 1450 1254 1477 κάτω
1279 1450 1313 1477 τὰ
1338 1451 1426 1477 πάντα
1451 1451 1553 1483 κυκῶν,
1570 1451 1630 1488 [Διὰ
1657 1453 1704 1479 τὸν
1729 1461 1780 1487 φοι

136 1493 264 1520 dcorsum
284 1494 373 1519 oumia
393 1493 591 1524 commiscens,
612 1492 737 1528 [Propter
755 1499 877 1528 gestante

1033 1505 1087 1528 na,
1112 1497 1253 1532 φησ“ι.τὸν
1277 1497 1444 1532 φορούμενον
1468 1498 1556 1524 σέϐω·
1579 1499 1624 1524 διὰ
1655 1499 1702 1525 τὸν
1731 1508 1776 1525 κε-

138 1539 234 1572 iuquit,
243 1544 373 1574 gestatum
383 1547 508 1571 veneror,
519 1545 629 1574 propter
638 1540 764 1567 latentem
774 1541 857 1567 adoro
866 1548 926 1574 spe-

91 1587 94 1597 ’
138 1584 286 1621 rtabilem.]
301 1584 403 1619 Cerne,
416 1593 518 1620 quaiso,
532 1594 639 1613 rursum
652 1586 751 1620 ubique
765 1586 838 1613 illum
851 1587 928 1614 unio-

139 1638 200 1657 nem
221 1630 328 1665 fugere,
345 1636 373 1658 et
390 1632 531 1659 \‘eritatem
551 1631 712 1664 formidare,
732 1636 758 1659 et
777 1632 928 1659 divinorum

980 1542 1149 1577 κρυμμένον,
1171 1542 1317 1577 προσκυνῶ
1338 1543 1382 1569 τὸν
1408 1543 1594 1579 φαινόμενον.]
1619 1544 1718 1579 ’Δθρει
1743 1544 1777 1578 δή

982 1597 1025 1623 μοι
1051 1588 1132 1614 πάλιν
1167 1588 1303 1623 φεύγοντα
1326 1589 1465 1624 πανταχοῦ
1498 1590 1547 1625 τὴν
1579 1590 1694 1622 ἕνωσιν.
1730 1592 1779 1617 καὶ

979 1633 1085 1660 δεδιότα
1113 1633 1143 1660 τὸ
1169 1634 1280 1668 ἀληθὲς,
1304 1636 1350 1660 καὶ
1379 1635 1433 1661 τῶν
1459 1635 1539 1662 θείων
1558 1636 1702 1671 δογμάτων
1727 1637 1779 1671 τὴν

139 1675 191 1710 57
204 1675 359 1710 dogmatqu
377 1683 480 1703 rectum
505 1677 557 1703 iter
578 1676 674 1703 vitare.
698 1675 756 1702 Non
785 1676 853 1702 alios
870 1684 882 1702 ε

1034 1682 1114 1716 ότητα
1142 1680 1369 1716 παραιτούμενον.
1402 1682 1457 1717 οὺχ
1473 1682 1565 1717 ἕτερος
1578 1680 1612 1717 ἦν
1642 1683 1656 1709 ό
1683 1683 1777 1717 φορῶν

139 1725 248 1755 gestans
260 1727 274 1747 ιι
287 1725 401 1754 gestata.
412 1722 458 1748 sed
473 1721 561 1755 potius
575 1721 656 1754 idem,
673 1725 767 1754 utpote
777 1721 801 1747 in
814 1721 882 1747 COllit

1035 1729 1056 1754 ιὰ
1074 1715 1122 1754 τὸν
1142 1727 1324 1762 φορούμενον·
1353 1729 1368 1754 ὁ
1389 1715 1470 1760 αὺτδς
1500 1715 1528 1755 δὲ
1549 1715 1659 1764 μᾶλλον,
1749 1731 1778 1758 ἐν

141 1743 247 1755 an"..-
260 1743 274 1747 -
288 1743 401 1754 ,ην-η,
412 1743 458 1748 ,η
473 1743 561 1755 τμη-
575 1743 656 1754 ._-...,
674 1743 766 1754 _.,.-.-
816 1743 930 1748 sv..-”

141 1766 247 1793 deitatis
269 1771 297 1793 et
317 1766 494 1793 humanitatis
519 1767 705 1794 consideratus
728 1776 733 1793 :
753 1775 821 1794 unus
848 1767 928 1794 etiam
953 1743 956 1792 ί

140 1819 173 1838 ac
185 1812 258 1839 solus
275 1819 339 1839 vere
361 1811 407 1838 Dei
427 1817 455 1839 et
479 1812 567 1839 Patris
581 1811 674 1839 Filius.
704 1812 774 1847 Ergo
793 1817 821 1840 ut
848 1821 929 1840 unum

142 1857 223 1885 adora
237 1865 298 1884 cum
315 1866 362 1885 sua
379 1865 460 1885 carne
477 1858 563 1892 ipsum
579 1865 612 1885 ex
629 1857 684 1886 Deo
707 1858 822 1886 Verbum
841 1868 848 1886 :
865 1859 930 1886 alio-

141 1904 187 1938 qui
205 1903 308 1938 explica
323 1904 398 1936 mihi,
415 1904 465 1931 nisi
483 1904 528 1931 tibi
543 1909 615 1931 recta
629 1912 724 1939 sapere
742 1906 843 1936 videor,
857 1910 929 1932 tuam

144 1951 169 1976 iu
178 1948 228 1977 ‘his
241 1949 365 1984 loquendi
378 1950 552 1977 subtilitatem
569 1955 598 1977 ut
610 1950 771 1977 imbecillam
787 1951 929 1985 repellens.

143 1994 211 2021 Num
230 1995 302 2022 enim
325 1994 348 2021 si
378 1995 439 2029 quis
466 1996 499 2022 de
515 2003 677 2030 quocunque
705 2000 825 2023 nostrum
849 1997 930 2023 simili

145 2040 268 2068 homine.
286 2039 327 2066 vel
349 2040 382 2066 de
403 2048 455 2067 uno
471 2041 596 2075 quopiam
624 2045 732 2068 terreno
754 2048 816 2076 rege
841 2042 931 2069 dicere

144 2085 259 2112 voluerit
281 2095 288 2112 :
315 2084 427 2119 Propter
451 2086 566 2112 animam
595 2087 665 2121 regis
692 2094 806 2113 veneror
833 2095 932 2122 corpus

143 2130 218 2165 ejus,
236 2135 346 2164 propter
360 2130 486 2157 latentem
512 2132 596 2158 adoro
614 2132 684 2166 quod
700 2137 742 2158 est
757 2133 906 2164 spectabile
922 2141 929 2165 ;

982 1776 1083 1809 συνόδῳ
1122 1774 1289 1809 νοούμενος,
1317 1774 1444 1810 θεότητος
1467 1784 1497 1801 τε
1528 1776 1575 1802 καὶ
1598 1776 1778 1811 ἀνθρωπότη-

980 1829 1035 1852 τος·
1061 1818 1102 1851 εἷς
1119 1829 1147 1846 τε
1176 1821 1222 1846 καὶ
1247 1820 1326 1855 μόνος
1351 1821 1458 1856 ἀληθῶς
1483 1821 1547 1853 Υἱὸς
1570 1821 1617 1848 τοῦ
1632 1822 1701 1848 Θεοῦ
1730 1823 1778 1849 καὶ

982 1865 1099 1899 Πατρός.
1117 1864 1221 1892 Οὐκοῦν
1239 1865 1276 1896 ὼς
1300 1865 1348 1891 ἕνα
1374 1865 1521 1901 προσκύνει
1547 1866 1618 1900 μετὰ
1634 1867 1684 1901 τῆς
1707 1867 1778 1898 ιδίας

951 1932 953 1938 .
982 1910 1065 1938 αὑτοῦ
1084 1911 1186 1946 σαρκὸς
1199 1910 1245 1937 τὸν
1267 1911 1300 1937 ὲκ
1313 1911 1380 1937 Θεοῦ
1404 1912 1500 1945 Λόγον.
1524 1912 1600 1938 Ἐπεὶ
1616 1912 1734 1947 φράσον,
1751 1913 1777 1939 εἰ

984 1958 1020 1992 μή
1041 1966 1082 1983 σοι
1096 1957 1167 1983 δοκῶ
1181 1957 1216 1983 τὰ
1237 1957 1330 1984 εἰκότα
1345 1959 1464 1992 φρονεῖν,
1482 1958 1531 1994 τὴν
1548 1958 1598 1994 σὴν
1620 1959 1650 1985 ὲν
1668 1959 1778 1990 τούτοις

983 2002 1160 2037 ἰσχνομυθίαν
1175 2001 1213 2033 ὡς
1230 2001 1332 2037 ἀδρανῆ
1353 2001 1575 2037 παρωθούμενος.
1593 2000 1670 2038 τΛριι
1681 2003 1737 2038 γὰρ
1752 2004 1777 2029 ei

981 2044 1012 2079 δή
1023 2053 1064 2076 τις
1077 2044 1163 2071 ἕλοιτο
1175 2044 1264 2079 λέγειν
1281 2045 1345 2079 περὶ
1359 2045 1469 2072 ὁτουοῦν
1486 2045 1540 2072 τῶν
1555 2047 1616 2073 καθ’
1633 2048 1710 2082 ἡμᾶς
1728 2049 1778 2075 ἀν-

983 2090 1110 2126 Θρώπων,
1125 2092 1207 2125 ἤγουν
1224 2092 1266 2125 ἐφ’
1283 2091 1343 2123 ὲνδς
1357 2092 1410 2118 τῶν
1426 2092 1472 2118 ἐπὶ
1485 2092 1536 2126 γῆς
1558 2092 1706 2127 βασιλέων·
1726 2093 1777 2119 Διά

982 2137 1031 2172 τὴν
1046 2137 1093 2163 τοῦ
1116 2136 1248 2172 βασιλέως
1270 2137 1359 2172 ψυχὴν
1376 2137 1446 2163 σέϐω
1468 2137 1499 2163 τὸ
1525 2138 1604 2173 σῶμα
1622 2139 1718 2170 αὑτοῦ,
1733 2139 1778 2165 διὰ

144 2184 197 2204 non
215 2177 286 2204 illico
300 2178 389 2212 quivis
409 2177 533 2211 objurch
559 2185 590 2204 ac
611 2178 683 2205 dicat
698 2186 705 2204 :
725 2178 794 2211 Quid
810 2183 838 2205 tu
856 2179 887 2206 [at

1045 2183 1246 2218 κεκρυμμένον,
1266 2183 1411 2218 προσκυνῶ
1430 2183 1475 2209 τὸν
1494 2184 1666 2219 φαινόμενον,
1681 2185 1732 2212 οὐκ
1745 2186 1777 2212 ἄν

143 2229 160 2247 υ
177 2221 247 2248 boue
263 2222 303 2249 vir
314 2221 326 2248 'I
339 2229 408 2248 unus
424 2223 534 2249 omnino
547 2222 627 2250 homo
638 2227 680 2250 est
691 2223 736 2257 qui
761 2231 850 2250 rerum
865 2224 932 2259 poti-

145 2272 204 2300 tur,
229 2269 354 2302 quamvis
373 2275 389 2295 e
414 2268 517 2295 duobus
543 2268 665 2295 videatur
691 2270 872 2303 compositus,
899 2277 931 2296 ex

144 2315 244 2346 anima,
261 2315 382 2348 inquam,
399 2318 427 2342 et
441 2322 565 2349 corpore.
577 2314 631 2342 Cur
645 2315 727 2350 igitur
739 2314 817 2342 nobis
832 2314 933 2342 frustra

145 2360 271 2393 nugaris,
290 2368 351 2387 cum
372 2365 521 2395 gestantem
547 2366 575 2388 et
598 2366 731 2396 gestatum
743 2381 750 2393 ,
766 2362 892 2389 latentem
907 2366 934 2388 et

145 2406 318 2440 spectabilem
336 2406 453 2440 appellas
467 2426 475 2437 .
493 2412 520 2434 et
541 2411 668 2441 tanquam
697 2407 778 2433 alium
801 2414 862 2434 cum
879 2407 933 2433 alio

146 2449 225 2476 simul
253 2450 367 2476 adorare
387 2451 540 2485 proﬁteris,
556 2456 583 2478 et
608 2451 716 2478 modttm
743 2451 850 2478 unionis
866 2459 931 2478 con-

148 2496 265 2522 temnis?
280 2504 341 2523 cum
366 2496 494 2523 divinitus
523 2497 658 2531 inspirata:
681 2496 789 2524 Littera:
819 2497 883 2524 illud
900 2505 934 2524 ex

147 2542 202 2568 Deo
217 2542 295 2568 Patre
321 2541 436 2568 Verbum
454 2549 515 2568 cum
542 2549 590 2569 suo
613 2550 725 2576 corpore
752 2551 833 2569 unum
859 2543 936 2570 nobis

147 2588 284 2615 Christum
301 2593 328 2615 et
343 2588 483 2616 Dominum
505 2596 566 2616 esse
577 2588 775 2622 pronuntient?
789 2589 829 2615 An
854 2589 931 2623 igno-

179 2667 202 2682 ⁸θ
219 2666 296 2693 .Ioau.
310 2674 350 2698 ιιι,
371 2667 413 2694 16.
451 2667 474 2682 ³⁷
487 2666 565 2694 Joan.
581 2675 635 2699 xw,
649 2668 675 2695 9.
715 2667 737 2682 "
751 2665 830 2693 Joan.
846 2674 914 2700 xvu,
929 2667 956 2694 5.

984 2238 1026 2261 τις
1042 2229 1122 2261 εὐθὺς
1139 2230 1300 2266 ὲπισκήψειε
1311 2239 1318 2245 ·
1333 2231 1365 2257 Τί
1379 2231 1456 2266 δρᾷς,
1469 2229 1493 2257 ὦ
1510 2228 1605 2264 οὗτοςς
1622 2232 1722 2266 λέγων·
1737 2230 1778 2264 εἷς

986 2284 1037 2301 που
1053 2275 1161 2307 πάντως
1173 2275 1317 2311 ἄνθρωπός
1335 2277 1409 2303 ἐστιν
1423 2278 1437 2303 ό
1453 2277 1572 2312 κρατῶν,
1590 2277 1641 2303 κᾶν
1654 2279 1687 2304 ἐκ
1703 2278 1776 2304 δυοῖν

986 2320 1072 2356 ὁρῷτο
1088 2321 1277 2356 συγκείμενος,
1289 2322 1379 2357 ψυχῆς
1394 2322 1426 2358 δὴ
1449 2322 1520 2357 λέγω
1534 2323 1581 2349 καὶ
1594 2322 1730 2358 σώματος.
1745 2325 1777 2350 Τί

986 2366 1076 2392 τοίνυν
1092 2367 1159 2401 ἡμῖν
1177 2367 1237 2401 εικῆ
1254 2367 1438 2403 βατταρίζεις,
1461 2368 1595 2403 φοροῦντα
1610 2368 1657 2395 καὶ
1675 2370 1777 2404 φορού-

988 2420 1080 2446 μενον,
1095 2413 1287 2448 κεκρυμμένον
1306 2414 1352 2439 καὶ
1373 2414 1536 2449 φαινόμενον
1553 2414 1705 2448 ὀνομάζων,
1729 2415 1778 2441 καὶ

986 2457 1024 2487 ὡς
1040 2456 1132 2492 ἕτερον
1148 2457 1233 2493 ἑτέρῳ
1256 2461 1476 2493 συμπροσκυνεῖν
1497 2459 1646 2494 ὁμολογῶν,
1668 2460 1716 2486 καὶ
1731 2461 1777 2487 τὸν

987 2502 1037 2536 τῆς
1064 2502 1186 2534 ἐνώσεως
1210 2504 1353 2539 ἀτιμάζων
1380 2506 1498 2540 τρόπον;
1527 2505 1575 2531 ἕνα
1592 2505 1713 2540 Χριστὸν
1733 2507 1780 2532 καί

988 2547 1090 2582 Κύριον
1105 2548 1309 2584 ἁποφαινούσης
1322 2550 1387 2584 ἡμῖν
1401 2550 1449 2585 τῆς
1461 2549 1640 2576 θεοπνεύστου
1653 2551 1779 2585 Γραφῆς,

986 2591 1032 2617 τὸν
1049 2592 1080 2618 ὲκ
1095 2591 1162 2618 Θεοῦ
1179 2592 1286 2627 Πατρὸς
1300 2593 1385 2628 Λόγον
1404 2594 1473 2628 μετὰ
1488 2593 1535 2620 τοῦ
1551 2593 1617 2620 ἰδίου
1632 2595 1779 2629 σώματο;;

787 2745 868 2772 ΛΝΤ.
888 2745 1022 2772 AGELLll
1043 2745 1145 2772 NOTf.
1152 2766 1158 2772 .

186 2827 244 2863 (15)
260 2827 411 2862 Legendunt
427 2828 474 2853 καὶ
495 2827 510 2862 ὴ
529 2826 589 2862 μέν.
609 2826 652 2853 Sic
669 2826 736 2852 dixit
757 2833 816 2860 pag.
836 2826 881 2859 48,
895 2835 927 2852 ιιι

669 2826 736 2852 dixit
757 2833 816 2860 pag.
836 2826 881 2859 48,
895 2827 939 2852 tta‘t
957 2825 972 2859 ἡ
990 2825 1038 2860 μὲν
1052 2824 1106 2850 τῶν
1123 2824 1264 2858 δογμάτων
1280 2823 1346 2858 ὀρθὴ
1366 2831 1404 2849 τε.
