  <div class='ocr_page' id='page_1' title='image "/cluster/home/n/w/nwhite01/storage/ocr_20150623/76/njp.32101007590019/070.png"; bbox 0 0 1883 3054; ppageno 0'>
   <div class='ocr_carea' id='block_1_1' title="bbox 83 152 127 180">
    <p class='ocr_par' dir='ltr' id='par_1_1' title="bbox 83 152 127 180">
     <span class='ocr_line' id='line_1_1' title="bbox 83 152 127 180; baseline 0 0"><span class='ocrx_word' id='word_1_1' title='bbox 83 152 127 180; x_wconf 73' lang='grc'><strong>105</strong></span> 
     </span>
    </p>
   </div>
   <div class='ocr_carea' id='block_1_2' title="bbox 614 147 1155 177">
    <p class='ocr_par' dir='ltr' id='par_1_2' title="bbox 614 147 1155 177">
     <span class='ocr_line' id='line_1_2' title="bbox 614 147 1155 177; baseline -0.004 -1"><span class='ocrx_word' id='word_1_2' title='bbox 614 149 797 176; x_wconf 77' lang='lat' dir='ltr'><strong>ADVERSUS</strong></span> <span class='ocrx_word' id='word_1_3' title='bbox 817 147 1016 177; x_wconf 73' lang='lat' dir='ltr'><strong>NESTORIUM</strong></span> <span class='ocrx_word' id='word_1_4' title='bbox 1036 147 1101 175; x_wconf 84' lang='lat' dir='ltr'><strong>LIB.</strong></span> <span class='ocrx_word' id='word_1_5' title='bbox 1122 147 1155 175; x_wconf 88' lang='lat' dir='ltr'><strong>ll.</strong></span> 
     </span>
    </p>
   </div>
   <div class='ocr_carea' id='block_1_3' title="bbox 1634 149 1683 176">
    <p class='ocr_par' dir='ltr' id='par_1_3' title="bbox 1634 149 1683 176">
     <span class='ocr_line' id='line_1_3' title="bbox 1634 149 1683 176; baseline 0 0"><span class='ocrx_word' id='word_1_6' title='bbox 1634 149 1683 176; x_wconf 70' lang='grc'><strong>108</strong></span> 
     </span>
    </p>
   </div>
   <div class='ocr_carea' id='block_1_4' title="bbox 84 205 858 244">
    <p class='ocr_par' dir='ltr' id='par_1_4' title="bbox 84 205 849 244">
     <span class='ocr_line' id='line_1_4' title="bbox 84 205 849 244; baseline -0.001 -9"><span class='ocrx_word' id='word_1_7' title='bbox 84 211 113 235; x_wconf 81' lang='grc' dir='ltr'><strong>Ἦ</strong></span> <span class='ocrx_word' id='word_1_8' title='bbox 125 209 169 235; x_wconf 70' lang='grc' dir='ltr'><strong>οὐκ</strong></span> <span class='ocrx_word' id='word_1_9' title='bbox 182 205 257 234; x_wconf 71' lang='grc' dir='ltr'>οἶσθα</span> <span class='ocrx_word' id='word_1_10' title='bbox 271 209 312 235; x_wconf 70' lang='grc' dir='ltr'>ὃτι</span> <span class='ocrx_word' id='word_1_11' title='bbox 337 208 521 243; x_wconf 77' lang='grc' dir='ltr'><strong>τεθεράπευκε</strong></span> <span class='ocrx_word' id='word_1_12' title='bbox 542 208 589 242; x_wconf 74' lang='grc' dir='ltr'><strong>μὲν</strong></span> <span class='ocrx_word' id='word_1_13' title='bbox 610 209 639 234; x_wconf 79' lang='grc' dir='ltr'>ἐν</span> <span class='ocrx_word' id='word_1_14' title='bbox 656 208 849 244; x_wconf 81' lang='grc' dir='ltr'>Ἰεροσολύμοις</span> 
     </span>
    </p>
   </div>
   <div class='ocr_carea' id='block_1_5' title="bbox 919 205 1685 244">
    <p class='ocr_par' dir='ltr' id='par_1_5' title="bbox 919 207 1685 243">
     <span class='ocr_line' id='line_1_5' title="bbox 919 207 1685 243; baseline -0.001 -8"><span class='ocrx_word' id='word_1_15' title='bbox 919 216 947 236; x_wconf 90' lang='lat' dir='ltr'><strong>as</strong></span> <span class='ocrx_word' id='word_1_16' title='bbox 963 214 992 235; x_wconf 90' lang='lat' dir='ltr'><strong>ut</strong></span> <span class='ocrx_word' id='word_1_17' title='bbox 1008 208 1044 235; x_wconf 86' lang='lat' dir='ltr'>illi</span> <span class='ocrx_word' id='word_1_18' title='bbox 1064 216 1078 235; x_wconf 89' lang='lat' dir='ltr'><strong>a</strong></span> <span class='ocrx_word' id='word_1_19' title='bbox 1095 208 1234 235; x_wconf 81' lang='lat' dir='ltr'><strong>nativitate</strong></span> <span class='ocrx_word' id='word_1_20' title='bbox 1257 215 1327 236; x_wconf 60' lang='lat' dir='ltr'><strong>casco</strong></span> <span class='ocrx_word' id='word_1_21' title='bbox 1344 207 1534 243; x_wconf 81' lang='lat' dir='ltr'><strong>Hierosolymis</strong></span> <span class='ocrx_word' id='word_1_22' title='bbox 1554 216 1569 235; x_wconf 85' lang='lat' dir='ltr'><strong>a</strong></span> <span class='ocrx_word' id='word_1_23' title='bbox 1592 215 1621 235; x_wconf 90' lang='lat' dir='ltr'><strong>se</strong></span> <span class='ocrx_word' id='word_1_24' title='bbox 1636 216 1685 235; x_wconf 90' lang='lat' dir='ltr'><strong>cu-</strong></span> 
     </span>
    </p>
   </div>
   <div class='ocr_carea' id='block_1_6' title="bbox 82 252 852 289">
    <p class='ocr_par' dir='ltr' id='par_1_6' title="bbox 82 252 852 289">
     <span class='ocr_line' id='line_1_6' title="bbox 82 252 852 289; baseline -0.004 -7"><span class='ocrx_word' id='word_1_25' title='bbox 82 256 120 282; x_wconf 75' lang='grc' dir='ltr'><strong>τὺν</strong></span> <span class='ocrx_word' id='word_1_26' title='bbox 135 255 164 281; x_wconf 83' lang='grc' dir='ltr'><strong>ὲκ</strong></span> <span class='ocrx_word' id='word_1_27' title='bbox 183 255 295 289; x_wconf 83' lang='grc' dir='ltr'><strong>γενετῆς</strong></span> <span class='ocrx_word' id='word_1_28' title='bbox 317 254 429 289; x_wconf 75' lang='grc' dir='ltr'>τυφλὸν,</span> <span class='ocrx_word' id='word_1_29' title='bbox 445 252 504 280; x_wconf 73' lang='grc' dir='ltr'>εἶτα</span> <span class='ocrx_word' id='word_1_30' title='bbox 525 254 619 280; x_wconf 81' lang='grc' dir='ltr'>τοῦτον</span> <span class='ocrx_word' id='word_1_31' title='bbox 646 254 733 289; x_wconf 79' lang='grc' dir='ltr'>εὑρὼν</span> <span class='ocrx_word' id='word_1_32' title='bbox 762 255 791 280; x_wconf 83' lang='grc' dir='ltr'>ὲν</span> <span class='ocrx_word' id='word_1_33' title='bbox 813 253 852 288; x_wconf 83' lang='grc' dir='ltr'>τῷ</span> 
     </span>
    </p>
   </div>
   <div class='ocr_carea' id='block_1_7' title="bbox 84 299 852 336">
    <p class='ocr_par' dir='ltr' id='par_1_7' title="bbox 84 299 852 336">
     <span class='ocr_line' id='line_1_7' title="bbox 84 299 852 336; baseline -0.003 -9"><span class='ocrx_word' id='word_1_34' title='bbox 84 301 148 336; x_wconf 78' lang='grc' dir='ltr'>ἱερῷ,</span> <span class='ocrx_word' id='word_1_35' title='bbox 164 299 272 335; x_wconf 76' lang='grc' dir='ltr'>βεϐαίαν</span> <span class='ocrx_word' id='word_1_36' title='bbox 291 300 368 335; x_wconf 78' lang='grc' dir='ltr'>αὐτῷ</span> <span class='ocrx_word' id='word_1_37' title='bbox 389 300 435 327; x_wconf 79' lang='grc' dir='ltr'><strong>καὶ</strong></span> <span class='ocrx_word' id='word_1_38' title='bbox 458 300 602 336; x_wconf 83' lang='grc' dir='ltr'><strong>ἱδρυμένην</strong></span> <span class='ocrx_word' id='word_1_39' title='bbox 614 299 723 334; x_wconf 80' lang='grc' dir='ltr'>ὲνετίθη</span> <span class='ocrx_word' id='word_1_40' title='bbox 734 300 784 334; x_wconf 80' lang='grc' dir='ltr'>τὴν</span> <span class='ocrx_word' id='word_1_41' title='bbox 806 299 852 326; x_wconf 77' lang='grc' dir='ltr'>πί-</span> 
     </span>
    </p>
   </div>
   <div class='ocr_carea' id='block_1_8' title="bbox 86 345 853 381">
    <p class='ocr_par' dir='ltr' id='par_1_8' title="bbox 86 345 853 381">
     <span class='ocr_line' id='line_1_8' title="bbox 86 345 853 381; baseline -0.003 -8"><span class='ocrx_word' id='word_1_42' title='bbox 86 355 148 379; x_wconf 78' lang='grc' dir='ltr'>στιν;</span> <span class='ocrx_word' id='word_1_43' title='bbox 165 346 243 381; x_wconf 76' lang='grc' dir='ltr'>ἠρετο</span> <span class='ocrx_word' id='word_1_44' title='bbox 261 345 317 380; x_wconf 79' lang='grc' dir='ltr'><strong>γὰρ</strong></span> <span class='ocrx_word' id='word_1_45' title='bbox 332 345 502 381; x_wconf 86' lang='grc' dir='ltr'>προσελθὼν,</span> <span class='ocrx_word' id='word_1_46' title='bbox 520 354 530 371; x_wconf 85' lang='grc'><strong><em>‹</em></strong></span> <span class='ocrx_word' id='word_1_47' title='bbox 543 345 579 372; x_wconf 85' lang='grc' dir='ltr'><strong>Σὺ</strong></span> <span class='ocrx_word' id='word_1_48' title='bbox 596 345 735 376; x_wconf 81' lang='grc' dir='ltr'><strong>πιστεύεις</strong></span> <span class='ocrx_word' id='word_1_49' title='bbox 748 346 788 376; x_wconf 76' lang='grc' dir='ltr'><strong>εἰς</strong></span> <span class='ocrx_word' id='word_1_50' title='bbox 807 345 853 371; x_wconf 77' lang='grc' dir='ltr'>τὸν</span> 
     </span>
    </p>
   </div>
   <div class='ocr_carea' id='block_1_9' title="bbox 88 390 853 426">
    <p class='ocr_par' dir='ltr' id='par_1_9' title="bbox 88 390 853 426">
     <span class='ocr_line' id='line_1_9' title="bbox 88 390 853 426; baseline -0.001 -9"><span class='ocrx_word' id='word_1_51' title='bbox 88 393 137 418; x_wconf 73' lang='grc' dir='ltr'>ι’ἱδν</span> <span class='ocrx_word' id='word_1_52' title='bbox 152 391 195 417; x_wconf 82' lang='grc' dir='ltr'>τοῦ</span> <span class='ocrx_word' id='word_1_53' title='bbox 206 391 273 417; x_wconf 80' lang='grc' dir='ltr'>Θεοῦ</span> <span class='ocrx_word' id='word_1_54' title='bbox 287 399 295 423; x_wconf 85' lang='grc'><strong>;</strong></span> <span class='ocrx_word' id='word_1_55' title='bbox 316 392 365 417; x_wconf 80' lang='grc' dir='ltr'>καὶ</span> <span class='ocrx_word' id='word_1_56' title='bbox 378 391 447 426; x_wconf 79' lang='grc' dir='ltr'>πρός</span> <span class='ocrx_word' id='word_1_57' title='bbox 456 399 485 425; x_wconf 87' lang='grc' dir='ltr'><strong>γε</strong></span> <span class='ocrx_word' id='word_1_58' title='bbox 502 390 580 417; x_wconf 73' lang='grc' dir='ltr'>ταυτὶ</span> <span class='ocrx_word' id='word_1_59' title='bbox 600 391 766 426; x_wconf 76' lang='grc' dir='ltr'><strong>κεκραγότος</strong></span> <span class='ocrx_word' id='word_1_60' title='bbox 782 391 853 417; x_wconf 79' lang='grc' dir='ltr'><strong>ὲκεί-</strong></span> 
     </span>
    </p>
   </div>
   <div class='ocr_carea' id='block_1_10' title="bbox 84 435 852 472">
    <p class='ocr_par' dir='ltr' id='par_1_10' title="bbox 84 435 852 472">
     <span class='ocr_line' id='line_1_10' title="bbox 84 435 852 472; baseline -0.004 -8"><span class='ocrx_word' id='word_1_61' title='bbox 84 447 120 465; x_wconf 77' lang='grc' dir='ltr'><strong>νου</strong></span> <span class='ocrx_word' id='word_1_62' title='bbox 131 447 137 453; x_wconf 93' lang='grc'><strong>·</strong></span> <span class='ocrx_word' id='word_1_63' title='bbox 151 437 196 468; x_wconf 81' lang='grc' dir='ltr'><strong>Τίς</strong></span> <span class='ocrx_word' id='word_1_64' title='bbox 204 438 273 468; x_wconf 75' lang='grc' dir='ltr'>ἐστι,</span> <span class='ocrx_word' id='word_1_65' title='bbox 285 437 384 472; x_wconf 83' lang='grc' dir='ltr'>Κύριε,</span> <span class='ocrx_word' id='word_1_66' title='bbox 401 437 445 463; x_wconf 79' lang='grc' dir='ltr'><strong>ἵνα</strong></span> <span class='ocrx_word' id='word_1_67' title='bbox 458 436 596 463; x_wconf 77' lang='grc' dir='ltr'><strong>πιστεύσω</strong></span> <span class='ocrx_word' id='word_1_68' title='bbox 612 437 652 468; x_wconf 83' lang='grc' dir='ltr'><strong>εἰς</strong></span> <span class='ocrx_word' id='word_1_69' title='bbox 670 436 766 469; x_wconf 82' lang='grc' dir='ltr'>αὐτόν;</span> <span class='ocrx_word' id='word_1_70' title='bbox 781 445 790 461; x_wconf 74' lang='grc' dir='ltr'>ι</span> <span class='ocrx_word' id='word_1_71' title='bbox 801 435 852 470; x_wconf 74' lang='grc' dir='ltr'><strong>ἔφη</strong></span> 
     </span>
    </p>
   </div>
   <div class='ocr_carea' id='block_1_11' title="bbox 86 480 853 517">
    <p class='ocr_par' dir='ltr' id='par_1_11' title="bbox 86 480 853 517">
     <span class='ocr_line' id='line_1_11' title="bbox 86 480 853 517; baseline -0.005 -7"><span class='ocrx_word' id='word_1_72' title='bbox 86 484 153 510; x_wconf 74' lang='grc' dir='ltr'>πάλιν</span> <span class='ocrx_word' id='word_1_73' title='bbox 168 482 262 514; x_wconf 78' lang='grc' dir='ltr'>αὑτός·</span> <span class='ocrx_word' id='word_1_74' title='bbox 286 491 296 507; x_wconf 82' lang='grc'><strong><em>‹</em></strong></span> <span class='ocrx_word' id='word_1_75' title='bbox 315 483 374 509; x_wconf 77' lang='grc' dir='ltr'><strong>Καὶ</strong></span> <span class='ocrx_word' id='word_1_76' title='bbox 399 482 524 517; x_wconf 79' lang='grc' dir='ltr'>ἑώρακας</span> <span class='ocrx_word' id='word_1_77' title='bbox 551 482 642 513; x_wconf 77' lang='grc' dir='ltr'>αὐτὸν,</span> <span class='ocrx_word' id='word_1_78' title='bbox 659 482 706 507; x_wconf 77' lang='grc' dir='ltr'>καὶ</span> <span class='ocrx_word' id='word_1_79' title='bbox 729 481 743 507; x_wconf 83' lang='grc' dir='ltr'><strong><em>ὁ</em></strong></span> <span class='ocrx_word' id='word_1_80' title='bbox 766 480 853 507; x_wconf 80' lang='grc' dir='ltr'>λαλῶν</span> 
     </span>
    </p>
   </div>
   <div class='ocr_carea' id='block_1_12' title="bbox 85 526 854 564">
    <p class='ocr_par' dir='ltr' id='par_1_12' title="bbox 85 526 854 564">
     <span class='ocr_line' id='line_1_12' title="bbox 85 526 854 564; baseline -0.004 -10"><span class='ocrx_word' id='word_1_81' title='bbox 85 528 142 564; x_wconf 71' lang='grc' dir='ltr'>μετὰ</span> <span class='ocrx_word' id='word_1_82' title='bbox 155 526 210 558; x_wconf 80' lang='grc' dir='ltr'>σοῦ,</span> <span class='ocrx_word' id='word_1_83' title='bbox 227 527 334 558; x_wconf 75' lang='grc' dir='ltr'>ἐκεῖνος</span> <span class='ocrx_word' id='word_1_84' title='bbox 353 528 438 554; x_wconf 76' lang='grc' dir='ltr'>ἐστιν.</span> <span class='ocrx_word' id='word_1_85' title='bbox 453 536 462 552; x_wconf 76' lang='grc' dir='ltr'><strong>ι</strong></span> <span class='ocrx_word' id='word_1_86' title='bbox 481 527 561 562; x_wconf 79' lang='grc' dir='ltr'>Ὁρᾷς</span> <span class='ocrx_word' id='word_1_87' title='bbox 585 526 668 557; x_wconf 79' lang='grc' dir='ltr'>ὅπως,</span> <span class='ocrx_word' id='word_1_88' title='bbox 689 526 718 552; x_wconf 82' lang='grc' dir='ltr'><strong>οὐ</strong></span> <span class='ocrx_word' id='word_1_89' title='bbox 740 526 784 551; x_wconf 78' lang='grc' dir='ltr'>τὸν</span> <span class='ocrx_word' id='word_1_90' title='bbox 807 534 854 559; x_wconf 91' lang='grc' dir='ltr'>φο-</span> 
     </span>
    </p>
   </div>
   <div class='ocr_carea' id='block_1_13' title="bbox 85 570 854 608">
    <p class='ocr_par' dir='ltr' id='par_1_13' title="bbox 85 570 854 608">
     <span class='ocr_line' id='line_1_13' title="bbox 85 570 854 608; baseline -0.003 -10"><span class='ocrx_word' id='word_1_91' title='bbox 85 573 168 608; x_wconf 79' lang='grc' dir='ltr'>ροῦντα</span> <span class='ocrx_word' id='word_1_92' title='bbox 186 572 315 607; x_wconf 82' lang='grc' dir='ltr'>δέδειχεν,</span> <span class='ocrx_word' id='word_1_93' title='bbox 331 572 363 598; x_wconf 80' lang='grc' dir='ltr'>οὐ</span> <span class='ocrx_word' id='word_1_94' title='bbox 382 572 428 598; x_wconf 80' lang='grc' dir='ltr'><strong>τὸν</strong></span> <span class='ocrx_word' id='word_1_95' title='bbox 447 572 501 603; x_wconf 67' lang='grc' dir='ltr'>ἔσω</span> <span class='ocrx_word' id='word_1_96' title='bbox 524 571 725 606; x_wconf 81' lang='grc' dir='ltr'><strong>κεκρυμμένον,</strong></span> <span class='ocrx_word' id='word_1_97' title='bbox 745 570 802 597; x_wconf 79' lang='grc' dir='ltr'>ἀλλ’</span> <span class='ocrx_word' id='word_1_98' title='bbox 817 570 854 602; x_wconf 80' lang='grc' dir='ltr'>ὡς</span> 
     </span>
    </p>
   </div>
   <div class='ocr_carea' id='block_1_14' title="bbox 82 616 855 654">
    <p class='ocr_par' dir='ltr' id='par_1_14' title="bbox 82 616 855 654">
     <span class='ocr_line' id='line_1_14' title="bbox 82 616 855 654; baseline -0.004 -9"><span class='ocrx_word' id='word_1_99' title='bbox 82 620 123 646; x_wconf 76' lang='grc' dir='ltr'><strong>ἱνα</strong></span> <span class='ocrx_word' id='word_1_100' title='bbox 135 617 227 654; x_wconf 81' lang='grc' dir='ltr'>μᾶλλον</span> <span class='ocrx_word' id='word_1_101' title='bbox 240 617 339 644; x_wconf 72' lang='grc' dir='ltr'>ἑαυτὸν</span> <span class='ocrx_word' id='word_1_102' title='bbox 355 618 425 653; x_wconf 75' lang='grc' dir='ltr'>μετὰ</span> <span class='ocrx_word' id='word_1_103' title='bbox 437 619 486 653; x_wconf 79' lang='grc' dir='ltr'>τῆς</span> <span class='ocrx_word' id='word_1_104' title='bbox 502 617 600 653; x_wconf 73' lang='grc' dir='ltr'>σαρκός</span> <span class='ocrx_word' id='word_1_105' title='bbox 611 625 619 631; x_wconf 89' lang='grc'><strong>·</strong></span> <span class='ocrx_word' id='word_1_106' title='bbox 637 617 684 643; x_wconf 77' lang='grc' dir='ltr'><strong>καὶ</strong></span> <span class='ocrx_word' id='word_1_107' title='bbox 702 616 767 651; x_wconf 79' lang='grc' dir='ltr'>γοῦν</span> <span class='ocrx_word' id='word_1_108' title='bbox 784 618 798 643; x_wconf 80' lang='grc' dir='ltr'>ὁ</span> <span class='ocrx_word' id='word_1_109' title='bbox 811 625 855 642; x_wconf 75' lang='grc' dir='ltr'>σο-</span> 
     </span>
    </p>
   </div>
   <div class='ocr_carea' id='block_1_15' title="bbox 83 662 853 700">
    <p class='ocr_par' dir='ltr' id='par_1_15' title="bbox 83 662 853 700">
     <span class='ocr_line' id='line_1_15' title="bbox 83 662 853 700; baseline -0.003 -10"><span class='ocrx_word' id='word_1_110' title='bbox 83 665 124 698; x_wconf 71' lang='grc' dir='ltr'><strong>φὺς</strong></span> <span class='ocrx_word' id='word_1_111' title='bbox 137 664 267 698; x_wconf 79' lang='grc' dir='ltr'><strong>Ἰωάννης,</strong></span> <span class='ocrx_word' id='word_1_112' title='bbox 277 673 286 689; x_wconf 79' lang='grc' dir='ltr'><strong>ι</strong></span> <span class='ocrx_word' id='word_1_113' title='bbox 294 665 329 690; x_wconf 90' lang='grc' dir='ltr'><strong>Ὃ</strong></span> <span class='ocrx_word' id='word_1_114' title='bbox 341 662 376 700; x_wconf 82' lang='grc' dir='ltr'>ἦν</span> <span class='ocrx_word' id='word_1_115' title='bbox 391 664 437 690; x_wconf 80' lang='grc' dir='ltr'><strong>ἀπ’</strong></span> <span class='ocrx_word' id='word_1_116' title='bbox 447 664 544 700; x_wconf 83' lang='grc' dir='ltr'>ἀρχῆς,</span> <span class='ocrx_word' id='word_1_117' title='bbox 559 663 651 698; x_wconf 75' lang='grc' dir='ltr'>φησὶν,</span> <span class='ocrx_word' id='word_1_118' title='bbox 660 662 674 689; x_wconf 86' lang='grc' dir='ltr'><strong>ὃ</strong></span> <span class='ocrx_word' id='word_1_119' title='bbox 685 663 853 697; x_wconf 76' lang='grc' dir='ltr'>ἀκηκόαμεν,</span> 
     </span>
    </p>
   </div>
   <div class='ocr_carea' id='block_1_16' title="bbox 82 708 854 746">
    <p class='ocr_par' dir='ltr' id='par_1_16' title="bbox 82 708 854 746">
     <span class='ocr_line' id='line_1_16' title="bbox 82 708 854 746; baseline -0.003 -9"><span class='ocrx_word' id='word_1_120' title='bbox 82 711 258 746; x_wconf 77' lang='grc' dir='ltr'><strong>ὄὲωρὰκαμεν</strong></span> <span class='ocrx_word' id='word_1_121' title='bbox 275 711 334 741; x_wconf 83' lang='grc' dir='ltr'>τοῖς</span> <span class='ocrx_word' id='word_1_122' title='bbox 355 710 504 745; x_wconf 68' lang='grc' dir='ltr'>ὀφθαλμοῖς</span> <span class='ocrx_word' id='word_1_123' title='bbox 531 709 620 745; x_wconf 79' lang='grc' dir='ltr'>ἡμῶν,</span> <span class='ocrx_word' id='word_1_124' title='bbox 640 710 654 736; x_wconf 83' lang='grc' dir='ltr'>ὃ</span> <span class='ocrx_word' id='word_1_125' title='bbox 671 708 854 744; x_wconf 77' lang='grc' dir='ltr'><strong>ἐθεασάμεθα,</strong></span> 
     </span>
    </p>
   </div>
   <div class='ocr_carea' id='block_1_17' title="bbox 82 753 854 790">
    <p class='ocr_par' dir='ltr' id='par_1_17' title="bbox 82 753 854 790">
     <span class='ocr_line' id='line_1_17' title="bbox 82 753 854 790; baseline -0.004 -7"><span class='ocrx_word' id='word_1_126' title='bbox 82 757 122 783; x_wconf 70' lang='grc' dir='ltr'><strong>καὶ</strong></span> <span class='ocrx_word' id='word_1_127' title='bbox 134 756 160 782; x_wconf 82' lang='grc' dir='ltr'>αἱ</span> <span class='ocrx_word' id='word_1_128' title='bbox 171 757 259 790; x_wconf 83' lang='grc' dir='ltr'>χεῖρες</span> <span class='ocrx_word' id='word_1_129' title='bbox 272 756 289 790; x_wconf 90' lang='grc' dir='ltr'><strong>ἡ</strong></span> <span class='ocrx_word' id='word_1_130' title='bbox 294 755 357 790; x_wconf 83' lang='grc' dir='ltr'><strong>μῶν</strong></span> <span class='ocrx_word' id='word_1_131' title='bbox 372 755 550 790; x_wconf 73' lang='grc' dir='ltr'><strong>ἐψηλάφησαν</strong></span> <span class='ocrx_word' id='word_1_132' title='bbox 568 754 632 790; x_wconf 65' lang='grc' dir='ltr'>περὶ</span> <span class='ocrx_word' id='word_1_133' title='bbox 644 755 689 781; x_wconf 82' lang='grc' dir='ltr'><strong>τοῦ</strong></span> <span class='ocrx_word' id='word_1_134' title='bbox 703 754 790 788; x_wconf 83' lang='grc' dir='ltr'><strong>Λόγου</strong></span> <span class='ocrx_word' id='word_1_135' title='bbox 804 753 854 788; x_wconf 82' lang='grc' dir='ltr'>τῆς</span> 
     </span>
    </p>
   </div>
   <div class='ocr_carea' id='block_1_18' title="bbox 82 800 854 837">
    <p class='ocr_par' dir='ltr' id='par_1_18' title="bbox 82 800 854 837">
     <span class='ocr_line' id='line_1_18' title="bbox 82 800 854 837; baseline -0.004 -9"><span class='ocrx_word' id='word_1_136' title='bbox 82 803 153 837; x_wconf 76' lang='grc' dir='ltr'><strong>ζωῆς.</strong></span> <span class='ocrx_word' id='word_1_137' title='bbox 167 811 175 827; x_wconf 80' lang='grc'><strong>1</strong></span> <span class='ocrx_word' id='word_1_138' title='bbox 194 802 290 828; x_wconf 76' lang='grc' dir='ltr'>Καίτοι</span> <span class='ocrx_word' id='word_1_139' title='bbox 309 802 342 828; x_wconf 81' lang='grc' dir='ltr'>τὸ</span> <span class='ocrx_word' id='word_1_140' title='bbox 358 802 434 828; x_wconf 75' lang='grc' dir='ltr'><strong>Θεῖόν</strong></span> <span class='ocrx_word' id='word_1_141' title='bbox 449 803 522 829; x_wconf 82' lang='grc' dir='ltr'>ἐστιν</span> <span class='ocrx_word' id='word_1_142' title='bbox 539 801 652 835; x_wconf 77' lang='grc' dir='ltr'>ἀναφὲς,</span> <span class='ocrx_word' id='word_1_143' title='bbox 666 800 733 827; x_wconf 77' lang='grc' dir='ltr'>ἀλλὰ</span> <span class='ocrx_word' id='word_1_144' title='bbox 743 800 854 834; x_wconf 81' lang='grc' dir='ltr'>γέγονεν</span> 
     </span>
    </p>
   </div>
   <div class='ocr_carea' id='block_1_19' title="bbox 82 847 854 883">
    <p class='ocr_par' dir='ltr' id='par_1_19' title="bbox 82 847 854 883">
     <span class='ocr_line' id='line_1_19' title="bbox 82 847 854 883; baseline -0.003 -8"><span class='ocrx_word' id='word_1_145' title='bbox 82 848 289 881; x_wconf 74' lang='grc' dir='ltr'>ἁπτδςὸΛόγος,</span> <span class='ocrx_word' id='word_1_146' title='bbox 307 847 348 879; x_wconf 85' lang='grc' dir='ltr'>ὥς</span> <span class='ocrx_word' id='word_1_147' title='bbox 371 848 416 874; x_wconf 86' lang='grc' dir='ltr'>διὰ</span> <span class='ocrx_word' id='word_1_148' title='bbox 438 848 487 883; x_wconf 77' lang='grc' dir='ltr'>τῆς</span> <span class='ocrx_word' id='word_1_149' title='bbox 510 847 579 878; x_wconf 77' lang='grc' dir='ltr'>ιδίας</span> <span class='ocrx_word' id='word_1_150' title='bbox 602 847 718 882; x_wconf 84' lang='grc' dir='ltr'>σαρκός·</span> <span class='ocrx_word' id='word_1_151' title='bbox 740 847 854 881; x_wconf 81' lang='grc' dir='ltr'>ἀόρατος</span> 
     </span>
    </p>
   </div>
   <div class='ocr_carea' id='block_1_20' title="bbox 82 882 893 929">
    <p class='ocr_par' dir='ltr' id='par_1_20' title="bbox 82 882 893 929">
     <span class='ocr_line' id='line_1_20' title="bbox 82 882 893 929; baseline -0.002 -8"><span class='ocrx_word' id='word_1_152' title='bbox 82 894 144 921; x_wconf 78' lang='grc' dir='ltr'><strong>κατὰ</strong></span> <span class='ocrx_word' id='word_1_153' title='bbox 156 893 244 928; x_wconf 81' lang='grc' dir='ltr'>φύσιν,</span> <span class='ocrx_word' id='word_1_154' title='bbox 262 893 322 920; x_wconf 77' lang='grc' dir='ltr'>ἀλλ’</span> <span class='ocrx_word' id='word_1_155' title='bbox 337 892 372 929; x_wconf 82' lang='grc' dir='ltr'>ἦν</span> <span class='ocrx_word' id='word_1_156' title='bbox 387 882 510 929; x_wconf 74' lang='grc' dir='ltr'>ἐμφανὴς</span> <span class='ocrx_word' id='word_1_157' title='bbox 523 893 567 920; x_wconf 77' lang='grc' dir='ltr'>διὰ</span> <span class='ocrx_word' id='word_1_158' title='bbox 580 893 714 929; x_wconf 82' lang='grc' dir='ltr'>σώματος.</span> <span class='ocrx_word' id='word_1_159' title='bbox 730 894 765 920; x_wconf 75' lang='grc' dir='ltr'><strong>ΣΞ)</strong></span> <span class='ocrx_word' id='word_1_160' title='bbox 778 893 806 920; x_wconf 83' lang='grc' dir='ltr'><strong>δὲ</strong></span> <span class='ocrx_word' id='word_1_161' title='bbox 823 893 855 928; x_wconf 84' lang='grc' dir='ltr'><strong>δὴ</strong></span> <span class='ocrx_word' id='word_1_162' title='bbox 872 882 893 911; x_wconf 73' lang='grc' dir='ltr'><strong>Β</strong></span> 
     </span>
    </p>
   </div>
   <div class='ocr_carea' id='block_1_21' title="bbox 83 938 858 975">
    <p class='ocr_par' dir='ltr' id='par_1_21' title="bbox 83 938 858 975">
     <span class='ocr_line' id='line_1_21' title="bbox 83 938 858 975; baseline -0.004 -7"><span class='ocrx_word' id='word_1_163' title='bbox 83 943 150 970; x_wconf 60' lang='grc' dir='ltr'>πάλιν</span> <span class='ocrx_word' id='word_1_164' title='bbox 163 940 263 975; x_wconf 79' lang='grc' dir='ltr'>διῖστᾷς</span> <span class='ocrx_word' id='word_1_165' title='bbox 276 939 443 974; x_wconf 73' lang='grc' dir='ltr'>ὀλοτρόπως,</span> <span class='ocrx_word' id='word_1_166' title='bbox 457 940 504 966; x_wconf 79' lang='grc' dir='ltr'>καὶ</span> <span class='ocrx_word' id='word_1_167' title='bbox 517 938 687 975; x_wconf 71' lang='grc' dir='ltr'>κατασοφίζῃ</span> <span class='ocrx_word' id='word_1_168' title='bbox 700 939 732 965; x_wconf 77' lang='grc' dir='ltr'>τὸ</span> <span class='ocrx_word' id='word_1_169' title='bbox 749 939 858 974; x_wconf 77' lang='grc' dir='ltr'>ἀληθὲς,</span> 
     </span>
    </p>
   </div>
   <div class='ocr_carea' id='block_1_22' title="bbox 82 983 860 1028">
    <p class='ocr_par' dir='ltr' id='par_1_22' title="bbox 82 983 860 1028">
     <span class='ocr_line' id='line_1_22' title="bbox 82 983 860 1028; baseline -0.006 -14"><span class='ocrx_word' id='word_1_170' title='bbox 82 990 123 1021; x_wconf 71' lang='grc' dir='ltr'>τὰς</span> <span class='ocrx_word' id='word_1_171' title='bbox 135 988 180 1023; x_wconf 76' lang='grc' dir='ltr'><strong>μὲν</strong></span> <span class='ocrx_word' id='word_1_172' title='bbox 194 987 292 1028; x_wconf 44' lang='lat' dir='ltr'><strong>odiet;</strong></span> <span class='ocrx_word' id='word_1_173' title='bbox 305 986 441 1021; x_wconf 74' lang='grc' dir='ltr'>χωρίζων,</span> <span class='ocrx_word' id='word_1_174' title='bbox 454 985 521 1012; x_wconf 77' lang='grc' dir='ltr'>ἑνῶν</span> <span class='ocrx_word' id='word_1_175' title='bbox 535 985 573 1015; x_wconf 78' lang='grc' dir='ltr'><strong>δὲ,</strong></span> <span class='ocrx_word' id='word_1_176' title='bbox 585 985 622 1016; x_wconf 85' lang='grc' dir='ltr'>ὡς</span> <span class='ocrx_word' id='word_1_177' title='bbox 638 984 700 1020; x_wconf 84' lang='grc' dir='ltr'>φὴς,</span> <span class='ocrx_word' id='word_1_178' title='bbox 715 983 763 1019; x_wconf 82' lang='grc' dir='ltr'>τὴν</span> <span class='ocrx_word' id='word_1_179' title='bbox 775 992 860 1019; x_wconf 80' lang='grc' dir='ltr'>προσ-</span> 
     </span>
    </p>
   </div>
   <div class='ocr_carea' id='block_1_23' title="bbox 83 1030 859 1070">
    <p class='ocr_par' dir='ltr' id='par_1_23' title="bbox 83 1030 859 1070">
     <span class='ocr_line' id='line_1_23' title="bbox 83 1030 859 1070; baseline -0.008 -9"><span class='ocrx_word' id='word_1_180' title='bbox 83 1035 190 1070; x_wconf 73' lang='grc' dir='ltr'>κύνησιν.</span> <span class='ocrx_word' id='word_1_181' title='bbox 213 1034 285 1060; x_wconf 72' lang='grc' dir='ltr'>Ἀλλ’</span> <span class='ocrx_word' id='word_1_182' title='bbox 306 1034 333 1059; x_wconf 87' lang='grc' dir='ltr'><strong>εἰ</strong></span> <span class='ocrx_word' id='word_1_183' title='bbox 353 1032 481 1068; x_wconf 79' lang='grc' dir='ltr'>χωρίζεις</span> <span class='ocrx_word' id='word_1_184' title='bbox 499 1030 548 1062; x_wconf 85' lang='grc' dir='ltr'>τὰς</span> <span class='ocrx_word' id='word_1_185' title='bbox 563 1031 672 1064; x_wconf 84' lang='grc' dir='ltr'>φύσεις,</span> <span class='ocrx_word' id='word_1_186' title='bbox 693 1037 859 1063; x_wconf 71' lang='grc' dir='ltr'>συναποφοιο</span> 
     </span>
    </p>
   </div>
   <div class='ocr_carea' id='block_1_24' title="bbox 82 1074 854 1116">
    <p class='ocr_par' dir='ltr' id='par_1_24' title="bbox 82 1074 854 1116">
     <span class='ocr_line' id='line_1_24' title="bbox 82 1074 854 1116; baseline -0.01 -8"><span class='ocrx_word' id='word_1_187' title='bbox 82 1083 176 1116; x_wconf 75' lang='grc' dir='ltr'>τήσειεν</span> <span class='ocrx_word' id='word_1_188' title='bbox 192 1081 225 1107; x_wconf 81' lang='grc' dir='ltr'>ἂν</span> <span class='ocrx_word' id='word_1_189' title='bbox 247 1080 346 1110; x_wconf 76' lang='grc' dir='ltr'>αὐταῖς</span> <span class='ocrx_word' id='word_1_190' title='bbox 369 1077 415 1104; x_wconf 78' lang='grc' dir='ltr'>καὶ</span> <span class='ocrx_word' id='word_1_191' title='bbox 437 1077 471 1103; x_wconf 83' lang='grc' dir='ltr'>τὰ</span> <span class='ocrx_word' id='word_1_192' title='bbox 496 1075 628 1110; x_wconf 73' lang='grc' dir='ltr'>ἑκατέρας</span> <span class='ocrx_word' id='word_1_193' title='bbox 645 1075 699 1102; x_wconf 78' lang='grc' dir='ltr'>ἴδια</span> <span class='ocrx_word' id='word_1_194' title='bbox 716 1074 854 1108; x_wconf 81' lang='grc' dir='ltr'>φυσικῶς·</span> 
     </span>
    </p>
   </div>
   <div class='ocr_carea' id='block_1_25' title="bbox 81 1118 857 1160">
    <p class='ocr_par' dir='ltr' id='par_1_25' title="bbox 81 1118 857 1160">
     <span class='ocr_line' id='line_1_25' title="bbox 81 1118 857 1160; baseline -0.012 -6"><span class='ocrx_word' id='word_1_195' title='bbox 81 1126 195 1154; x_wconf 81' lang='grc' dir='ltr'><strong>ὲλάσειδὲ</strong></span> <span class='ocrx_word' id='word_1_196' title='bbox 213 1124 342 1160; x_wconf 76' lang='grc' dir='ltr'>διαμπὰξ</span> <span class='ocrx_word' id='word_1_197' title='bbox 356 1123 406 1157; x_wconf 84' lang='grc' dir='ltr'>τῆς</span> <span class='ocrx_word' id='word_1_198' title='bbox 417 1122 548 1158; x_wconf 79' lang='grc' dir='ltr'>διαφορᾶς</span> <span class='ocrx_word' id='word_1_199' title='bbox 563 1122 577 1147; x_wconf 87' lang='grc' dir='ltr'>ὁ</span> <span class='ocrx_word' id='word_1_200' title='bbox 595 1121 672 1155; x_wconf 87' lang='grc' dir='ltr'>λόγος</span> <span class='ocrx_word' id='word_1_201' title='bbox 683 1129 689 1136; x_wconf 94' lang='grc'><strong>·</strong></span> <span class='ocrx_word' id='word_1_202' title='bbox 704 1120 750 1146; x_wconf 84' lang='grc' dir='ltr'><strong>δύο</strong></span> <span class='ocrx_word' id='word_1_203' title='bbox 764 1120 795 1155; x_wconf 84' lang='grc' dir='ltr'><strong>δὴ</strong></span> <span class='ocrx_word' id='word_1_204' title='bbox 811 1118 857 1146; x_wconf 81' lang='grc' dir='ltr'>οὖν</span> 
     </span>
    </p>
   </div>
   <div class='ocr_carea' id='block_1_26' title="bbox 80 1166 860 1209">
    <p class='ocr_par' dir='ltr' id='par_1_26' title="bbox 80 1166 860 1209">
     <span class='ocr_line' id='line_1_26' title="bbox 80 1166 860 1209; baseline -0.01 -10"><span class='ocrx_word' id='word_1_205' title='bbox 80 1171 305 1209; x_wconf 76' lang='grc' dir='ltr'><strong>ὁμολογουμένως.</strong></span> <span class='ocrx_word' id='word_1_206' title='bbox 316 1169 392 1204; x_wconf 82' lang='grc' dir='ltr'>Πλὴν</span> <span class='ocrx_word' id='word_1_207' title='bbox 409 1168 530 1203; x_wconf 74' lang='grc' dir='ltr'>ἐρομένῳ</span> <span class='ocrx_word' id='word_1_208' title='bbox 543 1167 660 1202; x_wconf 84' lang='grc' dir='ltr'>φράσον·</span> <span class='ocrx_word' id='word_1_209' title='bbox 672 1166 742 1192; x_wconf 64' lang='lat' dir='ltr'><strong>Tm</strong></span> <span class='ocrx_word' id='word_1_210' title='bbox 756 1166 860 1192; x_wconf 83' lang='grc' dir='ltr'>διῖστὰν</span> 
     </span>
    </p>
   </div>
   <div class='ocr_carea' id='block_1_27' title="bbox 83 1211 862 1254">
    <p class='ocr_par' dir='ltr' id='par_1_27' title="bbox 83 1211 862 1254">
     <span class='ocr_line' id='line_1_27' title="bbox 83 1211 862 1254; baseline -0.013 -8"><span class='ocrx_word' id='word_1_211' title='bbox 83 1219 192 1254; x_wconf 67' lang='grc' dir='ltr'>ἀλλήλων</span> <span class='ocrx_word' id='word_1_212' title='bbox 207 1217 257 1248; x_wconf 74' lang='grc' dir='ltr'><strong>τὰς</strong></span> <span class='ocrx_word' id='word_1_213' title='bbox 272 1215 382 1250; x_wconf 73' lang='grc' dir='ltr'>φύσεις,</span> <span class='ocrx_word' id='word_1_214' title='bbox 403 1215 451 1240; x_wconf 72' lang='grc' dir='ltr'>καὶ</span> <span class='ocrx_word' id='word_1_215' title='bbox 465 1213 514 1247; x_wconf 81' lang='grc' dir='ltr'>τῆς</span> <span class='ocrx_word' id='word_1_216' title='bbox 527 1213 660 1247; x_wconf 76' lang='grc' dir='ltr'>διαφορᾶς</span> <span class='ocrx_word' id='word_1_217' title='bbox 675 1211 717 1243; x_wconf 85' lang='grc' dir='ltr'>τίς</span> <span class='ocrx_word' id='word_1_218' title='bbox 735 1211 769 1238; x_wconf 83' lang='grc' dir='ltr'>ἂν</span> <span class='ocrx_word' id='word_1_219' title='bbox 790 1211 833 1245; x_wconf 81' lang='grc' dir='ltr'><strong>εἴη</strong></span> <span class='ocrx_word' id='word_1_220' title='bbox 847 1212 862 1237; x_wconf 85' lang='grc' dir='ltr'>ὀ</span> 
     </span>
    </p>
   </div>
   <div class='ocr_carea' id='block_1_28' title="bbox 81 1257 863 1298">
    <p class='ocr_par' dir='ltr' id='par_1_28' title="bbox 81 1257 863 1298">
     <span class='ocr_line' id='line_1_28' title="bbox 81 1257 863 1298; baseline -0.01 -7"><span class='ocrx_word' id='word_1_221' title='bbox 81 1265 185 1298; x_wconf 50' lang='grc' dir='ltr'>τρόπος</span> <span class='ocrx_word' id='word_1_222' title='bbox 201 1263 271 1290; x_wconf 77' lang='grc' dir='ltr'>Ἀλλ·</span> <span class='ocrx_word' id='word_1_223' title='bbox 285 1263 362 1297; x_wconf 78' lang='grc' dir='ltr'>ἐρεῖς</span> <span class='ocrx_word' id='word_1_224' title='bbox 378 1270 431 1286; x_wconf 83' lang='grc' dir='ltr'><strong>που</strong></span> <span class='ocrx_word' id='word_1_225' title='bbox 441 1260 558 1292; x_wconf 79' lang='grc' dir='ltr'>πάντως,</span> <span class='ocrx_word' id='word_1_226' title='bbox 570 1258 607 1290; x_wconf 77' lang='grc' dir='ltr'>ὡς</span> <span class='ocrx_word' id='word_1_227' title='bbox 622 1258 714 1294; x_wconf 74' lang='grc' dir='ltr'>ἕτερον</span> <span class='ocrx_word' id='word_1_228' title='bbox 726 1257 775 1292; x_wconf 81' lang='grc' dir='ltr'><strong>μὲν</strong></span> <span class='ocrx_word' id='word_1_229' title='bbox 791 1257 863 1284; x_wconf 80' lang='grc' dir='ltr'>κατὰ</span> 
     </span>
    </p>
   </div>
   <div class='ocr_carea' id='block_1_29' title="bbox 82 1301 860 1344">
    <p class='ocr_par' dir='ltr' id='par_1_29' title="bbox 82 1301 860 1344">
     <span class='ocr_line' id='line_1_29' title="bbox 82 1301 860 1344; baseline -0.012 -8"><span class='ocrx_word' id='word_1_230' title='bbox 82 1309 154 1344; x_wconf 74' lang='grc' dir='ltr'>φύσιν</span> <span class='ocrx_word' id='word_1_231' title='bbox 176 1309 338 1344; x_wconf 75' lang='grc' dir='ltr'>ἄνθρωπος,</span> <span class='ocrx_word' id='word_1_232' title='bbox 365 1307 449 1342; x_wconf 74' lang='grc' dir='ltr'>ήγουν</span> <span class='ocrx_word' id='word_1_233' title='bbox 475 1303 670 1339; x_wconf 76' lang='grc' dir='ltr'>ἀνθρωπότης·</span> <span class='ocrx_word' id='word_1_234' title='bbox 699 1302 793 1337; x_wconf 73' lang='grc' dir='ltr'>ἕτερον</span> <span class='ocrx_word' id='word_1_235' title='bbox 821 1301 860 1333; x_wconf 80' lang='grc' dir='ltr'>δὲ,</span> 
     </span>
    </p>
   </div>
   <div class='ocr_carea' id='block_1_30' title="bbox 78 1347 861 1390">
    <p class='ocr_par' dir='ltr' id='par_1_30' title="bbox 78 1347 861 1390">
     <span class='ocr_line' id='line_1_30' title="bbox 78 1347 861 1390; baseline -0.011 -8"><span class='ocrx_word' id='word_1_236' title='bbox 78 1356 148 1387; x_wconf 68' lang='grc' dir='ltr'>θεὸς,</span> <span class='ocrx_word' id='word_1_237' title='bbox 165 1355 224 1390; x_wconf 66' lang='grc' dir='ltr'>ἦτοι</span> <span class='ocrx_word' id='word_1_238' title='bbox 239 1353 357 1388; x_wconf 82' lang='grc' dir='ltr'><strong>θεότης·</strong></span> <span class='ocrx_word' id='word_1_239' title='bbox 372 1351 420 1378; x_wconf 73' lang='grc' dir='ltr'><strong>καὶ</strong></span> <span class='ocrx_word' id='word_1_240' title='bbox 439 1351 456 1386; x_wconf 84' lang='grc' dir='ltr'>ὴ</span> <span class='ocrx_word' id='word_1_241' title='bbox 474 1350 533 1386; x_wconf 79' lang='grc' dir='ltr'>μὲν,</span> <span class='ocrx_word' id='word_1_242' title='bbox 554 1348 726 1384; x_wconf 80' lang='grc' dir='ltr'>ἀσυγκριτως</span> <span class='ocrx_word' id='word_1_243' title='bbox 744 1347 861 1383; x_wconf 80' lang='grc' dir='ltr'>θατέρας</span> 
     </span>
    </p>
   </div>
   <div class='ocr_carea' id='block_1_31' title="bbox 82 1393 862 1437">
    <p class='ocr_par' dir='ltr' id='par_1_31' title="bbox 82 1393 862 1437">
     <span class='ocr_line' id='line_1_31' title="bbox 82 1393 862 1437; baseline -0.013 -9"><span class='ocrx_word' id='word_1_244' title='bbox 82 1400 270 1437; x_wconf 73' lang='grc' dir='ltr'>ὑπερηρμένησ</span> <span class='ocrx_word' id='word_1_245' title='bbox 298 1399 384 1434; x_wconf 80' lang='grc' dir='ltr'><strong>μείων</strong></span> <span class='ocrx_word' id='word_1_246' title='bbox 400 1406 432 1432; x_wconf 83' lang='grc' dir='ltr'><strong>γε</strong></span> <span class='ocrx_word' id='word_1_247' title='bbox 452 1396 504 1432; x_wconf 81' lang='grc' dir='ltr'><strong>μὴν</strong></span> <span class='ocrx_word' id='word_1_248' title='bbox 527 1395 617 1430; x_wconf 78' lang='grc' dir='ltr'><strong>ἐκείνη</strong></span> <span class='ocrx_word' id='word_1_249' title='bbox 644 1394 780 1425; x_wconf 84' lang='grc' dir='ltr'>τοσοῦτον,</span> <span class='ocrx_word' id='word_1_250' title='bbox 800 1393 862 1420; x_wconf 74' lang='grc' dir='ltr'>ὅσον</span> 
     </span>
    </p>
   </div>
   <div class='ocr_carea' id='block_1_32' title="bbox 80 1438 862 1482">
    <p class='ocr_par' dir='ltr' id='par_1_32' title="bbox 80 1438 862 1482">
     <span class='ocr_line' id='line_1_32' title="bbox 80 1438 862 1482; baseline -0.014 -8"><span class='ocrx_word' id='word_1_251' title='bbox 80 1447 213 1482; x_wconf 71' lang='grc' dir='ltr'>ἄνθρωπος</span> <span class='ocrx_word' id='word_1_252' title='bbox 227 1445 309 1472; x_wconf 80' lang='grc' dir='ltr'><strong>Θεοῦ.</strong></span> <span class='ocrx_word' id='word_1_253' title='bbox 321 1444 385 1475; x_wconf 86' lang='grc' dir='ltr'><strong>Πῶς</strong></span> <span class='ocrx_word' id='word_1_254' title='bbox 399 1441 457 1475; x_wconf 78' lang='grc' dir='ltr'>οὖν,</span> <span class='ocrx_word' id='word_1_255' title='bbox 471 1441 531 1468; x_wconf 69' lang='grc' dir='ltr'><strong>εἰπέ</strong></span> <span class='ocrx_word' id='word_1_256' title='bbox 544 1449 600 1476; x_wconf 86' lang='grc' dir='ltr'>μοι,</span> <span class='ocrx_word' id='word_1_257' title='bbox 616 1440 665 1475; x_wconf 85' lang='grc' dir='ltr'>μιᾷ</span> <span class='ocrx_word' id='word_1_258' title='bbox 679 1438 862 1475; x_wconf 82' lang='grc' dir='ltr'>προσκυνήσει</span> 
     </span>
    </p>
   </div>
   <div class='ocr_carea' id='block_1_33' title="bbox 82 1484 862 1528">
    <p class='ocr_par' dir='ltr' id='par_1_33' title="bbox 82 1484 862 1528">
     <span class='ocr_line' id='line_1_33' title="bbox 82 1484 862 1528; baseline -0.012 -9"><span class='ocrx_word' id='word_1_259' title='bbox 82 1494 155 1528; x_wconf 83' lang='grc' dir='ltr'>τιμᾷν</span> <span class='ocrx_word' id='word_1_260' title='bbox 171 1492 255 1523; x_wconf 83' lang='grc' dir='ltr'>ἀξιοῖς</span> <span class='ocrx_word' id='word_1_261' title='bbox 271 1491 309 1517; x_wconf 83' lang='grc' dir='ltr'>τὰ</span> <span class='ocrx_word' id='word_1_262' title='bbox 323 1489 410 1521; x_wconf 79' lang='grc' dir='ltr'>οὕτως</span> <span class='ocrx_word' id='word_1_263' title='bbox 424 1488 548 1523; x_wconf 82' lang='grc' dir='ltr'>ἀλλήλοις</span> <span class='ocrx_word' id='word_1_264' title='bbox 565 1486 707 1521; x_wconf 85' lang='grc' dir='ltr'>ἀνισοφυῆ,</span> <span class='ocrx_word' id='word_1_265' title='bbox 726 1485 772 1511; x_wconf 68' lang='grc' dir='ltr'><strong>καὶ</strong></span> <span class='ocrx_word' id='word_1_266' title='bbox 791 1484 862 1511; x_wconf 77' lang='grc' dir='ltr'>κατὰ</span> 
     </span>
    </p>
   </div>
   <div class='ocr_carea' id='block_1_34' title="bbox 82 1529 862 1568">
    <p class='ocr_par' dir='ltr' id='par_1_34' title="bbox 82 1529 862 1568">
     <span class='ocr_line' id='line_1_34' title="bbox 82 1529 862 1568; baseline -0.012 -4"><span class='ocrx_word' id='word_1_267' title='bbox 82 1538 122 1564; x_wconf 67' lang='grc' dir='ltr'><strong>τὸν</strong></span> <span class='ocrx_word' id='word_1_268' title='bbox 135 1537 180 1563; x_wconf 80' lang='grc' dir='ltr'>τοῦ</span> <span class='ocrx_word' id='word_1_269' title='bbox 196 1536 257 1568; x_wconf 83' lang='grc' dir='ltr'>πῶς</span> <span class='ocrx_word' id='word_1_270' title='bbox 272 1535 345 1562; x_wconf 77' lang='grc' dir='ltr'>εἶναι</span> <span class='ocrx_word' id='word_1_271' title='bbox 368 1534 457 1568; x_wconf 75' lang='grc' dir='ltr'>λόγον,</span> <span class='ocrx_word' id='word_1_272' title='bbox 477 1532 653 1567; x_wconf 79' lang='grc' dir='ltr'>ἁσυγκρίτσις</span> <span class='ocrx_word' id='word_1_273' title='bbox 672 1531 811 1566; x_wconf 80' lang='grc' dir='ltr'>διαφοραῖς</span> <span class='ocrx_word' id='word_1_274' title='bbox 824 1529 862 1555; x_wconf 86' lang='grc' dir='ltr'><strong>δι-</strong></span> 
     </span>
    </p>
   </div>
   <div class='ocr_carea' id='block_1_35' title="bbox 80 1575 862 1620">
    <p class='ocr_par' dir='ltr' id='par_1_35' title="bbox 80 1575 862 1620">
     <span class='ocr_line' id='line_1_35' title="bbox 80 1575 862 1620; baseline -0.014 -9"><span class='ocrx_word' id='word_1_275' title='bbox 80 1583 262 1620; x_wconf 73' lang='grc' dir='ltr'>εσιοινισμένα</span> <span class='ocrx_word' id='word_1_276' title='bbox 273 1591 282 1615; x_wconf 85' lang='lat'><strong>;</strong></span> <span class='ocrx_word' id='word_1_277' title='bbox 295 1580 374 1616; x_wconf 75' lang='lat' dir='ltr'><strong>&#39;Apa.</strong></span> <span class='ocrx_word' id='word_1_278' title='bbox 387 1581 442 1616; x_wconf 85' lang='grc' dir='ltr'>γὰρ</span> <span class='ocrx_word' id='word_1_279' title='bbox 457 1580 534 1614; x_wconf 79' lang='grc' dir='ltr'>ἵππῳ</span> <span class='ocrx_word' id='word_1_280' title='bbox 553 1577 675 1612; x_wconf 74' lang='grc' dir='ltr'>περιθεὶς</span> <span class='ocrx_word' id='word_1_281' title='bbox 690 1577 740 1611; x_wconf 80' lang='grc' dir='ltr'>τὴν</span> <span class='ocrx_word' id='word_1_282' title='bbox 757 1575 862 1610; x_wconf 83' lang='grc' dir='ltr'>ἀνθρώ-</span> 
     </span>
    </p>
   </div>
   <div class='ocr_carea' id='block_1_36' title="bbox 84 1621 862 1663">
    <p class='ocr_par' dir='ltr' id='par_1_36' title="bbox 84 1621 862 1663">
     <span class='ocr_line' id='line_1_36' title="bbox 84 1621 862 1663; baseline -0.014 -6"><span class='ocrx_word' id='word_1_283' title='bbox 84 1638 129 1656; x_wconf 76' lang='lat' dir='ltr'><strong>mu</strong></span> <span class='ocrx_word' id='word_1_284' title='bbox 144 1629 230 1662; x_wconf 79' lang='grc' dir='ltr'>δόξαν,</span> <span class='ocrx_word' id='word_1_285' title='bbox 244 1627 355 1663; x_wconf 76' lang='grc' dir='ltr'>ἐργάσῃ</span> <span class='ocrx_word' id='word_1_286' title='bbox 371 1635 396 1652; x_wconf 86' lang='grc' dir='ltr'><strong>τι</strong></span> <span class='ocrx_word' id='word_1_287' title='bbox 423 1625 477 1651; x_wconf 80' lang='grc' dir='ltr'>τῶν</span> <span class='ocrx_word' id='word_1_288' title='bbox 493 1623 712 1658; x_wconf 77' lang='grc' dir='ltr'>ὲπαινουμένων;</span> <span class='ocrx_word' id='word_1_289' title='bbox 730 1622 747 1657; x_wconf 75' lang='grc' dir='ltr'>ἢ</span> <span class='ocrx_word' id='word_1_290' title='bbox 763 1621 862 1656; x_wconf 84' lang='grc' dir='ltr'>μᾶλλον</span> 
     </span>
    </p>
   </div>
   <div class='ocr_carea' id='block_1_37' title="bbox 82 1666 863 1710">
    <p class='ocr_par' dir='ltr' id='par_1_37' title="bbox 82 1666 863 1710">
     <span class='ocr_line' id='line_1_37' title="bbox 82 1666 863 1710; baseline -0.013 -8"><span class='ocrx_word' id='word_1_291' title='bbox 82 1674 206 1710; x_wconf 71' lang='grc' dir='ltr'>ὲξυὸριείς</span> <span class='ocrx_word' id='word_1_292' title='bbox 219 1674 252 1700; x_wconf 82' lang='grc' dir='ltr'>τὸ</span> <span class='ocrx_word' id='word_1_293' title='bbox 267 1671 450 1707; x_wconf 60' lang='grc' dir='ltr'>ὑπερτεροῶ,</span> <span class='ocrx_word' id='word_1_294' title='bbox 463 1669 624 1704; x_wconf 80' lang='grc' dir='ltr'>κατασύρων</span> <span class='ocrx_word' id='word_1_295' title='bbox 638 1669 677 1699; x_wconf 85' lang='grc' dir='ltr'><strong>εἰς</strong></span> <span class='ocrx_word' id='word_1_296' title='bbox 691 1667 721 1693; x_wconf 86' lang='grc' dir='ltr'><strong>τὺ</strong></span> <span class='ocrx_word' id='word_1_297' title='bbox 736 1666 863 1697; x_wconf 82' lang='grc' dir='ltr'><strong>δυσκλεὲς</strong></span> 
     </span>
    </p>
   </div>
   <div class='ocr_carea' id='block_1_38' title="bbox 84 1713 863 1754">
    <p class='ocr_par' dir='ltr' id='par_1_38' title="bbox 84 1713 863 1754">
     <span class='ocr_line' id='line_1_38' title="bbox 84 1713 863 1754; baseline -0.012 -7"><span class='ocrx_word' id='word_1_298' title='bbox 84 1720 127 1754; x_wconf 74' lang='grc' dir='ltr'>τὴν</span> <span class='ocrx_word' id='word_1_299' title='bbox 137 1719 238 1754; x_wconf 70' lang='grc' dir='ltr'><strong>ἀμείνω</strong></span> <span class='ocrx_word' id='word_1_300' title='bbox 248 1719 351 1753; x_wconf 81' lang='grc' dir='ltr'>φύσιν;</span> <span class='ocrx_word' id='word_1_301' title='bbox 369 1717 437 1743; x_wconf 79' lang='grc' dir='ltr'>Ἀλλ’</span> <span class='ocrx_word' id='word_1_302' title='bbox 453 1715 601 1750; x_wconf 72' lang='grc' dir='ltr'><strong>ἐξηύρηταί</strong></span> <span class='ocrx_word' id='word_1_303' title='bbox 613 1723 639 1740; x_wconf 88' lang='grc' dir='ltr'><strong>τι</strong></span> <span class='ocrx_word' id='word_1_304' title='bbox 652 1713 732 1747; x_wconf 76' lang='grc' dir='ltr'>σοφὸν</span> <span class='ocrx_word' id='word_1_305' title='bbox 746 1713 786 1743; x_wconf 82' lang='grc' dir='ltr'><strong>εἰς</strong></span> <span class='ocrx_word' id='word_1_306' title='bbox 797 1713 863 1739; x_wconf 80' lang='grc' dir='ltr'>ἀπο-</span> 
     </span>
    </p>
   </div>
   <div class='ocr_carea' id='block_1_39' title="bbox 85 1762 547 1799">
    <p class='ocr_par' dir='ltr' id='par_1_39' title="bbox 85 1762 547 1799">
     <span class='ocr_line' id='line_1_39' title="bbox 85 1762 547 1799; baseline -0.009 -8"><span class='ocrx_word' id='word_1_307' title='bbox 85 1765 167 1799; x_wconf 78' lang='grc' dir='ltr'>λογίαν</span> <span class='ocrx_word' id='word_1_308' title='bbox 178 1765 261 1799; x_wconf 73' lang='grc' dir='ltr'>αὐτῷ.</span> <span class='ocrx_word' id='word_1_309' title='bbox 279 1763 460 1799; x_wconf 81' lang='grc' dir='ltr'>Προσεπάγει</span> <span class='ocrx_word' id='word_1_310' title='bbox 475 1762 530 1796; x_wconf 78' lang='grc' dir='ltr'>γάρ</span> <span class='ocrx_word' id='word_1_311' title='bbox 541 1771 547 1776; x_wconf 95' lang='grc'><strong>-</strong></span> 
     </span>
    </p>
   </div>
   <div class='ocr_carea' id='block_1_40' title="bbox 115 1846 863 1887">
    <p class='ocr_par' dir='ltr' id='par_1_40' title="bbox 115 1846 863 1887">
     <span class='ocr_line' id='line_1_40' title="bbox 115 1846 863 1887; baseline -0.009 -9"><span class='ocrx_word' id='word_1_312' title='bbox 115 1851 170 1887; x_wconf 82' lang='grc' dir='ltr'><strong>[οὺ</strong></span> <span class='ocrx_word' id='word_1_313' title='bbox 184 1850 246 1878; x_wconf 76' lang='grc' dir='ltr'>καθ’</span> <span class='ocrx_word' id='word_1_314' title='bbox 267 1850 353 1877; x_wconf 72' lang='grc' dir='ltr'>ἑαυτὸ</span> <span class='ocrx_word' id='word_1_315' title='bbox 368 1849 433 1881; x_wconf 77' lang='grc' dir='ltr'><strong>Θεὸς</strong></span> <span class='ocrx_word' id='word_1_316' title='bbox 446 1848 477 1874; x_wconf 83' lang='grc' dir='ltr'>τδ</span> <span class='ocrx_word' id='word_1_317' title='bbox 494 1847 612 1874; x_wconf 81' lang='grc' dir='ltr'>πλασθὲν</span> <span class='ocrx_word' id='word_1_318' title='bbox 632 1847 678 1873; x_wconf 69' lang='grc' dir='ltr'>ἐπὶ</span> <span class='ocrx_word' id='word_1_319' title='bbox 693 1847 815 1882; x_wconf 78' lang='grc' dir='ltr'>μήτρας·</span> <span class='ocrx_word' id='word_1_320' title='bbox 833 1846 863 1871; x_wconf 80' lang='grc' dir='ltr'>οὐ</span> 
     </span>
    </p>
   </div>
   <div class='ocr_carea' id='block_1_41' title="bbox 86 1891 864 1926">
    <p class='ocr_par' dir='ltr' id='par_1_41' title="bbox 86 1891 864 1926">
     <span class='ocr_line' id='line_1_41' title="bbox 86 1891 864 1926; baseline -0.01 -2"><span class='ocrx_word' id='word_1_321' title='bbox 86 1896 140 1923; x_wconf 74' lang='grc' dir='ltr'><strong>καθ’</strong></span> <span class='ocrx_word' id='word_1_322' title='bbox 156 1896 236 1923; x_wconf 68' lang='grc' dir='ltr'>ἑαυτὸ</span> <span class='ocrx_word' id='word_1_323' title='bbox 259 1895 331 1926; x_wconf 79' lang='grc' dir='ltr'><strong>Θεὸς</strong></span> <span class='ocrx_word' id='word_1_324' title='bbox 347 1895 377 1921; x_wconf 83' lang='grc' dir='ltr'>τὸ</span> <span class='ocrx_word' id='word_1_325' title='bbox 398 1893 515 1920; x_wconf 76' lang='grc' dir='ltr'>πλασθὲν</span> <span class='ocrx_word' id='word_1_326' title='bbox 532 1894 563 1919; x_wconf 84' lang='grc' dir='ltr'><strong>ὲκ</strong></span> <span class='ocrx_word' id='word_1_327' title='bbox 579 1892 627 1918; x_wconf 84' lang='grc' dir='ltr'>τοῦ</span> <span class='ocrx_word' id='word_1_328' title='bbox 647 1892 816 1926; x_wconf 82' lang='grc' dir='ltr'>Ιῐνεύματος·</span> <span class='ocrx_word' id='word_1_329' title='bbox 834 1891 864 1916; x_wconf 84' lang='grc' dir='ltr'>οὐ</span> 
     </span>
    </p>
   </div>
   <div class='ocr_carea' id='block_1_42' title="bbox 86 1935 865 1972">
    <p class='ocr_par' dir='ltr' id='par_1_42' title="bbox 86 1935 865 1972">
     <span class='ocr_line' id='line_1_42' title="bbox 86 1935 865 1972; baseline -0.009 -4"><span class='ocrx_word' id='word_1_330' title='bbox 86 1941 140 1967; x_wconf 69' lang='grc' dir='ltr'>καθ’</span> <span class='ocrx_word' id='word_1_331' title='bbox 153 1941 231 1968; x_wconf 64' lang='grc' dir='ltr'>ἑαυτὸ</span> <span class='ocrx_word' id='word_1_332' title='bbox 245 1940 317 1971; x_wconf 76' lang='grc' dir='ltr'><strong>Θεὸς</strong></span> <span class='ocrx_word' id='word_1_333' title='bbox 337 1940 368 1966; x_wconf 81' lang='grc' dir='ltr'>τὸ</span> <span class='ocrx_word' id='word_1_334' title='bbox 384 1939 468 1972; x_wconf 79' lang='grc' dir='ltr'>ταφὲν</span> <span class='ocrx_word' id='word_1_335' title='bbox 488 1938 534 1964; x_wconf 79' lang='grc' dir='ltr'><strong>ἐπὶ</strong></span> <span class='ocrx_word' id='word_1_336' title='bbox 554 1938 707 1972; x_wconf 75' lang='grc' dir='ltr'>μνήματοςο</span> <span class='ocrx_word' id='word_1_337' title='bbox 728 1936 798 1962; x_wconf 76' lang='grc' dir='ltr'>οὓτω</span> <span class='ocrx_word' id='word_1_338' title='bbox 812 1935 865 1970; x_wconf 88' lang='grc' dir='ltr'><strong>γὰρ</strong></span> 
     </span>
    </p>
   </div>
   <div class='ocr_carea' id='block_1_43' title="bbox 86 1983 865 2022">
    <p class='ocr_par' dir='ltr' id='par_1_43' title="bbox 86 1983 865 2022">
     <span class='ocr_line' id='line_1_43' title="bbox 86 1983 865 2022; baseline -0.008 -8"><span class='ocrx_word' id='word_1_339' title='bbox 86 1988 115 2014; x_wconf 75' lang='grc' dir='ltr'>ἂν</span> <span class='ocrx_word' id='word_1_340' title='bbox 131 1984 199 2022; x_wconf 75' lang='grc' dir='ltr'><strong>ἧμιν</strong></span> <span class='ocrx_word' id='word_1_341' title='bbox 223 1985 466 2022; x_wconf 78' lang='grc' dir='ltr'>ἁνθρωπολάτραι,</span> <span class='ocrx_word' id='word_1_342' title='bbox 490 1985 538 2011; x_wconf 73' lang='grc' dir='ltr'><strong>καὶ</strong></span> <span class='ocrx_word' id='word_1_343' title='bbox 553 1983 731 2019; x_wconf 76' lang='grc' dir='ltr'>νεκρολάτραι</span> <span class='ocrx_word' id='word_1_344' title='bbox 760 1983 865 2016; x_wconf 81' lang='grc' dir='ltr'>σαφεῖς.</span> 
     </span>
    </p>
   </div>
   <div class='ocr_carea' id='block_1_44' title="bbox 91 2027 866 2067">
    <p class='ocr_par' dir='ltr' id='par_1_44' title="bbox 91 2027 866 2067">
     <span class='ocr_line' id='line_1_44' title="bbox 91 2027 866 2067; baseline -0.008 -8"><span class='ocrx_word' id='word_1_345' title='bbox 91 2033 153 2059; x_wconf 81' lang='grc' dir='ltr'>Ἀλλ’</span> <span class='ocrx_word' id='word_1_346' title='bbox 165 2032 320 2067; x_wconf 72' lang='grc' dir='ltr'>ἐπειδήπερ</span> <span class='ocrx_word' id='word_1_347' title='bbox 334 2032 364 2057; x_wconf 86' lang='grc' dir='ltr'>ὲν</span> <span class='ocrx_word' id='word_1_348' title='bbox 379 2030 418 2065; x_wconf 79' lang='grc' dir='ltr'><strong>τῷ</strong></span> <span class='ocrx_word' id='word_1_349' title='bbox 432 2029 561 2064; x_wconf 82' lang='grc' dir='ltr'><strong>ληφθέντι</strong></span> <span class='ocrx_word' id='word_1_350' title='bbox 579 2029 655 2060; x_wconf 79' lang='grc' dir='ltr'>Θεὸς,</span> <span class='ocrx_word' id='word_1_351' title='bbox 666 2029 699 2055; x_wconf 77' lang='grc' dir='ltr'><strong>ὲκ</strong></span> <span class='ocrx_word' id='word_1_352' title='bbox 708 2027 754 2054; x_wconf 75' lang='grc' dir='ltr'>τοῦ</span> <span class='ocrx_word' id='word_1_353' title='bbox 770 2027 866 2054; x_wconf 72' lang='grc' dir='ltr'>λαϐόν-</span> 
     </span>
    </p>
   </div>
   <div class='ocr_carea' id='block_1_45' title="bbox 87 2074 867 2114">
    <p class='ocr_par' dir='ltr' id='par_1_45' title="bbox 87 2074 867 2114">
     <span class='ocr_line' id='line_1_45' title="bbox 87 2074 867 2114; baseline -0.005 -11"><span class='ocrx_word' id='word_1_354' title='bbox 87 2086 126 2109; x_wconf 76' lang='grc' dir='ltr'><strong>τος</strong></span> <span class='ocrx_word' id='word_1_355' title='bbox 139 2077 152 2104; x_wconf 72' lang='grc' dir='ltr'><strong>ὁ</strong></span> <span class='ocrx_word' id='word_1_356' title='bbox 165 2077 292 2114; x_wconf 74' lang='grc' dir='ltr'>ληφθεὶς,</span> <span class='ocrx_word' id='word_1_357' title='bbox 311 2077 348 2108; x_wconf 81' lang='grc' dir='ltr'>ὼς</span> <span class='ocrx_word' id='word_1_358' title='bbox 362 2077 401 2111; x_wconf 79' lang='grc' dir='ltr'>τῷ</span> <span class='ocrx_word' id='word_1_359' title='bbox 415 2075 523 2103; x_wconf 79' lang='grc' dir='ltr'>λαϐόντι</span> <span class='ocrx_word' id='word_1_360' title='bbox 540 2074 686 2109; x_wconf 72' lang='grc' dir='ltr'>σὺναφθεὶς</span> <span class='ocrx_word' id='word_1_361' title='bbox 707 2082 811 2109; x_wconf 81' lang='grc' dir='ltr'>συγχρη</span> <span class='ocrx_word' id='word_1_362' title='bbox 816 2081 867 2109; x_wconf 86' lang='grc' dir='ltr'><strong>μα-</strong></span> 
     </span>
    </p>
   </div>
   <div class='ocr_carea' id='block_1_46' title="bbox 86 2123 250 2159">
    <p class='ocr_par' dir='ltr' id='par_1_46' title="bbox 86 2123 250 2159">
     <span class='ocr_line' id='line_1_46' title="bbox 86 2123 250 2159; baseline 0 -10"><span class='ocrx_word' id='word_1_363' title='bbox 86 2124 147 2156; x_wconf 71' lang='grc' dir='ltr'>τὶζει</span> <span class='ocrx_word' id='word_1_364' title='bbox 160 2123 250 2159; x_wconf 79' lang='grc' dir='ltr'><strong>Θεό;.]</strong></span> 
     </span>
    </p>
   </div>
   <div class='ocr_carea' id='block_1_47' title="bbox 378 2189 574 2216">
    <p class='ocr_par' dir='ltr' id='par_1_47' title="bbox 378 2189 574 2216">
     <span class='ocr_line' id='line_1_47' title="bbox 378 2189 574 2216; baseline -0.01 0"><span class='ocrx_word' id='word_1_365' title='bbox 378 2190 502 2216; x_wconf 69' lang='grc' dir='ltr'><strong>ΚΕΦᾹΛ.</strong></span> <span class='ocrx_word' id='word_1_366' title='bbox 525 2189 574 2215; x_wconf 84' lang='grc' dir='ltr'><strong>1Β’.</strong></span> 
     </span>
    </p>
   </div>
   <div class='ocr_carea' id='block_1_48' title="bbox 124 2256 868 2293">
    <p class='ocr_par' dir='ltr' id='par_1_48' title="bbox 124 2256 868 2293">
     <span class='ocr_line' id='line_1_48' title="bbox 124 2256 868 2293; baseline -0.003 -9"><span class='ocrx_word' id='word_1_367' title='bbox 124 2258 185 2284; x_wconf 74' lang='grc' dir='ltr'><strong>Ἰδοὺ</strong></span> <span class='ocrx_word' id='word_1_368' title='bbox 203 2258 237 2293; x_wconf 78' lang='grc' dir='ltr'><strong>δὴ</strong></span> <span class='ocrx_word' id='word_1_369' title='bbox 259 2258 345 2284; x_wconf 75' lang='grc' dir='ltr'>πάλιν</span> <span class='ocrx_word' id='word_1_370' title='bbox 366 2258 433 2293; x_wconf 78' lang='grc' dir='ltr'><strong>ἡμῖν</strong></span> <span class='ocrx_word' id='word_1_371' title='bbox 449 2258 463 2283; x_wconf 85' lang='grc' dir='ltr'>ὁ</span> <span class='ocrx_word' id='word_1_372' title='bbox 483 2257 532 2292; x_wconf 83' lang='grc' dir='ltr'>τὴν</span> <span class='ocrx_word' id='word_1_373' title='bbox 556 2259 703 2291; x_wconf 82' lang='grc' dir='ltr'>συνάφειαν</span> <span class='ocrx_word' id='word_1_374' title='bbox 725 2256 868 2290; x_wconf 82' lang='grc' dir='ltr'><strong>’ὀνομάζων</strong></span> 
     </span>
    </p>
   </div>
   <div class='ocr_carea' id='block_1_49' title="bbox 88 2303 869 2340">
    <p class='ocr_par' dir='ltr' id='par_1_49' title="bbox 88 2303 869 2340">
     <span class='ocr_line' id='line_1_49' title="bbox 88 2303 869 2340; baseline -0.003 -9"><span class='ocrx_word' id='word_1_375' title='bbox 88 2304 230 2340; x_wconf 75' lang='grc' dir='ltr'>πανταχοῦ,</span> <span class='ocrx_word' id='word_1_376' title='bbox 247 2305 298 2331; x_wconf 77' lang='grc' dir='ltr'><strong>καὶ</strong></span> <span class='ocrx_word' id='word_1_377' title='bbox 316 2305 348 2330; x_wconf 72' lang='grc' dir='ltr'>τὰ</span> <span class='ocrx_word' id='word_1_378' title='bbox 367 2304 417 2338; x_wconf 85' lang='grc' dir='ltr'>τῆς</span> <span class='ocrx_word' id='word_1_379' title='bbox 439 2303 694 2339; x_wconf 80' lang='grc' dir='ltr'>ἀνθρωπολατρείας</span> <span class='ocrx_word' id='word_1_380' title='bbox 709 2304 869 2338; x_wconf 76' lang='grc' dir='ltr'>ἐγκλήματα</span> 
     </span>
    </p>
   </div>
   <div class='ocr_carea' id='block_1_50' title="bbox 87 2348 870 2385">
    <p class='ocr_par' dir='ltr' id='par_1_50' title="bbox 87 2348 870 2385">
     <span class='ocr_line' id='line_1_50' title="bbox 87 2348 870 2385; baseline -0.003 -9"><span class='ocrx_word' id='word_1_381' title='bbox 87 2349 185 2382; x_wconf 81' lang='grc' dir='ltr'>δεδιὼς,</span> <span class='ocrx_word' id='word_1_382' title='bbox 205 2350 265 2385; x_wconf 74' lang='grc' dir='ltr'><strong>ἧλω</strong></span> <span class='ocrx_word' id='word_1_383' title='bbox 283 2348 406 2383; x_wconf 78' lang='grc' dir='ltr'>γεγονὼς</span> <span class='ocrx_word' id='word_1_384' title='bbox 423 2348 668 2383; x_wconf 58' lang='grc' dir='ltr'>ἀνθρωωλάτρηςο</span> <span class='ocrx_word' id='word_1_385' title='bbox 689 2348 736 2374; x_wconf 80' lang='grc' dir='ltr'><strong>καὶ</strong></span> <span class='ocrx_word' id='word_1_386' title='bbox 749 2350 804 2379; x_wconf 82' lang='grc' dir='ltr'>τοῖς</span> <span class='ocrx_word' id='word_1_387' title='bbox 821 2348 870 2382; x_wconf 80' lang='grc' dir='ltr'>τῆς</span> 
     </span>
    </p>
   </div>
   <div class='ocr_carea' id='block_1_51' title="bbox 90 2393 870 2429">
    <p class='ocr_par' dir='ltr' id='par_1_51' title="bbox 90 2393 870 2429">
     <span class='ocr_line' id='line_1_51' title="bbox 90 2393 870 2429; baseline -0.001 -8"><span class='ocrx_word' id='word_1_388' title='bbox 90 2395 179 2422; x_wconf 72' lang='grc' dir='ltr'>ἑαυτοῦ</span> <span class='ocrx_word' id='word_1_389' title='bbox 193 2395 359 2426; x_wconf 75' lang='grc' dir='ltr'>δυσὸουλὶας</span> <span class='ocrx_word' id='word_1_390' title='bbox 381 2394 521 2429; x_wconf 76' lang='grc' dir='ltr'>ἐνίσχηται</span> <span class='ocrx_word' id='word_1_391' title='bbox 536 2393 658 2429; x_wconf 77' lang='grc' dir='ltr'>βρόχοις,</span> <span class='ocrx_word' id='word_1_392' title='bbox 679 2395 726 2420; x_wconf 73' lang='grc' dir='ltr'><strong>καὶ</strong></span> <span class='ocrx_word' id='word_1_393' title='bbox 741 2402 870 2428; x_wconf 82' lang='grc' dir='ltr'>καταφω-</span> 
     </span>
    </p>
   </div>
   <div class='ocr_carea' id='block_1_52' title="bbox 90 2440 872 2476">
    <p class='ocr_par' dir='ltr' id='par_1_52' title="bbox 90 2440 872 2476">
     <span class='ocr_line' id='line_1_52' title="bbox 90 2440 872 2476; baseline 0 -9"><span class='ocrx_word' id='word_1_394' title='bbox 90 2442 165 2476; x_wconf 72' lang='grc' dir='ltr'>ρᾰται</span> <span class='ocrx_word' id='word_1_395' title='bbox 176 2442 270 2468; x_wconf 82' lang='grc' dir='ltr'>πεσὼν</span> <span class='ocrx_word' id='word_1_396' title='bbox 286 2443 327 2473; x_wconf 86' lang='grc' dir='ltr'>εἰς</span> <span class='ocrx_word' id='word_1_397' title='bbox 339 2440 468 2475; x_wconf 80' lang='grc' dir='ltr'>ἀδόκιμον</span> <span class='ocrx_word' id='word_1_398' title='bbox 481 2440 553 2466; x_wconf 77' lang='grc' dir='ltr'>νοῦν.</span> <span class='ocrx_word' id='word_1_399' title='bbox 571 2441 607 2466; x_wconf 82' lang='grc' dir='ltr'><strong>Τὸ</strong></span> <span class='ocrx_word' id='word_1_400' title='bbox 621 2441 676 2476; x_wconf 84' lang='grc' dir='ltr'><strong>γάρ</strong></span> <span class='ocrx_word' id='word_1_401' title='bbox 691 2449 732 2466; x_wconf 92' lang='grc' dir='ltr'><strong>σοι</strong></span> <span class='ocrx_word' id='word_1_402' title='bbox 748 2440 813 2476; x_wconf 77' lang='grc' dir='ltr'>[τοι]</span> <span class='ocrx_word' id='word_1_403' title='bbox 830 2449 872 2467; x_wconf 85' lang='grc' dir='ltr'><strong>τε-</strong></span> 
     </span>
    </p>
   </div>
   <div class='ocr_carea' id='block_1_53' title="bbox 90 2486 872 2523">
    <p class='ocr_par' dir='ltr' id='par_1_53' title="bbox 90 2486 872 2523">
     <span class='ocr_line' id='line_1_53' title="bbox 90 2486 872 2523; baseline -0.001 -10"><span class='ocrx_word' id='word_1_404' title='bbox 90 2487 147 2522; x_wconf 75' lang='grc' dir='ltr'><strong>χθὲν</strong></span> <span class='ocrx_word' id='word_1_405' title='bbox 158 2489 189 2513; x_wconf 76' lang='grc' dir='ltr'>ἐκ</span> <span class='ocrx_word' id='word_1_406' title='bbox 201 2488 323 2523; x_wconf 75' lang='grc' dir='ltr'>μήτρας,</span> <span class='ocrx_word' id='word_1_407' title='bbox 334 2487 365 2512; x_wconf 72' lang='grc' dir='ltr'>οὐ</span> <span class='ocrx_word' id='word_1_408' title='bbox 384 2486 628 2521; x_wconf 58' lang='grc' dir='ltr'>καΘῚαυῖὸ,φησὶ,</span> <span class='ocrx_word' id='word_1_409' title='bbox 645 2486 720 2518; x_wconf 76' lang='grc' dir='ltr'><strong>Θεὸς.</strong></span> <span class='ocrx_word' id='word_1_410' title='bbox 743 2487 786 2517; x_wconf 75' lang='grc' dir='ltr'>Ὡς</span> <span class='ocrx_word' id='word_1_411' title='bbox 803 2487 872 2520; x_wconf 79' lang='grc' dir='ltr'><strong>ἀγα-</strong></span> 
     </span>
    </p>
   </div>
   <div class='ocr_carea' id='block_1_54' title="bbox 91 2531 873 2568">
    <p class='ocr_par' dir='ltr' id='par_1_54' title="bbox 91 2531 873 2568">
     <span class='ocr_line' id='line_1_54' title="bbox 91 2531 873 2568; baseline -0.001 -9"><span class='ocrx_word' id='word_1_412' title='bbox 91 2534 137 2567; x_wconf 79' lang='grc' dir='ltr'>μαι</span> <span class='ocrx_word' id='word_1_413' title='bbox 154 2541 183 2559; x_wconf 76' lang='grc' dir='ltr'>σε</span> <span class='ocrx_word' id='word_1_414' title='bbox 197 2533 251 2568; x_wconf 60' lang='grc' dir='ltr'>τῆς</span> <span class='ocrx_word' id='word_1_415' title='bbox 265 2532 422 2568; x_wconf 82' lang='grc' dir='ltr'>ἀγχινοίας,</span> <span class='ocrx_word' id='word_1_416' title='bbox 435 2532 482 2558; x_wconf 75' lang='grc' dir='ltr'>καὶ</span> <span class='ocrx_word' id='word_1_417' title='bbox 497 2533 594 2567; x_wconf 78' lang='grc' dir='ltr'>φρενὸς</span> <span class='ocrx_word' id='word_1_418' title='bbox 606 2532 654 2567; x_wconf 76' lang='grc' dir='ltr'>τῆς</span> <span class='ocrx_word' id='word_1_419' title='bbox 669 2531 739 2558; x_wconf 74' lang='grc' dir='ltr'>οὕτω</span> <span class='ocrx_word' id='word_1_420' title='bbox 754 2532 873 2566; x_wconf 81' lang='grc' dir='ltr'>λεπτῆς·</span> 
     </span>
    </p>
   </div>
   <div class='ocr_carea' id='block_1_55' title="bbox 90 2577 874 2614">
    <p class='ocr_par' dir='ltr' id='par_1_55' title="bbox 90 2577 874 2614">
     <span class='ocr_line' id='line_1_55' title="bbox 90 2577 874 2614; baseline 0.001 -11"><span class='ocrx_word' id='word_1_421' title='bbox 90 2579 128 2609; x_wconf 85' lang='grc' dir='ltr'>τίς</span> <span class='ocrx_word' id='word_1_422' title='bbox 155 2578 208 2613; x_wconf 77' lang='grc' dir='ltr'>γὰρ</span> <span class='ocrx_word' id='word_1_423' title='bbox 229 2578 302 2609; x_wconf 72' lang='grc' dir='ltr'>ὅλως</span> <span class='ocrx_word' id='word_1_424' title='bbox 323 2579 339 2604; x_wconf 86' lang='grc' dir='ltr'><strong>ὁ</strong></span> <span class='ocrx_word' id='word_1_425' title='bbox 369 2577 449 2610; x_wconf 72' lang='grc' dir='ltr'>τοῦτο</span> <span class='ocrx_word' id='word_1_426' title='bbox 475 2577 558 2611; x_wconf 82' lang='grc' dir='ltr'>φάναι</span> <span class='ocrx_word' id='word_1_427' title='bbox 584 2577 779 2613; x_wconf 77' lang='grc' dir='ltr'>τεθαρσηκώς;</span> <span class='ocrx_word' id='word_1_428' title='bbox 801 2578 874 2614; x_wconf 75' lang='grc' dir='ltr'>ἢτίς</span> 
     </span>
    </p>
   </div>
   <div class='ocr_carea' id='block_1_56' title="bbox 90 2623 877 2659">
    <p class='ocr_par' dir='ltr' id='par_1_56' title="bbox 90 2623 877 2659">
     <span class='ocr_line' id='line_1_56' title="bbox 90 2623 877 2659; baseline 0.003 -10"><span class='ocrx_word' id='word_1_429' title='bbox 90 2624 232 2658; x_wconf 73' lang='grc' dir='ltr'>ἠγνόηκεν,</span> <span class='ocrx_word' id='word_1_430' title='bbox 246 2623 290 2650; x_wconf 81' lang='grc' dir='ltr'>ὅτι</span> <span class='ocrx_word' id='word_1_431' title='bbox 305 2623 337 2649; x_wconf 86' lang='grc' dir='ltr'>τὸ</span> <span class='ocrx_word' id='word_1_432' title='bbox 356 2623 554 2658; x_wconf 77' lang='grc' dir='ltr'>γεγεννημένον</span> <span class='ocrx_word' id='word_1_433' title='bbox 569 2624 601 2650; x_wconf 78' lang='grc' dir='ltr'><strong>ὲκ</strong></span> <span class='ocrx_word' id='word_1_434' title='bbox 620 2624 668 2658; x_wconf 85' lang='grc' dir='ltr'>τῆς</span> <span class='ocrx_word' id='word_1_435' title='bbox 682 2624 793 2659; x_wconf 77' lang='grc' dir='ltr'>σαρκὸς,</span> <span class='ocrx_word' id='word_1_436' title='bbox 810 2624 877 2658; x_wconf 79' lang='grc' dir='ltr'>σάρξ</span> 
     </span>
    </p>
   </div>
   <div class='ocr_carea' id='block_1_57' title="bbox 93 2667 877 2705">
    <p class='ocr_par' dir='ltr' id='par_1_57' title="bbox 93 2667 877 2705">
     <span class='ocr_line' id='line_1_57' title="bbox 93 2667 877 2705; baseline 0.003 -11"><span class='ocrx_word' id='word_1_437' title='bbox 93 2669 178 2702; x_wconf 78' lang='grc' dir='ltr'>ὲστινς</span> <span class='ocrx_word' id='word_1_438' title='bbox 197 2669 270 2696; x_wconf 80' lang='grc' dir='ltr'>Ἀλλ’</span> <span class='ocrx_word' id='word_1_439' title='bbox 287 2667 322 2704; x_wconf 85' lang='grc' dir='ltr'>ἦν</span> <span class='ocrx_word' id='word_1_440' title='bbox 336 2669 390 2696; x_wconf 74' lang='grc' dir='ltr'>ἰδία</span> <span class='ocrx_word' id='word_1_441' title='bbox 404 2668 451 2696; x_wconf 82' lang='grc' dir='ltr'>τοῦ</span> <span class='ocrx_word' id='word_1_442' title='bbox 463 2669 564 2703; x_wconf 84' lang='grc' dir='ltr'><strong>Λόγου·</strong></span> <span class='ocrx_word' id='word_1_443' title='bbox 581 2670 628 2696; x_wconf 71' lang='grc' dir='ltr'><strong>καὶ</strong></span> <span class='ocrx_word' id='word_1_444' title='bbox 645 2667 686 2701; x_wconf 77' lang='grc' dir='ltr'>εἷς</span> <span class='ocrx_word' id='word_1_445' title='bbox 700 2672 800 2697; x_wconf 82' lang='grc' dir='ltr'>νοεῖται</span> <span class='ocrx_word' id='word_1_446' title='bbox 819 2671 877 2705; x_wconf 85' lang='grc' dir='ltr'>μετ’</span> 
     </span>
    </p>
   </div>
   <div class='ocr_carea' id='block_1_58' title="bbox 95 2714 877 2751">
    <p class='ocr_par' dir='ltr' id='par_1_58' title="bbox 95 2714 877 2751">
     <span class='ocr_line' id='line_1_58' title="bbox 95 2714 877 2751; baseline 0.004 -12"><span class='ocrx_word' id='word_1_447' title='bbox 95 2714 184 2750; x_wconf 79' lang='grc' dir='ltr'>αὐτῆς,</span> <span class='ocrx_word' id='word_1_448' title='bbox 199 2715 328 2751; x_wconf 77' lang='grc' dir='ltr'>καθάπερ</span> <span class='ocrx_word' id='word_1_449' title='bbox 345 2714 443 2749; x_wconf 84' lang='grc' dir='ltr'>ἀμέλει</span> <span class='ocrx_word' id='word_1_450' title='bbox 461 2714 616 2748; x_wconf 78' lang='grc' dir='ltr'>φθάσαντες</span> <span class='ocrx_word' id='word_1_451' title='bbox 644 2715 766 2750; x_wconf 83' lang='grc' dir='ltr'>εἴπομεν,</span> <span class='ocrx_word' id='word_1_452' title='bbox 790 2716 837 2742; x_wconf 75' lang='grc' dir='ltr'>καὶ</span> <span class='ocrx_word' id='word_1_453' title='bbox 860 2717 877 2751; x_wconf 82' lang='grc' dir='ltr'>ἡ</span> 
     </span>
    </p>
   </div>
   <div class='ocr_carea' id='block_1_59' title="bbox 95 2759 878 2797">
    <p class='ocr_par' dir='ltr' id='par_1_59' title="bbox 95 2759 878 2797">
     <span class='ocr_line' id='line_1_59' title="bbox 95 2759 878 2797; baseline 0.004 -12"><span class='ocrx_word' id='word_1_454' title='bbox 95 2759 138 2785; x_wconf 78' lang='grc' dir='ltr'>τοῦ</span> <span class='ocrx_word' id='word_1_455' title='bbox 150 2759 296 2795; x_wconf 76' lang='grc' dir='ltr'>ἀνθρώπου</span> <span class='ocrx_word' id='word_1_456' title='bbox 306 2760 380 2795; x_wconf 77' lang='grc' dir='ltr'>ψυχὴ</span> <span class='ocrx_word' id='word_1_457' title='bbox 397 2760 464 2794; x_wconf 80' lang='grc' dir='ltr'>μετὰ</span> <span class='ocrx_word' id='word_1_458' title='bbox 477 2759 525 2786; x_wconf 78' lang='grc' dir='ltr'>τοῦ</span> <span class='ocrx_word' id='word_1_459' title='bbox 538 2760 602 2787; x_wconf 76' lang='grc' dir='ltr'><strong>ἰδίου</strong></span> <span class='ocrx_word' id='word_1_460' title='bbox 616 2760 750 2796; x_wconf 86' lang='grc' dir='ltr'>σώματος.</span> <span class='ocrx_word' id='word_1_461' title='bbox 759 2759 822 2797; x_wconf 69' lang='grc' dir='ltr'>*Δρ*</span> <span class='ocrx_word' id='word_1_462' title='bbox 831 2759 878 2788; x_wconf 72' lang='grc' dir='ltr'>οὖν</span> 
     </span>
    </p>
   </div>
   <div class='ocr_carea' id='block_1_60' title="bbox 127 2848 685 2883">
    <p class='ocr_par' dir='ltr' id='par_1_60' title="bbox 127 2848 685 2883">
     <span class='ocr_line' id='line_1_60' title="bbox 127 2848 685 2883; baseline 0.002 -6"><span class='ocrx_word' id='word_1_463' title='bbox 127 2851 150 2866; x_wconf 85' lang='lat'><strong>&quot;</strong></span> <span class='ocrx_word' id='word_1_464' title='bbox 163 2850 241 2879; x_wconf 81' lang='lat' dir='ltr'><strong>Joan.</strong></span> <span class='ocrx_word' id='word_1_465' title='bbox 269 2859 308 2881; x_wconf 80' lang='lat' dir='ltr'><strong>ix.</strong></span> <span class='ocrx_word' id='word_1_466' title='bbox 330 2849 431 2877; x_wconf 77' lang='lat'><strong>55-59.</strong></span> <span class='ocrx_word' id='word_1_467' title='bbox 469 2848 606 2877; x_wconf 73' lang='lat' dir='ltr'><strong>“lJoan.</strong></span> <span class='ocrx_word' id='word_1_468' title='bbox 622 2858 642 2883; x_wconf 77' lang='grc' dir='ltr'><strong>ι,</strong></span> <span class='ocrx_word' id='word_1_469' title='bbox 661 2850 685 2878; x_wconf 78' lang='grc' dir='ltr'><strong>Ι.</strong></span> 
     </span>
    </p>
   </div>
   <div class='ocr_carea' id='block_1_61' title="bbox 272 2896 632 2927">
    <p class='ocr_par' dir='ltr' id='par_1_61' title="bbox 272 2896 632 2927">
     <span class='ocr_line' id='line_1_61' title="bbox 272 2896 632 2927; baseline -0.006 0"><span class='ocrx_word' id='word_1_470' title='bbox 272 2897 414 2927; x_wconf 62' lang='lat' dir='ltr'><strong>Parnm.</strong></span> <span class='ocrx_word' id='word_1_471' title='bbox 432 2896 489 2925; x_wconf 78' lang='lat' dir='ltr'><strong>Gn.</strong></span> <span class='ocrx_word' id='word_1_472' title='bbox 508 2896 632 2926; x_wconf 79' lang='lat' dir='ltr'><strong>LXXVI.</strong></span> 
     </span>
    </p>
   </div>
   <div class='ocr_carea' id='block_1_62' title="bbox 903 253 1684 288">
    <p class='ocr_par' dir='ltr' id='par_1_62' title="bbox 903 253 1684 288">
     <span class='ocr_line' id='line_1_62' title="bbox 903 253 1684 288; baseline 0 -7"><span class='ocrx_word' id='word_1_473' title='bbox 903 259 981 286; x_wconf 86' lang='lat' dir='ltr'><strong>rato,</strong></span> <span class='ocrx_word' id='word_1_474' title='bbox 1008 261 1066 281; x_wconf 87' lang='lat' dir='ltr'><strong>cum</strong></span> <span class='ocrx_word' id='word_1_475' title='bbox 1097 259 1189 288; x_wconf 85' lang='lat' dir='ltr'><strong>postea</strong></span> <span class='ocrx_word' id='word_1_476' title='bbox 1221 254 1306 288; x_wconf 86' lang='lat' dir='ltr'><strong>ipsum</strong></span> <span class='ocrx_word' id='word_1_477' title='bbox 1340 255 1486 282; x_wconf 75' lang='lat' dir='ltr'><strong>invenisset</strong></span> <span class='ocrx_word' id='word_1_478' title='bbox 1515 254 1541 280; x_wconf 89' lang='lat' dir='ltr'><strong>in</strong></span> <span class='ocrx_word' id='word_1_479' title='bbox 1567 253 1684 288; x_wconf 88' lang='lat' dir='ltr'><strong>templo,</strong></span> 
     </span>
    </p>
   </div>
   <div class='ocr_carea' id='block_1_63' title="bbox 903 299 1685 326">
    <p class='ocr_par' dir='ltr' id='par_1_63' title="bbox 903 299 1685 326">
     <span class='ocr_line' id='line_1_63' title="bbox 903 299 1685 326; baseline 0.001 -1"><span class='ocrx_word' id='word_1_480' title='bbox 903 299 1008 325; x_wconf 79' lang='lat' dir='ltr'><strong>ﬁrmam</strong></span> <span class='ocrx_word' id='word_1_481' title='bbox 1020 305 1048 325; x_wconf 88' lang='lat' dir='ltr'><strong>et</strong></span> <span class='ocrx_word' id='word_1_482' title='bbox 1065 299 1186 326; x_wconf 86' lang='lat' dir='ltr'><strong>stabilem</strong></span> <span class='ocrx_word' id='word_1_483' title='bbox 1212 299 1338 326; x_wconf 90' lang='lat' dir='ltr'><strong>indiderit</strong></span> <span class='ocrx_word' id='word_1_484' title='bbox 1360 300 1439 326; x_wconf 80' lang='lat' dir='ltr'><strong>{idem</strong></span> <span class='ocrx_word' id='word_1_485' title='bbox 1454 299 1465 326; x_wconf 87' lang='lat'><strong>?</strong></span> <span class='ocrx_word' id='word_1_486' title='bbox 1481 307 1541 326; x_wconf 83' lang='lat' dir='ltr'><strong>nam</strong></span> <span class='ocrx_word' id='word_1_487' title='bbox 1555 299 1685 326; x_wconf 81' lang='lat' dir='ltr'><strong>accedens</strong></span> 
     </span>
    </p>
   </div>
   <div class='ocr_carea' id='block_1_64' title="bbox 902 344 1686 379">
    <p class='ocr_par' dir='ltr' id='par_1_64' title="bbox 902 344 1686 379">
     <span class='ocr_line' id='line_1_64' title="bbox 902 344 1686 379; baseline 0.001 -8"><span class='ocrx_word' id='word_1_488' title='bbox 902 344 1007 379; x_wconf 79' lang='lat' dir='ltr'><strong>rogavit</strong></span> <span class='ocrx_word' id='word_1_489' title='bbox 1024 353 1030 371; x_wconf 90' lang='lat'><strong>:</strong></span> <span class='ocrx_word' id='word_1_490' title='bbox 1047 353 1057 369; x_wconf 73' lang='grc' dir='ltr'><strong>ε</strong></span> <span class='ocrx_word' id='word_1_491' title='bbox 1071 344 1110 370; x_wconf 87' lang='lat' dir='ltr'><strong>Tu</strong></span> <span class='ocrx_word' id='word_1_492' title='bbox 1127 345 1215 372; x_wconf 82' lang='lat' dir='ltr'><strong>credis</strong></span> <span class='ocrx_word' id='word_1_493' title='bbox 1227 345 1252 372; x_wconf 90' lang='lat' dir='ltr'><strong>in</strong></span> <span class='ocrx_word' id='word_1_494' title='bbox 1269 345 1364 372; x_wconf 85' lang='lat' dir='ltr'><strong>Filium</strong></span> <span class='ocrx_word' id='word_1_495' title='bbox 1378 345 1424 372; x_wconf 82' lang='lat' dir='ltr'><strong>Dei</strong></span> <span class='ocrx_word' id='word_1_496' title='bbox 1435 345 1486 372; x_wconf 80' lang='lat' dir='ltr'><strong>?ad</strong></span> <span class='ocrx_word' id='word_1_497' title='bbox 1500 346 1555 372; x_wconf 64' lang='lat' dir='ltr'><strong>hinc</strong></span> <span class='ocrx_word' id='word_1_498' title='bbox 1569 345 1615 372; x_wconf 88' lang='lat' dir='ltr'><strong>illo</strong></span> <span class='ocrx_word' id='word_1_499' title='bbox 1628 345 1686 372; x_wconf 80' lang='lat' dir='ltr'><strong>cla-</strong></span> 
     </span>
    </p>
   </div>
   <div class='ocr_carea' id='block_1_65' title="bbox 903 388 1682 424">
    <p class='ocr_par' dir='ltr' id='par_1_65' title="bbox 903 388 1682 424">
     <span class='ocr_line' id='line_1_65' title="bbox 903 388 1682 424; baseline 0.001 -8"><span class='ocrx_word' id='word_1_500' title='bbox 903 395 993 417; x_wconf 80' lang='lat' dir='ltr'><strong>mante</strong></span> <span class='ocrx_word' id='word_1_501' title='bbox 1011 391 1096 423; x_wconf 84' lang='lat' dir='ltr'><strong>:Quis</strong></span> <span class='ocrx_word' id='word_1_502' title='bbox 1121 394 1172 422; x_wconf 89' lang='lat' dir='ltr'><strong>est,</strong></span> <span class='ocrx_word' id='word_1_503' title='bbox 1191 391 1319 424; x_wconf 80' lang='lat' dir='ltr'><strong>Domine,</strong></span> <span class='ocrx_word' id='word_1_504' title='bbox 1338 396 1367 418; x_wconf 92' lang='lat' dir='ltr'><strong>ut</strong></span> <span class='ocrx_word' id='word_1_505' title='bbox 1388 393 1495 419; x_wconf 80' lang='lat' dir='ltr'><strong>credam</strong></span> <span class='ocrx_word' id='word_1_506' title='bbox 1508 388 1546 418; x_wconf 58' lang='lat' dir='ltr'><strong>&#39;in</strong></span> <span class='ocrx_word' id='word_1_507' title='bbox 1568 399 1628 418; x_wconf 89' lang='lat' dir='ltr'><strong>eum</strong></span> <span class='ocrx_word' id='word_1_508' title='bbox 1642 391 1655 418; x_wconf 68' lang='grc' dir='ltr'><em>ἲ</em></span> <span class='ocrx_word' id='word_1_509' title='bbox 1670 401 1682 417; x_wconf 70' lang='grc' dir='ltr'><strong>ι</strong></span> 
     </span>
    </p>
   </div>
   <div class='ocr_carea' id='block_1_66' title="bbox 903 437 1686 473">
    <p class='ocr_par' dir='ltr' id='par_1_66' title="bbox 903 437 1686 473">
     <span class='ocr_line' id='line_1_66' title="bbox 903 437 1686 473; baseline 0.001 -10"><span class='ocrx_word' id='word_1_510' title='bbox 903 437 970 463; x_wconf 82' lang='lat' dir='ltr'><strong>dixit</strong></span> <span class='ocrx_word' id='word_1_511' title='bbox 987 437 1042 470; x_wconf 84' lang='lat' dir='ltr'><strong>ipse</strong></span> <span class='ocrx_word' id='word_1_512' title='bbox 1060 445 1151 464; x_wconf 84' lang='lat' dir='ltr'><strong>rursus</strong></span> <span class='ocrx_word' id='word_1_513' title='bbox 1168 446 1174 464; x_wconf 79' lang='lat' dir='ltr'><em>z</em></span> <span class='ocrx_word' id='word_1_514' title='bbox 1195 446 1203 462; x_wconf 80' lang='grc' dir='ltr'><strong>ι</strong></span> <span class='ocrx_word' id='word_1_515' title='bbox 1221 437 1251 464; x_wconf 84' lang='grc' dir='ltr'><strong>ΕΙ</strong></span> <span class='ocrx_word' id='word_1_516' title='bbox 1265 437 1352 464; x_wconf 86' lang='lat' dir='ltr'><strong>vidisti</strong></span> <span class='ocrx_word' id='word_1_517' title='bbox 1369 445 1429 464; x_wconf 86' lang='lat' dir='ltr'><strong>eum</strong></span> <span class='ocrx_word' id='word_1_518' title='bbox 1441 458 1448 470; x_wconf 97' lang='lat'><strong>,</strong></span> <span class='ocrx_word' id='word_1_519' title='bbox 1466 443 1493 464; x_wconf 92' lang='lat' dir='ltr'><strong>et</strong></span> <span class='ocrx_word' id='word_1_520' title='bbox 1509 438 1554 473; x_wconf 92' lang='lat' dir='ltr'><strong>qui</strong></span> <span class='ocrx_word' id='word_1_521' title='bbox 1569 438 1686 472; x_wconf 89' lang='lat' dir='ltr'><strong>loquitur</strong></span> 
     </span>
    </p>
   </div>
   <div class='ocr_carea' id='block_1_67' title="bbox 904 481 1686 518">
    <p class='ocr_par' dir='ltr' id='par_1_67' title="bbox 904 481 1686 518">
     <span class='ocr_line' id='line_1_67' title="bbox 904 481 1686 518; baseline 0.003 -11"><span class='ocrx_word' id='word_1_522' title='bbox 904 485 992 508; x_wconf 82' lang='lat' dir='ltr'><strong>tecum</strong></span> <span class='ocrx_word' id='word_1_523' title='bbox 1007 481 1061 515; x_wconf 85' lang='lat' dir='ltr'><strong>ipse</strong></span> <span class='ocrx_word' id='word_1_524' title='bbox 1081 485 1121 508; x_wconf 87' lang='lat' dir='ltr'><strong>est</strong></span> <span class='ocrx_word' id='word_1_525' title='bbox 1135 481 1169 508; x_wconf 83' lang='lat'>&quot;.</span> <span class='ocrx_word' id='word_1_526' title='bbox 1195 491 1203 508; x_wconf 72' lang='grc' dir='ltr'><strong>ι</strong></span> <span class='ocrx_word' id='word_1_527' title='bbox 1224 481 1303 509; x_wconf 85' lang='lat' dir='ltr'><strong>Vides</strong></span> <span class='ocrx_word' id='word_1_528' title='bbox 1313 483 1446 517; x_wconf 88' lang='lat' dir='ltr'><strong>quomodo</strong></span> <span class='ocrx_word' id='word_1_529' title='bbox 1459 490 1513 510; x_wconf 89' lang='lat' dir='ltr'><strong>non</strong></span> <span class='ocrx_word' id='word_1_530' title='bbox 1529 488 1686 518; x_wconf 70' lang='lat' dir='ltr'><strong>gestantem.</strong></span> 
     </span>
    </p>
   </div>
   <div class='ocr_carea' id='block_1_68' title="bbox 904 526 1686 562">
    <p class='ocr_par' dir='ltr' id='par_1_68' title="bbox 904 526 1686 562">
     <span class='ocr_line' id='line_1_68' title="bbox 904 526 1686 562; baseline 0.003 -10"><span class='ocrx_word' id='word_1_531' title='bbox 904 533 957 553; x_wconf 92' lang='lat' dir='ltr'><strong>non</strong></span> <span class='ocrx_word' id='word_1_532' title='bbox 984 527 1055 554; x_wconf 91' lang='lat' dir='ltr'><strong>intus</strong></span> <span class='ocrx_word' id='word_1_533' title='bbox 1070 526 1212 559; x_wconf 85' lang='lat' dir='ltr'><strong>latentem,</strong></span> <span class='ocrx_word' id='word_1_534' title='bbox 1227 527 1274 554; x_wconf 89' lang='lat' dir='ltr'><strong>sed</strong></span> <span class='ocrx_word' id='word_1_535' title='bbox 1298 535 1357 555; x_wconf 86' lang='lat' dir='ltr'><strong>sese</strong></span> <span class='ocrx_word' id='word_1_536' title='bbox 1383 535 1441 555; x_wconf 90' lang='lat' dir='ltr'><strong>cum</strong></span> <span class='ocrx_word' id='word_1_537' title='bbox 1464 535 1546 554; x_wconf 75' lang='lat' dir='ltr'><strong>came</strong></span> <span class='ocrx_word' id='word_1_538' title='bbox 1560 533 1686 562; x_wconf 81' lang='lat' dir='ltr'><strong>tanquam</strong></span> 
     </span>
    </p>
   </div>
   <div class='ocr_carea' id='block_1_69' title="bbox 905 573 1685 608">
    <p class='ocr_par' dir='ltr' id='par_1_69' title="bbox 905 573 1685 608">
     <span class='ocr_line' id='line_1_69' title="bbox 905 573 1685 608; baseline 0.005 -10"><span class='ocrx_word' id='word_1_539' title='bbox 905 580 988 599; x_wconf 91' lang='lat' dir='ltr'><strong>unum</strong></span> <span class='ocrx_word' id='word_1_540' title='bbox 1005 573 1179 600; x_wconf 81' lang='lat' dir='ltr'><strong>ostenderit?</strong></span> <span class='ocrx_word' id='word_1_541' title='bbox 1195 573 1274 601; x_wconf 83' lang='lat' dir='ltr'><strong>Certe</strong></span> <span class='ocrx_word' id='word_1_542' title='bbox 1297 574 1389 601; x_wconf 87' lang='lat' dir='ltr'><strong>beatus</strong></span> <span class='ocrx_word' id='word_1_543' title='bbox 1416 573 1553 602; x_wconf 80' lang='lat' dir='ltr'><strong>Joannes:</strong></span> <span class='ocrx_word' id='word_1_544' title='bbox 1579 585 1587 601; x_wconf 79' lang='grc' dir='ltr'><strong>ι</strong></span> <span class='ocrx_word' id='word_1_545' title='bbox 1610 574 1685 608; x_wconf 87' lang='lat' dir='ltr'><strong>Quod</strong></span> 
     </span>
    </p>
   </div>
   <div class='ocr_carea' id='block_1_70' title="bbox 907 618 1687 655">
    <p class='ocr_par' dir='ltr' id='par_1_70' title="bbox 907 618 1687 655">
     <span class='ocr_line' id='line_1_70' title="bbox 907 618 1687 655; baseline 0.005 -11"><span class='ocrx_word' id='word_1_546' title='bbox 907 618 956 644; x_wconf 83' lang='lat' dir='ltr'><strong>fuit</strong></span> <span class='ocrx_word' id='word_1_547' title='bbox 969 618 1002 645; x_wconf 91' lang='lat' dir='ltr'><strong>ab</strong></span> <span class='ocrx_word' id='word_1_548' title='bbox 1017 618 1103 651; x_wconf 90' lang='lat' dir='ltr'><strong>initio,</strong></span> <span class='ocrx_word' id='word_1_549' title='bbox 1122 619 1217 653; x_wconf 88' lang='lat' dir='ltr'><strong>inquit,</strong></span> <span class='ocrx_word' id='word_1_550' title='bbox 1234 619 1304 653; x_wconf 70' lang='lat' dir='ltr'><strong>(mod</strong></span> <span class='ocrx_word' id='word_1_551' title='bbox 1316 620 1474 652; x_wconf 85' lang='lat' dir='ltr'><strong>audivimus,</strong></span> <span class='ocrx_word' id='word_1_552' title='bbox 1490 620 1560 655; x_wconf 90' lang='lat' dir='ltr'><strong>quod</strong></span> <span class='ocrx_word' id='word_1_553' title='bbox 1572 621 1687 648; x_wconf 82' lang='lat' dir='ltr'><strong>vidimus</strong></span> 
     </span>
    </p>
   </div>
   <div class='ocr_carea' id='block_1_71' title="bbox 905 664 1686 699">
    <p class='ocr_par' dir='ltr' id='par_1_71' title="bbox 905 664 1686 699">
     <span class='ocr_line' id='line_1_71' title="bbox 905 664 1686 699; baseline 0.004 -9"><span class='ocrx_word' id='word_1_554' title='bbox 905 664 989 691; x_wconf 90' lang='lat' dir='ltr'><strong>oculis</strong></span> <span class='ocrx_word' id='word_1_555' title='bbox 1005 664 1105 691; x_wconf 89' lang='lat' dir='ltr'><strong>nostris</strong></span> <span class='ocrx_word' id='word_1_556' title='bbox 1116 684 1124 696; x_wconf 90' lang='lat'><strong>,</strong></span> <span class='ocrx_word' id='word_1_557' title='bbox 1136 666 1205 698; x_wconf 89' lang='lat' dir='ltr'><strong>quod</strong></span> <span class='ocrx_word' id='word_1_558' title='bbox 1219 665 1421 699; x_wconf 86' lang='lat' dir='ltr'><strong>perspeximus,</strong></span> <span class='ocrx_word' id='word_1_559' title='bbox 1432 669 1459 692; x_wconf 89' lang='lat' dir='ltr'><strong>et</strong></span> <span class='ocrx_word' id='word_1_560' title='bbox 1477 673 1570 692; x_wconf 86' lang='lat' dir='ltr'><strong>manus</strong></span> <span class='ocrx_word' id='word_1_561' title='bbox 1588 671 1686 693; x_wconf 60' lang='lat' dir='ltr'><strong>nostra:</strong></span> 
     </span>
    </p>
   </div>
   <div class='ocr_carea' id='block_1_72' title="bbox 905 710 1688 745">
    <p class='ocr_par' dir='ltr' id='par_1_72' title="bbox 905 710 1688 745">
     <span class='ocr_line' id='line_1_72' title="bbox 905 710 1688 745; baseline 0.003 -9"><span class='ocrx_word' id='word_1_562' title='bbox 905 715 1141 737; x_wconf 84' lang='lat' dir='ltr'><strong>contreclaverunt</strong></span> <span class='ocrx_word' id='word_1_563' title='bbox 1151 711 1183 737; x_wconf 90' lang='lat' dir='ltr'><strong>de</strong></span> <span class='ocrx_word' id='word_1_564' title='bbox 1192 710 1279 738; x_wconf 78' lang='lat' dir='ltr'><strong>Verbo</strong></span> <span class='ocrx_word' id='word_1_565' title='bbox 1291 711 1350 737; x_wconf 73' lang='lat' dir='ltr'><strong>vitae</strong></span> <span class='ocrx_word' id='word_1_566' title='bbox 1359 710 1391 737; x_wconf 78' lang='lat'><strong>“.</strong></span> <span class='ocrx_word' id='word_1_567' title='bbox 1408 721 1417 736; x_wconf 74' lang='grc' dir='ltr'><strong>ι</strong></span> <span class='ocrx_word' id='word_1_568' title='bbox 1428 711 1505 745; x_wconf 84' lang='lat' dir='ltr'><strong>Atqui</strong></span> <span class='ocrx_word' id='word_1_569' title='bbox 1515 712 1639 739; x_wconf 86' lang='lat' dir='ltr'><strong>divinitas</strong></span> <span class='ocrx_word' id='word_1_570' title='bbox 1647 717 1688 739; x_wconf 83' lang='lat' dir='ltr'><strong>est</strong></span> 
     </span>
    </p>
   </div>
   <div class='ocr_carea' id='block_1_73' title="bbox 905 755 1687 788">
    <p class='ocr_par' dir='ltr' id='par_1_73' title="bbox 905 755 1687 788">
     <span class='ocr_line' id='line_1_73' title="bbox 905 755 1687 788; baseline 0.005 -7"><span class='ocrx_word' id='word_1_571' title='bbox 905 755 1086 782; x_wconf 86' lang='lat' dir='ltr'><strong>intractabilis</strong></span> <span class='ocrx_word' id='word_1_572' title='bbox 1096 777 1103 788; x_wconf 86' lang='lat'><strong>,</strong></span> <span class='ocrx_word' id='word_1_573' title='bbox 1116 756 1162 783; x_wconf 91' lang='lat' dir='ltr'><strong>sed</strong></span> <span class='ocrx_word' id='word_1_574' title='bbox 1175 755 1288 782; x_wconf 84' lang='lat' dir='ltr'><strong>Verbum</strong></span> <span class='ocrx_word' id='word_1_575' title='bbox 1299 764 1354 783; x_wconf 60' lang='lat' dir='ltr'><strong>sua</strong></span> <span class='ocrx_word' id='word_1_576' title='bbox 1367 756 1456 783; x_wconf 89' lang='lat' dir='ltr'><strong>carnis</strong></span> <span class='ocrx_word' id='word_1_577' title='bbox 1474 757 1574 784; x_wconf 84' lang='lat' dir='ltr'><strong>ratione</strong></span> <span class='ocrx_word' id='word_1_578' title='bbox 1587 762 1687 785; x_wconf 84' lang='lat' dir='ltr'><strong>tracta-</strong></span> 
     </span>
    </p>
   </div>
   <div class='ocr_carea' id='block_1_74' title="bbox 906 800 1688 836">
    <p class='ocr_par' dir='ltr' id='par_1_74' title="bbox 906 800 1688 836">
     <span class='ocr_line' id='line_1_74' title="bbox 906 800 1688 836; baseline 0.004 -9"><span class='ocrx_word' id='word_1_579' title='bbox 906 800 957 827; x_wconf 84' lang='lat' dir='ltr'><strong>bile</strong></span> <span class='ocrx_word' id='word_1_580' title='bbox 968 800 1066 827; x_wconf 82' lang='lat' dir='ltr'><strong>factum</strong></span> <span class='ocrx_word' id='word_1_581' title='bbox 1080 807 1136 828; x_wconf 86' lang='lat' dir='ltr'><strong>est:</strong></span> <span class='ocrx_word' id='word_1_582' title='bbox 1152 801 1283 828; x_wconf 86' lang='lat' dir='ltr'><strong>invisibile</strong></span> <span class='ocrx_word' id='word_1_583' title='bbox 1294 802 1400 836; x_wconf 88' lang='lat' dir='ltr'><strong>quidem</strong></span> <span class='ocrx_word' id='word_1_584' title='bbox 1412 807 1469 829; x_wconf 90' lang='lat' dir='ltr'><strong>erat</strong></span> <span class='ocrx_word' id='word_1_585' title='bbox 1481 803 1625 830; x_wconf 88' lang='lat' dir='ltr'><strong>secundum</strong></span> <span class='ocrx_word' id='word_1_586' title='bbox 1639 811 1688 830; x_wconf 81' lang='lat' dir='ltr'><strong>na-</strong></span> 
     </span>
    </p>
   </div>
   <div class='ocr_carea' id='block_1_75' title="bbox 907 847 1687 882">
    <p class='ocr_par' dir='ltr' id='par_1_75' title="bbox 907 847 1687 882">
     <span class='ocr_line' id='line_1_75' title="bbox 907 847 1687 882; baseline 0.004 -10"><span class='ocrx_word' id='word_1_587' title='bbox 907 850 993 872; x_wconf 87' lang='lat' dir='ltr'><strong>turam</strong></span> <span class='ocrx_word' id='word_1_588' title='bbox 1006 867 1013 879; x_wconf 89' lang='lat'><strong>,</strong></span> <span class='ocrx_word' id='word_1_589' title='bbox 1028 847 1074 873; x_wconf 88' lang='lat' dir='ltr'><strong>sed</strong></span> <span class='ocrx_word' id='word_1_590' title='bbox 1087 847 1232 881; x_wconf 83' lang='lat' dir='ltr'><strong>spectabile</strong></span> <span class='ocrx_word' id='word_1_591' title='bbox 1244 855 1291 882; x_wconf 89' lang='lat' dir='ltr'><strong>per</strong></span> <span class='ocrx_word' id='word_1_592' title='bbox 1307 855 1414 882; x_wconf 88' lang='lat' dir='ltr'><strong>corpus.</strong></span> <span class='ocrx_word' id='word_1_593' title='bbox 1430 848 1464 874; x_wconf 82' lang='lat' dir='ltr'><strong>At</strong></span> <span class='ocrx_word' id='word_1_594' title='bbox 1478 856 1540 875; x_wconf 84' lang='lat' dir='ltr'><strong>vero</strong></span> <span class='ocrx_word' id='word_1_595' title='bbox 1552 853 1579 875; x_wconf 88' lang='lat' dir='ltr'><strong>tu</strong></span> <span class='ocrx_word' id='word_1_596' title='bbox 1596 853 1687 875; x_wconf 81' lang='lat' dir='ltr'><strong>contra</strong></span> 
     </span>
    </p>
   </div>
   <div class='ocr_carea' id='block_1_76' title="bbox 910 892 1689 929">
    <p class='ocr_par' dir='ltr' id='par_1_76' title="bbox 910 892 1689 929">
     <span class='ocr_line' id='line_1_76' title="bbox 910 892 1689 929; baseline 0.005 -12"><span class='ocrx_word' id='word_1_597' title='bbox 910 892 1051 927; x_wconf 75' lang='lat' dir='ltr'><strong>distinguis</strong></span> <span class='ocrx_word' id='word_1_598' title='bbox 1077 894 1200 924; x_wconf 85' lang='lat' dir='ltr'><strong>omnino,</strong></span> <span class='ocrx_word' id='word_1_599' title='bbox 1216 898 1243 920; x_wconf 89' lang='lat' dir='ltr'><strong>et</strong></span> <span class='ocrx_word' id='word_1_600' title='bbox 1270 894 1410 921; x_wconf 81' lang='lat' dir='ltr'><strong>veritatem</strong></span> <span class='ocrx_word' id='word_1_601' title='bbox 1436 894 1490 920; x_wconf 84' lang='lat' dir='ltr'><strong>tuis</strong></span> <span class='ocrx_word' id='word_1_602' title='bbox 1519 894 1689 929; x_wconf 84' lang='lat' dir='ltr'><strong>sophismatis</strong></span> 
     </span>
    </p>
   </div>
   <div class='ocr_carea' id='block_1_77' title="bbox 910 937 1689 974">
    <p class='ocr_par' dir='ltr' id='par_1_77' title="bbox 910 937 1689 974">
     <span class='ocr_line' id='line_1_77' title="bbox 910 937 1689 974; baseline 0.004 -10"><span class='ocrx_word' id='word_1_603' title='bbox 910 937 1008 968; x_wconf 84' lang='lat' dir='ltr'><strong>eludis,</strong></span> <span class='ocrx_word' id='word_1_604' title='bbox 1027 943 1054 965; x_wconf 92' lang='lat' dir='ltr'><strong>ut</strong></span> <span class='ocrx_word' id='word_1_605' title='bbox 1069 946 1195 966; x_wconf 87' lang='lat' dir='ltr'><strong>secernas</strong></span> <span class='ocrx_word' id='word_1_606' title='bbox 1211 944 1319 966; x_wconf 89' lang='lat' dir='ltr'><strong>naturas</strong></span> <span class='ocrx_word' id='word_1_607' title='bbox 1330 961 1337 972; x_wconf 86' lang='lat'><strong>,</strong></span> <span class='ocrx_word' id='word_1_608' title='bbox 1355 945 1382 967; x_wconf 89' lang='lat' dir='ltr'><strong>et</strong></span> <span class='ocrx_word' id='word_1_609' title='bbox 1395 940 1484 973; x_wconf 88' lang='lat' dir='ltr'><strong>unias,</strong></span> <span class='ocrx_word' id='word_1_610' title='bbox 1498 944 1526 966; x_wconf 86' lang='lat' dir='ltr'><strong>ut</strong></span> <span class='ocrx_word' id='word_1_611' title='bbox 1537 940 1594 974; x_wconf 83' lang='lat' dir='ltr'><strong>ipse</strong></span> <span class='ocrx_word' id='word_1_612' title='bbox 1615 947 1689 968; x_wconf 84' lang='lat' dir='ltr'><strong>asse—</strong></span> 
     </span>
    </p>
   </div>
   <div class='ocr_carea' id='block_1_78' title="bbox 911 986 1686 1019">
    <p class='ocr_par' dir='ltr' id='par_1_78' title="bbox 911 986 1686 1019">
     <span class='ocr_line' id='line_1_78' title="bbox 911 986 1686 1019; baseline 0.003 -7"><span class='ocrx_word' id='word_1_613' title='bbox 911 986 959 1018; x_wconf 86' lang='lat' dir='ltr'><strong>ris,</strong></span> <span class='ocrx_word' id='word_1_614' title='bbox 973 986 1166 1013; x_wconf 86' lang='lat' dir='ltr'><strong>adorationem.</strong></span> <span class='ocrx_word' id='word_1_615' title='bbox 1183 986 1235 1014; x_wconf 88' lang='lat' dir='ltr'><strong>Sed</strong></span> <span class='ocrx_word' id='word_1_616' title='bbox 1248 988 1270 1014; x_wconf 88' lang='lat' dir='ltr'><strong>si</strong></span> <span class='ocrx_word' id='word_1_617' title='bbox 1285 987 1381 1014; x_wconf 90' lang='lat' dir='ltr'><strong>dividis</strong></span> <span class='ocrx_word' id='word_1_618' title='bbox 1396 992 1521 1019; x_wconf 85' lang='lat' dir='ltr'><strong>naturas,</strong></span> <span class='ocrx_word' id='word_1_619' title='bbox 1534 987 1613 1014; x_wconf 90' lang='lat' dir='ltr'><strong>simul</strong></span> <span class='ocrx_word' id='word_1_620' title='bbox 1626 995 1686 1014; x_wconf 90' lang='lat' dir='ltr'><strong>cum</strong></span> 
     </span>
    </p>
   </div>
   <div class='ocr_carea' id='block_1_79' title="bbox 911 1031 1690 1067">
    <p class='ocr_par' dir='ltr' id='par_1_79' title="bbox 911 1031 1690 1067">
     <span class='ocr_line' id='line_1_79' title="bbox 911 1031 1690 1067; baseline 0.001 -9"><span class='ocrx_word' id='word_1_621' title='bbox 911 1031 964 1058; x_wconf 69' lang='lat' dir='ltr'><strong>illis</strong></span> <span class='ocrx_word' id='word_1_622' title='bbox 990 1032 1129 1059; x_wconf 81' lang='lat' dir='ltr'><strong>discedent</strong></span> <span class='ocrx_word' id='word_1_623' title='bbox 1150 1033 1229 1060; x_wconf 90' lang='lat' dir='ltr'><strong>etiam</strong></span> <span class='ocrx_word' id='word_1_624' title='bbox 1247 1040 1306 1066; x_wconf 60' lang='lat' dir='ltr'><strong>quae</strong></span> <span class='ocrx_word' id='word_1_625' title='bbox 1326 1033 1432 1067; x_wconf 85' lang='lat' dir='ltr'><strong>utrique</strong></span> <span class='ocrx_word' id='word_1_626' title='bbox 1447 1037 1509 1059; x_wconf 89' lang='lat' dir='ltr'><strong>sunt</strong></span> <span class='ocrx_word' id='word_1_627' title='bbox 1533 1033 1690 1059; x_wconf 82' lang='lat' dir='ltr'><strong>naturaliter</strong></span> 
     </span>
    </p>
   </div>
   <div class='ocr_carea' id='block_1_80' title="bbox 911 1077 1690 1112">
    <p class='ocr_par' dir='ltr' id='par_1_80' title="bbox 911 1077 1690 1112">
     <span class='ocr_line' id='line_1_80' title="bbox 911 1077 1690 1112; baseline 0.001 -8"><span class='ocrx_word' id='word_1_628' title='bbox 911 1078 1019 1112; x_wconf 83' lang='lat' dir='ltr'><strong>propria</strong></span> <span class='ocrx_word' id='word_1_629' title='bbox 1034 1086 1040 1109; x_wconf 93' lang='lat'>;</span> <span class='ocrx_word' id='word_1_630' title='bbox 1060 1078 1166 1105; x_wconf 84' lang='lat' dir='ltr'><strong>recedet</strong></span> <span class='ocrx_word' id='word_1_631' title='bbox 1179 1078 1258 1105; x_wconf 84' lang='lat' dir='ltr'><strong>etiam</strong></span> <span class='ocrx_word' id='word_1_632' title='bbox 1274 1078 1300 1105; x_wconf 90' lang='lat' dir='ltr'><strong>in</strong></span> <span class='ocrx_word' id='word_1_633' title='bbox 1313 1078 1466 1106; x_wconf 86' lang='lat' dir='ltr'><strong>universum</strong></span> <span class='ocrx_word' id='word_1_634' title='bbox 1483 1078 1550 1105; x_wconf 85' lang='lat' dir='ltr'><strong>ratio</strong></span> <span class='ocrx_word' id='word_1_635' title='bbox 1565 1077 1690 1105; x_wconf 84' lang='lat' dir='ltr'><strong>differen-</strong></span> 
     </span>
    </p>
   </div>
   <div class='ocr_carea' id='block_1_81' title="bbox 912 1122 1690 1158">
    <p class='ocr_par' dir='ltr' id='par_1_81' title="bbox 912 1122 1690 1158">
     <span class='ocr_line' id='line_1_81' title="bbox 912 1122 1690 1158; baseline 0.005 -10"><span class='ocrx_word' id='word_1_636' title='bbox 912 1122 976 1149; x_wconf 66' lang='lat' dir='ltr'><strong>tiae:</strong></span> <span class='ocrx_word' id='word_1_637' title='bbox 995 1122 1048 1148; x_wconf 93' lang='lat' dir='ltr'><strong>duo</strong></span> <span class='ocrx_word' id='word_1_638' title='bbox 1074 1127 1152 1150; x_wconf 86' lang='lat' dir='ltr'><strong>erunt</strong></span> <span class='ocrx_word' id='word_1_639' title='bbox 1180 1123 1261 1156; x_wconf 82' lang='lat' dir='ltr'><strong>igitur</strong></span> <span class='ocrx_word' id='word_1_640' title='bbox 1286 1123 1378 1158; x_wconf 87' lang='lat' dir='ltr'><strong>procul</strong></span> <span class='ocrx_word' id='word_1_641' title='bbox 1403 1124 1494 1151; x_wconf 89' lang='lat' dir='ltr'><strong>dubio.</strong></span> <span class='ocrx_word' id='word_1_642' title='bbox 1522 1123 1575 1152; x_wconf 87' lang='lat' dir='ltr'><strong>Sed</strong></span> <span class='ocrx_word' id='word_1_643' title='bbox 1603 1130 1690 1152; x_wconf 88' lang='lat' dir='ltr'><strong>tamen</strong></span> 
     </span>
    </p>
   </div>
   <div class='ocr_carea' id='block_1_82' title="bbox 911 1167 1692 1205">
    <p class='ocr_par' dir='ltr' id='par_1_82' title="bbox 911 1167 1692 1205">
     <span class='ocr_line' id='line_1_82' title="bbox 911 1167 1692 1205; baseline 0.005 -11"><span class='ocrx_word' id='word_1_644' title='bbox 911 1167 1015 1202; x_wconf 86' lang='lat' dir='ltr'><strong>explica</strong></span> <span class='ocrx_word' id='word_1_645' title='bbox 1035 1168 1115 1199; x_wconf 86' lang='lat' dir='ltr'><strong>mihi,</strong></span> <span class='ocrx_word' id='word_1_646' title='bbox 1137 1176 1237 1203; x_wconf 63' lang='lat' dir='ltr'><strong>quaeso,</strong></span> <span class='ocrx_word' id='word_1_647' title='bbox 1263 1169 1326 1203; x_wconf 85' lang='lat' dir='ltr'><strong>quid</strong></span> <span class='ocrx_word' id='word_1_648' title='bbox 1352 1169 1415 1196; x_wconf 91' lang='lat' dir='ltr'><strong>illud</strong></span> <span class='ocrx_word' id='word_1_649' title='bbox 1432 1170 1468 1197; x_wconf 89' lang='lat' dir='ltr'><strong>sit</strong></span> <span class='ocrx_word' id='word_1_650' title='bbox 1488 1170 1557 1205; x_wconf 88' lang='lat' dir='ltr'><strong>quod</strong></span> <span class='ocrx_word' id='word_1_651' title='bbox 1581 1175 1692 1199; x_wconf 85' lang='lat' dir='ltr'><strong>naturas</strong></span> 
     </span>
    </p>
   </div>
   <div class='ocr_carea' id='block_1_83' title="bbox 912 1212 1690 1246">
    <p class='ocr_par' dir='ltr' id='par_1_83' title="bbox 912 1212 1690 1246">
     <span class='ocr_line' id='line_1_83' title="bbox 912 1212 1690 1246; baseline 0.004 -7"><span class='ocrx_word' id='word_1_652' title='bbox 912 1212 982 1239; x_wconf 89' lang='lat' dir='ltr'><strong>inter</strong></span> <span class='ocrx_word' id='word_1_653' title='bbox 995 1219 1025 1239; x_wconf 88' lang='lat' dir='ltr'><strong>se</strong></span> <span class='ocrx_word' id='word_1_654' title='bbox 1042 1212 1143 1245; x_wconf 87' lang='lat' dir='ltr'><strong>divisit,</strong></span> <span class='ocrx_word' id='word_1_655' title='bbox 1164 1213 1224 1246; x_wconf 89' lang='lat' dir='ltr'><strong>quis</strong></span> <span class='ocrx_word' id='word_1_656' title='bbox 1243 1214 1307 1240; x_wconf 87' lang='lat' dir='ltr'><strong>item</strong></span> <span class='ocrx_word' id='word_1_657' title='bbox 1325 1213 1483 1242; x_wconf 67' lang='lat' dir='ltr'><strong>diﬂ‘erentim</strong></span> <span class='ocrx_word' id='word_1_658' title='bbox 1507 1216 1611 1243; x_wconf 86' lang='lat' dir='ltr'><strong>modus.</strong></span> <span class='ocrx_word' id='word_1_659' title='bbox 1638 1215 1690 1242; x_wconf 85' lang='lat' dir='ltr'><strong>Sed</strong></span> 
     </span>
    </p>
   </div>
   <div class='ocr_carea' id='block_1_84' title="bbox 912 1258 1690 1295">
    <p class='ocr_par' dir='ltr' id='par_1_84' title="bbox 912 1258 1690 1295">
     <span class='ocr_line' id='line_1_84' title="bbox 912 1258 1690 1295; baseline 0.005 -11"><span class='ocrx_word' id='word_1_660' title='bbox 912 1258 984 1285; x_wconf 89' lang='lat' dir='ltr'><strong>dices</strong></span> <span class='ocrx_word' id='word_1_661' title='bbox 996 1259 1116 1289; x_wconf 86' lang='lat' dir='ltr'><strong>omnino.</strong></span> <span class='ocrx_word' id='word_1_662' title='bbox 1133 1259 1204 1286; x_wconf 82' lang='lat' dir='ltr'><strong>aliud</strong></span> <span class='ocrx_word' id='word_1_663' title='bbox 1223 1266 1283 1287; x_wconf 86' lang='lat' dir='ltr'><strong>esse</strong></span> <span class='ocrx_word' id='word_1_664' title='bbox 1298 1268 1331 1287; x_wconf 79' lang='lat' dir='ltr'><strong>ex</strong></span> <span class='ocrx_word' id='word_1_665' title='bbox 1352 1260 1408 1294; x_wconf 89' lang='lat' dir='ltr'><strong>ipsa</strong></span> <span class='ocrx_word' id='word_1_666' title='bbox 1429 1265 1522 1287; x_wconf 87' lang='lat' dir='ltr'><strong>natura</strong></span> <span class='ocrx_word' id='word_1_667' title='bbox 1543 1262 1690 1295; x_wconf 85' lang='lat' dir='ltr'><strong>hominem,</strong></span> 
     </span>
    </p>
   </div>
   <div class='ocr_carea' id='block_1_85' title="bbox 911 1304 1690 1340">
    <p class='ocr_par' dir='ltr' id='par_1_85' title="bbox 911 1304 1690 1340">
     <span class='ocr_line' id='line_1_85' title="bbox 911 1304 1690 1340; baseline 0.006 -11"><span class='ocrx_word' id='word_1_668' title='bbox 911 1310 959 1330; x_wconf 85' lang='lat' dir='ltr'><strong>seu</strong></span> <span class='ocrx_word' id='word_1_669' title='bbox 979 1304 1189 1336; x_wconf 89' lang='lat' dir='ltr'><strong>humanitatem,</strong></span> <span class='ocrx_word' id='word_1_670' title='bbox 1210 1305 1280 1332; x_wconf 89' lang='lat' dir='ltr'><strong>aliud</strong></span> <span class='ocrx_word' id='word_1_671' title='bbox 1300 1304 1401 1338; x_wconf 84' lang='lat' dir='ltr'><strong>Deum,</strong></span> <span class='ocrx_word' id='word_1_672' title='bbox 1423 1306 1479 1333; x_wconf 87' lang='lat' dir='ltr'><strong>sive</strong></span> <span class='ocrx_word' id='word_1_673' title='bbox 1501 1307 1690 1340; x_wconf 84' lang='lat' dir='ltr'><strong>divinitatem;</strong></span> 
     </span>
    </p>
   </div>
   <div class='ocr_carea' id='block_1_86' title="bbox 912 1347 1693 1387">
    <p class='ocr_par' dir='ltr' id='par_1_86' title="bbox 912 1347 1693 1387">
     <span class='ocr_line' id='line_1_86' title="bbox 912 1347 1693 1387; baseline 0.008 -13"><span class='ocrx_word' id='word_1_674' title='bbox 912 1347 966 1382; x_wconf 78' lang='lat'><strong>58</strong></span> <span class='ocrx_word' id='word_1_675' title='bbox 983 1353 1011 1375; x_wconf 91' lang='lat' dir='ltr'><strong>et</strong></span> <span class='ocrx_word' id='word_1_676' title='bbox 1031 1349 1099 1376; x_wconf 91' lang='lat' dir='ltr'><strong>hanc</strong></span> <span class='ocrx_word' id='word_1_677' title='bbox 1130 1350 1236 1384; x_wconf 89' lang='lat' dir='ltr'><strong>quidem</strong></span> <span class='ocrx_word' id='word_1_678' title='bbox 1261 1358 1321 1377; x_wconf 84' lang='lat' dir='ltr'><strong>esse</strong></span> <span class='ocrx_word' id='word_1_679' title='bbox 1340 1351 1422 1378; x_wconf 82' lang='lat' dir='ltr'><strong>altera</strong></span> <span class='ocrx_word' id='word_1_680' title='bbox 1450 1352 1693 1387; x_wconf 81' lang='lat' dir='ltr'><strong>incomparabiliter</strong></span> 
     </span>
    </p>
   </div>
   <div class='ocr_carea' id='block_1_87' title="bbox 912 1393 1694 1431">
    <p class='ocr_par' dir='ltr' id='par_1_87' title="bbox 912 1393 1694 1431">
     <span class='ocr_line' id='line_1_87' title="bbox 912 1393 1694 1431; baseline 0.006 -12"><span class='ocrx_word' id='word_1_681' title='bbox 912 1393 1075 1427; x_wconf 78' lang='lat' dir='ltr'><strong>superiorem</strong></span> <span class='ocrx_word' id='word_1_682' title='bbox 1088 1413 1095 1426; x_wconf 94' lang='lat'><strong>,</strong></span> <span class='ocrx_word' id='word_1_683' title='bbox 1109 1393 1180 1420; x_wconf 89' lang='lat' dir='ltr'><strong>illam</strong></span> <span class='ocrx_word' id='word_1_684' title='bbox 1208 1402 1302 1421; x_wconf 91' lang='lat' dir='ltr'><strong>rursus</strong></span> <span class='ocrx_word' id='word_1_685' title='bbox 1330 1399 1405 1422; x_wconf 88' lang='lat' dir='ltr'><strong>tanto</strong></span> <span class='ocrx_word' id='word_1_686' title='bbox 1426 1397 1575 1428; x_wconf 87' lang='lat' dir='ltr'><strong>minorem,</strong></span> <span class='ocrx_word' id='word_1_687' title='bbox 1595 1403 1694 1431; x_wconf 83' lang='lat' dir='ltr'><strong>quanto</strong></span> 
     </span>
    </p>
   </div>
   <div class='ocr_carea' id='block_1_88' title="bbox 911 1438 1692 1476">
    <p class='ocr_par' dir='ltr' id='par_1_88' title="bbox 911 1438 1692 1476">
     <span class='ocr_line' id='line_1_88' title="bbox 911 1438 1692 1476; baseline 0.006 -12"><span class='ocrx_word' id='word_1_688' title='bbox 911 1438 947 1465; x_wconf 86' lang='lat' dir='ltr'><strong>sit</strong></span> <span class='ocrx_word' id='word_1_689' title='bbox 966 1439 1045 1464; x_wconf 92' lang='lat' dir='ltr'><strong>homo</strong></span> <span class='ocrx_word' id='word_1_690' title='bbox 1060 1439 1112 1465; x_wconf 91' lang='lat' dir='ltr'><strong>[)eo</strong></span> <span class='ocrx_word' id='word_1_691' title='bbox 1138 1439 1258 1466; x_wconf 78' lang='lat' dir='ltr'><strong>inferior.</strong></span> <span class='ocrx_word' id='word_1_692' title='bbox 1285 1439 1424 1472; x_wconf 83' lang='lat' dir='ltr'><strong>Quomodo</strong></span> <span class='ocrx_word' id='word_1_693' title='bbox 1442 1441 1536 1475; x_wconf 74' lang='lat' dir='ltr'><strong>igitur,</strong></span> <span class='ocrx_word' id='word_1_694' title='bbox 1553 1441 1596 1469; x_wconf 87' lang='lat' dir='ltr'><strong>die</strong></span> <span class='ocrx_word' id='word_1_695' title='bbox 1617 1443 1692 1476; x_wconf 80' lang='lat' dir='ltr'><strong>mihi,</strong></span> 
     </span>
    </p>
   </div>
   <div class='ocr_carea' id='block_1_89' title="bbox 912 1485 1693 1521">
    <p class='ocr_par' dir='ltr' id='par_1_89' title="bbox 912 1485 1693 1521">
     <span class='ocr_line' id='line_1_89' title="bbox 912 1485 1693 1521; baseline 0.004 -10"><span class='ocrx_word' id='word_1_696' title='bbox 912 1492 964 1511; x_wconf 85' lang='lat' dir='ltr'><strong>una</strong></span> <span class='ocrx_word' id='word_1_697' title='bbox 978 1485 1133 1512; x_wconf 87' lang='lat' dir='ltr'><strong>adoratione</strong></span> <span class='ocrx_word' id='word_1_698' title='bbox 1147 1490 1226 1520; x_wconf 87' lang='lat' dir='ltr'><strong>putas</strong></span> <span class='ocrx_word' id='word_1_699' title='bbox 1239 1485 1404 1519; x_wconf 79' lang='lat' dir='ltr'><strong>honoranda,</strong></span> <span class='ocrx_word' id='word_1_700' title='bbox 1423 1493 1481 1521; x_wconf 60' lang='lat' dir='ltr'><strong>quin</strong></span> <span class='ocrx_word' id='word_1_701' title='bbox 1501 1487 1570 1513; x_wconf 83' lang='lat' dir='ltr'><strong>inter</strong></span> <span class='ocrx_word' id='word_1_702' title='bbox 1583 1494 1612 1514; x_wconf 86' lang='lat' dir='ltr'><strong>se</strong></span> <span class='ocrx_word' id='word_1_703' title='bbox 1627 1487 1693 1514; x_wconf 86' lang='lat' dir='ltr'><strong>adeo</strong></span> 
     </span>
    </p>
   </div>
   <div class='ocr_carea' id='block_1_90' title="bbox 913 1530 1694 1565">
    <p class='ocr_par' dir='ltr' id='par_1_90' title="bbox 913 1530 1694 1565">
     <span class='ocr_line' id='line_1_90' title="bbox 913 1530 1694 1565; baseline 0.004 -7"><span class='ocrx_word' id='word_1_704' title='bbox 913 1535 976 1558; x_wconf 89' lang='lat' dir='ltr'><strong>sunt</strong></span> <span class='ocrx_word' id='word_1_705' title='bbox 1005 1530 1128 1565; x_wconf 69' lang='lat' dir='ltr'><strong>inaequali</strong></span> <span class='ocrx_word' id='word_1_706' title='bbox 1149 1536 1259 1563; x_wconf 85' lang='lat' dir='ltr'><strong>natura,</strong></span> <span class='ocrx_word' id='word_1_707' title='bbox 1286 1536 1313 1558; x_wconf 89' lang='lat' dir='ltr'><strong>et</strong></span> <span class='ocrx_word' id='word_1_708' title='bbox 1337 1532 1461 1560; x_wconf 59' lang='lat' dir='ltr'><strong>essentia:</strong></span> <span class='ocrx_word' id='word_1_709' title='bbox 1496 1532 1599 1560; x_wconf 80' lang='lat' dir='ltr'><strong>ratione</strong></span> <span class='ocrx_word' id='word_1_710' title='bbox 1628 1533 1694 1561; x_wconf 80' lang='lat' dir='ltr'><strong>adeo</strong></span> 
     </span>
    </p>
   </div>
   <div class='ocr_carea' id='block_1_91' title="bbox 914 1576 1695 1611">
    <p class='ocr_par' dir='ltr' id='par_1_91' title="bbox 914 1576 1695 1611">
     <span class='ocr_line' id='line_1_91' title="bbox 914 1576 1695 1611; baseline 0.005 -8"><span class='ocrx_word' id='word_1_711' title='bbox 914 1577 1026 1603; x_wconf 62' lang='lat' dir='ltr'><strong>diversis</strong></span> <span class='ocrx_word' id='word_1_712' title='bbox 1038 1576 1194 1604; x_wconf 81' lang='lat' dir='ltr'><strong>ditl&#39;erentiis</strong></span> <span class='ocrx_word' id='word_1_713' title='bbox 1211 1577 1334 1611; x_wconf 78' lang='lat' dir='ltr'><strong>abiuneta</strong></span> <span class='ocrx_word' id='word_1_714' title='bbox 1349 1578 1361 1604; x_wconf 81' lang='lat'><strong>?</strong></span> <span class='ocrx_word' id='word_1_715' title='bbox 1377 1578 1415 1605; x_wconf 78' lang='lat' dir='ltr'><strong>An</strong></span> <span class='ocrx_word' id='word_1_716' title='bbox 1428 1586 1490 1605; x_wconf 90' lang='lat' dir='ltr'><strong>vero</strong></span> <span class='ocrx_word' id='word_1_717' title='bbox 1502 1579 1523 1606; x_wconf 91' lang='lat' dir='ltr'><strong>si</strong></span> <span class='ocrx_word' id='word_1_718' title='bbox 1537 1585 1695 1607; x_wconf 74' lang='lat' dir='ltr'><strong>ornamenta</strong></span> 
     </span>
    </p>
   </div>
   <div class='ocr_carea' id='block_1_92' title="bbox 914 1622 1693 1660">
    <p class='ocr_par' dir='ltr' id='par_1_92' title="bbox 914 1622 1693 1660">
     <span class='ocr_line' id='line_1_92' title="bbox 914 1622 1693 1660; baseline 0.005 -12"><span class='ocrx_word' id='word_1_719' title='bbox 914 1622 1030 1649; x_wconf 89' lang='lat' dir='ltr'><strong>hominis</strong></span> <span class='ocrx_word' id='word_1_720' title='bbox 1049 1630 1117 1657; x_wconf 90' lang='lat' dir='ltr'><strong>equo</strong></span> <span class='ocrx_word' id='word_1_721' title='bbox 1133 1623 1331 1657; x_wconf 86' lang='lat' dir='ltr'><strong>circulnponas,</strong></span> <span class='ocrx_word' id='word_1_722' title='bbox 1349 1624 1494 1659; x_wconf 84' lang='lat' dir='ltr'><strong>quidquam</strong></span> <span class='ocrx_word' id='word_1_723' title='bbox 1514 1623 1611 1652; x_wconf 78' lang='lat' dir='ltr'><strong>eﬁicies</strong></span> <span class='ocrx_word' id='word_1_724' title='bbox 1622 1627 1693 1660; x_wconf 85' lang='lat' dir='ltr'><strong>quod</strong></span> 
     </span>
    </p>
   </div>
   <div class='ocr_carea' id='block_1_93' title="bbox 914 1667 1694 1703">
    <p class='ocr_par' dir='ltr' id='par_1_93' title="bbox 914 1667 1694 1703">
     <span class='ocr_line' id='line_1_93' title="bbox 914 1667 1694 1703; baseline 0.004 -9"><span class='ocrx_word' id='word_1_725' title='bbox 914 1668 949 1694; x_wconf 92' lang='lat' dir='ltr'><strong>illi</strong></span> <span class='ocrx_word' id='word_1_726' title='bbox 967 1667 1072 1694; x_wconf 86' lang='lat' dir='ltr'><strong>laudem</strong></span> <span class='ocrx_word' id='word_1_727' title='bbox 1093 1667 1211 1695; x_wconf 80' lang='lat' dir='ltr'><strong>afferat?</strong></span> <span class='ocrx_word' id='word_1_728' title='bbox 1231 1677 1264 1695; x_wconf 91' lang='lat' dir='ltr'><strong>an</strong></span> <span class='ocrx_word' id='word_1_729' title='bbox 1281 1669 1369 1703; x_wconf 80' lang='lat' dir='ltr'><strong>potius</strong></span> <span class='ocrx_word' id='word_1_730' title='bbox 1384 1669 1446 1696; x_wconf 93' lang='lat' dir='ltr'><strong>illud</strong></span> <span class='ocrx_word' id='word_1_731' title='bbox 1467 1669 1639 1698; x_wconf 83' lang='lat' dir='ltr'><strong>excellentius</strong></span> <span class='ocrx_word' id='word_1_732' title='bbox 1652 1670 1694 1697; x_wconf 83' lang='lat' dir='ltr'><strong>af-</strong></span> 
     </span>
    </p>
   </div>
   <div class='ocr_carea' id='block_1_94' title="bbox 914 1714 1695 1751">
    <p class='ocr_par' dir='ltr' id='par_1_94' title="bbox 914 1714 1695 1751">
     <span class='ocr_line' id='line_1_94' title="bbox 914 1714 1695 1751; baseline 0.004 -11"><span class='ocrx_word' id='word_1_733' title='bbox 914 1714 988 1740; x_wconf 85' lang='lat' dir='ltr'><strong>ﬁcies</strong></span> <span class='ocrx_word' id='word_1_734' title='bbox 1004 1714 1099 1748; x_wconf 87' lang='lat' dir='ltr'><strong>injuria</strong></span> <span class='ocrx_word' id='word_1_735' title='bbox 1110 1735 1118 1746; x_wconf 81' lang='lat'><strong>,</strong></span> <span class='ocrx_word' id='word_1_736' title='bbox 1129 1721 1190 1741; x_wconf 86' lang='lat' dir='ltr'><strong>cum</strong></span> <span class='ocrx_word' id='word_1_737' title='bbox 1206 1715 1417 1748; x_wconf 66' lang='lat' dir='ltr'><strong>praestantiorem</strong></span> <span class='ocrx_word' id='word_1_738' title='bbox 1435 1720 1556 1743; x_wconf 85' lang='lat' dir='ltr'><strong>naturam</strong></span> <span class='ocrx_word' id='word_1_739' title='bbox 1580 1716 1606 1743; x_wconf 88' lang='lat' dir='ltr'><strong>in</strong></span> <span class='ocrx_word' id='word_1_740' title='bbox 1620 1716 1695 1751; x_wconf 77' lang='lat' dir='ltr'><strong>igno-</strong></span> 
     </span>
    </p>
   </div>
   <div class='ocr_carea' id='block_1_95' title="bbox 915 1759 1695 1796">
    <p class='ocr_par' dir='ltr' id='par_1_95' title="bbox 915 1759 1695 1796">
     <span class='ocr_line' id='line_1_95' title="bbox 915 1759 1695 1796; baseline 0.005 -11"><span class='ocrx_word' id='word_1_741' title='bbox 915 1759 1024 1786; x_wconf 74' lang='lat' dir='ltr'><strong>miniam</strong></span> <span class='ocrx_word' id='word_1_742' title='bbox 1044 1760 1170 1786; x_wconf 87' lang='lat' dir='ltr'><strong>detrahas</strong></span> <span class='ocrx_word' id='word_1_743' title='bbox 1185 1760 1258 1786; x_wconf 82' lang='lat' dir='ltr'><strong>?Sed</strong></span> <span class='ocrx_word' id='word_1_744' title='bbox 1271 1765 1378 1787; x_wconf 88' lang='lat' dir='ltr'><strong>acutum</strong></span> <span class='ocrx_word' id='word_1_745' title='bbox 1390 1760 1516 1795; x_wconf 82' lang='lat' dir='ltr'><strong>quiddam</strong></span> <span class='ocrx_word' id='word_1_746' title='bbox 1531 1761 1563 1788; x_wconf 93' lang='lat' dir='ltr'><strong>ad</strong></span> <span class='ocrx_word' id='word_1_747' title='bbox 1584 1769 1695 1796; x_wconf 83' lang='lat' dir='ltr'><strong>respon-</strong></span> 
     </span>
    </p>
   </div>
   <div class='ocr_carea' id='block_1_96' title="bbox 915 1806 1365 1839">
    <p class='ocr_par' dir='ltr' id='par_1_96' title="bbox 915 1806 1365 1839">
     <span class='ocr_line' id='line_1_96' title="bbox 915 1806 1365 1839; baseline -0.004 -6"><span class='ocrx_word' id='word_1_748' title='bbox 915 1806 1030 1833; x_wconf 88' lang='lat' dir='ltr'><strong>dendum</strong></span> <span class='ocrx_word' id='word_1_749' title='bbox 1044 1806 1143 1832; x_wconf 88' lang='lat' dir='ltr'><strong>invenit</strong></span> <span class='ocrx_word' id='word_1_750' title='bbox 1160 1815 1167 1839; x_wconf 88' lang='lat'><strong>;</strong></span> <span class='ocrx_word' id='word_1_751' title='bbox 1185 1806 1258 1832; x_wconf 84' lang='lat' dir='ltr'><strong>addit</strong></span> <span class='ocrx_word' id='word_1_752' title='bbox 1274 1806 1365 1833; x_wconf 86' lang='lat' dir='ltr'><strong>enim:</strong></span> 
     </span>
    </p>
   </div>
   <div class='ocr_carea' id='block_1_97' title="bbox 951 1849 1700 1886">
    <p class='ocr_par' dir='ltr' id='par_1_97' title="bbox 951 1849 1700 1886">
     <span class='ocr_line' id='line_1_97' title="bbox 951 1849 1700 1886; baseline 0.004 -10"><span class='ocrx_word' id='word_1_753' title='bbox 951 1849 1082 1884; x_wconf 66' lang='lat' dir='ltr'><strong>[Nm-ron.</strong></span> <span class='ocrx_word' id='word_1_754' title='bbox 1104 1850 1161 1877; x_wconf 85' lang='lat' dir='ltr'><strong>Non</strong></span> <span class='ocrx_word' id='word_1_755' title='bbox 1175 1854 1215 1877; x_wconf 87' lang='lat' dir='ltr'><strong>est</strong></span> <span class='ocrx_word' id='word_1_756' title='bbox 1238 1858 1286 1885; x_wconf 88' lang='lat' dir='ltr'><strong>per</strong></span> <span class='ocrx_word' id='word_1_757' title='bbox 1310 1858 1340 1878; x_wconf 90' lang='lat' dir='ltr'><strong>se</strong></span> <span class='ocrx_word' id='word_1_758' title='bbox 1357 1850 1426 1878; x_wconf 83' lang='lat' dir='ltr'><strong>Deus</strong></span> <span class='ocrx_word' id='word_1_759' title='bbox 1437 1850 1507 1886; x_wconf 90' lang='lat' dir='ltr'><strong>quod</strong></span> <span class='ocrx_word' id='word_1_760' title='bbox 1523 1856 1565 1878; x_wconf 84' lang='lat' dir='ltr'><strong>est</strong></span> <span class='ocrx_word' id='word_1_761' title='bbox 1579 1851 1606 1878; x_wconf 89' lang='lat' dir='ltr'><strong>in</strong></span> <span class='ocrx_word' id='word_1_762' title='bbox 1623 1856 1700 1880; x_wconf 85' lang='lat' dir='ltr'><strong>utero</strong></span> 
     </span>
    </p>
   </div>
   <div class='ocr_carea' id='block_1_98' title="bbox 917 1893 1698 1931">
    <p class='ocr_par' dir='ltr' id='par_1_98' title="bbox 917 1893 1698 1931">
     <span class='ocr_line' id='line_1_98' title="bbox 917 1893 1698 1931; baseline 0.004 -10"><span class='ocrx_word' id='word_1_763' title='bbox 917 1894 1060 1922; x_wconf 79' lang='lat' dir='ltr'><strong>formatum</strong></span> <span class='ocrx_word' id='word_1_764' title='bbox 1081 1904 1089 1927; x_wconf 88' lang='lat'>;</span> <span class='ocrx_word' id='word_1_765' title='bbox 1108 1903 1160 1922; x_wconf 91' lang='lat' dir='ltr'><strong>non</strong></span> <span class='ocrx_word' id='word_1_766' title='bbox 1172 1901 1212 1923; x_wconf 90' lang='lat' dir='ltr'><strong>est</strong></span> <span class='ocrx_word' id='word_1_767' title='bbox 1223 1897 1318 1930; x_wconf 83' lang='lat' dir='ltr'><strong>per‘se</strong></span> <span class='ocrx_word' id='word_1_768' title='bbox 1335 1897 1404 1923; x_wconf 88' lang='lat' dir='ltr'><strong>Deus</strong></span> <span class='ocrx_word' id='word_1_769' title='bbox 1419 1898 1488 1931; x_wconf 91' lang='lat' dir='ltr'><strong>quod</strong></span> <span class='ocrx_word' id='word_1_770' title='bbox 1502 1902 1543 1924; x_wconf 88' lang='lat' dir='ltr'><strong>est</strong></span> <span class='ocrx_word' id='word_1_771' title='bbox 1554 1893 1698 1924; x_wconf 73' lang='lat' dir='ltr'><strong>formatum</strong></span> 
     </span>
    </p>
   </div>
   <div class='ocr_carea' id='block_1_99' title="bbox 917 1941 1700 1978">
    <p class='ocr_par' dir='ltr' id='par_1_99' title="bbox 917 1941 1700 1978">
     <span class='ocr_line' id='line_1_99' title="bbox 917 1941 1700 1978; baseline 0.004 -11"><span class='ocrx_word' id='word_1_772' title='bbox 917 1949 931 1967; x_wconf 77' lang='grc' dir='ltr'><strong>ο</strong></span> <span class='ocrx_word' id='word_1_773' title='bbox 945 1941 1046 1976; x_wconf 83' lang='lat' dir='ltr'><strong>Spiritu</strong></span> <span class='ocrx_word' id='word_1_774' title='bbox 1063 1950 1070 1968; x_wconf 83' lang='lat'><strong>:</strong></span> <span class='ocrx_word' id='word_1_775' title='bbox 1087 1949 1138 1968; x_wconf 91' lang='lat' dir='ltr'><strong>non</strong></span> <span class='ocrx_word' id='word_1_776' title='bbox 1153 1947 1194 1969; x_wconf 87' lang='lat' dir='ltr'><strong>est</strong></span> <span class='ocrx_word' id='word_1_777' title='bbox 1216 1949 1263 1976; x_wconf 88' lang='lat' dir='ltr'><strong>per</strong></span> <span class='ocrx_word' id='word_1_778' title='bbox 1282 1950 1310 1970; x_wconf 81' lang='lat' dir='ltr'><strong>se</strong></span> <span class='ocrx_word' id='word_1_779' title='bbox 1330 1943 1400 1970; x_wconf 88' lang='lat' dir='ltr'><strong>Deus</strong></span> <span class='ocrx_word' id='word_1_780' title='bbox 1420 1943 1492 1978; x_wconf 92' lang='lat' dir='ltr'><strong>quod</strong></span> <span class='ocrx_word' id='word_1_781' title='bbox 1507 1943 1639 1976; x_wconf 82' lang='lat' dir='ltr'><strong>sepultum</strong></span> <span class='ocrx_word' id='word_1_782' title='bbox 1658 1948 1700 1970; x_wconf 79' lang='lat' dir='ltr'><strong>est</strong></span> 
     </span>
    </p>
   </div>
   <div class='ocr_carea' id='block_1_100' title="bbox 918 1987 1701 2022">
    <p class='ocr_par' dir='ltr' id='par_1_100' title="bbox 918 1987 1701 2022">
     <span class='ocr_line' id='line_1_100' title="bbox 918 1987 1701 2022; baseline 0.004 -9"><span class='ocrx_word' id='word_1_783' title='bbox 918 1987 944 2014; x_wconf 91' lang='lat' dir='ltr'><strong>iu</strong></span> <span class='ocrx_word' id='word_1_784' title='bbox 970 1993 1157 2019; x_wconf 79' lang='lat' dir='ltr'><strong>monumento,</strong></span> <span class='ocrx_word' id='word_1_785' title='bbox 1191 1988 1288 2022; x_wconf 86' lang='lat' dir='ltr'><strong>alioqui</strong></span> <span class='ocrx_word' id='word_1_786' title='bbox 1315 1996 1435 2016; x_wconf 84' lang='lat' dir='ltr'><strong>essemus</strong></span> <span class='ocrx_word' id='word_1_787' title='bbox 1464 1988 1647 2021; x_wconf 77' lang='lat' dir='ltr'><strong>hominicolae,</strong></span> <span class='ocrx_word' id='word_1_788' title='bbox 1673 1996 1701 2016; x_wconf 83' lang='lat' dir='ltr'><strong>et</strong></span> 
     </span>
    </p>
   </div>
   <div class='ocr_carea' id='block_1_101' title="bbox 918 2031 1701 2068">
    <p class='ocr_par' dir='ltr' id='par_1_101' title="bbox 918 2031 1701 2068">
     <span class='ocr_line' id='line_1_101' title="bbox 918 2031 1701 2068; baseline 0.004 -11"><span class='ocrx_word' id='word_1_789' title='bbox 918 2031 1108 2058; x_wconf 78' lang='lat' dir='ltr'><strong>cadavericolze</strong></span> <span class='ocrx_word' id='word_1_790' title='bbox 1132 2032 1278 2060; x_wconf 82' lang='lat' dir='ltr'><strong>manifesti.</strong></span> <span class='ocrx_word' id='word_1_791' title='bbox 1304 2033 1358 2060; x_wconf 83' lang='lat' dir='ltr'><strong>Sed</strong></span> <span class='ocrx_word' id='word_1_792' title='bbox 1374 2033 1437 2068; x_wconf 86' lang='lat' dir='ltr'><strong>quia</strong></span> <span class='ocrx_word' id='word_1_793' title='bbox 1453 2037 1493 2061; x_wconf 85' lang='lat' dir='ltr'><strong>est</strong></span> <span class='ocrx_word' id='word_1_794' title='bbox 1516 2034 1542 2060; x_wconf 91' lang='lat' dir='ltr'><strong>in</strong></span> <span class='ocrx_word' id='word_1_795' title='bbox 1564 2039 1701 2068; x_wconf 87' lang='lat' dir='ltr'><strong>assumpto</strong></span> 
     </span>
    </p>
   </div>
   <div class='ocr_carea' id='block_1_102' title="bbox 919 2077 1700 2114">
    <p class='ocr_par' dir='ltr' id='par_1_102' title="bbox 919 2077 1700 2114">
     <span class='ocr_line' id='line_1_102' title="bbox 919 2077 1700 2114; baseline 0.004 -11"><span class='ocrx_word' id='word_1_796' title='bbox 919 2077 1007 2111; x_wconf 86' lang='lat' dir='ltr'><strong>Dens,</strong></span> <span class='ocrx_word' id='word_1_797' title='bbox 1027 2085 1058 2104; x_wconf 85' lang='lat' dir='ltr'><strong>ex</strong></span> <span class='ocrx_word' id='word_1_798' title='bbox 1072 2083 1227 2105; x_wconf 88' lang='lat' dir='ltr'><strong>assumente</strong></span> <span class='ocrx_word' id='word_1_799' title='bbox 1251 2078 1296 2112; x_wconf 91' lang='lat' dir='ltr'><strong>qui</strong></span> <span class='ocrx_word' id='word_1_800' title='bbox 1317 2083 1357 2105; x_wconf 88' lang='lat' dir='ltr'><strong>est</strong></span> <span class='ocrx_word' id='word_1_801' title='bbox 1384 2084 1553 2113; x_wconf 86' lang='lat' dir='ltr'><strong>assumptus,</strong></span> <span class='ocrx_word' id='word_1_802' title='bbox 1574 2084 1700 2114; x_wconf 85' lang='lat' dir='ltr'><strong>tanquam</strong></span> 
     </span>
    </p>
   </div>
   <div class='ocr_carea' id='block_1_103' title="bbox 919 2122 1624 2159">
    <p class='ocr_par' dir='ltr' id='par_1_103' title="bbox 919 2122 1624 2159">
     <span class='ocr_line' id='line_1_103' title="bbox 919 2122 1624 2159; baseline 0.004 -11"><span class='ocrx_word' id='word_1_803' title='bbox 919 2123 1066 2150; x_wconf 87' lang='lat' dir='ltr'><strong>assumenli</strong></span> <span class='ocrx_word' id='word_1_804' title='bbox 1079 2122 1248 2156; x_wconf 76' lang='lat' dir='ltr'><strong>coniunctus,</strong></span> <span class='ocrx_word' id='word_1_805' title='bbox 1265 2123 1343 2150; x_wconf 87' lang='lat' dir='ltr'><strong>simul</strong></span> <span class='ocrx_word' id='word_1_806' title='bbox 1354 2123 1502 2158; x_wconf 84' lang='lat' dir='ltr'><strong>appellatur</strong></span> <span class='ocrx_word' id='word_1_807' title='bbox 1521 2124 1600 2151; x_wconf 89' lang='lat' dir='ltr'><strong>Deus.</strong></span> <span class='ocrx_word' id='word_1_808' title='bbox 1613 2123 1624 2159; x_wconf 90' lang='grc'><strong>]</strong></span> 
     </span>
    </p>
   </div>
   <div class='ocr_carea' id='block_1_104' title="bbox 1236 2188 1381 2217">
    <p class='ocr_par' dir='ltr' id='par_1_104' title="bbox 1236 2188 1381 2217">
     <span class='ocr_line' id='line_1_104' title="bbox 1236 2188 1381 2217; baseline -0.007 0"><span class='ocrx_word' id='word_1_809' title='bbox 1236 2189 1311 2217; x_wconf 76' lang='lat' dir='ltr'><strong>CAP.</strong></span> <span class='ocrx_word' id='word_1_810' title='bbox 1325 2188 1381 2216; x_wconf 75' lang='grc' dir='ltr'><strong>ΧΠ.</strong></span> 
     </span>
    </p>
   </div>
   <div class='ocr_carea' id='block_1_105' title="bbox 959 2257 1701 2293">
    <p class='ocr_par' dir='ltr' id='par_1_105' title="bbox 959 2257 1701 2293">
     <span class='ocr_line' id='line_1_105' title="bbox 959 2257 1701 2293; baseline 0 -9"><span class='ocrx_word' id='word_1_811' title='bbox 959 2258 1026 2285; x_wconf 86' lang='lat' dir='ltr'><strong>Ecce</strong></span> <span class='ocrx_word' id='word_1_812' title='bbox 1040 2257 1094 2292; x_wconf 84' lang='lat' dir='ltr'><strong>jam</strong></span> <span class='ocrx_word' id='word_1_813' title='bbox 1108 2265 1212 2286; x_wconf 91' lang='lat' dir='ltr'><strong>rursum</strong></span> <span class='ocrx_word' id='word_1_814' title='bbox 1226 2258 1305 2286; x_wconf 81' lang='lat' dir='ltr'><strong>nobis</strong></span> <span class='ocrx_word' id='word_1_815' title='bbox 1316 2258 1360 2293; x_wconf 89' lang='lat' dir='ltr'><strong>qui</strong></span> <span class='ocrx_word' id='word_1_816' title='bbox 1373 2257 1586 2292; x_wconf 73' lang='lat' dir='ltr'><strong>coniunctionem</strong></span> <span class='ocrx_word' id='word_1_817' title='bbox 1603 2257 1701 2292; x_wconf 81' lang='lat' dir='ltr'><strong>ubique</strong></span> 
     </span>
    </p>
   </div>
   <div class='ocr_carea' id='block_1_106' title="bbox 921 2302 1701 2336">
    <p class='ocr_par' dir='ltr' id='par_1_106' title="bbox 921 2302 1701 2336">
     <span class='ocr_line' id='line_1_106' title="bbox 921 2302 1701 2336; baseline -0.001 -7"><span class='ocrx_word' id='word_1_818' title='bbox 921 2303 1056 2336; x_wconf 84' lang='lat' dir='ltr'><strong>nominat,</strong></span> <span class='ocrx_word' id='word_1_819' title='bbox 1080 2308 1108 2330; x_wconf 83' lang='lat' dir='ltr'><strong>et</strong></span> <span class='ocrx_word' id='word_1_820' title='bbox 1137 2303 1251 2330; x_wconf 89' lang='lat' dir='ltr'><strong>hominis</strong></span> <span class='ocrx_word' id='word_1_821' title='bbox 1278 2303 1380 2330; x_wconf 88' lang='lat' dir='ltr'><strong>colendi</strong></span> <span class='ocrx_word' id='word_1_822' title='bbox 1406 2303 1506 2330; x_wconf 89' lang='lat' dir='ltr'><strong>crimen</strong></span> <span class='ocrx_word' id='word_1_823' title='bbox 1534 2302 1701 2334; x_wconf 79' lang='lat' dir='ltr'><strong>reformidat,</strong></span> 
     </span>
    </p>
   </div>
   <div class='ocr_carea' id='block_1_107' title="bbox 924 2349 1702 2384">
    <p class='ocr_par' dir='ltr' id='par_1_107' title="bbox 924 2349 1702 2384">
     <span class='ocr_line' id='line_1_107' title="bbox 924 2349 1702 2384; baseline 0 -9"><span class='ocrx_word' id='word_1_824' title='bbox 924 2349 1082 2376; x_wconf 79' lang='lat' dir='ltr'><strong>hominicoia</strong></span> <span class='ocrx_word' id='word_1_825' title='bbox 1098 2357 1156 2376; x_wconf 88' lang='lat' dir='ltr'><strong>esse</strong></span> <span class='ocrx_word' id='word_1_826' title='bbox 1169 2349 1347 2382; x_wconf 86' lang='lat' dir='ltr'><strong>convincitur,</strong></span> <span class='ocrx_word' id='word_1_827' title='bbox 1366 2356 1473 2384; x_wconf 62' lang='lat' dir='ltr'><strong>suaeque</strong></span> <span class='ocrx_word' id='word_1_828' title='bbox 1495 2349 1583 2383; x_wconf 68' lang='lat' dir='ltr'><strong>impias</strong></span> <span class='ocrx_word' id='word_1_829' title='bbox 1599 2349 1702 2383; x_wconf 76' lang='lat' dir='ltr'><strong>cogita—</strong></span> 
     </span>
    </p>
   </div>
   <div class='ocr_carea' id='block_1_108' title="bbox 924 2394 1702 2429">
    <p class='ocr_par' dir='ltr' id='par_1_108' title="bbox 924 2394 1702 2429">
     <span class='ocr_line' id='line_1_108' title="bbox 924 2394 1702 2429; baseline 0.001 -9"><span class='ocrx_word' id='word_1_830' title='bbox 924 2395 1004 2421; x_wconf 79' lang='lat' dir='ltr'><strong>tionis</strong></span> <span class='ocrx_word' id='word_1_831' title='bbox 1030 2394 1132 2429; x_wconf 87' lang='lat' dir='ltr'><strong>laqueis</strong></span> <span class='ocrx_word' id='word_1_832' title='bbox 1160 2395 1311 2429; x_wconf 88' lang='lat' dir='ltr'><strong>implicalus</strong></span> <span class='ocrx_word' id='word_1_833' title='bbox 1327 2399 1450 2427; x_wconf 85' lang='lat' dir='ltr'><strong>tenetur,</strong></span> <span class='ocrx_word' id='word_1_834' title='bbox 1469 2395 1532 2421; x_wconf 89' lang='lat' dir='ltr'><strong>etin</strong></span> <span class='ocrx_word' id='word_1_835' title='bbox 1552 2394 1702 2428; x_wconf 85' lang='lat' dir='ltr'><strong>improbum</strong></span> 
     </span>
    </p>
   </div>
   <div class='ocr_carea' id='block_1_109' title="bbox 924 2440 1704 2475">
    <p class='ocr_par' dir='ltr' id='par_1_109' title="bbox 924 2440 1704 2475">
     <span class='ocr_line' id='line_1_109' title="bbox 924 2440 1704 2475; baseline -0.001 -8"><span class='ocrx_word' id='word_1_836' title='bbox 924 2449 1031 2467; x_wconf 86' lang='lat' dir='ltr'><strong>sensum</strong></span> <span class='ocrx_word' id='word_1_837' title='bbox 1045 2441 1133 2475; x_wconf 86' lang='lat' dir='ltr'><strong>lapsus</strong></span> <span class='ocrx_word' id='word_1_838' title='bbox 1144 2441 1349 2474; x_wconf 89' lang='lat' dir='ltr'><strong>deprehenditur</strong></span> <span class='ocrx_word' id='word_1_839' title='bbox 1364 2448 1370 2466; x_wconf 90' lang='lat'><strong>:</strong></span> <span class='ocrx_word' id='word_1_840' title='bbox 1388 2448 1448 2466; x_wconf 88' lang='lat' dir='ltr'><strong>nam</strong></span> <span class='ocrx_word' id='word_1_841' title='bbox 1463 2440 1488 2466; x_wconf 93' lang='lat' dir='ltr'><strong>id</strong></span> <span class='ocrx_word' id='word_1_842' title='bbox 1498 2440 1568 2474; x_wconf 90' lang='lat' dir='ltr'><strong>quod</strong></span> <span class='ocrx_word' id='word_1_843' title='bbox 1582 2447 1615 2467; x_wconf 73' lang='lat' dir='ltr'><strong>ex</strong></span> <span class='ocrx_word' id='word_1_844' title='bbox 1628 2445 1704 2466; x_wconf 80' lang='lat' dir='ltr'><strong>utero</strong></span> 
     </span>
    </p>
   </div>
   <div class='ocr_carea' id='block_1_110' title="bbox 926 2486 1706 2520">
    <p class='ocr_par' dir='ltr' id='par_1_110' title="bbox 926 2486 1706 2520">
     <span class='ocr_line' id='line_1_110' title="bbox 926 2486 1706 2520; baseline -0.001 -7"><span class='ocrx_word' id='word_1_845' title='bbox 926 2491 969 2513; x_wconf 83' lang='lat' dir='ltr'><strong>est</strong></span> <span class='ocrx_word' id='word_1_846' title='bbox 979 2487 1080 2513; x_wconf 87' lang='lat' dir='ltr'><strong>&#39;editum</strong></span> <span class='ocrx_word' id='word_1_847' title='bbox 1090 2505 1098 2518; x_wconf 88' lang='lat'><strong>,</strong></span> <span class='ocrx_word' id='word_1_848' title='bbox 1113 2486 1215 2520; x_wconf 86' lang='lat' dir='ltr'><strong>inquit,</strong></span> <span class='ocrx_word' id='word_1_849' title='bbox 1238 2494 1289 2513; x_wconf 92' lang='lat' dir='ltr'><strong>non</strong></span> <span class='ocrx_word' id='word_1_850' title='bbox 1313 2494 1360 2520; x_wconf 89' lang='lat' dir='ltr'><strong>per</strong></span> <span class='ocrx_word' id='word_1_851' title='bbox 1375 2493 1405 2513; x_wconf 88' lang='lat' dir='ltr'><strong>se</strong></span> <span class='ocrx_word' id='word_1_852' title='bbox 1419 2486 1488 2512; x_wconf 82' lang='lat' dir='ltr'><strong>Deus</strong></span> <span class='ocrx_word' id='word_1_853' title='bbox 1501 2490 1551 2512; x_wconf 85' lang='lat' dir='ltr'><strong>est.</strong></span> <span class='ocrx_word' id='word_1_854' title='bbox 1581 2486 1706 2513; x_wconf 85' lang='lat' dir='ltr'><strong>Admiror</strong></span> 
     </span>
    </p>
   </div>
   <div class='ocr_carea' id='block_1_111' title="bbox 928 2531 1705 2567">
    <p class='ocr_par' dir='ltr' id='par_1_111' title="bbox 928 2531 1705 2567">
     <span class='ocr_line' id='line_1_111' title="bbox 928 2531 1705 2567; baseline -0.001 -8"><span class='ocrx_word' id='word_1_855' title='bbox 928 2532 1050 2566; x_wconf 87' lang='lat' dir='ltr'><strong>equidem</strong></span> <span class='ocrx_word' id='word_1_856' title='bbox 1066 2537 1137 2559; x_wconf 87' lang='lat' dir='ltr'><strong>tuam</strong></span> <span class='ocrx_word' id='word_1_857' title='bbox 1154 2532 1223 2559; x_wconf 88' lang='lat' dir='ltr'><strong>hanc</strong></span> <span class='ocrx_word' id='word_1_858' title='bbox 1234 2531 1381 2563; x_wconf 81' lang='lat' dir='ltr'><strong>solertiam,</strong></span> <span class='ocrx_word' id='word_1_859' title='bbox 1397 2537 1424 2559; x_wconf 91' lang='lat' dir='ltr'><strong>et</strong></span> <span class='ocrx_word' id='word_1_860' title='bbox 1438 2531 1535 2558; x_wconf 88' lang='lat' dir='ltr'><strong>subtile</strong></span> <span class='ocrx_word' id='word_1_861' title='bbox 1550 2532 1616 2558; x_wconf 87' lang='lat' dir='ltr'><strong>adeo</strong></span> <span class='ocrx_word' id='word_1_862' title='bbox 1630 2531 1705 2567; x_wconf 81' lang='lat' dir='ltr'><strong>inge-</strong></span> 
     </span>
    </p>
   </div>
   <div class='ocr_carea' id='block_1_112' title="bbox 929 2577 1707 2612">
    <p class='ocr_par' dir='ltr' id='par_1_112' title="bbox 929 2577 1707 2612">
     <span class='ocr_line' id='line_1_112' title="bbox 929 2577 1707 2612; baseline 0.001 -9"><span class='ocrx_word' id='word_1_863' title='bbox 929 2579 1012 2605; x_wconf 90' lang='lat' dir='ltr'><strong>nium.</strong></span> <span class='ocrx_word' id='word_1_864' title='bbox 1033 2577 1098 2610; x_wconf 84' lang='lat' dir='ltr'><strong>Quis</strong></span> <span class='ocrx_word' id='word_1_865' title='bbox 1125 2579 1196 2605; x_wconf 88' lang='lat' dir='ltr'><strong>enim</strong></span> <span class='ocrx_word' id='word_1_866' title='bbox 1217 2585 1326 2612; x_wconf 90' lang='lat' dir='ltr'><strong>prorsus</strong></span> <span class='ocrx_word' id='word_1_867' title='bbox 1353 2578 1405 2605; x_wconf 83' lang='lat' dir='ltr'><strong>hoc</strong></span> <span class='ocrx_word' id='word_1_868' title='bbox 1424 2578 1514 2604; x_wconf 86' lang='lat' dir='ltr'><strong>dicere</strong></span> <span class='ocrx_word' id='word_1_869' title='bbox 1536 2582 1577 2604; x_wconf 84' lang='lat' dir='ltr'><strong>est</strong></span> <span class='ocrx_word' id='word_1_870' title='bbox 1603 2578 1707 2605; x_wconf 83' lang='lat' dir='ltr'><strong>ausus?</strong></span> 
     </span>
    </p>
   </div>
   <div class='ocr_carea' id='block_1_113' title="bbox 928 2623 1708 2658">
    <p class='ocr_par' dir='ltr' id='par_1_113' title="bbox 928 2623 1708 2658">
     <span class='ocr_line' id='line_1_113' title="bbox 928 2623 1708 2658; baseline -0.001 -9"><span class='ocrx_word' id='word_1_871' title='bbox 928 2629 975 2650; x_wconf 87' lang='lat' dir='ltr'><strong>aut</strong></span> <span class='ocrx_word' id='word_1_872' title='bbox 1001 2624 1062 2658; x_wconf 86' lang='lat' dir='ltr'><strong>quis</strong></span> <span class='ocrx_word' id='word_1_873' title='bbox 1093 2623 1224 2658; x_wconf 77' lang='lat' dir='ltr'><strong>ignoravit</strong></span> <span class='ocrx_word' id='word_1_874' title='bbox 1259 2630 1374 2657; x_wconf 87' lang='lat' dir='ltr'><strong>unquam</strong></span> <span class='ocrx_word' id='word_1_875' title='bbox 1399 2623 1470 2657; x_wconf 90' lang='lat' dir='ltr'><strong>quod</strong></span> <span class='ocrx_word' id='word_1_876' title='bbox 1496 2627 1586 2650; x_wconf 82' lang='lat' dir='ltr'><strong>natum</strong></span> <span class='ocrx_word' id='word_1_877' title='bbox 1612 2627 1653 2649; x_wconf 86' lang='lat' dir='ltr'><strong>est</strong></span> <span class='ocrx_word' id='word_1_878' title='bbox 1675 2629 1708 2648; x_wconf 84' lang='lat' dir='ltr'><strong>ex</strong></span> 
     </span>
    </p>
   </div>
   <div class='ocr_carea' id='block_1_114' title="bbox 928 2667 1706 2703">
    <p class='ocr_par' dir='ltr' id='par_1_114' title="bbox 928 2667 1706 2703">
     <span class='ocr_line' id='line_1_114' title="bbox 928 2667 1706 2703; baseline -0.004 -7"><span class='ocrx_word' id='word_1_879' title='bbox 928 2677 1018 2701; x_wconf 83' lang='lat' dir='ltr'><strong>carne.</strong></span> <span class='ocrx_word' id='word_1_880' title='bbox 1035 2677 1143 2697; x_wconf 80' lang='lat' dir='ltr'><strong>carnem</strong></span> <span class='ocrx_word' id='word_1_881' title='bbox 1158 2677 1217 2696; x_wconf 85' lang='lat' dir='ltr'><strong>esse</strong></span> <span class='ocrx_word' id='word_1_882' title='bbox 1231 2670 1242 2695; x_wconf 76' lang='grc' dir='ltr'><strong>τ</strong></span> <span class='ocrx_word' id='word_1_883' title='bbox 1256 2668 1308 2696; x_wconf 88' lang='lat' dir='ltr'><strong>Sed</strong></span> <span class='ocrx_word' id='word_1_884' title='bbox 1323 2674 1411 2695; x_wconf 79' lang='lat' dir='ltr'><strong>tamen</strong></span> <span class='ocrx_word' id='word_1_885' title='bbox 1426 2673 1484 2696; x_wconf 89' lang='lat' dir='ltr'><strong>erat</strong></span> <span class='ocrx_word' id='word_1_886' title='bbox 1499 2669 1604 2703; x_wconf 85' lang='lat' dir='ltr'><strong>propria</strong></span> <span class='ocrx_word' id='word_1_887' title='bbox 1615 2667 1706 2698; x_wconf 76' lang='lat' dir='ltr'><strong>Verbi,</strong></span> 
     </span>
    </p>
   </div>
   <div class='ocr_carea' id='block_1_115' title="bbox 928 2715 1706 2749">
    <p class='ocr_par' dir='ltr' id='par_1_115' title="bbox 928 2715 1706 2749">
     <span class='ocr_line' id='line_1_115' title="bbox 928 2715 1706 2749; baseline -0.005 -5"><span class='ocrx_word' id='word_1_888' title='bbox 928 2721 956 2744; x_wconf 86' lang='lat' dir='ltr'><strong>et</strong></span> <span class='ocrx_word' id='word_1_889' title='bbox 971 2724 1039 2744; x_wconf 79' lang='lat' dir='ltr'><strong>unus</strong></span> <span class='ocrx_word' id='word_1_890' title='bbox 1052 2723 1110 2743; x_wconf 88' lang='lat' dir='ltr'><strong>cum</strong></span> <span class='ocrx_word' id='word_1_891' title='bbox 1126 2716 1169 2743; x_wconf 90' lang='lat' dir='ltr'><strong>illa</strong></span> <span class='ocrx_word' id='word_1_892' title='bbox 1185 2716 1352 2749; x_wconf 74' lang='lat' dir='ltr'><strong>intelligitur,</strong></span> <span class='ocrx_word' id='word_1_893' title='bbox 1362 2719 1392 2741; x_wconf 91' lang='lat' dir='ltr'><strong>ut</strong></span> <span class='ocrx_word' id='word_1_894' title='bbox 1403 2715 1494 2749; x_wconf 90' lang='lat' dir='ltr'><strong>procul</strong></span> <span class='ocrx_word' id='word_1_895' title='bbox 1510 2715 1600 2748; x_wconf 88' lang='lat' dir='ltr'><strong>dubio,</strong></span> <span class='ocrx_word' id='word_1_896' title='bbox 1612 2721 1706 2749; x_wconf 88' lang='lat' dir='ltr'><strong>quem-</strong></span> 
     </span>
    </p>
   </div>
   <div class='ocr_carea' id='block_1_116' title="bbox 930 2761 1707 2797">
    <p class='ocr_par' dir='ltr' id='par_1_116' title="bbox 930 2761 1707 2797">
     <span class='ocr_line' id='line_1_116' title="bbox 930 2761 1707 2797; baseline -0.003 -9"><span class='ocrx_word' id='word_1_897' title='bbox 930 2762 1074 2790; x_wconf 86' lang='lat' dir='ltr'><strong>admodum</strong></span> <span class='ocrx_word' id='word_1_898' title='bbox 1097 2765 1219 2797; x_wconf 84' lang='lat' dir='ltr'><strong>superius</strong></span> <span class='ocrx_word' id='word_1_899' title='bbox 1241 2763 1370 2796; x_wconf 79' lang='lat' dir='ltr'><strong>diximus,</strong></span> <span class='ocrx_word' id='word_1_900' title='bbox 1385 2762 1464 2790; x_wconf 81' lang='lat' dir='ltr'><strong>etiam</strong></span> <span class='ocrx_word' id='word_1_901' title='bbox 1486 2762 1602 2789; x_wconf 88' lang='lat' dir='ltr'><strong>hominis</strong></span> <span class='ocrx_word' id='word_1_902' title='bbox 1620 2761 1707 2788; x_wconf 70' lang='lat' dir='ltr'><strong>animo</strong></span> 
     </span>
    </p>
   </div>
   <div class='ocr_carea' id='block_1_117' title="bbox 1488 2893 1535 2941">
    <p class='ocr_par' dir='ltr' id='par_1_117' title="bbox 1488 2893 1535 2941">
     <span class='ocr_line' id='line_1_117' title="bbox 1488 2893 1535 2941; baseline 0 -19"><span class='ocrx_word' id='word_1_903' title='bbox 1488 2938 1489 2941; x_wconf 13' lang='grc' dir='ltr'>Ἴ</span> <span class='ocrx_word' id='word_1_904' title='bbox 1519 2893 1535 2922; x_wconf 71' lang='grc'>4</span> 
     </span>
    </p>
   </div>
  </div>
