1883 3054
170 157 228 184 .107

674 154 702 181 S.
723 152 858 180 CYRILLI
876 150 1107 178 ALEXANDRINI
1129 150 1288 178 ARCHIEP.

1745 150 1799 177 ωδ

166 223 237 242 cum
249 222 298 242 suo
309 221 420 249 corpore
434 222 443 242 :
461 221 524 250 ergo
537 213 558 241 si
572 212 705 248 quispiam
714 212 747 239 de
760 211 837 238 nobis
848 218 909 245 quot

1056 218 1094 242 τις
1111 210 1197 236 ἕλοιτο
1214 209 1259 236 καὶ
1274 209 1314 243 ἐφ’
1329 209 1406 244 ἡμῶν
1421 209 1517 241 εἰπεῖν,
1536 209 1586 236 οὐκ
1604 209 1752 245 ἄνθρωπος
1765 208 1799 234 τὸ

177 261 268 288 dicere
299 260 380 293 velit,
410 268 464 287 non
494 266 555 286 esse
584 259 720 286 hominem
745 257 832 292 ipsum
858 264 957 291 corpus

175 314 223 341 per
243 314 291 336 se.
320 313 409 334 nonne
430 305 598 340 superﬂuens
622 304 648 331 in
669 311 794 331 sermone
817 307 844 330 et
869 310 957 337 nugax

176 352 272 380 merito
299 351 427 379 dicetur?
443 351 534 385 Neque
559 350 630 377 enim
653 350 794 384 quisquam
813 353 958 384 negaturus

175 403 216 426 est
241 399 327 432 ipsum
347 405 397 432 per
423 404 452 424 se
467 404 564 430 corpus
580 404 632 423 non
655 403 716 423 esse
741 395 894 426 hominem,
910 394 957 422 sed

175 445 263 478 potius
285 443 400 470 hominis
421 450 518 477 corpus
537 442 601 469 dici.
627 442 679 469 Sed
694 449 773 468 nemo
786 446 875 468 tamen
890 441 958 469 duas

175 489 202 516 in
217 492 307 523 partes
323 487 463 519 dividens,
481 495 513 514 ac
536 486 648 514 seorsim
670 493 772 520 ponens
790 486 906 513 animam
931 489 958 513 et

175 542 290 569 corpus,
302 533 399 561 dixerit
423 541 541 567 unquam
559 539 657 566 corpus
679 532 773 559 eodem
791 539 851 558 cum
868 531 957 558 anima

175 580 300 614 appellari
316 579 422 607 nomine
435 579 467 605 ad
482 585 564 605 unum
581 577 717 604 hominem
729 578 933 613 signiﬁcandum
947 585 955 608 ;

175 633 262 659 neque
281 625 353 652 enim
375 629 453 658 aptus
468 624 519 651 erit
533 623 663 659 ejusmodi
685 631 790 656 sermo,
803 622 848 650 sed
870 623 958 657 potius

175 671 317 706 imperitia:
333 670 436 705 plenus.
455 670 507 697 Sed
521 677 581 697 cum
595 674 737 703 utrumque
749 669 896 696 sectmdunt
909 676 957 695 ua-

176 716 288 743 turalem
302 715 425 742 unionem
437 714 607 749 conjuuxerit
622 715 655 742 ad
670 715 749 741 unius
764 714 879 741 hominis
893 721 958 741 con-

172 763 349 794 stitutionem,
365 766 419 788 tum
436 762 541 788 demum
569 760 703 788 hominem
726 761 879 796 appellabit.
907 767 957 787 nec

172 807 309 835 videbitur
320 806 409 841 inepte
417 806 585 841 absurdeque
594 807 692 834 dicere.
702 805 827 842 Oportuit
838 813 913 840 ergo,
932 805 955 833 si

174 853 283 880 omnino
295 851 402 886 sapiens
414 852 494 878 homo
503 853 640 886 solersque
648 856 705 879 erat
715 872 722 884 ,
737 859 834 885 corpus
848 852 954 886 quidem

174 899 237 926 illud
244 905 277 925 ex
288 884 400 924 muliere
410 897 509 929 dicere.
523 902 550 925 et
561 884 670 932 insuper
683 897 771 930 fateri,
782 884 845 924 illud
855 884 956 924 unitate
971 884 992 912 Β

175 943 322 971 secundum
357 942 521 978 hypostasim
560 950 622 970 cum
655 942 743 970 Verbo
771 943 954 977 coniunctum,

175 996 258 1015 unum
291 987 428 1014 Christum
462 991 489 1013 et
514 986 614 1013 Filium
641 991 668 1013 et
695 986 836 1014 Dominum
865 987 955 1013 absol-

174 1036 262 1066 visse,
290 1033 417 1060 eumdem
454 1031 533 1060 simul
573 1037 602 1060 et
626 1032 709 1059 Deum
748 1037 775 1060 et
807 1032 954 1060 hominem.

168 1078 228 1114 .59
239 1078 314 1106 Nunc
332 1085 396 1105 vero
418 1078 469 1105 hoc
489 1078 601 1110 omisso,
625 1085 749 1112 perversa
765 1077 885 1112 graditur
901 1077 954 1110 via,

166 1125 207 1151 .de
228 1129 301 1151 recta
321 1124 465 1157 decedens,
489 1130 521 1150 ac
543 1123 610 1150 duos
635 1122 712 1150 nobis
735 1125 800 1151 deos
816 1123 954 1158 prmdicat,

175 1177 256 1197 unum
277 1169 423 1197 secundum
442 1173 566 1195 naturam
582 1176 614 1196 ac
629 1169 781 1202 veritatem,
797 1169 862 1196 illud
880 1169 956 1196 uimi-

171 1223 233 1243 rum
255 1222 288 1242 ex
311 1215 370 1242 'Deo
396 1214 476 1242 Patre
499 1213 635 1248 Verbum;
661 1215 743 1242 alium
768 1223 832 1243 vero
858 1220 956 1250 praeter

169 1262 255 1293 hunc,
278 1260 324 1294 qui
340 1260 419 1287 simul
434 1268 495 1287 cum
511 1268 544 1288 eo
566 1260 638 1289 Deus
654 1261 812 1295 appellatur.
829 1261 866 1289 Ut
881 1261 953 1288 enim

167 1313 251 1333 nemo
270 1305 355 1332 nostri
383 1306 491 1340 generis
515 1306 615 1333 dicitur
630 1314 691 1333 cum
715 1315 746 1333 se
771 1307 828 1341 ipso
851 1312 879 1334 et
895 1307 954 1334 solo

171 1352 337 1383 conversari,
358 1352 432 1379 verbi
446 1351 544 1386 gratia,
558 1351 605 1379 sed
628 1359 688 1379 cum
712 1352 796 1380 altero
810 1360 953 1380 conversa-

171 1401 225 1430 tur,
243 1404 274 1424 ac
294 1397 317 1424 si
331 1404 410 1431 quem
425 1405 440 1436 (ξ
451 1397 567 1424 terrenis
582 1397 689 1432 regibus
698 1399 840 1432 quisquam
855 1399 954 1427 dixerit

169 1443 251 1471 simul
276 1451 337 1470 cum
365 1444 455 1478 seipso
480 1450 603 1478 regnare,
617 1444 679 1478 jure
701 1445 736 1472 sit
766 1445 902 1477 ridendus,
926 1449 954 1472 et

171 1488 325 1522 uugabitur,
349 1489 411 1514 dum
429 1488 499 1522 quod
525 1489 558 1514 dc
575 1495 628 1515 uno
653 1488 765 1524 soloque
781 1489 890 1522 dicitur,
912 1489 953 1517 sic

1008 256 1087 290 σῶμα
1101 256 1161 282 καθ’
1177 255 1266 287 ἑαυτὸ,
1280 255 1310 281 οὐ
1325 255 1450 289 περιττὸς
1464 255 1504 286 είς
1519 255 1615 289 λόγους
1631 255 1679 282 καὶ
1692 254 1800 281 εἰκαιό-

1009 302 1093 336 μυθος
1112 301 1272 336 ὀνομάζοιτο
1295 300 1328 327 ἂν
1345 301 1474 333 εἰκότωςς
1501 301 1661 335 ’Δρνὴσεται
1677 301 1733 335 γὰρ
1749 300 1800 326 οὺ-

1007 347 1073 379 δεὶς,
1091 347 1132 372 ὅτι
1155 346 1192 381 μὴ
1207 345 1350 382 ἄνθρωπος
1368 346 1399 372 τὸ
1420 345 1500 381 σῶμα
1523 346 1584 372 καθ’
1603 346 1696 377 ἑαυτὸ,
1714 346 1799 380 σῶμα

1007 393 1036 419 δὲ
1053 393 1153 427 μᾶλλον
1167 392 1310 428 ἀνθρώπου
1334 391 1433 426 λέγοιτ⁹
1449 391 1491 418 ἄν.
1510 391 1582 426 Πλὴν
1600 391 1631 417 οὐ
1652 391 1715 425 δίχα
1734 391 1799 416 δια-

1006 439 1108 474 τεμὼν,
1126 440 1172 465 καὶ
1186 439 1237 466 ἀνὰ
1264 438 1346 474 μέρος
1369 437 1454 469 τιθεὶς
1467 437 1556 473 ψυχήν
1578 446 1608 464 τε
1630 438 1677 464 καὶ
1699 437 1797 472 σῶμα,

1007 485 1074 519 φαίη
1094 493 1135 516 τις
1156 485 1200 516 ἂν,
1224 484 1266 510 ὅτι
1293 485 1493 519 συγχρηματιεῖ
1507 485 1538 510 τδ
1560 483 1641 518 σῶμα
1657 485 1690 518 τῇ
1718 484 1798 518 ψυχῇ

1010 531 1080 566 πρὸς
1102 531 1161 561 ἑνὸς
1184 529 1327 563 ἀνθρώπου
1351 529 1482 564 δήλωσιν·
1504 530 1546 564 εἴη
1567 529 1622 565 γὰρ
1640 530 1674 557 ἄν
1694 531 1747 556 οὐκ
1765 530 1799 555 ὲν

1007 577 1102 612 κόσμῳ
1125 576 1308 612 γεγενημένος
1326 577 1341 603 ὸ
1354 576 1455 603 τοιόσδε
1478 576 1570 610 λόγος,
1585 576 1685 610 μᾶλλον
1698 576 1728 602 δὲ
1747 576 1798 602 xui.

1006 622 1126 658 ἀμαθίας
1135 622 1270 657 ἔμπλεως.
1281 622 1381 656 Ἄμφω
1391 631 1421 656 γε
1433 622 1486 657 μὴν
1496 622 1556 648 καθ’
1564 622 1661 648 ἕνωσιν
1671 622 1796 657 φυσικὴν

1007 668 1178 703 συνενεγκὼν
1196 669 1236 700 εἰς
1253 669 1311 700 ἑνὸς
1334 668 1478 704 ἀνθρώπου
1498 669 1643 700 σύστασιν,
1659 669 1722 695 τότε
1747 671 1798 695 καὶ

1005 715 1148 750 ἄνθρωπον
1162 714 1302 750 ὀνομάσει·
1322 714 1368 741 καὶ
1385 714 1438 741 κᾶν
1455 714 1510 749 [Ian
1522 714 1571 740 οὐκ
1585 713 1628 750 ἂν]
1643 714 1716 741 οὕτω
1729 715 1797 751 δόξῃ

1005 759 1165 794 ἀσύμφυλόν
1176 768 1205 786 τε
1218 760 1265 786 καὶ
1277 759 1392 790 ἀκαλλὲς
1405 760 1501 786 εἰπεῖν.
1510 759 1583 786 Ἔδει
1596 759 1696 791 τοίνυν,
1713 760 1796 794 εἴπερ

1004 813 1047 836 τις
1062 803 1096 840 ἦν
1113 805 1180 834 ὅλως
1194 804 1274 839 σοφός
1291 813 1320 831 τε
1337 805 1385 831 καὶ
1401 804 1538 839 νουνεχὴς,
1555 804 1635 840 σῶμα
1645 805 1745 835 εἰπεῖν,
1764 805 1798 830 τὸ

1006 852 1038 878 ἐκ
1064 851 1210 885 γυναικόςο
1235 850 1471 886 προσομολογῆσαι
1487 850 1515 877 δὲ
1534 851 1574 877 ὅτι
1594 852 1628 886 τῇ
1645 851 1705 877 καθ’
1724 851 1796 877 ὑπό·

1008 905 1102 923 στασιν
1117 896 1211 923 ὲνώσει
1226 896 1383 931 συνενεχθὲν
1396 896 1435 931 τῷ
1448 897 1536 931 Λόγῳ,
1549 896 1666 932 Χριστὸν
1678 897 1729 923 ἕνα
1745 898 1796 923 καὶ

1006 942 1071 969 Υίὺν
1090 942 1139 968 καὶ
1158 942 1261 976 Κύριον
1279 942 1458 969 ἀποτετέλεκε
1479 942 1524 968 τὸν
1546 942 1626 968 αὐτὸν
1644 942 1710 969 δντα
1725 942 1796 968 Θεὸν

1007 989 1054 1015 καὶ
1068 988 1209 1024 ἄνθρωπον
1220 997 1226 1004 ·
1243 989 1301 1015 νυνὶ
1313 988 1341 1015 δὲ
1358 989 1438 1016 τοῦτο
1454 988 1556 1022 μεθεὶς,
1566 989 1652 1015 cla-rut
1665 988 1722 1023 (16)
1742 989 1795 1023 μὲν

1005 1035 1054 1069 τὴν
1068 1034 1288 1069 διεστραμμένην
1310 1034 1360 1068 τῆς
1377 1035 1417 1066 εἰς
1445 1034 1510 1061 εὐθὺ
1527 1034 1696 1060 διεκπίπτων
1709 1034 1772 1060 ὁδοῦ
1785 1042 1792 1048 '

1005 1080 1092 1106 δύοδὲ
1116 1081 1181 1115 ἡμῖν
1204 1079 1377 1114 διακηρύττει
1405 1080 1562 1111 Θεοὶιςίὲνα
1591 1080 1639 1114 μὲν
1655 1080 1694 1111 ὡς
1711 1080 1795 1114 φύσει

1006 1126 1053 1152 καὶ
1064 1125 1178 1161 ἀληθείᾳ
1190 1126 1236 1152 τὸν
1259 1127 1290 1152 ὲκ
1315 1125 1382 1152 Θεοῦ
1410 1126 1514 1159 [ἰατρὸς
1535 1125 1634 1159 Λόγον·
1654 1126 1749 1161 ἕτερον
1764 1126 1795 1152 δὲ

1006 1173 1071 1206 παρ’
1097 1171 1198 1204 αὑτὸν,
1222 1172 1267 1198 τὸν
1293 1171 1549 1206 συγχρηματίζοντα
1575 1171 1663 1206 αὐτῷ·
1687 1172 1717 1197 ὃν
1738 1171 1795 1206 γὰρ

1004 1215 1103 1250 τρόπον
1116 1215 1202 1246 οὐδεὶς
1219 1216 1252 1242 ἂν
1267 1215 1372 1250 λέγοιτο
1397 1216 1450 1241 τῶν
1466 1215 1528 1242 καθ’
1541 1217 1613 1250 ἡμᾶς
1634 1216 1726 1250 ἑαυτῷ
1745 1218 1794 1242 καὶ

1005 1261 1079 1296 μόνῳ
1091 1261 1291 1288 συνδιαιτᾶσθαι
1303 1261 1392 1296 τυχὸν,
1409 1261 1493 1296 ἑτέρῳ
1507 1262 1535 1288 δὲ
1554 1262 1654 1296 μᾶλλον
1671 1262 1793 1288 συνδιαι-

1003 1306 1126 1340 τήσεται.
1151 1307 1210 1333 Κᾶν
1226 1307 1252 1333 εῐ
1275 1315 1336 1334 τινα
1352 1307 1426 1341 λέγοι
1446 1307 1499 1334 τῶν
1516 1308 1562 1333 ἐπὶ
1582 1308 1635 1342 γῆς
1657 1307 1794 1342 βασιλέων

1004 1351 1214 1386 συμϐασιλεύειν
1229 1351 1328 1386 ἐαυτῷ,
1340 1351 1415 1386 δφλοι
1431 1352 1464 1379 ἂν
1479 1352 1592 1384 εἰκότως
1607 1353 1727 1387 γέλωτα,
1743 1354 1793 1380 καὶ

1005 1397 1146 1434 βατταριεῖ
1161 1397 1192 1425 τὸ
1209 1398 1252 1433 ἐφ’
1269 1398 1328 1430 ἑνός
1341 1407 1372 1424 τε
1389 1398 1437 1424 καὶ
1451 1398 1531 1434 μόνον
1545 1399 1630 1431 τιθεὶς
1643 1400 1692 1426 καὶ
1703 1399 1795 1433 λέγων

1003 1444 1041 1475 ὡς
1054 1445 1101 1471 ἐπὶ
1115 1445 1198 1477 δυοῖν,
1218 1445 1305 1477 οὕτως
1321 1446 1449 1473 ἀσύνετον
1466 1447 1563 1482 κομιδῆ
1578 1446 1608 1473 τὸ
1626 1455 1793 1481 συγχρημα-

1003 1491 1089 1522 τίζειν
1106 1492 1210 1518 οἴεσθαι
1234 1492 1295 1520 καθ’
1309 1492 1368 1523 ἑνός
1384 1501 1413 1518 τε
1433 1493 1480 1519 καὶ
1496 1493 1575 1527 μόνου
1590 1492 1722 1519 δύνασθαι
1739 1501 1794 1528 χω-

172 1534 248 1568 ponit
272 1539 353 1568 atque
379 1533 537 1568 pronuntiat
563 1539 689 1568 tanquam
717 1536 750 1562 de
771 1535 892 1568 duobus;

1050 1545 1071 1567 ν,
1087 1535 1133 1562 δύο
1148 1536 1202 1571 γάρ
1220 1545 1271 1562 που
1292 1536 1400 1568 πάντως
1424 1534 1479 1562 εἷεν
1498 1537 1546 1563 ἄν·
1561 1536 1608 1563 καὶ
1627 1537 1640 1563 ό
1668 1537 1718 1571 μὲν
1732 1537 1793 1563 ἐστι

173 1581 283 1606 stultum
299 1586 363 1606 sane
382 1579 415 1605 sit
427 1583 522 1613 putare
537 1579 586 1606 hoc
602 1579 700 1614 ipsum,
715 1579 794 1606 simul
811 1580 951 1615 appellari.

171 1626 204 1651 de
225 1632 278 1651 uno
301 1624 410 1658 soloque
432 1625 484 1651 dici
512 1632 614 1659 posse:
631 1625 684 1652 duo
703 1632 819 1660 namque
842 1633 953 1660 prorsus

170 1674 260 1702 erunt,
279 1673 306 1696 et
321 1669 389 1697 alter
409 1671 558 1697 secundum
575 1675 697 1697 naturam
716 1670 795 1703 Deus,
809 1671 877 1698 alter
889 1678 954 1699 vero

171 1715 264 1750 procul
277 1715 358 1742 dubio
373 1723 435 1742 eum
450 1716 475 1743 id
492 1716 578 1742 solum
594 1716 692 1743 habeat
706 1721 735 1742 ut
750 1717 831 1743 simul
844 1724 904 1744 cum
920 1724 953 1745 eo

171 1766 283 1788 vocetur
309 1761 396 1794 Deus,
423 1760 504 1795 idque
527 1762 694 1788 extrinsecus
716 1766 743 1788 et
769 1763 952 1796 acquisitum,

172 1814 267 1834 recens
280 1807 358 1834 nobis
372 1806 442 1834 Deus
464 1807 578 1834 exstitit.
595 1807 662 1834 Num
678 1815 742 1841 ergo
766 1808 893 1834 mentitur
909 1809 953 1835 ille

170 1857 267 1880 natura
285 1857 312 1880 et
335 1860 398 1880 vere
414 1853 603 1880 universorum
623 1853 693 1880 Deus
709 1861 769 1881 cum
788 1854 855 1880 dicit
871 1863 878 1881 :
896 1863 905 1879 ι
922 1854 951 1881 Si

167 1898 288 1926 audieris
311 1906 366 1931 me,
389 1906 441 1926 non
465 1899 519 1926 erit
544 1899 570 1925 in
596 1904 621 1926 te
645 1899 711 1926 deus
737 1907 842 1933 recens,
866 1907 953 1934 neque

165 1944 297 1972 adorabis
319 1944 398 1972 deum
422 1944 539 1971 alienum
552 1945 592 1971 “?
609 1954 618 1970 ι
640 1944 696 1972 Hoc
718 1945 741 1972 si
757 1945 793 1972 ita
811 1950 862 1978 est,
884 1953 951 1980 quo—

171 1987 250 2014 modo
273 1988 418 2016 adoramus
441 1987 593 2022 Christum,
618 1993 645 2016 et
672 1989 710 2016 illi
730 1989 852 2017 lleetetnr
873 1998 952 2018 omne

165 2032 262 2066 ,μιιυῖ
287 2033 422 2068 quomodo
448 2034 529 2061 etiam
560 2035 633 2062 illum
657 2036 778 2062 venerari
804 2037 950 2069 conﬁteris.

165 2086 232 2105 cum
249 2082 337 2105 tamen
353 2078 493 2112 formides,
507 2085 535 2106 ut
549 2080 653 2112 dixisti,
669 2087 702 2108 ue
717 2081 877 2109 hominicola
892 2089 952 2110 esse

171 2123 310 2152 videaris?
323 2124 378 2152 Sed
397 2125 479 2153 habet
493 2127 526 2153 ad
538 2127 588 2152 hoc
605 2126 734 2160 aliquam,
750 2132 780 2154 ut
793 2128 849 2162 ipse
864 2132 950 2162 putat,

164 2176 275 2199 acutam
294 2172 496 2206 responsionem
521 2180 606 2199 :nam
633 2178 762 2208 tanquam
791 2175 951 2210 conjunctus

1004 1581 1075 1607 κατὰ
1090 1581 1169 1614 φύσιν
1186 1581 1252 1612 (θεός
1263 1589 1269 1596 ”
1285 1582 1299 1606 ό
1313 1581 1351 1611 δὲ,
1372 1581 1441 1616 τάχα
1463 1589 1515 1608 που
1535 1582 1582 1608 καὶ
1598 1582 1677 1616 μόνον
1703 1582 1736 1607 τό
1760 1590 1793 1615 γε

1004 1626 1225 1661 συγχρηματίσαι
1252 1626 1367 1660 θύραθέν
1392 1635 1422 1652 τε
1454 1626 1502 1653 καὶ
1524 1626 1671 1661 ἐπίκτητον
1708 1627 1792 1662 ἔχων,

1004 1672 1159 1707 πρόσφατος
1176 1673 1243 1707 ἡμῖν
1266 1672 1406 1707 ἀνεδείχθη
1421 1672 1497 1703 Θεός.
1518 1670 1580 1707 'Ap‘
1594 1671 1640 1699 οὖν
1661 1672 1794 1707 ψεύδεται

1003 1717 1100 1752 λέγων,
1111 1719 1126 1744 ὁ
1141 1719 1221 1752 φύσει
1237 1727 1266 1745 τε
1281 1718 1328 1745 καὶ
1339 1718 1445 1754 ἀληθῶς
1460 1719 1513 1745 τῶν
1529 1719 1598 1745 ὅλων
1606 1719 1688 1750 Θεός·
1705 1729 1715 1744 ι
1727 1719 1792 1746 Ἐὰν

1002 1763 1123 1800 ἀκούσῃς
1137 1773 1199 1799 μου,
1214 1764 1264 1790 οὐκ
1279 1764 1355 1790 ἔσται
1368 1765 1396 1791 ἐν
1411 1764 1453 1790 σοὶ
1471 1764 1530 1796 θεὸς
1547 1764 1714 1800 πρόσφατος,
1729 1765 1792 1791 οὐδὲ

1003 1810 1202 1844 προσκυνήσεις
1223 1808 1277 1844 θεῷ
1300 1809 1445 1845 ἁλλοτρίῳ;
1461 1818 1470 1834 ι
1499 1807 1564 1837 Εἶτα
1587 1810 1647 1841 πῶς
1668 1818 1791 1845 προσκε-

1003 1854 1160 1888 κυνήκαμεν
1175 1853 1213 1888 τῷ
1229 1854 1349 1890 Χριστῷ.
1365 1855 1412 1881 καὶ
1424 1854 1499 1889 αὺτῷ
1516 1854 1618 1890 κάμψει
1633 1855 1689 1881 πᾶν
1705 1855 1790 1889 γόνυ;

1003 1899 1062 1930 πῶς
1074 1899 1102 1925 δὲ
1123 1899 1171 1926 xui
1190 1899 1279 1926 σέϐειν
1306 1899 1386 1926 αὑτὸν
1401 1900 1558 1935 όμολογεῖς;
1578 1900 1666 1927 καίτοι
1682 1900 1789 1933 δεδιὼς,

1001 1946 1039 1977 ὡς
1056 1945 1134 1981 ἔφης,
1151 1945 1181 1972 τὸ
1197 1945 1426 1981 ἀνθρωπολάτρης
1442 1943 1510 1972 εἶναι
1529 1946 1626 1973 δοκεῖν.
1645 1946 1716 1972 Ἀλλ’
1732 1946 1790 1981 ἔχει

1001 1990 1061 2017 τινὰ
1078 1990 1204 2025 καθάπερ
1224 1988 1271 2017 οὖν
1291 1990 1376 2017 οἴεται
1395 1990 1475 2024 σοφὸν
1491 1991 1537 2016 ἐπὶ
1558 1990 1626 2026 τῷδε
1639 1991 1735 2025 λόγον·
1750 1991 1790 2023 ὡς

1001 2037 1057 2072 γὰρ
1073 2037 1112 2072 τῷ
1138 2036 1247 2063 λαϐόντι
1268 2036 1432 2071 συναφθεὶς,
1457 2037 1673 2072 συγχρηματίζει
1699 2037 1787 2068 Θεὸς·

1002 2082 1060 2114 πῶς
1079 2082 1183 2118 ἐλήφθη
1209 2082 1323 2117 φράσον,
1346 2082 1363 2116 ἢ
1378 2081 1439 2108 τίνα
1464 2082 1598 2116 συνῆπται
1618 2083 1735 2118 τρόπεως
1756 2083 1788 2109 Εἰ

1003 2128 1051 2164 μὲν
1065 2126 1110 2155 οὖν
1120 2128 1180 2155 καθ’
1191 2128 1287 2154 ἕνωσιν
1302 2128 1400 2163 ἀληθῆ,
1409 2128 1458 2163 τὴν
1471 2129 1531 2155 καθ’
1545 2128 1692 2154 ὑπόστασιν
1703 2128 1785 2162 λέγω.

1003 2173 1106 2200 παῦσαι
1125 2174 1245 2210 μερίζων
1261 2173 1291 2200 τὺ
1306 2174 1461 2209 ἡνωμένον·
1477 2174 1522 2200 ἐπὶ
1543 2173 1637 2209 καιροῦ
1652 2174 1681 2199 δὲ
1697 2171 1785 2209 οἶμαι.

169 2217 316 2244 assumenti
331 2216 411 2244 simul
428 2217 580 2251 appellatur
592 2218 679 2245 Deus:
696 2219 832 2253 quomodo
846 2227 907 2247 assu

1044 2218 1136 2254 ιπρός
1158 2226 1191 2252 γε
1218 2218 1296 2253 ἠμῶν
1324 2218 1463 2253 εἰρήσεται
1490 2218 1660 2253 διατέμνοντί
1686 2227 1727 2245 σοι
1757 2218 1787 2245 ca

164 2265 230 2295 plus
259 2266 301 2288 est
327 2261 473 2296 eloquere,
499 2267 545 2289 aut
573 2270 690 2297 quonam
725 2263 883 2299 conjunctus
908 2270 950 2292 est

168 2307 264 2333 modo?
280 2305 347 2334 Nam
362 2307 384 2334 si
404 2307 510 2342 quidem
534 2309 680 2336 secundum
701 2317 792 2337 veram
809 2311 948 2344 unionem,

168 2350 241 2377 illam
263 2352 410 2379 secundum
435 2353 599 2388 hypostasim
624 2354 700 2388 dico;
724 2356 818 2383 desine
840 2357 948 2384 tandem

166 2395 273 2422 unitum
286 2396 428 2424 dividere:
443 2403 471 2424 et
488 2403 638 2433 opportune
652 2400 732 2426 etiam
755 2407 769 2426 a
783 2400 860 2427 nobis
873 2400 947 2428 dice-

168 2445 212 2466 tur
237 2440 285 2467 tibi
312 2441 478 2469 individuum
503 2443 642 2470 dividenti.
668 2454 677 2468 ι
693 2444 767 2477 Quod
790 2453 854 2480 ergo
877 2445 948 2473 Deus

164 2485 316 2520 conjunxit,
333 2487 414 2514 homo
430 2495 463 2514 ne
482 2488 623 2516 dividat“.
641 2499 650 2516 ι
665 2489 712 2516 Sin
736 2492 945 2524 assumptionem

167 2533 247 2558 istam
271 2539 318 2559 seu
344 2533 559 2567 conjunctionem
584 2543 644 2563 esse
667 2537 735 2563 dicis
753 2542 892 2564 externam
915 2545 947 2564 ac

167 2576 317 2609 relativam,
343 2579 477 2611 quomodo
499 2587 552 2607 non
575 2581 692 2608 advertis
713 2582 739 2608 in
763 2582 840 2609 nobis
865 2583 945 2609 etiam

164 2629 224 2649 esse
237 2622 332 2655 Deum,
349 2627 375 2650 et
388 2631 437 2651 nos
452 2624 490 2651 illi
504 2625 628 2660 conjungi
646 2626 766 2658 relative,
786 2632 812 2654 et
832 2628 944 2660 partici-

199 2700 221 2717 ⁶¹
238 2701 321 2729 Exod.
339 2710 381 2734 xx,
394 2703 428 2735 2;
444 2703 511 2730 Psal.
526 2712 608 2736 Lux,
627 2705 669 2731 10.
709 2706 730 2720 “
745 2705 840 2732 Mulllt.
855 2715 910 2737 λυ..
925 2707 952 2733 ti.

1001 2262 1133 2298 ἇτμητον,
1153 2272 1163 2289 ι
1183 2262 1216 2290 '0
1237 2261 1284 2290 οὖν
1307 2263 1372 2295 Θεὸς
1396 2263 1562 2295 συνέζευξεν,
1580 2262 1724 2299 ἄνθρωπος
1748 2264 1788 2299 μὴ

1001 2309 1149 2344 χωριζέτω.
1169 2319 1178 2336 ι
1198 2309 1230 2336 Ei.
1258 2310 1287 2336 δέ
1307 2318 1338 2344 γε
1355 2310 1404 2345 τὴν
1420 2309 1513 2345 λῆψιν,
1540 2310 1623 2344 ήγουν
1648 2309 1697 2345 τὴν
1722 2318 1788 2336 συνο

1001 2355 1110 2389 άφειαν,
1137 2354 1235 2387 ἔξωθέν
1257 2364 1288 2382 τε
1312 2356 1358 2382 καὶ
1384 2355 1510 2390 σχετικὴν
1536 2353 1604 2382 εἶναι
1629 2355 1700 2391 φὴς,
1727 2356 1787 2388 πῶς

1000 2401 1147 2437 ὴγνόηκας,
1159 2402 1200 2428 ὅτι
1217 2401 1264 2428 xui.
1277 2401 1306 2428 ἐν
1317 2403 1383 2436 ἡμῖν
1396 2402 1454 2427 ἐστι
1467 2401 1542 2433 Θεὸς,
1558 2402 1604 2428 καὶ
1616 2402 1697 2436 ἡμεῖς
1710 2401 1786 2436 αὐτῷ

1001 2446 1191 2482 συναπτόμεθα
1203 2447 1346 2482 σχετικιῖκ,
1360 2447 1408 2474 καὶ
1418 2448 1540 2474 κοινωνοὶ
1552 2447 1602 2482 τῆς
1613 2447 1687 2479 θείας
1701 2447 1786 2475 αὐτοῦ

1000 2493 1152 2528 γεγόναμεν
1168 2493 1273 2527 φύσεως
1285 2502 1293 2525 ;
1309 2493 1412 2520 Ψᾱλλει
1427 2493 1492 2527 γοῦν
1501 2494 1515 2520 ὁ
1529 2493 1673 2524 θεσπέσιος
1683 2493 1784 2520 Δα6ί6’

1003 2547 1012 2563 ι
1025 2537 1171 2574 Ἑκολλήθη
1202 2540 1218 2573 ἡ
1242 2539 1314 2574 ψυχή
1334 2547 1384 2574 μου
1399 2539 1486 2566 ὀπίσω
1505 2547 1551 2566 σου
1563 2547 1570 2554 ⁵
1585 2548 1595 2565 ι
1621 2535 1785 2574 συγχρημα-

999 2584 1109 2618 τιοῦμεν
1125 2583 1172 2611 οὖν
1186 2585 1240 2619 ἄρα
1254 2585 1301 2610 καὶ
1326 2586 1417 2620 ἡμεῖς,
1443 2585 1482 2620 τῷ
1505 2584 1575 2612 κατὰ
1602 2585 1685 2619 φύσιν
1714 2585 1785 2620 Θεῷ,

999 2630 1055 2655 θεοὶ
1069 2631 1128 2656 κατ’
1145 2631 1236 2662 αὐτὸν,
1250 2631 1353 2665 κάμψει
1366 2632 1413 2657 καὶ
1424 2632 1490 2666 ἡμῖν
1502 2632 1556 2657 πᾶν
1566 2631 1640 2664 γόνυ.
1655 2631 1689 2657 Τί
1701 2639 1788 2666 προσ-

808 2783 887 2809 ANT.
908 2783 1043 2810 AGELLII
1063 2783 1179 2811 NOTAE.

199 2857 254 2893 (16)
276 2858 424 2894 cheudum
443 2861 522 2893 ἵεται,
541 2866 568 2888 ιιι
588 2862 614 2888 ir.
629 2865 750 2889 extremo
767 2862 816 2889 hoc
834 2870 851 2888 tt
878 2862 942 2890 libra

747 2872 750 2886 ι
767 2862 816 2889 hoc
834 2870 851 2888 tt
878 2862 946 2890 libro
963 2863 1037 2896 dicit,
1055 2863 1132 2898 μόνος
1150 2863 1185 2890 ἱὈι
1201 2864 1248 2900 τὴν
1265 2865 1490 2901 διεστραμμένην.
