1883 3054
62 157 108 186 109
614 156 800 185 ADVERSUS
819 156 1021 185 NESTORlUM
1041 156 1105 184 LIB.
1125 156 1158 184 ll.

1640 156 1691 182 HO

64 215 153 250 τέταχε
168 216 226 247 τοῖς
241 214 302 242 ἄνω
318 217 480 252 πνεύμασιν
492 217 506 244 6
519 216 585 249 Θεδς
601 217 648 244 καὶ
662 217 768 253 Πατὴρ,
785 217 858 244 διδα-

932 225 959 245 es
973 224 1023 245 nos
1038 217 1124 245 factos
1147 223 1208 244 esse
1229 215 1327 244 divinae
1346 215 1406 251 eius
1422 219 1526 242 natura:
1535 215 1579 241 "?
1596 215 1694 243 Psallit

67 261 148 289 σιέτω
157 261 309 296 παρελθὼν
324 263 340 288 6
369 263 515 295 θεσπέσιος
537 262 652 294 Παῦλος.
670 272 680 288 ι
692 263 777 290 Ὅταν
791 263 855 300 γὰρ,

67 307 152 343 φησιν,
167 307 311 344 εἰσαγάγῃ
325 308 373 334 τὸν
388 308 562 345 πρωτότοκον
575 309 615 339 εἰς
625 308 675 343 τὴν
684 308 857 344 οἰκουμένην,

68 354 152 386 λέγει·
167 353 226 379 Καὶ
241 354 518 389 προσκυνησάτωσαν
542 353 616 390 αὐτῷ
631 353 731 386 πάντες
747 354 858 389 ἄγγελοι

68 398 140 426 Θεοῦ.
155 407 165 424 ι
182 398 293 425 οὐκοῦν
311 399 466 435 ἐπειδήπερ
481 400 510 426 ὲν
523 399 639 431 τούτοις,
656 399 687 426 τὸ
708 399 753 426 σὺν
766 399 798 435 δὴ
812 400 860 427 καὶ

69 445 144 480 σοφὸν
164 445 216 471 οὐκ
238 446 458 481 ὲπενήνεγκταιο
484 444 697 481 προσκυνεῖσθαι
711 445 739 471 δὲ
759 445 860 480 μᾶλλον

67 491 262 527 προσ-τέταχεν,
290 491 329 522 ὡς
351 491 402 519 ἕνα
420 499 471 518 που
488 491 607 524 πάντως,
623 490 672 517 καὶ
690 490 739 526 οὐχ
766 491 860 527 ἕτερον

66 537 112 564 σὺν
126 537 232 572 ἑτέρῳ·
251 537 294 569 τίς
310 537 350 569 δὲ,
360 537 374 563 6
389 538 466 573 παρὰ
480 536 534 564 τῶν
548 537 672 572 ἀγγέλων
688 538 859 573 προσκυνού-

66 592 164 619 gmw;
188 584 290 611 Καίτοι
304 584 352 611 τὸν
367 585 539 620 πρωτότοκον
554 585 571 619 ὴ
589 584 648 611 θεία
664 585 739 619 λέγει
751 585 860 620 Γραφὴ,

65 631 240 666 πρωτότοκον
255 630 285 657 δὲ
304 630 464 665 ὠνομάσθαι
478 630 576 665 φαμὲν,
592 630 638 657 τὸν
663 631 696 656 ὲκ
718 630 786 656 Θεοῦ
804 630 861 656 Πασ-

66 677 127 712 τρὺς
142 676 244 710 Λόγον,
264 676 357 703 καίτοι
373 675 441 702 Θεὸν
458 676 524 703 ὅντα
544 675 615 703 κατὰ
636 676 718 711 φύσιν
733 676 779 703 καὶ
796 676 861 703 Υῑδν

66 722 211 757 μονογενῆ,
227 721 276 748 καὶ
301 721 470 749 ἀσύντακτον
489 722 522 756 τῇ
549 721 647 753 κτίσει,
671 721 741 749 κατά
759 730 791 756 γε
814 721 860 748 τὸν

66 767 114 803 τῆς
128 767 260 802 θεότητος
286 767 378 802 λόγον,
402 768 444 794 ὅτι
457 766 570 801 γέγονεν
583 766 738 802 ἄνθρωπος,
759 767 808 794 καὶ
831 767 861 794 ὲν

68 814 176 846 πολλοῖς
193 814 321 848 ἀδελφοῖς
333 812 516 849 πρωτότοκος.
526 809 573 844 Εἷς
592 810 638 839 οὖν
656 812 712 847 ἄρα
726 811 794 847 πρὸς
806 811 860 838 τῶν

68 860 123 886 ἂνω
133 859 302 894 πνευμάτων
316 858 330 884 6
345 856 593 893 προσκυνούμενος,
606 857 620 883 6
631 857 664 883 ὲκ
675 855 743 883 Θεοῦ
755 856 861 892 Πατρὸς

909 268 983 291 certe
1002 264 1096 291 beatus
1124 263 1206 290 David
1230 272 1236 290 :
1263 272 1272 287 ι
1287 262 1407 290 Adlimsit
1431 261 1519 289 anima
1547 269 1607 289 mea
1631 266 1693 296 post

910 310 990 343 te“;
1008 319 1018 336 ι
1037 317 1103 345 ergo
1126 317 1176 337 nos
1190 317 1296 344 quoque
1320 317 1353 337 ex
1370 308 1503 336 sententia
1527 307 1607 336 simul
1629 315 1692 335 cum

909 355 957 383 illo
973 363 1007 384 ex
1032 361 1128 383 natura
1153 355 1209 383 Deo
1233 355 1270 383 dii
1295 355 1397 383 erimus
1419 359 1501 389 atque
1521 353 1691 384 vocabimur,

910 401 1040 436 nobisque
1055 401 1179 429 ﬂectetur
1194 408 1275 429 omne
1286 408 1368 435 genu.
1384 400 1454 434 Quid
1471 399 1631 435 praeceperit
1645 407 1692 426 su-

909 447 982 482 peris
1005 447 1146 482 spiritibus
1171 446 1242 474 Deus
1265 454 1298 474 ac
1322 446 1421 479 Pater,
1445 446 1541 473 doceat
1566 444 1694 481 prodiens

910 493 1007 521 beatus
1022 493 1134 520 Paulus.
1155 501 1164 519 ι
1179 493 1259 526 Cum,
1276 493 1376 528 inquit,
1393 492 1540 519 introducit
1554 491 1694 526 Primoge-

910 538 995 565 nitum
1013 538 1038 565 in
1056 539 1149 566 orbem
1162 542 1241 565 terrae
1251 538 1316 565 dicit
1330 547 1338 565 :
1356 538 1389 565 Et
1402 538 1514 565 adorent
1526 544 1587 564 eum
1599 543 1694 564 omnes

911 584 997 620 angeli
1015 584 1063 612 Dei
1076 585 1109 612 “.
1125 594 1134 611 ι
1152 585 1237 620 igitur
1258 585 1320 619 quia
1337 584 1365 611 in
1385 584 1428 611 his
1439 584 1528 611 verbis
1546 583 1610 611 illud
1628 590 1695 610 sane

911 630 1018 665 sapiens
1031 635 1107 657 tuum
1121 636 1304 658 commentum
1320 638 1372 657 non
1390 634 1432 657 est
1445 630 1631 665 subiunctum,
1646 629 1694 656 sed

911 676 1025 704 adorare
1039 677 1120 712 jussit
1136 681 1165 704 ut
1187 685 1269 704 unum
1284 676 1377 711 procul
1394 676 1488 709 dubio,
1509 680 1538 704 et
1554 683 1606 704 non
1625 676 1694 703 alte-

910 730 970 749 rum
992 729 1053 750 cum
1075 722 1174 755 altero,
1206 723 1351 757 quaerimus
1377 722 1568 757 quisnamlsit
1588 721 1633 749 ille
1647 721 1693 756 qui

912 767 946 794 ab
960 767 1064 802 angelis
1077 768 1132 803 ϐο
1145 768 1274 795 adoratur
1289 777 1295 795 :
1309 769 1383 803 atqui
1401 768 1610 803 primogenitum
1632 775 1694 794 eutn

910 812 1009 840 divinae
1022 813 1132 841 Littera:
1148 814 1242 841 dicunt
1257 822 1263 840 :
1278 813 1484 848 primogenitum
1501 818 1590 840 autem
1603 812 1696 848 appel-

912 858 996 886 latum
1021 859 1136 887 dicimus
1154 859 1220 887 illud
1245 857 1283 886 ex'
1304 860 1358 886 Deo
1380 859 1461 887 Patre
1475 858 1606 890 Verbum.
1631 858 1696 885 licet

68 904 153 939 Λόγος
172 904 245 940 μετὰ
257 905 308 939 τῆς
324 903 392 940 ιδίας
409 901 528 937 σαρκός·
547 901 608 927 τότε
623 901 677 936 γὰρ
691 900 798 932 τέτοκε,
813 901 861 927 καὶ

932 907 986 932 ἐυε
1001 909 1075 931 esset
1090 912 1123 932 ex
1137 909 1243 939 natura,
1258 912 1290 933 ac
1304 905 1389 933 Filius
1405 905 1569 940 unigenitus,
1586 909 1611 931 et
1624 904 1695 939 quod

68 951 106 982 ὡς
122 950 275 986 πρωτεύων
288 951 318 976 ὲν
333 950 411 986 πᾶσι,
425 949 526 983 νοεῖται
542 947 722 983 πρωτότοκος.
746 946 815 972 Ἀλλ’
832 946 860 973 αἱ

73 995 121 1030 μὲν
131 996 310 1022 Θεόπνευστοι
328 995 445 1030 Γραφαὶ,
455 993 571 1028 Χριστὸν
580 993 628 1020 ἕνα
640 993 860 1028 διακηρύττουσι,

72 1042 118 1068 καὶ
132 1041 208 1073 Υίδν,
218 1042 269 1068 καὶ
283 1041 399 1076 Κύριον·
413 1040 462 1066 δύο
477 1047 509 1072 γε
525 1038 577 1074 μὴν
592 1039 607 1065 6
621 1039 748 1074 περιττὸς
760 1039 861 1071 οὑτοσὶ,

71 1087 118 1114 καὶ
145 1087 389 1122 προσκυνούμενον
417 1085 558 1120 ἄνθρωπον
583 1086 616 1120 τῇ
658 1085 724 1120 ἁγίᾳ
747 1093 777 1111 τε
815 1085 863 1112 καὶ

72 1133 208 1168 ὸμοουσῐῳ
231 1132 339 1168 Τριάδι,
353 1130 520 1167 προστιθεὶς,
534 1130 584 1157 οὐκ
603 1130 776 1165 αίσχύνεται’
795 1131 863 1166 φησὶ

72 1176 126 1211 γὰρ
141 1177 239 1203 πάλιν·

914 949 948 976 ad
971 948 1081 977 deitalis
1105 949 1236 978 rationem
1260 951 1387 986 pertinet,
1418 958 1477 977 cum
1501 955 1624 977 creatura
1649 949 1696 976 mi-

913 995 987 1022 nime
1004 996 1167 1028 censendus,
1182 997 1245 1032 quia
1261 995 1349 1023 factus
1367 1001 1409 1023 est
1428 996 1520 1028 homo,
1537 1000 1564 1023 et
1579 995 1605 1021 in
1627 994 1696 1021 mul-

914 1040 949 1068 tis
964 1040 1095 1069 fratribus
1114 1042 1311 1078 primogenitus
1322 1042 1355 1070 ⁸⁸.
1374 1041 1447 1069 Unus
1466 1047 1506 1069 est
1525 1041 1608 1076 igitur
1619 1041 1665 1075 qui
1681 1047 1696 1067 a

912 1086 1018 1120 superis
1043 1087 1183 1121 spiritibus
1211 1088 1357 1121 aduratur,
1381 1087 1447 1115 illud
1480 1095 1512 1115 ex
1539 1087 1594 1114 Deo
1617 1086 1697 1113 Patre

914 1129 1033 1158 Verbqu
1052 1139 1112 1160 cum
1129 1140 1177 1160 sua
1191 1140 1291 1166 carne;
1311 1140 1372 1160 nam
1388 1134 1475 1167 ipsum
1497 1132 1574 1167 quod,
1585 1131 1695 1165 dicitur,

913 1177 1017 1210 genuit,
1035 1182 1073 1211 et,
1091 1177 1120 1205 in
1142 1178 1268 1206 omnibus
1283 1178 1429 1213 primatum
1454 1183 1549 1205 tenens
1560 1177 1594 1210 "',
1611 1177 1637 1204 id
1653 1176 1696 1203 in-

70 1210 205 1258 telligitur
215 1210 386 1257 priniogeniti
401 1221 519 1248 nomine.
536 1220 590 1248 Sed
605 1220 733 1248 divinitus
745 1221 853 1256 quidem
865 1222 1003 1257 inspirata:
1026 1222 1134 1251 Littera:
1162 1231 1244 1252 unum
1265 1210 1402 1253 dliristum
1423 1225 1589 1259 praedicant,
1613 1230 1640 1252 et
1651 1225 1697 1252 Fi-

75 1267 152 1301 lium,
168 1274 198 1296 et
218 1269 379 1301 Dominum;
404 1269 472 1296 duos
489 1275 553 1295 vero
575 1268 619 1295 hic
635 1273 760 1303 nugator,
781 1275 809 1297 et
826 1270 992 1299 adorandum
1016 1271 1153 1300 hominem
1173 1276 1274 1300 sanctze
1287 1277 1315 1300 et
1330 1272 1553 1300 consubstantiali
1574 1272 1697 1300 Trinitati

73 1318 192 1353 adiicere
207 1324 261 1344 non
277 1318 423 1348 erubescit,
439 1317 476 1344 ait
491 1316 562 1344 enim
579 1324 685 1344 rursum
702 1325 710 1343 :

107 1364 200 1401 [nam
217 1361 295 1395 οὗτος
311 1364 325 1390 6
339 1363 410 1391 κατὰ
424 1363 512 1400 σάρκα
527 1362 574 1390 τοῦ
593 1363 700 1398 Ἰσραὴλ
717 1364 862 1399 συγγενὴς,

73 1411 87 1436 6
100 1409 175 1436 κατὰ
186 1409 219 1435 τὸ
231 1408 394 1443 φαινόμενον
407 1407 561 1443 ἄνθρωπος,
578 1408 592 1434 ὁ
606 1408 678 1434 κατὰ
693 1407 742 1444 τὴν
756 1408 864 1435 Παύλου

74 1455 166 1491 φωνὴν
178 1455 212 1481 ὲκ
225 1454 385 1489 σπέρματος
398 1453 596 1489 γεγεννημένος
606 1452 697 1485 Δαὸὶδ,
712 1453 866 1489 παντοκρά-

72 1509 129 1536 τωρ
138 1501 173 1535 τῇ
187 1499 320 1534 συναφείᾳ
332 1498 409 1530 Θεός.
427 1498 497 1525 Εἶτα
509 1499 625 1530 τούτοις
634 1498 737 1532 ἐπάγει
746 1506 752 1512 -
767 1498 866 1525 ’Λκου-

74 1555 119 1574 σον
131 1546 280 1581 ἀμφότερα
290 1544 338 1572 τοῦ
348 1544 457 1571 Παύλου
471 1543 650 1580 κηρύττοντος
658 1552 665 1559 ·
680 1544 805 1579 ὁμολογεῖ
819 1544 864 1571 τὸν

73 1577 219 1627 ἂνθρωπον
230 1577 375 1626 πρότερον.
393 1588 442 1616 καὶ
533 1590 567 1624 τῇ
583 1588 631 1615 τοῦ
647 1577 714 1615 Θεού
731 1577 864 1626 συναφείᾳ
877 1577 899 1606 c

74 1637 197 1670 θεολογεῖ
207 1636 238 1662 τὸ
256 1635 438 1670 φαινόμενον·
455 1634 498 1661 ἴνα
518 1634 612 1670 μηδεὶς
635 1634 865 1671 ἀνθρωπσλάτρην

74 1683 119 1710 τὸν
142 1682 311 1718 Χριστιανὸν
330 1680 482 1717 ὑποπτεύῃ.
514 1680 680 1715 Ἀσύγχυτον
702 1681 792 1708 τοίνυν
815 1681 865 1717 τὴν

76 1729 130 1755 τῶν
147 1729 257 1763 φύσεων
283 1727 414 1762 τηρῶμεν
438 1727 602 1761 συνάφειανδ
628 1727 800 1762 ὁμολογῶμεν
820 1728 865 1754 τὸν

75 1774 123 1801 ἕνα
138 1774 206 1800 Θεόν
217 1781 225 1788 ·
240 1772 366 1807 σέὸωμεν
378 1771 424 1798 τὸν
440 1772 472 1806 τῇ
490 1771 550 1806 θείᾳ
563 1771 694 1806 συναφείᾳ
711 1771 750 1806 τῷ
766 1779 865 1799 παντο-

74 1819 188 1855 κράτορι
202 1817 263 1854 Θεῴ
276 1816 572 1853 συμπροσκυνούμενον
585 1816 753 1852 ἄνθρωπον.]

379 1941 503 1968 ΚΕΦΔΛ.
519 1940 568 1967 Il".

110 2011 142 2037 El
158 2010 209 2045 μὲν
225 2007 272 2036 οὖν
286 2008 431 2044 ἄνθρωπον
442 2006 582 2042 ὀνομάζων
592 2003 670 2032 οἶσθα
687 2005 756 2040 μετὰ
770 2000 865 2031 τούτου

77 2057 124 2083 καὶ
139 2056 207 2082 Θεὸν
220 2055 285 2082 liv-ta
293 2054 363 2080 κατὰ
377 2053 459 2088 φύσιν
473 2052 564 2084 αὑτὸν,
580 2050 609 2078 εὖ
625 2051 658 2078 ἂν
676 2051 743 2086 ἔχοι,
756 2052 804 2077 καὶ
816 2058 866 2076 πε-

78 2102 229 2137 παύσομαι.
248 2101 281 2127 Εἰ
290 2100 320 2127 δὲ
329 2098 450 2135 μερίζων
465 2098 514 2130 τὰς
526 2097 631 2133 φύσεις,
640 2097 701 2132 οὐχὶ
716 2096 754 2131 τῷ
767 2096 866 2122 εἰδέναι

78 2149 170 2184 μόνον,
182 2148 227 2177 τίς
247 2148 298 2182 μὲν
313 2147 330 2181 ἠ
347 2145 516 2181 ἀνθρωπεία,
535 2144 577 2175 τίς
590 2143 618 2170 δὲ
631 2143 664 2178 δὴ
676 2142 756 2169 πάλιν
767 2142 784 2176 ἡ
797 2140 866 2167 θεία.

77 2194 186 2225 Διῑστὰς
197 2193 227 2219 δὲ
244 2191 345 2227 μᾶλλον
365 2191 415 2225 τῆς
430 2190 497 2225 πρὸς
513 2189 626 2224 ἑνότητα
647 2187 808 2222 συνδρομῆς,
821 2187 868 2212 ἀν-

77 2239 284 2275 Θρωπολατρεῖς
310 2235 550 2272 ὁμολογουμένως*
573 2234 619 2260 καί
637 2242 678 2260 σοι
697 2233 766 2268 πρὸς
789 2232 867 2267 ἡμῶν
884 2253 905 2279 D

76 2286 236 2321 εἰρήσεται·
252 2293 261 2309 ι
271 2283 341 2314 Τοὺς
353 2281 476 2317 καρποὺς
491 2281 545 2307 τῶν
556 2280 643 2306 πόνων
657 2288 703 2306 σου
720 2279 863 2313 φάγεσαι.»

76 2331 201 2366 Σκληρὸς
219 2330 248 2356 δὲ
263 2329 310 2356 καὶ⁵
331 2327 511 2362 ἀνουθέτητος
537 2326 584 2358 ὢν,
602 2327 681 2361 μόνος
703 2325 738 2351 ἴθι
764 2325 812 2360 τὴν
827 2324 867 2351 δι-

76 2374 286 2410 εστραμμένην.
309 2373 406 2407 Ἡμεῖς
422 2372 451 2398 δὲ
472 2371 520 2406 τὴν
541 2370 639 2405 εὐσεόῆ
653 2370 701 2397 καὶ
719 2369 868 2404 ἀμώμητον

77 2421 133 2447 τῶν
151 2420 240 2454 ἁγίων
260 2418 393 2453 Πατέρων
419 2416 621 2452 ίχνηλατοῦντες
641 2415 744 2451 ’τρίϐον⁹
761 2416 818 2446 τοῖς
837 2423 867 2443 τε

76 2464 270 2494 ἁποστολικοῖς
301 2463 349 2488 καὶ
375 2462 562 2495 εὐαγγελικοῖς
595 2460 808 2496 συγγράμμασιν
837 2458 867 2486 εὖ

77 2510 151 2545 μάλα
162 2507 433 2542 παιδαγωγούμενοι,
446 2506 512 2542 ὁμοῦ
523 2506 562 2542 τῷ
577 2506 635 2541 Θεῷ
646 2506 694 2532 καὶ
706 2505 804 2540 Πατρὶ,
820 2506 868 2532 καὶ

109 2589 134 2604 ⁸⁸
153 2588 174 2615 ΙΙ
192 2587 268 2615 Petr.
284 2595 304 2618 ι,
321 2587 350 2614 ι.
386 2587 409 2602 ⁸⁸
423 2585 564 2619 Ρεαιωίιι,
582 2588 609 2614 9.

77 2624 99 2638 δ’
113 2623 185 2651 Psal.
200 2631 307 2655 cum,
324 2623 352 2649 ‘2.

654 2587 685 2608 -“
700 2586 782 2614 Hebr.
803 2595 822 2619 I,
838 2585 864 2613 6.

950 1365 1083 1402 [Νεετοι.
1110 1365 1164 1394 Sed
1194 1367 1239 1394 hic
1260 1367 1408 1395 secundum
1439 1372 1548 1394 carnem
1567 1371 1698 1401 cognatus

915 1412 1009 1446 lsrael,
1026 1414 1069 1441 hic
1094 1414 1244 1442 secundum
1264 1419 1388 1442 naturam
1409 1413 1583 1448 spectabilem
1606 1414 1697 1446 homo,

916 1460 962 1487 hic
979 1460 1055 1494 juxta
1073 1459 1150 1487 Pauli
1173 1467 1267 1488 vocem
1293 1464 1374 1487 natus
1395 1467 1428 1486 ex
1451 1459 1555 1486 semine
1569 1459 1652 1486 David
1663 1458 1698 1490 ⁸⁸,

916 1504 975 1539 ipsa
988 1504 1180 1538 conjunctione
1199 1505 1270 1532 Deus
1285 1510 1326 1532 est
1341 1505 1521 1540 omnipotens.
1537 1504 1637 1532 Deinde
1656 1505 1697 1531 his

917 1549 1038 1584 adjungt’t
1062 1550 1155 1577 :Audi
1179 1550 1291 1578 Paulum
1315 1556 1460 1585 utrumque
1486 1550 1696 1585 praedicantem:

916 1594 1062 1631 conﬁtetur
1076 1596 1151 1631 prius
1168 1596 1315 1630 hominem,
1331 1601 1358 1623 et
1373 1596 1410 1623 ita
1427 1600 1536 1631 propter
1549 1596 1634 1631 ipsam
1651 1596 1699 1624 Dei

915 1641 1151 1676 coniunctionem,
1175 1647 1299 1670 naturam
1320 1643 1495 1677 spectabilem
1519 1642 1565 1670 Dei
1591 1643 1700 1669 nomine

915 1690 1068 1718 consecrat,
1093 1693 1127 1712 ne
1145 1685 1206 1720 quis
1220 1685 1404 1713 Christianum
1426 1693 1486 1713 esse
1506 1686 1698 1714 hominicolam

915 1731 1078 1764 suspicetur.
1105 1730 1269 1758 Naturarum
1289 1732 1380 1767 itaque
1402 1732 1618 1766 coniunctionem
1641 1733 1701 1760 sine

917 1777 971 1804 ulla
983 1777 1140 1805 confusione
1149 1784 1291 1805 servemus
1301 1785 1310 1810 ;
1321 1777 1501 1805 conﬁteamur
1510 1785 1592 1804 unum
1602 1778 1698 1809 Deum,

917 1829 1077 1850 veneremur
1105 1822 1240 1849 hominem
1266 1822 1312 1856 qui
1338 1829 1370 1849 ex
1397 1822 1485 1849 divina
1512 1822 1701 1857 conjunctione

917 1875 976 1895 cum
992 1868 1180 1904 omnipotente
1191 1868 1246 1896 Deo
1260 1868 1340 1895 simul
1356 1867 1506 1904 adoratur.]

1223 1934 1300 1962 CAP.
1319 1934 1388 1964 Xlll.

952 2001 982 2029 Si
1004 2002 1112 2037 quidem
1137 2002 1219 2037 igitur
1240 2003 1377 2031 hominem
1399 2004 1548 2039 appellans,
1566 2011 1628 2032 cum
1651 2005 1702 2033 hoc

917 2047 998 2074 etiam
1021 2047 1105 2074 Deum
1117 2047 1205 2082 ipsum
1222 2054 1282 2075 esse
1294 2049 1441 2076 secundum
1461 2054 1583 2077 naturam
1599 2050 1700 2078 intelli-

917 2093 970 2127 gis,
987 2092 1056 2120 bene
1077 2093 1168 2126 habet,
1189 2094 1283 2128 etiam
1301 2094 1380 2121 tinem
1400 2094 1498 2122 faciam
1511 2104 1519 2123 :
1533 2097 1574 2123 sin
1599 2096 1699 2124 dividis

918 2144 1052 2172 naturas,
1078 2146 1131 2167 non
1157 2143 1186 2166 ut
1209 2139 1282 2167 scias
1311 2141 1390 2168 modo
1413 2149 1538 2176 quamam
1561 2141 1700 2175 humana,

917 2193 1011 2220 quaeve
1033 2193 1127 2213 rursus
1151 2186 1261 2219 divina,
1286 2187 1332 2214 sed
1358 2191 1388 2213 ut
1405 2187 1516 2214 diducas
1545 2187 1579 2214 ab
1600 2187 1646 2214 illo
1674 2187 1702 2214 in

920 2231 1050 2258 unitatem
1080 2238 1230 2264 concursu,
1260 2236 1363 2258 certum
1390 2236 1433 2259 est
1456 2236 1483 2259 te
1508 2231 1701 2259 liominicolam

910 2283 990 2308 esse,
1010 2280 1039 2303 et
1060 2276 1108 2303 tibi
1128 2284 1143 2303 a
1169 2276 1245 2303 nobis
1269 2276 1396 2303 dicetur:
1415 2285 1425 2302 ι
1439 2275 1554 2303 Fructus
1577 2276 1700 2303 laborum

923 2327 1028 2348 tuorum
1049 2321 1113 2349 edes
1128 2322 1237 2357 (l7)":
1257 2331 1266 2347 ›
1283 2329 1343 2349 cum
1361 2329 1426 2349 vero
1443 2321 1481 2349 sis
1499 2323 1583 2349 durus
1598 2326 1626 2349 et
1645 2329 1703 2349 mo-

922 2367 978 2394 nita
1006 2375 1129 2402 respuas,
1151 2367 1226 2395 solus
1241 2375 1290 2402 per
1303 2368 1373 2395 viam
1397 2375 1552 2402 perversam
1568 2368 1623 2394 abi.
1647 2367 1702 2395 Nos

920 2421 985 2441 vero
1000 2415 1072 2449 piam
1095 2419 1123 2442 et
1138 2419 1238 2441 rectam
1259 2418 1413 2441 sanctorum
1428 2413 1537 2440 Patrum
1556 2414 1627 2441 viam
1642 2421 1705 2448 per-

921 2459 1103 2494 vestigantes,
1131 2464 1158 2487 et
1181 2459 1337 2493 apostolicis
1358 2458 1574 2494 evangelicisque
1596 2460 1705 2493 scriptis

921 2505 1023 2540 optime
1040 2504 1177 2537 instructi,
1197 2503 1277 2532 simul
1293 2511 1355 2531 cum
1378 2503 1433 2531 Deo
1449 2508 1476 2531 et
1491 2503 1571 2531 Patre
1593 2508 1620 2531 et
1642 2511 1705 2532 san-

917 2586 939 2602 “
951 2586 1029 2613 Rom.
1054 2593 1113 2617 vtu,
1129 2585 1174 2612 29.
1233 2584 1255 2600 ⁸⁷
1279 2583 1383 2612 Coloss.
1407 2592 1426 2617 ι,
1441 2584 1485 2611 l8.
1519 2584 1542 2600 ⁸⁸
1555 2584 1632 2611 Rom.
1645 2584 1704 2616 1,5.

718 2688 798 2715 ANT.
818 2682 953 2716 AGELLll
974 2688 1088 2716 NOT/E.

114 2772 165 2806 (Π)
179 2771 226 2798 Sic
250 2771 333 2797 habet
357 2769 470 2806 Graecus
497 2768 585 2806 Cyljlli
609 2768 704 2806 code}.
731 2766 866 2806 Canterum

80 2802 145 2834 ISK
157 2802 303 2833 verterunt
318 2807 384 2836 τοὺς
408 2804 505 2835 πόνους
519 2802 573 2829 τῶν
591 2802 703 2837 καρπῶν
719 2810 764 2828 σου
782 2803 867 2836 φάγε-

83 2851 132 2874 σαι,
146 2843 247 2868 labare:
264 2847 396 2866 manuum
413 2847 460 2865 seu
476 2839 621 2872 palmarum
633 2839 867 2874 murrinam/rudu-

82 2871 161 2909 corbis;
179 2881 206 2904 et
220 2875 341 2911 καρπῶν
368 2881 401 2902 eo
420 2873 479 2900 loco
499 2881 550 2900 non
567 2873 682 2907 fructus,
700 2873 746 2899 sed
765 2871 867 2905 palmas

924 2767 1122 2800 intellexerunt,
1138 2769 1259 2794 utetiam
1274 2768 1299 2794 in
1314 2767 1466 2796 Proverbiis
1477 2777 1535 2802 cap.
1549 2776 1622 2798 xxxi.
1637 2777 1706 2802 καρ-

921 2803 971 2829 πὸν
987 2803 1014 2829 δὲ
1036 2803 1151 2834 ἐξέτεινε
1171 2803 1281 2838 πτωχῷ,
1301 2809 1324 2830 et
1340 2805 1442 2838 palmas
1462 2813 1522 2831 suas
1536 2805 1652 2831 extendi!
1672 2805 1706 2830 ad
1731 2827 1734 2830 .

921 2847 1070 2872 pauperem.
