1883 3054
172 136 219 163 lli

647 136 675 164 5.
689 135 826 163 CYBILLI
842 135 1076 164 ALEXANDRINI
1091 135 1252 163 ARCIIIEP.

1755 130 1822 158 112

171 200 214 222 clo
239 194 352 229 Spiritu,
378 194 456 222 unica
483 194 642 222 adoratione
665 194 856 221 venerabimur
874 203 956 222 unum
974 200 994 226 Α

1045 207 1048 219 ›
1062 195 1132 230 ἁγίῳ
1148 194 1296 229 Πνεύματι,
1317 194 1366 228 μιᾷ
1381 193 1564 228 προσκυνήσει
1582 192 1741 227 τιμήσομεν
1764 188 1821 214 τὸν

173 241 315 268 Dominum
333 240 424 268 Jcsum
439 240 588 272 Christum,
612 248 660 274 per
672 248 753 275 quem
775 246 803 268 et
825 248 885 268 cum
903 248 957 275 quo

173 287 227 313 Deo
246 291 272 314 et
295 286 368 313 Patri
386 286 472 320 gloria
491 294 551 313 cutn
569 291 664 314 sancto
687 286 790 321 Spiritu
815 287 842 313 in
858 287 956 314 smcula

171 329 338 356 saeculorum.
356 330 440 355 Amen
446 349 453 355 .

265 385 318 433 ξι
341 393 542 439 TOMUS
578 395 853 441 TERTIUS.

207 493 330 528 Magnum
353 497 395 520 est
420 492 513 527 procul
534 491 616 520 dubio
637 492 701 520 illud
726 494 834 528 pictatis
857 499 958 530 myste-

173 540 253 570 rium,
267 544 294 566 et
309 539 375 572 ipsis
389 538 471 565 etiam
484 539 587 566 sanctis
602 539 705 574 angelis
720 539 910 566 admirandum
922 541 956 572 7°,

173 587 198 612 in
215 592 302 619 eoque
317 585 461 611 conﬁrmat
473 592 521 612 nos
538 585 675 620 apostolus
687 585 785 612 Paulus
802 594 862 613 cum
876 587 956 614 dicit:

174 641 182 656 ι
201 630 235 658 Ut
251 635 342 657 notum
367 630 414 656 ﬁat
434 638 506 658 nunc
523 631 720 665 principalibus
734 637 760 658 et
782 633 959 666 potestatibus

173 678 197 702 in
221 675 379 703 coelestibus
395 684 443 710 per
460 676 608 704 Ecclesiam
633 677 809 705 multiformis
825 679 958 713 sapientia

171 722 231 754 Dei,
251 723 398 749 secundum
411 723 618 757 praelinitionem
636 723 807 757 saeculorum,
826 732 906 759 quam
921 725 959 752 fc-

172 769 208 794 cit
225 769 250 794 in
267 767 381 795 Domino
397 773 488 795 nostro
503 767 564 795 Jesu
581 769 700 801 Christo,
721 770 747 796 in
763 777 816 804 quo
829 771 959 798 habemus

173 814 299 841 ﬁduciatn
315 818 341 840 et
355 821 494 840 accessum
514 814 540 840 in
556 814 718 851 conﬁdentia
733 823 780 849 per
799 815 877 843 ﬁdem
887 816 931 843 ⁷⁸⁵.
947 826 955 842 ι

173 860 312 894 Sapientia
331 864 374 886 est
397 867 513 893 namque
535 867 640 892 revera,
658 866 686 887 et
703 861 814 889 minime
831 862 958 893 humana.

173 906 218 932 sed
244 913 309 933 sane
332 905 437 937 divina,
465 911 493 932 et
518 907 607 933 abdita
635 907 661 933 in
689 908 803 941 quadam
831 907 957 935 ineﬁ‘abili

174 951 358 985 prolunditate
371 956 398 978 et
411 951 704 985 incomprehensibilita
711 957 736 979 te
747 952 847 980 Christi
860 959 960 988 mystc-

175 997 244 1023 rium
260 1005 266 1024 :
283 997 383 1035 itaque
397 997 490 1031 psallit
511 997 606 1024 beatus
621 997 704 1024 David
721 1008 727 1024 :
745 1008 754 1024 ι
771 998 802 1025 Ει
816 1000 906 1033 posuit
922 1005 960 1026 te-

174 1043 270 1069 nebras
284 1042 424 1069 latibulum
449 1050 539 1076 suum,
554 1043 580 1070 in
598 1044 714 1070 circuitu
729 1043 786 1078 ejus
800 1046 961 1071 tahcruacu-

175 1089 228 1114 lum
244 1089 313 1122 ejus,
334 1089 476 1115 tenebrosa
498 1096 567 1123 aqua
585 1089 610 1115 in
629 1089 744 1116 nubibus
764 1090 880 1117 aeris“.
900 1101 909 1116 ι
931 1090 959 1117 lu

174 1142 228 1168 quo
243 1134 368 1160 tenebras
391 1134 456 1160 nihil
471 1134 555 1166 aliud,
578 1140 606 1161 ιιι
622 1135 728 1169 opinor,
746 1136 882 1171 intelligit,
899 1131 959 1163 nisi

175 1179 318 1205 obscuram
331 1179 517 1213 intelligentiae
531 1181 730 1214 perceptionem
743 1182 767 1207 in
782 1182 866 1208 oculis
877 1181 959 1208 animi

176 1225 299 1258 caliginis
326 1225 411 1251 instar
434 1225 630 1252 incurrentem.
655 1225 708 1253 llac
730 1227 762 1253 de
786 1234 866 1253 causa
891 1226 960 1253 dici—

177 1277 246 1301 mus,
276 1270 422 1296 subtilibus
448 1271 665 1304 quaestionibus,
694 1276 722 1298 et
743 1272 901 1299 curiositate
928 1272 961 1298 ad

176 1323 255 1349 quatit
282 1315 434 1349 pertingere
464 1323 516 1342 non
545 1316 629 1350 possit
660 1316 858 1352 intelligentia,
889 1318 962 1345 nullo

177 1361 257 1387 modo
274 1361 420 1395 indiguisse
434 1360 534 1388 Christi
550 1362 720 1396 mysterium,
741 1363 787 1389 sed
803 1363 855 1390 ﬁde
873 1363 962 1398 potius

175 1414 234 1440 quae
256 1406 415 1440 simpliciter
429 1413 461 1433 ac
473 1407 532 1433 sine
546 1407 599 1434 ulla
617 1407 723 1434 vafritie
737 1410 898 1435 traderetur.
917 1409 962 1436 Sic

175 1459 201 1479 et
224 1460 272 1479 nos
288 1453 338 1486 ipsi
356 1453 457 1480 sentire
478 1453 632 1485 didicimus,
651 1458 678 1480 et
690 1454 855 1482 credidimus
871 1462 886 1480 a
909 1454 963 1481 Deo

176 1505 208 1524 ac
229 1498 308 1524 Patre
322 1498 458 1532 proprium
477 1497 588 1528 Filium,
615 1498 698 1524 Deum
714 1499 838 1525 eumdem
863 1505 962 1526 secun—

1010 242 1057 268 ιενα
1073 241 1175 276 Κύριον
1199 239 1302 274 Ἰησοῦν
1328 239 1462 274 Χριστόν⁸
1479 239 1513 264 δι’
1533 236 1562 265 οὗ
1579 238 1627 264 καὶ
1646 236 1709 272 μεθ’
1723 232 1757 262 οὗ
1771 234 1821 268 τῷ

1009 287 1069 322 Θεῷ
1081 288 1127 314 καὶ
1140 287 1228 321 Πατρὶ
1241 285 1303 317 δόξα
1316 286 1365 312 σὺν
1378 285 1418 320 τῷ
1435 285 1505 319 ἁγιῳ
1519 284 1669 318 Πνεύματι,
1682 283 1726 313 εἰς
1744 281 1820 310 τοὺς

1009 333 1110 364 αἰῶνας
1123 332 1177 359 τῶν
1193 330 1309 358 αἰώνων.
1327 331 1424 366 Ἀμήν.

1188 403 1379 447 ΤΟΜΟΣ.
1415 402 1622 444 ΤΡΙΤΟΣ.

1045 493 1125 526 Μέγα
1153 493 1203 528 μὲν
1229 492 1452 528 ὁμολογουμένως
1474 491 1532 518 ἐστὶ
1547 491 1578 517 τὸ
1594 491 1644 526 τῆς
1662 488 1822 518 εὐσεϐείας

1010 539 1170 575 μυστήριον,
1193 539 1377 574 τεθαύμασται
1404 538 1432 564 δὲ
1458 537 1506 564 καὶ
1536 537 1600 572 παρ’
1625 537 1719 567 αὐτοῖς
1747 535 1820 564 τοῖς

1010 584 1097 618 ἁγίοις
1120 584 1257 618 ἀγγέλοις,
1273 584 1320 610 καὶ
1346 583 1414 618 πρός
1437 591 1470 617 γε
1488 582 1567 609 τοῦτο
1589 583 1662 617 ἡμᾶς
1686 580 1821 616 ὲμπεδοῖ

1009 629 1097 664 λέγων
1111 630 1124 656 ὁ
1141 629 1295 663 σοφώτατος
1309 628 1428 660 Παῦλος’
1445 629 1519 654 ι”ῐνα
1532 627 1671 664 γνωρισθῇ
1683 626 1732 653 νῦν
1744 627 1819 656 ταῖς

1010 676 1108 710 ἀρχαῖς
1122 676 1168 701 καὶ
1181 676 1240 707 ταῖς
1254 675 1390 707 ἐξουσίαις
1401 676 1429 700 ὲν
1440 675 1495 705 τοῖς
1509 674 1680 708 ἐπουρανίοις
1695 672 1740 699 διὰ
1755 671 1817 705 τῆς

1015 721 1188 755 Ἐκκλησιας,
1209 722 1224 756 ἡ
1242 720 1431 751 πολυποίκιλος
1457 719 1536 754 σοφία
1559 719 1606 745 τοῦ
1630 718 1716 749 Θεοῦ,
1733 718 1819 744 κατὰ

1010 767 1138 802 πρόθεσιν
1149 766 1203 792 τῶν
1217 766 1334 797 αἰώνων,
1348 766 1380 801 ἣν
1393 766 1519 801 ἐποίησεν
1531 766 1559 792 ὲν
1568 766 1606 800 τῷ
1617 765 1713 800 Κυρίῳ
1724 765 1818 799 ἡμῶν

1017 811 1102 846 Ἰησοῦ
1116 811 1235 845 Χριστῷ.
1251 813 1280 837 ὲν
1291 808 1314 845 ᾧ
1324 811 1421 846 ἔχομεν
1432 812 1481 846 τὴν
1492 811 1648 846 παρρησίαν
1661 810 1708 837 καὶ
1721 818 1817 845 προσ-

979 868 998 894 Β
1011 856 1122 891 ἀγωγὴν
1138 857 1167 883 ἐν
1181 856 1343 891 πεποιθήσει
1359 856 1402 882 διὰ
1420 856 1468 890 τῆς
1485 856 1610 887 πίστεως.
1628 865 1636 881 t
1652 856 1739 890 Σοφία
1751 855 1817 889 γὰρ

1009 902 1117 937 ἀληθῶς
1139 903 1186 928 καὶ
1211 903 1261 928 οὐκ
1281 902 1439 938 ἀνθρωπίνη
1455 902 1554 928 ποθέν·
1580 902 1638 928 θεία
1655 902 1682 928 δὲ
1702 902 1817 937 μᾶλλον

1010 949 1056 975 καὶ
1071 949 1100 974 ὲν
1115 949 1281 984 ἀπορρήτοις
1297 948 1351 974 τισὶ
1374 947 1468 983 βάθεσί
1490 957 1520 974 τε
1541 948 1587 974 καὶ
1601 947 1816 983 ἀκαταληψίας

1010 993 1134 1028 κειμένη,
1153 994 1183 1019 τὸ
1202 993 1320 1029 Χριστοῦ
1344 995 1508 1028 μυστήριονο
1526 993 1621 1028 ψάλλει
1640 994 1707 1027 γοῦν
1723 995 1737 1020 ὁ
1754 1002 1816 1028 μα-

1015 1040 1110 1074 κάριος
1126 1039 1208 1066 Δαὸίδ
1218 1048 1224 1054 ·
1244 1049 1252 1064 ι
1267 1040 1322 1066 Καὶ
1338 1039 1414 1065 ἔθετο
1430 1039 1522 1070 σκότος
1534 1039 1697 1074 ἀποκρυφὴν
1710 1038 1814 1068 αὑτοῦ,

1011 1085 1103 1120 κύκλῳ
1118 1085 1199 1111 αὐτοῦ
1222 1086 1238 1120 ἡ
1262 1084 1348 1120 σκηνὴ
1363 1084 1456 1116 αὑτοῦ,
1472 1085 1607 1111 σκοτεινὸν
1625 1084 1698 1120 ὕδωρ
1716 1085 1746 1111 ὲν
1765 1093 1817 1110 νε-

1012 1132 1107 1166 φέλαις
1129 1131 1227 1166 ἁέρωψ
1246 1132 1372 1158 [σκότον
1392 1129 1468 1166 οἶμαι
1489 1131 1576 1165 λέγων
1599 1131 1676 1157 οὐδὲν
1698 1131 1812 1166 ἕτερον.

1012 1177 1081 1213 πλὴν
1099 1177 1140 1203 ὅτι
1158 1185 1209 1203 που
1227 1179 1335 1208 παντως
1352 1176 1400 1211 τὴν
1419 1177 1473 1203 τῶν
1489 1176 1598 1203 ἐννοιῶν
1618 1176 1815 1203 δυσκάτοπτον

1011 1222 1131 1257 εὕρεσιν,
1147 1223 1203 1253 τοῖς
1231 1222 1277 1255 τῆς
1303 1222 1420 1253 διανοίας
1439 1221 1589 1257 ὀφθαλμοῖς
1613 1221 1713 1257 ἀχλύος
1729 1222 1812 1257 δῖκην

1012 1268 1210 1302 ἐμπίπτουσαν.
1224 1267 1317 1303 Ταύτῃ
1332 1267 1373 1294 τοί
1393 1276 1482 1303 φαμεν
1506 1267 1670 1303 ζητημάτων
1694 1268 1811 1302 ἰσχνῶν,

1012 1314 1058 1340 καὶ
1073 1314 1232 1349 περιεργίας
1247 1315 1294 1349 τῆς
1314 1314 1442 1340 ἐπέκεινα
1460 1313 1517 1346 νοῦ,
1535 1314 1677 1349 δεδεῆσθαι
1694 1315 1747 1350 μὲν
1763 1316 1812 1341 οῦ-

1011 1360 1104 1395 δαμῶς
1124 1360 1154 1386 τὸ
1171 1361 1289 1394 Χριστοῦ
1311 1363 1475 1396 μυστήριον
1506 1361 1624 1392 πίστεως
1649 1361 1677 1387 δὲ
1704 1361 1813 1393 μᾶλλον

1013 1406 1102 1440 ἁπλῆν
1116 1406 1163 1432 καὶ
1177 1406 1348 1441 ἀκακοῦργον
1364 1406 1478 1441 ἐχούσης
1491 1405 1540 1441 τὴν
1557 1406 1717 1441 παράδοσιν.
1729 1406 1814 1433 Οὕτω

1013 1452 1060 1477 καὶ
1076 1452 1158 1487 ἡμεῖς
1174 1452 1250 1477 αὐτοὶ
1266 1453 1373 1486 φρονεῖν
1387 1450 1575 1485 δεδιδάγμεθα,
1592 1451 1639 1477 καὶ
1657 1452 1812 1478 πεπιστεῦ-

1013 1505 1102 1531 καμεν
1121 1497 1162 1523 ὅτι
1183 1496 1249 1522 Θεὸν
1262 1496 1325 1522 ὄντα
1340 1496 1409 1523 κατὰ
1424 1496 1504 1531 φύσιν
1518 1496 1564 1523 τὸν
1578 1497 1643 1523 ἴδιον
1657 1497 1735 1529 Υῐὸν,
1753 1498 1811 1524 ἁπ-

175 1544 239 1570 dum
264 1548 401 1574 naturam,
418 1543 501 1570 luisse
522 1544 635 1570 missum
657 1543 794 1571 hominem
810 1543 921 1576 factum,
936 1549 962 1572 et
977 1539 994 1570 C

1048 1543 1134 1569 τειλεν
1156 1544 1170 1569 ό
1191 1543 1256 1574 Θεὸς
1274 1543 1320 1570 καὶ
1335 1543 1429 1578 Πατὴρ
1443 1542 1586 1578 ἄνθρωπον
1600 1542 1744 1578 γεγονότα,
1762 1544 1812 1570 καὶ

176 1597 209 1616 ex
227 1589 339 1615 muliere
360 1589 508 1615 secundum
529 1596 639 1615 carnem
653 1589 774 1624 genitum
788 1589 822 1622 "',
841 1595 869 1616 ut
890 1590 916 1616 in
932 1598 962 1618 se

175 1634 317 1662 credentes
332 1634 473 1667 justillcet,
489 1639 518 1661 et
538 1641 588 1661 suo
602 1635 720 1669 benigno
736 1635 963 1663 clementissimo-

177 1689 230 1715 que
247 1685 313 1707 nutu
330 1688 346 1707 a
364 1681 484 1715 peccatis
505 1680 532 1707 in
549 1680 702 1716 ignorantia
720 1681 846 1708 admissis
864 1680 962 1709 libera-

179 1733 229 1759 tos,
246 1733 328 1761 puros
341 1730 369 1753 et
388 1726 578 1754 innuaculatos
602 1733 650 1761 per
668 1733 698 1754 se
715 1725 771 1753 Deo
786 1731 814 1753 et
835 1726 907 1754 Patri
923 1727 963 1753 ol-

179 1774 257 1804 t‘erat,
269 1777 295 1799 et
307 1779 354 1799 eos
367 1772 464 1799 divinae
477 1779 533 1799 suae
545 1776 650 1799 natura!
664 1772 812 1807 participes
826 1771 962 1804 alliciat”,

178 1818 223 1852 qui
238 1819 318 1844 morti
336 1823 419 1852 atque
439 1817 608 1852 corruptioui
623 1823 702 1845 erant
713 1818 825 1845 obnoxii
835 1818 879 1851 1‘;
896 1823 923 1845 et
936 1823 965 1844 ut

179 1864 339 1896 praedicaret
353 1863 432 1889 caecis
450 1862 536 1889 visqu
549 1862 583 1894 ",
608 1867 635 1890 et
650 1862 800 1889 errantium
825 1863 963 1889 hominum

179 1916 273 1944 greges
288 1909 320 1935 ad
336 1908 422 1935 lucem
435 1915 506 1935 verm
519 1907 566 1935 Dei
579 1907 741 1942 cognitionis
756 1908 918 1940 traduceret,
932 1916 965 1935 ac

177 1954 289 1982 doceret
302 1954 364 1988 quis
378 1958 475 1980 natura
487 1960 606 1987 vereque
621 1953 690 1980 Deus
704 1957 785 1985 esset,
804 1957 829 1980 et
843 1953 963 1980 omnium

181 2007 269 2027 rerum
282 1999 372 2032 opifex
387 2007 393 2024 :
408 1998 551 2025 lactus‘est
565 1998 639 2025 enim
653 1997 721 2024 odor
740 1997 902 2032 Cognitionis
917 1996 964 2025 Dei

180 2053 212 2072 ac
227 2044 326 2076 Patris,
337 2049 364 2071 et
386 2044 412 2070 in
434 2044 490 2078 ipso
508 2044 699 2077 conspeximus
712 2043 786 2070 illum
802 2051 835 2070 ex
849 2051 903 2078 quo
919 2051 964 2071 se-

178 2089 296 2117 cundum
316 2094 440 2116 naturam
455 2093 496 2115 est
517 2088 633 2122 genitus,
652 2092 679 2113 et
702 2086 846 2114 manifeste
860 2094 964 2122 cogno-

179 2136 267 2161 vimus
280 2135 350 2161 viam
369 2140 428 2168 qua:
442 2140 490 2159 nos
509 2134 542 2159 ad
562 2138 690 2158 aeternam
712 2132 794 2158 vitam
811 2131 908 2158 defert.
927 2132 964 2158 Ita

179 2180 261 2209 etiam
278 2180 337 2208 fore
354 2184 384 2205 ut
401 2179 519 2214 genitum
541 2179 667 2213 gregibus
690 2178 747 2211 ipse
767 2177 854 2206 Filius
871 2178 964 2205 illuce-

181 2230 238 2256 ret,
258 2225 357 2252 beatus
380 2224 511 2259 propheta
539 2223 623 2250 Isaias
647 2223 726 2257 longe
751 2228 815 2250 ante
838 2224 966 2250 clamavit

181 2271 276 2298 dicens
291 2277 299 2297 :
318 2279 327 2295 ι
345 2269 390 2296 Sic
406 2269 471 2296 dicit
486 2269 614 2296 Dominus
630 2277 637 2295 :
656 2269 801 2295 Lahoravit
817 2268 963 2304 Egyptus,

179 2321 205 2342 ct
228 2314 427 2349 negotiationes
451 2313 629 2348 Ethiopum,
653 2319 680 2341 et
696 2314 750 2349 62
768 2313 892 2347 Sabaiui,
914 2315 964 2341 viri

179 2361 307 2388 sublimes
322 2361 357 2387 ad
373 2365 397 2387 te
413 2360 578 2392 transibunt,
601 2365 628 2387 et
644 2360 693 2387 tibi
716 2360 847 2391 servient,
865 2366 892 2387 et
905 2365 966 2395 post

180 2412 206 2432 te
229 2410 378 2440 sequentur
404 2404 488 2431 vincti
514 2405 707 2438 compedibus,
729 2409 758 2431 et
781 2406 966 2432 currahuntur

181 2453 239 2483 tihi,
253 2457 280 2479 et
297 2453 323 2478 in
341 2455 367 2478 te
381 2451 544 2484 adorabunt,
560 2451 622 2486 quia
640 2451 666 2477 in
685 2457 710 2479 te
722 2451 793 2479 Deus
809 2458 861 2484 est,
875 2457 964 2479 etnon

179 2504 220 2524 cst
243 2499 313 2524 Deus
331 2503 430 2532 praeter
453 2502 498 2525 te:
514 2503 541 2524 tu
560 2504 590 2524 es
612 2497 683 2524 enim
707 2497 776 2524 Deus
801 2502 828 2524 et
848 2498 964 2524 nesciri-

181 2551 249 2574 mus,
274 2544 343 2570 Deus
367 2543 449 2570 Israel
474 2543 635 2571 salvator”.
652 2552 661 2568 ι
685 2542 792 2570 Dictum
819 2548 861 2570 est
882 2543 964 2570 etiam

180 2589 273 2623 procul
287 2589 367 2616 dubio
383 2590 416 2616 ad
426 2589 536 2623 Filium,
552 2597 646 2616 rursus
660 2594 788 2623 tanquam
800 2597 832 2616 ex
847 2597 962 2623 persona

183 2636 228 2661 Del
243 2643 274 2661 ac
291 2635 377 2663 Patris
391 2644 397 2662 :
415 2645 425 2661 ι
442 2636 511 2663 Ecce
528 2637 605 2671 posui
621 2641 647 2662 te
665 2636 691 2662 in
709 2640 900 2662 testamentum
917 2643 964 2669 ge—

182 2681 263 2711 neris,
278 2681 303 2707 iu
319 2681 405 2708 lucem
420 2682 551 2715 gentium,
567 2687 596 2708 ut
607 2682 644 2709 sis
660 2682 686 2708 in
700 2681 814 2708 salutem
831 2689 914 2715 neque
930 2681 963 2707 ad

181 2732 331 2753 extremum
351 2732 429 2754 terra:
441 2727 486 2753 ⁷⁸⁸.
504 2736 513 2752 ›
531 2726 635 2761 Populo
649 2727 720 2754 enim
734 2734 767 2753 cx
783 2727 915 2761 sanguine
926 2734 959 2753 ac

1013 1590 1045 1615 ἐκ
1059 1589 1186 1622 γυναικὸς
1206 1589 1276 1615 κατὰ
1291 1589 1380 1625 σάρκα
1392 1590 1600 1624 γεγεννημένον,
1615 1589 1658 1615 ἵνα
1673 1589 1812 1626 δικαιώσῃ

1013 1634 1076 1665 τοὺς
1093 1635 1133 1666 εἰς
1145 1634 1226 1661 αὑτὸν
1245 1635 1433 1666 πιστεύοντας·
1447 1635 1493 1661 καὶ
1508 1635 1560 1661 τῶν
1575 1635 1603 1662 ὲν
1618 1635 1718 1670 ἀγνοίᾳ
1729 1644 1813 1662 πται-

1014 1681 1137 1714 σμάτων,
1157 1682 1286 1716 χρηστοῖς
1299 1681 1345 1708 καὶ
1362 1681 1548 1716 ἡμερωτάτοις
1569 1681 1730 1713 ἀπαλλάξας
1747 1682 1811 1708 νεύ-

1015 1733 1091 1760 μασι,
1106 1724 1241 1760 καθαροὺς
1259 1725 1306 1752 καὶ
1320 1725 1452 1761 ἀμώμους
1465 1726 1658 1761 προσκομίσειε
1672 1726 1706 1752 δι’
1721 1726 1808 1752 αὑτοῦ

1013 1770 1052 1805 τῷ
1077 1771 1136 1805 Θεῷ
1157 1771 1205 1797 καὶ
1230 1771 1326 1806 Πατρὶ,
1343 1771 1390 1797 καὶ
1413 1772 1462 1806 τῆς
1487 1771 1561 1803 θείας
1580 1771 1678 1798 ἑαυτοῦ
1695 1771 1807 1806 φύσεως

1015 1817 1164 1852 ἐργάσηται
1182 1819 1338 1848 κοινωνοὺς,
1350 1819 1413 1849 τοὺς
1427 1817 1480 1844 ὑπὸ
1494 1817 1608 1844 θάνατον
1620 1818 1669 1844 καὶ
1683 1817 1790 1854 φθοράν
1801 1827 1807 1833 ·

1015 1862 1121 1899 κηρύξῃ
1137 1864 1164 1890 δὲ
1181 1864 1226 1890 καὶ
1246 1864 1357 1897 τυφλοῖς
1371 1864 1518 1898 ἀνάϐλεψιν
1530 1871 1537 1878 ·
1558 1864 1605 1890 καὶ
1619 1863 1669 1894 τὰς
1687 1863 1744 1889 τῶν
1759 1872 1811 1890 πε-

1016 1909 1194 1944 πλανημένων
1215 1909 1314 1942 ἀγέλας
1340 1909 1380 1940 εἰς
1400 1909 1429 1935 τὸ
1451 1909 1500 1943 τῆς
1511 1908 1629 1943 ἀληθοῦς
1642 1909 1810 1943 θεογνωσίας

1017 1953 1188 1989 μετακομίσῃ
1212 1953 1268 1987 φῶς
1281 1962 1287 1967 ·
1305 1953 1399 1989 διδάξῃ
1413 1962 1442 1980 τε
1457 1953 1560 1986 λοιπὸν,
1573 1953 1614 1984 τίς
1638 1955 1652 1980 ὁ
1673 1954 1756 1988 (posst
1780 1962 1810 1980 τε

1016 1998 1062 2024 καὶ
1080 1998 1185 2034 ἀληθῶς
1198 1999 1256 2025 ἐστι
1270 1998 1346 2031 Θεὸς,
1362 2000 1408 2025 καὶ
1422 1997 1477 2025 τῶν
1486 1999 1553 2026 ὅλων
1570 1999 1750 2035 δημιουργὸς,
1761 2001 1808 2035 γέ-

1015 2053 1076 2078 γονε
1092 2045 1146 2080 γὰρ
1160 2044 1232 2080 ὀσμὴ
1251 2045 1301 2080 τῆς
1322 2045 1449 2078 γνώσεως
1472 2045 1519 2072 τοῦ
1540 2045 1606 2072 Θεοῦ
1622 2046 1667 2072 καὶ
1683 2047 1791 2082 Πατρός
1802 2056 1808 2062 ·

1015 2090 1063 2116 καὶ
1079 2090 1109 2115 ὲν
1123 2089 1197 2124 αὑτῷ
1211 2090 1365 2125 τεθεάμεθα
1384 2090 1440 2122 τὸν,
1455 2090 1484 2122 ἐξ
1507 2086 1538 2116 οὗ
1562 2091 1725 2127 γεγέννηται
1740 2093 1810 2118 κατά

1017 2134 1096 2168 φύσιν
1106 2143 1113 2150 ·
1134 2134 1295 2169 ἐγνώκαμεν
1315 2144 1345 2162 τε
1362 2135 1456 2170 σαφῶς
1474 2137 1522 2171 τὴν
1537 2138 1575 2168 εις
1590 2137 1662 2172 ζωὴν
1675 2139 1751 2173 ἡμᾶς
1761 2139 1810 2173 τὴν

1017 2180 1101 2206 ἀΐδιον
1119 2180 1311 2215 ἀποφέρουσαν
1327 2181 1395 2208 ὁδόν.
1410 2180 1488 2207 υῦτω
1504 2183 1549 2208 καὶ
1570 2184 1629 2214 ταῖς
1650 2183 1705 2209 τῶν
1724 2183 1810 2211 ἐθνῶν

1018 2225 1130 2259 ἀγέλαις
1151 2225 1317 2260 ἑπιλάμψειν
1337 2227 1383 2252 τὸν
1398 2226 1461 2253 Υῐὸν
1475 2228 1489 2253 ὁ
1510 2229 1643 2263 μακᾲριος
1666 2230 1809 2264 προφήτης

1025 2271 1139 2302 Ἡσαΐας
1153 2273 1398 2307 προανεκεκράγει,
1415 2273 1502 2307 λέγων
1512 2281 1518 2288 ’
1540 2284 1549 2298 ι
1565 2273 1642 2300 Οὕτω
1663 2274 1739 2309 λέγει
1752 2276 1810 2302 Κύ-

1019 2316 1256 2351 ριοςιΈκοπίασεν
1278 2317 1425 2352 Αἴγυπτος,
1445 2319 1491 2344 καὶ
1507 2319 1638 2354 ἐμπορίαι
1659 2319 1809 2351 Αἰθιόπων,

1019 2363 1062 2388 καὶ
1077 2363 1102 2388 οἱ
1116 2362 1234 2397 Σαῦαἳμ.
1245 2363 1340 2398 ἄνδρες
1351 2363 1449 2398 ὑψηλοὶ
1463 2364 1510 2390 ἐπὶ
1525 2365 1553 2390 σὲ
1564 2364 1642 2399 διαϐή
1648 2373 1750 2397 σονται,
1764 2368 1810 2392 καὶ

1020 2408 1060 2433 σοὶ
1076 2407 1180 2433 ἔσονται
1192 2407 1291 2440 δοῦλοι,
1309 2409 1355 2434 καὶ
1372 2408 1460 2434 ὀπίσω
1476 2417 1521 2435 σου
1537 2409 1751 2445 ἀκολουθήσουσι
1765 2411 1809 2437 δε-

1019 2453 1126 2489 δεμένοι
1146 2453 1317 2488 κειροπέδαις
1330 2462 1336 2468 “
1354 2454 1400 2480 καὶ
1414 2456 1631 2490 προσκυνήσουσί
1650 2464 1702 2487 σοι,
1719 2457 1767 2483 καὶ
1783 2458 1810 2483 ἐν

1020 2499 1060 2524 σοὶ
1084 2497 1293 2532 προσεύξονται·
1314 2500 1354 2526 ὄτι
1371 2501 1400 2527 ὲν
1417 2503 1457 2525 σοι
1479 2501 1494 2526 ὀ
1517 2501 1582 2532 Θεός
1597 2502 1673 2528 ἐστι’
1696 2502 1744 2529 καὶ
1761 2503 1809 2529 οἰκ

1017 2544 1075 2570 ἐστι
1088 2543 1154 2576 Θεὸς
1170 2545 1241 2580 πλήν
1255 2553 1313 2575 σου.
1329 2545 1365 2571 Σὺ
1379 2545 1432 2581 γὰρ
1446 2543 1471 2572 εἶ
1483 2545 1548 2577 Θεὸς
1561 2547 1607 2573 καὶ
1621 2547 1670 2573 οὐκ
1685 2548 1807 2583 ᾔδειμεν,

1016 2590 1031 2615 ὸ
1041 2589 1106 2621 Θεὸς
1117 2589 1164 2616 τοῦ
1184 2590 1293 2626 Ἰσραὴλ
1305 2592 1404 2626 σωτήρ.
1422 2601 1431 2617 ι
1445 2592 1559 2627 Εἴρηται
1572 2592 1601 2619 δέ
1615 2601 1667 2619 που
1681 2593 1752 2628 πρὸς
1767 2594 1810 2619 τὸν

1019 2635 1091 2665 Υιὺν,
1104 2635 1141 2666 ὡς
1158 2635 1190 2661 ὲκ
1206 2636 1352 2671 προσώπου
1366 2636 1445 2663 πάλιν
1460 2637 1507 2664 τοῦ
1522 2636 1589 2663 Θεοῦ
1615 2638 1662 2664 καὶ
1685 2638 1807 2673 Πατρός·

1020 2690 1029 2706 ι
1041 2681 1106 2707 Ἰδοὺ
1116 2681 1227 2708 τέθεικά
1238 2690 1267 2708 σε
1278 2683 1317 2713 εἰς
1330 2682 1462 2718 διαθήκην
1475 2683 1581 2718 γένους,
1592 2685 1632 2715 εῑς
1643 2683 1703 2718 φῶς
1712 2684 1808 2717 ἐθνῶν,

1011 2726 1059 2753 τοῦ
1084 2724 1154 2753 εἶναι
1178 2735 1207 2753 σε
1231 2728 1271 2759 εἰς
1296 2723 1434 2764 σωτηρίαν
1451 2729 1504 2760 ἕως
1520 2730 1637 2764 ἐσχάτου
1650 2730 1700 2764 τῆς
1715 2730 1780 2765 γῆς.
1797 2740 1805 2756 ι

213 2802 235 2816 ⁷⁰
253 2801 403 2842 [ςΓιιη-.-ιιμ
423 2803 466 2830 16.
505 2804 538 2842 ⁷-⁸·
551 2802 648 2842 [ξιιΙιεε.
665 2803 826 2842 ιιιελιοηῆἓε
863 2804 885 2819 ⁷¹
904 2803 994 2842 Psal:_1

1050 2824 1057 2834 .
1074 2805 1125 2842 12:
1156 2805 1180 2842 _"
1198 2803 1286 2831 Galat.
1302 2814 1338 2835 ιν.
1353 2806 1379 2834 4.
1419 2808 1443 2823 ⁷³
1459 2808 1481 2835 ll
1493 2809 1568 2836 Petr.
1584 2817 1606 2842 I,
1620 2809 1647 2836 4.
1685 2809 1712 2826 ⁷⁸
1727 2809 1807 2838 Rom.

180 2837 295 2865 \‘tll.‘2'i.

333 2838 356 2853 ⁷⁵
376 2839 426 2864 ικλι.
442 2847 495 2869 L‘tl,
511 2839 541 2869 'l;
559 2839 622 2864 Luc.
642 2846 678 2870 tv,
695 2839 737 2865 l9.
777 2839 799 2853 ⁷ο
817 2837 868 2865 lsa.
888 2847 947 2872 tu,
962 2839 1004 2872 Μ,
1021 2841 1066 2866 Ην.

1104 2840 1136 2855 ⁷³⁵
1155 2839 1205 2866 lsa.
1222 2848 1293 2869 stis.
1309 2842 1335 2869 6.
