1883 3054
177 159 229 188 115

665 162 694 190 8.
717 162 855 191 οῖιιιιιι
874 162 1113 191 ΑιΕΧΑΝοιιιΝι
1130 163 1291 192 ARClllEP.

1752 162 1811 189 "‘5

177 221 320 248 scribens:
340 230 349 247 ι
365 220 455 254 Unde,
479 221 576 249 fratres
597 223 695 254 sancti,
711 223 862 250 vocationis
886 223 962 251 coele-

1055 224 1127 259 ὑρων
1143 224 1190 251 καὶ
1214 223 1331 259 μόσχων,
1351 221 1408 249 ἀλλ’
1430 222 1447 256 ή
1466 221 1515 256 τῆς
1533 221 1663 248 ἁπάντων
1683 220 1811 251 πίστεως

177 266 225 293 stis
240 267 395 302 participes,
408 267 578 294 considerate
589 267 746 302 Apostolnm
759 273 787 296 et
800 268 956 295 Pontifieem

176 311 354 340 confessionis
367 317 466 339 nostra:
482 312 584 346 Jesum,
602 314 647 348 qui
664 314 751 341 ﬁdelis
763 319 804 341 est
817 314 841 340 ei
855 313 899 348 qui
917 313 952 340 fe-

177 357 215 384 cit
232 358 304 384 illum
313 358 347 385 ⁸³.
364 368 374 384 ι
392 358 478 392 Ipsum
501 359 583 394 igitur
597 360 744 387 asserimns
760 367 792 388 ex
811 359 866 386 Deo
880 360 959 388 Patre

180 402 297 430 Verbum
312 412 373 431 cum
390 410 499 439 accepta
516 405 588 432 servi
607 406 694 432 forma
713 411 823 440 propter
841 412 890 432 nos
902 405 960 432 exi-

178 448 286 475 nanitus
307 456 367 476 esse
389 450 500 483 dicitur,
524 454 578 476 tum
596 450 629 476 ad
657 451 832 478 humanitatis
853 457 960 485 quoque

178 500 330 520 mensuram
358 494 475 528 seipsum
495 494 637 529 dejecisse,
658 496 701 522 cui
720 503 852 522 mensurae
866 502 961 523 conse-

177 543 292 572 quenter
313 539 456 566 admodum
481 541 617 571 convenit,
643 544 671 567 ut
690 541 789 568 missus
805 548 866 568 esse
885 546 962 575 pute-

179 587 231 614 tur,
247 589 273 611 et
286 583 373 618 ipsum
393 584 453 619 ejus
472 585 634 613 sacriﬁcium
651 586 768 621 supremi
789 586 860 614 illius
874 586 960 614 hono-

179 629 215 656 ris
228 630 303 664 quasi
316 631 473 659 conciliator
486 632 594 666 quidam
610 632 790 660 existimetur.
804 632 870 659 Nam
887 633 909 660 si
921 632 961 659 fa-

177 680 238 702 ctus
266 676 351 703 nostri
381 677 488 710 similis,
513 678 635 705 adoravit
657 678 796 706 nobiscum
815 684 844 706 ut
869 678 960 711 homo,

177 721 300 754 quamvis
327 722 421 750 adoret
441 723 527 757 ipsum
550 724 594 750 illa
611 731 728 758 superna
754 729 963 758 sanctarnmque

177 766 322 800 spirituum
350 768 513 800 multitudo,
536 777 597 795 cum
627 769 661 797 de
684 769 730 797 illo
755 769 843 798 Moses
867 770 960 797 dicat:

181 819 190 836 ‹
206 809 357 844 Laatamini,
368 812 439 845 cmli,
454 812 534 839 simul
549 821 609 840 cum
625 814 683 847 ipso
692 814 725 846 ⁸⁸,
737 820 763 842 et
776 814 888 841 adorent
901 821 961 841 eum

178 863 274 883 omnes
289 855 335 883 lilii
354 857 400 884 Dei
411 857 452 890 ⁶⁷;
469 867 477 884 ι
499 859 563 893 quid
581 867 690 892 novum,
707 864 734 886 et
749 867 764 886 a
782 860 962 894 dispensatio-

179 901 222 929 nis
237 902 387 931 rationibus
399 904 527 938 alienum,
541 905 563 932 si
579 906 677 933 summi
692 906 836 933 sacerdotii
852 913 963 933 munere
978 903 999 930 Β

180 948 288 977 functus
310 955 362 983 est,
386 955 415 978 ut
437 951 483 985 qui
500 951 527 978 in
550 952 660 979 odorem
678 952 819 980 suavitatis
841 953 959 986 seipsum

179 1003 228 1028 pro
244 995 333 1029 nobis,
354 1000 381 1023 et
403 1005 451 1024 nos
473 1005 520 1032 per
533 998 652 1032 seipsum
669 1003 695 1025 et
713 998 740 1025 in
760 998 850 1033 seipso
866 998 920 1025 Deo
936 1001 964 1025 et

179 1040 252 1068 Patri
269 1041 413 1069 obtulerit?
429 1052 438 1068 ι
453 1042 553 1070 Christi
573 1044 644 1071 enim
658 1043 744 1071 bonus
755 1045 822 1071 odor
835 1051 937 1075 sumus,
951 1053 961 1069 ι

181 1092 209 1113 ιιι
224 1088 354 1122 scriptum
372 1094 413 1116 est
435 1089 467 1115 ⁸³.
487 1089 538 1116 Sed
555 1090 612 1116 haec
628 1089 740 1116 minime
759 1089 887 1117 decenter
903 1096 964 1116 esse

183 1133 254 1160 facta
273 1141 368 1162 rursus
383 1137 507 1170 egregius
522 1134 565 1162 hic
579 1135 622 1162 vir
634 1134 760 1167 afﬁrmat,
777 1142 809 1162 ac
823 1142 964 1170 propemo-

179 1178 242 1205 dum
263 1179 369 1207 deridet
385 1188 432 1208 eos
447 1181 492 1214 qui
515 1181 571 1208 hanc
587 1181 623 1207 ita
647 1188 677 1207 se
694 1181 794 1208 habere
810 1185 915 1213 plitant,
931 1187 963 1208 ac

179 1226 269 1253 divina
288 1226 400 1254 consilia
413 1227 493 1262 impie
507 1227 719 1262 reprehendens,
733 1226 760 1254 in
776 1226 847 1254 hunc
857 1226 963 1254 modum

181 1271 238 1300 fere
253 1273 318 1300 dicit
334 1282 341 1300 :

217 1402 272 1438 64
287 1402 416 1435 [Nam-on.
437 1404 504 1431 Cum
515 1405 585 1432 enim
601 1405 714 1433 audiunt
725 1412 823 1432 nomen
837 1404 964 1439 apostoli,

182 1447 267 1481 ipsum
286 1448 369 1475 Deum
382 1448 498 1476 Verbum
516 1450 668 1485 intelligunt
688 1450 850 1485 apostolum.
870 1449 964 1477 Ponti-

181 1492 239 1520 ﬁcis
251 1493 458 1528 appellationem
474 1503 536 1522 cum
555 1496 656 1530 legunt,
672 1497 842 1526 divinitatem
858 1498 965 1532 pontiﬁ-

181 1544 240 1565 cem
254 1538 305 1565 sibi
321 1538 436 1573 ﬁngunt,
456 1547 523 1567 nova
542 1541 685 1569 dementia:
699 1543 800 1577 specie.
813 1543 879 1578 Quis
892 1545 963 1572 enim

181 1583 294 1616 apostoli
318 1591 416 1611 munus
437 1592 498 1611 cum
523 1585 665 1618 didicerit,
685 1594 737 1614 non
760 1587 831 1615 illico
852 1589 964 1617 indicari

182 1628 318 1655 hominem
346 1629 497 1664 intelligat?
521 1630 587 1664 Quis
604 1632 738 1666 pontiﬁcis
762 1633 965 1668 appellationem

182 1674 312 1706 audiens,
344 1674 496 1702 divinitatis
523 1676 671 1703 essentiam
700 1677 786 1712 ipsum
812 1678 965 1713 pontiﬁcem

180 1719 337 1746 existimet?
354 1719 421 1747 Nam
438 1720 460 1747 si
478 1721 598 1755 pontifex
611 1727 651 1750 est
665 1723 721 1758 ipsa
739 1722 882 1756 Divinitas,
893 1725 967 1758 quis-

184 1773 244 1792 nam
268 1765 311 1793 ille
335 1770 376 1794 est
401 1767 445 1801 qui
470 1768 642 1801 pontiﬁcatus
667 1776 778 1796 munere
803 1769 921 1797 colitur?
944 1770 966 1798 si

184 1809 254 1838 Deus
270 1815 310 1838 est
330 1812 376 1846 qui
399 1812 490 1845 offert,
508 1813 597 1840 nullus
619 1818 660 1840 est
686 1815 729 1841 cui
754 1814 867 1842 oﬁ'crtur
881 1824 888 1843 :
903 1816 967 1850 quid

184 1856 256 1882 enim
275 1856 421 1884 Divinitate
437 1858 548 1891 dignum
572 1859 618 1892 sit,
637 1863 666 1885 ut
686 1859 730 1886 illa
748 1865 874 1895 tanquam
896 1861 967 1889 infe-

185 1903 239 1929 rior
258 1902 351 1937 majori
375 1902 491 1930 oil‘erat?
518 1903 568 1931 llis
592 1905 713 1939 adjungit
728 1913 738 1932 :
754 1905 894 1933 Undenam
918 1908 968 1942 ipsi

178 1952 313 1981 putarunt
324 1949 407 1976 Deum
426 1957 497 1977 nunc
510 1955 636 1978 vocatum
654 1959 714 1979 esse
730 1953 894 1987 pontiﬁcem,
906 1961 968 1980 cum

184 1993 230 2020 ille
245 1994 330 2022 hostia
349 1995 381 2022 ad
394 1996 590 2030 promotionem
605 2005 694 2030 suam,
710 2002 738 2025 ut
750 1997 901 2033 pontiﬁces,
915 2006 969 2026 non

184 2039 322 2074 indigeat?
335 2040 446 2068 Deitatis
467 2049 607 2076 possessor
630 2050 662 2070 ex
686 2043 842 2072 hominibus
862 2052 968 2072 assum-

184 2091 246 2120 ptus
261 2094 310 2121 pro
324 2087 477 2116 hominibus
487 2089 661 2117 constituitur
680 2089 706 2117 in
719 2090 762 2117 his
778 2098 838 2125 quae
857 2095 921 2119 sunt
936 2091 969 2119 ad

185 2132 297 2168 Deum]

978 1569 1001 1599 ο

515 2200 591 2229 CAP.
612 2201 632 2229 Ι.

220 2268 303 2304 Igitur
318 2276 351 2296 ne
370 2269 481 2296 missum
501 2269 609 2304 quidem
625 2276 685 2297 esse
707 2270 735 2297 in
751 2270 822 2299 hunc
837 2271 968 2299 mundum

185 2316 273 2349 ipsum
299 2315 346 2343 Dei
369 2314 485 2342 Verbum
506 2316 625 2344 asseris?
647 2317 753 2352 decepit
774 2324 850 2352 ergo,
878 2322 905 2344 ut
927 2321 970 2345 est

185 2369 364 2396 consequens,
380 2362 503 2389 homines
519 2369 569 2390 suo
582 2363 734 2390 ministerio
751 2369 862 2391 vocatos
874 2364 970 2391 beatus

184 2406 299 2439 Paulus;
314 2407 351 2434 ait
364 2407 456 2434 enim:
474 2417 482 2432 ι
498 2407 570 2435 Misit
580 2408 652 2436 Deus
666 2408 763 2436 Filium
778 2417 855 2437 suum
869 2409 967 2437 factum

185 2461 217 2479 ex
234 2453 355 2484 muliere,
371 2452 470 2480 factum
488 2453 537 2481 sub
551 2454 608 2489 lege
618 2453 660 2481 "z
678 2464 687 2480 ι
704 2455 876 2483 convincitur
885 2456 967 2482 etiam

186 2505 232 2528 tuo
240 2500 341 2535 judicio
350 2500 443 2528 beatus
453 2500 538 2528 David
551 2506 652 2529 temere
663 2509 771 2529 carmen
784 2503 967 2535 contexuisse,

983 2243 1008 2273 ἰ)

186 2551 213 2573 et
224 2546 409 2573 inscrulahilia
423 2555 560 2581 quaerere;
575 2548 642 2575 dixit
658 2549 730 2575 enim
743 2548 850 2576 Patrem
863 2549 910 2583 qui
926 2555 969 2577 est

186 2591 213 2618 in
233 2591 309 2619 cwlis
322 2596 349 2619 et
368 2592 451 2620 Deum
469 2593 629 2628 alloquens:
647 2603 656 2620 (
673 2595 771 2622 Emitte
792 2594 879 2622 lucem
895 2599 968 2622 luam

1009 271 1150 308 ὁμολογία.
1178 269 1234 296 Καὶ
1256 268 1422 295 πιστώσεται
1445 267 1526 294 πάλιν
1547 267 1596 294 ὡδὶ
1618 266 1773 302 γεγραφὼς
1794 266 1812 292 ὁ

1012 316 1147 352 μακάριος
1167 314 1290 345 Παῦλος·
1307 313 1419 344 «Ὅθεν,
1437 312 1547 347 ἀδελφοὶ
1575 313 1658 346 ἅγιοι,
1678 312 1812 347 κλήσεως

1010 361 1174 397 ὲπουρανίου
1200 360 1320 394 μέτοχοι,
1345 359 1534 394 κατανοήσατε
1562 358 1607 385 τὸν
1638 356 1812 384 Ἀπόστολον

1011 409 1058 435 καὶ
1076 407 1219 442 ’Δρχιερέα
1232 405 1283 440 τῆς
1301 405 1446 440 ὁμολογίας
1470 404 1550 439 ἡμῶν
1571 403 1686 439 Ἰησοῦν,
1706 402 1812 430 πιστὸν

1010 454 1076 480 ὂντα
1093 452 1132 488 τῷ
1155 452 1298 487 ποιήσαντι
1314 451 1405 477 αὐτόν.
1422 459 1432 476 ι
1467 449 1554 476 Δὺτὸν
1574 447 1621 476 οὖν
1636 450 1692 485 ἄρα
1708 448 1810 483 φαμὲν

1011 500 1055 526 τὸν
1070 500 1103 526 ὲκ
1115 497 1183 526 Θεοῦ
1200 497 1307 532 Πατρὸς
1323 496 1419 530 Λόγον,
1435 495 1480 522 ὅτε
1495 495 1529 522 δι’
1544 495 1618 531 ἡμᾶς
1632 493 1812 521 κεκενῶσθαι

1012 546 1122 580 λέγεται
1148 543 1253 580 μορφὴν
1265 543 1358 570 δούλου
1372 541 1473 575 λαϐὼν,
1497 542 1558 568 τότε
1575 542 1622 568 καὶ
1637 542 1667 568 ὲν
1681 542 1738 573 τοῖς
1755 540 1813 575 τῆς

1012 592 1222 628 ἀνθρωπότητος
1236 590 1346 625 μέτροις
1360 588 1455 615 ἑαυτὸν
1475 588 1608 620 καθεῖναι,
1622 585 1662 619 οἷς
1675 587 1709 613 ἂν
1729 586 1812 622 πρέ-

1013 647 1058 665 ποι
1081 638 1127 664 καὶ
1147 637 1220 673 μάλα
1245 636 1368 666 εἰκότως,
1396 633 1490 660 καὶτὸ
1514 633 1682 660 ἀπεστάλθαι
1702 632 1814 664 δοκεῖν,

1013 685 1060 711 καὶ
1086 684 1137 718 τῆς
1169 682 1300 710 ἀνωτάτω
1326 681 1410 716 τιμῆς
1438 679 1563 715 ἡγεῖσθαι
1594 678 1725 714 πρόξενον
1755 677 1816 712 τὴν

1014 729 1179 766 ἱερουργίαν.
1193 729 1225 755 Εἰ
1240 729 1294 763 γὰρ
1306 727 1422 761 ἐπείπερ
1437 725 1534 760 γέγονε
1547 724 1608 751 καθ’
1623 725 1707 759 ἡμᾶς,
1718 731 1814 758 προσ-

1014 776 1149 810 κεκύνηκε
1168 774 1228 810 μεθ’
1239 772 1318 809 ἡμῶν
1335 773 1372 804 ὡς
1387 771 1530 806 ἄνθρωπος
1541 777 1549 784 ·
1571 770 1660 796 καίτοι
1681 776 1815 804 προσκυ-

1015 822 1113 857 νοὺσης
1125 820 1206 848 αὐτὸν
1219 821 1268 855 τῆς
1284 819 1340 846 ἄνω
1351 817 1481 852 πληθύος,
1497 816 1544 843 καὶ
1558 815 1612 842 τῶν
1625 815 1713 849 ἁγίων
1725 821 1816 840 πνευ-

1016 867 1119 903 μάτων,
1135 866 1259 900 λέγοντός
1272 874 1302 891 τε
1314 864 1436 895 Μωσέως
1456 862 1521 898 περὶ
1540 861 1634 893 αὐτοῦ,
1657 870 1666 886 ι
1679 859 1816 894 Εὐφράν-

1014 913 1089 947 θητε,
1098 911 1217 946 οὐρανοὶ,
1228 911 1285 945 ἃμα
1293 910 1377 944 αὐτῷ,
1387 908 1434 935 καὶ
1447 907 1713 944 προσκυνησάτωσαν
1724 905 1815 932 αὑτὸν

1017 959 1118 990 πάντες
1134 958 1187 984 υἱοὶ
1206 957 1274 984 Θεοῦ
1286 965 1292 972 ·
1309 966 1319 981 ι
1334 956 1360 982 τί
1377 955 1408 982 τὸ
1425 954 1500 986 ξένον
1521 954 1538 988 ἢ
1561 954 1619 985 τοῖς
1635 952 1685 988 τῆς
1701 953 1814 978 οἰκονο-

1015 1005 1079 1039 μίας
1090 1004 1179 1038 λόγοις
1194 1003 1376 1038 ἀνάρμοστον,
1388 1003 1412 1028 εἰ
1423 1000 1630 1037 κεχρημάτικεν
1645 997 1813 1034 ἀρχιερεὺς,

1012 1050 1051 1081 ὡς
1075 1051 1116 1081 είς
1132 1049 1220 1085 ὀσμὴν
1241 1048 1354 1080 εὐωδίας
1377 1047 1474 1074 ἑαυτόν
1498 1055 1528 1073 τε
1550 1046 1622 1081 ὑπὲρ
1643 1044 1733 1080 ἡμῶν,
1761 1043 1814 1070 καὶ

1014 1096 1087 1130 ἡμᾶς
1100 1095 1238 1126 ἀνατιθεὶς
1265 1094 1298 1121 δι’
1314 1094 1411 1120 ἑαυτοῦ
1430 1102 1460 1119 τε
1484 1093 1529 1119 καὶ
1546 1093 1575 1118 ὲν
1590 1091 1679 1126 ἑαυτῷ
1693 1090 1733 1126 τῷ
1747 1090 1814 1124 Θεῷ

1013 1141 1061 1166 καὶ
1075 1139 1180 1175 Πατρὶς
1198 1148 1207 1165 ι
1221 1138 1339 1174 Χριστοῦ
1351 1139 1406 1174 γάρ
1417 1139 1502 1173 ἐσμεν
1515 1136 1613 1163 εὐωδία
1626 1135 1696 1171 (18),
1709 1144 1721 1161 ι
1737 1134 1814 1162 κατὰ

1013 1187 1044 1213 τὸ
1070 1185 1275 1222 γεγραμμένον.
1308 1185 1378 1212 Ἀλλ’
1399 1185 1499 1220 ἥκιστα
1526 1183 1575 1218 μὲν
1594 1183 1624 1209 έν
1646 1181 1745 1217 κόσμῳ
1770 1180 1815 1215 τῷ

1013 1231 1099 1259 δέοντι
1110 1231 1270 1266 πεπρᾶχθαι
1280 1230 1370 1262 ταυτὶ,
1385 1229 1581 1265 διῖσχυρίζεται
1594 1227 1674 1255 πάλιν
1689 1228 1703 1253 ό
1713 1226 1814 1261 γεννά-

1014 1278 1062 1309 δας
1085 1277 1191 1304 οὑτοσί·
1214 1277 1294 1312 μόνον
1320 1276 1348 1302 δὲ
1376 1276 1437 1311 οὐχὶ
1466 1273 1631 1309 καταμειδιᾷ
1656 1272 1712 1299 τῶν
1737 1271 1814 1298 οὕτω

1013 1323 1090 1350 ταῦτ’
1104 1323 1177 1358 ἔχειν
1190 1322 1390 1358 ὑπειληφότων,
1414 1321 1463 1348 καὶ
1480 1321 1538 1352 τοῖς
1553 1319 1636 1351 θείοις
1650 1318 1814 1354 σκέμμασιν

1014 1368 1129 1400 ἀνοσίως
1145 1367 1288 1403 ἐπιτιμῶν,
1306 1367 1377 1394 οὕτω
1391 1366 1442 1393 πού
1456 1374 1538 1402 φησιν
1549 1373 1557 1382 ’

1051 1414 1061 1450 [
1076 1413 1237 1440 ’Δποστόλου
1253 1413 1308 1449 γὰρ
1321 1412 1466 1443 ἀκούοντες
1481 1411 1578 1447 ὅνομα,
1591 1409 1637 1437 τὸν
1647 1409 1717 1436 Θεὸν
1725 1407 1815 1442 Λόγον

1014 1459 1120 1486 νοοῦσιν
1136 1459 1296 1486 ἀπόστολον.
1318 1458 1481 1494 ’Δρχιερέως
1497 1455 1734 1491 ἀναγινώσκοντες
1748 1455 1815 1489 κλῆ-

1017 1513 1069 1538 σιν,
1089 1504 1206 1540 θεότητα
1223 1505 1270 1532 τὸν
1291 1505 1423 1541 ἀρχιερέα
1441 1503 1634 1538 φαντάζονται,
1654 1501 1814 1538 παραδόξου

1017 1551 1230 1587 φρενοϐλαϐείας
1246 1551 1311 1586 ἰδέᾳ.
1335 1551 1383 1583 Τίς
1402 1551 1456 1586 γὰρ
1474 1549 1644 1585 λειτουργίαν
1656 1547 1814 1575 ἀποστόλου

1018 1598 1122 1634 μαθὼν,
1137 1598 1188 1625 οὐκ
1204 1598 1286 1630 εὐθὺς
1297 1598 1441 1633 ἄνθρωπον
1459 1597 1629 1633 μηνυόμενον
1647 1596 1720 1630 ἔγνω
1733 1604 1741 1628 ;
1765 1594 1815 1626 Τίς

1017 1644 1168 1680 ἀρχιερέως
1187 1644 1335 1679 ὀνομασίαν
1354 1643 1472 1675 ἀκούων,
1493 1643 1620 1678 θεότητος
1644 1641 1743 1668 οὐσίαν
1768 1640 1815 1667 τὸν

1017 1691 1147 1726 ἀρχιερέα
1161 1691 1312 1725 νομίσειεν;
1331 1690 1362 1716 El
1375 1690 1430 1725 γὰρ
1443 1689 1590 1726 ἀρχιερεὺς
1607 1689 1623 1724 ἡ
1644 1688 1753 1723 θεότης,
1771 1687 1815 1718 τίς

1017 1737 1032 1764 ὁ
1045 1737 1120 1772 παρά
1139 1738 1172 1773 τῇ
1188 1738 1238 1772 τῆς
1259 1736 1466 1772 ἀρχιερωσύνης
1480 1735 1638 1771 λειτουργίᾳ
1660 1733 1815 1769 θεραπευό-

1020 1791 1099 1818 μενος
1111 1791 1118 1815 ;
1138 1783 1162 1809 εἰ
1177 1782 1244 1814 Θεὸς
1255 1783 1269 1809 ὁ
1281 1782 1456 1818 προσφέρων,
1469 1781 1556 1813 οὐδεὶς
1567 1777 1589 1815 ᾧ
1603 1779 1793 1815 προσφέρεται
1805 1785 1813 1792 ·

1018 1830 1044 1856 τί
1060 1830 1114 1864 γάρ
1127 1828 1254 1864 θεότητος
1267 1829 1353 1862 ἀξιον,
1375 1829 1408 1856 ἵν’
1423 1828 1461 1860 ὡς
1476 1828 1596 1855 ὲλάττων
1609 1825 1756 1862 προσφέρῃ
1774 1823 1815 1858 τῷ

1021 1874 1138 1909 μείζονι;
1162 1873 1347 1908 Προσεπὰγει
1363 1873 1396 1900 δὲ
1411 1874 1529 1906 τούτοις
1540 1882 1546 1888 ·
1561 1871 1647 1898 Πόθεν
1659 1868 1707 1897 οὖν
1719 1869 1814 1900 αὐτοῖς

1019 1920 1033 1946 ὁ
1044 1919 1111 1951 Θεὸς
1128 1919 1278 1953 κεκλῆσθαι
1295 1918 1342 1946 νῦν
1353 1919 1499 1954 ἀρχιερεὺς
1518 1917 1660 1953 ἐνομίσθη,
1685 1917 1700 1942 ὁ
1717 1915 1815 1945 Θυσίας

1020 1967 1060 1998 εἰς
1071 1965 1213 2001 προκοπὴν
1228 1964 1296 1991 ίδίαν
1311 1964 1382 1991 κατά
1397 1964 1459 1995 τοὺς
1471 1963 1616 1999 ἀρχιερέας
1630 1962 1666 1997 μὴ
1681 1960 1813 1996 χρῄζων;

1019 2012 1033 2038 ὁ
1062 2011 1194 2046 Θεότητος
1217 2010 1327 2046 κτήτωρ
1352 2009 1382 2042 ἐξ
1405 2007 1557 2043 ἀνθρώπων
1580 2007 1712 2042 ληφθεὶς,
1742 2005 1817 2040 ὑπὲρ

1020 2054 1171 2092 ἀνθρῶπων
1184 2055 1346 2082 καθίσταται
1361 2054 1395 2081 τὰ
1414 2053 1482 2089 πρὸς
1497 2053 1542 2080 τὸν
1556 2051 1650 2088 Θεόν.]

1348 2207 1424 2234 ΚΕΦ.
1444 2207 1483 2234 A'.

1058 2274 1163 2302 Οὐκοῦν
1177 2274 1239 2302 οὐδὲ
1256 2274 1424 2302 ἀπεστάλθαι
1438 2273 1492 2309 φὴς
1505 2273 1545 2304 είς
1558 2271 1633 2298 τόνδε
1648 2270 1695 2297 τὸν
1712 2270 1816 2305 κόσμον

1022 2324 1067 2349 τὸν
1082 2321 1128 2348 τοῦ
1145 2321 1212 2348 Θεοῦ
1227 2321 1330 2355 Λόγον;
1345 2320 1528 2355 πεφενάκικεν
1541 2316 1588 2345 οὖν
1610 2318 1676 2353 ἄρα,
1698 2317 1773 2344 κατά
1786 2316 1816 2343 τὸ

1023 2367 1107 2400 εἰκὸς,
1123 2368 1185 2399 τοὺς
1198 2367 1232 2393 δι’
1244 2365 1326 2394 αὑτοῦ
1338 2366 1525 2401 κεκλημένους
1539 2365 1554 2391 ὁ
1567 2363 1725 2398 σοφώτατος
1743 2363 1815 2390 Παῦ-

1023 2414 1079 2445 λος·
1098 2414 1150 2448 ἔφη
1167 2413 1240 2448 γᾴρ,
1256 2414 1297 2440 ὅτι
1323 2422 1332 2439 ι
1351 2411 1558 2444 Ἐξαπέστειλεν
1572 2411 1587 2436 ὁ
1606 2410 1672 2441 Θεὸς
1686 2409 1735 2436 τὸν
1750 2409 1815 2435 Υίὸν

1022 2458 1105 2486 αὐτοῦ
1116 2458 1261 2493 γενόμενον
1273 2458 1305 2484 ἐκ
1315 2457 1454 2491 γυναικὸς,
1470 2456 1615 2491 γενόμενον
1630 2454 1684 2481 ὑπὸ
1700 2455 1813 2489 νόμον-ι

1022 2505 1099 2541 ἁλοίη
1118 2505 1141 2532 δ’
1157 2505 1189 2531 ἆν
1213 2504 1284 2531 κατά
1304 2512 1334 2530 σε
1351 2503 1398 2530 κ;ι“ι
1413 2504 1427 2529 ὁ
1443 2503 1576 2538 μακάριος
1591 2501 1673 2527 Δασὶδ
1687 2500 1816 2536 ἐρραψῳ-

1023 2550 1113 2586 δηκὼς
1125 2550 1198 2585 εἰκῆ,
1215 2549 1312 2590 καὶ-τὰ
1331 2549 1465 2582 ἀνέφικτα
1489 2548 1594 2583 ζητῶν·
1621 2547 1678 2581 ἔφη
1692 2546 1748 2582 γάρ
1764 2554 1814 2572 που

1025 2595 1092 2632 πρὸς
1116 2596 1162 2622 τὸν
1182 2597 1211 2622 ἐν
1233 2595 1358 2630 οὐρανοῖς
1374 2594 1484 2630 Πατέρα
1500 2593 1547 2620 καὶ
1557 2592 1623 2620 Θεόν
1634 2601 1641 2608 ·
1675 2601 1685 2618 ‹
1697 2591 1815 2624 Ἐξαπόο

218 2669 244 2697 ’⁸⁵
263 2672 341 2709 llebr.
359 2690 398 2710 ιιι.
412 2683 436 2716 1,
447 2684 473 2712 2.
513 2684 535 2699 "°
551 2683 628 2712 Deut.
642 2692 726 2716 xxxii,
741 2685 766 2711 1.
806 2685 828 2700 ¹¹⁷
845 2685 916 2713 Psal.
931 2693 962 2713 xc

1079 2685 1101 2700 ’³⁸
1119 2685 1140 2712 ll
1155 2685 1217 2712 Cor.
1233 2693 1261 2717 ιι,
1275 2685 1317 2712 15.
1357 2684 1378 2700 ⁸⁸⁵
1393 2683 1480 2711 Galat.
1496 2690 1531 2715 Iv,
1545 2683 1570 2709 ι.

817 2760 897 2788 ΛΝΤ.
919 2759 1056 2789 AGELLII
1077 2760 1192 2788 ΝΟΤᾸΕ.

225 2840 281 2876 (18)
295 2839 493 2876 Advertendum
515 2840 650 2876 quomodo
674 2840 717 2867 hic
739 2845 833 2867 auctor
858 2840 973 2874 accipiat

190 2876 258 2903 hunc
269 2875 339 2903 beati
354 2874 429 2903 Pauli
441 2874 531 2904 locum
539 2885 546 2910 ;
563 2883 623 2903 nam
638 2876 735 2903 bonum
749 2875 871 2908 odorem,
886 2876 912 2904 id
926 2880 966 2903 cst

1027 2840 1151 2871 εὐωδίαν,
1170 2838 1294 2874 intelligit
1317 2839 1480 2866 sacriﬁcium
1498 2838 1524 2866 in
1539 2838 1649 2865 odorrm
1671 2838 1814 2866 suavitatis

1020 2876 1149 2902 oblatum.
