1883 3054
80 143 123 172 il?
617 141 804 169 ADVERSUS
824 139 1028 169 NESTORIUM
1048 139 1113 167 ΗΒ.
1134 138 1177 169 lli.

1642 139 1697 166 HS"

80 204 174 232 στειλον
190 203 221 230 τὸ
243 204 298 238 φῶς
318 211 380 236 σου,
396 203 444 233 καὶ
458 203 506 238 τὴν
522 203 651 239 ἀλήθειάν
676 211 732 230 σου.
748 212 757 227 ι
773 202 805 229 Τί
820 202 859 233 δὲ,

930 207 939 228 t
955 202 1095 229 veritatem
1109 205 1181 228 luam
1192 200 1225 225 '°.
1239 208 1248 225 ι
1261 197 1329 232 Quid
1341 196 1450 225 autem?
1462 196 1504 224 dic
1518 195 1596 229 mihi,
1606 204 1695 225 nonne

81 251 134 278 είπέ
149 259 203 285 μοι,
219 250 281 284 οὐχὶ
299 249 348 294 x33.
369 249 451 281 αὐτὸς
466 251 481 275 ὁ
503 249 564 281 Υἱὸς
583 249 763 284 ψευδοεπήσει
790 249 859 283 τάχα

82 306 124 323 που
139 296 222 329 λέγων
235 303 245 310 ’
272 304 281 320 ι
297 296 335 321 Ut)
357 295 413 330 γὰρ
435 295 600 322 ἀπέστειλεν
616 296 630 321 ό
653 295 719 327 Θεὸς
736 294 782 320 τὸν
797 295 861 320 Υἱὺν

83 344 115 374 εἰς
129 342 170 367 τὸν
185 340 288 374 κόσμον
304 340 348 366 ῖνα
359 340 440 375 κρίνῃ
457 340 501 366 τὸν
515 340 627 375 κόσμον.
645 339 703 366 ἀλλ’
727 340 770 366 ἵνα
785 340 859 374 σωθῇ

83 387 198 420 autem;
210 385 245 411 δι’
258 384 372 417 αύτοῦ;ι
391 386 447 412 Καὶ
460 384 552 411 πάλιν
578 394 587 410 1
609 385 680 418 Ἐγὼ
692 385 725 410 ἐκ
740 384 787 411 τοῦ
804 385 861 410 Πα-

83 433 137 468 τρὺς
150 430 271 466 ἐξῆλθον,
285 431 333 457 καὶ
346 431 408 465 ἥκω
418 439 425 463 ;
437 440 446 455 ›
461 431 564 466 Γράφει
579 430 607 457 δέ
626 439 678 456 που
694 430 740 456 καὶ
754 431 768 456 ὁ
782 429 863 464 σοφὸς

89 478 201 511 Ἰωάννης
214 477 279 512 περὶ
293 476 378 503 αὐτοῦ
389 485 396 491 ·
410 486 418 502 ε
431 476 460 503 ‘0
475 476 620 510 λαμϐάνων
636 475 718 502 αὑτοῦ
731 475 780 511 τὴν
794 484 863 510 μαρ-

85 523 169 558 τυρίαν
184 523 353 557 ἐσφράγισεν
367 523 410 549 ὅτι
428 522 442 548 ὀ
456 522 522 553 Θεὸς
536 521 638 557 ἀληθής
651 522 726 548 ἐστιν
738 529 745 536 ·
763 521 793 547 ὃν
809 521 863 556 γὰρ

85 569 231 597 ἀπέστειλεν
255 570 271 595 ὁ
296 569 374 602 Θεὸς,
399 569 433 596 τὰ
457 569 567 604 ῥήματα
591 568 638 595 τοῦ
660 568 727 594 Θεοῦ
749 567 836 594 λαλεῖ.
852 576 861 593 i

91 613 259 642 Ἀπεοτάλθαι
284 614 313 640 δέ
332 623 425 649 φαμεν
444 613 491 641 τὸν
503 614 549 641 τοῦ
563 614 630 640 Θεοῦ
646 614 742 648 Λόγον,
766 613 797 639 τὸ
814 612 865 648 τῆς

85 660 225 695 ἀποστολῆς
239 659 329 694 ὄνομα
346 668 377 686 τε
391 660 439 686 καὶ
453 660 546 695 χρῆμα
563 659 631 694 μετὰ
645 659 699 685 τῶν
714 659 763 694 τῆς
779 658 864 685 κενώ-

86 715 144 737 σεως
156 706 251 740 ἔχοντα
267 706 391 740 μέτρων·
417 706 449 732 σὺ
468 706 497 732 δὲ
513 706 544 740 δὴ
561 705 648 737 δέδιας
671 705 794 740 ἀμαθῶς,
818 705 866 732 καὶ

86 751 152 786 αὐτῷ
161 751 326 786 προσνέμειν
337 750 467 786 ἐρυθριᾷς
476 751 532 777 ἀνθ’
541 751 602 777 ὅτου
614 751 644 777 τό
654 760 683 777 τε
692 750 742 785 τῆς
752 751 867 776 ἀποστο-

86 798 137 832 λῆς,
155 796 201 823 καὶ
215 796 246 823 τὸ
260 796 314 832 τῆς
325 796 530 832 ἀρχιερωσύνης
544 796 630 831 ὄνομά
643 805 673 822 τε
691 796 737 822 καὶ
755 795 865 831 χρῆμα;

87 841 150 878 Ἆρα
167 843 219 877 γὰρ
243 842 463 878 ἁρμόσειενῌσ.
483 842 628 878 ἁρμόσειν]
650 841 812 876 ὑπείληφας,
829 841 867 871 ὡς

87 889 162 924 ἑτέρῳ
171 888 235 923 παρ’
254 888 340 915 αὑτὸν
355 888 491 924 ἀνθρώπῳ
510 887 548 923 τῷ
571 888 603 914 ὲκ
622 888 761 922 γυναικὸς,
784 887 866 923 ψιλὴν

87 935 164 969 ἔχοντι
179 934 228 969 τὴν
242 934 409 968 συνάφειαν,
431 933 501 960 κατὰ
526 933 566 966 σὲ,
590 933 637 960 καὶ
655 933 693 964 ὡς
712 934 741 959 ὲν
763 933 866 968 ἰσότητι

89 981 162 1015 μόνης
175 980 224 1014 τῆς
242 979 342 1013 ἁξίας;
361 979 423 1012 Πῶς
442 977 487 1006 οὖν
502 979 542 1005 ἑτι
558 979 592 1005 τὰ
606 979 667 1005 καθ’
683 979 756 1014 ἡμᾶς
767 979 866 1014 ὀνήσας

89 1027 173 1062 ὁρᾶται
192 1025 257 1057 Θεὸς
279 1025 321 1052 ὣν
347 1027 361 1052 ό
382 1026 478 1060 Λόγος,
499 1026 523 1052 εί
540 1025 586 1051 καὶ
607 1024 867 1060 προσκεκομίσμεθα

90 1071 120 1098 δι’
132 1072 221 1107 ἐτέρου
232 1071 273 1107 τῷ
289 1072 350 1108 Θεῷ
368 1072 415 1098 καὶ
432 1072 533 1107 Πατρί;
558 1071 657 1098 Οὐκέτι
671 1071 724 1106 γὰρ
739 1071 773 1097 δι’
785 1070 867 1097 αὑτοῦ

91 1118 132 1154 τὴν
152 1118 336 1153 προσαγωγὴν
359 1119 532 1154 ἐσχήκαμεν
562 1117 631 1144 ἀλλὰ
654 1117 766 1152 γέγονεν
789 1117 868 1152 ἡμῶν

91 1163 194 1198 μεσίτης
206 1163 353 1198 ἅνθρωπος
366 1163 427 1190 καθ*
444 1164 527 1198 ἡμᾶς,
541 1163 570 1190 τὸ
585 1165 634 1198 τῆς
648 1163 772 1198 θεότητος
784 1163 869 1198 ὄνομα

91 1209 269 1236 κατάπλαστον
296 1209 380 1245 ἔχων.
412 1209 492 1236 Ἀλλὰ
515 1209 567 1240 ναὶ,
594 1209 671 1244 φησὶ,
700 1209 814 1244 σμικρὸν
835 1208 869 1235 ἂν

91 1258 128 1293 εἴη
139 1257 174 1292 τῷ
188 1259 220 1284 ὲκ
232 1257 303 1284 Θεοῦ
320 1257 428 1292 Πατρὸς
450 1257 530 1292 φύντι
552 1257 632 1291 Λόγῳ
655 1256 687 1283 τὸ
707 1255 870 1292 ἱερουργεῖν.

92 1304 199 1339 Σμικρὸν
215 1304 452 1339 ὁμολογουμένως.
467 1303 593 1338 Συνεργῶ
607 1302 669 1338 [Ζσ.
683 1300 806 1337 συνερῶ]
816 1301 870 1336 γάρ

93 1359 129 1376 σοι
144 1351 323 1385 πρεσϐεύοντι
349 1350 485 1385 τὰληθέςο
513 1349 569 1376 ἀλλ’
593 1349 624 1375 οὐ
640 1350 729 1383 γυμνῇ
756 1349 789 1383 τῇ
813 1347 872 1374 θεό-

92 1403 147 1431 τητι
176 1396 349 1431 κεχρημένος
374 1395 492 1429 ὲπέςρανε
522 1396 578 1426 τοῖς
602 1394 648 1420 ἐπὶ
662 1394 711 1429 τῆς
734 1393 806 1429 γῆς·
825 1401 872 1427 γε·

94 1441 169 1474 γοιιὼς
181 1441 208 1467 δὲ
229 1441 334 1476 μᾶλλον
359 1441 502 1476 ἄνθρωπος
523 1440 584 1467 καθ’
604 1440 688 1475 ἡμᾶς,
709 1436 730 1472 ᾧ
753 1439 824 1474 μέγα
846 1447 872 1465 τι

93 1487 178 1522 χρῆμα
202 1488 249 1514 καὶ
278 1486 418 1522 ἐξαίρετον
440 1487 596 1522 ἱερουργία·
620 1487 644 1513 ει
665 1486 694 1512 δὲ
716 1485 748 1521 δὴ
772 1493 872 1521 παραι-

94 1534 157 1560 ςεῖτο
177 1533 239 1569 [im
260 1533 442 1569 παραιτοῖτο]
459 1533 490 1560 το
506 1533 657 1569 ἱερουργεῖν
679 1532 717 1563 ὡς
737 1530 873 1567 ἀνθρώπῳ

97 1580 202 1615 πρέπον,
219 1580 306 1616 ἤγουν
323 1579 411 1615 ἑτέρῳ
425 1579 463 1614 τῷ
478 1579 538 1615 [Im
555 1579 642 1614 ἑτέρῳ
663 1577 719 1614 τῳ]
740 1579 788 1613 τῆς
813 1577 876 1604 δου-

97 1625 163 1656 λείας
175 1625 262 1660 ἔχοντι
275 1626 389 1661 μέτρον,
412 1625 470 1657 πῶς
491 1625 541 1652 οὐκ
560 1625 672 1661 ἄμεινον
698 1623 774 1659 παρὰ
786 1623 875 1656 "nolit,

97 1670 137 1697 nl
154 1671 204 1705 πρό
220 1680 252 1705 γε
265 1671 365 1697 τούτου
385 1670 578 1706 παραιτεῖσθαι
589 1669 638 1705 τὴν
652 1669 876 1705 ὲνανθρώπησιν;

103 1716 164 1742 Ἀλλ’
185 1717 233 1743 οὐκ
256 1717 415 1752 ἀπόϐλητον
431 1718 578 1752 ἐποιήσατο
600 1716 634 1743 δι’
650 1714 725 1751 ἡμᾶς’
747 1716 796 1751 τὴν
817 1715 879 1749 γέν-

97 1769 175 1796 νησιν,
187 1763 279 1789 οὑτοσι
293 1762 334 1795 δὲ,
350 1762 388 1794 ὡς
401 1762 479 1797 ἔφην,
490 1761 647 1797 αἰσχύνεται
662 1761 779 1796 τάληθές
789 1769 796 1777 ·
814 1761 878 1787 ἄσο-

98 1807 141 1840 φον
152 1816 179 1833 τε
193 1808 240 1834 καὶ
255 1808 464 1843 ἀνεπιστήμονα
475 1808 653 1838 καταδεικνὺς
665 1807 770 1834 ἑαυτόν.
783 1807 879 1833 Καίτοι

99 1853 138 1879 τοῦ
153 1854 287 1889 μακαρίου
298 1854 408 1880 Παύλου
421 1854 547 1888 λέγοντος
557 1861 563 1868 ·
583 1862 592 1879 ε
605 1854 642 1880 Οὐ
651 1853 706 1888 γὰρ
718 1852 880 1888 ἐπαισχύνο-

102 1908 145 1934 μαι
169 1899 198 1926 τδ
225 1900 406 1934 Εὑαγγὲλιον,
433 1900 548 1935 δύναμις
575 1899 630 1935 γὰρ
654 1899 722 1926 Θεοῦ
751 1900 823 1926 ἔστιν
840 1899 880 1931 είς

101 1944 226 1979 σωτηρίαν
240 1943 324 1972 παντὶ
339 1945 379 1980 τῷ
393 1945 554 1972 πιστεύοντι.
571 1955 580 1971 ι
596 1945 750 1980 θαυμάσειε
764 1944 786 1971 δ’
796 1945 828 1971 ἄν
839 1953 881 1976 τις

101 1992 141 2017 τδν
156 1991 199 2018 τοῦ
218 1992 285 2018 Θεοῦ
308 1991 407 2026 Λόγον,
424 1993 474 2028 τῆς
496 1993 624 2019 ἁπάντων
647 1991 728 2018 ἓνεκα
745 1990 880 2025 σωτηρίας

102 2037 142 2062 καὶ
156 2036 237 2071 ζωῆς,
251 2037 388 2073 τοσαύτην
405 2038 581 2073 ἀνασχομένῳ
603 2038 698 2065 παθεῖν
714 2038 764 2072 τὴν
785 2035 882 2062 ταπεί-

103 2090 185 2113 νωσιν,
197 2082 229 2118 ἣν
242 2083 293 2109 οὐκ
308 2081 358 2109 οἷδ’
380 2083 455 2115 ὅπως
474 2084 488 2109 6
513 2083 568 2109 τῶν
592 2083 703 2110 εζκαίων
722 2083 787 2118 ἡμῖν
809 2081 882 2107 διδα-

104 2128 206 2162 τμάτωι
221 2128 349 2164 εὑρετὴς,
362 2129 410 2155 καὶ
435 2128 514 2164 μόνον
540 2127 881 2164 ὁμολογείναὶσχύνεται·

105 2174 186 2200 καίτοι
196 2174 255 2200 δέον
270 2174 393 2208 ἄγασθαι
409 2173 458 2208 μὲν
480 2174 526 2200 ἐπὶ
539 2174 645 2205 τούτοις
666 2172 758 2204 αὺτὺν,
780 2172 881 2197 ἀνακε-

911 248 992 275 etiam
1022 248 1079 282 ipse
1106 246 1189 273 Filius
1218 244 1364 272 mentietur
1396 242 1491 278 plane,
1519 249 1579 269 cum
1606 242 1691 270 dicit:

914 303 923 318 ι
941 292 997 319 Non
1014 293 1086 320 enim
1109 291 1182 318 misit
1197 291 1265 317 Deus
1288 289 1384 316 Filium
1410 294 1489 314 suum
1515 286 1540 314 in
1565 287 1693 314 muluium

913 343 942 365 ut
962 338 1065 370 judicet
1090 336 1232 368 nmndum,
1255 335 1301 362 sed
1319 339 1349 361 ut
1370 333 1491 361 salvetur
1512 332 1629 359 mundus
1647 340 1696 367 per

912 383 998 418 ipsum
1013 383 1034 398 ⁹¹
1048 392 1055 415 ;
1073 392 1082 408 ι
1099 386 1126 409 et
1141 382 1237 408 iterum
1254 389 1262 408 :
1281 389 1290 406 ‹
1308 379 1364 414 Ego
1381 386 1413 406 ex
1427 377 1509 406 Patre
1530 378 1596 408 exii.
1611 383 1637 405 et
1651 386 1697 405 vc-

913 430 957 456 nio
968 429 1024 456 θ’.»
1053 428 1152 455 Scribit
1175 427 1256 454 etiam
1284 426 1383 454 alicubi
1408 426 1503 453 beatus
1525 424 1644 451 Joannes
1663 423 1706 450 de

914 474 972 509 ipso
996 483 1002 500 :
1029 483 1038 500 ι
1056 473 1107 507 Qui
1133 473 1231 508 accipit
1255 472 1440 500 testimonium
1472 471 1553 505 ejus,
1582 469 1698 505 signavit

914 520 976 555 quia
993 520 1063 547 Deus
1079 526 1158 546 verus
1172 523 1230 552 est;
1243 525 1323 553 quem
1344 517 1416 546 enim
1431 517 1505 544 misit
1516 516 1597 547 Deus,
1616 514 1698 542 verba

916 566 961 593 Dei
985 565 1106 599 loquitur
1120 564 1154 591 ³³.
1173 574 1183 590 ι
1199 564 1311 592 Missum
1328 570 1409 598 porro
1433 563 1548 590 dicimus
1569 561 1615 588 Dei
1632 560 1700 587 Ver-

915 611 990 642 bum,
1014 610 1084 644 quod
1109 609 1274 644 apostolatus
1299 616 1396 635 nomen
1416 612 1444 634 et
1459 615 1516 634 rem
1540 606 1619 634 simul
1636 613 1697 633 cum

915 655 1105 683 exinanitionis
1120 654 1254 682 mensuris
1270 654 1392 680 haberet.
1407 653 1447 679 'I‘u
1462 659 1526 679 vero
1540 651 1622 679 stulte
1641 651 1698 677 for-

917 702 1013 733 midas,
1030 706 1057 728 et
1073 701 1110 727 illi
1128 700 1245 727 tribuere
1261 704 1289 727 et
1304 706 1400 726 nomen
1416 703 1443 725 et
1458 705 1512 725 rem
1533 696 1700 732 apostolatus

917 755 949 774 ac
970 746 1115 774 sacerdotii
1137 745 1230 773 nescio
1244 752 1296 779 qua
1318 745 1351 771 de
1367 751 1446 770 causa
1462 742 1609 770 erubescis.
1628 742 1698 768 Num

917 791 988 818 enim
1005 791 1091 825 ipsum
1111 789 1257 818 convenire
1272 794 1352 824 putas
1370 788 1468 815 homini
1485 787 1522 814 illi
1539 795 1572 815 ex
1586 786 1702 814 muliere

919 840 1047 870 tanquam
1067 835 1100 862 ab
1120 834 1166 861 illo
1178 834 1296 866 diverso,
1315 833 1476 867 simplicem,
1490 836 1519 859 ut
1537 832 1593 866 ipse
1609 835 1698 866 putas.

882 877 903 904 Β
918 881 1134 915 cenjunctionem
1159 880 1279 912 habenti,
1304 884 1332 906 et
1350 879 1433 906 solius
1450 877 1589 913 dignitatis
1608 883 1698 911 aequa—

919 927 1042 955 litatem?
1060 926 1200 959 Quomodo
1222 926 1303 960 igitur
1315 925 1370 960 jam
1392 925 1478 960 ipsum
1493 923 1610 950 Verbum
1630 921 1702 956 quod

920 973 991 1001 Deus
1005 978 1074 1006 erat,
1088 977 1195 999 nostras
1209 979 1252 998 res
1262 971 1364 1006 juvissc
1378 971 1508 1001 cernitur,
1524 969 1545 996 si
1563 975 1609 1004 per
1621 967 1702 994 alium

920 1027 1026 1055 quoque
1048 1019 1081 1046 ad
1100 1018 1184 1046 Deum
1209 1024 1241 1045 ac
1262 1017 1368 1044 Patrem
1389 1015 1498 1043 adducti
1516 1013 1629 1042 smnus?
1645 1011 1702 1040 Non

920 1067 991 1094 enim
1011 1066 1067 1101 jam
1083 1072 1132 1100 per
1152 1065 1239 1099 ipsum
1259 1070 1395 1090 accessum
1415 1061 1569 1091 habuimus,
1591 1059 1637 1086 sed
1654 1057 1704 1085 fuit

921 1112 1053 1139 mediator
1076 1115 1169 1138 noster
1194 1110 1274 1137 homo
1299 1108 1384 1136 nostri
1414 1107 1527 1140 similis,
1544 1105 1598 1141 65
1613 1104 1703 1131 ﬁctum

923 1159 1027 1186 habens
1050 1156 1201 1185 divinitatis
1221 1163 1330 1182 nomen.
1355 1154 1390 1180 At
1419 1154 1501 1185 cnim,
1523 1152 1622 1186 inquit,
1645 1151 1704 1177 exi-

923 1213 1004 1240 guum
1026 1211 1093 1232 sane
1114 1208 1154 1231 est
1172 1201 1260 1229 Verbo
1284 1209 1316 1228 ex
1343 1200 1398 1227 Deo
1421 1199 1511 1233 genito
1535 1196 1705 1225 sacriﬁcandi

923 1259 1031 1279 munus.
1048 1249 1190 1285 Exiguum,
1207 1248 1305 1280 fateor,
1326 1247 1373 1274 tibi
1394 1246 1464 1273 enim
1487 1244 1620 1271 assentior
1636 1243 1707 1269 veri-

924 1302 1006 1325 tatem
1032 1296 1187 1331 przedicanti
1204 1304 1210 1322 :
1226 1295 1273 1321 scd
1294 1293 1366 1321 haud
1386 1292 1455 1319 nuda
1474 1298 1549 1318 usum
1568 1289 1708 1316 divinitate

924 1344 967 1372 his
980 1344 1025 1378 qui
1040 1347 1103 1369 sunt
1120 1342 1145 1368 in
1168 1340 1247 1368 terris
1260 1338 1397 1374 apparuit,
1412 1345 1503 1364 verum
1526 1336 1606 1363 homo
1619 1334 1707 1369 potius

925 1389 1011 1416 nostri
1024 1387 1120 1415 similis
1135 1386 1245 1417 factum,
1258 1385 1300 1411 cui
1314 1390 1438 1418 magnum
1454 1381 1579 1416 quiddam
1595 1384 1637 1407 est
1651 1379 1707 1406 exi-

926 1435 1064 1468 ntiumque
1085 1429 1255 1459 sacriﬁcandi
1276 1428 1411 1460 cilicium;
1439 1425 1511 1461 quod
1538 1424 1561 1452 si
1587 1423 1709 1459 repudiet

926 1478 1096 1509 sacrificandi
1114 1484 1211 1505 munus
1237 1480 1267 1502 ut
1284 1473 1398 1505 homini,
1421 1473 1477 1500 sive
1497 1471 1573 1498 alteri
1591 1469 1707 1503 cuipiam

927 1526 1065 1555 servitutis
1084 1531 1237 1551 mensuram
1256 1521 1363 1549 habenti
1379 1519 1557 1550 conveniens,
1574 1515 1709 1551 quomodo

927 1581 980 1602 non
993 1572 1089 1599 melius
1100 1570 1195 1597 luisset
1213 1569 1296 1595 etiatn
1311 1571 1373 1594 ante
1387 1566 1438 1593 hoc
1451 1571 1559 1597 munus,
1579 1563 1710 1590 humana—

929 1619 1028 1646 tionem
1045 1614 1206 1650 repudiare?
1222 1613 1275 1640 Sed
1290 1616 1380 1639 nostra
1395 1617 1478 1638 causa
1498 1609 1571 1636 haud
1585 1607 1710 1641 rejicien-

928 1664 990 1691 dam
1009 1663 1094 1698 ipsam
1121 1659 1322 1696 generationem
1346 1657 1445 1685 duxit:
1467 1656 1518 1683 iste
1545 1660 1633 1681 tamen
1647 1673 1655 1686 ,
1681 1656 1710 1678 ut

929 1709 996 1742 dixi,
1012 1709 1152 1735 veritatem
1168 1705 1315 1736 erubescit,
1330 1704 1357 1731 in
1377 1710 1431 1737 quo
1447 1701 1616 1735 insipientem
1640 1706 1669 1726 se
1684 1703 1715 1725 er

930 1755 1085 1790 imperittnn
1102 1753 1229 1785 ostendit,
1251 1751 1374 1786 quamvis
1387 1750 1482 1777 beatus
1498 1747 1598 1775 Paulus
1619 1746 1710 1773 dicat':

933 1811 942 1827 ι
959 1801 1018 1829 Non
1046 1800 1117 1827 enim
1148 1798 1279 1826 erubesco
1312 1795 1505 1831 Evangelium;
1528 1794 1614 1820 virtus
1640 1793 1715 1819 enim

931 1848 977 1875 Dei
994 1853 1035 1875 est
1051 1847 1076 1873 iu
1098 1845 1212 1872 salutem
1230 1843 1303 1870 omni
1324 1842 1486 1870 credenti".
1504 1850 1513 1865 ι
1529 1838 1717 1866 Admiratione

931 1898 1020 1921 autem
1040 1893 1148 1927 dignum
1164 1895 1205 1917 est
1225 1890 1269 1917 Dei
1281 1888 1398 1916 Verbum
1422 1886 1518 1914 salutis
1538 1893 1570 1913 ac
1583 1885 1645 1911 vitae
1660 1890 1714 1910 om-

931 1941 1005 1967 nium
1031 1945 1113 1966 causa
1141 1942 1242 1964 tantam
1266 1935 1443 1963 humilitatem
1468 1933 1560 1961 subire
1584 1931 1712 1960 voluisse.

931 1994 1011 2021 quant
1027 1985 1118 2011 nescio
1133 1982 1267 2018 quomodo
1289 1981 1333 2008 hic
1345 1980 1498 2015 ineptarum
1511 1977 1717 2012 disciplinarum

932 2032 1066 2061 inventor,
1078 2029 1119 2057 vel
1130 2027 1251 2056 conﬁteri
1265 2027 1351 2055 solum
1370 2026 1504 2054 erubescit
1518 2033 1525 2051 :
1541 2032 1602 2051 cum
1612 2023 1716 2059 aequius

933 2077 1028 2104 inisset
1054 2079 1193 2110 propterea
1213 2073 1300 2108 ipsum
1328 2071 1479 2104 admirari,
1505 2074 1532 2098 et
1553 2069 1633 2097 simul
1654 2075 1721 2096 cum

932 2123 1013 2150 beato
1035 2121 1169 2155 Propheta
1194 2119 1312 2146 clamare
1327 2127 1333 2145 :
1350 2126 1359 2142 ι
1378 2116 1500 2148 Domine,
1524 2114 1613 2142 audivi
1638 2112 1716 2140 audi-

935 2174 991 2195 tum
1009 2172 1094 2198 tuum,
1109 2170 1136 2192 et
1148 2165 1238 2198 timui;
1260 2162 1426 2192 consideravi
1451 2169 1531 2196 opera
1556 2165 1612 2192 tua,
1627 2164 1654 2186 et
1670 2167 1724 2186 exe

106 2220 209 2254 xpayaiv
231 2219 259 2245 δὲ
280 2205 350 2254 ὁμοῦ
373 2205 415 2254 τῷ
438 2218 565 2254 μακαρίῳ
587 2219 733 2254 προφήτῃ·
763 2216 870 2251 «Κύριε

935 2212 1041 2248 pavi".
1057 2221 1067 2238 ι
1085 2211 1152 2237 Nam
1166 2217 1227 2238 cum
1248 2216 1343 2237 omnes
1362 2208 1470 2235 Litterae
1488 2206 1617 2233 divinitus
1632 2205 1718 2239 inspi-

106 2265 247 2301 εἱσαχήκοα
259 2265 311 2301 τὴν
325 2266 412 2299 ἀκοήν
428 2273 475 2292 σου
490 2265 538 2291 καὶ
554 2264 707 2299 ἐφοϐήθην·
733 2262 885 2297 κατενόησα

106 2311 138 2337 τὰ
147 2311 212 2347 ἔργα
226 2321 273 2338 σου
287 2312 336 2339 καὶ
349 2311 474 2347 ἐξέστην,
487 2320 496 2336 ι
519 2310 627 2345 Ἐπειδὴ
643 2309 670 2336 δὲ
686 2310 794 2344 ἁπάσης
811 2307 885 2343 αὑτῷ

107 2356 150 2391 τῆς
177 2356 356 2384 θεοπνεύστου
387 2356 498 2391 Γραφῆς
528 2354 755 2390 ἀντεγειρομένης
785 2353 886 2388 τρόπον

108 2403 172 2434 τινὰ,
189 2403 235 2429 καὶ
248 2404 453 2437 ἀντανιστώσης
466 2401 515 2436 τὴν
529 2401 668 2436 ἀλήθειαν,
682 2400 785 2435 ψυχρόν
797 2408 826 2426 τε
840 2398 888 2425 καὶ

110 2447 193 2478 ᾰῡλον,
209 2447 255 2473 καὶ
270 2446 421 2481 οὐδαμόθεν
437 2445 666 2481 ἐπικουρούμενον
683 2444 886 2478 ἁποφαινούσης

110 2493 175 2528 αὑτῷ
188 2493 232 2520 τὸν
247 2494 294 2520 ἐπὶ
308 2495 364 2525 τοῖς
383 2493 458 2524 ἰδίοις
469 2493 605 2527 εὑρήμασι
616 2491 705 2524 λόγον,
717 2490 887 2526 διηπόρηκεν

110 2538 137 2563 οὐ
154 2539 266 2573 μετρίως
289 2538 344 2564 τῶν
367 2539 406 2569 εἰς
429 2536 560 2572 ὀρθότητά
580 2545 610 2562 τε
631 2536 679 2562 καὶ
695 2535 822 2570 ἀλήθειαν
842 2535 886 2560 ἐν-

112 2584 184 2610 νοιῶν
196 2593 225 2610 τε
246 2585 293 2611 καί
310 2583 496 2617 διασκέψεων·
512 2581 600 2617 ταύτῃ
618 2590 669 2613 τοι,
686 2580 733 2607 καὶ
754 2580 772 2606 ἃ
794 2579 887 2615 μηδεὶς

102 2629 214 2673 ’πώποτε
227 2630 281 2657 τῶν
296 2630 336 2662 εἰς
349 2629 483 2665 ὀρθότητα
496 2628 545 2663 τὴν
560 2627 728 2662 δογματικὴν
746 2634 887 2660 μεμαρτυ-

117 2675 242 2709 ρημένων,
258 2675 275 2710 ἢ
289 2673 510 2710 πεφρονηκὼς,ἢ
526 2672 611 2706 λέγων
623 2671 771 2702 ἁλίσκεται,
789 2670 888 2701 ταύτας

116 2722 222 2747 ποιεῖται
238 2721 285 2748 τοῦ
303 2721 384 2754 λόγου
401 2720 451 2751 τὰς
472 2718 610 2754 ἀφορμάς·
626 2717 773 2753 σκιαμαχεῖ
795 2725 825 2742 τε
842 2716 889 2742 καὶ

118 2765 266 2793 διατείνεται
287 2767 388 2802 μάτην,
404 2765 593 2798 ἀντεξάγοντος
613 2763 728 2795 οὐδενὸς,
742 2762 759 2797 ἢ
777 2762 890 2796 φιλονει-

935 2262 1001 2286 ratae
1020 2256 1070 2291 ipsi
1097 2258 1291 2289 repugnarent,
1317 2258 1346 2279 et
1369 2255 1537 2287 opponerent
1561 2250 1718 2281 veritatem,

935 2303 1046 2338 ejusque
1061 2308 1213 2328 sermonem
1225 2307 1278 2334 quo
1294 2306 1341 2326 sua
1355 2301 1506 2326 commenta
1522 2300 1625 2329 tuetur,
1640 2294 1718 2329 frigi-

937 2349 999 2376 dum
1014 2353 1041 2376 et
1055 2348 1141 2375 levem
1155 2350 1182 2374 et
1200 2345 1271 2373 nulla
1285 2352 1320 2372 ex
1334 2348 1409 2379 parte
1425 2342 1519 2370 fultum
1535 2341 1718 2371 ostenderent,

938 2400 992 2423 nan
1020 2394 1147 2422 mediocri
1165 2392 1276 2428 penuria
1301 2395 1436 2418 rectarum
1461 2394 1640 2421 verarumque
1657 2393 1723 2414 seu-

938 2441 1083 2469 tentiarum
1105 2443 1132 2466 et
1148 2438 1353 2472 inquisitionum
1373 2434 1505 2462 laboravit
1519 2441 1527 2460 :
1543 2440 1575 2460 ea
1592 2433 1624 2460 de
1639 2439 1723 2459 causa

938 2494 998 2522 quae
1020 2492 1099 2512 nemo
1119 2490 1236 2517 unquam
1259 2486 1331 2509 recta
1350 2481 1505 2515 dogmatum
1529 2477 1723 2504 tradendorum

940 2533 1046 2560 ratione
1062 2530 1187 2562 celebris,
1211 2533 1257 2555 aut
1281 2527 1410 2558 sensisse,
1435 2530 1481 2552 aut
1506 2523 1608 2551 dixisse
1622 2523 1720 2557 depre—

940 2578 1078 2609 henditur,
1094 2577 1127 2603 iis
1143 2583 1189 2610 pro
1204 2580 1359 2601 sermonum
1380 2578 1489 2599 suorum
1510 2568 1653 2597 occasione
1668 2567 1722 2594 uti-

941 2630 994 2657 tur,
1017 2628 1044 2650 et
1065 2629 1125 2649 cum
1147 2621 1250 2648 umbris
1269 2623 1379 2654 pugnat,
1409 2622 1436 2644 et
1459 2615 1557 2642 frustra
1582 2612 1721 2641 contendit

942 2669 1049 2697 nemine
1068 2671 1247 2702 repugnante,
1264 2669 1311 2692 aut
1330 2663 1371 2690 his
1387 2662 1420 2689 de
1436 2661 1515 2688 rebus
1530 2657 1722 2689 contend'cnle,

942 2714 1012 2748 quod
1027 2713 1089 2740 illud
1105 2719 1164 2739 esse
1185 2714 1248 2745 puto
1263 2715 1354 2736 aerem
1369 2707 1524 2734 verberare.
1545 2703 1617 2730 Dixit
1631 2702 1723 2728 enim:

943 2745 1010 2793 Quis
1027 2756 1147 2792 Apostoli
1170 2762 1266 2782 munus
1281 2760 1342 2780 cum
1362 2750 1498 2779 didicerit.
1518 2756 1570 2776 non
1589 2747 1660 2774 illico
1679 2745 1722 2772 in-

153 2859 173 2874 ”
186 2858 251 2886 Psal.
268 2867 333 2890 xm,
349 2859 376 2885 5.
417 2858 437 2873 "
452 2856 526 2885 Joan.
542 2863 581 2888 ut.
598 2855 638 2882 Π.
677 2855 699 2870 ⁹²
715 2852 790 2881 Joan.
807 2853 915 2883 “1,27.
955 2854 975 2869 θλ
992 2849 1068 2878 Joan.
1082 2855 1122 2881 ut,
1137 2847 1163 2874 5.
1201 2847 1224 2863 “
1237 2847 1315 2875 Rom.
1330 2853 1350 2880 I,
1366 2845 1407 2872 l6.
1445 2845 1467 2862 ⁸⁸
1487 2844 1584 2871 liainc.
1600 2849 1638 2872 nt.
1654 2841 1681 2868 Ι,
