1883 3054
150 124 203 152 118

639 127 668 155 S.
689 128 823 156 CYRILLI
843 130 1079 160 ALEXANDRINI
1099 134 1259 164 ARCHlEP.

1721 145 1779 173 120

149 181 234 209 dicari
256 181 391 209 hominem
406 181 553 218 intelligat?
572 183 637 217 Quis
659 186 792 219 pontiﬁcis
815 189 933 223 appella-

992 192 1044 216 ιεῖν
1059 191 1196 224 ἐθέλοντος
1209 195 1273 228 περὶ
1286 195 1388 224 τούτων
1402 198 1492 225 αὐτῶν
1514 199 1668 236 [1σ.,αὺτῷ
1679 202 1688 238 ]
1699 211 1705 216 ”
1725 203 1778 230 καὶ

150 228 252 255 tionem
266 229 388 260 audiens,
404 228 553 256 divinitatis
574 231 720 258 essentiam
736 233 822 266 ipstnn
840 235 931 267 ponti-

150 276 226 302 ﬁcem
238 275 393 302 existimet?
405 275 470 302 Cum
491 283 554 310 ergo
570 276 614 310 qui
627 276 678 303 hoc
689 277 772 310 dicat,
792 286 872 306 nemo
885 280 931 312 sit,

149 328 210 347 cum
225 320 334 355 quibus,
354 320 397 347 dic
419 320 494 352 mihi,
513 321 663 353 contendis,
686 326 713 348 et
735 330 792 349 rem
811 324 931 351 omnium

149 366 284 393 sententia
302 366 468 397 damnatam,
492 371 619 400 tanquam
644 366 702 401 ipse
724 368 798 395 solus
817 375 933 403 evertas,

150 417 295 449 palmarem
313 414 360 441 tibi
377 415 447 442 hanc
462 422 579 450 pugnam
602 414 721 442 futuram
736 417 832 450 putas?
846 416 933 445 Porro

150 460 285 494 quomodo
300 460 416 487 inficiari
434 461 518 493 possit
535 465 561 488 te
580 461 606 488 in
624 461 743 488 medium
757 462 783 488 id
801 463 932 496 proferre,

150 506 221 542 quod
245 513 305 532 cum
328 513 343 532 a
369 507 478 534 nemine
501 507 617 538 dicatur,
642 510 732 534 tacere
755 507 841 534 satius
862 512 932 542 erat,

150 558 229 586 quam
253 551 280 578 in
306 551 501 585 simpliciorum
524 552 629 579 animos
653 551 854 589 injicere?66
867 553 933 586 Quis

151 597 222 624 enim
245 601 287 624 est
311 597 377 624 adeo
400 598 541 630 attonitus,
568 603 597 625 ut
613 598 762 626 divinitatis
786 600 933 627 essentiam

152 644 238 677 ipsum
263 642 419 669 Pontiﬁcem
448 643 604 671 existimet?
629 643 715 671 Homo
740 650 798 671 erat
823 645 932 677 Aaron,

151 687 275 720 quamvis
296 687 408 721 adeptus
425 692 454 714 ut
476 687 502 714 in
522 687 568 714 illo
589 688 679 716 divino
699 690 849 717 sacerdotio
873 690 933 718 aliis

150 721 307 759 excelleret.
345 732 484 765 Quomodo
510 732 592 768 igitur
616 734 758 768 quisquam
784 735 933 763 divinitatis

150 777 296 805 essentiam
316 778 403 812 ipsum
431 778 584 813 pontiﬁcem
610 780 706 814 putet?
733 785 780 807 aut
799 782 934 815 quomodo

152 831 204 851 non
229 831 340 858 prorsus
362 823 522 851 conﬁteatur
547 825 683 852 hominem
707 827 931 859 commemorari,

150 877 212 897 cum
236 870 321 897 frater
341 870 387 898 ille
408 870 474 897 Mosi
499 875 527 898 ut
551 871 670 906 pontifex
690 871 860 906 appellatur?
881 872 933 900 Sed
951 873 971 899 Β

150 917 222 944 enim
243 924 304 944 cum
327 924 498 943 communem
517 924 669 944 sermonem
699 917 829 952 proferat,
847 924 874 946 et
888 919 933 954 qui

150 963 248 997 cuique
263 963 296 990 de
321 965 415 989 nostro
438 969 551 989 numero
569 963 702 990 sacerdoti
718 964 831 997 quadret
855 969 934 998 atque

151 1007 304 1040 conveniat,
321 1007 529 1042 dispensationis
553 1015 612 1041 qua
627 1009 652 1034 in
676 1008 788 1036 Christo
807 1009 934 1045 intelligi~

151 1059 206 1086 tur,
226 1053 412 1080 admirabilem
437 1053 548 1088 gloriam
566 1053 730 1080 labefactare
753 1058 879 1087 conatur,
907 1059 934 1082 et

150 1100 271 1128 divinum
292 1099 357 1126 illud
373 1099 532 1134 mysterium
556 1104 677 1126 nostrunt
698 1107 729 1126 ex
749 1100 811 1127 imis
823 1100 933 1128 sedibus

151 1145 234 1174 audet
247 1149 381 1178 evertere,
399 1144 509 1171 minime
523 1145 645 1180 cogitans
658 1145 806 1173 Ecclesiam
820 1154 834 1172 a
851 1146 932 1174 Chri-

150 1199 193 1219 sto
212 1199 293 1226 supra
309 1196 413 1226 petram
434 1198 495 1218 esse
510 1190 659 1224 fundatam,
679 1195 706 1218 et
723 1199 860 1226 nunquam
876 1191 934 1218 fore

151 1243 180 1265 ut
195 1238 328 1265 adversus
348 1243 407 1264 eam
429 1240 513 1271 porta:
529 1236 608 1263 inferi
633 1237 838 1271 praevaleant".
856 1236 934 1264 Dedi-

151 1287 248 1319 gnatur
262 1283 334 1310 enim
355 1289 524 1310 communem
543 1287 570 1310 et
588 1283 708 1309 omnium
725 1287 796 1310 recte
813 1283 933 1310 sentien-

152 1330 218 1356 tium
232 1329 385 1363 opinionem
401 1329 477 1364 sequi
493 1336 500 1355 :
517 1337 612 1356 novam
628 1337 682 1357 sua:
702 1330 844 1357 sententiae
861 1331 932 1357 viam

151 1375 349 1402 inconsiderate
365 1375 438 1402 solus
460 1374 620 1409 ingreditur.
643 1374 696 1401 Nos
720 1375 805 1408 enim,
831 1380 860 1402 ut
875 1375 931 1410 jam

151 1419 276 1454 praefatus
300 1427 372 1454 sum,
389 1420 453 1447 illud
477 1428 509 1448 ex
527 1420 581 1448 Deo
603 1420 682 1447 Patre
702 1420 827 1454 Verbum,
845 1421 933 1448 homi-

151 1473 210 1492 nem
228 1465 339 1498 factum,
357 1471 384 1494 et
402 1466 454 1494 sibi
479 1471 507 1494 et
530 1466 602 1494 Patri
628 1467 796 1495 sacriﬁcasse
817 1468 933 1495 dicimus

151 1512 212 1539 ﬁdei
228 1517 328 1540 nostrae
351 1512 561 1546 confessionem,
583 1517 611 1540 et
634 1518 826 1548 congruentem
845 1513 932 1540 nulla-

149 1565 203 1593 que
216 1565 250 1585 ex
266 1563 341 1593 parte
354 1565 369 1586 a
384 1566 509 1586 mensura
525 1559 717 1586 exinanitionis
733 1560 931 1594 discrepantem
948 1555 970 1585 C

149 1604 266 1640 gessisse
289 1604 530 1639 dispensationem.
557 1605 610 1632 Sed
634 1613 688 1632 non
712 1605 749 1632 illi
773 1605 830 1633 haec
848 1606 883 1632 ita
904 1613 933 1633 se

149 1649 250 1676 habere
268 1649 404 1681 videntur,
420 1650 467 1677 sed
491 1650 536 1677 ubi
553 1650 679 1682 privatim
705 1657 736 1676 ac
757 1651 870 1677 seorsim
892 1651 933 1678 di-

148 1695 254 1727 stinxit,
272 1701 398 1730 tanquam
420 1695 488 1723 alius
509 1696 545 1723 sit
564 1695 688 1723 Christus
713 1696 758 1724 ille
779 1705 813 1724 ex
838 1702 932 1724 sancta

147 1738 259 1775 Virgine
283 1739 317 1767 ab
338 1740 384 1767 illo
407 1748 439 1767 ex
459 1741 513 1767 Deo
533 1741 614 1767 Patre
629 1740 727 1772 Verbo,
746 1741 830 1776 ipsum
851 1741 933 1769 fuisse

149 1786 249 1813 asserit
272 1786 430 1821 Apostolum
452 1791 481 1814 et
504 1786 663 1814 Pontiﬁcem
682 1787 860 1815 confessionis
884 1795 932 1815 no-

148 1831 257 1864 strae",
282 1839 366 1866 seque
389 1832 432 1867 pie
456 1832 635 1867 religioseque
652 1833 754 1860 sentire
772 1838 846 1867 putat
871 1841 931 1860 cum

149 1878 208 1904 ait:
224 1877 252 1905 Si
269 1877 340 1905 Deus
353 1883 394 1905 est
417 1877 461 1904 ille
477 1878 523 1912 qui
545 1877 634 1910 oﬁ'ert,
650 1878 738 1905 nullus
753 1883 795 1905 est
807 1878 849 1905 cui
865 1878 931 1905 offe-

149 1927 224 1950 ratur
239 1931 246 1950 :
262 1923 326 1958 quid
337 1923 409 1950 enim
423 1923 565 1951 divinitate
576 1924 685 1958 dignum
700 1924 746 1955 sit,
761 1929 789 1950 ut
804 1930 930 1959 tanquam

148 1963 261 1998 inferior
278 1969 372 2004 majori
391 1969 505 1997 offerat?
525 1970 578 1997 Sed
602 1971 624 1998 si
642 1971 703 2005 quis
716 1976 788 1998 esset
804 1971 848 2006 qui
865 1980 930 1998 con-

148 2016 273 2043 tenderet
287 2023 319 2044 ac
333 2016 445 2048 diceret,
462 2017 550 2051 ipsum
567 2024 630 2043 vere
643 2024 676 2043 ex
699 2017 752 2044 Deo
765 2016 843 2044 Patre
857 2019 932 2052 geni-

149 2067 204 2089 tum
219 2060 337 2089 Verbum
360 2061 442 2088 etiam
462 2066 603 2096 antequam
623 2062 702 2089 homo
728 2062 815 2095 ﬁeret,
832 2063 864 2089 ad
885 2071 930 2090 sa-

149 2108 261 2136 cerdotii
287 2116 385 2135 munus
408 2115 468 2136 esse
488 2108 659 2140 collocatum,
684 2113 712 2136 et
734 2109 760 2135 in
786 2109 930 2136 ministerii

148 2154 242 2181 ordine
269 2161 301 2182 ac
326 2161 451 2181 mensura
474 2154 660 2186 constitutum,
684 2161 769 2188 eaque
792 2155 825 2181 de
849 2162 929 2182 causa

145 2199 208 2232 jure
236 2199 365 2234 appellati
385 2199 538 2234 pontiﬁcem
559 2205 586 2226 et
610 2199 770 2233 apostolum,
793 2201 930 2234 sapienter

149 2246 241 2280 utique
254 2245 411 2278 refutasset,
430 2250 457 2273 et
471 2250 532 2279 apte
547 2245 597 2272 hac
613 2246 644 2272 de
662 2253 691 2272 re
702 2245 856 2273 conclusam
872 2254 932 2274 esse
947 2234 970 2262 θ

148 2291 182 2318 ab
193 2298 226 2318 eo
239 2290 472 2318 ratiocinationem
486 2290 539 2317 dici
554 2295 653 2324 posset.
668 2291 724 2317 Non
740 2291 811 2318 enim
830 2297 932 2319 naturae

149 2337 186 2364 illi
210 2337 335 2364 omnibus
361 2336 510 2364 dominanti
536 2337 721 2364 sacriﬁcantes
743 2338 874 2370 deerant,
903 2343 932 2365 ut

149 2383 204 2417 ipsa
226 2382 277 2409 sibi
303 2389 410 2409 sacrum
434 2382 575 2409 exhiberet
593 2383 763 2417 obsequium.
789 2383 841 2410 Sed
865 2384 930 2418 quia

148 2427 193 2454 ille
210 2427 371 2462 Uuigenitus
383 2427 428 2462 qui
446 2433 540 2455 natura
559 2427 629 2455 Deus
641 2434 711 2461 erat,
728 2435 755 2456 et
769 2437 782 2456 a
801 2431 928 2458 sacerdo-

149 2476 221 2502 tibus
239 2475 368 2510 obsequia
388 2482 463 2502 sacra
482 2476 656 2510 suscipiebat,
671 2477 703 2503 ad
718 2484 870 2504 mensuram
884 2484 930 2504 e0-

149 2529 207 2548 rum
221 2521 359 2548 descendit
369 2521 414 2555 qui
426 2521 578 2548 sacerdotio
591 2521 780 2557 fungebantur,
793 2523 886 2554 homo,
902 2526 930 2548 ut

148 2567 213 2599 dixi,
225 2566 319 2600 factus,
331 2567 398 2593 nihil
407 2566 516 2593 absurdi
528 2571 579 2599 est,
589 2567 611 2594 si
620 2569 701 2594 etiam
712 2568 840 2595 sacerdos
851 2575 929 2595 voce-

148 2618 219 2639 tura
234 2612 319 2640 nobis.
339 2613 379 2639 An
395 2621 459 2641 vero
475 2621 527 2640 non
549 2614 688 2640 descendit
705 2615 729 2640 in
745 2613 829 2641 forma
846 2614 928 2646 servi,

147 2658 202 2693 67
221 2657 334 2685 fortnam
347 2659 449 2686 scilicet
461 2660 532 2686 servi
547 2660 694 2694 accipiens,
707 2660 830 2694 quamvis
844 2660 930 2694 figura

148 2708 220 2730 esset
244 2711 276 2731 ac
300 2705 425 2739 splendor
447 2705 538 2738 gloria:
562 2705 650 2732 Patris
662 2705 705 2732 ’3?
724 2713 835 2740 prorsus
851 2713 929 2732 nemo

148 2754 190 2775 est
206 2749 250 2782 qui
263 2749 295 2776 de
309 2750 358 2776 hac
372 2757 399 2777 re
413 2750 525 2777 dubitet.
542 2750 608 2778 Cum
626 2751 708 2784 igitur
722 2751 767 2778 ille
780 2752 927 2778 secundum

183 2839 204 2854 "
220 2838 314 2867 Matth.
327 2846 383 2873 ut,
397 2839 439 2867 l6.
477 2841 499 2856 "
517 2840 597 2869 Hebr.
612 2841 681 2873 nt,l.
720 2840 742 2856 ”
759 2841 873 2877 Philipp.
888 2850 917 2875 ιι,
933 2841 963 2874 7;

984 237 1073 270 τοῦτο,
1083 237 1160 274 οἴμαι
1173 240 1229 267 ἐστι
1238 241 1278 275 τὸ,
1290 243 1330 274 είς
1345 244 1414 279 ἀέρα
1426 245 1524 281 δέρειν.
1540 247 1611 282 Ἔφη
1627 237 1698 283 γάρ·
1723 249 1778 280 Τίς

990 283 1152 312 ’Δποστόλου
1167 286 1339 322 λειτουργίαν
1353 289 1458 324 μαθὼν,
1473 291 1523 318 οὐκ
1533 292 1614 323 εὐθὺς
1628 294 1777 330 ἄνθρωπον

985 329 1152 365 μηνυόμενον
1164 332 1250 366 ἐγνω;
1265 333 1313 365 Τίς
1322 334 1472 370 ἀρχιερέως
1488 337 1635 372 ὀνομασίαν
1652 329 1774 372 ἀκούων,

985 374 1109 410 θεότητος
1126 377 1220 404 οὐσίαν
1237 379 1282 406 τὸν
1296 380 1425 416 ἀρχιερέα
1440 383 1592 417 νομίσειεν;
1607 385 1672 412 ’Ὀτε
1683 386 1777 412 τοίνυν

983 421 1071 453 οὐδεὶς
1083 423 1096 447 ὁ
1112 423 1190 450 τοῦτο
1205 424 1291 459 λέγων
1307 426 1375 458 ἐστὶ,
1388 427 1468 460 τίσιν,
1490 430 1550 455 είπέ
1573 439 1629 465 μοι,
1653 431 1776 466 φιλονει-

984 468 1051 499 κεῖῦ
1070 469 1117 495 καὶ
1138 469 1167 495 τὸ
1188 472 1246 501 ταῖς
1263 472 1389 500 ἁπάντων
1410 473 1511 509 ψήφοις
1535 477 1774 511 κατεγνωσμένον,

984 512 1021 542 ὡς
1048 512 1127 547 μόνος
1153 515 1232 547 αὐτὸς
1259 517 1430 554 ἀνατρέπων,
1465 520 1516 546 οἴει
1539 521 1608 556 τάχα
1630 531 1693 553 που,
1726 523 1777 549 καὶ

983 559 1073 594 γερῶν
1086 560 1163 592 ἀξίαν
1178 563 1313 589 ποιεῖσθαι
1323 563 1372 599 τὴν
1387 565 1527 600 ἔνστασιν,
1542 567 1640 594 Καίτοι
1651 567 1711 600 πῶς
1723 569 1777 595 οὐκ

984 605 1091 640 ἀληθὲς,
1112 606 1149 638 ὡς
1165 607 1243 634 τοῦτο
1260 609 1385 643 λέγοντος
1398 611 1514 643 οὐδενὸς,
1543 613 1583 644 είς
1597 613 1679 648 μέσον
1694 614 1777 648 ἄγεις

984 651 1072 683 αὐτὸς,
1083 652 1096 678 ὃ
1107 654 1211 689 σιωπᾷν
1227 655 1349 689 ἄμεινον,
1366 657 1412 683 καὶ
1430 658 1467 692 μὴ
1477 659 1538 690 ταῖς
1553 659 1608 685 τῶν
1621 660 1778 687 ἁπλουστέο

986 705 1039 730 ρων
1047 697 1165 724 ἐνίεσθαι
1175 699 1273 735 ψυχαῖς
1285 709 1293 733 ;
1308 701 1355 732 Τίς
1364 702 1418 737 γὰρ
1428 703 1513 736 οὕτως
1525 704 1719 740 ἐμϐρόντητος,
1735 705 1777 737 ὡς

984 742 1109 778 θεότητος
1125 745 1218 771 ούσίαν
1229 745 1272 772 τὸν
1294 747 1436 782 ’Λρχιερέα
1446 748 1568 783 νομίζειν
1582 758 1590 782 ;
1609 749 1778 784 Ἀνθρωπος

982 785 1017 823 ἦν
1036 788 1150 823 Ἀαρὼν,
1169 789 1256 816 καίτοι
1277 791 1308 816 τὸ
1330 791 1460 827 προύχειν
1474 793 1527 819 τῶν
1543 792 1630 820 ἄλλων
1646 793 1676 820 ἐν
1693 795 1779 829 ἱερω-

985 833 1051 869 σύνῃ
1067 835 1099 869 τῇ
1118 834 1177 870 θείᾳ
1198 835 1298 870 λαχών.
1315 837 1377 869 Πῶς
1394 835 1440 864 οὖν
1456 838 1488 864 ἄν
1506 848 1549 870 τις
1568 839 1663 866 οὐσίαν
1680 839 1779 874 Θεότη-

985 888 1031 911 τος
1047 880 1092 906 τὸν
1113 881 1242 917 ἀρχιερέα
1255 882 1410 917 νομίσειενς
1433 885 1450 919 ἢ
1472 885 1529 917 πῶς
1549 885 1582 912 ἂν
1601 886 1662 921 οὐχὶ
1685 886 1778 920 πάντη

986 934 1015 952 τε
1044 926 1090 952 καὶ
1116 926 1224 958 πάντως
1254 928 1445 963 ὁμολογήσειεν
1473 930 1616 965 ἀνθρώπου
1646 932 1780 966 γενέσθαι

988 971 1108 1006 μνήμην,
1121 971 1185 998 ὅταν
1199 973 1264 1007 ἡμῖν
1276 973 1291 999 ὁ
1310 973 1430 1006 Μωσέως
1443 973 1554 1009 ἁδελφὸς
1570 975 1608 1006 ὡς
1629 975 1779 1010 ἀρχιερεὺς

986 1016 1165 1052 ὀνομάζηται;
1188 1017 1267 1045 Ἀλλὰ
1281 1019 1336 1055 γὰρ
1349 1020 1438 1047 κοινόν
1452 1028 1513 1047 τινα
1525 1021 1572 1047 καὶ
1588 1021 1659 1047 κατὰ
1673 1022 1780 1053 παντὸς

986 1062 1136 1097 ἀρχιερέως
1155 1063 1210 1090 τῶν
1232 1063 1292 1090 καθ’
1318 1066 1392 1099 ἡμᾶς
1418 1065 1491 1092 ἰόντα
1510 1074 1540 1092 τε
1561 1066 1608 1092 καὶ
1633 1066 1779 1101 πρέποντα

986 1107 1124 1143 προτιθεὶς
1134 1109 1178 1135 τὸν
1198 1109 1285 1144 λόγον,
1305 1110 1355 1145 τῆς
1367 1111 1396 1137 ἐν
1408 1111 1519 1146 Χριστῷ
1538 1112 1686 1147 νοουμένης
1699 1113 1777 1138 οἱκο-

987 1153 1082 1187 νομίας
1101 1154 1132 1180 τὺ
1153 1155 1303 1190 παράδοξον
1319 1156 1469 1192 παραλύειν
1490 1157 1635 1192 ἐπιχειρεῖ,
1657 1158 1705 1185 καὶ
1719 1155 1778 1184 οἷον

986 1199 1018 1226 ἐκ
1035 1199 1142 1236 βάθρων
1157 1201 1245 1228 αὐτῶν
1257 1202 1410 1229 κατασείειν
1421 1203 1561 1239 ἀποτολμᾴ
1573 1203 1603 1230 τὸ
1614 1203 1685 1230 θεῖον
1695 1203 1778 1238 ἡμῶν

989 1246 1136 1281 μυστήριον
1147 1254 1154 1261 ·
1172 1247 1222 1273 οὐκ
1236 1247 1343 1281 ἐννοῶν,
1364 1248 1405 1274 ὅτι
1419 1248 1615 1284 τεθεμελίωκεν
1625 1249 1778 1286 ὁΧρισεὺς

986 1291 1032 1317 ἐπὶ
1047 1291 1149 1326 πέτραν
1159 1292 1209 1328 τὴν
1229 1293 1409 1328 Ἐκκλησίαν⁵
1425 1293 1472 1321 καὶ
1485 1295 1567 1322 πύλαι
1578 1295 1640 1331 ᾅδου
1655 1296 1686 1322 ού
1710 1304 1778 1322 κατ-

986 1337 1143 1372 ισχύσουσιν
1167 1339 1262 1374 αὐτῆς.
1282 1340 1399 1367 Ἦκιστα
1412 1341 1461 1376 μὲν
1481 1342 1535 1378 γὰρ
1559 1343 1630 1374 ἀξιοῖ
1645 1343 1681 1378 τῇ
1697 1344 1777 1378 κοινῇ

986 1382 1033 1408 καὶ
1057 1383 1185 1410 ἁπάντων
1208 1384 1261 1410 τῶν
1280 1385 1347 1420 ὀρθὰ
1370 1388 1477 1422 φρονεῖν
1501 1387 1634 1414 εἰωθότων
1657 1387 1778 1414 ἕπεσθαι

985 1428 1058 1464 δόξῃ·
1072 1431 1230 1464 καινοτομεῖ
1253 1432 1298 1457 καὶ
1320 1432 1398 1466 μόνος
1421 1432 1608 1465 ἀὸασανίστως
1623 1433 1653 1460 τό
1667 1433 1775 1460 δοκοῦν.

991 1474 1087 1510 Ἡμεῖς
1103 1476 1151 1510 μὲν
1166 1476 1230 1511 γὰρ,
1246 1477 1371 1514 καθάπερ
1383 1479 1432 1514 ἤδη
1446 1481 1584 1515 προεῖπον,
1593 1479 1639 1507 τὸν
1658 1481 1691 1507 ὲκ
1706 1480 1777 1506 Θεοῦ

986 1521 1092 1556 Πατρὸς
1109 1522 1195 1556 Λόγον
1208 1523 1350 1558 ἄνθρωπον
1365 1525 1511 1558 γεγονότα,
1533 1526 1580 1551 καὶ
1595 1525 1776 1560 ίερουργῆσαί

988 1574 1077 1601 φαμεν
1093 1566 1181 1602 ἐαυτῷ
1202 1568 1248 1594 καὶ
1264 1567 1304 1603 τῷ
1323 1569 1409 1604 Πατρὶ
1424 1570 1473 1605 τῆς
1494 1570 1610 1601 πίστεως
1626 1570 1704 1605 ήμῶν
1726 1571 1778 1606 τὴν

987 1612 1141 1646 ὁμολογίαν,
1167 1613 1326 1647 πρέπουσάν
1347 1623 1377 1640 τε
1399 1615 1448 1642 καὶ
1472 1615 1532 1641 κατ’
1555 1615 1651 1642 οὐδένα
1674 1616 1777 1651 τρόπον

986 1657 1156 1693 ἀνάρμοστον
1173 1659 1228 1690 τοῖς
1248 1659 1297 1694 τῆς
1317 1659 1457 1692 κενώσεως
1475 1661 1585 1695 μέτροις
1608 1661 1777 1696 ποιήσασθαι

986 1703 1035 1738 τὴν
1058 1704 1224 1740 οἰκονομίαν.
1249 1705 1318 1731 Ἀλλ’
1337 1706 1385 1740 οὐχ
1399 1703 1458 1735 λῶδε
1486 1707 1562 1733 ταῦτ’
1581 1707 1654 1742 ἔχειν
1676 1708 1777 1742 ἐκείνῳ

985 1748 1069 1780 δοκεῖ,
1090 1749 1143 1785 ἰδίᾳ
1155 1750 1184 1776 δὲ
1206 1750 1306 1784 μᾶλλον
1321 1751 1370 1777 κα.)⁸
1388 1752 1439 1778 ἀνὰ
1457 1751 1539 1787 μέρος
1563 1752 1720 1786 ἁπολαῦὼν,
1738 1753 1777 1785 ὡς

985 1794 1078 1829 ἕτερον
1105 1795 1168 1822 ὄντα
1190 1797 1307 1831 Χριστὸν
1328 1797 1373 1823 τὸν
1397 1798 1429 1823 ὲκ
1448 1797 1498 1832 τῆς
1525 1798 1605 1832 ἁγίας
1630 1799 1775 1834 Παρθένου

986 1840 1062 1875 παρά
1077 1849 1109 1874 γε
1127 1841 1171 1867 τὸν
1183 1842 1214 1868 ὲκ
1231 1841 1299 1869 Θεοῦ
1318 1842 1423 1878 Πατρδς
1440 1843 1535 1877 Λόγον,
1552 1843 1633 1870 αὑτὸν
1644 1844 1774 1878 γενέσθαι

985 1886 1066 1920 φησιν
1075 1886 1237 1914 Ἀπόστολον
1245 1888 1292 1914 καὶ
1309 1888 1452 1924 ’Δρχιερέα
1467 1890 1515 1924 τῆς
1529 1889 1673 1923 ὁμολογίας
1682 1890 1773 1925 ἡμῶν·

985 1932 1070 1958 οἴεται
1089 1933 1117 1959 δὲ
1141 1934 1188 1960 καὶ
1216 1934 1270 1960 τῶν
1292 1936 1331 1966 είς
1355 1935 1496 1962 εὐσέϐειαν
1518 1936 1639 1971 ἡκόντων
1662 1937 1776 1969 ἐννοεῖν,

985 1978 1074 2004 έκεῖνο
1091 1978 1177 2013 λέγων
1189 1988 1196 1994 ·
1213 1980 1244 2006 Εἰ
1259 1980 1325 2011 Θεὸς
1337 1982 1351 2007 ό
1361 1981 1533 2016 προσφέρων,
1546 1982 1632 2012 οὐδεὶς
1649 1978 1672 2016 ᾦ
1687 1991 1773 2017 προσ-

985 2023 1116 2059 φέρεται·
1144 2026 1170 2051 τι
1195 2026 1248 2061 γὰρ
1275 2026 1401 2061 θεότητος
1425 2027 1510 2060 ἄξιον,
1537 2028 1569 2054 ἵν’
1601 2029 1639 2060 ὡς
1662 2029 1774 2056 ἔλαττον

985 2069 1126 2106 προσφέρῃ
1147 2070 1185 2106 τῷ
1202 2071 1322 2106 μείζονι;
1345 2071 1414 2098 Ἀλλ’
1425 2073 1449 2098 εί
1462 2072 1511 2107 μέν
1523 2082 1563 2105 τις
1572 2071 1606 2109 ἦν
1617 2074 1630 2100 ὁ
1645 2074 1773 2101 διατεινό-

987 2115 1065 2150 μενος
1079 2124 1109 2141 τε
1121 2116 1168 2142 καὶ
1187 2116 1273 2150 λέγων
1286 2117 1367 2144 αὑτὸν
1383 2117 1490 2153 ἀληθῶς
1505 2119 1550 2145 τὸν
1575 2119 1608 2146 ὲκ
1630 2119 1698 2146 Θεοῦ
1714 2121 1773 2146 Πα-

984 2161 1048 2196 τρός
1069 2162 1165 2195 Λόγον,
1184 2162 1231 2188 καὶ
1249 2163 1302 2198 πρὸ
1320 2163 1370 2198 τῆς
1390 2164 1621 2200 ἐνανθρωπήσεως
1643 2167 1773 2202 τετάχθαι

986 2207 1052 2242 πρὸς
1066 2209 1233 2244 ἱερουργίαν,
1255 2210 1301 2236 καὶ
1314 2209 1343 2236 ὲν
1357 2209 1464 2245 μέτροις
1480 2209 1549 2238 εἶναι
1562 2211 1770 2247 λειτουργικοῖς.

985 2254 1088 2289 ταύτης
1103 2263 1132 2281 τε
1147 2255 1224 2281 ἕνεκα
1239 2255 1288 2290 τῆς
1302 2256 1392 2288 αἰτίας
1406 2256 1586 2291 ὀνομάζεσθαι
1604 2257 1659 2284 δεῖν
1677 2259 1772 2294 ἀρχιε-

986 2300 1036 2334 ρέα
1056 2300 1104 2326 καὶ
1125 2300 1283 2328 ἀπόστολον.
1307 2302 1395 2336 Σοφὴν
1418 2302 1451 2329 ἂν
1469 2303 1615 2337 ἐποιήσατο
1634 2303 1684 2339 τὴν
1703 2304 1772 2331 ἀπό-

985 2344 1081 2378 πληξιν
1097 2343 1157 2380 [ῑσ.
1173 2345 1348 2381 ἐπίπληξιν
1363 2347 1527 2382 πεποιῆσθαι
1537 2348 1566 2374 δὲ
1577 2349 1624 2376 καὶ
1635 2350 1664 2375 ὲν
1675 2350 1772 2384 κόσμῳ

983 2390 1051 2424 φαίη
1075 2398 1116 2422 τις
1138 2390 1170 2417 ἂν
1187 2391 1260 2426 αὐτῷ
1279 2391 1324 2418 τὸν
1343 2392 1389 2418 ἐπὶ
1409 2392 1495 2427 τούτῳ
1519 2393 1704 2429 συλλογισμόν.
1732 2396 1771 2422 Οὐ

982 2435 1036 2471 γὰρ
1053 2433 1086 2471 ἦν
1101 2436 1129 2463 ἐν
1150 2436 1246 2463 σπάνει
1256 2437 1310 2463 τῶν
1325 2437 1473 2473 ἱερουργῶν
1492 2439 1573 2474 ἡτῶν
1586 2440 1654 2466 ὅλων
1669 2441 1772 2476 κατάρ-

984 2490 1067 2516 χουσα
1080 2481 1169 2516 φύσις,
1188 2482 1222 2508 ἵν’
1231 2483 1259 2508 ὲν
1271 2483 1340 2518 αὐτῇ
1355 2482 1412 2518 ita.
1425 2484 1526 2520 ἑαυτῇ]
1541 2485 1769 2521 λειτουργήσειεν.

992 2526 1100 2562 Ἐπειδὴ
1125 2527 1152 2553 δὲ
1173 2528 1251 2561 φύσει
1271 2528 1336 2561 Θεὸς
1359 2530 1487 2565 ὑπάρχων
1504 2531 1518 2556 ὁ
1538 2531 1702 2567 Μονογενὴς,
1722 2533 1771 2559 καὶ

984 2573 1033 2605 τὰς
1048 2574 1124 2609 παρὰ
1142 2574 1196 2601 τῶν
1217 2575 1409 2610 ἱερατευόντων
1423 2575 1594 2610 λειτουργίας
1616 2576 1769 2612 δεχόμενος,

984 2619 1023 2650 εἰς
1041 2618 1071 2644 τὸ
1095 2619 1150 2645 τῶν
1164 2620 1337 2655 τεταγμένων
1360 2621 1398 2652 εις
1424 2620 1578 2656 ἱερουργίαν
1603 2622 1771 2656 καταπεφοί-

983 2671 1049 2696 τηκε
1066 2663 1176 2698 μέτρον,
1195 2663 1336 2699 ἄνθρωπος
1351 2664 1481 2698 γεγονὼς,
1510 2665 1547 2698 ὡς
1563 2666 1642 2701 ἔφην,
1665 2667 1771 2701 γένοιτο

983 2707 1015 2734 ἂν
1027 2708 1081 2735 τῶν
1096 2709 1203 2736 ἀτόπων
1219 2710 1304 2742 οὐδὲν,
1322 2712 1346 2736 εἰ
1360 2710 1467 2737 καλοῖτο
1483 2712 1550 2746 πρὸς
1567 2712 1646 2747 ἡμῶν
1661 2713 1705 2740 καὶ
1719 2714 1770 2747 ἀρ-

984 2753 1101 2788 χιερεύς.
1130 2754 1163 2781 Ἢ
1190 2755 1219 2782 οὐ
1250 2756 1437 2792 καταϐέϐηκεν
1455 2759 1484 2785 ὲν
1507 2760 1539 2793 τῇ
1551 2758 1645 2785 δούλου
1665 2760 1768 2794 μορφῇ,

981 2841 1060 2870 Hebr.
1076 2851 1094 2875 ι,
1107 2844 1132 2870 5.
