1883 3054
84 157 120 185 εει
610 151 799 179 ADVERSUS
819 150 1022 181 NESTORIUM
1043 152 1105 180 LIB.
1126 153 1170 181 Ill.

1649 155 1700 183 €22

83 213 175 252 μορφὴν
201 211 320 247 δηλονότι
348 210 444 237 δούλου
468 209 569 242 λαϐὼν,
593 210 681 236 καίτοι
713 211 826 246 χαρακτέ

956 221 1037 240 ,uram
1061 214 1139 246 liber,
1158 219 1251 247 utpote
1269 215 1348 247 Deus,
1364 214 1408 242 ille
1421 214 1466 249 qni
1483 218 1541 241 erat
1567 215 1593 242 in
1615 215 1699 244 forma

83 262 197 294 ὑπάρχων
219 257 266 283 καὶ
287 255 461 290 ἀπαύγασμα
487 256 536 290 τῆς
561 254 639 290 δόξης
662 254 708 280 τοῦ
735 254 858 290 Πατρός;

82 305 129 332 ἀλλ’
141 304 187 330 οὐκ
201 302 233 329 ἂν
249 300 399 328 ἐνδοιάσειὲ
413 309 465 332 τις.
477 299 541 326 Ὅτε
559 300 649 326 τοίνυν
665 300 678 326 6
694 301 762 326 κατὰ
778 299 859 334 φύσιν

85 351 140 376 ἰδίαν
150 346 299 381 ἐλεύθερος,
313 345 353 377 ὡς
366 345 441 376 Θεὸς,
452 345 466 371 6
480 346 508 371 ὲν
524 346 616 380 μορφῇ
632 344 679 370 καὶ
695 344 797 378 ἰσότητι
813 344 859 370 τοῦ

83 393 280 430 γεγεννηκότος,
311 391 501 426 κεχρημάτικε
527 390 635 422 δοῦλος,
661 390 707 416 τὸν
724 389 779 426 [Ζσ.
793 389 860 426 τῶν]

83 442 126 469 ὑπὸ
142 439 208 473 ζυγὰ
222 438 348 470 δουλείας
364 437 395 463 τὸ
420 437 518 472 μέτρον
533 437 563 462 οὺ
581 435 762 471 διωθούμενος
787 437 860 462 οίκο-

83 486 196 522 νομικῶς,
213 484 272 511 ἀνθ’
286 485 349 510 ὅτου
365 483 454 514 δέδιας
469 482 550 509 αὐτὸν
567 483 613 508 καὶ
625 482 754 518 ἀρχιερέα
768 482 860 509 καλεῖν

82 534 117 560 διὰ
135 532 162 558 τὸ
179 529 369 566 ἁνθρὼπινον;
392 528 516 564 καθιεροῖ
538 527 591 562 γὰρ
612 528 686 562 ἡμᾶς
709 528 749 558 εἰς
772 527 860 562 ὀσμὴν

82 577 179 608 εὐωδίας
194 576 238 603 διὰ
257 575 310 610 τῆς
326 574 445 606 πίστεως
456 583 463 589 ·
480 574 574 600 ἑαυτόν
591 582 621 599 τε
641 573 710 609 ὑπὲρ
730 573 808 608 ἡμῶν
822 573 860 605 ὡς

82 622 255 659 ιὺοσμὼτατον
274 621 350 657 θῦμα
367 620 569 656 προσκεκόμικε
593 619 631 654 τῷ
651 619 749 655 Πατρί.
772 619 801 646 Ὀ
820 619 858 652 δὲ,

82 671 122 696 οὐκ
132 667 174 696 οἷδ’
184 669 197 694 ὂ
207 676 233 694 τι
246 667 349 701 λέγων,
363 666 533 702 προσεπάγει
548 665 653 697 τούτοις
665 665 746 696 εὐθύς
755 673 762 679 '
775 664 860 691 Πόθεν

82 713 120 741 οὖν
132 715 144 740 ὁ
157 713 221 744 Θεὸς
239 712 336 743 αὐτοῖς
357 711 507 745 κεκλῆσθαι
531 710 577 737 νῦν
603 711 748 745 ἀρχιερεὺς
768 709 860 745 ἐνομί-

83 762 153 796 arma
168 759 260 790 θυσίας
274 759 318 790 είς
334 757 476 793 προκοπὴν
491 757 558 784 ἰδίαν
575 757 611 792 μὴ
628 757 754 792 χρῄζων;
771 757 784 782 6
797 757 861 783 Θεό-

82 815 149 842 τητος
162 805 270 840 κτήτωρ
294 814 303 830 ι
319 804 348 837 ἐξ
362 803 513 839 ἀνθρώπων
530 802 653 838 ληφθεὶς,
667 802 739 837 ὑπὲρ
756 801 860 838 ἀνθρώ-

83 862 130 879 πων
143 851 303 877 καθίσταται
324 850 358 876 τὰ
375 850 443 885 πρὸς
461 849 505 876 τὸν
519 848 602 882 Θεόνς
618 858 626 875 ι
646 848 730 875 Πόθεν
751 849 800 884 μὲν
814 847 860 875 οὖν

912 264 938 285 et
953 259 1106 292 aequalitate
1119 261 1284 294 generautis,
1302 259 1390 287 factus
1405 265 1447 287 est
1462 267 1568 291 servus,
1589 268 1700 288 mensu-

912 313 969 331 ram
983 313 1075 332 eorum
1088 307 1132 340 qui
1156 306 1207 333 sub
1219 306 1283 341 jngo
1297 307 1437 333 servitutis
1454 311 1543 339 erant,
1560 307 1701 340 dispensa—

913 353 980 377 toria
997 353 1102 379 ratione
1117 359 1169 379 non
1199 353 1370 386 dedignatus.
1393 360 1444 387 qua
1460 352 1492 378 de
1508 360 1588 379 causa
1604 353 1701 379 metuis

911 405 973 425 enm
1009 399 1162 432 pontiﬁcem
1193 402 1303 433 propter
1325 398 1521 424 humanitatem
1552 397 1700 431 appellare,

911 444 955 478 qui
972 448 999 470 et
1018 451 1066 470 nos
1084 444 1164 470 oli'crl
1183 444 1207 470 in
1224 443 1387 470 sacrificium
1404 445 1570 478 odoremque
1582 444 1701 470 suavilu-

913 490 946 515 tis
960 497 1007 523 per
1026 489 1116 521 fidem,
1132 494 1159 516 et
1174 489 1293 523 scipsum
1310 489 1383 515 Patri
1407 496 1455 522 pro
1469 489 1547 516 nobis
1571 494 1699 524 tanquam

911 535 1126 562 odoratissimam
1153 536 1290 562 victimam
1317 536 1435 562 obtulit?
1457 535 1506 562 Hic
1528 543 1592 562 vero
1617 535 1692 570 (quid

912 582 982 608 dicat
1009 581 1112 616 nescio)
1141 581 1184 608 his
1207 581 1278 608 illico
1298 580 1447 616 adjungit:
1476 581 1618 608 Undeuam
1649 581 1700 616 ipsi

912 632 1062 661 putarunt,
1090 627 1174 653 Deum
1203 634 1275 653 nunc
1299 631 1422 653 vocatum
1447 634 1506 654 esse
1532 628 1700 661 pontiﬁcem,

912 681 972 699 cum
999 672 1042 698 ille
1061 671 1147 698 hostia
1164 671 1197 698 ad
1225 671 1424 705 promotionem
1448 680 1523 699 suam
1551 680 1602 698 non
1630 672 1702 699 imii-

911 718 996 754 εστιιῖ
1015 717 1127 745 Deitatis
1154 725 1324 752 possessort
1352 725 1384 744 ex
1408 718 1567 745 hominibus
1591 726 1701 745 assum-

911 769 985 800 ptus,
1000 772 1048 798 pro
1063 765 1217 791 horninibus
1229 764 1404 791 constituitur
1418 764 1443 791 in
1459 764 1500 790 his
1516 772 1576 798 quae
1588 769 1650 791 sunt
1662 763 1696 790 ad

913 810 995 837 Deum
1014 810 1047 835 ’9.
1064 819 1072 835 ι
1090 809 1232 838 Undenam
1250 810 1333 845 igitur
1349 815 1433 842 esset,
1446 815 1474 837 et
1490 818 1571 844 quam
1589 810 1623 836 ob
1638 818 1703 836 cau-

912 864 969 884 sam
988 856 1123 890 Christus,
1148 857 1199 884 hoc
1220 862 1271 889 est,
1299 857 1386 891 ipsum
1409 857 1452 884 Dei
1480 857 1595 883 Verbum
1621 857 1702 884 homo

82 897 117 934 ἦν,
135 898 152 933 ἢ
170 897 213 924 διὰ
230 896 315 923 ποίαν
335 896 425 922 αἰτίαν
448 895 606 930 ὠνόμασται
623 895 756 930 Χριστὸς,
780 903 825 920 του

958 909 1024 934 ιιιιιι.
1042 903 1191 938 appellatus
1206 903 1240 931 sit
1257 903 1401 938 Apostolus
1417 908 1444 930 et
1462 903 1595 935 Pontifex,
1613 903 1701 930 abun-

83 946 153 975 ἐστιν,
174 942 319 974 ἄνθρωπος
344 940 464 976 γεγονὼς
480 942 494 968 6
517 941 564 968 τοῦ
587 941 654 968 Θεοῦ
675 941 761 975 Λόγος
779 940 860 966 Ἀπό-

82 989 161 1020 στολος
176 988 221 1014 καὶ
239 987 413 1023 ’Δρχιερεὺς,
427 986 547 1021 διαρκώς
563 987 628 1022 ἡμῖν
643 987 656 1013 6
669 986 748 1020 λόγος
762 985 860 1012 ἀποδέ-

81 1035 155 1070 δειχεν
169 1033 283 1069 ἀρτίως.
305 1030 390 1068 Οἶμαι
416 1032 443 1059 δὲ
464 1032 519 1058 δεῖν
538 1032 587 1058 οὐκ
607 1031 787 1058 ἀϐασάνιστον
812 1032 859 1067 ὲᾷν

82 1081 122 1115 τὴν
138 1079 253 1114 ἀσυνήθη
277 1087 308 1104 τε
330 1079 379 1105 καὶ
395 1078 475 1113 ξένην
497 1078 579 1105 αὑτοῦ
599 1078 700 1113 φωνήν.
713 1076 787 1114 τΑρικ
806 1078 860 1112 γὰρ

83 1126 191 1161 θεότητος
218 1125 344 1160 κτήτορα
358 1124 406 1151 τὸν
425 1125 457 1150 ὲκ
472 1123 539 1150 Θεοῦ
563 1125 630 1160 φησὶ
646 1124 743 1158 Λόγον,
766 1124 818 1150 κᾶν
835 1124 860 1150 εἰ

81 1171 124 1197 ἀνα
137 1171 213 1206 μέρος
229 1169 356 1204 βούλοιτό
370 1178 413 1201 τις
426 1170 495 1196 νοεῖν
509 1169 590 1196 αὐτὸν
605 1171 651 1196 καὶ
665 1169 726 1204 δίχα
739 1170 858 1205 σαρκός;

83 1216 127 1252 ἄρα
139 1217 173 1249 ὡς
188 1218 252 1251 παρ’
265 1217 350 1243 αὑτὸν
365 1216 462 1251 ἑτέραν
479 1215 526 1251 τὴν
542 1215 656 1251 θεότητα
675 1215 757 1242 αὐτοῦ
778 1215 861 1250 διορί-

83 1263 162 1295 ζεται;
175 1261 219 1298 ἧς,
239 1263 290 1289 οὐκ
305 1261 354 1289 οἷδ’
368 1263 453 1293 ὅπως,
468 1261 540 1288 καθά
559 1270 640 1296 φησιν
657 1262 748 1292 αὐτὸς,
764 1262 859 1296 γέγονε

83 1309 187 1343 κτήτωρ,
210 1307 247 1339 ὡς
277 1307 521 1342 προσειλημμὲνης
548 1306 649 1338 ἔξωθεν
672 1307 720 1333 καὶ
741 1307 860 1341 ἐπισυμ-

83 1355 156 1389 Eis-1;;
168 1353 249 1389 αὐτῷ,
269 1354 362 1380 καίτοι
377 1353 437 1388 Θεῷ
457 1353 528 1380 κατὰ
542 1354 622 1387 φύσιν
638 1353 687 1379 οὐκ
710 1353 766 1379 ὄντι
787 1353 862 1388 αὐτῷ

83 1410 148 1432 ποτε,
156 1401 244 1427 ὁποῖόν
254 1402 315 1427 ἐστι
326 1401 356 1427 τὸ
368 1401 443 1436 παρὰ
453 1401 503 1435 τῆς
511 1401 629 1436 ἀρχαίας
641 1400 749 1436 ἐκείνης
761 1409 859 1434 γυναι-

84 1448 131 1478 1.6;,
142 1448 208 1482 φημὶ
218 1447 250 1482 δὴ
265 1447 316 1482 τῆς
327 1446 408 1479 Εῠας,
416 1447 548 1481 τεκούσης
557 1448 603 1473 τὸν
615 1447 667 1482 Σήθ
679 1447 752 1482 (19)·
772 1457 780 1472 ι
802 1448 863 1473 Ἐκ-

84 1494 193 1529 τησάμην
200 1493 344 1528 ἄνθρωπον
353 1493 398 1519 διὰ
413 1492 460 1519 τοῦ
477 1493 554 1520 Θεοῦ.
576 1493 664 1519 Ἀλλ’»
682 1491 770 1528 οἶμαι,
784 1492 862 1519 τοῦτό

85 1541 146 1566 ἐστιν
166 1538 320 1574 ἀπόόλητον
339 1538 478 1570 παντελῶς
503 1538 578 1573 αὑτῷ
595 1547 624 1565 τε
647 1539 692 1565 καὶ
723 1539 814 1565 πᾶσιν.
830 1538 862 1564 Τί

85 1584 123 1612 οὖν
141 1585 307 1621 ἀχυρο).ογεῖ,
325 1586 373 1612 καὶ
390 1586 577 1621 παραρῤιπτεί
600 1586 691 1619 φωνὰς
715 1586 862 1617 ἀσυνέτους

87 1630 122 1656 ἐπ’
130 1629 281 1663 ἀναγκαίοις
296 1629 369 1656 οὕτω
383 1629 556 1666 πράγμασιν;
569 1631 604 1656 Ἢ
617 1630 666 1657 οὐκ
681 1630 712 1656 ἂν
725 1630 801 1664 ὄφλοι
815 1630 862 1664 γέ-

86 1677 146 1702 λωτα
160 1676 205 1702 καὶ
224 1675 442 1710 φρενοὸλαὸείας
458 1676 577 1712 γραφὴν,
595 1677 619 1703 εί
635 1677 667 1712 δὴ
684 1677 804 1712 βούλοιτό
821 1685 862 1709 τις

86 1722 126 1748 ἱνα
142 1722 192 1748 τῶν
217 1721 277 1748 καθ’
298 1722 372 1756 ἡμᾶς
394 1721 601 1757 ἀνθρωπότητος
623 1723 743 1758 κτήτορσ.
759 1722 860 1756 λέγειν,

86 1768 156 1801 ἣγουν
179 1767 221 1793 τὸν
238 1767 324 1793 ἵππον
348 1767 513 1802 inﬁde-(110;;
534 1768 582 1799 Τίς
604 1766 660 1804 ἆρα
677 1768 769 1795 λοιπὸν
783 1770 797 1795 6
812 1769 861 1803 τῆς

89 1812 197 1847 θεότητος
213 1814 335 1848 κτήτωρ,
355 1822 364 1838 ι
374 1814 388 1840 6
403 1813 432 1846 ἐξ
446 1813 597 1848 ἀνθρώπων
613 1814 728 1849 ληφθεὶς
741 1815 776 1842 τὰ
792 1815 861 1850 πρὸς

89 1857 124 1883 τὸν
134 1857 194 1884 Θεὸν
207 1857 387 1890 motarum;
406 1858 479 1894 Ἐρεῖ
493 1859 563 1893 τάχα
584 1867 635 1885 που
650 1859 746 1886 διελὼν
762 1861 801 1892 είς
815 1860 862 1886 δύο

89 1903 126 1929 τὸν
142 1904 187 1930 ἕνα
207 1905 336 1940 Χριστὸν,
355 1905 402 1931 τὸν
416 1906 448 1931 ὲκ
463 1906 512 1940 τῆς
527 1906 608 1940 ἁγίας
632 1907 773 1942 Παρθένου
784 1915 790 1922 ’
813 1908 861 1942 γέ-

89 1958 193 1984 γραπται
209 1949 263 1986 [ισ.
278 1951 442 1987 τέτραπται]
459 1952 513 1987 γάρ
532 1962 590 1984 πως
605 1954 645 1984 εἰς
659 1953 737 1980 τοῦτο
752 1954 801 1980 καὶ
815 1954 861 1981 νῦν

89 1997 200 2028 ὀσκοπὸς
212 1997 285 2032 αὐτῷ
294 2005 302 2011 ·
318 1998 417 2032 κτῆσις
429 1995 475 2024 οὖν
491 1998 634 2034 ἀνθρώπου
650 2000 761 2034 γέγονεν
775 2001 791 2036 ή
807 2000 863 2027 θεό-

89 2049 144 2074 211;,
158 2042 215 2068 είπέ
234 2051 294 2077 μοι,
317 2043 367 2069 καὶ
387 2043 486 2079 συνέϐη
507 2043 560 2070 τινὶ
587 2043 641 2070 τῶν
657 2045 718 2071 καθ’
733 2046 816 2081 ἡμᾶς,
832 2046 862 2073 τὸ

91 2087 158 2120 φύσει
169 2096 197 2113 τε
211 2088 258 2115 καὶ
275 2087 392 2124 ἀληθείᾳ
413 2089 540 2123 γενέσθαι
558 2089 634 2123 θεὸν,
650 2091 697 2117 καὶ
719 2091 770 2126 τῆς
789 2092 860 2118 ἀνω-

90 2134 152 2159 τάτω
167 2135 257 2162 πασῶν
278 2135 326 2161 καὶ
345 2135 501 2171 ὑπερτάτης
522 2137 616 2168 οὐσίας
640 2138 861 2173 κατα-πλουτῆσαι

91 2179 132 2214 τὴν
146 2179 296 2215 ὕπεροχήν;
316 2180 425 2214 ’Ἄπαγε
443 2181 492 2216 τῆς
516 2181 691 2214 δυσϐουλίας,
715 2182 841 2218 ἄνθρωπε
853 2192 859 2198 ·

911 951 944 977 de
968 952 1092 984 proximo
1116 958 1242 977 sermone
1268 951 1432 984 patefactum
1454 955 1516 976 est:
1543 950 1590 977 sed
1611 955 1701 977 tamen

911 996 1046 1023 insuetam
1066 1001 1093 1024 et
1110 1004 1209 1023 novam
1233 996 1291 1030 ejus
1316 1003 1409 1023 vocem
1424 1003 1478 1022 non
1495 1003 1555 1022 esse
1571 996 1628 1022 sine
1646 995 1703 1023 dis-

911 1043 1037 1070 cussione
1061 1043 1279 1076 prtetereundam
1301 1049 1411 1069 censeo.
1432 1041 1502 1068 Num
1522 1043 1594 1068 enim
1611 1041 1704 1068 Deita-

914 1090 947 1116 tis
963 1096 1147 1124 possessorem
1174 1088 1262 1123 ipsum
1284 1096 1317 1114 ex
1334 1087 1388 1115 Deo
1402 1088 1521 1115 Verbum
1542 1088 1619 1120 dicit,
1640 1088 1702 1115 licet

912 1142 1033 1162 seorsum
1052 1135 1116 1161 illud
1146 1134 1298 1167 intelligere
1323 1133 1466 1168 quisquam
1489 1133 1554 1160 velit
1579 1139 1607 1160 et
1628 1134 1698 1160 citra

912 1179 1041 1208 carnem?
1056 1188 1089 1206 an
1105 1179 1189 1214 ipsius
1204 1179 1372 1205 divinitatem
1390 1184 1518 1213 tanquam
1538 1178 1572 1205 ab
1590 1180 1648 1213 ipso
1662 1179 1704 1205 di-

911 1233 1019 1252 versam
1035 1225 1197 1259 distinguit?
1212 1225 1290 1257 cujus
1313 1224 1406 1251 nescio
1423 1231 1539 1258 quonam
1565 1223 1656 1255 modo.
1672 1229 1701 1251 ut

913 1272 969 1306 ipse
982 1271 1032 1304 ait,
1050 1277 1191 1304 possessor
1208 1275 1250 1297 est
1265 1269 1364 1301 factus,
1381 1274 1507 1304 tanquam
1522 1270 1544 1296 si
1562 1270 1699 1297 extrinse-

912 1326 960 1345 cus
977 1322 1088 1351 accepta
1106 1316 1151 1348 sit,
1171 1321 1198 1342 el
1216 1316 1253 1342 illi
1275 1316 1426 1348 advenerit,
1442 1315 1506 1342 licet
1521 1315 1565 1342 ille
1578 1315 1700 1349 aliquan-

913 1363 947 1389 do
965 1362 1035 1388 Deus
1050 1361 1199 1388 secundum
1216 1366 1341 1387 naturam
1361 1368 1412 1387 nou
1432 1360 1521 1393 fuerit,
1540 1361 1620 1395 quale
1636 1361 1700 1387 illud

912 1412 954 1433 est
967 1415 983 1434 a
1005 1407 1094 1440 prisca
1109 1407 1153 1434 illa
1168 1407 1279 1438 femina,
1295 1407 1348 1433 Eva
1365 1407 1486 1441 inquam,
1504 1407 1616 1437 dictum.
1639 1414 1700 1432 cum

912 1452 979 1479 Selh
1005 1452 1088 1479 tilium
1112 1452 1191 1479 enixa
1212 1457 1309 1479 esset:
1327 1461 1336 1476 ι
1365 1451 1473 1478 Possedi
1497 1451 1632 1479 hominem
1654 1459 1703 1485 per

912 1498 996 1525 Deum
1011 1499 1030 1526 ¹,
1051 1508 1060 1525 ι
1082 1498 1134 1526 Sed
1150 1498 1186 1529 id,
1205 1498 1255 1525 nisi
1272 1498 1361 1530 fallor,
1377 1503 1404 1524 et
1418 1498 1475 1531 ipse
1488 1502 1514 1525 et
1530 1505 1625 1524 omnes
1641 1498 1700 1532 pla-

876 1563 898 1593 C
915 1554 948 1572 ne
965 1545 1144 1579 respuendum
1159 1549 1283 1572 censent.
1302 1544 1356 1571 Cur
1372 1551 1438 1578 ergo
1456 1544 1602 1578 improprie
1616 1543 1704 1577 loqui-

916 1598 970 1623 tur,
988 1596 1015 1618 et
1031 1591 1219 1626 imprudenter
1236 1598 1315 1618 voces
1341 1590 1459 1624 projicit,
1486 1591 1512 1617 iu
1536 1590 1616 1618 rebus
1634 1590 1705 1618 adeo

914 1638 1059 1672 gravibus?
1074 1637 1173 1664 Annon
1199 1638 1329 1664 ridendus
1342 1642 1500 1668 censeatur,
1515 1642 1542 1663 et
1558 1637 1703 1663 dementia:

914 1684 1018 1710 crimen
1038 1684 1170 1715 incurrat,
1200 1684 1223 1711 si
1242 1684 1303 1718 quis
1323 1691 1406 1711 unum
1431 1683 1464 1710 de
1488 1687 1581 1710 nostro
1603 1690 1703 1716 genere

913 1730 977 1756 velit
1000 1729 1177 1756 humanitatis
1201 1737 1386 1763 possessorem
1409 1728 1510 1760 dicere,
1529 1733 1575 1754 attt
1600 1736 1699 1762 equum

914 1775 1018 1810 equinae
1034 1780 1137 1802 natura:
1148 1775 1159 1801 *ἶ
1170 1775 1235 1808 Quis
1260 1782 1325 1808 ergo
1340 1779 1382 1801 est
1406 1774 1450 1802 ille
1467 1775 1620 1801 divinitatis
1640 1783 1703 1808 puso

913 1829 1015 1853 sessor,
1033 1830 1042 1846 ι
1060 1821 1105 1855 qui
1121 1828 1154 1848 ex
1169 1820 1324 1847 hominibus
1342 1824 1496 1854 assumptus
1510 1840 1517 1851 ,
1540 1827 1589 1853 pro
1612 1819 1703 1846 homi~

914 1867 993 1895 nibus
1007 1867 1184 1894 constituitur
1198 1865 1225 1892 iu
1241 1866 1284 1892 his
1298 1873 1358 1899 quae
1379 1869 1443 1892 sunt
1457 1865 1489 1891 ad
1514 1864 1617 1891 Deum?
1634 1874 1642 1890 ι
1659 1865 1703 1891 Di-

914 1917 957 1940 t-ct
972 1912 1100 1943 fortasse,
1116 1919 1198 1938 unum
1213 1911 1354 1937 Christqu
1373 1911 1399 1937 in
1414 1910 1482 1937 duos
1494 1910 1628 1942 dividens,
1641 1918 1702 1937 esse

914 1959 986 1984 illum
1001 1966 1033 1984 ex
1048 1962 1141 1984 sancta
1163 1957 1271 1991 Virgine
1285 1965 1291 1983 ε
1314 1957 1366 1983 huc
1390 1955 1461 1983 enim
1477 1956 1566 1983 outnis
1582 1956 1643 1989 ejus
1658 1956 1701 1982 itt-

915 2003 997 2030 tentio
1021 2007 1133 2036 spectat.
1151 2002 1257 2037 Ergone
1273 2002 1409 2036 possessio
1435 2001 1554 2028 hominis
1572 2002 1641 2028 facta
1659 2008 1701 2028 est.

914 2048 969 2082 ipsa
986 2048 1125 2078 divinitas,
1145 2055 1209 2081 rogo
1224 2051 1259 2079 te,
1274 2053 1301 2072 et
1313 2046 1393 2072 alicui
1416 2053 1432 2073 e
1448 2046 1526 2073 nobis
1545 2046 1661 2079 contigit
1673 2051 1701 2072 nt

913 2094 1060 2121 secundum
1085 2098 1208 2120 ttaturam
1227 2100 1259 2119 ac
1276 2101 1337 2120 rere
1359 2092 1430 2119 Detts
1451 2092 1539 2124 ﬁeret,
1563 2096 1590 2119 et
1609 2099 1701 2119 essen-

915 2141 957 2166 tia:
967 2141 1087 2166 onminm
1107 2147 1218 2166 summa:
1232 2146 1264 2166 ac
1281 2139 1514 2173 przestantissinne
1538 2137 1699 2165 excellentia

913 2185 1069 2211 ditaretur?
1083 2185 1139 2220 68
1151 2185 1254 2218 Apage,
1275 2184 1365 2217 homo,
1384 2184 1418 2210 ab
1432 2184 1481 2210 hac
1503 2183 1616 2210 stultitia
1631 2193 1637 2210 :
1652 2191 1700 2210 ne-

91 2225 236 2260 κεκτήσεται
249 2226 305 2261 γὰρ
321 2226 417 2259 οὐδεὶς,
433 2227 479 2253 καὶ
496 2227 533 2259 ὡς
551 2228 617 2254 ἰδίαν
630 2228 664 2254 ἂν
679 2229 736 2263 ἔχοι
749 2229 797 2264 τὴν
812 2232 834 2255 τί

957 2229 1050 2255 :enitn
1079 2229 1222 2262 quisquam
1247 2235 1280 2254 ex
1305 2228 1348 2255 his
1372 2228 1417 2261 qui
1438 2228 1506 2254 inter
1523 2228 1612 2262 genita
1638 2235 1700 2254 cen<

91 2271 202 2306 θεότητος
216 2272 306 2306 φύσιν,
329 2272 384 2298 τῶν
400 2272 547 2299 τελούντων
569 2275 598 2300 ὲν
618 2276 765 2309 γεννητοῖς.
781 2275 862 2302 Ἴδιον

90 2313 118 2349 ἦν
128 2316 154 2341 τὸ
168 2316 244 2351 σῶμα
255 2316 304 2343 τοῦ
320 2317 407 2351 Λόγου
417 2325 424 2332 ’
441 2319 487 2344 καὶ
499 2318 535 2350 ὡς
545 2319 592 2344 ἕνα
604 2318 670 2345 Θεὸν
685 2320 732 2346 καὶ
746 2320 862 2355 Χριστὸν

91 2361 131 2388 καὶ
142 2361 200 2389 Tib-1
213 2364 260 2389 καὶ
272 2363 376 2398 Κύριον
389 2364 437 2391 σὺν
450 2364 524 2399 αὐτῷ
537 2364 758 2401 προσκεκύνηκεν
772 2367 788 2400 ἡ
807 2367 862 2392 κτί-

92 2414 142 2438 σις,
159 2407 204 2434 καὶ
226 2408 412 2442 δοξολογοῠσιν
429 2409 454 2435 οἱ
477 2409 604 2444 οὐρανοὶ,
630 2410 677 2436 καὶ
705 2410 753 2437 σὺν
770 2411 861 2442 αὐτοῖς

91 2451 175 2486 ἡμεῖς·
190 2453 225 2485 ὡς
241 2453 295 2488 γὰρ
314 2455 328 2480 6
345 2455 487 2489 προφήτης
508 2455 599 2490 φησιν,
618 2465 627 2480 ι
649 2455 799 2490 Ἐκὰλυψεν
815 2457 860 2482 οὐ-

94 2499 204 2533 ρανοὺςὴ
219 2500 305 2535 ἀρετὴ
320 2500 413 2533 αὑτοῦ,
427 2501 474 2527 καὶ
487 2502 536 2536 τῆς
552 2501 681 2533 αἰνέσεως
698 2502 779 2528 αὑτοῦ
796 2502 863 2538 πλή-

94 2550 135 2576 ρης
154 2543 170 2578 ή
192 2543 244 2577 γῆ,
257 2553 266 2570 ι
294 2545 344 2580 οὐχ
360 2545 398 2576 ὡς
414 2545 557 2581 ἀνθρώπου
589 2546 703 2581 θεότητα
722 2548 863 2583 κτησαμέ-

93 2596 146 2613 νου·
161 2589 215 2620 πῶς
229 2589 292 2624 γὰρ,
307 2590 324 2625 ἢ
340 2590 437 2623 πόθεν;
456 2590 513 2616 ἀλλ’
526 2591 563 2622 ὡς
578 2591 607 2617 ὲν
630 2591 781 2626 προσλήψει
797 2601 864 2627 σαρ-

93 2632 133 2662 κὸς
143 2633 280 2669 ἀνθρώπου
296 2635 437 2669 γεγονότος
454 2635 500 2663 τοῦ
515 2636 547 2662 ὲκ
561 2636 628 2662 Θεοῦ
645 2637 751 2671 Πατρὸς
764 2637 861 2671 Λόγου.

99 2678 159 2704 Ἀλλ’
172 2679 238 2706 ἔστω
258 2681 340 2716 τυχὸν
353 2682 368 2707 6
381 2681 412 2713 ἐξ
424 2681 575 2717 ἀνθρώπων
590 2681 719 2717 ληφθεὶς,
738 2682 863 2716 θεότητος

122 2735 142 2749 "
155 2733 230 2762 Hebr.
242 2743 268 2768 ν,
282 2737 308 2763 9.
348 2737 355 2751 ‘
373 2736 441 2764 Gen.
455 2744 490 2769 tv,
506 2738 531 2764 1.
568 2739 577 2753 ²
594 2737 693 2766 Hahae.
708 2746 749 2770 ιιι,
761 2739 788 2767 5.

913 2281 1018 2306 sentur,
1044 2274 1191 2308 possidebit
1219 2278 1246 2300 et
1277 2278 1403 2308 tauquam
1433 2273 1568 2308 propriam
1593 2273 1699 2300 habebit

915 2325 1039 2346 naturam
1067 2319 1231 2346 divinitatis.
1259 2318 1402 2352 Proprium
1429 2322 1489 2345 erat
1516 2316 1596 2345 Verbi
1613 2318 1702 2351 ipsum

915 2373 1024 2400 corpus,
1049 2371 1075 2392 et
1091 2373 1142 2391 una
1162 2373 1222 2392 cum
1248 2365 1294 2392 illo
1313 2369 1440 2399 tanquam
1464 2372 1546 2390 unum
1570 2365 1651 2390 Deum
1674 2369 1702 2390 et

914 2412 1050 2438 Christum
1066 2417 1092 2438 et
1116 2412 1212 2439 Filium
1229 2415 1254 2438 et
1273 2411 1418 2438 Dominum
1435 2413 1530 2437 adorat
1553 2410 1608 2445 ipsa
1624 2418 1701 2437 crea-

917 2464 988 2488 tura,
1004 2462 1031 2484 ct
1046 2457 1108 2484 creti
1129 2457 1291 2492 glorilicant,
1309 2461 1335 2483 et
1351 2464 1412 2483 cum
1435 2456 1500 2489 ipsis
1517 2463 1565 2482 nos
1581 2463 1699 2490 quoque.

917 2503 951 2530 Ut
966 2503 1037 2530 enim
1054 2504 1092 2529 ait
1107 2504 1237 2537 propheta
1251 2511 1257 2528 :
1274 2512 1282 2528 ι
1296 2502 1410 2536 Operuit
1428 2502 1513 2529 cados
1526 2502 1613 2528 virtus
1632 2508 1699 2535 ejus.

915 2554 942 2574 et
957 2548 1043 2576 laudis
1058 2549 1116 2583 ejus
1133 2549 1211 2583 plena
1230 2553 1272 2575 est
1294 2553 1365 2574 terra
1380 2549 1390 2563 ¹
1410 2557 1417 2574 :
1436 2557 1446 2573 ι
1462 2556 1515 2575 non
1532 2548 1603 2582 quod
1621 2548 1702 2574 homo

915 2593 1085 2620 divinitatem
1104 2594 1255 2628 possederit
1269 2603 1275 2620 :
1297 2594 1342 2628 qui
1373 2595 1444 2621 enim
1457 2614 1464 2626 ,
1479 2599 1525 2621 aut
1543 2594 1676 2620 undenam
1689 2593 1703 2619 τ

916 2639 962 2666 sed
976 2640 1047 2673 quod
1073 2640 1159 2673 ipsum
1177 2647 1209 2666 ex
1229 2640 1282 2667 Deo
1308 2640 1389 2668 Patre
1411 2640 1527 2667 Verbum
1554 2640 1702 2666 humanam

917 2693 1024 2712 carnem
1039 2687 1226 2719 assumpserit.
1245 2685 1297 2713 Sed
1320 2687 1355 2713 sit
1375 2694 1451 2719 sane,
1465 2686 1509 2713 ille
1530 2693 1563 2713 ex
1582 2684 1699 2712 Ιιοιιιίιιὶ-

701 2806 780 2832 ΑΝΤ.
797 2806 931 2834 AGELLII
948 2807 1062 2835 ΝΟΤΑΞ.

128 2857 178 2892 (t9)
196 2856 240 2885 Vel
256 2857 321 2886 Seth
337 2867 388 2894 pro
405 2858 470 2887 Cain
491 2861 609 2896 irrepsit,
627 2863 666 2890 vel
686 2867 805 2890 erratum
823 2863 968 2896 memori-.11,
989 2868 1030 2890 est
1044 2870 1077 2890 ex
1088 2862 1157 2890 Gen.
1175 2871 1211 2896 Iv,
1231 2864 1253 2896 l,
1270 2864 1465 2897 castigandum.
