1883 3054
137 176 190 206 I23

654 174 682 200 S.
704 171 837 201 CYRILLI
857 169 1091 199 ALEXANDIRNI
1112 167 1270 196 ARCHIEP.

1718 164 1771 192 ιιι

141 236 191 264 bus
203 240 370 271 assumptus,
383 242 525 271 possessor
536 233 694 265 divinitatis,
704 238 733 260 ιιι
745 233 792 260 tibi
805 232 855 267 ipsi
868 233 924 266 pla-

1023 238 1096 265 ιτωρ,
1108 228 1180 255 κατὰ
1191 236 1222 262 γε
1232 227 1262 253 τὸ
1272 226 1346 260 αὐτῷ
1359 234 1400 252 σοι
1413 225 1519 257 δοκοῦν,
1533 224 1590 256 πῶς
1602 222 1769 250 καθίσταται

140 288 183 309 cel
198 291 204 309 :
219 282 355 316 quomodo
364 279 574 309 constituiturin
588 280 630 307 his
638 287 697 313 quae
710 284 773 306 sunt
783 279 816 304 ad
830 278 924 309 Deum,

140 333 168 354 ut
178 328 296 362 pontifex
307 327 453 354 nimirum?
464 331 590 353 tttrumne
599 325 739 352 divinitate
750 324 838 352 nudus
845 331 925 358 quam

140 374 270 409 possedit,
289 374 342 401 Deo
357 373 532 405 saerilicabit,
548 381 582 399 an
602 372 674 399 illam
694 371 772 406 quasi
789 371 925 405 propriam

142 420 264 446 habens?
277 420 301 445 id
310 418 391 450 enim,
403 423 431 446 nt
442 421 547 453 opinor,
559 426 611 445 non
625 418 725 452 aliquid
739 417 811 444 aliud
821 416 926 451 signiti-

141 470 195 496 cat,
204 464 273 498 quod
285 463 436 498 possedisse
452 463 559 490 dicitur.
571 463 599 490 Si
611 462 707 492 nudus,
725 469 776 488 non
789 461 924 494 possedit;

140 510 182 536 sin
195 514 224 536 ιιι
237 508 310 535 illam
324 509 459 543 propriam
473 508 586 540 habens,
596 507 723 534 divinitas
740 506 832 541 procul
845 506 926 533 dubio

142 552 197 580 Deo
210 552 382 579 saerilicabit.
392 552 460 585 Quid
477 552 558 587 igitur
573 556 682 582 :rstuas,
691 555 717 578 et
730 558 837 577 sursum
850 550 928 576 dcor-

141 605 201 625 sntn
221 599 362 632 perturbas
380 598 487 629 omnia,
503 602 530 624 et
549 597 610 624 tidei
630 596 800 624 traditionem
823 595 927 622 adulte-

143 651 202 671 rare
218 651 270 670 non
285 643 445 671 erubescis?
467 643 553 670 liabet
568 643 751 670 necessariam
767 649 876 668 causam
895 641 927 667 il-

143 688 188 715 lud
200 696 234 716 ex
261 688 315 716 Deo
330 689 409 716 Patre
428 689 556 720 Verbum,
574 688 682 716 etiamsi
701 687 872 715 sacrificasse
884 687 927 713 di-

143 739 221 761 catur
242 735 295 762 Dco
313 742 343 762 ac
361 734 433 761 Patri
450 744 457 762 :
485 734 607 761 functum
628 738 670 761 est
689 734 760 760 enim
781 732 926 760 sacerdotii

143 787 266 811 munere,
287 788 339 806 non
360 780 469 814 quidem
489 781 548 807 sine
564 787 656 810 carne,
673 779 719 806 sed
735 779 820 806 nostri
840 778 929 805 simile

143 827 256 858 factum,
269 827 367 861 quibus
388 827 480 861 gloria:
498 830 540 852 est
555 825 699 852 sacerdotii
719 824 856 851 nobilitas.
868 824 928 850 Alia

143 881 250 908 quoque
268 873 372 900 ratione
388 872 515 906 perfacile
527 877 567 898 est
582 871 685 902 videre,
703 869 927 897 absurdissiuunn

144 926 210 945 sane
225 925 286 944 esse
300 922 328 944 et
351 916 473 943 stultitia:
489 916 609 951 plenum,
628 915 700 942 illum
721 922 754 942 ex
774 913 928 941 hominibus

144 969 312 997 assumptum
342 969 524 997 possessorem
553 962 703 989 divinitatis
729 961 874 996 appellare.
903 964 930 987 et

144 1009 320 1036 constitutum
337 1009 363 1035 in
380 1008 421 1035 his
437 1016 495 1042 quae
510 1013 572 1035 sunt
592 1008 624 1034 ad
646 1007 728 1035 Deum
745 1017 751 1034 :
769 1014 831 1034 nam
845 1007 865 1033 si
885 1014 929 1033 as-

146 1059 269 1089 sumptus
281 1059 323 1082 est
336 1062 350 1080 a
368 1054 432 1087 Deo,
449 1054 782 1088 quomodo-‘assnmentem
802 1060 832 1080 se
847 1057 928 1079 natu-

147 1109 204 1128 ram
217 1101 361 1136 acquisivit
374 1108 406 1127 ac
419 1100 559 1134 possedit?
581 1107 642 1126 nam
659 1100 716 1134 ipsa
735 1107 778 1127 res
792 1105 929 1133 assumpta

145 1146 199 1173 erit
214 1146 307 1180 procul
323 1147 405 1172 dubio
425 1145 590 1172 assnmcntis
616 1145 770 1179 possessio,
795 1153 847 1172 non
866 1152 929 1179 pos-

145 1193 215 1219 sidet
231 1197 413 1218 assumcntem
428 1200 434 1217 ε
452 1191 525 1218 verbi
544 1191 641 1224 gratia,
661 1190 783 1225 pecunia:
796 1190 929 1225 quispiam

146 1239 234 1265 factus
259 1242 299 1264 est
325 1244 476 1272 possessor,
493 1236 534 1263 vel
559 1236 680 1263 scientia:
704 1236 850 1270 cujuslibet
870 1236 928 1262 rei:

146 1290 236 1309 nonne
259 1283 385 1309 omnibus
410 1282 583 1316 perspicuum
609 1285 650 1308 est
681 1289 734 1308 ιιοιι
764 1282 850 1315 ipsum
871 1288 932 1308 esse

146 1328 344 1362 possessionem
357 1328 489 1362 pecuniae,
505 1332 551 1354 aut
571 1328 641 1355 illius
657 1328 755 1354 addita:
772 1328 822 1354 sibi
840 1328 930 1354 scicn-

147 1374 199 1405 tiae,
215 1375 260 1400 sed
278 1374 407 1408 possideri
427 1374 461 1399 ab
476 1374 533 1408 ipso
551 1374 639 1407 potius
653 1381 709 1400 rem
726 1373 886 1407 acceptam?
904 1373 930 1400 ld

145 1420 254 1452 quidem
269 1419 340 1446 nullo
354 1420 443 1450 modo,
462 1425 490 1445 ιιι
504 1419 612 1454 opinor,
634 1423 675 1446 est
698 1419 863 1453 ambiguum.
882 1418 931 1452 Igi-

147 1469 192 1490 tur
212 1464 235 1491 si
263 1465 396 1491 rationem
413 1472 464 1500 qua
492 1464 536 1491 ille
561 1464 721 1498 Unigenitus
746 1465 827 1491 homo
845 1464 931 1491 factus

146 1513 199 1542 est,
219 1509 385 1543 exquirendo
404 1509 550 1541 curiosius,
564 1509 716 1537 invenimus
733 1510 870 1538 hominem
888 1518 931 1538 as-

147 1555 299 1588 sumptione
313 1555 464 1583 divinitatis
486 1555 586 1582 factum
612 1555 696 1583 Deum
707 1576 714 1588 ,
729 1556 808 1583 liceat
822 1564 882 1583 eum
897 1564 929 1584 ex

148 1606 193 1627 tuo
210 1601 375 1635 pnescripto,
391 1601 540 1628 divinitatis
560 1609 744 1636 possessorem
766 1602 903 1636 appellare
921 1611 928 1630 :

147 1647 230 1680 ipsius
236 1648 307 1674 enim
319 1647 387 1675 facta
395 1653 436 1675 est
445 1648 501 1682 ipsa
511 1648 648 1676 diVinilas.
657 1648 704 1675 Sin
716 1647 831 1675 Verbum
842 1649 930 1683 ipsum

147 1701 207 1719 cum
228 1698 300 1720 esset
325 1694 413 1726 Deus,
439 1695 616 1729 apprehendit
640 1702 730 1722 semen
756 1695 930 1727 Abraham”,

147 1744 174 1765 et
186 1747 245 1765 cum
262 1739 318 1774 69
332 1745 403 1766 esset
420 1740 446 1766 in
466 1740 552 1767 forma
568 1741 613 1767 Dei
631 1745 658 1768 et.
675 1740 775 1772 Patris,
792 1746 930 1776 assumpta

148 1785 220 1811 servi
244 1785 330 1812 forma
355 1785 444 1813 factus
464 1793 505 1814 est
521 1787 602 1813 homo
616 1786 636 1818 δ,
656 1787 702 1820 qni
719 1786 777 1814 ﬁeri
795 1792 885 1822 potest
903 1791 932 1814 ut

153 1838 205 1857 non
223 1831 394 1865 sitstupidus
410 1831 455 1864 qui
477 1831 569 1859 dicere
589 1832 663 1864 velit,
688 1832 714 1859 id
736 1833 807 1866 quod
828 1840 933 1860 assum-

149 1882 223 1909 puun
240 1880 292 1907 est,
308 1875 367 1909 ejus
383 1880 488 1903 natura:
505 1877 676 1911 possessione
698 1877 815 1904 ditatum
840 1886 854 1903 a
880 1885 932 1912 qua

149 1922 186 1948 sit
198 1927 376 1956 assumptum,
392 1929 425 1949 ac
442 1930 494 1949 non
513 1924 602 1957 potius
615 1924 753 1958 proprium
768 1931 829 1952 esse
846 1925 932 1951 susci-

150 1963 249 2001 pientis
262 1972 365 1994 natura:
376 1967 499 1995 factum?
513 1969 587 2001 Quod
601 1974 691 1996 autem
708 1977 818 1996 suorum
836 1971 934 1997 verbo-

151 2020 211 2039 rum
232 2017 258 2040 et
279 2013 466 2042 inventionum
481 2015 547 2048 vim,
568 2015 711 2050 ipsumque
733 2020 867 2050 praeterea
891 2023 935 2042 sa-

151 2058 267 2086 cerdotii
292 2067 390 2088 nomen
407 2061 530 2095 imperite
553 2062 586 2088 ad
611 2061 762 2096 simplicem
786 2062 934 2095 hominem,

150 2105 224 2131 illum
243 2105 349 2140 inquam
367 2114 400 2134 ex
417 2106 526 2140 femina,
549 2108 662 2143 redigat,
687 2108 850 2142 auferatque
869 2108 933 2135 illud

150 2153 185 2177 ah
207 2150 354 2186 Unigenito
374 2157 401 2179 et
419 2152 493 2180 edito
506 2160 540 2180 ex
563 2153 643 2182 Patre
659 2153 757 2186 Verbo,
785 2155 866 2181 etiam
887 2162 935 2189 per

151 2198 291 2231 sequentia
304 2197 450 2225 declarabit
463 2207 471 2226 :
487 2198 526 2226 sic
538 2207 655 2234 namque
668 2199 778 2233 scripsit
793 2208 900 2227 rursum
922 2209 929 2227 :

189 2242 321 2278 [Νη-ιιοιι.
342 2253 352 2270 ι
368 2243 425 2271 Νοιι
439 2244 551 2279 angelos
565 2245 762 2280 apprehendit,
780 2245 827 2273 sed
844 2254 933 2273 semen
950 2258 973 2287 ο

153 2288 297 2316 Abraham
313 2289 534 2323 apprehendit“:
559 2299 568 2315 ι
591 2298 655 2317 num
678 2297 770 2318 semen
796 2291 934 2318 Abraham

152 2339 192 2361 est
214 2334 270 2368 ipsa
291 2334 439 2361 divinitas?
454 2335 516 2361 audi
540 2335 622 2362 etiam
643 2341 800 2370 sequentem
819 2343 934 2364 vocem:

156 2389 166 2405 ι
183 2378 260 2407 Unde
271 2379 403 2414 oportuit,
421 2380 518 2414 inquit,
537 2388 585 2415 per
601 2382 692 2408 omnia
715 2382 845 2408 fratribus
860 2381 933 2408 assi-

152 2426 240 2453 milari
254 2426 284 2454 ‘:
303 2435 313 2452 ι
332 2434 395 2453 num
409 2426 546 2454 divinitati
563 2427 666 2454 similes
685 2427 754 2454 ullos
769 2428 863 2455 habuit
877 2427 935 2454 fra-

154 2478 211 2500 tres
225 2473 313 2507 ipsum
325 2472 371 2501 Dei
389 2473 505 2500 Verbum
517 2473 529 2500 ’ἰ
541 2473 607 2500 Vide
627 2473 707 2500 etiam
723 2473 794 2507 quod
809 2473 881 2500 illico
894 2473 936 2500 his

153 2518 326 2552 adiungitur:
347 2528 357 2545 ι
377 2518 411 2547 Ut
430 2519 586 2546 misericors
605 2519 682 2546 ﬂeret
702 2524 729 2545 et
746 2518 832 2546 lidelis
848 2518 938 2545 Ponti-

156 2565 199 2592 fex
225 2566 258 2592 ad
275 2565 379 2593 Deum:
403 2566 430 2593 in
453 2573 485 2593 eo
498 2566 571 2593 enim
591 2565 616 2592 in
633 2572 685 2599 quo
701 2572 796 2599 passus
817 2571 858 2592 est
880 2565 937 2599 ipse

156 2616 285 2644 tentatus,
294 2617 387 2647 potens
399 2617 440 2640 est
451 2617 478 2639 ct
488 2613 528 2640 eis
538 2612 583 2647 qui
596 2617 742 2642 tentantur.
753 2611 875 2638 auxiliari
887 2611 908 2637 ⁷.
923 2620 932 2636 ι

156 2658 228 2693 Ergo
238 2659 260 2685 is
269 2659 313 2692 qni
326 2666 423 2692 passus
437 2664 490 2691 est.
506 2658 552 2685 ille
564 2663 606 2686 est
622 2657 745 2685 Pontifex
762 2657 935 2690 misericors;

157 2703 268 2738 patibile
289 2709 378 2732 autem
403 2705 489 2739 ipsum
513 2703 640 2738 templum
661 2708 715 2735 est,
731 2711 784 2730 non
804 2703 875 2730 Deus
891 2703 935 2736 qni

158 2749 313 2776 viviﬁcabat
328 2750 355 2777 id
374 2749 444 2784 quod
462 2750 623 2783 patiebatur.
639 2748 736 2776 Semen
753 2748 899 2780 Abraham,
915 2748 938 2775 is

157 2799 199 2821 cst
218 2796 263 2829 qui
287 2795 345 2822 hcri
373 2801 401 2822 ct
423 2795 510 2826 hodie,
538 2799 568 2821 ut
595 2794 693 2822 Paulus
715 2794 752 2820 ait
777 2793 798 2825 ⁸,
823 2802 875 2820 ιιοιι
891 2794 936 2827 qui

195 2885 205 2900 ³
221 2885 302 2913 llebr.
316 2894 345 2917 ιι,
365 2886 406 2913 l6.

444 2886 451 2900 ³
469 2885 580 2919 Philipp.
597 2893 625 2915 ιι,
641 2885 666 2916 ﬁ,
680 2885 705 2911 7.
744 2885 753 2899 ⁵
772 2884 852 2913 Hebr.
866 2892 894 2916 ll,
910 2886 948 2910 lli.

976 275 1011 301 τὰ
1026 274 1093 309 πρὸς
1111 273 1157 299 τὸν
1174 272 1250 304 Θεὸν,
1274 271 1418 306 ἀρχιερεὺς
1434 269 1554 304 δηλονότι
1566 289 1574 300 ,
1590 269 1693 303 πότερα
1707 266 1768 297 οὖν.

977 320 1079 355 γυμνὸς
1094 318 1127 355 ἦς
1144 319 1278 353 ἐκτήσατο
1301 317 1427 351 θεότητος
1437 336 1444 348 ,
1463 315 1615 351 ίερατεύσει
1631 314 1671 349 τῷ
1685 313 1769 348 Θεῷ;

977 367 993 402 ἢ
1013 366 1113 401 ταύτην
1128 365 1178 400 ήδη
1194 372 1251 395 πως
1266 363 1333 390 ίδίαν
1347 362 1430 397 ἔχων;
1445 361 1522 387 τουτὶ
1541 361 1605 395 γὰρ,
1615 358 1704 395 οἶμαι,
1719 359 1772 385 καὶ

977 413 1069 447 ἕτερον
1093 411 1178 443 οὐδὲν,
1194 409 1424 445 κατασημαίνειεν
1442 409 1475 434 ἂν
1498 407 1528 434 τδ
1550 406 1702 442 κτήσασθαι
1719 405 1769 431 λέ-

977 466 1036 492 γειν
1049 458 1139 484 αὐτόν.
1160 456 1229 482 Ἀλλ’
1250 457 1274 482 εἰ
1291 455 1340 490 μὲν
1355 453 1475 488 γυμνὸς,
1495 453 1546 479 οὐκ
1567 453 1721 487 ἐκτήσατο·
1739 451 1769 477 εἰ

977 504 1005 531 δὲ
1020 503 1057 535 ὡς
1075 503 1142 530 ἰδίαν
1159 502 1228 537 ἔχων
1249 500 1345 535 αὐτὴν,
1365 499 1490 533 θεότητός
1506 497 1561 533 [Ζσ.
1582 496 1690 533 θεότηςι
1712 505 1769 523 που

978 550 1086 581 πάντως
1110 547 1261 584 ἱερατεύσει
1276 546 1345 581 θεῷ.
1362 545 1394 571 Τί
1411 543 1457 572 οὖν
1480 544 1582 576 ἀλύεις,
1598 545 1654 570 ἄνω
1670 551 1700 569 τε
1717 543 1771 569 καὶ

978 596 1053 622 κάτω
1064 595 1206 629 διακυκᾷς,
1221 593 1268 619 καὶ
1282 591 1499 626 παρασημαίνων
1513 591 1561 616 οὺκ
1574 590 1702 625 ἐρυθριᾷς
1716 589 1771 622 τῆς

978 641 1094 672 πίστεως
1115 640 1163 676 τὴν
1181 639 1344 675 παράδοσιν;
1357 638 1433 673 Ἔχει
1455 637 1590 672 πρόφασιν
1611 635 1770 669 ἀναγκαίαν

977 688 992 714 ὁ
1006 688 1038 713 ὲκ
1049 686 1115 713 Θεοῦ
1125 685 1230 720 Πατρὺς
1244 684 1338 718 Λόγος,
1354 683 1406 710 κᾶν
1422 682 1575 717 ίερατεῦσαι
1588 681 1694 715 λέγοιτο
1706 680 1770 714 Θεῷ

978 733 1026 760 καὶ
1040 732 1141 767 Πατρί·
1159 730 1344 766 κεχρημάτικε
1359 729 1413 764 γὰρ
1429 729 1517 765 ἱερεὺς
1533 729 1563 754 οὺ
1577 728 1638 762 δίχα
1653 726 1768 762 σαρκὸς,

979 779 1039 806 καθ’
1052 779 1124 814 ἡμᾶς
1139 777 1166 804 δὲ
1182 776 1312 811 γεγονὼς,
1327 776 1364 805 ὠς
1381 775 1458 810 ἔφην,
1472 774 1518 806 οὓς
1533 774 1589 810 [ῖσ.
1605 771 1656 808 οἷς]
1675 773 1723 799 καὶ
1737 774 1769 799 ὲν

979 824 1101 855 εὐκλείας
1123 823 1198 856 τάξει
1219 822 1370 856 λελόγισται
1389 821 1423 848 τὰ
1440 822 1490 856 τῆς
1515 819 1663 855 ἱερωσύνης
1680 818 1770 853 αὐχήν

981 879 1064 906 ματα.
1076 870 1130 896 Καὶ
1144 869 1304 902 καθ’ἓτερον
1319 868 1347 894 δὲ
1362 867 1473 902 τρόπον,
1481 865 1673 899 ἀταλαίπωρον
1689 864 1767 895 [δεῖν.

979 916 1017 948 ὡς
1034 915 1090 942 εστι
1104 915 1158 941 τῶν
1175 914 1242 948 ἄγαν
1264 913 1470 942 ὲκτοπωτάτων.
1487 912 1534 938 καὶ
1550 910 1651 945 πολλῆς
1668 909 1771 944 ἐπίμε-

981 968 1042 987 στον
1058 959 1200 994 εὐηθείας,
1223 959 1342 993 κτήτορα
1358 958 1483 992 θεότητος
1503 955 1549 982 τὸν
1565 955 1594 987 ἐξ
1613 954 1770 990 ἀνθρώπιον

979 1006 1114 1043 ληφθέντα
1134 1005 1234 1038 λέγειν,
1251 1002 1449 1037 καθιστάμενόν
1465 1010 1494 1027 τε
1514 1000 1583 1036 πρὸς
1610 999 1656 1026 τὸν
1677 999 1746 1024 θεόν
1759 1006 1767 1014 ·

980 1053 1004 1079 εἰ
1019 1052 1074 1087 γὰρ
1089 1050 1191 1086 ἐλήφθη
1212 1048 1287 1083 παρὰ
1304 1048 1350 1074 τοῦ
1365 1047 1444 1079 Θεοῦ,
1459 1046 1520 1073 τίνα
1538 1045 1638 1080 τρόπον
1652 1044 1701 1079 τήν
1718 1044 1769 1070 λα-

980 1098 1080 1125 6οὖσαν
1089 1096 1170 1123 αὑτὸν
1183 1095 1370 1129 κατεκτήσατο
1382 1093 1478 1127 φύσινς
1489 1092 1519 1118 τὸ
1531 1091 1585 1127 γάρ
1597 1100 1639 1117 τοι
1651 1090 1767 1126 ληφθὲν,

980 1144 1056 1171 ἔσται
1071 1152 1122 1169 που
1141 1141 1240 1177 μᾶλλον
1261 1140 1307 1167 τοῦ
1329 1139 1456 1170 λαϐόντος
1471 1139 1508 1168 ὡς
1524 1138 1630 1172 κτῆσις,
1652 1137 1699 1163 καὶ
1716 1137 1770 1163 οὐκ

980 1193 1045 1220 αὐτὸ
1058 1192 1220 1226 κεκτήσεται
1235 1189 1265 1216 τὸ
1280 1187 1459 1223 προσειληφός
1468 1195 1474 1202 ·
1488 1184 1543 1212 οἷον
1555 1186 1582 1212 δὲ
1595 1185 1626 1220 δή
1636 1184 1663 1211 τί
1679 1192 1768 1219 φημι·

981 1239 1100 1267 Πλούτου
1121 1246 1163 1268 τις
1185 1236 1280 1270 γέγονε
1300 1235 1419 1269 κτήτωρ,
1442 1233 1525 1268 ῆγουν
1540 1232 1696 1266 ἐπιστήμης
1718 1231 1769 1265 τῆς

980 1286 1023 1319 ἐφ’
1040 1283 1141 1319 ὁτῳοῦν
1156 1282 1317 1317 νοουμένης
1336 1278 1380 1315 ἆρ’
1394 1280 1443 1314 οὺχ
1460 1279 1561 1305 ἅπασιν
1585 1278 1712 1313 ἐναργὲς,
1729 1277 1770 1308 ὡς

981 1331 1030 1357 οὐκ
1043 1329 1123 1361 αὐτὸς
1137 1329 1211 1354 ἔσται
1225 1327 1271 1353 τοῦ
1288 1326 1401 1352 πλούτου
1419 1325 1523 1359 κτῆσις.
1539 1324 1621 1358 ἤγουν
1634 1324 1684 1357 τῆς
1700 1331 1769 1357 προ-

981 1376 1130 1412 γενομένης
1153 1373 1214 1409 [ῑσ.
1236 1369 1475 1407 προσγενομένης]
1504 1368 1578 1403 αὐτῷ
1595 1368 1768 1412 ἐπιστήμης,

981 1411 1182 1455 κατακτήσεται
1203 1417 1231 1444 δὲ
1256 1416 1355 1452 μᾶλλον
1364 1415 1394 1441 τδ
1414 1413 1666 1450 προσειλημμένον;
1684 1411 1769 1444 Ἀλλ’,

981 1465 1069 1502 οἶμαι,
1087 1464 1166 1492 τοῦτό
1182 1465 1240 1490 ἐστι
1268 1462 1328 1489 κατ’
1353 1461 1450 1488 οὐδένα
1475 1459 1574 1495 τρόπον
1601 1458 1770 1493 ἀμφίλογον.

983 1512 1097 1544 Οὐκοῦν,
1113 1513 1136 1538 εἰ
1156 1509 1200 1536 τὸν
1220 1509 1270 1543 τῆς
1289 1507 1521 1542 ὲνανορωπήσεως
1536 1504 1583 1531 τοῦ
1598 1503 1771 1537 Μονογενοῦς

983 1555 1272 1592 πολυπραγμονοῦντες
1296 1553 1406 1588 τρόπον,
1433 1551 1575 1586 ἄνθρωπον
1592 1549 1769 1585 εὑρίσκομεν,

982 1604 1020 1634 ὡς
1039 1603 1069 1629 ὲν
1092 1600 1242 1637 προσλήψει
1264 1598 1390 1632 θεότητος
1405 1595 1535 1630 γεγονότα
1550 1594 1626 1625 θεὸν,
1645 1592 1772 1627 λεγέσθω

982 1649 1053 1676 κατὰ
1075 1647 1118 1680 σὲ,
1144 1646 1270 1680 θεότητος
1297 1644 1425 1678 κτήτωρ⁶
1444 1641 1527 1668 αὐτοῦ
1553 1640 1607 1676 γὰρ
1625 1639 1737 1674 γέγονεν
1753 1639 1771 1673 ἡ

982 1695 1085 1728 θεότης.
1101 1693 1132 1720 Εἰ
1144 1692 1172 1718 δὲ
1185 1691 1251 1722 Θεὸς
1264 1689 1301 1716 ὢν
1315 1690 1328 1715 ὁ
1342 1689 1437 1722 Λόγος,
1453 1686 1599 1714 ἐπελάϐετο
1612 1685 1772 1720 σπέρματος

989 1740 1124 1775 Ἀϐραὰμ,
1141 1738 1187 1764 καὶ
1202 1736 1330 1772 ὑπάρχων
1343 1735 1372 1761 ὲν
1393 1735 1483 1769 μορφῇ
1499 1733 1545 1760 τοῦ
1563 1732 1631 1758 Θεοῦ
1652 1731 1771 1765 Πατρός,

982 1786 1093 1821 γέγονεν
1114 1783 1255 1818 ἄνθρωπος
1272 1780 1377 1816 μορφὴν
1398 1779 1491 1806 δούλου
1516 1777 1615 1808 λαϐὼν,
1638 1777 1698 1808 πῶς
1721 1776 1773 1802 οὐκ

983 1831 1165 1867 ὲμϐρόντητος
1178 1825 1220 1863 εἴη
1235 1827 1278 1859 ἂν,
1292 1828 1318 1854 εἴ
1332 1835 1374 1858 τις
1390 1825 1475 1852 ἕλοιτο
1488 1823 1586 1858 λέγειν,
1612 1823 1652 1849 ὅτι
1674 1822 1705 1848 τὸ
1724 1822 1773 1855 λη-

985 1878 1050 1912 φθὲν
1071 1876 1120 1912 τὴν
1142 1874 1277 1902 λαϐοῦσαν
1301 1872 1366 1900 αὐτὸ
1395 1871 1583 1905 κατεκτήσατο
1610 1868 1702 1903 φύσιν,
1725 1867 1773 1894 καὶ

984 1924 1044 1958 οὐχ).
1054 1923 1082 1949 δὲ
1098 1921 1197 1957 μᾶλλον
1210 1920 1320 1954 γέγονεν
1333 1918 1396 1944 ἴδιον
1407 1917 1456 1951 τῆς
1467 1915 1602 1949 λαϐούσης
1613 1913 1696 1944 abte;
1710 1914 1772 1939 Ὀτι

984 1969 1012 1995 δὲ
1025 1969 1078 1995 τῶν
1092 1967 1189 1995 ἑαυτοῦ
1202 1966 1288 2000 λόγων
1303 1973 1332 1991 τε
1348 1964 1394 1990 καὶ
1408 1962 1572 1998 εὑρημάτων
1585 1960 1633 1996 τὴν
1644 1959 1772 1994 δύναμιν,

985 2014 1032 2040 καὶ
1048 2014 1100 2049 μὴν
1114 2013 1161 2040 καὶ
1176 2012 1241 2039 αὐτὸ
1255 2011 1284 2038 τὺ
1302 2011 1351 2044 τῆς
1370 2007 1575 2044 ἀρχιερωσύνης
1589 2007 1675 2040 ὄνομα
1692 2013 1772 2040 περι-

982 2060 1091 2095 ΐστησιν
1107 2058 1219 2094 ἀμαθῶς
1236 2058 1275 2088 εἰς
1293 2056 1435 2090 ἄνθρωπον
1451 2053 1543 2084 ἁπλῶς
1561 2052 1606 2078 τὸν
1626 2052 1658 2078 ὲκ
1675 2059 1773 2084 γυναι-

986 2105 1043 2138 κὸς,
1060 2104 1204 2139 ἀποφέρων
1221 2102 1288 2129 αὐτὸ
1305 2100 1352 2127 τοῦ
1373 2098 1542 2133 Μονογενοῦς
1555 2097 1603 2124 καὶ
1617 2098 1649 2123 ἐκ
1665 2096 1774 2132 Πατρὸς

985 2152 1060 2182 ὄντος
1081 2150 1178 2184 Λόγου.
1200 2149 1246 2175 καὶ
1265 2148 1308 2174 διὰ
1331 2146 1385 2173 τῶν
1410 2145 1472 2179 ἑξῆς
1487 2143 1709 2180 προσαποφανεῖ’
1727 2141 1774 2176 γέ-

986 2205 1074 2233 γραφε
1090 2196 1143 2231 γὰρ
1157 2196 1205 2222 ὡδὶ
1221 2194 1252 2231 δὴ
1270 2193 1351 2221 πάλιν
1363 2201 1370 2209 ·

1023 2243 1046 2280 [ι
1061 2243 1117 2270 υὺκ
1141 2242 1263 2276 ἀγγέλων
1289 2238 1512 2274 ἐπιλαμϐάνεται,
1532 2234 1601 2262 ἀλλὰ
1617 2234 1775 2280 σπέρματος

993 2278 1118 2325 Ἀδραὰμ
1132 2287 1355 2322 ἐπιλαμϐάνεται.
1371 2295 1379 2310 ι
1400 2283 1445 2320 Μὴ
1461 2282 1570 2317 σπέρμα
1583 2279 1630 2306 τοῦ
1648 2278 1776 2325 Ἀϐρααμ

985 2337 1001 2371 ἡ
1017 2324 1130 2370 eadem“,
1146 2334 1262 2360 ἄκουσον
1277 2332 1323 2359 καὶ
1339 2332 1387 2366 τὴν
1401 2329 1537 2365 inopem?)
1549 2327 1640 2361 φωνήν
1650 2333 1657 2340 ·
1671 2335 1682 2351 ι
1693 2324 1777 2371 Ὅθεν

984 2370 1093 2416 ὤφειλε,
1111 2380 1192 2415 φησὶ,
1210 2379 1281 2406 κατὰ
1303 2378 1391 2404 πάντα
1417 2378 1472 2407 τοῖς
1495 2374 1618 2409 ἀδελφοῖς
1638 2370 1776 2406 ὁμοιωθῆ-

985 2436 1039 2460 ναι,
1052 2436 1061 2452 ι
1082 2427 1119 2462 μὴ
1133 2427 1166 2461 τῇ
1181 2424 1287 2460 θεότητί
1303 2432 1380 2454 τινας
1394 2423 1408 2449 ό
1424 2422 1490 2453 Θεὸς
1505 2421 1589 2454 Λόγος
1605 2420 1684 2455 ἔσχεν
1699 2417 1777 2444 ἀδελ-

986 2475 1053 2509 φοὺς
1075 2472 1211 2504 ὲοικότας;
1236 2470 1335 2496 Σκόπει
1355 2469 1401 2495 καὶ
1423 2467 1454 2494 τὸ
1477 2466 1582 2496 τούτοις
1605 2465 1686 2496 εὐθὺς
1712 2470 1778 2491 συν-

985 2519 1151 2553 απτόμενον·
1171 2526 1180 2542 ι
1194 2517 1252 2543 Ἵνα
1273 2515 1396 2550 ἐλεήμων
1413 2514 1526 2548 γένηται
1544 2511 1590 2538 καὶ
1614 2510 1710 2542 πιστὸς
1727 2511 1776 2544 ἁρ-

985 2565 1093 2600 χιερεὺς
1105 2563 1138 2589 τὰ
1151 2562 1219 2598 πρὸς
1231 2561 1277 2587 τὸν
1291 2561 1357 2587 Θεόν
1368 2567 1374 2575 ·
1390 2560 1418 2586 ὲν
1433 2555 1456 2592 ᾧ
1469 2558 1524 2592 γὰρ
1538 2556 1670 2584 πέπονθεν
1693 2555 1776 2586 αὐτὸς

987 2609 1141 2646 πειρασθεὶς
1152 2629 1159 2641 ,
1176 2608 1287 2635 δύναται
1303 2608 1358 2637 τοῖς
1377 2604 1585 2640 πειραζομένοις
1606 2602 1749 2637 βοηθῆσαι.
1764 2609 1773 2625 ι

987 2656 1117 2683 Οὐκοῦνὸ
1134 2655 1226 2682 παθὼν
1249 2654 1393 2689 ἀρχιερεὺς
1412 2652 1546 2686 ἐλεήμων,
1571 2649 1690 2684 παθητὸς
1713 2647 1741 2673 δὲ
1762 2647 1777 2673 ὁ

987 2702 1061 2733 ναὸς.
1080 2702 1128 2736 οὐχ
1142 2702 1156 2727 ό
1173 2700 1303 2732 meum;
1322 2698 1369 2725 τοῦ
1387 2697 1550 2727 πεπονθότος
1566 2695 1642 2726 Θεός.
1660 2693 1776 2727 Σπέρμα

994 2747 1120 2782 Ἀϐραὰμ
1133 2748 1146 2773 ὀ
1162 2746 1225 2781 χθὲς
1242 2744 1289 2771 καὶ
1305 2745 1434 2779 σήμερον,
1448 2742 1519 2769 κατὰ
1536 2743 1585 2776 τὴν
1601 2739 1647 2766 τοῦ
1668 2738 1776 2765 Παύλου

989 2794 1091 2829 φωνὴν,
1109 2793 1157 2827 οὐχ
1178 2794 1191 2818 ό
1212 2792 1308 2824 λέγων,
1327 2800 1335 2815 ι
1352 2790 1420 2824 Πρὶν
1437 2787 1559 2823 Ἀϐραὰμ
1578 2784 1706 2819 γενέσθαι
1721 2782 1777 2818 ἐγώ

989 2885 997 2896 ⁸
1014 2884 1068 2911 Ibid
1096 2883 1135 2909 l7.
1174 2883 1182 2895 ⁷
1201 2881 1263 2910 Ibid,
1283 2881 1321 2907 l8.
1361 2881 1370 2895 ⁸
1388 2879 1466 2907 Hebr.
1483 2886 1539 2907 xu),
1556 2878 1596 2904 l8.
