1883 3054
102 170 152 196 125

661 163 848 192 Αυνειιεοε
866 161 1069 190 NESTORIUM
1089 161 1151 189 LIB.
1171 153 1214 190 ut;

1676 159 1727 186 Ηϋ

102 230 156 264 ειμι
166 236 172 242 ·
184 238 193 254 ι
208 228 297 262 ὅμοιος
311 227 370 258 τοῖς
383 226 511 262 ἀδελφοῖς
525 223 601 255 κατὰ’
610 226 700 254 πάντα
713 227 727 253 6
739 225 828 260 ψυχῆς
844 225 873 251 ἀν

965 224 1010 250 ixit
1028 233 1036 252 :
1055 233 1064 249 ι
1089 223 1249 257 Priusquam
1267 220 1404 248 Abraham
1426 219 1512 253 ﬁeret,
1528 226 1578 254 ego
1596 227 1656 246 sum
1671 219 1694 245 ’.
1712 227 1723 244 ι

102 275 235 311 Θρωπίνης
248 275 298 301 καὶ
312 274 417 309 σαρκὸς
430 274 573 301 ἀναλαϐὼν
587 274 765 308 ἀδελφότητα,
780 272 827 298 καὶ
839 271 889 305 οὐχ

103 322 220 356 όλέγων,
233 330 242 346 ι
259 321 291 348 '0
305 320 439 356 ἑωρακὼς
450 321 512 356 ἐμὲ,
524 321 630 356 ἑώρακε
644 320 689 347 τὸν
704 318 822 355 Πατέρα.
830 317 854 354 ›]

402 439 531 467 ΚΕΦΔΛ.
552 439 590 467 Β’.

135 495 237 523 Οὖκοῦν
264 495 429 528 ἐπελάϐετο,
451 496 525 524 καθὰ
541 497 588 523 καὶ
608 495 690 528 αὐτὸς
714 495 892 532 ὡμολόγηκεν

103 541 211 576 ἀρτίως,
236 540 398 576 σπέρματος
416 534 541 578 Ἀϐραὰμ
556 542 623 574 Θεὸς
638 542 676 569 ὢν
690 543 704 569 ό
718 543 817 577 Λόγος·
833 542 892 574 πῶς

102 583 144 612 οὖν
156 586 196 612 ἔτι
204 586 333 622 θεότητος
345 588 467 623 κτήτωρ,
479 588 493 614 6
507 589 539 614 ὲκ
551 588 706 623 σπέρματος
722 587 857 623 ’Λὸραὰμ,
867 589 892 614 ει

103 631 273 667 προσελήφθη
292 632 370 665 παρὰ
384 633 465 664 Θεοῦ,
479 633 526 660 καὶ
541 633 601 668 οὐχὶ
616 633 776 668 προσλαὸὼν
795 634 892 669 ὁρᾶται

103 677 147 712 τὴν
162 676 279 712 θεότητα
299 677 398 710 αὒτόςς
416 678 472 704 Καὶ
488 678 612 713 θεότητος
629 676 676 705 οὖν
692 677 772 713 φύσις
787 678 892 713 ἥκιστα

104 723 135 749 ἂν
145 723 187 757 εῖη
199 721 231 748 τὸ
244 723 360 759 σπέρμα
372 723 421 750 τοῦ
441 723 576 759 Ἀδραὰμ,
593 723 673 759 σῶμα
686 724 714 750 δὲ
731 723 832 759 μᾶλλον
844 724 892 751 τοῦ

103 768 166 794 Θεοῦ
184 768 274 802 Λόγου
301 769 417 803 γέγονε,
449 769 519 796 κατὰ
539 770 588 801 τὰς
607 769 735 805 Γραφὰς,
757 770 805 797 καὶ
829 770 893 797 ἴδιον

103 814 194 841 αὐτοῦ’
210 814 259 841 καὶ
273 815 289 841 6
304 815 339 849 τῇ
357 814 446 841 κτίσει
462 814 533 841 κατὰ
547 814 627 849 φύσιν
641 814 709 841 ἰδίαν
726 814 894 846 ἀσύντακτος

104 859 138 891 ὡς
151 860 225 891 Θεὸς,
237 860 287 886 ὅτε
303 860 417 894 γέγονεν
431 859 582 897 ἄνθρωπος,
597 861 626 891 ὅς
645 861 703 887 ἐστι
715 859 830 892 κτίσεως
846 861 892 896 μέ-

107 913 159 940 ρος,
177 905 239 932 τότε
255 906 305 941 δὴ,
325 906 387 933 τότε
401 906 450 932 καὶ
465 906 537 941 μάλα
552 906 679 937 εἰκότως,
699 906 746 933 καὶ
763 906 895 941 ἀδελφοὺς

105 952 174 987 ἡμᾶς
192 952 342 986 ὀνομάζειν
363 951 445 984 ἀξιοῖ,
457 952 558 986 λέγων·
579 952 741 986 Ἀπαγγελῶ
761 953 792 979 τὸ
809 952 896 988 ὄνομά

107 1005 150 1023 σου
165 999 220 1029 τοῖς
239 997 372 1032 ἀδελφοῖς
389 1006 451 1033 μου.
462 998 524 1024 Ὀτι
538 997 567 1024 δὲ
581 997 626 1024 διὰ
641 998 671 1024 τὸ
687 998 737 1033 τῆς
753 997 896 1030 κενώσεως

107 1042 198 1078 μέτρον
220 1043 467 1078 καταπεφοίτηκεν
487 1044 501 1070 ό
516 1045 548 1070 ἐκ
565 1043 632 1070 Θεοῦ
659 1043 767 1080 Πατρὺς
792 1044 894 1078 Λόγος,

105 1089 148 1115 καὶ
168 1089 207 1120 εῐς
231 1097 266 1123 γε
292 1089 323 1116 τὸ
347 1089 403 1116 δεῖν
431 1090 627 1124 κατονομάζειν
652 1089 784 1124 ἀδελφοὺς
807 1089 897 1125 ἐαυτῷ

105 1134 163 1166 τοὺς
186 1134 233 1160 ἐπὶ
259 1135 317 1170 τῆς
343 1135 412 1171 γῆς,
442 1137 569 1170 σαφηνιεῖ
600 1135 747 1172 γεγραφὼς
770 1136 785 1163 6
806 1134 895 1169 σοφώ-

105 1188 178 1212 τατος
192 1179 318 1212 Παῦλος.
334 1181 398 1215 περὶ
412 1189 441 1207 τε
454 1180 536 1208 αὐτοῦ
561 1181 608 1208 καὶ
624 1182 721 1217 ήμῶνσ
738 1192 747 1208 ι
765 1182 829 1208 Ὅτε
842 1181 898 1216 γὰρ

107 1225 219 1260 ἁγιάζων
234 1227 290 1253 καὶ
309 1227 336 1254 οἱ
352 1227 537 1262 ἁγιαζόμενοι.
551 1227 582 1260 ἐξ
601 1228 660 1260 ἐνὸς
685 1228 801 1262 πάντες,
817 1227 851 1255 δι’
863 1228 898 1264 ἢν

107 1272 190 1300 αξτίαν
202 1273 254 1299 οὐκ
267 1273 468 1309 ἐπαισχύνεται
480 1273 610 1308 ἀδελφοὺς
624 1274 724 1305 αὐτοὺς
737 1273 841 1304 καλεῖν,
856 1273 898 1300 λέ-

108 1328 172 1353 γων·
190 1319 359 1354 Ἀπαγγελῶ
382 1320 413 1345 τὺ
425 1319 510 1354 ὄνομα
535 1328 582 1346 σου
595 1320 651 1351 τοῖς
665 1319 790 1354 ἀδελφοῖς
808 1328 870 1354 μου.
884 1328 895 1346 ι

108 1365 160 1400 Πρὸ
177 1365 228 1400 μὲν
246 1366 306 1401 γὰρ
332 1366 379 1401 τῆς
403 1365 646 1400 ὲνανθρωπήσεως,
667 1365 782 1400 σμικρὸν
798 1364 897 1400 κομιδῇ

109 1409 143 1445 τῷ
154 1411 186 1437 ὲκ
201 1409 270 1437 Θεοῦ
289 1409 374 1444 φύντι
392 1410 472 1445 Λόγῳ
485 1409 515 1436 τὸ
529 1410 580 1444 τῆς
596 1409 664 1444 πρὸς
684 1409 764 1444 ἡμῶν
783 1409 898 1443 ἀδελφό-

108 1463 182 1491 τητος
201 1455 291 1490 ὄνομα
301 1464 309 1470 “
327 1455 486 1490 καθιγμένῳ
500 1463 532 1489 γε
555 1455 608 1490 μὴν
622 1456 663 1486 εις
677 1455 800 1482 ἑκούσιον
816 1455 899 1481 κένω-

109 1509 158 1535 σιν,
170 1500 289 1537 σμικρὸν
309 1501 362 1537 μὲν
382 1502 430 1528 καὶ
448 1501 529 1534 οὕτω,
546 1501 615 1537 πλὴν
630 1501 794 1536 εὐαφόρμως
808 1500 898 1527 εἰσϐε-

941 270 1043 298 Similis
1058 269 1199 303 [fratribus
1225 276 1272 302 per
1289 268 1392 299 omnia,
1412 266 1458 302 qui
1486 266 1609 293 humanae
1629 265 1727 290 animae

939 321 967 342 et
979 315 1069 342 carnis
1084 314 1282 342 fraternitatem
1298 311 1428 346 suscepit,
1446 318 1499 337 non
1517 309 1561 338 illc
1576 309 1621 343 qui
1635 308 1704 336 dixit
1717 317 1725 334 :

942 369 953 386 ι
969 361 1019 393 Qui
1033 360 1101 387 vidit
1115 367 1168 392 me,
1187 359 1255 386 vidit
1266 363 1293 385 et
1309 357 1416 384 Patrem
1432 356 1467 383 ιθ.
1486 365 1496 382 ι
1510 355 1522 392 1

1259 435 1335 463 CAP.
1357 434 1389 462 ll.

977 508 1047 543 Ergo
1059 506 1247 542 apprehendit,
1264 509 1295 532 ut
1308 503 1432 540 ipseiam
1447 507 1488 530 est
1504 501 1663 532 confessus,
1680 507 1725 527 se.

942 562 1003 582 men
1016 552 1261 585 Abraham,ipsum
1274 551 1391 578 Verbum
1405 549 1476 582 quod
1496 547 1567 574 Deus
1579 550 1648 579 erat,
1662 553 1729 580 quo-

943 599 1023 626 modo
1038 598 1120 632 igitur
1132 597 1190 631 jam
1206 595 1357 623 divinitatis
1378 594 1413 621 sit
1428 600 1582 628 possessor,
1600 593 1622 619 is
1634 592 1680 625 qui
1694 598 1728 617 ex

942 645 1046 672 semine
1060 648 1101 671 est
1116 642 1264 674 Abraham,
1279 641 1301 668 si
1321 648 1335 667 a
1355 639 1410 667 Deo
1423 644 1466 667 cst
1488 642 1656 672 assumptus,
1673 644 1727 663 non

942 690 1000 725 ipse
1010 689 1176 717 divinitatem
1191 687 1371 720 assumpsisse
1386 684 1533 712 cernitur?
1554 683 1650 717 Neque
1671 682 1726 716 igi-

944 741 989 763 tur
1002 736 1090 770 ipsum
1105 740 1198 761 semen
1214 732 1349 759 Abraham
1366 730 1420 757 ullo
1436 729 1516 756 modo
1529 728 1679 756 divinitatis
1688 730 1731 754 est

944 786 1050 813 natura,
1071 780 1118 807 sed
1141 785 1244 814 corpus
1262 777 1351 812 potius
1374 776 1421 803 Dei
1447 775 1525 802 Verbi
1550 774 1650 801 factum
1675 779 1731 804 est,

944 827 1090 854 secundum
1113 825 1289 860 Scripturas,
1310 823 1422 857 ejusque
1442 821 1580 856 proprium
1600 828 1607 847 :
1633 823 1662 846 et
1686 818 1731 845 ille

945 873 990 908 qui
1017 879 1051 898 ex
1075 875 1179 898 naturze
1201 876 1257 896 sua:
1286 868 1391 895 ratione
1413 874 1475 893 cum
1501 869 1627 892 creatura
1649 863 1730 890 simul

945 915 1050 944 censeri
1066 923 1118 942 non
1136 918 1234 949 potest,
1250 917 1345 948 ulpote
1364 911 1445 942 Deus,
1462 910 1506 937 ubi
1522 909 1611 937 factus
1623 913 1662 936 est
1680 908 1729 934 ho-

945 970 1001 994 mo,
1014 962 1058 995 qui
1079 965 1120 988 est
1133 967 1194 995 pars
1213 959 1347 991 universi,
1368 963 1424 985 tum
1450 963 1524 984 vero
1546 955 1683 990 aptissime
1703 959 1732 980 et

946 1008 1043 1034 fratres
1063 1013 1112 1033 nos
1133 1005 1268 1040 appellare
1283 1004 1420 1038 dignatur,
1446 1001 1560 1028 dicens:
1577 1009 1587 1024 ι
1606 998 1732 1026 Narrabo

947 1061 1045 1081 nomen
1070 1058 1143 1079 ttunn
1166 1050 1296 1078 fratribus
1318 1048 1386 1075 meis
1404 1047 1436 1073 ιι.
1456 1055 1465 1071 ι
1483 1045 1568 1073 Porro
1590 1045 1678 1079 ipsum
1697 1050 1731 1071 ex

947 1099 1002 1126 Deo
1018 1098 1100 1125 Patre
1115 1096 1232 1124 Verbum
1247 1102 1295 1130 per
1315 1093 1510 1122 exiuanilionis
1530 1098 1685 1118 mensuram
1705 1090 1732 1116 in

947 1144 974 1171 id
983 1144 1065 1171 etiam
1077 1141 1260 1172 descendisse,
1277 1145 1306 1167 ut
1316 1139 1442 1166 homines
1458 1138 1504 1172 qui
1520 1137 1546 1163 in
1558 1136 1640 1163 terris
1654 1140 1734 1162 erant

947 1191 998 1218 sibi
1016 1189 1114 1217 fratres
1131 1189 1245 1219 diceret,
1263 1186 1438 1220 perspicuum
1455 1184 1536 1210 faciet
1554 1183 1648 1210 beatus
1667 1181 1735 1208 Pau-

947 1237 1000 1269 lus,
1015 1236 1059 1270 qui
1075 1235 1109 1262 de
1130 1234 1188 1268 ipso
1202 1234 1290 1268 deque
1307 1231 1386 1259 nobis
1399 1230 1510 1264 scripsit
1524 1238 1531 1256 :
1548 1237 1558 1254 ί
1579 1228 1629 1262 Qui
1656 1227 1729 1254 enim

947 1281 1109 1314 sanctificat,
1124 1286 1152 1308 et
1170 1280 1217 1314 qui
1243 1278 1462 1310 sanctificantur,
1483 1284 1517 1303 ex
1544 1283 1598 1302 uno
1615 1281 1732 1302 omnes:

947 1333 1058 1364 propter
1071 1334 1151 1362 quam
1169 1332 1281 1353 causam
1301 1332 1354 1351 non
1377 1322 1555 1350 confunditur
1570 1321 1670 1348 fratres
1684 1327 1734 1347 eos

947 1374 1093 1410 appellare,
1107 1373 1219 1400 dicens:
1236 1370 1359 1397 Narrabo
1382 1368 1436 1404 70
1453 1374 1553 1395 nomen
1578 1370 1655 1392 tuum
1680 1365 1734 1392 fra-

948 1421 1034 1448 tribus
1053 1419 1120 1446 meis
1136 1419 1178 1450 “;
1199 1427 1208 1443 ι
1227 1423 1290 1444 nam
1312 1420 1457 1449 antequam
1483 1414 1564 1441 homo
1589 1412 1677 1439 factus
1689 1418 1735 1438 es-

948 1471 999 1498 set,
1017 1464 1143 1498 exiguum
1157 1470 1223 1490 sane
1236 1466 1295 1489 erat
1307 1461 1346 1488 illi
1363 1467 1397 1487 ex
1410 1459 1465 1486 Deo
1477 1458 1568 1493 genito
1583 1457 1672 1485 Verbo
1689 1463 1735 1483 no-

949 1515 1012 1538 stra:
1023 1507 1200 1536 fraternitatis
1209 1513 1306 1534 nomen
1319 1515 1326 1533 :
1337 1510 1364 1532 at
1377 1504 1422 1531 ubi
1437 1504 1470 1531 ad
1484 1503 1664 1530 voluntariam
1676 1501 1733 1529 exi-

109 1546 200 1595 δηκ6ς’
218 1547 380 1595 μετέσχηκε
394 1546 449 1583 γὰρ
463 1547 577 1582 αἵματος
591 1547 639 1573 καὶ
654 1545 765 1582 σαρκὸς,
782 1546 829 1572 καὶ
842 1554 873 1572 το

965 1555 1120 1583 tanitionem
1144 1551 1293 1583 descendit,
1314 1550 1440 1584 exiguum
1471 1550 1511 1576 sic
1541 1555 1651 1584 quoque
1673 1547 1735 1579 fuit,

110 1593 136 1620 ὲν
151 1594 232 1628 σαρκὶ
247 1593 297 1620 καὶ
317 1593 416 1628 αἵματι
438 1592 641 1627 κεχρημάτικεν
656 1591 780 1627 ἁδελφός.
800 1591 832 1618 El
846 1591 901 1626 γὰρ

110 1638 245 1671 ἁγιάζεται
261 1638 329 1674 μεθ’
341 1639 358 1674 ή
363 1638 421 1673 μῶν
437 1638 504 1665 καθδ
518 1638 630 1672 γέγονεν
644 1637 798 1674 ἄνθρωπος,
813 1637 902 1665 καίτοι

110 1684 170 1716 Θεὸς
181 1683 218 1711 ὢν
234 1685 333 1719 φύσει,
351 1685 398 1711 καὶ
414 1684 444 1710 τὸ
460 1684 569 1719 πνεῦμα
583 1684 671 1716 διδοὺς
685 1684 777 1716 αὐτὸς.
795 1684 855 1716 πῶς
876 1685 902 1712 ει

111 1730 210 1764 λέγοιτο
231 1731 281 1757 καὶ
305 1730 437 1771 ἀδελῗὺς,
455 1730 504 1756 οὐκ
524 1731 555 1756 ὲν
573 1730 668 1766 κόσμῳ
684 1730 778 1757 λοιπὸν
795 1731 902 1766 εῐρηται

111 1773 268 1812 [εἰρήσεται]
275 1783 283 1808 ;
291 1775 401 1810 ταύτης
411 1775 465 1811 γὰρ
474 1775 555 1802 ἕνεκα
566 1775 617 1810 τῆς
627 1775 718 1808 αἰτίας
732 1777 829 1810 γέγονε
841 1776 902 1803 καθ’

112 1823 194 1857 ἡμᾶς,
216 1823 261 1849 ἵνα
284 1822 366 1857 ἡμᾶς
389 1822 520 1856 ἀδελφοὺς
545 1823 718 1858 ἀποφήνηται
738 1824 785 1850 καὶ
800 1823 904 1850 ἐλευθέ-

113 1876 184 1904 ρους.
203 1877 213 1894 ι
228 1868 313 1895 Ὅσοι
332 1868 391 1903 γὰρ
407 1868 503 1895 ἐλαόον
518 1868 610 1900 αὐτὸν,
629 1870 721 1905 φησὶν,
740 1870 840 1897 ἔδωκεν
855 1871 904 1897 αὑ-

111 1915 164 1946 τοῖς
175 1913 304 1946 ἐξουσίαν
321 1914 409 1940 τέκνα
427 1913 494 1941 Θεοῦ
507 1915 644 1949 γενέσθαι,
659 1916 715 1948 τοῖς
728 1916 904 1943 πιστεύουσιν

112 1959 150 1992 εἰς
166 1959 198 1986 τὸ
213 1959 302 1995 ὄνομα
316 1959 418 1986 αὑτοῦ·
431 1960 457 1987 οἳ
470 1960 521 1987 οὐκ
534 1960 563 1994 ἐξ
579 1960 712 1996 αἱμάτων,
726 1962 787 1988 οὐδὲ
809 1962 842 1988 ὲκ
859 1960 903 1987 θε-

113 2005 225 2042 λήματος
241 2006 361 2042 σαρκὺς,
376 2006 436 2033 οὐδὲ
452 2006 484 2033 ἐκ
498 2007 649 2042 θελήματος
675 2007 780 2043 ἀνδρὸς,
799 2007 856 2034 ἀλλ’
872 2009 905 2034 ὲκ

113 2049 176 2076 Θεοῦ
199 2050 404 2085 ἐγεννήθησαν.
415 2059 424 2075 ι
443 2051 591 2086 Γεγένηται
610 2052 664 2087 γὰρ
685 2052 699 2078 6
715 2053 748 2079 ἐκ
763 2052 831 2080 Θεοῦ
848 2054 905 2080 Πα-

116 2093 175 2130 τρδς
195 2095 284 2130 Λόγος
304 2096 368 2131 μεθ’
388 2095 469 2131 ἡμῶν
487 2097 559 2124 κατὰ
576 2097 679 2132 σάρκα,
697 2097 740 2124 ἵνα
756 2099 803 2125 καὶ
823 2099 905 2134 ἡμεῖς

116 2139 164 2174 τὴν
176 2140 208 2166 ὲκ
220 2139 290 2166 Θεοῦ
310 2140 584 2176 καταπλουτήσωμεν
598 2142 643 2169 διὰ
664 2142 819 2178 πνεύματος
841 2142 904 2177 γέν-

117 2193 198 2220 νησιν,
209 2186 303 2213 οὐκέτι
318 2185 422 2221 σαρκὸς
435 2186 649 2222 χρηματίζοντες
658 2188 753 2220 τέκνα,
767 2197 906 2224 μεταστοι-

953 1603 999 1630 sed
1013 1609 1065 1628 non
1079 1601 1147 1628 citra
1162 1598 1352 1626 rationabilem
1364 1604 1476 1624 causam
1495 1599 1633 1629 receptum
1650 1603 1657 1620 τ
1675 1601 1737 1628 par-

953 1647 1074 1682 ticipavit
1093 1646 1166 1674 enim
1190 1652 1277 1672 carne
1293 1649 1320 1672 et
1342 1643 1474 1677 sanguine
1492 1641 1525 1674 ¹³,
1538 1645 1566 1668 et
1588 1640 1630 1667 bis
1647 1640 1692 1674 qui
1710 1639 1736 1666 in

953 1701 1035 1722 carne
1049 1697 1127 1721 erant
1146 1699 1178 1720 ac
1195 1699 1262 1726 sang
1271 1691 1344 1723 uiue,
1362 1690 1447 1716 frater
1467 1688 1536 1714 fuit:
1551 1693 1613 1714 nam
1633 1685 1657 1713 si
1674 1693 1737 1713 san-

953 1741 1088 1769 ctiﬁcatur
1101 1739 1241 1766 nobiscum
1254 1745 1307 1772 qua
1333 1736 1422 1764 factus
1440 1739 1482 1762 est
1505 1734 1597 1766 homo,
1613 1732 1740 1767 quamvis

953 1791 1050 1814 natura
1070 1785 1142 1813 Deus
1165 1789 1256 1816 esset,
1275 1787 1304 1810 et
1320 1782 1446 1817 spiritum
1472 1781 1528 1815 ipse
1546 1779 1633 1810 daret,
1649 1785 1699 1805 cur
1715 1777 1738 1804 si

953 1837 1064 1860 vocetur
1083 1831 1165 1859 etiam
1192 1829 1285 1861 frater,
1314 1827 1426 1855 minimc
1456 1826 1584 1853 decenter
1617 1824 1735 1855 dicatur,

954 1886 1015 1906 cum
1030 1879 1081 1905 hac
1095 1877 1127 1904 de
1139 1883 1220 1903 causa
1240 1874 1328 1902 fat-tus
1348 1874 1384 1901 sit
1409 1872 1495 1900 nostri
1513 1870 1622 1904 similis,
1643 1875 1673 1897 ut
1689 1876 1739 1896 nos

955 1925 1053 1952 fratres
1074 1931 1106 1951 ac
1128 1922 1228 1950 liberos
1253 1919 1393 1948 efficeret?
1417 1927 1426 1943 ι
1444 1917 1581 1952 Quotquot
1607 1915 1680 1943 enim
1701 1922 1741 1942 re-

954 1973 1085 2004 ceperunt
1107 1975 1179 2001 eum,
1207 1966 1314 2001 inquit,
1334 1964 1407 1992 dedit
1426 1964 1468 1990 eis
1488 1965 1648 1997 potestatem
1672 1960 1741 1987 filios

955 2016 1003 2043 Dei
1032 2014 1100 2046 fieri,
1127 2013 1170 2041 his
1191 2012 1237 2047 qui
1261 2011 1376 2039 credunt
1398 2010 1426 2036 in
1457 2008 1567 2036 nomine
1592 2006 1652 2041 ejus
1670 2015 1677 2033 :
1694 2005 1739 2040 qui

955 2068 1008 2088 non
1031 2067 1064 2087 ex
1091 2058 1279 2094 sanguinibus.
1305 2062 1392 2090 neque
1415 2061 1449 2082 ex
1472 2053 1611 2081 voluutate
1638 2051 1740 2082 carnis.

956 2113 1043 2141 neque
1058 2113 1091 2133 ex
1107 2105 1248 2132 voluntate
1261 2102 1324 2133 viri,
1341 2101 1388 2129 sed
1410 2107 1443 2127 ex
1463 2100 1519 2127 Deo
1534 2098 1589 2126 nati
1607 2101 1671 2125 sunt
1686 2095 1718 2122 “.
1729 2105 1739 2121 ι

955 2150 1054 2178 Natum
1071 2154 1112 2177 est
1131 2149 1203 2176 enim
1227 2147 1367 2174 nobiscum
1384 2144 1533 2172 secundum
1552 2149 1662 2170 carnem
1677 2140 1741 2167 illud

957 2205 989 2224 ex
1009 2197 1065 2224 Deo
1090 2195 1170 2223 Patre
1198 2193 1333 2226 Verbum,
1356 2196 1386 2218 ut
1409 2198 1459 2218 nos
1481 2195 1589 2224 quoque
1612 2187 1685 2214 illam
1708 2193 1742 2213 ex

118 2231 265 2276 χειοῦμενοι
288 2231 319 2258 δὲ
340 2231 442 2266 μᾶλλον
465 2234 505 2264 εἰς
522 2233 557 2260 τὰ
579 2233 649 2269 ὑπὲρ
665 2233 756 2268 φύσιν,
781 2234 828 2261 καὶ
853 2236 873 2260 ul

965 2244 1016 2271 Deo
1036 2249 1085 2276 per
1101 2241 1227 2276 spiritum
1252 2238 1420 2265 nativitatem
1439 2234 1612 2270 acquiramus
1628 2239 1636 2259 :
1654 2238 1743 2265 neque

116 2275 180 2302 Θεοῦ
195 2276 417 2311 χρηματίζοντες
433 2276 504 2304 κατὰ
518 2277 607 2313 χάριν.
620 2278 718 2312 Γέγονε
740 2278 794 2314 γὰρ
814 2278 851 2311 ὡς
866 2276 907 2310 εἷς

116 2320 145 2352 ἐξ
157 2321 243 2356 ὴμῶν,
256 2322 272 2348 ό
286 2321 362 2348 κατὰ
382 2322 463 2357 φύσιν
478 2323 524 2350 καὶ
544 2323 652 2359 ἀληθῶς
664 2323 729 2356 Tib;
748 2324 906 2359 μονογενὴς,

118 2366 161 2393 καὶ
171 2367 289 2402 ἀψευδὴς
299 2368 315 2394 6
333 2367 414 2401 λόγος
423 2375 431 2383 ·
445 2367 611 2395 πιστώσεται
623 2368 652 2395 δὲ
665 2369 732 2405 πρὸς
745 2369 823 2396 τοῦτο
835 2370 907 2405 ἡμᾶς

118 2412 132 2438 6
147 2412 288 2445 θεσπέσιος
305 2413 427 2446 Παῦλος,
439 2413 487 2440 ὡδί
504 2423 554 2441 που
569 2414 672 2448 λέγων’
691 2425 701 2441 ι
714 2415 774 2442 Ὅτι
796 2415 826 2442 δέ
846 2417 907 2442 ἐστε

118 2457 178 2490 υἱοὶ,
194 2459 392 2492 ἐξαπέστειλεν
405 2460 420 2486 6
436 2460 501 2492 Θεὸς
516 2461 546 2488 τὺ
558 2461 670 2497 Πνεῦμα
683 2461 731 2488 τοῦ
745 2461 810 2488 Υιοῦ
825 2461 907 2489 αὐτοῦ

120 2503 158 2534 εἰς
178 2504 226 2536 τὰς
242 2505 362 2540 καρδίας
378 2506 467 2541 ὑμῶν,
492 2507 603 2542 κράζον,
629 2507 727 2539 Ἀ66ἄ,
748 2509 763 2534 ὁ
777 2508 881 2544 Πατήρ.
896 2518 905 2534 ι

120 2548 151 2575 Τί
163 2550 250 2577 τοίνυν
265 2550 406 2588 ἁποὸιάζῃ
424 2552 473 2587 τῆς
485 2553 641 2588 οἰκονομίας
658 2554 689 2580 τὺ
715 2554 806 2587 σοφὸν,
822 2555 862 2586 εἰς
877 2555 908 2581 τδ

124 2595 164 2644 μη
228 2597 336 2644 16511.}?-
345 2597 383 2632 τῷ
408 2598 497 2644 δέοντι
521 2599 683 2644 τξεποιῆσθαι
698 2600 797 2632 δοκεῖν,
817 2600 862 2627 διά
878 2609 909 2634 γε

121 2639 165 2664 τοῦ
183 2639 286 2674 λέγειν,
296 2641 346 2675 Μὴ
367 2642 480 2676 σπέρμα
498 2641 544 2668 τοῦ
561 2642 686 2678 ’Λὸραὰμ
699 2643 716 2678 ή
733 2642 841 2677 θεότης;
864 2643 909 2677 Μὴ

123 2685 153 2718 τῇ
166 2684 273 2721 θεότητι
289 2686 369 2717 τινὰς
382 2686 464 2721 ἔσχεν
478 2687 607 2721 ἀδελφοὺς
623 2689 743 2720 ἐοικότας
755 2698 763 2722 ;
776 2687 849 2724 ’Λρα
861 2690 910 2715 οὐκ

123 2730 234 2766 ἐναργὴς
250 2731 414 2767 ἀποπληξία
429 2732 507 2759 τοῦτό
520 2741 568 2767 γε;
584 2734 620 2761 T6
642 2734 696 2770 γὰρ
708 2734 830 2766 ἐκτόπως
843 2735 910 2761 ἀνα-

127 2859 139 2865 ,
167 2832 259 2861 'loan.
273 2842 335 2865 VIII,
349 2835 394 2862 58.
436 2836 457 2851 ¹⁰
473 2834 549 2863 Joan.
561 2843 614 2868 xw.
628 2835 654 2863 9.

130 2868 149 2884 "
167 2868 251 2896 Galat.
265 2877 301 2901 Iv,
316 2870 344 2895 ti.

956 2290 1013 2325 jam
1035 2288 1125 2315 carnis
1149 2286 1195 2313 filii
1214 2285 1317 2316 simus,
1335 2283 1383 2310 sed
1402 2282 1428 2308 in
1446 2283 1482 2313 ;ea
1505 2286 1566 2314 quae
1585 2284 1667 2312 supra
1692 2284 1741 2302 na—

959 2321 1047 2361 iuram
1075 2336 1137 2360 sunt
1162 2331 1350 2360 immutemur,
1374 2332 1403 2354 et
1423 2326 1469 2352 lilii
1489 2325 1536 2352 Dei
1558 2331 1606 2358 per
1628 2321 1742 2357 gratiam

958 2382 1044 2408 situas
1057 2388 1064 2406 :
1078 2378 1165 2405 factus
1177 2380 1218 2404 est
1233 2375 1304 2403 enim
1321 2378 1350 2401 ιιι
1367 2380 1436 2400 unus
1449 2379 1464 2399 e
1478 2369 1568 2402 nobis,
1586 2368 1631 2396 ille
1645 2374 1744 2395 secun-

958 2427 1022 2453 dum
1032 2429 1155 2451 naturam
1170 2429 1202 2448 ac
1214 2428 1278 2448 vere
1288 2419 1372 2446 Filius
1389 2416 1548 2451 unigenitus
1567 2423 1576 2443 :
1597 2413 1670 2449 quod
1681 2419 1743 2440 cum

960 2471 1101 2498 verissime
1117 2469 1232 2499 dicatur,
1247 2466 1327 2493 fidem
1345 2468 1475 2500 praeterea
1491 2461 1570 2489 nobis
1590 2459 1654 2487 facit
1677 2459 1741 2486 bea-

962 2524 1006 2545 tus
1020 2515 1118 2544 Paulus
1132 2514 1175 2541 his
1188 2513 1244 2540 fere
1257 2511 1366 2539 verbis:
1383 2518 1393 2534 ι
1411 2507 1551 2542 Quoniam
1571 2510 1662 2533 autem
1677 2503 1744 2531 estis

962 2564 1021 2595 ﬁlii,
1033 2560 1106 2589 misit
1120 2559 1196 2587 Deus
1207 2558 1337 2592 Spiritum
1359 2555 1417 2583 Filii
1433 2554 1476 2582 sui
1488 2554 1514 2581 in
1539 2552 1624 2580 corda
1647 2555 1742 2578 nostra

961 2610 1134 2638 clamantem.
1146 2605 1220 2632 Abba
1234 2603 1314 2630 Pater
1325 2601 1358 2629 “.
1374 2610 1385 2627 ι
1399 2600 1454 2628 Cur
1469 2599 1551 2634 igitur
1565 2595 1741 2632 sapientissi-

962 2661 1033 2681 mam
1051 2650 1278 2686 dispensationem
1291 2655 1340 2682 per
1353 2647 1406 2673 vim
1419 2653 1452 2674 eo
1471 2646 1629 2679 detorques,
1649 2647 1680 2670 ut
1695 2641 1746 2668 mi-

963 2706 1013 2727 nus
1024 2699 1150 2725 decenter
1162 2699 1238 2730 gesta
1257 2701 1316 2720 esse
1329 2693 1462 2723 videatur,
1483 2691 1546 2718 dum
1563 2688 1652 2716 dicis:
1672 2686 1741 2713 Num

963 2750 1056 2772 semen
1077 2745 1119 2768 est
1134 2739 1271 2766 Abraham
1287 2738 1346 2772 ipsa
1362 2736 1509 2764 divinitas?
1527 2742 1589 2762 num
1608 2733 1678 2760 ullos
1700 2731 1746 2758 ha-

695 2837 712 2852 ¹¹
733 2835 801 2864 l‘sal.
818 2844 872 2870 xxr,
885 2836 929 2863 25.
970 2835 989 2851 ”
1004 2833 1084 2861 Hebr.
1098 2840 1128 2864 ll,
1143 2830 1189 2863 ll,
1207 2829 1249 2857 12.
1289 2829 1309 2844 ²³
1324 2827 1391 2856 Ibid.
1407 2826 1450 2854 14.
1488 2826 1508 2841 ¹⁵
1523 2823 1599 2852 Joan.
1614 2823 1687 2857 1,12.
1702 2822 1747 2851 i5.
