1883 3054
125 178 176 206 19.7

619 177 648 205 S.
669 176 809 205 CYRILLI
829 175 1063 203 ALEXANDRINI
1084 174 1243 203 ARCHIEP.

1706 176 1759 203 123

125 237 181 263 huit
194 235 293 262 fratres
305 235 456 262 divinitatis
470 234 594 263 similes?
609 235 706 262 Annon
723 235 750 262 id
765 240 842 262 certe
857 243 868 262 s

1017 233 1161 265 νοάιιεσθαι,
1177 234 1223 261 καὶ
1237 234 1415 269 ἀποκομίζειν
1431 235 1469 266 εις
1482 234 1645 270 δυσφημίας,
1661 233 1696 261 τὰ
1711 234 1760 261 οὕ-

123 292 196 326 poris
212 296 253 318 est
276 291 459 325 apertissimi?
475 290 542 318 Nam
569 291 664 326 inepte
687 291 867 326 interrogare,
885 295 912 319 et

122 338 190 365 adeo
207 341 280 364 recta
292 342 320 364 et
338 338 442 372 integra
466 337 606 371 dogmata.
621 338 692 371 quod
715 338 748 364 ad
773 337 913 372 dispensa-

123 384 206 410 tionis
228 383 362 410 rationem
384 384 410 409 in
425 382 535 410 Christo
555 383 909 417 intelligendam:pertinet,

123 432 156 457 ad
183 430 365 464 blasphemiae
387 430 561 464 detorquere,
587 431 651 465 quid
675 431 749 457 aliud
771 436 813 458 est
831 438 911 464 quam

123 484 234 503 summa:
248 477 376 503 amentia:
390 476 603 502 demonstratio?
625 476 816 503 Certissimum
833 476 912 510 quip-

123 529 156 555 pe
172 526 225 554 est,
243 520 307 548 illud
321 521 367 548 Dei
382 521 473 548 Patris
488 521 616 554 Verbum,
643 521 713 555 quod
730 522 762 548 ml
785 526 911 548 naturam

124 567 256 602 corporis,
278 567 336 593 sive
352 566 532 593 humanitatis
550 567 677 601 perfecta:
698 567 829 593 rationem
852 567 913 593 alti-

127 618 182 644 uet,
199 612 299 639 factum
317 619 378 640 esse
389 612 475 639 nostri
493 612 592 644 simile,
608 617 634 638 et
650 619 698 646 per
712 612 802 638 omnia
820 612 913 639 nobis-

121 666 194 691 cum,
210 665 263 685 uno
278 662 392 692 excepto
414 662 535 693 peccato,
554 658 727 685 convenisse.
748 657 800 684 Sed
818 665 913 691 rogare

123 704 187 731 libet
199 711 260 731 eum
277 705 322 738 qui
336 704 404 731 dixit
418 713 425 731 :
441 704 507 730 Num
524 704 573 731 Dei
590 703 708 731 Verbum
731 704 800 731 ullos
818 697 913 731 habuit

123 749 220 775 fratres
232 748 368 775 divinitati
396 748 523 775 similes?
537 749 666 782 quidnam
682 756 773 776 secum
794 750 851 783 ipse
872 757 914 776 co-

121 793 210 826 gitans
225 792 322 820 beatus
334 792 435 819 Paulus
449 793 558 826 scripsit
582 794 615 820 ad
635 793 764 827 quosdam
779 802 785 820 :
805 802 814 819 ι
831 792 914 820 Filio-

123 838 150 868 Ii,
164 845 232 872 quos
243 838 342 865 iterum
357 839 489 873 parturio,
499 840 586 866 donec
599 839 725 866 Christus
739 838 872 866 formetur
886 839 911 866 in

123 883 200 910 vobis
215 883 247 911 “.
264 892 273 909 ι
287 883 356 916 Quin
375 884 455 910 etiam
470 884 532 911 alibi
546 884 700 911 hominibus
711 885 755 919 qui
774 893 821 920 per
833 885 911 912 fidem

962 288 1016 311 τως
1038 280 1106 315 ὀρθὰ
1128 281 1175 306 καὶ
1197 281 1356 315 ἀμωμήτως
1372 280 1483 314 ἔχοντα,
1500 281 1570 306 κατά
1586 288 1617 313 γε
1637 279 1684 306 τὸν
1706 281 1760 312 τῆς

962 327 991 352 ὲν
1012 325 1121 361 Χριστῷ
1146 325 1294 361 νοουμένης
1324 326 1480 361 οἰκονομίας
1500 326 1588 360 λόγον,
1612 327 1637 352 τί
1662 326 1759 361 ἔτερόν

963 373 1045 401 ἔστιν.
1060 372 1076 407 ἢ
1089 373 1139 407 τῆς
1160 372 1273 398 ἀπασῶν
1294 372 1410 407 ἐσχάτης
1432 372 1630 407 ὲμῦροντησίας
1644 373 1759 399 ἀπόδει-

963 418 1021 450 ξις;
1040 418 1279 452 Ὀμολογουμένως
1305 419 1355 453 μὲν
1379 418 1443 453 γὰρ,
1463 419 1532 445 κατὰ
1555 418 1605 453 τὴν
1625 418 1672 445 τοῦ
1701 419 1759 444 σώ-

964 473 1048 499 ματος
1066 463 1158 498 φύσιν,
1174 464 1232 498 ἦτοι
1252 465 1296 490 τὸν
1311 465 1359 499 τῆς
1375 464 1587 499 ἀνθρωπότητος
1604 465 1690 499 λόγον,
1709 473 1758 490 τε-

962 509 1041 541 λείως
1065 509 1178 544 ὲχούσης
1203 510 1245 544 ἐφ’
1264 510 1363 545 ἑαυτῇ,
1386 510 1498 544 γέγονεν
1519 511 1585 545 ἡμῖν
1609 509 1760 545 παραπλή-

963 563 1032 586 σιος,
1048 556 1093 581 καὶ
1109 555 1178 581 κατὰ
1195 556 1248 581 πᾶν
1261 555 1350 581 ὁτιοῦν
1363 554 1470 586 ἐοικὼς,
1485 555 1546 590 δίχα
1563 556 1645 590 μόνης
1662 557 1757 591 ἁμαρ-

961 601 1022 632 τίας
1035 602 1048 626 ὁ
1066 601 1098 627 ἐκ
1114 600 1180 626 Θεοῦ
1196 601 1303 636 Πατρδς
1318 600 1412 635 Λόγος.
1432 601 1584 636 Ὲρήσομαι
1600 601 1628 628 δὲ
1647 601 1694 628 τὸν
1712 601 1760 628 λέ-

962 655 1056 680 γοντα,
1065 646 1112 681 Μὴ
1124 648 1156 681 τῇ
1170 646 1278 681 θεότητι
1293 647 1368 678 τινὰς
1382 647 1397 672 ὁ
1407 647 1473 678 Θεὸς
1488 647 1573 681 Λόγος
1586 647 1665 682 ἔσχεν
1679 647 1760 674 ἀδελ-

964 692 1032 726 φοὺς
1053 693 1192 723 ὲοικότας;
1207 691 1234 718 τι
1249 691 1281 727 δὴ
1299 692 1353 726 ἄρα
1372 692 1433 719 καθ’
1447 693 1544 719 ἑαυτὸν
1557 692 1724 727 ὲννενοηκὼς
1742 693 1760 718 ὁ

964 737 1110 772 ἱερώτατος
1130 737 1245 769 Παῦλος,
1262 737 1385 773 γέγραφέ
1404 747 1469 769 τισι,
1491 748 1499 763 ι
1513 739 1623 770 Τεκνία,
1640 738 1687 769 οὓς
1705 739 1759 765 πά-

962 783 1004 811 λιν
1027 784 1123 815 ὠδίνω,
1147 784 1226 820 ἄχρις
1248 782 1278 811 οὗ
1306 784 1435 819 μορφωθῇ
1461 784 1578 819 Χριστὸς
1602 786 1630 811 ὲν
1655 784 1730 819 ὑμῖν.
1745 794 1755 808 ι

963 831 1019 857 Καὶ
1045 830 1097 865 μὴν
1115 830 1163 856 καὶ
1184 830 1297 865 ἑτέρωθι
1321 830 1377 860 τοῖς
1401 829 1446 856 διὰ
1472 830 1589 861 πίστεως
1607 830 1757 864 τελειωμέ-

963 885 1018 908 νοις
1042 877 1072 902 ἐν
1097 877 1241 911 πνεύματι,
1259 886 1267 901 ι
1279 877 1374 911 Ἡμεῖς
1389 877 1417 903 δὲ
1434 876 1535 907 πάντες
1561 877 1758 911 ἀνακεκαλυμ-

122 928 174 962 71
184 928 393 962 perliciehantur
404 929 430 954 in
440 928 535 962 spiritu
548 938 554 955 :
568 937 576 954 ι
592 929 645 956 Nos
657 937 721 956 vero
731 937 826 956 omnes
836 937 864 956 re

1014 931 1039 958 ιῳ
1053 922 1190 958 προσώπῳ
1208 922 1256 958 τὴν
1279 923 1356 956 δόξαν
1377 922 1479 958 Κυρίου
1496 923 1757 957 κατοπτριζόμενοι,

122 975 175 1000 lata
192 973 262 1000 facie
278 974 390 1009 gloriam
411 974 516 1001 Domini
535 975 717 1010 speculantes,
730 975 756 1002 in
770 976 828 1010 ejus
847 976 914 1002 ima-

122 1020 211 1054 ginem
227 1019 455 1047 trausiormamur
469 1028 483 1047 a
498 1021 620 1048 claritate
632 1022 657 1048 iu
676 1022 839 1055 claritatem,
856 1027 915 1048 tuu-

121 1073 203 1100 quam
227 1073 241 1093 ο
266 1065 373 1093 Domini
399 1066 507 1100 spiritu.
532 1067 662 1095 Dominus
688 1073 777 1095 autem
801 1069 915 1102 spiritus

122 1114 187 1138 est:
207 1111 252 1138 ubi
268 1115 359 1138 autem
378 1112 489 1146 spiritus
515 1112 631 1146 Domini,
656 1114 691 1140 ibi
717 1114 828 1141 libertas
852 1115 883 1142 ".
903 1124 913 1140 ι

123 1155 191 1182 Num
211 1156 294 1190 igitur
309 1156 367 1184 haec
384 1157 451 1184 dicit
465 1157 570 1185 Galatis
588 1164 715 1193 tanquam
731 1168 869 1194 corporea
885 1160 916 1186 li-

123 1201 234 1228 bertatis
251 1201 354 1229 formas
370 1210 424 1229 non
443 1203 602 1231 habentibus
616 1204 654 1231 illi
669 1212 701 1232 ex
717 1207 821 1234 semine
833 1206 916 1233 David

123 1246 270 1274 secundum
294 1255 405 1275 carnem
423 1248 538 1281 similes,
563 1250 656 1277 illosve
682 1252 807 1285 parturit,
830 1256 859 1278 ut
889 1252 916 1278 iu

123 1292 189 1326 ipsis
203 1293 403 1328 quodammodo
425 1295 556 1329 ﬁguretur
572 1300 599 1322 et
615 1296 749 1330 eliigietur
765 1298 916 1324 secundum

122 1347 232 1366 carnem
244 1339 391 1367 Christus?
407 1342 488 1376 Atqui
501 1344 638 1377 quomodo
650 1350 702 1370 ιιοιι
718 1344 807 1378 quivis
820 1345 918 1379 opinor

123 1391 151 1411 et
166 1385 228 1413 sine
240 1386 323 1413 dubio
336 1386 419 1419 dicat,
441 1388 596 1415 conformes
614 1389 664 1416 sibi
687 1389 760 1416 inter
776 1397 805 1417 se
823 1398 918 1418 omnes

122 1438 184 1458 esse
199 1431 244 1467 qui
260 1436 323 1458 sunt
340 1434 365 1460 in
383 1435 474 1465 terris,
487 1439 515 1460 et
539 1435 590 1468 ipsi
606 1442 713 1470 quoque
730 1435 849 1469 Christo,
865 1445 917 1471 qua

125 1477 211 1503 nostri
236 1477 335 1505 similis
361 1478 458 1510 homo,
486 1483 515 1506 et
543 1479 682 1506 uobiscum
710 1481 919 1509 consideratur?

122 1522 215 1555 Qualis
222 1530 287 1557 ergo
295 1523 420 1558 elligiatio
428 1525 454 1551 in
464 1525 516 1552 illis
524 1525 797 1560 exigebaturChristo
805 1527 919 1554 similis?

122 1571 312 1602 autquomodo
324 1578 372 1597 nos
384 1578 397 1597 a
410 1570 569 1598 claritatein
580 1571 731 1598 claritatem
742 1572 919 1600 transforma-

123 1607 200 1641 mur?
208 1622 259 1649 qua
271 1614 364 1642 relicta
375 1614 474 1650 forma,
483 1617 510 1642 in
520 1623 600 1651 quam
611 1616 857 1650 transfiguratum?
869 1617 918 1645 Er-

123 1669 157 1695 go
173 1669 222 1688 nos
240 1660 350 1688 divinus
365 1661 409 1688 ille
420 1661 516 1689 doctor
530 1662 656 1696 prodiens
670 1662 775 1694 doceat,
795 1663 840 1690 ille
852 1664 918 1690 divi-

124 1715 219 1733 nurum
231 1707 359 1735 sacerdos
374 1707 578 1742 mysteriorum,
596 1708 641 1735 ille
650 1709 744 1735 doctOr
755 1709 874 1742 gentium
890 1710 917 1736 in

124 1753 176 1778 tirio
191 1757 216 1779 et
229 1752 360 1779 veritate:
376 1761 384 1777 ι
399 1752 473 1784 Quos
481 1752 553 1778 enim
563 1752 653 1783 scivit,
667 1752 765 1786 inquit.
776 1757 802 1779 et
817 1754 918 1786 praede-

124 1797 234 1824 stinavit
249 1797 402 1825 coniormes
419 1797 477 1824 ﬁeri
494 1797 619 1831 imaginis
635 1797 694 1824 Filii
711 1798 763 1830 sui,
774 1799 824 1826 hos
835 1804 861 1824 et
871 1806 918 1826 vo-

123 1843 195 1870 cavit
209 1843 242 1870 ”.
253 1852 263 1869 ι
274 1842 356 1877 Ergo,
369 1843 507 1869 utdudum
521 1843 587 1875 dixi,
601 1850 652 1878 qua
668 1842 755 1870 factus
769 1849 810 1870 est
826 1844 916 1878 homo,

124 1894 152 1915 ct
172 1887 223 1916 fuit
242 1895 275 1915 ex
293 1887 397 1915 semine
409 1888 558 1919 Abraham,
575 1895 670 1915 omnes
687 1888 725 1915 illi
740 1896 836 1916 sumus
851 1897 917 1916 con-

125 1935 237 1966 formes.
254 1934 355 1961 Omnes
374 1933 457 1968 igitur
467 1941 535 1968 quos
549 1933 631 1960 Pater
646 1935 780 1968 praescivit
795 1935 918 1963 homines

124 1981 169 2014 qui
182 1984 244 2006 sunt
260 1979 286 2006 in
304 1979 395 2012 terris,
412 1983 439 2006 et
449 1979 661 2013 praedestinavit,
677 1979 727 2006 hos
747 1988 808 2007 cum
823 1988 916 2008 vocas-

124 2031 176 2058 set,
193 2026 373 2053 sanctilicavit
394 2030 421 2053 et
439 2025 601 2060 gloriﬁcavit
624 2036 631 2053 :
659 2030 740 2060 atque
754 2034 805 2053 non
824 2034 917 2054 omnes

123 2071 306 2106 praedestinati
323 2075 398 2104 sunt,
422 2078 476 2098 non
494 2079 589 2098 omnes
607 2072 768 2098 sauctillcati
795 2077 842 2099 aut
858 2073 915 2106 glo-

125 2117 239 2150 rilicati;
253 2123 307 2143 non
321 2117 402 2152 igitur
417 2116 468 2144 hoc
485 2116 573 2151 ipsum
588 2118 658 2151 quod
672 2117 740 2143 Filio
753 2118 910 2144 conturma-

124 2169 195 2194 mnr,
205 2161 467 2196 insolaintelligitur
482 2162 572 2189 carnis
582 2162 791 2190 humanitatisve
807 2169 914 2195 natura,

123 2207 171 2234 sed
185 2207 238 2234 alio
252 2214 358 2242 quoque
374 2207 473 2235 modo:
490 2208 570 2242 idque
589 2209 667 2236 nobis
680 2208 800 2236 declarat
821 2210 915 2236 beatus

123 2253 223 2281 Paulus
238 2261 298 2280 cum
316 2254 404 2281 dixit:
421 2263 430 2279 ι
449 2253 482 2281 Ει
495 2253 566 2281 sicut
583 2255 751 2288 portavimus
768 2255 912 2289 imaginem
930 2268 951 2295 Β

125 2300 234 2332 tcrreui,
250 2305 388 2334 portemus
401 2305 428 2328 et
440 2301 586 2335 imaginem
601 2301 719 2328 ccelestis
737 2302 774 2334 ";
791 2311 800 2328 ι
813 2302 912 2329 terreni

123 2343 248 2372 videlicet
261 2345 404 2379 imaginem
423 2344 494 2370 illam
513 2344 592 2378 primi
609 2345 730 2378 parentis
747 2344 842 2375 Adam,
855 2351 912 2370 cm-

123 2390 200 2418 lsstis
214 2396 314 2422 autem,
331 2391 403 2418 illam
419 2391 518 2419 Christi
538 2391 704 2427 intelligens.
725 2391 856 2425 Quaenam
871 2396 913 2418 est

124 2438 205 2470 igitur
220 2437 294 2471 prior
309 2437 352 2464 illa
370 2436 449 2471 primi
465 2437 585 2472 parentis
600 2437 709 2472 imago?
725 2437 851 2464 nimirum
870 2437 912 2464 fa-

124 2483 213 2510 cilitas
234 2483 276 2509 illa
297 2483 331 2509 ad
351 2483 529 2517 peccandum,
553 2482 605 2509 hoc
621 2484 707 2517 ipsum
732 2482 802 2517 quod
831 2483 911 2510 morti

124 2529 344 2563 corruptionique
355 2536 448 2556 smnus
461 2528 581 2556 obnoxii.
596 2529 661 2561 Quae
678 2536 772 2556 rursus
787 2528 831 2555 illa
851 2535 910 2554 cce-

125 2574 219 2602 Icstis?
229 2574 301 2601 nullo
308 2575 386 2602 modo
394 2575 490 2602 cedere
499 2574 581 2606 vitiis,
592 2582 645 2601 non
656 2582 736 2602 nosse
745 2574 911 2609 delinquere,

125 2627 178 2646 non
191 2626 252 2647 esse
263 2620 342 2648 morti
356 2625 386 2648 et
395 2620 561 2654 corruptioni
578 2620 744 2654 subjectum,
758 2620 913 2647 sanctiﬁca-

965 969 1014 1002 τὴν
1029 967 1110 994 αὑτοῦ
1122 968 1214 994 εἰκόνα
1229 968 1285 1002 (9.0)
1301 967 1551 1003 μεταμορφούμεθα
1562 967 1615 994 ἀπὺ
1626 967 1706 1001 δόξης
1717 967 1760 998 εἰς

964 1012 1053 1046 δόξαν,
1071 1012 1195 1048 καθάπερ
1211 1012 1265 1039 ἀπὸ
1275 1012 1377 1047 Κυρίου
1394 1012 1564 1047 πνεύματος⁵
1578 1013 1592 1039 ὁ
1608 1013 1636 1038 δὲ
1652 1012 1760 1047 Κύριος

964 1060 995 1086 τὸ
1009 1059 1117 1094 πνεῦμά
1127 1060 1200 1086 ἐστιν
1209 1067 1216 1074 ⁸
1230 1056 1260 1086 οὗ
1273 1059 1300 1085 δὲ
1313 1059 1343 1085 τὸ
1359 1058 1467 1094 πνεῦμα
1480 1059 1594 1094 Κυρίου,
1610 1060 1670 1085 ἐκεῖ
1681 1058 1760 1084 ἐλευ-

965 1104 1053 1139 θερία.
1065 1103 1140 1139 »Ἆρ’
1154 1103 1201 1130 οὖν
1219 1105 1257 1136 ὼς
1276 1104 1325 1130 οὐκ
1342 1104 1432 1138 ἔχουσι
1445 1103 1578 1135 Γαλάταις
1594 1105 1643 1138 τῆς
1662 1112 1758 1138 σωμα-

965 1150 1044 1184 τικῆς
1062 1149 1218 1186 ἐλευθερίας
1232 1151 1296 1181 τοὺς
1309 1149 1423 1180 τύπους,
1434 1149 1501 1184 πρὸς
1514 1149 1544 1176 τὺ
1556 1150 1588 1176 ὲκ
1601 1150 1760 1184 σπέρματος

966 1195 1048 1222 Δαδὶδ
1073 1195 1142 1221 κατὰ
1169 1195 1269 1229 σάρκα,
1285 1195 1319 1222 τὰ
1342 1195 1431 1221 τοιάδε
1459 1195 1559 1230 φησίν·
1579 1195 1704 1221 ἀνωδίνει
1729 1195 1758 1221 δὲ

965 1241 1076 1274 αὐτοὺς,
1088 1241 1121 1267 ἵν’
1131 1241 1326 1276 ὲγχαρὰττοιτό
1338 1249 1397 1272 πως
1409 1240 1511 1273 αὐτοῖς,
1522 1241 1569 1268 καὶ
1578 1242 1760 1276 διαμορφοϊτο

966 1287 1037 1314 κατὰ
1052 1286 1141 1322 σάρκα
1153 1286 1268 1321 Χριστός
1279 1295 1286 1319 ;
1303 1286 1399 1313 Καίτοι
1415 1286 1472 1317 πῶς
1482 1287 1531 1321 οὐχ
1543 1286 1615 1318 ἅπας
1624 1296 1668 1318 τις
1679 1285 1758 1322 οἶμαι

966 1334 1014 1360 καὶ
1026 1333 1220 1368 ἀναμφιλόγως
1231 1333 1299 1368 ὲρεῖ,
1311 1332 1489 1368 συμμόρφους
1499 1332 1623 1367 ἀλλήλοις
1634 1332 1759 1363 ἅπαντας

967 1377 1036 1406 εἶναι
1049 1379 1111 1410 τοὺς
1126 1379 1171 1404 ἐπὶ
1186 1379 1235 1413 τῆς
1247 1378 1308 1413 γῆς.
1317 1379 1364 1404 καὶ
1378 1377 1452 1411 αὐτῷ
1464 1378 1492 1404 δὲ
1503 1378 1542 1412 τῷ
1554 1377 1674 1413 Χριστῷ,
1690 1377 1759 1403 καθὸ

967 1427 1067 1452 νοεῖται
1083 1425 1144 1452 καθ’
1156 1425 1229 1459 ἡμᾶς
1246 1423 1398 1458 ἄνθρωπος,
1416 1423 1557 1458 ἄνθρωπός
1582 1423 1636 1459 [ισ.
1651 1423 1756 1458 παρέλ-

968 1471 1022 1507 κει]
1040 1480 1068 1498 τε
1083 1471 1131 1497 καὶ
1149 1470 1207 1505 μεθ’
1225 1469 1319 1504 ipf-3v;
1343 1469 1410 1496 Ποία
1425 1469 1457 1504 δὴ
1481 1467 1526 1496 οὗν
1541 1470 1569 1495 ὲν
1586 1469 1702 1500 ἐκείνοις
1715 1469 1758 1501 ἑξ-

968 1519 1058 1553 ῃτεῖτο
1079 1517 1218 1551 μόρφωσις
1232 1516 1249 1550 ὴ
1265 1515 1333 1550 πρός
1348 1523 1379 1549 γε
1394 1515 1526 1550 Χριστόν;
1541 1514 1556 1550 ἥ
1579 1513 1639 1540 τινα
1657 1514 1759 1549 τρόπον

969 1563 1049 1598 ἡμεῖς
1070 1562 1123 1588 ἀπὸ
1146 1562 1224 1597 δόξης
1238 1562 1278 1593 εἰς
1290 1561 1369 1592 δόξαν
1388 1560 1654 1596 μεταμορφούμεθα;
1674 1559 1759 1586 Ποίαν

969 1609 1084 1642 ἀφέντες
1100 1608 1218 1643 μορφὴν,
1236 1607 1275 1638 εἰς
1296 1607 1356 1633 τίνα
1376 1605 1670 1641 μεταστοιχειοὺμεθα;
1688 1605 1758 1631 Οὐκ-

968 1655 1016 1682 οῦν
1030 1654 1180 1681 διδασκέτω
1198 1653 1341 1689 παρελθῶν
1360 1654 1374 1679 ὁ
1391 1653 1463 1684 θεῖος
1481 1654 1553 1688 ἡμᾶς
1567 1651 1758 1687 μυσταγωγὸς.

968 1702 982 1728 ὁ
996 1700 1050 1727 τῶν
1067 1701 1147 1727 θείων
1162 1701 1318 1736 μυστηρίων
1334 1700 1490 1735 ἰερουργός·
1508 1700 1522 1726 ὁ
1534 1698 1692 1729 διδάσκαλος
1704 1697 1759 1724 τῶν

968 1746 1053 1773 ἐθνῶν
1067 1747 1095 1772 ὲν
1106 1746 1196 1773 πίστει
1211 1747 1258 1773 καὶ
1273 1745 1387 1781 ἀληθείᾳ
1398 1753 1404 1760 ·
1425 1755 1433 1770 ι
1449 1744 1502 1776 Οὓς
1517 1744 1571 1778 γὰρ
1585 1744 1665 1778 ἔγνω,
1677 1743 1756 1777 φησὶ,

969 1793 1016 1820 καὶ
1032 1792 1167 1828 προώρισε
1186 1793 1362 1828 συμμόρφους
1381 1791 1431 1826 τῆς
1449 1791 1552 1822 εἰκόνος
1565 1790 1611 1817 τοῦ
1627 1789 1693 1816 Υἰοῦ
1708 1790 1756 1815 αὺ-

967 1838 1025 1869 τοῦ,
1041 1838 1148 1870 τούτους
1172 1839 1219 1864 καὶ
1242 1838 1379 1865 ἐκάλεσεν,
1395 1847 1404 1863 ι
1423 1836 1537 1868 Οὐκοῦν,
1551 1836 1589 1867 ὡς
1613 1835 1682 1870 ἐῳην
1708 1836 1758 1871 ἀρ-

967 1884 1043 1915 τίως,
1057 1883 1124 1910 καθὸ
1140 1884 1250 1917 γέγονεν
1263 1883 1414 1918 ἄνθρωπος,
1431 1883 1477 1909 καὶ
1492 1880 1525 1918 ἧν
1542 1882 1573 1908 ὲκ
1598 1883 1758 1916 σπέρματος

975 1929 1109 1965 Ἀϐραὰμ,
1125 1930 1280 1965 σύμμορφοι
1296 1929 1395 1961 πάντες
1407 1929 1490 1964 ἐσμὲν
1504 1929 1577 1963 αὑτῷ
1587 1938 1594 1944 ·
1610 1928 1714 1959 πάντας
1725 1928 1757 1962 δὴ

967 1973 1013 2002 οὖν
1036 1975 1163 2011 [ῑσ.οὒς]
1186 1975 1235 2001 καὶ
1257 1975 1381 2010 προέγνω
1403 1974 1467 2006 τοὺς
1488 1975 1534 2000 ἐπὶ
1557 1974 1608 2009 τῆς
1624 1974 1686 2009 γῆς,
1711 1975 1758 2000 καὶ

968 2019 1120 2056 προώρισεν
1134 2021 1148 2046 ό
1168 2021 1272 2056 Πατὴρ.
1290 2021 1402 2053 τούτους
1419 2020 1571 2055 κεκληκὼς,
1589 2021 1686 2055 ἡγίασε
1710 2020 1757 2046 καὶ

967 2067 1101 2100 ἐδόξασεν.
1110 2066 1191 2092 Ἀλλὰ
1204 2067 1257 2102 μὴν
1271 2067 1318 2102 οὐχ
1331 2067 1450 2098 ἅπαντες
1464 2066 1690 2102 προωρίσθησαν·
1705 2066 1754 2100 οὐχ

967 2113 1086 2144 ἅπαντες
1101 2113 1284 2148 ἡγιάσθησαν,
1301 2113 1317 2148 ἣ
1336 2112 1519 2148 ἐδοξάσθησαν
1530 2121 1536 2128 ·
1554 2113 1604 2138 οὑκ
1629 2112 1681 2146 ἄρα
1706 2112 1757 2146 τῆς

967 2159 1035 2194 πρὸς
1052 2159 1114 2186 Υἰὺν
1136 2159 1310 2194 συμμορφίας
1333 2159 1363 2185 τὸ
1389 2160 1492 2194 χρῆμα,
1511 2158 1581 2184 κατὰ
1611 2158 1696 2192 μόνην
1724 2157 1757 2184 ἂν

967 2207 1052 2232 νοοῖτο
1067 2205 1114 2240 τὴν
1130 2205 1178 2239 τῆς
1195 2204 1295 2239 σαρκὸς
1311 2204 1402 2238 φύσιν,
1420 2205 1503 2238 ἤγουν
1514 2205 1563 2238 τῆς
1579 2203 1757 2238 ἀνθρωπὸτη-

966 2259 1021 2282 τος,
1038 2250 1105 2277 ἀλλὰ
1130 2250 1177 2276 καὶ
1202 2250 1262 2276 καθ’
1278 2250 1372 2284 ἕτερον
1391 2250 1503 2286 τρόπον’
1530 2250 1576 2276 καὶ
1598 2249 1677 2275 τοῦτο
1690 2250 1757 2284 ἡμῖν

967 2297 1116 2332 παρίστησι
1129 2297 1215 2330 λέγων
1230 2298 1243 2323 ὁ
1260 2297 1394 2331 μακάριος
1416 2296 1520 2326 Παῦλος
1531 2304 1538 2310 ·
1565 2306 1574 2320 ι
1586 2296 1642 2322 Καὶ
1665 2295 1758 2327 καθὼς

967 2341 1137 2376 ἐφορὲσαμεν
1148 2342 1197 2377 τὴν
1209 2341 1300 2367 εἰκόνα
1311 2340 1358 2367 τοῦ
1371 2341 1474 2375 χοϊκοῦ.
1485 2340 1635 2376 φορέσομεν
1649 2341 1697 2366 καὶ
1707 2341 1757 2375 τὴν

966 2387 1058 2414 εἰκόνα
1082 2387 1128 2413 τοῦ
1146 2387 1319 2422 ἐπουρανίου.
1337 2396 1344 2412 ι
1362 2386 1461 2413 Χοῖκοῦ
1481 2386 1530 2421 μὲν
1544 2386 1631 2419 λέγων
1652 2387 1755 2416 εἰκόνα,

966 2433 1015 2467 τὴν
1030 2432 1076 2458 τοῦ
1097 2431 1268 2466 προπάτορος
1287 2431 1388 2466 “Λδάμ·
1405 2431 1566 2466 ἐπουρανίου
1584 2439 1614 2464 γε
1630 2430 1694 2466 μὴν,
1708 2430 1758 2465 τὴν

965 2479 1012 2506 τοῦ
1028 2477 1156 2513 Χριστοῦ.
1172 2477 1219 2508 Τίς
1235 2475 1282 2504 οὖν
1297 2477 1391 2512 πρώτη
1407 2477 1454 2504 τοῦ
1471 2477 1642 2512 προπάτορος
1656 2476 1756 2508 εἰκών;

966 2525 996 2551 τὸ
1009 2524 1168 2558 εὐπόριστον
1180 2525 1219 2555 εἰς
1232 2523 1382 2558 ἁμαρτίαν.
1396 2523 1426 2549 τὸ
1437 2522 1489 2549 ὑπὸ
1501 2522 1614 2549 θάνατον
1629 2522 1757 2555 γενέσθαι

968 2570 1014 2596 καὶ
1028 2569 1140 2604 φθοράν.
1155 2569 1222 2595 Ποία
1232 2569 1259 2595 δὲ
1274 2569 1354 2595 πάλιν
1369 2569 1386 2602 ή
1397 2568 1443 2594 τοῦ
1456 2567 1636 2602 ἑπουρανίου;
1650 2567 1681 2593 τὸ
1692 2568 1758 2593 κατ’

967 2616 1062 2642 οὐδένα
1076 2615 1174 2650 τρόπον
1188 2614 1318 2649 ἡττᾶσθαι
1331 2613 1424 2640 παθῶν
1434 2622 1440 2629 '
1453 2613 1483 2640 τὸ
1504 2613 1542 2648 μὴ
1553 2612 1651 2639 εἰδέναι
1664 2613 1758 2647 πλημ-

161 2707 182 2722 ¹⁶
201 2706 266 2734 Ibid.
281 2707 324 2735 l9.
363 2708 383 2723 "’
400 2707 420 2734 II
437 2708 498 2735 Cor.
515 2716 555 2739 Ill,
572 2708 672 2737 17.18.
712 2708 733 2722 ⁸⁸
748 2707 825 2732 Rom.
840 2714 898 2738 vm,

494 2728 498 2734 .
515 2716 555 2739 Ill,
572 2708 672 2737 17.18.
712 2708 733 2722 ⁸⁸
748 2707 825 2732 Rom.
840 2714 898 2738 vm,
910 2705 954 2732 29.
995 2706 1016 2721 ¹⁹
1031 2705 1039 2731 1
1055 2706 1117 2732 Cor.
1136 2713 1179 2734 κν,
1194 2705 1237 2732 49.

756 2783 834 2811 ΑΝΤ.
856 2783 990 2810 ACELLH
1013 2782 1125 2810 ΝΟΤΈ.

163 2851 218 2886 (9.0)
231 2851 315 2880 Codd.
333 2853 387 2879 fere
399 2852 482 2879 Graeci
498 2853 562 2879 Novi
576 2852 738 2880 Testamenti
751 2853 860 2880 habent.
870 2852 918 2886 τὴν

129 2885 215 2920 αὐτὴν
227 2887 318 2914 εἰκόνα
335 2888 592 2923 μεταμορφούμεθα,
609 2896 661 2921 quo
675 2887 753 2914 modo
770 2888 848 2914 habet
865 2885 915 2913 La-

973 2851 1027 2877 tinn
1052 2850 1250 2885 interpretatio,
1277 2850 1303 2876 in
1319 2850 1436 2876 eamdem
1462 2849 1601 2884 imaginrm
1625 2849 1758 2882 transfor-

971 2895 1010 2912 ma
1017 2895 1036 2911 lii
1043 2894 1081 2911 ΗΓ.
