1883 3054
113 140 162 167 ίὲξ)

669 137 850 165 ADVERSUS
872 137 1071 164 MCSTORIUM
1093 137 1156 164 LIB.
1179 137 1223 165 Ill.

1701 137 1752 164 130

113 200 222 235 μελάνο
251 199 282 225 τὸ
309 198 348 234 μὴ
374 199 533 225 ὑποκεῖσθαι
559 199 665 233 θανάτῳ
691 199 738 225 καὶ
761 198 850 233 φθορᾷ

1028 198 1148 233 justitia,
1163 204 1190 225 et
1215 198 1257 224 his
1273 197 1362 224 allinia
1386 202 1467 232 atque
1491 197 1601 224 similia.
1620 197 1672 224 Sed
1696 199 1751 224 haec

113 244 259 279 ἁγιασμὸς,
281 244 297 278 ἡ
311 243 469 278 δικαιοσύνη
483 251 489 258 ’
507 244 553 270 καὶ
569 244 619 270 ὅσα
633 243 738 275 τούτοις
752 243 856 276 ἀδελφά
876 251 905 268 τε

112 292 156 316 καὶ
171 290 364 325 παραπλήσια.
374 289 454 321 Ἀλλ’,
469 288 641 324 οἷμαι,ταντ“ι
654 289 792 325 πρέποιᾶν
800 291 833 324 τῇ
848 289 906 323 θείᾳ

113 347 140 364 τε
165 338 212 363 καὶ
228 337 365 372 ἀκηράτῳ
380 335 576 370 διακεκτῆσθαι
594 335 684 370 φύσει.
705 336 836 369 Κρεῖττον
851 335 906 370 γάρ

113 383 228 410 ἐστικαὶ
244 383 384 418 ἁμαρτίας
400 382 446 408 καὶ
461 381 574 416 φθορᾶς,
591 380 727 415 ἁγιασμὸς
742 381 789 407 καὶ
802 380 905 406 δικαιο-

114 428 344 464 οὐνη.“Δναφὲρει
363 427 391 454 δὲ
417 427 463 454 καὶ
487 427 560 461 ἡμᾶς
580 427 609 453 ὲν
626 426 732 457 τούτοις
754 426 768 451 ὁ
789 425 821 451 ὲκ
838 425 906 452 Θεοῦ

114 475 217 510 lla:qu
232 475 331 508 Λόγος,
349 475 399 509 τῆς
422 474 496 505 θείας
521 472 618 500 ἑαυτοῦ
634 473 742 507 φύσεως
762 474 907 504 κοινωνοὺς

113 521 270 555 ἀποφαίνων
282 520 326 547 διὰ
343 519 390 546 τοῦ
408 519 562 554 πνεύματος
574 527 581 534 ⁶
600 519 657 553 ἕχει
671 519 762 545 τοίνυν
776 518 906 552 ἀδελφοὺς

113 567 233 596 ἐοικότας
251 565 340 601 αὐτῷ,
356 565 465 600 καὶτῆς
477 564 552 596 θείας
567 565 649 591 αὑτοῦ
671 565 779 599 φύσεως
794 564 906 599 φοροῦν-

113 621 158 644 τας
170 612 277 645 εἰκόνα,
294 612 368 638 κατά
385 620 417 646 γε
431 612 477 637 τὸν
494 611 540 637 τοῦ
557 611 689 645 ἡγιάσθαι
701 611 802 646 τρόπον
813 619 820 626 ·
837 611 907 637 οὓτω

113 658 163 692 γὰρ
187 658 217 683 ὲν
242 658 312 692 ἡμῖν
332 656 486 692 μορφοῦται
503 654 618 692 Χριστὸς
642 655 907 691 μεταστοιχειοῦντος

112 704 202 738 ὥσπερ
224 704 302 738 ἡμᾶς
319 702 364 729 τοῦ
380 703 460 736 ἁγίου
476 702 634 737 Πνεύματος
648 703 679 728 ὲκ
699 701 753 727 τῶν
768 701 907 736 ἀνθρωπί-

113 759 162 774 νων
177 751 217 780 si;
231 750 266 775 τὰ
281 749 380 775 αὑτοῦ.
397 748 488 783 Ταύτῃ
502 757 542 774 τοι
557 749 604 774 καὶ
618 748 686 783 πρὸς
699 749 772 782 ἡμᾶς
791 748 804 773 ὁ
819 747 908 782 μακά-

116 803 168 830 ριος
185 794 238 829 ἔφη
258 794 368 825 Παῦλος
381 803 388 809 ·
418 794 532 829 (Ὑμεῖς
544 794 583 826 δὲ,
601 793 652 820 οὐκ
674 793 736 819 ἐστὲ
760 794 789 819 ἐν
815 793 906 827 σαρκὶ,

115 841 167 867 ἀλλ’
181 841 211 867 ἐν
238 840 388 875 πνεύματι.
407 849 416 864 ι
436 838 541 866 Οὐκοῦν
569 839 711 874 μεθίστησι
735 839 784 874 μὲν
807 840 821 865 ὁ
845 839 907 870 Tib;

113 886 184 912 οὐδὲν
199 885 368 920 τοπαράπαν
384 884 439 911 τῶν
451 885 643 919 πεποιημένων
659 885 699 915 είς
714 884 763 919 τὴν
776 884 824 918 τῆς
840 884 906 914 ἰδίας

115 931 236 966 θεότητος
249 931 334 965 φύσιν
345 940 351 946 ·
365 931 506 966 ἀμήχανον
517 930 570 965 γάρ
581 938 588 945 ·
601 929 793 965 ἐνσημαίνεται
807 929 836 956 δέ
849 938 906 960 πως

114 978 165 1008 τοῖς
181 976 230 1011 τῆς
246 976 324 1009 θείας
339 976 447 1011 φύσεως
462 976 544 1003 αὐτοῦ
559 976 682 1009 γεγονόσι
696 976 844 1006 κοινωνοῖς,
863 974 906 1000 διὰ

115 1023 158 1049 τοῦ
173 1024 321 1058 μετασχεῖν
337 1024 415 1057 ἁγίου
430 1022 498 1049 IIde
505 1030 598 1057 ματος.
613 1023 630 1056 ἡ
646 1021 713 1056 πρὸς
726 1021 806 1047 αὐτὸν
823 1021 907 1056 ὲμιρὲ-

116 1078 171 1104 ρεια
181 1069 277 1105 νοητὴ,
289 1071 337 1095 καὶ
348 1069 379 1095 τὸ
392 1070 440 1104 τῆς
451 1069 570 1103 ἀρρήτου
587 1067 713 1102 θεότητος
727 1067 836 1098 κάλλος,
846 1068 907 1097 ταῖς

115 1115 165 1141 τῶν
189 1115 276 1148 ἁγίων
305 1114 488 1149 ὲναστρὰπτει
511 1113 626 1148 ψυχαῖςι
655 1112 680 1138 τί
706 1112 794 1138 τοίνυν
819 1113 904 1147 ἡμῖν,

115 1162 216 1196 Τδμνήν
228 1169 258 1186 τε
274 1161 321 1187 καὶ
339 1160 424 1195 μόνην
440 1159 488 1193 τῆς
503 1158 603 1194 σαρκὸς
615 1158 664 1193 τὴν
678 1157 828 1193 ἐμφέρειαν
841 1158 907 1183 ἁπο-

116 1209 211 1243 νέμων,
225 1207 277 1234 οὐκ
292 1206 432 1241 ἐρυθριᾷς,
447 1205 495 1240 τῆς
517 1204 591 1235 θείας
611 1212 643 1230 τε
665 1203 713 1229 καὶ
727 1203 824 1238 νοητῆς
839 1211 906 1238 μορ-

116 1252 224 1286 φώσεως
239 1249 452 1285 κατημεληκὼς,
470 1248 570 1284 μᾶλλον
588 1248 615 1274 δὲ
629 1249 675 1274 καὶ
692 1248 808 1274 εἰσάπαν
821 1249 906 1282 αὐτὴν

115 1297 243 1332 ἁναιρῶνς
266 1296 339 1322 ἈΠ’
356 1296 371 1322 ὁ
387 1295 435 1330 μὲν
451 1294 504 1320 τῶν
516 1294 585 1320 ὅλων
601 1293 703 1330 Κύριος
716 1295 762 1320 καὶ
777 1294 843 1325 Θεὸς
859 1303 906 1329 μο-

116 1342 231 1377 νογενὴς,
254 1341 377 1376 καθῆκεν
400 1340 495 1367 ἑαυτὸν
518 1340 558 1370 είς
582 1339 696 1366 κένωσιν
718 1339 751 1365 δι’
765 1340 848 1375 ἡμᾶς,
865 1341 906 1366 ἵνα

113 1390 175 1424 ἡμῖν
185 1387 337 1422 χαρίσηται
347 1387 397 1421 τῆς
409 1386 476 1420 πρὸς
487 1385 570 1411 αὑτὸν
584 1385 764 1420 ἀδελφότητος
776 1385 805 1411 τὸ
823 1386 905 1418 ἀξίω-

118 1443 161 1469 μα,
177 1434 225 1460 καὶ
243 1432 295 1468 τῆς
313 1433 427 1466 ἐνούσης
448 1430 522 1466 αὐτῷ
545 1431 684 1465 εὐγενείας
700 1432 730 1458 τὸ
745 1430 905 1467 ἀξιέραστον

116 1480 222 1511 καλλος·
245 1480 259 1505 ὁ
274 1480 303 1506 δὲ
322 1478 449 1505 ἁπάντων
465 1478 538 1512 ἡμᾶς
550 1477 603 1503 τῶν
621 1477 770 1504 καλλίστων
791 1480 905 1505 ἀποστε-

118 1526 176 1561 ρῶν,
187 1525 336 1560 ἄνθρωπον
347 1524 413 1559 ἡμῖν
424 1522 517 1554 ἁπλῶς
527 1522 640 1556 ἀδελφὸν
651 1522 815 1557 γεγενῆσθαί
827 1532 903 1558 φησι,

116 1573 159 1598 καὶ
172 1571 268 1597 πιστὸν
291 1570 332 1601 ὡς
355 1569 451 1601 οἴεται,
465 1569 511 1595 τὸν
533 1567 561 1594 ἓν
584 1577 615 1602 γε
632 1568 737 1600 τούτοις
753 1569 819 1604 ἡμῖν
836 1569 904 1595 ἀπο-

117 1618 201 1652 φαίνει
215 1617 297 1650 λόγον
310 1616 482 1652 προστιθείς·
496 1615 595 1642 Σκόπει
605 1615 652 1641 καὶ
663 1615 692 1641 τὸ
706 1615 811 1647 τούτοις
825 1615 906 1647 εὐθὺς

117 1663 328 1698 συναπτόμενον,
357 1662 432 1688 «Ίνα
451 1661 575 1696 ἐλεήμων
602 1661 712 1696 γένηται
737 1661 784 1688 καὶ
811 1661 907 1692 πιστὸς

122 1710 275 1744 ’Λρχιερεὺς
296 1707 332 1734 τὰ
354 1707 423 1743 πρὸς
438 1707 483 1733 τὸν
499 1707 580 1733 Θεὸν·
604 1708 633 1733 ἐν
651 1704 673 1740 ᾧ
694 1707 749 1742 γὰρ
773 1707 907 1734 πέπονθεν

116 1757 191 1787 αὐτὸς
203 1754 376 1791 πειρασθεὶς,
394 1754 506 1781 δύναται
517 1755 574 1785 τοῖς
588 1753 795 1789 πειραζομένοις
808 1754 906 1789 βοηθῆ-

118 1811 168 1829 σαι.
184 1812 192 1826 ι
211 1801 319 1828 Οὐκοῦν
331 1801 345 1827 ὁ
359 1800 452 1827 παθὼν
468 1800 613 1836 ἀρχιερεὺς
631 1800 770 1835 ἐλεήμων
785 1800 905 1834 παθητὸς

116 1849 142 1874 δὲ
156 1849 169 1875 ὁ
183 1847 258 1880 ναὸς,
273 1847 325 1882 οὐχ
344 1847 358 1872 ὁ
375 1846 505 1878 ζωοποιὸς
520 1846 566 1872 τοῦ
583 1846 748 1878 πεπονθότος
761 1845 905 1877 Θεός.”οτι

119 1895 164 1930 μὲν
175 1893 221 1922 οὖν
233 1891 286 1921 ὦδὲ
299 1903 330 1921 τε
348 1896 458 1930 φρονεῖν
469 1894 618 1930 ᾑρημένος,
630 1895 677 1921 καὶ
690 1894 743 1930 μὴν
756 1895 804 1921 καὶ
816 1894 906 1928 λέγειν

117 1941 285 1976 ἁποτολμῶν,
302 1940 490 1974 ἁποδιῖστησιν
515 1939 596 1966 πάλιν
620 1940 659 1971 εἷς
688 1948 718 1966 τε
743 1940 907 1971 ὑποστάσεις

119 1987 211 2019 ίδικὰς,
226 1987 274 2013 καὶ
291 1988 347 2022 μὴν
367 1986 414 2012 καὶ
436 1986 568 2021 πρόσωπα
591 1984 647 2017 δύο,
664 1986 710 2011 τόν
733 1994 761 2011 τε
784 1986 816 2011 ὲκ
839 1985 906 2011 Θεοῦ

120 2033 220 2068 [ἰατρὸς
232 2033 331 2066 Λόγον,
348 2033 395 2058 καὶ
406 2031 435 2058 ὃν
444 2033 509 2067 ἡμίν
521 2031 602 2063 αὐτὸς
616 2032 716 2066 ἀρτίως
727 2031 765 2062 ὡς
780 2031 906 2066 θεοφόρον

120 2079 287 2114 είσκεκόμικε
301 2078 455 2114 ἄνθρωπον,
467 2078 546 2112 εἴπερ
558 2078 634 2104 ἐστὶν
646 2078 738 2113 ἕτερός
754 2086 782 2104 τε
798 2078 845 2103 καὶ
855 2077 906 2103 ἀνὰ

121 2125 198 2160 μέρος
213 2126 227 2152 ό
246 2124 355 2157 παθὼν,
371 2125 418 2151 καὶ
436 2123 529 2158 ἕτερος
551 2125 566 2150 ὁ
591 2123 732 2155 ζωοποιὺς,
756 2123 906 2150 ὲνδοιάσειν

121 2167 192 2205 οἶμαι
214 2164 357 2201 παντελῶς
373 2169 648 2204 οὐδένα.1]αραπαίει
669 2169 698 2195 δὲ
721 2169 767 2195 καὶ
792 2169 904 2204 ἑτέρως,

121 2215 163 2241 τὸν
176 2214 207 2247 ἐξ
217 2214 344 2250 ἀμπέλου
358 2213 483 2249 Σοδόμων
497 2211 568 2241 οἶνον
589 2213 769 2245 ἐκπεπωκὼς,
785 2215 832 2240 καὶ
856 2222 905 2241 κα-

121 2261 258 2297 ταμεθύων
274 2259 308 2298 τῇ
329 2261 428 2297 πλάνῃ,
444 2261 492 2288 καὶ
507 2261 578 2296 τάχα
594 2269 646 2287 που
662 2260 728 2296 μηδὲ
744 2260 822 2292 εἰδὼς
835 2261 848 2287 ὃ
863 2261 903 2286 λέ‹

121 2315 160 2340 γει
170 2316 176 2322 ·
193 2307 244 2334 ποῦ
257 2308 312 2343 γὰρ
327 2306 485 2342 ὠνόμασται
499 2307 563 2339 Θεδς
579 2306 626 2332 τοῦ
641 2306 770 2341 Χριστοῦ,
787 2307 906 2333 καταπέ-

121 2361 201 2388 φρικα
215 2353 243 2379 δὲ
256 2353 355 2387 λέγων,
371 2354 385 2379 ὁ
401 2354 432 2379 ἐκ
453 2352 522 2379 Θεοῦ
539 2353 644 2387 Πατρὸς
662 2353 745 2386 Λόγοι
758 2361 765 2384 ;
791 2350 837 2382 Εἷς
851 2352 905 2388 γὰρ

123 2400 217 2434 Κύριος
233 2398 338 2434 Ἰησοῦς
352 2398 481 2434 Χριστὸς,
493 2398 540 2425 καὶ
557 2399 606 2433 μία
620 2399 710 2430 πίστις
720 2400 736 2433 ὴ
751 2399 790 2430 si;
804 2399 885 2425 αὐτόν
895 2407 902 2413 ·

121 2444 166 2478 οὐκ
175 2444 211 2475 ὡς
226 2444 266 2474 εἰς
277 2442 325 2469 δύο
338 2445 387 2470 καὶ
396 2443 448 2469 ἀνὰ
460 2443 553 2478 μέρος,
567 2443 624 2469 ἀλλ’
637 2444 675 2474 ὼς
686 2444 720 2469 δι’
732 2443 790 2475 ἑνὸς
809 2443 905 2478 βαπτί-

125 2497 229 2524 σματος,
245 2489 286 2521 είς
304 2489 367 2515 Υίδν
391 2489 439 2515 ἕνα
463 2489 511 2515 καὶ
536 2489 602 2515 Θεὸν
625 2490 672 2515 καὶ
689 2489 790 2525 Κύριον
812 2489 857 2515 τὸν
873 2489 905 2515 ὲκ

122 2534 185 2561 Θεοῦ
209 2535 315 2570 Πατρὸς
337 2535 435 2568 Λόγον,
451 2535 498 2561 καὶ
512 2535 557 2561 ὅτε
572 2534 682 2569 γέγονεν
698 2535 840 2570 ἄνθρωπος
850 2543 856 2548 ·
874 2535 904 2561 οὐ

124 2581 173 2617 γὰρ
193 2581 234 2608 δτι
254 2582 349 2615 γέγονε
371 2580 433 2607 καθ’
447 2581 531 2616 ἡμᾶς,
546 2581 577 2607 τὸ
600 2579 670 2608 εἶναι
691 2581 757 2612 Θεὸς
778 2581 904 2607 ἀπολέσει

123 2626 215 2653 ποθέν
231 2626 293 2654 οὒτε
310 2627 363 2662 μὴν
377 2628 419 2653 ὅτι
431 2626 496 2658 Θεὸς
519 2626 589 2653 κατὰ
610 2626 691 2660 φύσιν
706 2627 792 2658 ἐστὶν,
808 2627 906 2661 ὁμοίω-

126 2680 165 2698 σιν
178 2672 365 2708 ἁπαράδεκτον
383 2672 450 2707 ἔχει,
467 2672 514 2698 καὶ
538 2672 569 2698 τὸ
593 2671 736 2706 ἄνθρωπος
751 2669 821 2698 εἶναι
836 2680 907 2707 παρ-

125 2718 277 2753 αιτήσεται·
312 2717 452 2753 μεμένηκε
475 2717 521 2749 δὲ,
545 2714 640 2753 ὥσπερ
663 2718 692 2743 ὲν
718 2717 906 2752 ἀνθρωπότητι

127 2763 195 2796 Θεὸς,
210 2764 281 2790 οὓτω
292 2763 337 2790 καὶ
351 2764 381 2789 ὲν
396 2762 475 2796 φύσει
488 2771 517 2789 τε
531 2763 578 2790 καὶ
592 2763 712 2799 ὑπεροχῇ
723 2762 848 2797 θεότητος
858 2762 906 2796 ὢν,

959 250 1017 269 utea
1034 242 1168 269 sententia
1186 241 1336 276 possidere,
1357 241 1454 268 divinae
1470 242 1595 268 convenit
1613 241 1753 268 immorta-

959 287 1031 321 lique
1050 292 1152 314 natura}
1174 295 1182 314 :
1203 292 1244 314 est
1255 287 1328 313 enim
1347 286 1390 313 illa
1419 291 1529 322 peccato
1553 291 1636 320 atque
1657 294 1752 312 corru-

958 335 1049 367 ptione
1062 334 1195 368 superior,
1208 333 1388 361 sanctificatio
1401 333 1466 360 item
1478 332 1629 366 etjustitia.
1642 333 1682 359 Ad
1695 333 1753 359 ha-c

958 385 1048 406 autem
1081 388 1131 407 nos
1165 380 1218 414 72
1245 380 1326 406 etiam
1349 379 1449 406 attollit
1481 378 1569 412 ipsum
1595 377 1643 405 Dei
1666 377 1754 406 Patris

959 424 1086 457 Verbum,
1101 426 1163 451 dum
1180 433 1234 452 sum
1249 425 1348 452 tlivinte
1367 431 1470 452 natura:
1484 433 1532 460 per
1545 424 1670 459 spiritum
1689 431 1753 459 par-

960 471 1058 505 ticipes
1077 470 1159 498 efﬁcit
1178 479 1184 497 :
1209 471 1290 497 habet
1306 478 1371 505 ergo
1393 470 1492 497 fratres
1514 470 1564 498 sibi
1588 469 1702 503 similes,
1725 474 1754 497 et

957 517 1054 543 divinae
1077 525 1133 544 sua:
1158 522 1259 544 natura:
1282 523 1424 552 portantes
1447 517 1603 552 imaginem,
1630 518 1701 551 quod
1719 518 1752 543 ad

957 563 1181 590 sanctificationis
1197 564 1305 590 modum
1315 563 1423 590 attinet.
1441 562 1486 591 Sic
1499 570 1615 597 namque
1629 563 1753 590 Christus

959 609 1091 636 formatur
1107 610 1132 636 in
1150 609 1227 636 nobis
1243 609 1306 636 dum
1324 609 1444 643 Spiritus
1462 614 1574 636 sanctus
1590 617 1639 636 nos
1654 610 1688 636 ab
1701 609 1735 636 hu
1746 624 1753 629 -

958 655 1045 682 manis
1068 656 1102 681 ad
1127 663 1174 681 sua
1198 655 1306 689 propria
1333 654 1531 689 quodammodo
1566 654 1750 682 transformat.

958 700 1014 727 Hac
1027 701 1132 727 ratione
1146 708 1193 727 nos
1208 708 1316 734 quoque
1329 701 1424 727 beatus
1435 699 1536 727 Paulus
1545 705 1586 729 est
1600 700 1751 727 allocutus:

961 757 970 772 ι
991 746 1044 774 Vos
1059 752 1148 773 autent
1166 754 1217 773 non
1229 747 1297 773 estis
1312 746 1338 773 in
1354 754 1445 777 carne.
1469 747 1515 773 sed
1532 747 1557 773 in
1574 747 1669 781 spiritu
1687 747 1720 773 ’⁸.
1740 755 1750 771 ι

957 792 1030 820 Nihil
1046 800 1110 827 ergo
1122 800 1235 826 prorsus
1246 800 1261 819 e
1274 793 1375 820 creatis
1388 792 1469 820 rebus
1483 793 1516 819 ad
1533 800 1588 819 suae
1603 793 1752 820 divinitatis

958 843 1082 865 naturam
1103 837 1187 865 Filius
1204 837 1344 870 transfert,
1363 838 1389 865 id
1411 838 1483 865 enim
1501 843 1542 866 est
1565 839 1750 871 impossibile;

925 884 945 910 Β
959 882 1004 909 sed
1022 883 1187 917 imprimitur
1203 883 1401 916 quodammodo
1418 882 1444 909 in
1464 883 1506 909 his
1522 883 1568 918 qui
1583 883 1679 910 divina:
1693 883 1751 917 ejus

961 933 1063 954 natura:
1080 933 1144 955 sunt
1162 928 1223 955 facti
1243 929 1388 962 participes
1402 928 1435 960 ",
1453 929 1517 954 dum
1532 928 1649 963 Spiritus
1664 930 1750 956 sancti

959 978 1101 1000 consortes
1129 973 1208 1005 fiunt,
1236 973 1280 999 illa
1297 973 1427 1007 spiritalis
1450 973 1509 1007 ejus
1535 974 1696 1007 similitudo,
1724 979 1751 1001 et

957 1018 1102 1046 ineﬂ'abilis
1114 1019 1158 1046 illa
1173 1019 1328 1046 divinitatis
1342 1020 1446 1054 species
1462 1020 1488 1047 in
1507 1026 1663 1047 sanctorum
1680 1021 1752 1048 viro-

958 1072 1017 1091 rum
1033 1065 1131 1091 animis
1141 1064 1234 1099 fulget.
1250 1064 1304 1091 Cur
1321 1065 1403 1099 igitur
1418 1066 1516 1092 nudam
1535 1065 1614 1093 nobis
1625 1073 1655 1093 ac
1667 1066 1751 1094 solam

958 1111 1047 1137 carnis
1065 1110 1271 1138 similitudinem
1289 1111 1409 1138 tribuere
1431 1118 1484 1138 non
1500 1112 1648 1145 erubescis,
1662 1113 1751 1139 divina

958 1163 989 1183 ac
1012 1156 1125 1191 spiritali
1147 1156 1310 1192 efﬁgiatione
1341 1158 1475 1192 neglecta,
1507 1160 1562 1187 imo
1586 1167 1650 1186 vero
1669 1160 1750 1187 etiam

958 1204 1069 1230 omnino
1093 1203 1217 1230 sublata?
1244 1205 1332 1238 Atque
1356 1205 1401 1231 ille
1428 1205 1536 1239 quidem
1563 1206 1751 1234 universorum

958 1248 1089 1276 Dominus
1112 1253 1139 1276 et
1160 1248 1232 1276 Deus
1257 1250 1425 1285 unigenitus,
1448 1252 1622 1286 semetipsum
1645 1257 1753 1287 propter

959 1303 1007 1322 nos
1023 1296 1056 1321 ad
1073 1295 1286 1323 exinanitionem
1302 1296 1420 1329 demisit,
1434 1301 1463 1323 ut
1481 1297 1560 1324 nobis
1572 1297 1753 1326 fraternitatis

957 1349 1013 1368 sine
1034 1341 1206 1376 dignitatem,
1224 1346 1251 1369 et
1274 1341 1363 1369 insita:
1385 1343 1436 1370 sibi
1458 1343 1608 1370 nobilitatis
1622 1349 1753 1379 exoptan-

958 1388 1018 1415 dam
1038 1388 1267 1422 pulchritudinem
1288 1387 1434 1422 largiretur
1453 1397 1460 1415 τ
1480 1389 1525 1416 hic
1548 1396 1614 1416 vero
1626 1390 1753 1417 omnibus

957 1443 1006 1462 nos
1023 1435 1104 1461 rebus
1127 1434 1343 1468 praeclarissimis
1365 1435 1493 1469 spolians,
1517 1435 1655 1463 hominem
1677 1437 1753 1463 nobis

957 1480 1107 1514 simplicem
1124 1479 1223 1507 factum
1235 1487 1296 1507 esse
1311 1479 1423 1507 fratrem
1438 1480 1516 1514 dicit,
1530 1485 1557 1507 et
1567 1480 1618 1508 fide
1632 1481 1751 1516 dignam,

957 1531 986 1552 ut
1010 1527 1068 1560 ipse
1089 1529 1175 1559 putat,
1199 1525 1242 1552 his
1260 1525 1293 1552 de
1320 1526 1401 1553 rebus
1426 1526 1561 1553 rationem
1584 1528 1751 1560 pronuntiat,

957 1571 1057 1598 addens
1075 1580 1081 1598 τ
1101 1570 1169 1598 Vide
1182 1572 1263 1598 etiam
1277 1571 1348 1605 quod
1362 1571 1434 1598 illico
1448 1571 1490 1599 his
1508 1572 1674 1607 adjungitur.
1688 1583 1697 1598 ι
1713 1574 1747 1600 Ut

957 1617 1111 1645 misericors
1126 1617 1203 1644 fieret
1215 1622 1243 1644 et
1259 1617 1346 1644 fidelis
1358 1617 1482 1645 Pontifex
1500 1619 1533 1645 ad
1553 1619 1636 1646 Deum
1655 1628 1662 1646 :
1680 1619 1754 1646 ineo

956 1663 1028 1690 enim
1049 1664 1075 1690 in
1099 1670 1152 1697 quo
1177 1671 1273 1697 passus
1290 1667 1331 1691 est
1355 1664 1412 1699 ipse
1436 1668 1566 1697 tentatus,
1593 1670 1688 1699 potens
1710 1671 1753 1692 cst

956 1709 1032 1736 eteis
1041 1710 1086 1743 qui
1098 1713 1247 1742 tentantur,
1262 1710 1389 1737 auxiliari
1400 1711 1434 1737 ".
1449 1719 1459 1736 ι
1472 1709 1543 1746 Ergo
1559 1711 1581 1737 is
1595 1711 1640 1745 qui
1655 1719 1752 1746 passus

956 1760 1008 1788 est,
1035 1755 1161 1782 Pontifex
1185 1760 1226 1782 est
1251 1755 1295 1782 ille
1320 1756 1476 1784 misericors
1500 1756 1636 1790 :patibile
1661 1762 1750 1784 autem

957 1801 1045 1836 ipsum
1065 1800 1192 1835 templum
1219 1807 1272 1833 est,
1298 1809 1351 1828 nou
1375 1801 1447 1829 Deus
1471 1802 1515 1837 qui
1542 1801 1698 1830 vivificabat
1725 1803 1751 1829 id

957 1847 1028 1880 quod
1047 1847 1210 1881 patiebatur.
1229 1847 1314 1882 Igitur
1329 1848 1372 1874 cui
1389 1847 1429 1875 sic
1446 1848 1548 1875 sentire
1567 1848 1651 1875 libeat
1671 1854 1753 1883 atque

957 1893 1037 1920 etiam
1052 1893 1142 1920 dicere
1155 1893 1263 1923 audeat,
1279 1893 1343 1927 quin
1364 1901 1459 1920 rursus
1472 1894 1497 1920 in
1512 1893 1672 1929 hypostases
1687 1902 1752 1929 prn-

956 1939 1040 1972 prias.
1059 1943 1140 1973 atque
1155 1939 1237 1965 etiam
1250 1939 1276 1965 in
1289 1938 1357 1966 duas
1373 1947 1504 1973 personas
1520 1940 1622 1967 dividat
1638 1940 1701 1967 illud
1717 1948 1750 1968 es

957 1985 1012 2012 Deo
1029 1984 1109 2012 Patre
1126 1985 1256 2018 Verbum,
1272 1990 1299 2012 et
1322 1985 1395 2012 illum
1410 1993 1491 2019 quem
1513 1986 1591 2013 nobis
1606 1986 1706 2014 dudum
1724 1993 1752 2012 ιιι

957 2030 1087 2058 deiferum
1102 2030 1240 2057 hominem
1261 2031 1364 2058 induxit
1389 2031 1541 2067 (siquidem
1566 2033 1689 2060 diversus
1710 2038 1751 2060 est

958 2081 986 2102 et
999 2077 1141 2110 sejunctas
1157 2076 1181 2103 is
1203 2077 1247 2112 qui
1271 2084 1368 2111 passus
1378 2081 1430 2108 est,
1446 2077 1480 2104 ab
1492 2085 1524 2104 eo
1539 2078 1584 2112 qui
1602 2078 1750 2114 vivificat),

957 2122 1002 2156 qui
1020 2123 1138 2158 ambigat
1154 2123 1291 2149 neminem
1309 2131 1421 2158 prorsus
1437 2123 1495 2151 fore
1510 2124 1638 2151 arbitror.
1656 2124 1708 2152 Sed
1724 2131 1750 2151 et

957 2169 1009 2195 alia
1029 2175 1136 2204 quoque
1153 2169 1258 2196 ratione
1278 2169 1388 2200 insanit,
1411 2169 1507 2196 hausto
1521 2177 1555 2196 ex
1570 2170 1647 2197 vinea
1665 2170 1750 2198 Sodo-

920 2229 945 2258 D
958 2223 1062 2241 morum
1080 2215 1152 2246 vino,
1168 2221 1195 2241 et
1219 2215 1324 2241 erroris
1345 2215 1479 2242 ebrietate
1502 2216 1624 2248 madens,
1644 2223 1676 2243 ac
1694 2216 1751 2244 for-

959 2267 1030 2288 tasse
1052 2261 1117 2288 illud
1143 2261 1230 2296 ipsum
1252 2261 1323 2295 quod
1348 2260 1415 2287 dicit
1439 2261 1572 2288 nesciens.
1601 2261 1652 2289 Ubi
1676 2263 1751 2288 enim

958 2314 1076 2341 unquam
1095 2306 1198 2334 dictum
1214 2311 1266 2337 est.
1281 2305 1352 2333 Deus
1364 2306 1464 2333 Christi
1478 2306 1594 2341 (horreo
1610 2306 1750 2340 referens)

957 2352 1044 2385 ipsmn
1063 2351 1108 2378 Dei
1125 2351 1212 2378 Patris
1224 2351 1365 2379 Verbum?
1380 2350 1456 2378 Unus
1470 2357 1512 2379 est
1528 2353 1601 2378 enim
1619 2351 1751 2379 Dominus

955 2397 1034 2425 Iesus
1047 2397 1182 2430 Christus,
1201 2402 1229 2424 et
1243 2406 1295 2424 una
1310 2402 1351 2424 est
1366 2398 1392 2424 in
1410 2405 1471 2424 eum
1491 2397 1557 2424 fides
1571 2397 1605 2430 ",
1619 2405 1671 2424 non
1687 2403 1747 2425 tan-

958 2452 1038 2477 quam
1055 2444 1081 2470 in
1096 2444 1164 2471 duos
1177 2451 1209 2470 ac
1229 2451 1354 2475 seorsim,
1373 2443 1420 2470 sed
1445 2447 1573 2478 tanquam
1595 2451 1643 2478 per
1664 2451 1747 2470 unum

958 2490 1120 2522 baptismum
1143 2489 1169 2515 in
1192 2488 1245 2523 73
1264 2496 1346 2514 unum
1370 2488 1468 2515 Filium
1493 2494 1522 2516 et
1544 2490 1627 2516 Deum
1647 2495 1674 2517 et
1698 2491 1749 2517 Do-

959 2535 1073 2565 minam,
1097 2535 1184 2568 ipsum
1208 2542 1240 2561 ex
1265 2534 1319 2561 Deo
1342 2533 1422 2561 Patre
1447 2534 1581 2568 Verbum,
1605 2540 1660 2562 tum
1681 2544 1748 2570 quo-

958 2588 1011 2615 que
1028 2588 1089 2608 cum
1112 2581 1213 2607 factum
1237 2586 1279 2607 est
1297 2581 1400 2607 homo:
1418 2588 1506 2616 neque
1526 2582 1598 2609 enim
1619 2583 1682 2617 quia
1704 2591 1750 2609 nn-

958 2627 1006 2653 stri
1030 2626 1126 2653 similis
1154 2626 1244 2654 factus
1261 2631 1321 2658 est,
1348 2627 1456 2655 amittet
1480 2627 1534 2654 ullo
1564 2629 1645 2656 modo
1676 2630 1749 2663 quod

959 2671 1031 2698 Deus
1053 2677 1122 2704 erat,
1146 2679 1233 2706 neque
1251 2679 1283 2699 ex
1300 2680 1333 2699 eo
1356 2674 1427 2707 quod
1442 2673 1513 2700 Deus
1536 2679 1578 2700 est
1599 2676 1747 2701 secundum

961 2723 1085 2745 naturam
1112 2718 1315 2746 similitudinem
1339 2719 1412 2747 nullo
1436 2719 1517 2747 modo
1537 2720 1660 2754 suscipit,
1677 2725 1704 2747 et
1720 2725 1750 2747 ut

962 2765 1043 2791 homo
1069 2764 1104 2790 sit
1130 2763 1262 2798 refugiel;
1290 2764 1336 2793 sed
1366 2769 1395 2792 ut
1421 2765 1447 2792 in
1475 2766 1645 2793 humanitate
1676 2765 1751 2795 Deus

160 2853 182 2870 ”
197 2854 273 2881 Rom.
286 2862 346 2887 vm,
360 2854 388 2882 9.
427 2853 448 2868 "
467 2851 488 2880 ll
503 2851 580 2880 Pctr.
594 2861 613 2886 ι,
627 2852 653 2880 ι.
693 2853 714 2868 ”
733 2853 813 2881 Hebr.
829 2861 858 2887 ιι,
872 2853 903 2879 Π

503 2851 580 2880 Pctr.
594 2861 613 2886 ι,
627 2852 653 2880 ι.
693 2853 714 2868 ”
733 2853 813 2881 llebr.
829 2861 858 2887 ιι,
872 2853 970 2884 17,18.
1010 2852 1032 2868 ’³
1047 2852 1147 2885 Ephes.
1162 2860 1198 2886 ιν,
1211 2853 1238 2880 Ρὸ,
