  <div class='ocr_page' id='page_1' title='image "/cluster/home/n/w/nwhite01/storage/ocr_20150623/76/njp.32101007590019/083.png"; bbox 0 0 1883 3054; ppageno 0'>
   <div class='ocr_carea' id='block_1_1' title="bbox 127 152 176 181">
    <p class='ocr_par' dir='ltr' id='par_1_1' title="bbox 127 152 176 181">
     <span class='ocr_line' id='line_1_1' title="bbox 127 152 176 181; baseline 0.041 -2"><span class='ocrx_word' id='word_1_1' title='bbox 127 152 176 181; x_wconf 66' lang='grc' dir='ltr'><strong>ΙΞί</strong></span> 
     </span>
    </p>
   </div>
   <div class='ocr_carea' id='block_1_2' title="bbox 645 150 1269 180">
    <p class='ocr_par' dir='ltr' id='par_1_2' title="bbox 645 150 1269 180">
     <span class='ocr_line' id='line_1_2' title="bbox 645 150 1269 180; baseline -0.002 0"><span class='ocrx_word' id='word_1_2' title='bbox 645 152 675 180; x_wconf 88' lang='lat' dir='ltr'><strong>S.</strong></span> <span class='ocrx_word' id='word_1_3' title='bbox 695 151 832 180; x_wconf 78' lang='lat' dir='ltr'><strong>CYRILLI</strong></span> <span class='ocrx_word' id='word_1_4' title='bbox 852 150 1089 179; x_wconf 76' lang='lat' dir='ltr'><strong>ALEXANDRINI</strong></span> <span class='ocrx_word' id='word_1_5' title='bbox 1109 150 1269 180; x_wconf 78' lang='lat' dir='ltr'><strong>ARCHIEP.</strong></span> 
     </span>
    </p>
   </div>
   <div class='ocr_carea' id='block_1_3' title="bbox 1710 148 1763 177">
    <p class='ocr_par' dir='ltr' id='par_1_3' title="bbox 1710 148 1763 177">
     <span class='ocr_line' id='line_1_3' title="bbox 1710 148 1763 177; baseline -0.038 0"><span class='ocrx_word' id='word_1_6' title='bbox 1710 148 1763 177; x_wconf 69' lang='lat'><strong>£52</strong></span> 
     </span>
    </p>
   </div>
   <div class='ocr_carea' id='block_1_4' title="bbox 126 208 869 249">
    <p class='ocr_par' dir='ltr' id='par_1_4' title="bbox 126 213 867 249">
     <span class='ocr_line' id='line_1_4' title="bbox 126 213 867 249; baseline -0.004 -7"><span class='ocrx_word' id='word_1_7' title='bbox 126 215 236 248; x_wconf 78' lang='lat' dir='ltr'><strong>mansit,</strong></span> <span class='ocrx_word' id='word_1_8' title='bbox 246 215 287 243; x_wconf 82' lang='lat' dir='ltr'><strong>sic</strong></span> <span class='ocrx_word' id='word_1_9' title='bbox 301 215 327 242; x_wconf 91' lang='lat' dir='ltr'><strong>in</strong></span> <span class='ocrx_word' id='word_1_10' title='bbox 337 219 431 242; x_wconf 84' lang='lat' dir='ltr'><strong>natura</strong></span> <span class='ocrx_word' id='word_1_11' title='bbox 442 221 549 248; x_wconf 89' lang='lat' dir='ltr'><strong>quoque</strong></span> <span class='ocrx_word' id='word_1_12' title='bbox 563 219 589 241; x_wconf 90' lang='lat' dir='ltr'><strong>et</strong></span> <span class='ocrx_word' id='word_1_13' title='bbox 602 214 758 249; x_wconf 67' lang='lat' dir='ltr'><strong>praestantia</strong></span> <span class='ocrx_word' id='word_1_14' title='bbox 772 213 867 240; x_wconf 91' lang='lat' dir='ltr'><strong>divinit</strong></span> 
     </span>
    </p>
   </div>
   <div class='ocr_carea' id='block_1_5' title="bbox 1018 208 1761 249">
    <p class='ocr_par' dir='ltr' id='par_1_5' title="bbox 1018 208 1761 249">
     <span class='ocr_line' id='line_1_5' title="bbox 1018 208 1761 249; baseline -0.005 -10"><span class='ocrx_word' id='word_1_15' title='bbox 1018 221 1112 248; x_wconf 63' lang='grc' dir='ltr'>ιρωπος</span> <span class='ocrx_word' id='word_1_16' title='bbox 1128 213 1204 239; x_wconf 78' lang='grc' dir='ltr'>οὐδὲν</span> <span class='ocrx_word' id='word_1_17' title='bbox 1216 210 1295 249; x_wconf 81' lang='grc' dir='ltr'>ἧττόν</span> <span class='ocrx_word' id='word_1_18' title='bbox 1310 213 1498 247; x_wconf 83' lang='grc' dir='ltr'>ὲστιν.¹¹Αμφω</span> <span class='ocrx_word' id='word_1_19' title='bbox 1508 211 1540 248; x_wconf 84' lang='grc' dir='ltr'>δὴ</span> <span class='ocrx_word' id='word_1_20' title='bbox 1551 208 1597 238; x_wconf 76' lang='grc' dir='ltr'>οὖν</span> <span class='ocrx_word' id='word_1_21' title='bbox 1611 212 1640 237; x_wconf 86' lang='grc' dir='ltr'>ἐν</span> <span class='ocrx_word' id='word_1_22' title='bbox 1656 210 1761 244; x_wconf 84' lang='grc' dir='ltr'>ταύτῷ,</span> 
     </span>
    </p>
   </div>
   <div class='ocr_carea' id='block_1_6' title="bbox 127 259 919 294">
    <p class='ocr_par' dir='ltr' id='par_1_6' title="bbox 127 259 919 294">
     <span class='ocr_line' id='line_1_6' title="bbox 127 259 919 294; baseline -0.004 -6"><span class='ocrx_word' id='word_1_23' title='bbox 127 261 212 289; x_wconf 81' lang='lat' dir='ltr'><strong>nihilo</strong></span> <span class='ocrx_word' id='word_1_24' title='bbox 227 261 317 288; x_wconf 88' lang='lat' dir='ltr'><strong>ntinus</strong></span> <span class='ocrx_word' id='word_1_25' title='bbox 333 266 375 288; x_wconf 91' lang='lat' dir='ltr'><strong>est</strong></span> <span class='ocrx_word' id='word_1_26' title='bbox 391 261 481 287; x_wconf 90' lang='lat' dir='ltr'><strong>homo.</strong></span> <span class='ocrx_word' id='word_1_27' title='bbox 499 259 650 294; x_wconf 89' lang='lat' dir='ltr'><strong>Utrumque</strong></span> <span class='ocrx_word' id='word_1_28' title='bbox 670 259 753 294; x_wconf 75' lang='lat' dir='ltr'><strong>igitur</strong></span> <span class='ocrx_word' id='word_1_29' title='bbox 766 259 792 286; x_wconf 93' lang='lat' dir='ltr'><strong>in</strong></span> <span class='ocrx_word' id='word_1_30' title='bbox 811 259 919 290; x_wconf 86' lang='lat' dir='ltr'><strong>eodem,</strong></span> 
     </span>
    </p>
   </div>
   <div class='ocr_carea' id='block_1_7' title="bbox 128 303 922 340">
    <p class='ocr_par' dir='ltr' id='par_1_7' title="bbox 128 303 922 340">
     <span class='ocr_line' id='line_1_7' title="bbox 128 303 922 340; baseline -0.003 -7"><span class='ocrx_word' id='word_1_31' title='bbox 128 311 155 333; x_wconf 89' lang='lat' dir='ltr'><strong>et</strong></span> <span class='ocrx_word' id='word_1_32' title='bbox 174 314 244 333; x_wconf 89' lang='lat' dir='ltr'><strong>unus</strong></span> <span class='ocrx_word' id='word_1_33' title='bbox 257 306 383 340; x_wconf 87' lang='lat' dir='ltr'><strong>idemque</strong></span> <span class='ocrx_word' id='word_1_34' title='bbox 394 304 467 333; x_wconf 82' lang='lat' dir='ltr'><strong>Deus</strong></span> <span class='ocrx_word' id='word_1_35' title='bbox 484 309 511 333; x_wconf 90' lang='lat' dir='ltr'><strong>et</strong></span> <span class='ocrx_word' id='word_1_36' title='bbox 526 306 607 332; x_wconf 93' lang='lat' dir='ltr'><strong>homo</strong></span> <span class='ocrx_word' id='word_1_37' title='bbox 626 310 668 332; x_wconf 91' lang='lat' dir='ltr'><strong>est</strong></span> <span class='ocrx_word' id='word_1_38' title='bbox 687 305 854 332; x_wconf 80' lang='lat' dir='ltr'><strong>Emmanuel.</strong></span> <span class='ocrx_word' id='word_1_39' title='bbox 869 303 922 331; x_wconf 85' lang='lat' dir='ltr'><strong>Sed</strong></span> 
     </span>
    </p>
   </div>
   <div class='ocr_carea' id='block_1_8' title="bbox 129 351 921 386">
    <p class='ocr_par' dir='ltr' id='par_1_8' title="bbox 129 351 921 386">
     <span class='ocr_line' id='line_1_8' title="bbox 129 351 921 386; baseline -0.001 -9"><span class='ocrx_word' id='word_1_40' title='bbox 129 351 180 379; x_wconf 87' lang='lat' dir='ltr'><strong>iste</strong></span> <span class='ocrx_word' id='word_1_41' title='bbox 195 352 281 379; x_wconf 87' lang='lat' dir='ltr'><strong>bonus</strong></span> <span class='ocrx_word' id='word_1_42' title='bbox 292 352 343 384; x_wconf 92' lang='lat' dir='ltr'><strong>vir,</strong></span> <span class='ocrx_word' id='word_1_43' title='bbox 360 351 458 385; x_wconf 74' lang='lat' dir='ltr'><strong>reiecto</strong></span> <span class='ocrx_word' id='word_1_44' title='bbox 474 351 684 386; x_wconf 78' lang='lat' dir='ltr'><strong>dispensationis</strong></span> <span class='ocrx_word' id='word_1_45' title='bbox 700 351 779 377; x_wconf 91' lang='lat' dir='ltr'><strong>modo</strong></span> <span class='ocrx_word' id='word_1_46' title='bbox 794 355 921 384; x_wconf 90' lang='lat' dir='ltr'><strong>tanquam</strong></span> 
     </span>
    </p>
   </div>
   <div class='ocr_carea' id='block_1_9' title="bbox 129 396 922 432">
    <p class='ocr_par' dir='ltr' id='par_1_9' title="bbox 129 396 922 432">
     <span class='ocr_line' id='line_1_9' title="bbox 129 396 922 432; baseline -0.003 -8"><span class='ocrx_word' id='word_1_47' title='bbox 129 405 223 432; x_wconf 87' lang='lat' dir='ltr'><strong>parum</strong></span> <span class='ocrx_word' id='word_1_48' title='bbox 241 397 365 432; x_wconf 91' lang='lat' dir='ltr'><strong>pulchro,</strong></span> <span class='ocrx_word' id='word_1_49' title='bbox 383 399 472 424; x_wconf 79' lang='lat' dir='ltr'><strong>aufert</strong></span> <span class='ocrx_word' id='word_1_50' title='bbox 489 405 503 424; x_wconf 90' lang='lat' dir='ltr'><strong>a</strong></span> <span class='ocrx_word' id='word_1_51' title='bbox 527 397 581 424; x_wconf 85' lang='lat' dir='ltr'><strong>Deo</strong></span> <span class='ocrx_word' id='word_1_52' title='bbox 604 396 689 424; x_wconf 85' lang='lat' dir='ltr'><strong>Verbo</strong></span> <span class='ocrx_word' id='word_1_53' title='bbox 708 404 768 431; x_wconf 80' lang='lat' dir='ltr'><strong>quae</strong></span> <span class='ocrx_word' id='word_1_54' title='bbox 788 401 851 423; x_wconf 90' lang='lat' dir='ltr'><strong>sunt</strong></span> <span class='ocrx_word' id='word_1_55' title='bbox 873 396 922 423; x_wconf 89' lang='lat' dir='ltr'><strong>hu-</strong></span> 
     </span>
    </p>
   </div>
   <div class='ocr_carea' id='block_1_10' title="bbox 129 442 922 477">
    <p class='ocr_par' dir='ltr' id='par_1_10' title="bbox 129 442 922 477">
     <span class='ocr_line' id='line_1_10' title="bbox 129 442 922 477; baseline -0.003 -7"><span class='ocrx_word' id='word_1_56' title='bbox 129 451 219 474; x_wconf 86' lang='lat' dir='ltr'><strong>mana,</strong></span> <span class='ocrx_word' id='word_1_57' title='bbox 237 447 266 469; x_wconf 91' lang='lat' dir='ltr'><strong>ut</strong></span> <span class='ocrx_word' id='word_1_58' title='bbox 280 442 336 476; x_wconf 81' lang='lat' dir='ltr'><strong>jam</strong></span> <span class='ocrx_word' id='word_1_59' title='bbox 350 442 422 469; x_wconf 91' lang='lat' dir='ltr'><strong>nulla</strong></span> <span class='ocrx_word' id='word_1_60' title='bbox 435 450 466 469; x_wconf 82' lang='lat' dir='ltr'><strong>ex</strong></span> <span class='ocrx_word' id='word_1_61' title='bbox 479 447 557 477; x_wconf 86' lang='lat' dir='ltr'><strong>parte</strong></span> <span class='ocrx_word' id='word_1_62' title='bbox 572 442 654 469; x_wconf 85' lang='lat' dir='ltr'><strong>rebus</strong></span> <span class='ocrx_word' id='word_1_63' title='bbox 670 442 769 469; x_wconf 83' lang='lat' dir='ltr'><strong>nostris</strong></span> <span class='ocrx_word' id='word_1_64' title='bbox 781 442 922 469; x_wconf 80' lang='lat' dir='ltr'><strong>utilitatem</strong></span> 
     </span>
    </p>
   </div>
   <div class='ocr_carea' id='block_1_11' title="bbox 128 488 921 524">
    <p class='ocr_par' dir='ltr' id='par_1_11' title="bbox 128 488 921 524">
     <span class='ocr_line' id='line_1_11' title="bbox 128 488 921 524; baseline 0 -9"><span class='ocrx_word' id='word_1_65' title='bbox 128 488 244 524; x_wconf 86' lang='lat' dir='ltr'><strong>aliquam</strong></span> <span class='ocrx_word' id='word_1_66' title='bbox 253 489 377 516; x_wconf 81' lang='lat' dir='ltr'><strong>attulisse</strong></span> <span class='ocrx_word' id='word_1_67' title='bbox 387 493 523 516; x_wconf 90' lang='lat' dir='ltr'><strong>cernatur.</strong></span> <span class='ocrx_word' id='word_1_68' title='bbox 540 488 598 516; x_wconf 87' lang='lat' dir='ltr'><strong>Non</strong></span> <span class='ocrx_word' id='word_1_69' title='bbox 617 489 702 521; x_wconf 89' lang='lat' dir='ltr'><strong>enim,</strong></span> <span class='ocrx_word' id='word_1_70' title='bbox 717 488 816 523; x_wconf 86' lang='lat' dir='ltr'><strong>inquit,</strong></span> <span class='ocrx_word' id='word_1_71' title='bbox 835 489 921 523; x_wconf 89' lang='lat' dir='ltr'><strong>ipsum</strong></span> 
     </span>
    </p>
   </div>
   <div class='ocr_carea' id='block_1_12' title="bbox 129 533 924 571">
    <p class='ocr_par' dir='ltr' id='par_1_12' title="bbox 129 533 924 571">
     <span class='ocr_line' id='line_1_12' title="bbox 129 533 924 571; baseline -0.003 -8"><span class='ocrx_word' id='word_1_72' title='bbox 129 535 213 563; x_wconf 82' lang='lat' dir='ltr'><strong>fuisse</strong></span> <span class='ocrx_word' id='word_1_73' title='bbox 229 536 435 563; x_wconf 85' lang='lat' dir='ltr'><strong>misericordem</strong></span> <span class='ocrx_word' id='word_1_74' title='bbox 451 539 477 563; x_wconf 93' lang='lat' dir='ltr'><strong>et</strong></span> <span class='ocrx_word' id='word_1_75' title='bbox 493 535 597 563; x_wconf 89' lang='lat' dir='ltr'><strong>ﬁdelem</strong></span> <span class='ocrx_word' id='word_1_76' title='bbox 615 535 771 571; x_wconf 91' lang='lat' dir='ltr'><strong>pontiﬁcem</strong></span> <span class='ocrx_word' id='word_1_77' title='bbox 788 535 864 566; x_wconf 87' lang='lat' dir='ltr'><strong>dicit,</strong></span> <span class='ocrx_word' id='word_1_78' title='bbox 883 533 924 561; x_wconf 86' lang='lat' dir='ltr'><strong>id-</strong></span> 
     </span>
    </p>
   </div>
   <div class='ocr_carea' id='block_1_13' title="bbox 128 579 924 616">
    <p class='ocr_par' dir='ltr' id='par_1_13' title="bbox 128 579 924 616">
     <span class='ocr_line' id='line_1_13' title="bbox 128 579 924 616; baseline 0 -10"><span class='ocrx_word' id='word_1_79' title='bbox 128 588 180 616; x_wconf 88' lang='lat' dir='ltr'><strong>que</strong></span> <span class='ocrx_word' id='word_1_80' title='bbox 202 588 300 608; x_wconf 90' lang='lat' dir='ltr'><strong>munus</strong></span> <span class='ocrx_word' id='word_1_81' title='bbox 316 588 395 615; x_wconf 87' lang='lat' dir='ltr'><strong>passo</strong></span> <span class='ocrx_word' id='word_1_82' title='bbox 418 581 508 614; x_wconf 87' lang='lat' dir='ltr'><strong>potius</strong></span> <span class='ocrx_word' id='word_1_83' title='bbox 525 580 620 607; x_wconf 92' lang='lat' dir='ltr'><strong>tribuit</strong></span> <span class='ocrx_word' id='word_1_84' title='bbox 643 586 769 615; x_wconf 84' lang='lat' dir='ltr'><strong>tanquam</strong></span> <span class='ocrx_word' id='word_1_85' title='bbox 790 579 823 607; x_wconf 90' lang='lat' dir='ltr'><strong>ab</strong></span> <span class='ocrx_word' id='word_1_86' title='bbox 836 587 869 607; x_wconf 90' lang='lat' dir='ltr'><strong>eo</strong></span> <span class='ocrx_word' id='word_1_87' title='bbox 882 579 924 606; x_wconf 81' lang='lat' dir='ltr'><strong>di-</strong></span> 
     </span>
    </p>
   </div>
   <div class='ocr_carea' id='block_1_14' title="bbox 130 625 923 661">
    <p class='ocr_par' dir='ltr' id='par_1_14' title="bbox 130 625 923 661">
     <span class='ocr_line' id='line_1_14' title="bbox 130 625 923 661; baseline 0 -9"><span class='ocrx_word' id='word_1_88' title='bbox 130 634 217 653; x_wconf 86' lang='lat' dir='ltr'><strong>verso.</strong></span> <span class='ocrx_word' id='word_1_89' title='bbox 236 626 365 659; x_wconf 87' lang='lat' dir='ltr'><strong>Quamvis</strong></span> <span class='ocrx_word' id='word_1_90' title='bbox 386 625 431 661; x_wconf 93' lang='lat' dir='ltr'><strong>qui</strong></span> <span class='ocrx_word' id='word_1_91' title='bbox 456 625 649 661; x_wconf 84' lang='lat' dir='ltr'><strong>mysteriorum</strong></span> <span class='ocrx_word' id='word_1_92' title='bbox 666 625 774 661; x_wconf 78' lang='lat' dir='ltr'><strong>sapiens</strong></span> <span class='ocrx_word' id='word_1_93' title='bbox 790 632 850 652; x_wconf 89' lang='lat' dir='ltr'><strong>esse</strong></span> <span class='ocrx_word' id='word_1_94' title='bbox 864 632 923 652; x_wconf 66' lang='lat' dir='ltr'><strong>ma~</strong></span> 
     </span>
    </p>
   </div>
   <div class='ocr_carea' id='block_1_15' title="bbox 131 670 923 705">
    <p class='ocr_par' dir='ltr' id='par_1_15' title="bbox 131 670 923 705">
     <span class='ocr_line' id='line_1_15' title="bbox 131 670 923 705; baseline -0.001 -8"><span class='ocrx_word' id='word_1_95' title='bbox 131 671 219 705; x_wconf 81' lang='lat' dir='ltr'><strong>gister</strong></span> <span class='ocrx_word' id='word_1_96' title='bbox 234 671 308 704; x_wconf 85' lang='lat' dir='ltr'><strong>velit,</strong></span> <span class='ocrx_word' id='word_1_97' title='bbox 334 670 469 704; x_wconf 89' lang='lat' dir='ltr'><strong>quomodo</strong></span> <span class='ocrx_word' id='word_1_98' title='bbox 486 678 538 697; x_wconf 90' lang='lat' dir='ltr'><strong>non</strong></span> <span class='ocrx_word' id='word_1_99' title='bbox 562 677 624 697; x_wconf 89' lang='lat' dir='ltr'><strong>eum</strong></span> <span class='ocrx_word' id='word_1_100' title='bbox 646 670 766 704; x_wconf 89' lang='lat' dir='ltr'><strong>oportuit</strong></span> <span class='ocrx_word' id='word_1_101' title='bbox 789 677 868 697; x_wconf 86' lang='lat' dir='ltr'><strong>voces</strong></span> <span class='ocrx_word' id='word_1_102' title='bbox 891 676 923 697; x_wconf 91' lang='lat' dir='ltr'><strong>ac</strong></span> 
     </span>
    </p>
   </div>
   <div class='ocr_carea' id='block_1_16' title="bbox 128 715 922 750">
    <p class='ocr_par' dir='ltr' id='par_1_16' title="bbox 128 715 922 750">
     <span class='ocr_line' id='line_1_16' title="bbox 128 715 922 750; baseline 0 -8"><span class='ocrx_word' id='word_1_103' title='bbox 128 715 280 742; x_wconf 84' lang='lat' dir='ltr'><strong>sententias</strong></span> <span class='ocrx_word' id='word_1_104' title='bbox 296 723 436 743; x_wconf 85' lang='lat' dir='ltr'><strong>sacrarum</strong></span> <span class='ocrx_word' id='word_1_105' title='bbox 453 715 616 743; x_wconf 85' lang='lat' dir='ltr'><strong>Litterarum</strong></span> <span class='ocrx_word' id='word_1_106' title='bbox 639 720 769 742; x_wconf 82' lang='lat' dir='ltr'><strong>accurate</strong></span> <span class='ocrx_word' id='word_1_107' title='bbox 783 715 922 750; x_wconf 75' lang='lat' dir='ltr'><strong>colligere,</strong></span> 
     </span>
    </p>
   </div>
   <div class='ocr_carea' id='block_1_17' title="bbox 129 761 922 796">
    <p class='ocr_par' dir='ltr' id='par_1_17' title="bbox 129 761 922 796">
     <span class='ocr_line' id='line_1_17' title="bbox 129 761 922 796; baseline 0 -8"><span class='ocrx_word' id='word_1_108' title='bbox 129 767 210 796; x_wconf 83' lang='lat' dir='ltr'><strong>atque</strong></span> <span class='ocrx_word' id='word_1_109' title='bbox 227 762 349 796; x_wconf 74' lang='lat' dir='ltr'><strong>cogitare</strong></span> <span class='ocrx_word' id='word_1_110' title='bbox 363 769 428 790; x_wconf 85' lang='lat' dir='ltr'><strong>vere</strong></span> <span class='ocrx_word' id='word_1_111' title='bbox 450 769 512 789; x_wconf 84' lang='lat' dir='ltr'><strong>esse</strong></span> <span class='ocrx_word' id='word_1_112' title='bbox 528 761 582 788; x_wconf 87' lang='lat' dir='ltr'><strong>Deo</strong></span> <span class='ocrx_word' id='word_1_113' title='bbox 606 761 715 796; x_wconf 79' lang='lat' dir='ltr'><strong>dignum</strong></span> <span class='ocrx_word' id='word_1_114' title='bbox 741 761 793 789; x_wconf 89' lang='lat' dir='ltr'><strong>hoc</strong></span> <span class='ocrx_word' id='word_1_115' title='bbox 815 769 922 793; x_wconf 90' lang='lat' dir='ltr'><strong>munus,</strong></span> 
     </span>
    </p>
   </div>
   <div class='ocr_carea' id='block_1_18' title="bbox 129 807 922 843">
    <p class='ocr_par' dir='ltr' id='par_1_18' title="bbox 129 807 922 843">
     <span class='ocr_line' id='line_1_18' title="bbox 129 807 922 843; baseline -0.003 -7"><span class='ocrx_word' id='word_1_116' title='bbox 129 814 157 836; x_wconf 89' lang='lat' dir='ltr'><strong>et</strong></span> <span class='ocrx_word' id='word_1_117' title='bbox 174 817 227 836; x_wconf 91' lang='lat' dir='ltr'><strong>non</strong></span> <span class='ocrx_word' id='word_1_118' title='bbox 245 809 362 836; x_wconf 90' lang='lat' dir='ltr'><strong>alienum</strong></span> <span class='ocrx_word' id='word_1_119' title='bbox 379 816 393 836; x_wconf 91' lang='lat' dir='ltr'><strong>a</strong></span> <span class='ocrx_word' id='word_1_120' title='bbox 408 808 514 836; x_wconf 89' lang='lat' dir='ltr'><strong>ratione</strong></span> <span class='ocrx_word' id='word_1_121' title='bbox 525 815 585 843; x_wconf 70' lang='lat' dir='ltr'><strong>qua:</strong></span> <span class='ocrx_word' id='word_1_122' title='bbox 597 809 656 842; x_wconf 85' lang='lat' dir='ltr'><strong>ejus</strong></span> <span class='ocrx_word' id='word_1_123' title='bbox 666 807 842 834; x_wconf 86' lang='lat' dir='ltr'><strong>exinanitioni</strong></span> <span class='ocrx_word' id='word_1_124' title='bbox 857 815 922 834; x_wconf 92' lang='lat' dir='ltr'><strong>con-</strong></span> 
     </span>
    </p>
   </div>
   <div class='ocr_carea' id='block_1_19' title="bbox 129 852 922 889">
    <p class='ocr_par' dir='ltr' id='par_1_19' title="bbox 129 852 922 889">
     <span class='ocr_line' id='line_1_19' title="bbox 129 852 922 889; baseline -0.004 -7"><span class='ocrx_word' id='word_1_125' title='bbox 129 854 214 887; x_wconf 84' lang='lat' dir='ltr'><strong>venit,</strong></span> <span class='ocrx_word' id='word_1_126' title='bbox 228 862 342 889; x_wconf 87' lang='lat' dir='ltr'><strong>eamque</strong></span> <span class='ocrx_word' id='word_1_127' title='bbox 359 854 455 881; x_wconf 77' lang='lat' dir='ltr'><strong>decet?</strong></span> <span class='ocrx_word' id='word_1_128' title='bbox 471 854 496 881; x_wconf 99' lang='lat' dir='ltr'><strong>Id</strong></span> <span class='ocrx_word' id='word_1_129' title='bbox 515 861 568 888; x_wconf 88' lang='lat' dir='ltr'><strong>qua</strong></span> <span class='ocrx_word' id='word_1_130' title='bbox 582 853 686 880; x_wconf 86' lang='lat' dir='ltr'><strong>ratione</strong></span> <span class='ocrx_word' id='word_1_131' title='bbox 703 859 796 880; x_wconf 92' lang='lat' dir='ltr'><strong>verum</strong></span> <span class='ocrx_word' id='word_1_132' title='bbox 811 853 856 885; x_wconf 86' lang='lat' dir='ltr'><strong>sit,</strong></span> <span class='ocrx_word' id='word_1_133' title='bbox 866 852 922 887; x_wconf 88' lang='lat' dir='ltr'><strong>jam</strong></span> 
     </span>
    </p>
   </div>
   <div class='ocr_carea' id='block_1_20' title="bbox 130 893 959 934">
    <p class='ocr_par' dir='ltr' id='par_1_20' title="bbox 130 893 959 934">
     <span class='ocr_line' id='line_1_20' title="bbox 130 893 959 934; baseline -0.004 -7"><span class='ocrx_word' id='word_1_134' title='bbox 130 901 250 927; x_wconf 84' lang='lat' dir='ltr'><strong>dicemus</strong></span> <span class='ocrx_word' id='word_1_135' title='bbox 272 907 352 934; x_wconf 88' lang='lat' dir='ltr'><strong>quam</strong></span> <span class='ocrx_word' id='word_1_136' title='bbox 378 900 548 927; x_wconf 80' lang='lat' dir='ltr'><strong>brevissime.</strong></span> <span class='ocrx_word' id='word_1_137' title='bbox 572 898 638 926; x_wconf 82' lang='lat' dir='ltr'><strong>Nam</strong></span> <span class='ocrx_word' id='word_1_138' title='bbox 666 898 710 926; x_wconf 89' lang='lat' dir='ltr'><strong>ille</strong></span> <span class='ocrx_word' id='word_1_139' title='bbox 732 899 920 925; x_wconf 87' lang='lat' dir='ltr'><strong>universorum</strong></span> <span class='ocrx_word' id='word_1_140' title='bbox 938 893 959 920; x_wconf 85' lang='grc' dir='ltr'><strong>Β</strong></span> 
     </span>
    </p>
   </div>
   <div class='ocr_carea' id='block_1_21' title="bbox 132 944 921 980">
    <p class='ocr_par' dir='ltr' id='par_1_21' title="bbox 132 944 921 980">
     <span class='ocr_line' id='line_1_21' title="bbox 132 944 921 980; baseline 0 -8"><span class='ocrx_word' id='word_1_141' title='bbox 132 945 201 972; x_wconf 83' lang='lat' dir='ltr'><strong>Deus</strong></span> <span class='ocrx_word' id='word_1_142' title='bbox 217 945 313 980; x_wconf 85' lang='lat' dir='ltr'><strong>priscis</strong></span> <span class='ocrx_word' id='word_1_143' title='bbox 325 945 379 972; x_wconf 84' lang='lat' dir='ltr'><strong>illis</strong></span> <span class='ocrx_word' id='word_1_144' title='bbox 393 945 550 972; x_wconf 86' lang='lat' dir='ltr'><strong>hominibus</strong></span> <span class='ocrx_word' id='word_1_145' title='bbox 561 945 647 979; x_wconf 80' lang='lat' dir='ltr'><strong>legem</strong></span> <span class='ocrx_word' id='word_1_146' title='bbox 661 944 754 976; x_wconf 85' lang='lat' dir='ltr'><strong>edidit,</strong></span> <span class='ocrx_word' id='word_1_147' title='bbox 773 945 921 978; x_wconf 85' lang='lat' dir='ltr'><strong>interprete</strong></span> 
     </span>
    </p>
   </div>
   <div class='ocr_carea' id='block_1_22' title="bbox 131 989 920 1025">
    <p class='ocr_par' dir='ltr' id='par_1_22' title="bbox 131 989 920 1025">
     <span class='ocr_line' id='line_1_22' title="bbox 131 989 920 1025; baseline -0.001 -8"><span class='ocrx_word' id='word_1_148' title='bbox 131 989 221 1024; x_wconf 86' lang='lat' dir='ltr'><strong>Mose;</strong></span> <span class='ocrx_word' id='word_1_149' title='bbox 239 991 285 1017; x_wconf 91' lang='lat' dir='ltr'><strong>sed</strong></span> <span class='ocrx_word' id='word_1_150' title='bbox 299 999 350 1018; x_wconf 87' lang='lat' dir='ltr'><strong>non</strong></span> <span class='ocrx_word' id='word_1_151' title='bbox 364 996 423 1018; x_wconf 86' lang='lat' dir='ltr'><strong>erat</strong></span> <span class='ocrx_word' id='word_1_152' title='bbox 438 998 470 1018; x_wconf 89' lang='lat' dir='ltr'><strong>ea</strong></span> <span class='ocrx_word' id='word_1_153' title='bbox 484 991 524 1018; x_wconf 86' lang='lat' dir='ltr'><strong>vis</strong></span> <span class='ocrx_word' id='word_1_154' title='bbox 539 990 615 1025; x_wconf 74' lang='lat' dir='ltr'><strong>legis,</strong></span> <span class='ocrx_word' id='word_1_155' title='bbox 627 995 655 1016; x_wconf 90' lang='lat' dir='ltr'><strong>ut</strong></span> <span class='ocrx_word' id='word_1_156' title='bbox 668 990 714 1024; x_wconf 91' lang='lat' dir='ltr'><strong>qui</strong></span> <span class='ocrx_word' id='word_1_157' title='bbox 729 989 826 1017; x_wconf 82' lang='lat' dir='ltr'><strong>vellent</strong></span> <span class='ocrx_word' id='word_1_158' title='bbox 839 989 920 1016; x_wconf 85' lang='lat' dir='ltr'><strong>etiam</strong></span> 
     </span>
    </p>
   </div>
   <div class='ocr_carea' id='block_1_23' title="bbox 131 1033 921 1070">
    <p class='ocr_par' dir='ltr' id='par_1_23' title="bbox 131 1033 921 1070">
     <span class='ocr_line' id='line_1_23' title="bbox 131 1033 921 1070; baseline -0.001 -8"><span class='ocrx_word' id='word_1_159' title='bbox 131 1040 240 1070; x_wconf 81' lang='lat' dir='ltr'><strong>possent</strong></span> <span class='ocrx_word' id='word_1_160' title='bbox 262 1035 366 1070; x_wconf 77' lang='lat' dir='ltr'><strong>integre</strong></span> <span class='ocrx_word' id='word_1_161' title='bbox 381 1035 453 1070; x_wconf 90' lang='lat' dir='ltr'><strong>quod</strong></span> <span class='ocrx_word' id='word_1_162' title='bbox 471 1035 569 1061; x_wconf 88' lang='lat' dir='ltr'><strong>bonum</strong></span> <span class='ocrx_word' id='word_1_163' title='bbox 583 1039 624 1061; x_wconf 89' lang='lat' dir='ltr'><strong>est</strong></span> <span class='ocrx_word' id='word_1_164' title='bbox 638 1035 767 1069; x_wconf 82' lang='lat' dir='ltr'><strong>perlicere</strong></span> <span class='ocrx_word' id='word_1_165' title='bbox 793 1042 799 1061; x_wconf 93' lang='lat'>:</span> <span class='ocrx_word' id='word_1_166' title='bbox 821 1043 831 1059; x_wconf 80' lang='grc' dir='ltr'>ι</span> <span class='ocrx_word' id='word_1_167' title='bbox 849 1033 921 1061; x_wconf 80' lang='lat' dir='ltr'><strong>Nihil</strong></span> 
     </span>
    </p>
   </div>
   <div class='ocr_carea' id='block_1_24' title="bbox 131 1079 921 1115">
    <p class='ocr_par' dir='ltr' id='par_1_24' title="bbox 131 1079 921 1115">
     <span class='ocr_line' id='line_1_24' title="bbox 131 1079 921 1115; baseline 0 -9"><span class='ocrx_word' id='word_1_168' title='bbox 131 1081 202 1107; x_wconf 84' lang='lat' dir='ltr'><strong>enim</strong></span> <span class='ocrx_word' id='word_1_169' title='bbox 217 1081 250 1107; x_wconf 89' lang='lat' dir='ltr'><strong>ad</strong></span> <span class='ocrx_word' id='word_1_170' title='bbox 268 1080 413 1115; x_wconf 81' lang='lat' dir='ltr'><strong>perlectum</strong></span> <span class='ocrx_word' id='word_1_171' title='bbox 432 1081 543 1107; x_wconf 81' lang='lat' dir='ltr'><strong>adduxit</strong></span> <span class='ocrx_word' id='word_1_172' title='bbox 555 1079 629 1106; x_wconf 77' lang='lat'><strong>“-&quot;.</strong></span> <span class='ocrx_word' id='word_1_173' title='bbox 647 1089 656 1105; x_wconf 76' lang='grc' dir='ltr'>ι</span> <span class='ocrx_word' id='word_1_174' title='bbox 674 1080 727 1107; x_wconf 89' lang='lat' dir='ltr'><strong>Sed</strong></span> <span class='ocrx_word' id='word_1_175' title='bbox 741 1087 827 1114; x_wconf 92' lang='lat' dir='ltr'><strong>neque</strong></span> <span class='ocrx_word' id='word_1_176' title='bbox 844 1080 921 1115; x_wconf 89' lang='lat' dir='ltr'><strong>culpa</strong></span> 
     </span>
    </p>
   </div>
   <div class='ocr_carea' id='block_1_25' title="bbox 131 1124 920 1160">
    <p class='ocr_par' dir='ltr' id='par_1_25' title="bbox 131 1124 920 1160">
     <span class='ocr_line' id='line_1_25' title="bbox 131 1124 920 1160; baseline 0.003 -10"><span class='ocrx_word' id='word_1_177' title='bbox 131 1124 237 1152; x_wconf 71' lang='lat' dir='ltr'><strong>vacavit</strong></span> <span class='ocrx_word' id='word_1_178' title='bbox 256 1125 320 1151; x_wconf 93' lang='lat' dir='ltr'><strong>illud</strong></span> <span class='ocrx_word' id='word_1_179' title='bbox 344 1125 419 1160; x_wconf 84' lang='lat' dir='ltr'><strong>prius</strong></span> <span class='ocrx_word' id='word_1_180' title='bbox 441 1130 631 1152; x_wconf 86' lang='lat' dir='ltr'><strong>testamentum</strong></span> <span class='ocrx_word' id='word_1_181' title='bbox 658 1134 665 1152; x_wconf 90' lang='lat'><strong>:</strong></span> <span class='ocrx_word' id='word_1_182' title='bbox 695 1125 920 1152; x_wconf 85' lang='lat' dir='ltr'><strong>ministrationem</strong></span> 
     </span>
    </p>
   </div>
   <div class='ocr_carea' id='block_1_26' title="bbox 130 1169 920 1205">
    <p class='ocr_par' dir='ltr' id='par_1_26' title="bbox 130 1169 920 1205">
     <span class='ocr_line' id='line_1_26' title="bbox 130 1169 920 1205; baseline 0.001 -9"><span class='ocrx_word' id='word_1_183' title='bbox 130 1177 240 1205; x_wconf 90' lang='lat' dir='ltr'><strong>quoque</strong></span> <span class='ocrx_word' id='word_1_184' title='bbox 255 1170 440 1197; x_wconf 87' lang='lat' dir='ltr'><strong>danmationis</strong></span> <span class='ocrx_word' id='word_1_185' title='bbox 455 1170 570 1205; x_wconf 81' lang='lat' dir='ltr'><strong>appellat</strong></span> <span class='ocrx_word' id='word_1_186' title='bbox 586 1178 645 1197; x_wconf 89' lang='lat' dir='ltr'><strong>eam</strong></span> <span class='ocrx_word' id='word_1_187' title='bbox 660 1169 754 1198; x_wconf 84' lang='lat' dir='ltr'><strong>beatus</strong></span> <span class='ocrx_word' id='word_1_188' title='bbox 773 1170 870 1198; x_wconf 78' lang='lat' dir='ltr'><strong>Paulus</strong></span> <span class='ocrx_word' id='word_1_189' title='bbox 878 1171 920 1203; x_wconf 84' lang='grc'><strong>²⁶;</strong></span> 
     </span>
    </p>
   </div>
   <div class='ocr_carea' id='block_1_27' title="bbox 131 1215 922 1251">
    <p class='ocr_par' dir='ltr' id='par_1_27' title="bbox 131 1215 922 1251">
     <span class='ocr_line' id='line_1_27' title="bbox 131 1215 922 1251; baseline 0.003 -9"><span class='ocrx_word' id='word_1_190' title='bbox 131 1216 253 1242; x_wconf 85' lang='lat' dir='ltr'><strong>eumdem</strong></span> <span class='ocrx_word' id='word_1_191' title='bbox 271 1215 351 1242; x_wconf 85' lang='lat' dir='ltr'><strong>audio</strong></span> <span class='ocrx_word' id='word_1_192' title='bbox 374 1216 465 1243; x_wconf 86' lang='lat' dir='ltr'><strong>dicere</strong></span> <span class='ocrx_word' id='word_1_193' title='bbox 482 1225 488 1242; x_wconf 88' lang='lat'><strong>:</strong></span> <span class='ocrx_word' id='word_1_194' title='bbox 508 1225 517 1242; x_wconf 81' lang='grc' dir='ltr'>ι</span> <span class='ocrx_word' id='word_1_195' title='bbox 536 1216 645 1244; x_wconf 82' lang='lat' dir='ltr'><strong>Scimus</strong></span> <span class='ocrx_word' id='word_1_196' title='bbox 660 1216 731 1251; x_wconf 88' lang='lat' dir='ltr'><strong>quod</strong></span> <span class='ocrx_word' id='word_1_197' title='bbox 753 1224 922 1251; x_wconf 74' lang='lat' dir='ltr'><strong>quazcunque</strong></span> 
     </span>
    </p>
   </div>
   <div class='ocr_carea' id='block_1_28' title="bbox 131 1262 922 1298">
    <p class='ocr_par' dir='ltr' id='par_1_28' title="bbox 131 1262 922 1298">
     <span class='ocr_line' id='line_1_28' title="bbox 131 1262 922 1298; baseline 0.004 -10"><span class='ocrx_word' id='word_1_198' title='bbox 131 1262 173 1289; x_wconf 76' lang='lat' dir='ltr'><strong>lex</strong></span> <span class='ocrx_word' id='word_1_199' title='bbox 189 1262 317 1297; x_wconf 88' lang='lat' dir='ltr'><strong>loquitur,</strong></span> <span class='ocrx_word' id='word_1_200' title='bbox 335 1263 376 1289; x_wconf 90' lang='lat' dir='ltr'><strong>his</strong></span> <span class='ocrx_word' id='word_1_201' title='bbox 394 1263 439 1296; x_wconf 93' lang='lat' dir='ltr'><strong>qui</strong></span> <span class='ocrx_word' id='word_1_202' title='bbox 456 1263 482 1289; x_wconf 91' lang='lat' dir='ltr'><strong>in</strong></span> <span class='ocrx_word' id='word_1_203' title='bbox 497 1262 555 1298; x_wconf 81' lang='lat' dir='ltr'><strong>lege</strong></span> <span class='ocrx_word' id='word_1_204' title='bbox 571 1268 634 1290; x_wconf 90' lang='lat' dir='ltr'><strong>sunt</strong></span> <span class='ocrx_word' id='word_1_205' title='bbox 647 1263 776 1298; x_wconf 84' lang='lat' dir='ltr'><strong>loquitur.</strong></span> <span class='ocrx_word' id='word_1_206' title='bbox 796 1268 824 1290; x_wconf 93' lang='lat' dir='ltr'><strong>ut</strong></span> <span class='ocrx_word' id='word_1_207' title='bbox 840 1271 922 1291; x_wconf 77' lang='lat' dir='ltr'><strong>(mine</strong></span> 
     </span>
    </p>
   </div>
   <div class='ocr_carea' id='block_1_29' title="bbox 131 1307 919 1340">
    <p class='ocr_par' dir='ltr' id='par_1_29' title="bbox 131 1307 919 1340">
     <span class='ocr_line' id='line_1_29' title="bbox 131 1307 919 1340; baseline 0.004 -6"><span class='ocrx_word' id='word_1_208' title='bbox 131 1315 162 1334; x_wconf 88' lang='lat' dir='ltr'><strong>os</strong></span> <span class='ocrx_word' id='word_1_209' title='bbox 173 1309 342 1340; x_wconf 88' lang='lat' dir='ltr'><strong>obstruatur,</strong></span> <span class='ocrx_word' id='word_1_210' title='bbox 358 1311 385 1334; x_wconf 90' lang='lat' dir='ltr'><strong>et</strong></span> <span class='ocrx_word' id='word_1_211' title='bbox 399 1307 522 1335; x_wconf 84' lang='lat' dir='ltr'><strong>subditus</strong></span> <span class='ocrx_word' id='word_1_212' title='bbox 538 1309 582 1335; x_wconf 84' lang='lat' dir='ltr'><strong>[lat</strong></span> <span class='ocrx_word' id='word_1_213' title='bbox 601 1309 689 1335; x_wconf 79' lang='lat' dir='ltr'><strong>oninis</strong></span> <span class='ocrx_word' id='word_1_214' title='bbox 710 1310 828 1336; x_wconf 87' lang='lat' dir='ltr'><strong>mundus</strong></span> <span class='ocrx_word' id='word_1_215' title='bbox 844 1309 897 1336; x_wconf 88' lang='lat' dir='ltr'><strong>Deo</strong></span> <span class='ocrx_word' id='word_1_216' title='bbox 912 1318 919 1337; x_wconf 90' lang='lat'><strong>:</strong></span> 
     </span>
    </p>
   </div>
   <div class='ocr_carea' id='block_1_30' title="bbox 131 1353 922 1389">
    <p class='ocr_par' dir='ltr' id='par_1_30' title="bbox 131 1353 922 1389">
     <span class='ocr_line' id='line_1_30' title="bbox 131 1353 922 1389; baseline 0.003 -9"><span class='ocrx_word' id='word_1_217' title='bbox 131 1354 260 1389; x_wconf 87' lang='lat' dir='ltr'><strong>quoniatn</strong></span> <span class='ocrx_word' id='word_1_218' title='bbox 273 1361 305 1380; x_wconf 78' lang='lat' dir='ltr'><strong>ex</strong></span> <span class='ocrx_word' id='word_1_219' title='bbox 315 1353 443 1388; x_wconf 86' lang='lat' dir='ltr'><strong>operibus</strong></span> <span class='ocrx_word' id='word_1_220' title='bbox 454 1353 520 1387; x_wconf 74' lang='lat' dir='ltr'><strong>legis</strong></span> <span class='ocrx_word' id='word_1_221' title='bbox 531 1361 582 1380; x_wconf 89' lang='lat' dir='ltr'><strong>non</strong></span> <span class='ocrx_word' id='word_1_222' title='bbox 591 1354 753 1388; x_wconf 84' lang='lat' dir='ltr'><strong>justiﬁeatur</strong></span> <span class='ocrx_word' id='word_1_223' title='bbox 762 1355 849 1382; x_wconf 90' lang='lat' dir='ltr'><strong>omnis</strong></span> <span class='ocrx_word' id='word_1_224' title='bbox 858 1362 922 1383; x_wconf 87' lang='lat' dir='ltr'><strong>caro</strong></span> 
     </span>
    </p>
   </div>
   <div class='ocr_carea' id='block_1_31' title="bbox 136 1399 921 1434">
    <p class='ocr_par' dir='ltr' id='par_1_31' title="bbox 136 1399 921 1434">
     <span class='ocr_line' id='line_1_31' title="bbox 136 1399 921 1434; baseline 0.003 -8"><span class='ocrx_word' id='word_1_225' title='bbox 136 1407 229 1426; x_wconf 84' lang='lat' dir='ltr'><strong>coram</strong></span> <span class='ocrx_word' id='word_1_226' title='bbox 247 1399 292 1426; x_wconf 91' lang='lat' dir='ltr'><strong>illo</strong></span> <span class='ocrx_word' id='word_1_227' title='bbox 301 1400 342 1431; x_wconf 85' lang='grc'><strong>¹⁷;</strong></span> <span class='ocrx_word' id='word_1_228' title='bbox 358 1408 368 1425; x_wconf 85' lang='grc'><strong>›</strong></span> <span class='ocrx_word' id='word_1_229' title='bbox 385 1400 428 1426; x_wconf 86' lang='lat' dir='ltr'><strong>lex</strong></span> <span class='ocrx_word' id='word_1_230' title='bbox 444 1401 515 1426; x_wconf 88' lang='lat' dir='ltr'><strong>enim</strong></span> <span class='ocrx_word' id='word_1_231' title='bbox 533 1400 600 1426; x_wconf 88' lang='lat' dir='ltr'><strong>iram</strong></span> <span class='ocrx_word' id='word_1_232' title='bbox 611 1405 737 1434; x_wconf 83' lang='lat' dir='ltr'><strong>operatur</strong></span> <span class='ocrx_word' id='word_1_233' title='bbox 745 1401 779 1434; x_wconf 78' lang='grc'><strong>’⁸,</strong></span> <span class='ocrx_word' id='word_1_234' title='bbox 793 1405 820 1428; x_wconf 89' lang='lat' dir='ltr'><strong>et</strong></span> <span class='ocrx_word' id='word_1_235' title='bbox 831 1401 921 1428; x_wconf 88' lang='lat' dir='ltr'><strong>littera</strong></span> 
     </span>
    </p>
   </div>
   <div class='ocr_carea' id='block_1_32' title="bbox 131 1445 922 1481">
    <p class='ocr_par' dir='ltr' id='par_1_32' title="bbox 131 1445 922 1481">
     <span class='ocr_line' id='line_1_32' title="bbox 131 1445 922 1481; baseline 0.003 -9"><span class='ocrx_word' id='word_1_236' title='bbox 131 1446 230 1473; x_wconf 88' lang='lat' dir='ltr'><strong>occidit</strong></span> <span class='ocrx_word' id='word_1_237' title='bbox 247 1454 255 1472; x_wconf 77' lang='grc' dir='ltr'><strong>τ</strong></span> <span class='ocrx_word' id='word_1_238' title='bbox 271 1449 299 1472; x_wconf 84' lang='lat' dir='ltr'><strong>et</strong></span> <span class='ocrx_word' id='word_1_239' title='bbox 317 1449 346 1472; x_wconf 87' lang='lat' dir='ltr'><strong>ut</strong></span> <span class='ocrx_word' id='word_1_240' title='bbox 368 1445 466 1472; x_wconf 85' lang='lat' dir='ltr'><strong>alicubi</strong></span> <span class='ocrx_word' id='word_1_241' title='bbox 483 1445 549 1473; x_wconf 90' lang='lat' dir='ltr'><strong>dicit</strong></span> <span class='ocrx_word' id='word_1_242' title='bbox 570 1445 640 1472; x_wconf 89' lang='lat' dir='ltr'><strong>idctn</strong></span> <span class='ocrx_word' id='word_1_243' title='bbox 654 1446 676 1461; x_wconf 84' lang='grc'><strong>¹⁹</strong></span> <span class='ocrx_word' id='word_1_244' title='bbox 690 1455 697 1473; x_wconf 88' lang='lat'><strong><em>:</em></strong></span> <span class='ocrx_word' id='word_1_245' title='bbox 715 1455 725 1471; x_wconf 78' lang='grc' dir='ltr'>ι</span> <span class='ocrx_word' id='word_1_246' title='bbox 740 1446 846 1473; x_wconf 90' lang='lat' dir='ltr'><strong>lrritam</strong></span> <span class='ocrx_word' id='word_1_247' title='bbox 861 1447 922 1481; x_wconf 86' lang='lat' dir='ltr'><strong>quis</strong></span> 
     </span>
    </p>
   </div>
   <div class='ocr_carea' id='block_1_33' title="bbox 132 1491 921 1526">
    <p class='ocr_par' dir='ltr' id='par_1_33' title="bbox 132 1491 921 1526">
     <span class='ocr_line' id='line_1_33' title="bbox 132 1491 921 1526; baseline 0.001 -7"><span class='ocrx_word' id='word_1_248' title='bbox 132 1492 234 1519; x_wconf 73' lang='lat' dir='ltr'><strong>faciens</strong></span> <span class='ocrx_word' id='word_1_249' title='bbox 245 1491 332 1526; x_wconf 73' lang='lat' dir='ltr'><strong>legem</strong></span> <span class='ocrx_word' id='word_1_250' title='bbox 344 1491 421 1525; x_wconf 77' lang='lat' dir='ltr'><strong>Mosi,</strong></span> <span class='ocrx_word' id='word_1_251' title='bbox 434 1491 493 1518; x_wconf 85' lang='lat' dir='ltr'><strong>sine</strong></span> <span class='ocrx_word' id='word_1_252' title='bbox 507 1491 559 1518; x_wconf 88' lang='lat' dir='ltr'><strong>ulla</strong></span> <span class='ocrx_word' id='word_1_253' title='bbox 572 1491 747 1519; x_wconf 88' lang='lat' dir='ltr'><strong>miseratione</strong></span> <span class='ocrx_word' id='word_1_254' title='bbox 761 1493 864 1520; x_wconf 87' lang='lat' dir='ltr'><strong>duobus</strong></span> <span class='ocrx_word' id='word_1_255' title='bbox 876 1493 921 1520; x_wconf 88' lang='lat' dir='ltr'><strong>vel</strong></span> 
     </span>
    </p>
   </div>
   <div class='ocr_carea' id='block_1_34' title="bbox 133 1536 922 1572">
    <p class='ocr_par' dir='ltr' id='par_1_34' title="bbox 133 1536 922 1572">
     <span class='ocr_line' id='line_1_34' title="bbox 133 1536 922 1572; baseline -0.001 -6"><span class='ocrx_word' id='word_1_256' title='bbox 133 1539 218 1566; x_wconf 88' lang='lat' dir='ltr'><strong>tribus</strong></span> <span class='ocrx_word' id='word_1_257' title='bbox 233 1538 349 1566; x_wconf 87' lang='lat' dir='ltr'><strong>testibus</strong></span> <span class='ocrx_word' id='word_1_258' title='bbox 365 1540 477 1565; x_wconf 81' lang='lat' dir='ltr'><strong>moritur</strong></span> <span class='ocrx_word' id='word_1_259' title='bbox 488 1537 521 1564; x_wconf 83' lang='lat'><strong>&#39;°.</strong></span> <span class='ocrx_word' id='word_1_260' title='bbox 537 1546 547 1562; x_wconf 77' lang='grc' dir='ltr'>ι</span> <span class='ocrx_word' id='word_1_261' title='bbox 563 1536 630 1564; x_wconf 88' lang='lat' dir='ltr'><strong>Cum</strong></span> <span class='ocrx_word' id='word_1_262' title='bbox 645 1544 709 1572; x_wconf 75' lang='lat' dir='ltr'><strong>ergo</strong></span> <span class='ocrx_word' id='word_1_263' title='bbox 725 1538 768 1564; x_wconf 82' lang='lat' dir='ltr'><strong>lex</strong></span> <span class='ocrx_word' id='word_1_264' title='bbox 781 1538 922 1565; x_wconf 85' lang='lat' dir='ltr'><strong>damnaret</strong></span> 
     </span>
    </p>
   </div>
   <div class='ocr_carea' id='block_1_35' title="bbox 132 1583 923 1620">
    <p class='ocr_par' dir='ltr' id='par_1_35' title="bbox 132 1583 923 1620">
     <span class='ocr_line' id='line_1_35' title="bbox 132 1583 923 1620; baseline 0 -9"><span class='ocrx_word' id='word_1_265' title='bbox 132 1589 288 1620; x_wconf 76' lang='lat' dir='ltr'><strong>peccantes,</strong></span> <span class='ocrx_word' id='word_1_266' title='bbox 305 1588 332 1611; x_wconf 90' lang='lat' dir='ltr'><strong>et</strong></span> <span class='ocrx_word' id='word_1_267' title='bbox 348 1588 498 1611; x_wconf 86' lang='lat' dir='ltr'><strong>extremum</strong></span> <span class='ocrx_word' id='word_1_268' title='bbox 516 1590 708 1618; x_wconf 83' lang='lat' dir='ltr'><strong>nmtnunquam</strong></span> <span class='ocrx_word' id='word_1_269' title='bbox 724 1583 884 1618; x_wconf 88' lang='lat' dir='ltr'><strong>supplicium</strong></span> <span class='ocrx_word' id='word_1_270' title='bbox 897 1584 923 1611; x_wconf 96' lang='lat' dir='ltr'><strong>in</strong></span> 
     </span>
    </p>
   </div>
   <div class='ocr_carea' id='block_1_36' title="bbox 131 1628 922 1661">
    <p class='ocr_par' dir='ltr' id='par_1_36' title="bbox 131 1628 922 1661">
     <span class='ocr_line' id='line_1_36' title="bbox 131 1628 922 1661; baseline -0.003 -3"><span class='ocrx_word' id='word_1_271' title='bbox 131 1635 338 1658; x_wconf 83' lang='lat' dir='ltr'><strong>contemnentes</strong></span> <span class='ocrx_word' id='word_1_272' title='bbox 347 1630 515 1660; x_wconf 86' lang='lat' dir='ltr'><strong>decerneret,</strong></span> <span class='ocrx_word' id='word_1_273' title='bbox 527 1633 554 1655; x_wconf 91' lang='lat' dir='ltr'><strong>et</strong></span> <span class='ocrx_word' id='word_1_274' title='bbox 564 1628 637 1655; x_wconf 89' lang='lat' dir='ltr'><strong>nullo</strong></span> <span class='ocrx_word' id='word_1_275' title='bbox 649 1629 728 1656; x_wconf 91' lang='lat' dir='ltr'><strong>tnodo</strong></span> <span class='ocrx_word' id='word_1_276' title='bbox 737 1630 922 1661; x_wconf 85' lang='lat' dir='ltr'><strong>miseraretur,</strong></span> 
     </span>
    </p>
   </div>
   <div class='ocr_carea' id='block_1_37' title="bbox 132 1675 923 1711">
    <p class='ocr_par' dir='ltr' id='par_1_37' title="bbox 132 1675 923 1711">
     <span class='ocr_line' id='line_1_37' title="bbox 132 1675 923 1711; baseline 0 -9"><span class='ocrx_word' id='word_1_277' title='bbox 132 1675 267 1711; x_wconf 79' lang='lat' dir='ltr'><strong>quomodo</strong></span> <span class='ocrx_word' id='word_1_278' title='bbox 287 1682 341 1702; x_wconf 89' lang='lat' dir='ltr'><strong>non</strong></span> <span class='ocrx_word' id='word_1_279' title='bbox 359 1679 418 1702; x_wconf 83' lang='lat' dir='ltr'><strong>erat</strong></span> <span class='ocrx_word' id='word_1_280' title='bbox 441 1676 593 1702; x_wconf 85' lang='lat' dir='ltr'><strong>necessaria</strong></span> <span class='ocrx_word' id='word_1_281' title='bbox 616 1675 770 1702; x_wconf 89' lang='lat' dir='ltr'><strong>hominibus</strong></span> <span class='ocrx_word' id='word_1_282' title='bbox 796 1675 822 1701; x_wconf 93' lang='lat' dir='ltr'><strong>in</strong></span> <span class='ocrx_word' id='word_1_283' title='bbox 845 1676 923 1703; x_wconf 88' lang='lat' dir='ltr'><strong>terris</strong></span> 
     </span>
    </p>
   </div>
   <div class='ocr_carea' id='block_1_38' title="bbox 133 1719 923 1756">
    <p class='ocr_par' dir='ltr' id='par_1_38' title="bbox 133 1719 923 1756">
     <span class='ocr_line' id='line_1_38' title="bbox 133 1719 923 1756; baseline 0 -8"><span class='ocrx_word' id='word_1_284' title='bbox 133 1721 274 1756; x_wconf 75' lang='lat' dir='ltr'><strong>agentibus</strong></span> <span class='ocrx_word' id='word_1_285' title='bbox 297 1720 340 1747; x_wconf 88' lang='lat' dir='ltr'><strong>illa</strong></span> <span class='ocrx_word' id='word_1_286' title='bbox 366 1719 508 1747; x_wconf 89' lang='lat' dir='ltr'><strong>clementis</strong></span> <span class='ocrx_word' id='word_1_287' title='bbox 530 1725 558 1747; x_wconf 87' lang='lat' dir='ltr'><strong>et</strong></span> <span class='ocrx_word' id='word_1_288' title='bbox 581 1720 765 1748; x_wconf 85' lang='lat' dir='ltr'><strong>misericordis</strong></span> <span class='ocrx_word' id='word_1_289' title='bbox 788 1721 923 1755; x_wconf 86' lang='lat' dir='ltr'><strong>pontiﬁcis</strong></span> 
     </span>
    </p>
   </div>
   <div class='ocr_carea' id='block_1_39' title="bbox 133 1766 923 1802">
    <p class='ocr_par' dir='ltr' id='par_1_39' title="bbox 133 1766 923 1802">
     <span class='ocr_line' id='line_1_39' title="bbox 133 1766 923 1802; baseline 0.001 -9"><span class='ocrx_word' id='word_1_290' title='bbox 133 1767 292 1800; x_wconf 79' lang='lat' dir='ltr'><strong>declaratio,</strong></span> <span class='ocrx_word' id='word_1_291' title='bbox 312 1766 358 1800; x_wconf 93' lang='lat' dir='ltr'><strong>qui</strong></span> <span class='ocrx_word' id='word_1_292' title='bbox 381 1766 523 1794; x_wconf 82' lang='lat' dir='ltr'><strong>maledicto</strong></span> <span class='ocrx_word' id='word_1_293' title='bbox 546 1766 624 1793; x_wconf 90' lang='lat' dir='ltr'><strong>ﬁnem</strong></span> <span class='ocrx_word' id='word_1_294' title='bbox 641 1766 801 1801; x_wconf 87' lang='lat' dir='ltr'><strong>imponeret,</strong></span> <span class='ocrx_word' id='word_1_295' title='bbox 826 1768 923 1802; x_wconf 67' lang='lat' dir='ltr'><strong>praeci-</strong></span> 
     </span>
    </p>
   </div>
   <div class='ocr_carea' id='block_1_40' title="bbox 132 1811 924 1847">
    <p class='ocr_par' dir='ltr' id='par_1_40' title="bbox 132 1811 924 1847">
     <span class='ocr_line' id='line_1_40' title="bbox 132 1811 924 1847; baseline 0.001 -8"><span class='ocrx_word' id='word_1_296' title='bbox 132 1812 262 1847; x_wconf 81' lang='lat' dir='ltr'><strong>deretque</strong></span> <span class='ocrx_word' id='word_1_297' title='bbox 280 1811 436 1844; x_wconf 84' lang='lat' dir='ltr'><strong>vindictam,</strong></span> <span class='ocrx_word' id='word_1_298' title='bbox 461 1817 487 1838; x_wconf 92' lang='lat' dir='ltr'><strong>et</strong></span> <span class='ocrx_word' id='word_1_299' title='bbox 509 1819 556 1839; x_wconf 90' lang='lat' dir='ltr'><strong>eos</strong></span> <span class='ocrx_word' id='word_1_300' title='bbox 580 1812 625 1846; x_wconf 92' lang='lat' dir='ltr'><strong>qui</strong></span> <span class='ocrx_word' id='word_1_301' title='bbox 651 1817 837 1846; x_wconf 87' lang='lat' dir='ltr'><strong>peccaverant,</strong></span> <span class='ocrx_word' id='word_1_302' title='bbox 866 1813 924 1840; x_wconf 88' lang='lat' dir='ltr'><strong>cle-</strong></span> 
     </span>
    </p>
   </div>
   <div class='ocr_carea' id='block_1_41' title="bbox 133 1855 923 1892">
    <p class='ocr_par' dir='ltr' id='par_1_41' title="bbox 133 1855 923 1892">
     <span class='ocr_line' id='line_1_41' title="bbox 133 1855 923 1892; baseline 0.001 -9"><span class='ocrx_word' id='word_1_303' title='bbox 133 1858 215 1884; x_wconf 88' lang='lat' dir='ltr'><strong>menti</strong></span> <span class='ocrx_word' id='word_1_304' title='bbox 238 1857 346 1892; x_wconf 77' lang='lat' dir='ltr'><strong>gratia,</strong></span> <span class='ocrx_word' id='word_1_305' title='bbox 371 1855 543 1891; x_wconf 81' lang='lat' dir='ltr'><strong>benignoque</strong></span> <span class='ocrx_word' id='word_1_306' title='bbox 579 1861 646 1883; x_wconf 92' lang='lat' dir='ltr'><strong>nutu</strong></span> <span class='ocrx_word' id='word_1_307' title='bbox 669 1856 817 1884; x_wconf 86' lang='lat' dir='ltr'><strong>liberaret?</strong></span> <span class='ocrx_word' id='word_1_308' title='bbox 840 1867 849 1883; x_wconf 81' lang='grc' dir='ltr'>ι</span> <span class='ocrx_word' id='word_1_309' title='bbox 868 1857 923 1892; x_wconf 72' lang='lat' dir='ltr'><strong>Ego</strong></span> 
     </span>
    </p>
   </div>
   <div class='ocr_carea' id='block_1_42' title="bbox 133 1902 922 1937">
    <p class='ocr_par' dir='ltr' id='par_1_42' title="bbox 133 1902 922 1937">
     <span class='ocr_line' id='line_1_42' title="bbox 133 1902 922 1937; baseline 0.003 -8"><span class='ocrx_word' id='word_1_310' title='bbox 133 1903 217 1936; x_wconf 85' lang='lat' dir='ltr'><strong>enim,</strong></span> <span class='ocrx_word' id='word_1_311' title='bbox 231 1902 328 1937; x_wconf 87' lang='lat' dir='ltr'><strong>inquit,</strong></span> <span class='ocrx_word' id='word_1_312' title='bbox 342 1909 400 1929; x_wconf 85' lang='lat' dir='ltr'><strong>sunt</strong></span> <span class='ocrx_word' id='word_1_313' title='bbox 414 1902 458 1936; x_wconf 93' lang='lat' dir='ltr'><strong>qui</strong></span> <span class='ocrx_word' id='word_1_314' title='bbox 475 1903 551 1929; x_wconf 90' lang='lat' dir='ltr'><strong>deleo</strong></span> <span class='ocrx_word' id='word_1_315' title='bbox 566 1902 725 1937; x_wconf 87' lang='lat' dir='ltr'><strong>iniquitates</strong></span> <span class='ocrx_word' id='word_1_316' title='bbox 739 1907 808 1935; x_wconf 88' lang='lat' dir='ltr'><strong>tuas,</strong></span> <span class='ocrx_word' id='word_1_317' title='bbox 826 1907 853 1930; x_wconf 92' lang='lat' dir='ltr'><strong>et</strong></span> <span class='ocrx_word' id='word_1_318' title='bbox 869 1911 922 1930; x_wconf 93' lang='lat' dir='ltr'><strong>non</strong></span> 
     </span>
    </p>
   </div>
   <div class='ocr_carea' id='block_1_43' title="bbox 133 1947 922 1982">
    <p class='ocr_par' dir='ltr' id='par_1_43' title="bbox 133 1947 922 1982">
     <span class='ocr_line' id='line_1_43' title="bbox 133 1947 922 1982; baseline 0.001 -8"><span class='ocrx_word' id='word_1_319' title='bbox 133 1948 295 1976; x_wconf 86' lang='lat' dir='ltr'><strong>recordabor</strong></span> <span class='ocrx_word' id='word_1_320' title='bbox 309 1947 342 1974; x_wconf 76' lang='lat'><strong>“.</strong></span> <span class='ocrx_word' id='word_1_321' title='bbox 369 1947 518 1981; x_wconf 78' lang='lat' dir='ltr'><strong>Justiﬁcau]</strong></span> <span class='ocrx_word' id='word_1_322' title='bbox 536 1955 652 1982; x_wconf 86' lang='lat' dir='ltr'><strong>namque</strong></span> <span class='ocrx_word' id='word_1_323' title='bbox 674 1955 767 1974; x_wconf 88' lang='lat' dir='ltr'><strong>sumus</strong></span> <span class='ocrx_word' id='word_1_324' title='bbox 791 1947 854 1982; x_wconf 90' lang='lat' dir='ltr'><strong>ﬁde,</strong></span> <span class='ocrx_word' id='word_1_325' title='bbox 869 1956 922 1975; x_wconf 89' lang='lat' dir='ltr'><strong>non</strong></span> 
     </span>
    </p>
   </div>
   <div class='ocr_carea' id='block_1_44' title="bbox 132 1992 921 2029">
    <p class='ocr_par' dir='ltr' id='par_1_44' title="bbox 132 1992 921 2029">
     <span class='ocr_line' id='line_1_44' title="bbox 132 1992 921 2029; baseline 0 -8"><span class='ocrx_word' id='word_1_326' title='bbox 132 2002 163 2021; x_wconf 80' lang='lat' dir='ltr'><strong>ev</strong></span> <span class='ocrx_word' id='word_1_327' title='bbox 183 1993 309 2028; x_wconf 80' lang='lat' dir='ltr'><strong>operibus</strong></span> <span class='ocrx_word' id='word_1_328' title='bbox 325 1992 399 2028; x_wconf 80' lang='lat' dir='ltr'><strong>legis,</strong></span> <span class='ocrx_word' id='word_1_329' title='bbox 411 1992 469 2028; x_wconf 68' lang='grc'><strong>74</strong></span> <span class='ocrx_word' id='word_1_330' title='bbox 486 1998 514 2019; x_wconf 93' lang='lat' dir='ltr'><strong>ut</strong></span> <span class='ocrx_word' id='word_1_331' title='bbox 528 1993 656 2028; x_wconf 88' lang='lat' dir='ltr'><strong>scriptqu</strong></span> <span class='ocrx_word' id='word_1_332' title='bbox 675 1994 760 2021; x_wconf 81' lang='lat' dir='ltr'><strong>est&quot;.</strong></span> <span class='ocrx_word' id='word_1_333' title='bbox 775 2003 784 2019; x_wconf 75' lang='grc' dir='ltr'>ι</span> <span class='ocrx_word' id='word_1_334' title='bbox 799 1993 828 2021; x_wconf 95' lang='lat' dir='ltr'><strong>ln</strong></span> <span class='ocrx_word' id='word_1_335' title='bbox 841 2001 921 2029; x_wconf 89' lang='lat' dir='ltr'><strong>quem</strong></span> 
     </span>
    </p>
   </div>
   <div class='ocr_carea' id='block_1_45' title="bbox 133 2039 923 2075">
    <p class='ocr_par' dir='ltr' id='par_1_45' title="bbox 133 2039 923 2075">
     <span class='ocr_line' id='line_1_45' title="bbox 133 2039 923 2075; baseline 0.001 -8"><span class='ocrx_word' id='word_1_336' title='bbox 133 2041 214 2075; x_wconf 78' lang='lat' dir='ltr'><strong>igitur</strong></span> <span class='ocrx_word' id='word_1_337' title='bbox 235 2040 377 2067; x_wconf 81' lang='lat' dir='ltr'><strong>credentes</strong></span> <span class='ocrx_word' id='word_1_338' title='bbox 398 2039 600 2072; x_wconf 82' lang='lat' dir='ltr'><strong>justilicamur?</strong></span> <span class='ocrx_word' id='word_1_339' title='bbox 623 2047 714 2067; x_wconf 89' lang='lat' dir='ltr'><strong>nonne</strong></span> <span class='ocrx_word' id='word_1_340' title='bbox 737 2040 764 2067; x_wconf 92' lang='lat' dir='ltr'><strong>in</strong></span> <span class='ocrx_word' id='word_1_341' title='bbox 787 2048 849 2068; x_wconf 87' lang='lat' dir='ltr'><strong>eum</strong></span> <span class='ocrx_word' id='word_1_342' title='bbox 876 2041 923 2075; x_wconf 90' lang='lat' dir='ltr'><strong>qui</strong></span> 
     </span>
    </p>
   </div>
   <div class='ocr_carea' id='block_1_46' title="bbox 133 2086 923 2122">
    <p class='ocr_par' dir='ltr' id='par_1_46' title="bbox 133 2086 923 2122">
     <span class='ocr_line' id='line_1_46' title="bbox 133 2086 923 2122; baseline 0.003 -10"><span class='ocrx_word' id='word_1_343' title='bbox 133 2091 242 2122; x_wconf 84' lang='lat' dir='ltr'><strong>propter</strong></span> <span class='ocrx_word' id='word_1_344' title='bbox 258 2094 306 2113; x_wconf 85' lang='lat' dir='ltr'><strong>IIOS</strong></span> <span class='ocrx_word' id='word_1_345' title='bbox 323 2090 438 2112; x_wconf 88' lang='lat' dir='ltr'><strong>mortcnt</strong></span> <span class='ocrx_word' id='word_1_346' title='bbox 460 2086 607 2112; x_wconf 82' lang='lat' dir='ltr'><strong>secundum</strong></span> <span class='ocrx_word' id='word_1_347' title='bbox 623 2094 733 2113; x_wconf 86' lang='lat' dir='ltr'><strong>carnem</strong></span> <span class='ocrx_word' id='word_1_348' title='bbox 749 2094 844 2121; x_wconf 85' lang='lat' dir='ltr'><strong>passus</strong></span> <span class='ocrx_word' id='word_1_349' title='bbox 859 2087 923 2114; x_wconf 82' lang='lat' dir='ltr'><strong>est?</strong></span> 
     </span>
    </p>
   </div>
   <div class='ocr_carea' id='block_1_47' title="bbox 134 2130 924 2159">
    <p class='ocr_par' dir='ltr' id='par_1_47' title="bbox 134 2130 924 2159">
     <span class='ocr_line' id='line_1_47' title="bbox 134 2130 924 2159; baseline 0 0"><span class='ocrx_word' id='word_1_350' title='bbox 134 2140 186 2159; x_wconf 89' lang='lat' dir='ltr'><strong>non</strong></span> <span class='ocrx_word' id='word_1_351' title='bbox 203 2133 228 2159; x_wconf 91' lang='lat' dir='ltr'><strong>in</strong></span> <span class='ocrx_word' id='word_1_352' title='bbox 243 2139 325 2159; x_wconf 89' lang='lat' dir='ltr'><strong>unum</strong></span> <span class='ocrx_word' id='word_1_353' title='bbox 345 2132 486 2158; x_wconf 91' lang='lat' dir='ltr'><strong>Dominum</strong></span> <span class='ocrx_word' id='word_1_354' title='bbox 501 2130 592 2158; x_wconf 85' lang='lat' dir='ltr'><strong>Jcsum</strong></span> <span class='ocrx_word' id='word_1_355' title='bbox 613 2131 771 2158; x_wconf 84' lang='lat' dir='ltr'><strong>Christum?</strong></span> <span class='ocrx_word' id='word_1_356' title='bbox 785 2140 837 2158; x_wconf 91' lang='lat' dir='ltr'><strong>non</strong></span> <span class='ocrx_word' id='word_1_357' title='bbox 852 2140 924 2159; x_wconf 89' lang='lat' dir='ltr'><strong>mor-</strong></span> 
     </span>
    </p>
   </div>
   <div class='ocr_carea' id='block_1_48' title="bbox 134 2177 924 2212">
    <p class='ocr_par' dir='ltr' id='par_1_48' title="bbox 134 2177 924 2212">
     <span class='ocr_line' id='line_1_48' title="bbox 134 2177 924 2212; baseline 0.001 -8"><span class='ocrx_word' id='word_1_358' title='bbox 134 2183 187 2204; x_wconf 90' lang='lat' dir='ltr'><strong>tem</strong></span> <span class='ocrx_word' id='word_1_359' title='bbox 206 2178 264 2212; x_wconf 88' lang='lat' dir='ltr'><strong>ejus</strong></span> <span class='ocrx_word' id='word_1_360' title='bbox 279 2178 482 2208; x_wconf 83' lang='lat' dir='ltr'><strong>annuntiantcs,</strong></span> <span class='ocrx_word' id='word_1_361' title='bbox 499 2181 527 2204; x_wconf 90' lang='lat' dir='ltr'><strong>et</strong></span> <span class='ocrx_word' id='word_1_362' title='bbox 544 2177 775 2204; x_wconf 85' lang='lat' dir='ltr'><strong>resurrectionem</strong></span> <span class='ocrx_word' id='word_1_363' title='bbox 791 2178 924 2205; x_wconf 91' lang='lat' dir='ltr'><strong>conﬁten-</strong></span> 
     </span>
    </p>
   </div>
   <div class='ocr_carea' id='block_1_49' title="bbox 133 2223 922 2258">
    <p class='ocr_par' dir='ltr' id='par_1_49' title="bbox 133 2223 922 2258">
     <span class='ocr_line' id='line_1_49' title="bbox 133 2223 922 2258; baseline 0 -7"><span class='ocrx_word' id='word_1_364' title='bbox 133 2230 173 2251; x_wconf 84' lang='lat' dir='ltr'><strong>tes</strong></span> <span class='ocrx_word' id='word_1_365' title='bbox 184 2224 316 2258; x_wconf 87' lang='lat' dir='ltr'><strong>redempti</strong></span> <span class='ocrx_word' id='word_1_366' title='bbox 338 2223 452 2250; x_wconf 84' lang='lat' dir='ltr'><strong>sumus?</strong></span> <span class='ocrx_word' id='word_1_367' title='bbox 467 2224 494 2250; x_wconf 88' lang='lat' dir='ltr'><strong>Si</strong></span> <span class='ocrx_word' id='word_1_368' title='bbox 514 2223 594 2257; x_wconf 71' lang='lat' dir='ltr'><strong>igitur</strong></span> <span class='ocrx_word' id='word_1_369' title='bbox 612 2223 638 2249; x_wconf 91' lang='lat' dir='ltr'><strong>in</strong></span> <span class='ocrx_word' id='word_1_370' title='bbox 655 2223 789 2251; x_wconf 88' lang='lat' dir='ltr'><strong>hominem</strong></span> <span class='ocrx_word' id='word_1_371' title='bbox 808 2232 890 2251; x_wconf 92' lang='lat' dir='ltr'><strong>unum</strong></span> <span class='ocrx_word' id='word_1_372' title='bbox 907 2231 922 2251; x_wconf 92' lang='lat' dir='ltr'><strong>e</strong></span> 
     </span>
    </p>
   </div>
   <div class='ocr_carea' id='block_1_50' title="bbox 133 2269 922 2304">
    <p class='ocr_par' dir='ltr' id='par_1_50' title="bbox 133 2269 922 2304">
     <span class='ocr_line' id='line_1_50' title="bbox 133 2269 922 2304; baseline 0.001 -8"><span class='ocrx_word' id='word_1_373' title='bbox 133 2270 209 2296; x_wconf 84' lang='lat' dir='ltr'><strong>nobis</strong></span> <span class='ocrx_word' id='word_1_374' title='bbox 229 2270 402 2301; x_wconf 88' lang='lat' dir='ltr'><strong>credidimus,</strong></span> <span class='ocrx_word' id='word_1_375' title='bbox 423 2277 454 2295; x_wconf 83' lang='lat' dir='ltr'><strong>ac</strong></span> <span class='ocrx_word' id='word_1_376' title='bbox 471 2277 522 2295; x_wconf 82' lang='lat' dir='ltr'><strong>non</strong></span> <span class='ocrx_word' id='word_1_377' title='bbox 539 2269 626 2304; x_wconf 82' lang='lat' dir='ltr'><strong>potius</strong></span> <span class='ocrx_word' id='word_1_378' title='bbox 645 2269 670 2295; x_wconf 91' lang='lat' dir='ltr'><strong>in</strong></span> <span class='ocrx_word' id='word_1_379' title='bbox 695 2269 788 2302; x_wconf 89' lang='lat' dir='ltr'><strong>Deum,</strong></span> <span class='ocrx_word' id='word_1_380' title='bbox 803 2270 922 2297; x_wconf 81' lang='lat' dir='ltr'><strong>hominis</strong></span> 
     </span>
    </p>
   </div>
   <div class='ocr_carea' id='block_1_51' title="bbox 132 2314 919 2347">
    <p class='ocr_par' dir='ltr' id='par_1_51' title="bbox 132 2314 919 2347">
     <span class='ocr_line' id='line_1_51' title="bbox 132 2314 919 2347; baseline 0.001 -5"><span class='ocrx_word' id='word_1_381' title='bbox 132 2316 254 2343; x_wconf 85' lang='lat' dir='ltr'><strong>adoratio</strong></span> <span class='ocrx_word' id='word_1_382' title='bbox 269 2316 321 2342; x_wconf 91' lang='lat' dir='ltr'><strong>erit</strong></span> <span class='ocrx_word' id='word_1_383' title='bbox 339 2323 370 2342; x_wconf 85' lang='lat' dir='ltr'><strong>ea</strong></span> <span class='ocrx_word' id='word_1_384' title='bbox 392 2323 435 2342; x_wconf 88' lang='lat' dir='ltr'><strong>res</strong></span> <span class='ocrx_word' id='word_1_385' title='bbox 456 2315 514 2342; x_wconf 88' lang='lat' dir='ltr'><strong>sine</strong></span> <span class='ocrx_word' id='word_1_386' title='bbox 532 2314 624 2347; x_wconf 89' lang='lat' dir='ltr'><strong>dubio,</strong></span> <span class='ocrx_word' id='word_1_387' title='bbox 639 2319 666 2342; x_wconf 89' lang='lat' dir='ltr'><strong>et</strong></span> <span class='ocrx_word' id='word_1_388' title='bbox 685 2315 750 2342; x_wconf 87' lang='lat' dir='ltr'><strong>nihil</strong></span> <span class='ocrx_word' id='word_1_389' title='bbox 771 2315 854 2343; x_wconf 86' lang='lat' dir='ltr'><strong>aliud.</strong></span> <span class='ocrx_word' id='word_1_390' title='bbox 870 2316 919 2343; x_wconf 90' lang='lat' dir='ltr'><strong>Sin</strong></span> 
     </span>
    </p>
   </div>
   <div class='ocr_carea' id='block_1_52' title="bbox 134 2360 922 2396">
    <p class='ocr_par' dir='ltr' id='par_1_52' title="bbox 134 2360 922 2396">
     <span class='ocr_line' id='line_1_52' title="bbox 134 2360 922 2396; baseline 0.001 -8"><span class='ocrx_word' id='word_1_391' title='bbox 134 2362 207 2388; x_wconf 94' lang='lat' dir='ltr'><strong>illum</strong></span> <span class='ocrx_word' id='word_1_392' title='bbox 225 2369 306 2389; x_wconf 87' lang='lat' dir='ltr'><strong>carne</strong></span> <span class='ocrx_word' id='word_1_393' title='bbox 320 2369 430 2396; x_wconf 86' lang='lat' dir='ltr'><strong>passum</strong></span> <span class='ocrx_word' id='word_1_394' title='bbox 450 2361 533 2387; x_wconf 83' lang='lat' dir='ltr'><strong>Deum</strong></span> <span class='ocrx_word' id='word_1_395' title='bbox 548 2368 607 2387; x_wconf 88' lang='lat' dir='ltr'><strong>esse</strong></span> <span class='ocrx_word' id='word_1_396' title='bbox 620 2360 763 2392; x_wconf 80' lang='lat' dir='ltr'><strong>credimus,</strong></span> <span class='ocrx_word' id='word_1_397' title='bbox 778 2363 822 2395; x_wconf 92' lang='lat' dir='ltr'><strong>qui</strong></span> <span class='ocrx_word' id='word_1_398' title='bbox 840 2362 922 2389; x_wconf 89' lang='lat' dir='ltr'><strong>etiam</strong></span> 
     </span>
    </p>
   </div>
   <div class='ocr_carea' id='block_1_53' title="bbox 134 2405 921 2438">
    <p class='ocr_par' dir='ltr' id='par_1_53' title="bbox 134 2405 921 2438">
     <span class='ocr_line' id='line_1_53' title="bbox 134 2405 921 2438; baseline 0 -4"><span class='ocrx_word' id='word_1_399' title='bbox 134 2414 226 2435; x_wconf 86' lang='lat' dir='ltr'><strong>noster</strong></span> <span class='ocrx_word' id='word_1_400' title='bbox 241 2408 368 2434; x_wconf 87' lang='lat' dir='ltr'><strong>sacerdos</strong></span> <span class='ocrx_word' id='word_1_401' title='bbox 385 2407 420 2434; x_wconf 90' lang='lat' dir='ltr'><strong>sit</strong></span> <span class='ocrx_word' id='word_1_402' title='bbox 434 2406 532 2438; x_wconf 80' lang='lat' dir='ltr'><strong>factus,</strong></span> <span class='ocrx_word' id='word_1_403' title='bbox 549 2405 624 2433; x_wconf 86' lang='lat' dir='ltr'><strong>nullo</strong></span> <span class='ocrx_word' id='word_1_404' title='bbox 638 2407 718 2433; x_wconf 88' lang='lat' dir='ltr'><strong>modo</strong></span> <span class='ocrx_word' id='word_1_405' title='bbox 730 2407 755 2433; x_wconf 91' lang='lat' dir='ltr'><strong>in</strong></span> <span class='ocrx_word' id='word_1_406' title='bbox 767 2415 863 2435; x_wconf 89' lang='lat' dir='ltr'><strong>errore</strong></span> <span class='ocrx_word' id='word_1_407' title='bbox 875 2416 921 2435; x_wconf 84' lang='lat' dir='ltr'><strong>sn-</strong></span> 
     </span>
    </p>
   </div>
   <div class='ocr_carea' id='block_1_54' title="bbox 134 2452 919 2488">
    <p class='ocr_par' dir='ltr' id='par_1_54' title="bbox 134 2452 919 2488">
     <span class='ocr_line' id='line_1_54' title="bbox 134 2452 919 2488; baseline -0.001 -7"><span class='ocrx_word' id='word_1_408' title='bbox 134 2462 204 2486; x_wconf 90' lang='lat' dir='ltr'><strong>mus,</strong></span> <span class='ocrx_word' id='word_1_409' title='bbox 221 2454 267 2481; x_wconf 80' lang='lat' dir='ltr'><strong>sed</strong></span> <span class='ocrx_word' id='word_1_410' title='bbox 291 2454 378 2488; x_wconf 88' lang='lat' dir='ltr'><strong>ipsutn</strong></span> <span class='ocrx_word' id='word_1_411' title='bbox 401 2461 433 2480; x_wconf 78' lang='lat' dir='ltr'><strong>ex</strong></span> <span class='ocrx_word' id='word_1_412' title='bbox 456 2453 511 2479; x_wconf 83' lang='lat' dir='ltr'><strong>Deo</strong></span> <span class='ocrx_word' id='word_1_413' title='bbox 530 2452 645 2479; x_wconf 81' lang='lat' dir='ltr'><strong>Verbum</strong></span> <span class='ocrx_word' id='word_1_414' title='bbox 664 2453 800 2480; x_wconf 83' lang='lat' dir='ltr'><strong>hominem</strong></span> <span class='ocrx_word' id='word_1_415' title='bbox 820 2453 919 2480; x_wconf 81' lang='lat' dir='ltr'><strong>factum</strong></span> 
     </span>
    </p>
   </div>
   <div class='ocr_carea' id='block_1_55' title="bbox 135 2498 921 2536">
    <p class='ocr_par' dir='ltr' id='par_1_55' title="bbox 135 2498 921 2536">
     <span class='ocr_line' id='line_1_55' title="bbox 135 2498 921 2536; baseline -0.001 -9"><span class='ocrx_word' id='word_1_416' title='bbox 135 2501 305 2536; x_wconf 76' lang='lat' dir='ltr'><strong>agnoscimus</strong></span> <span class='ocrx_word' id='word_1_417' title='bbox 319 2509 326 2527; x_wconf 91' lang='lat'><strong>:</strong></span> <span class='ocrx_word' id='word_1_418' title='bbox 340 2501 434 2533; x_wconf 84' lang='lat' dir='ltr'><strong>sicque</strong></span> <span class='ocrx_word' id='word_1_419' title='bbox 448 2507 462 2526; x_wconf 89' lang='lat' dir='ltr'><strong>a</strong></span> <span class='ocrx_word' id='word_1_420' title='bbox 478 2499 554 2525; x_wconf 84' lang='lat' dir='ltr'><strong>nobis</strong></span> <span class='ocrx_word' id='word_1_421' title='bbox 571 2498 637 2526; x_wconf 86' lang='lat' dir='ltr'><strong>ﬁdes</strong></span> <span class='ocrx_word' id='word_1_422' title='bbox 654 2499 680 2525; x_wconf 87' lang='lat' dir='ltr'><strong>in</strong></span> <span class='ocrx_word' id='word_1_423' title='bbox 700 2499 781 2525; x_wconf 90' lang='lat' dir='ltr'><strong>Deum</strong></span> <span class='ocrx_word' id='word_1_424' title='bbox 795 2499 921 2532; x_wconf 69' lang='lat' dir='ltr'><strong>exigitur,</strong></span> 
     </span>
    </p>
   </div>
   <div class='ocr_carea' id='block_1_56' title="bbox 133 2545 923 2582">
    <p class='ocr_par' dir='ltr' id='par_1_56' title="bbox 133 2545 923 2582">
     <span class='ocr_line' id='line_1_56' title="bbox 133 2545 923 2582; baseline 0 -10"><span class='ocrx_word' id='word_1_425' title='bbox 133 2548 177 2582; x_wconf 88' lang='lat' dir='ltr'><strong>qui</strong></span> <span class='ocrx_word' id='word_1_426' title='bbox 202 2554 250 2573; x_wconf 90' lang='lat' dir='ltr'><strong>nos</strong></span> <span class='ocrx_word' id='word_1_427' title='bbox 267 2555 280 2572; x_wconf 92' lang='lat' dir='ltr'><strong>a</strong></span> <span class='ocrx_word' id='word_1_428' title='bbox 304 2546 423 2573; x_wconf 74' lang='lat' dir='ltr'><strong>vindicta</strong></span> <span class='ocrx_word' id='word_1_429' title='bbox 441 2545 547 2577; x_wconf 78' lang='lat' dir='ltr'><strong>eximit,</strong></span> <span class='ocrx_word' id='word_1_430' title='bbox 570 2550 598 2572; x_wconf 91' lang='lat' dir='ltr'><strong>et</strong></span> <span class='ocrx_word' id='word_1_431' title='bbox 623 2550 794 2580; x_wconf 82' lang='lat' dir='ltr'><strong>peccatorum</strong></span> <span class='ocrx_word' id='word_1_432' title='bbox 820 2545 923 2580; x_wconf 83' lang='lat' dir='ltr'><strong>laqueis</strong></span> 
     </span>
    </p>
   </div>
   <div class='ocr_carea' id='block_1_57' title="bbox 167 2633 746 2666">
    <p class='ocr_par' dir='ltr' id='par_1_57' title="bbox 167 2633 746 2666">
     <span class='ocr_line' id='line_1_57' title="bbox 167 2633 746 2666; baseline -0.005 -4"><span class='ocrx_word' id='word_1_433' title='bbox 167 2635 231 2655; x_wconf 76' lang='lat'><strong>&quot;-&quot;</strong></span> <span class='ocrx_word' id='word_1_434' title='bbox 250 2635 330 2662; x_wconf 89' lang='lat' dir='ltr'><strong>llehr.</strong></span> <span class='ocrx_word' id='word_1_435' title='bbox 343 2642 391 2666; x_wconf 75' lang='lat' dir='ltr'><strong>vn,</strong></span> <span class='ocrx_word' id='word_1_436' title='bbox 418 2634 460 2661; x_wconf 75' lang='lat'><strong>19.</strong></span> <span class='ocrx_word' id='word_1_437' title='bbox 499 2633 523 2649; x_wconf 80' lang='lat'>“</span> <span class='ocrx_word' id='word_1_438' title='bbox 539 2633 556 2660; x_wconf 99' lang='lat' dir='ltr'><strong>ll</strong></span> <span class='ocrx_word' id='word_1_439' title='bbox 572 2633 678 2660; x_wconf 63' lang='lat' dir='ltr'><strong>Comm</strong></span> <span class='ocrx_word' id='word_1_440' title='bbox 691 2653 698 2664; x_wconf 82' lang='lat'><strong>,</strong></span> <span class='ocrx_word' id='word_1_441' title='bbox 720 2633 746 2659; x_wconf 88' lang='lat'><strong>7.</strong></span> 
     </span>
    </p>
   </div>
   <div class='ocr_carea' id='block_1_58' title="bbox 133 2669 760 2703">
    <p class='ocr_par' dir='ltr' id='par_1_58' title="bbox 133 2669 760 2703">
     <span class='ocr_line' id='line_1_58' title="bbox 133 2669 760 2703; baseline -0.005 -5"><span class='ocrx_word' id='word_1_442' title='bbox 133 2679 164 2703; x_wconf 70' lang='grc' dir='ltr'><strong>κ,</strong></span> <span class='ocrx_word' id='word_1_443' title='bbox 176 2671 220 2698; x_wconf 74' lang='lat'><strong>28.</strong></span> <span class='ocrx_word' id='word_1_444' title='bbox 259 2670 280 2686; x_wconf 85' lang='grc'><strong>³¹</strong></span> <span class='ocrx_word' id='word_1_445' title='bbox 297 2670 348 2697; x_wconf 85' lang='lat' dir='ltr'><strong>lsa.</strong></span> <span class='ocrx_word' id='word_1_446' title='bbox 362 2677 438 2702; x_wconf 80' lang='lat' dir='ltr'><strong>mu,</strong></span> <span class='ocrx_word' id='word_1_447' title='bbox 449 2669 495 2697; x_wconf 73' lang='grc'><strong>25.</strong></span> <span class='ocrx_word' id='word_1_448' title='bbox 535 2670 557 2685; x_wconf 82' lang='grc'><strong>³¹</strong></span> <span class='ocrx_word' id='word_1_449' title='bbox 572 2669 659 2697; x_wconf 85' lang='lat' dir='ltr'><strong>Galat.</strong></span> <span class='ocrx_word' id='word_1_450' title='bbox 672 2676 702 2700; x_wconf 88' lang='grc' dir='ltr'><strong>ιι,</strong></span> <span class='ocrx_word' id='word_1_451' title='bbox 718 2669 760 2695; x_wconf 78' lang='lat' dir='ltr'><strong>l6.</strong></span> 
     </span>
    </p>
   </div>
   <div class='ocr_carea' id='block_1_59' title="bbox 785 2633 1346 2669">
    <p class='ocr_par' dir='ltr' id='par_1_59' title="bbox 785 2633 1346 2669">
     <span class='ocr_line' id='line_1_59' title="bbox 785 2633 1346 2669; baseline 0.002 -9"><span class='ocrx_word' id='word_1_452' title='bbox 785 2633 807 2649; x_wconf 82' lang='lat'><strong><em>&quot;</em></strong></span> <span class='ocrx_word' id='word_1_453' title='bbox 824 2633 900 2662; x_wconf 81' lang='lat' dir='ltr'><strong>Rom.</strong></span> <span class='ocrx_word' id='word_1_454' title='bbox 915 2642 942 2662; x_wconf 88' lang='grc' dir='ltr'>ιιι</span> <span class='ocrx_word' id='word_1_455' title='bbox 954 2654 960 2663; x_wconf 90' lang='lat'><strong>.</strong></span> <span class='ocrx_word' id='word_1_456' title='bbox 982 2635 1022 2666; x_wconf 85' lang='lat' dir='ltr'><strong>l9,</strong></span> <span class='ocrx_word' id='word_1_457' title='bbox 1043 2635 1089 2662; x_wconf 72' lang='lat'><strong>9.0.</strong></span> <span class='ocrx_word' id='word_1_458' title='bbox 1127 2635 1150 2650; x_wconf 80' lang='grc'><strong>’⁸</strong></span> <span class='ocrx_word' id='word_1_459' title='bbox 1162 2634 1240 2662; x_wconf 84' lang='lat' dir='ltr'><strong>Rom.</strong></span> <span class='ocrx_word' id='word_1_460' title='bbox 1253 2643 1289 2669; x_wconf 83' lang='lat' dir='ltr'><strong>lt‘,</strong></span> <span class='ocrx_word' id='word_1_461' title='bbox 1306 2635 1346 2662; x_wconf 72' lang='grc' dir='ltr'><strong>ιδ.</strong></span> 
     </span>
    </p>
   </div>
   <div class='ocr_carea' id='block_1_60' title="bbox 973 255 1764 294">
    <p class='ocr_par' dir='ltr' id='par_1_60' title="bbox 973 255 1764 294">
     <span class='ocr_line' id='line_1_60' title="bbox 973 255 1764 294; baseline -0.004 -10"><span class='ocrx_word' id='word_1_462' title='bbox 973 259 1019 284; x_wconf 86' lang='grc' dir='ltr'>καὶ</span> <span class='ocrx_word' id='word_1_463' title='bbox 1031 256 1071 290; x_wconf 72' lang='grc' dir='ltr'>εἷς</span> <span class='ocrx_word' id='word_1_464' title='bbox 1083 267 1113 285; x_wconf 84' lang='grc' dir='ltr'><strong>τε</strong></span> <span class='ocrx_word' id='word_1_465' title='bbox 1128 258 1194 290; x_wconf 83' lang='grc' dir='ltr'><strong>Θεὸς</strong></span> <span class='ocrx_word' id='word_1_466' title='bbox 1210 259 1256 285; x_wconf 82' lang='grc' dir='ltr'>καὶ</span> <span class='ocrx_word' id='word_1_467' title='bbox 1271 258 1319 286; x_wconf 82' lang='grc' dir='ltr'><strong>ἇνο</strong></span> <span class='ocrx_word' id='word_1_468' title='bbox 1324 266 1414 294; x_wconf 80' lang='grc' dir='ltr'>ρωπος</span> <span class='ocrx_word' id='word_1_469' title='bbox 1436 258 1450 284; x_wconf 89' lang='grc' dir='ltr'>ὁ</span> <span class='ocrx_word' id='word_1_470' title='bbox 1469 257 1652 292; x_wconf 80' lang='grc' dir='ltr'>Ἐμμανουήλ.</span> <span class='ocrx_word' id='word_1_471' title='bbox 1662 255 1733 282; x_wconf 78' lang='grc' dir='ltr'>Ἀλλ’</span> <span class='ocrx_word' id='word_1_472' title='bbox 1747 255 1764 281; x_wconf 84' lang='grc' dir='ltr'><strong>ό</strong></span> 
     </span>
    </p>
   </div>
   <div class='ocr_carea' id='block_1_61' title="bbox 971 301 1763 341">
    <p class='ocr_par' dir='ltr' id='par_1_61' title="bbox 971 301 1763 341">
     <span class='ocr_line' id='line_1_61' title="bbox 971 301 1763 341; baseline -0.004 -10"><span class='ocrx_word' id='word_1_473' title='bbox 971 305 1090 341; x_wconf 79' lang='grc' dir='ltr'>χρηστὸς</span> <span class='ocrx_word' id='word_1_474' title='bbox 1102 305 1191 331; x_wconf 78' lang='grc' dir='ltr'>οὑτοσὶ</span> <span class='ocrx_word' id='word_1_475' title='bbox 1205 306 1255 341; x_wconf 82' lang='grc' dir='ltr'>τῆς</span> <span class='ocrx_word' id='word_1_476' title='bbox 1269 305 1424 341; x_wconf 82' lang='grc' dir='ltr'><strong>οἰκονομίας</strong></span> <span class='ocrx_word' id='word_1_477' title='bbox 1438 305 1482 331; x_wconf 65' lang='grc' dir='ltr'><strong>τόν</strong></span> <span class='ocrx_word' id='word_1_478' title='bbox 1494 305 1591 340; x_wconf 79' lang='grc' dir='ltr'><strong>τρόπον</strong></span> <span class='ocrx_word' id='word_1_479' title='bbox 1603 304 1641 336; x_wconf 85' lang='grc' dir='ltr'>ὡς</span> <span class='ocrx_word' id='word_1_480' title='bbox 1654 301 1763 336; x_wconf 83' lang='grc' dir='ltr'>ἀκαλλῆ</span> 
     </span>
    </p>
   </div>
   <div class='ocr_carea' id='block_1_62' title="bbox 971 347 1765 386">
    <p class='ocr_par' dir='ltr' id='par_1_62' title="bbox 971 347 1765 386">
     <span class='ocr_line' id='line_1_62' title="bbox 971 347 1765 386; baseline -0.004 -10"><span class='ocrx_word' id='word_1_481' title='bbox 971 351 1201 386; x_wconf 79' lang='grc' dir='ltr'><strong>παραιτούμενος,</strong></span> <span class='ocrx_word' id='word_1_482' title='bbox 1217 351 1350 386; x_wconf 83' lang='grc' dir='ltr'><strong>ἀποφέρει</strong></span> <span class='ocrx_word' id='word_1_483' title='bbox 1361 351 1408 377; x_wconf 81' lang='grc' dir='ltr'><strong>τοῦ</strong></span> <span class='ocrx_word' id='word_1_484' title='bbox 1424 351 1491 377; x_wconf 80' lang='grc' dir='ltr'>Θεοῦ</span> <span class='ocrx_word' id='word_1_485' title='bbox 1506 350 1592 384; x_wconf 80' lang='grc' dir='ltr'>Λόγου</span> <span class='ocrx_word' id='word_1_486' title='bbox 1605 349 1639 376; x_wconf 84' lang='grc' dir='ltr'>τὰ</span> <span class='ocrx_word' id='word_1_487' title='bbox 1656 347 1765 384; x_wconf 85' lang='grc' dir='ltr'>ἀνθρὼ-</span> 
     </span>
    </p>
   </div>
   <div class='ocr_carea' id='block_1_63' title="bbox 972 392 1766 432">
    <p class='ocr_par' dir='ltr' id='par_1_63' title="bbox 972 392 1766 432">
     <span class='ocr_line' id='line_1_63' title="bbox 972 392 1766 432; baseline -0.005 -9"><span class='ocrx_word' id='word_1_488' title='bbox 972 406 1047 430; x_wconf 85' lang='grc' dir='ltr'>πινα,</span> <span class='ocrx_word' id='word_1_489' title='bbox 1063 397 1095 423; x_wconf 77' lang='grc' dir='ltr'><strong>ἵν’</strong></span> <span class='ocrx_word' id='word_1_490' title='bbox 1110 397 1196 432; x_wconf 80' lang='grc' dir='ltr'>ὁρῷτο</span> <span class='ocrx_word' id='word_1_491' title='bbox 1212 397 1304 424; x_wconf 77' lang='grc' dir='ltr'>λοιπὸν</span> <span class='ocrx_word' id='word_1_492' title='bbox 1320 398 1380 424; x_wconf 84' lang='grc' dir='ltr'>κατ’</span> <span class='ocrx_word' id='word_1_493' title='bbox 1392 396 1487 424; x_wconf 81' lang='grc' dir='ltr'>οὐδένα</span> <span class='ocrx_word' id='word_1_494' title='bbox 1499 396 1598 432; x_wconf 80' lang='grc' dir='ltr'>τρόπον</span> <span class='ocrx_word' id='word_1_495' title='bbox 1615 395 1715 430; x_wconf 72' lang='grc' dir='ltr'>ὀνήσας</span> <span class='ocrx_word' id='word_1_496' title='bbox 1727 392 1766 420; x_wconf 77' lang='grc' dir='ltr'>τὰ</span> 
     </span>
    </p>
   </div>
   <div class='ocr_carea' id='block_1_64' title="bbox 971 439 1765 479">
    <p class='ocr_par' dir='ltr' id='par_1_64' title="bbox 971 439 1765 479">
     <span class='ocr_line' id='line_1_64' title="bbox 971 439 1765 479; baseline -0.005 -10"><span class='ocrx_word' id='word_1_497' title='bbox 971 442 1031 469; x_wconf 82' lang='grc' dir='ltr'>καθ’</span> <span class='ocrx_word' id='word_1_498' title='bbox 1047 443 1131 478; x_wconf 81' lang='grc' dir='ltr'>ἡμᾶς.</span> <span class='ocrx_word' id='word_1_499' title='bbox 1147 443 1184 469; x_wconf 71' lang='lat' dir='ltr'><strong>Uti</strong></span> <span class='ocrx_word' id='word_1_500' title='bbox 1201 443 1256 479; x_wconf 86' lang='grc' dir='ltr'><strong>γάρ</strong></span> <span class='ocrx_word' id='word_1_501' title='bbox 1268 443 1310 469; x_wconf 86' lang='grc' dir='ltr'><strong>τοί</strong></span> <span class='ocrx_word' id='word_1_502' title='bbox 1330 451 1412 478; x_wconf 86' lang='grc' dir='ltr'>φησιν</span> <span class='ocrx_word' id='word_1_503' title='bbox 1427 442 1508 469; x_wconf 76' lang='grc' dir='ltr'>αὑτὸν</span> <span class='ocrx_word' id='word_1_504' title='bbox 1520 441 1654 477; x_wconf 78' lang='grc' dir='ltr'>ἐλεήμονά</span> <span class='ocrx_word' id='word_1_505' title='bbox 1667 448 1697 466; x_wconf 86' lang='grc' dir='ltr'><strong>τε</strong></span> <span class='ocrx_word' id='word_1_506' title='bbox 1713 439 1765 466; x_wconf 82' lang='grc' dir='ltr'>καὶ</span> 
     </span>
    </p>
   </div>
   <div class='ocr_carea' id='block_1_65' title="bbox 972 485 1764 524">
    <p class='ocr_par' dir='ltr' id='par_1_65' title="bbox 972 485 1764 524">
     <span class='ocr_line' id='line_1_65' title="bbox 972 485 1764 524; baseline -0.004 -10"><span class='ocrx_word' id='word_1_507' title='bbox 972 488 1066 515; x_wconf 78' lang='grc' dir='ltr'>πιστὸν</span> <span class='ocrx_word' id='word_1_508' title='bbox 1086 489 1217 524; x_wconf 76' lang='grc' dir='ltr'><strong>ἀρχιερέα</strong></span> <span class='ocrx_word' id='word_1_509' title='bbox 1229 488 1374 522; x_wconf 82' lang='grc' dir='ltr'>γενέσθαι·</span> <span class='ocrx_word' id='word_1_510' title='bbox 1390 488 1538 524; x_wconf 79' lang='grc' dir='ltr'>προσνέμει</span> <span class='ocrx_word' id='word_1_511' title='bbox 1556 487 1585 514; x_wconf 81' lang='grc' dir='ltr'>δὲ</span> <span class='ocrx_word' id='word_1_512' title='bbox 1605 486 1706 522; x_wconf 81' lang='grc' dir='ltr'>μᾶλλον</span> <span class='ocrx_word' id='word_1_513' title='bbox 1723 485 1764 516; x_wconf 83' lang='grc' dir='ltr'>ὡς</span> 
     </span>
    </p>
   </div>
   <div class='ocr_carea' id='block_1_66' title="bbox 971 531 1765 570">
    <p class='ocr_par' dir='ltr' id='par_1_66' title="bbox 971 531 1765 570">
     <span class='ocr_line' id='line_1_66' title="bbox 971 531 1765 570; baseline -0.015 -1"><span class='ocrx_word' id='word_1_514' title='bbox 971 533 1056 568; x_wconf 65' lang='grc' dir='ltr'>ἑτέρῳ</span> <span class='ocrx_word' id='word_1_515' title='bbox 1081 534 1146 569; x_wconf 77' lang='grc' dir='ltr'>παρ’</span> <span class='ocrx_word' id='word_1_516' title='bbox 1162 534 1242 561; x_wconf 80' lang='grc' dir='ltr'>αὐτὸν</span> <span class='ocrx_word' id='word_1_517' title='bbox 1265 533 1296 560; x_wconf 84' lang='grc' dir='ltr'><strong>τὸ</strong></span> <span class='ocrx_word' id='word_1_518' title='bbox 1320 535 1414 570; x_wconf 85' lang='grc' dir='ltr'>χρῆμα</span> <span class='ocrx_word' id='word_1_519' title='bbox 1434 533 1473 568; x_wconf 86' lang='grc' dir='ltr'>τῷ</span> <span class='ocrx_word' id='word_1_520' title='bbox 1490 532 1645 559; x_wconf 85' lang='grc' dir='ltr'>πεπονθότι.</span> <span class='ocrx_word' id='word_1_521' title='bbox 1663 531 1765 558; x_wconf 78' lang='grc' dir='ltr'>Καίτοι</span> 
     </span>
    </p>
   </div>
   <div class='ocr_carea' id='block_1_67' title="bbox 971 575 1765 615">
    <p class='ocr_par' dir='ltr' id='par_1_67' title="bbox 971 575 1765 615">
     <span class='ocr_line' id='line_1_67' title="bbox 971 575 1765 615; baseline -0.004 -9"><span class='ocrx_word' id='word_1_522' title='bbox 971 580 1030 612; x_wconf 85' lang='grc' dir='ltr'><strong>πῶς</strong></span> <span class='ocrx_word' id='word_1_523' title='bbox 1045 580 1095 606; x_wconf 81' lang='grc' dir='ltr'>οὐκ</span> <span class='ocrx_word' id='word_1_524' title='bbox 1111 579 1164 606; x_wconf 74' lang='grc' dir='ltr'>ἔδει</span> <span class='ocrx_word' id='word_1_525' title='bbox 1181 580 1360 615; x_wconf 79' lang='grc' dir='ltr'><strong>μυσταγωγὸν</strong></span> <span class='ocrx_word' id='word_1_526' title='bbox 1381 577 1451 606; x_wconf 78' lang='grc' dir='ltr'>εἶναι</span> <span class='ocrx_word' id='word_1_527' title='bbox 1468 578 1579 606; x_wconf 81' lang='grc' dir='ltr'>θέλοντα</span> <span class='ocrx_word' id='word_1_528' title='bbox 1594 577 1687 611; x_wconf 78' lang='grc' dir='ltr'>σοφὸς,</span> <span class='ocrx_word' id='word_1_529' title='bbox 1705 575 1765 602; x_wconf 82' lang='grc' dir='ltr'><strong>τῶν</strong></span> 
     </span>
    </p>
   </div>
   <div class='ocr_carea' id='block_1_68' title="bbox 973 621 1765 661">
    <p class='ocr_par' dir='ltr' id='par_1_68' title="bbox 973 621 1765 661">
     <span class='ocr_line' id='line_1_68' title="bbox 973 621 1765 661; baseline -0.005 -10"><span class='ocrx_word' id='word_1_530' title='bbox 973 625 1002 651; x_wconf 80' lang='grc' dir='ltr'>ὲν</span> <span class='ocrx_word' id='word_1_531' title='bbox 1025 626 1058 660; x_wconf 84' lang='grc' dir='ltr'>τῇ</span> <span class='ocrx_word' id='word_1_532' title='bbox 1085 624 1256 661; x_wconf 80' lang='grc' dir='ltr'>Θεοπνεύστῳ</span> <span class='ocrx_word' id='word_1_533' title='bbox 1278 626 1373 661; x_wconf 80' lang='grc' dir='ltr'>Γραφῇ</span> <span class='ocrx_word' id='word_1_534' title='bbox 1400 625 1497 661; x_wconf 72' lang='grc' dir='ltr'>φωνῶν</span> <span class='ocrx_word' id='word_1_535' title='bbox 1519 633 1548 651; x_wconf 85' lang='grc' dir='ltr'><strong>τε</strong></span> <span class='ocrx_word' id='word_1_536' title='bbox 1571 624 1619 650; x_wconf 73' lang='grc' dir='ltr'>καὶ</span> <span class='ocrx_word' id='word_1_537' title='bbox 1650 621 1765 649; x_wconf 74' lang='grc' dir='ltr'>ἐννοιῶν</span> 
     </span>
    </p>
   </div>
   <div class='ocr_carea' id='block_1_69' title="bbox 972 667 1765 707">
    <p class='ocr_par' dir='ltr' id='par_1_69' title="bbox 972 667 1765 707">
     <span class='ocr_line' id='line_1_69' title="bbox 972 667 1765 707; baseline -0.004 -11"><span class='ocrx_word' id='word_1_538' title='bbox 972 670 1074 706; x_wconf 79' lang='grc' dir='ltr'>ἀκριϐῆ</span> <span class='ocrx_word' id='word_1_539' title='bbox 1092 671 1228 698; x_wconf 84' lang='grc' dir='ltr'>ποιεῖσθαι</span> <span class='ocrx_word' id='word_1_540' title='bbox 1247 671 1295 706; x_wconf 82' lang='grc' dir='ltr'>τὴν</span> <span class='ocrx_word' id='word_1_541' title='bbox 1315 671 1453 707; x_wconf 81' lang='grc' dir='ltr'>ἄθροισιν·</span> <span class='ocrx_word' id='word_1_542' title='bbox 1474 671 1573 697; x_wconf 77' lang='grc' dir='ltr'>ἐννοεῖν</span> <span class='ocrx_word' id='word_1_543' title='bbox 1593 678 1634 702; x_wconf 82' lang='grc' dir='ltr'>τε,</span> <span class='ocrx_word' id='word_1_544' title='bbox 1648 669 1690 695; x_wconf 79' lang='grc' dir='ltr'>ὃτι</span> <span class='ocrx_word' id='word_1_545' title='bbox 1715 667 1765 694; x_wconf 77' lang='grc' dir='ltr'>καὶ</span> 
     </span>
    </p>
   </div>
   <div class='ocr_carea' id='block_1_70' title="bbox 973 714 1764 753">
    <p class='ocr_par' dir='ltr' id='par_1_70' title="bbox 973 714 1764 753">
     <span class='ocr_line' id='line_1_70' title="bbox 973 714 1764 753; baseline -0.015 -2"><span class='ocrx_word' id='word_1_546' title='bbox 973 715 1124 751; x_wconf 77' lang='grc' dir='ltr'>θεοπρεπὲς</span> <span class='ocrx_word' id='word_1_547' title='bbox 1140 717 1248 751; x_wconf 80' lang='grc' dir='ltr'>ἀληθῶς</span> <span class='ocrx_word' id='word_1_548' title='bbox 1262 717 1292 744; x_wconf 77' lang='grc' dir='ltr'>τδ</span> <span class='ocrx_word' id='word_1_549' title='bbox 1308 717 1403 753; x_wconf 82' lang='grc' dir='ltr'>χρῆμά</span> <span class='ocrx_word' id='word_1_550' title='bbox 1413 717 1482 748; x_wconf 78' lang='grc' dir='ltr'>ἐστι,</span> <span class='ocrx_word' id='word_1_551' title='bbox 1492 717 1539 743; x_wconf 78' lang='grc' dir='ltr'>καὶ</span> <span class='ocrx_word' id='word_1_552' title='bbox 1549 716 1599 743; x_wconf 86' lang='grc' dir='ltr'>οὐκ</span> <span class='ocrx_word' id='word_1_553' title='bbox 1613 715 1666 747; x_wconf 75' lang='grc' dir='ltr'><strong>ἔξω</strong></span> <span class='ocrx_word' id='word_1_554' title='bbox 1679 714 1764 748; x_wconf 83' lang='grc' dir='ltr'>λόγου</span> 
     </span>
    </p>
   </div>
   <div class='ocr_carea' id='block_1_71' title="bbox 971 760 1765 798">
    <p class='ocr_par' dir='ltr' id='par_1_71' title="bbox 971 760 1765 798">
     <span class='ocr_line' id='line_1_71' title="bbox 971 760 1765 798; baseline -0.005 -10"><span class='ocrx_word' id='word_1_555' title='bbox 971 761 1019 788; x_wconf 80' lang='grc' dir='ltr'><strong>τοῦ</strong></span> <span class='ocrx_word' id='word_1_556' title='bbox 1039 763 1071 798; x_wconf 83' lang='grc' dir='ltr'>τῇ</span> <span class='ocrx_word' id='word_1_557' title='bbox 1086 762 1197 789; x_wconf 84' lang='grc' dir='ltr'>κενώσει</span> <span class='ocrx_word' id='word_1_558' title='bbox 1209 763 1358 798; x_wconf 76' lang='grc' dir='ltr'>πρέποντάς</span> <span class='ocrx_word' id='word_1_559' title='bbox 1373 772 1402 790; x_wconf 84' lang='grc' dir='ltr'><strong>τε</strong></span> <span class='ocrx_word' id='word_1_560' title='bbox 1417 763 1464 789; x_wconf 84' lang='grc' dir='ltr'>καὶ</span> <span class='ocrx_word' id='word_1_561' title='bbox 1478 763 1615 794; x_wconf 83' lang='grc' dir='ltr'>ἐοικότος;</span> <span class='ocrx_word' id='word_1_562' title='bbox 1633 760 1690 787; x_wconf 83' lang='grc' dir='ltr'><strong>Καὶ</strong></span> <span class='ocrx_word' id='word_1_563' title='bbox 1700 760 1765 785; x_wconf 81' lang='grc' dir='ltr'>τίνα</span> 
     </span>
    </p>
   </div>
   <div class='ocr_carea' id='block_1_72' title="bbox 971 808 1764 844">
    <p class='ocr_par' dir='ltr' id='par_1_72' title="bbox 971 808 1764 844">
     <span class='ocr_line' id='line_1_72' title="bbox 971 808 1764 844; baseline -0.001 -10"><span class='ocrx_word' id='word_1_564' title='bbox 971 808 1072 843; x_wconf 81' lang='grc' dir='ltr'>τρόπον</span> <span class='ocrx_word' id='word_1_565' title='bbox 1095 808 1211 844; x_wconf 72' lang='grc' dir='ltr'>ἐροῦμεν</span> <span class='ocrx_word' id='word_1_566' title='bbox 1235 808 1466 844; x_wconf 83' lang='grc' dir='ltr'>βραχυλογοῦντες</span> <span class='ocrx_word' id='word_1_567' title='bbox 1491 809 1528 840; x_wconf 84' lang='grc' dir='ltr'>ὡς</span> <span class='ocrx_word' id='word_1_568' title='bbox 1550 808 1600 835; x_wconf 72' lang='grc' dir='ltr'>ἔνι.</span> <span class='ocrx_word' id='word_1_569' title='bbox 1614 809 1764 842; x_wconf 84' lang='grc' dir='ltr'>Κατεχρη-</span> 
     </span>
    </p>
   </div>
   <div class='ocr_carea' id='block_1_73' title="bbox 974 852 1764 890">
    <p class='ocr_par' dir='ltr' id='par_1_73' title="bbox 974 852 1764 890">
     <span class='ocr_line' id='line_1_73' title="bbox 974 852 1764 890; baseline -0.003 -10"><span class='ocrx_word' id='word_1_570' title='bbox 974 854 1099 889; x_wconf 81' lang='grc' dir='ltr'>σμῴδησε</span> <span class='ocrx_word' id='word_1_571' title='bbox 1116 855 1165 890; x_wconf 85' lang='grc' dir='ltr'>μὲν</span> <span class='ocrx_word' id='word_1_572' title='bbox 1178 855 1231 890; x_wconf 84' lang='grc' dir='ltr'><strong>γὰρ</strong></span> <span class='ocrx_word' id='word_1_573' title='bbox 1241 855 1278 887; x_wconf 85' lang='grc' dir='ltr'><strong>ὡς</strong></span> <span class='ocrx_word' id='word_1_574' title='bbox 1293 857 1307 882; x_wconf 87' lang='grc' dir='ltr'><strong>ό</strong></span> <span class='ocrx_word' id='word_1_575' title='bbox 1321 855 1375 882; x_wconf 79' lang='grc' dir='ltr'><strong>τῶν</strong></span> <span class='ocrx_word' id='word_1_576' title='bbox 1389 855 1457 882; x_wconf 74' lang='grc' dir='ltr'>ὅλων</span> <span class='ocrx_word' id='word_1_577' title='bbox 1470 854 1537 886; x_wconf 62' lang='grc' dir='ltr'>Θεὸς</span> <span class='ocrx_word' id='word_1_578' title='bbox 1550 855 1605 885; x_wconf 88' lang='grc' dir='ltr'>τοῖς</span> <span class='ocrx_word' id='word_1_579' title='bbox 1616 852 1764 888; x_wconf 80' lang='grc' dir='ltr'>ἀρχαιοτέ-</span> 
     </span>
    </p>
   </div>
   <div class='ocr_carea' id='block_1_74' title="bbox 976 895 1765 936">
    <p class='ocr_par' dir='ltr' id='par_1_74' title="bbox 976 895 1765 936">
     <span class='ocr_line' id='line_1_74' title="bbox 976 895 1765 936; baseline -0.004 -10"><span class='ocrx_word' id='word_1_580' title='bbox 976 908 1031 935; x_wconf 87' lang='grc' dir='ltr'>ροις</span> <span class='ocrx_word' id='word_1_581' title='bbox 1046 900 1090 927; x_wconf 85' lang='grc' dir='ltr'><strong>τὺν</strong></span> <span class='ocrx_word' id='word_1_582' title='bbox 1106 901 1197 936; x_wconf 87' lang='grc' dir='ltr'>νόμον,</span> <span class='ocrx_word' id='word_1_583' title='bbox 1216 901 1427 936; x_wconf 75' lang='grc' dir='ltr'>μεσολαὸοῧντος</span> <span class='ocrx_word' id='word_1_584' title='bbox 1441 901 1571 931; x_wconf 81' lang='grc' dir='ltr'>Μωσέως.</span> <span class='ocrx_word' id='word_1_585' title='bbox 1581 898 1650 926; x_wconf 78' lang='grc' dir='ltr'>Ἀλλ’</span> <span class='ocrx_word' id='word_1_586' title='bbox 1665 898 1717 924; x_wconf 80' lang='grc' dir='ltr'><strong>ούκ</strong></span> <span class='ocrx_word' id='word_1_587' title='bbox 1729 895 1765 933; x_wconf 68' lang='grc' dir='ltr'>ἦν</span> 
     </span>
    </p>
   </div>
   <div class='ocr_carea' id='block_1_75' title="bbox 974 945 1765 982">
    <p class='ocr_par' dir='ltr' id='par_1_75' title="bbox 974 945 1765 982">
     <span class='ocr_line' id='line_1_75' title="bbox 974 945 1765 982; baseline -0.001 -11"><span class='ocrx_word' id='word_1_588' title='bbox 974 946 1003 972; x_wconf 83' lang='grc' dir='ltr'>ὲν</span> <span class='ocrx_word' id='word_1_589' title='bbox 1017 945 1092 981; x_wconf 85' lang='grc' dir='ltr'>νόμῳ</span> <span class='ocrx_word' id='word_1_590' title='bbox 1106 945 1137 972; x_wconf 77' lang='grc' dir='ltr'>τὸ</span> <span class='ocrx_word' id='word_1_591' title='bbox 1151 945 1280 972; x_wconf 85' lang='grc' dir='ltr'>δύνασθαι</span> <span class='ocrx_word' id='word_1_592' title='bbox 1294 946 1442 982; x_wconf 79' lang='grc' dir='ltr'>κατορθοῦν</span> <span class='ocrx_word' id='word_1_593' title='bbox 1455 947 1511 977; x_wconf 82' lang='grc' dir='ltr'>τοῖς</span> <span class='ocrx_word' id='word_1_594' title='bbox 1532 945 1669 972; x_wconf 78' lang='grc' dir='ltr'>ἐθέλουσιν</span> <span class='ocrx_word' id='word_1_595' title='bbox 1684 945 1765 979; x_wconf 86' lang='grc' dir='ltr'>ἀμω-</span> 
     </span>
    </p>
   </div>
   <div class='ocr_carea' id='block_1_76' title="bbox 975 989 1765 1027">
    <p class='ocr_par' dir='ltr' id='par_1_76' title="bbox 975 989 1765 1027">
     <span class='ocr_line' id='line_1_76' title="bbox 975 989 1765 1027; baseline -0.003 -10"><span class='ocrx_word' id='word_1_596' title='bbox 975 991 1068 1026; x_wconf 84' lang='grc' dir='ltr'>μήτως</span> <span class='ocrx_word' id='word_1_597' title='bbox 1078 992 1108 1017; x_wconf 72' lang='grc' dir='ltr'><strong>τὸ</strong></span> <span class='ocrx_word' id='word_1_598' title='bbox 1118 991 1219 1026; x_wconf 83' lang='grc' dir='ltr'>ἀγαθόν</span> <span class='ocrx_word' id='word_1_599' title='bbox 1229 1000 1235 1007; x_wconf 70' lang='grc'><strong>⁸</strong></span> <span class='ocrx_word' id='word_1_600' title='bbox 1251 992 1430 1018; x_wconf 77' lang='grc' dir='ltr'>«Τετελείωκε</span> <span class='ocrx_word' id='word_1_601' title='bbox 1439 991 1493 1027; x_wconf 87' lang='grc' dir='ltr'><strong>γὰρ</strong></span> <span class='ocrx_word' id='word_1_602' title='bbox 1503 991 1589 1018; x_wconf 79' lang='grc' dir='ltr'>οὐδέν.</span> <span class='ocrx_word' id='word_1_603' title='bbox 1597 1000 1606 1016; x_wconf 86' lang='grc'><strong>)</strong></span> <span class='ocrx_word' id='word_1_604' title='bbox 1617 989 1689 1016; x_wconf 83' lang='grc' dir='ltr'>Ἀλλ’</span> <span class='ocrx_word' id='word_1_605' title='bbox 1701 989 1765 1016; x_wconf 79' lang='grc' dir='ltr'>οὐδὲ</span> 
     </span>
    </p>
   </div>
   <div class='ocr_carea' id='block_1_77' title="bbox 974 1034 1766 1072">
    <p class='ocr_par' dir='ltr' id='par_1_77' title="bbox 974 1034 1766 1072">
     <span class='ocr_line' id='line_1_77' title="bbox 974 1034 1766 1072; baseline -0.001 -10"><span class='ocrx_word' id='word_1_606' title='bbox 974 1035 1118 1070; x_wconf 77' lang='grc' dir='ltr'>ἄμεμπτος</span> <span class='ocrx_word' id='word_1_607' title='bbox 1129 1034 1187 1072; x_wconf 82' lang='grc' dir='ltr'><strong>ἦνὴ</strong></span> <span class='ocrx_word' id='word_1_608' title='bbox 1203 1037 1298 1072; x_wconf 83' lang='grc' dir='ltr'>πρώτη</span> <span class='ocrx_word' id='word_1_609' title='bbox 1315 1037 1441 1072; x_wconf 66' lang='grc' dir='ltr'>διαθήκη.</span> <span class='ocrx_word' id='word_1_610' title='bbox 1451 1036 1619 1072; x_wconf 77' lang='grc' dir='ltr'>Κατάκριμα</span> <span class='ocrx_word' id='word_1_611' title='bbox 1634 1036 1662 1062; x_wconf 81' lang='grc' dir='ltr'>δὲ</span> <span class='ocrx_word' id='word_1_612' title='bbox 1673 1036 1766 1062; x_wconf 85' lang='grc' dir='ltr'>διακο-</span> 
     </span>
    </p>
   </div>
   <div class='ocr_carea' id='block_1_78' title="bbox 974 1080 1766 1117">
    <p class='ocr_par' dir='ltr' id='par_1_78' title="bbox 974 1080 1766 1117">
     <span class='ocr_line' id='line_1_78' title="bbox 974 1080 1766 1117; baseline 0 -11"><span class='ocrx_word' id='word_1_613' title='bbox 974 1081 1034 1112; x_wconf 88' lang='grc' dir='ltr'>νίας</span> <span class='ocrx_word' id='word_1_614' title='bbox 1047 1081 1114 1116; x_wconf 73' lang='grc'><strong>(20”)</strong></span> <span class='ocrx_word' id='word_1_615' title='bbox 1123 1081 1263 1116; x_wconf 83' lang='grc' dir='ltr'>ὠνόμαζεν</span> <span class='ocrx_word' id='word_1_616' title='bbox 1273 1082 1358 1117; x_wconf 84' lang='grc' dir='ltr'>αὐτὴν</span> <span class='ocrx_word' id='word_1_617' title='bbox 1365 1083 1379 1109; x_wconf 86' lang='grc' dir='ltr'><strong>ό</strong></span> <span class='ocrx_word' id='word_1_618' title='bbox 1389 1083 1526 1116; x_wconf 79' lang='grc' dir='ltr'>πάνσοφος</span> <span class='ocrx_word' id='word_1_619' title='bbox 1538 1081 1657 1113; x_wconf 77' lang='grc' dir='ltr'>Παῦλος·</span> <span class='ocrx_word' id='word_1_620' title='bbox 1671 1080 1766 1107; x_wconf 84' lang='grc' dir='ltr'><strong>ἀκούω</strong></span> 
     </span>
    </p>
   </div>
   <div class='ocr_carea' id='block_1_79' title="bbox 974 1124 1766 1162">
    <p class='ocr_par' dir='ltr' id='par_1_79' title="bbox 974 1124 1766 1162">
     <span class='ocr_line' id='line_1_79' title="bbox 974 1124 1766 1162; baseline 0 -11"><span class='ocrx_word' id='word_1_621' title='bbox 974 1124 1002 1151; x_wconf 84' lang='grc' dir='ltr'>δὲ</span> <span class='ocrx_word' id='word_1_622' title='bbox 1014 1125 1138 1159; x_wconf 84' lang='grc' dir='ltr'>λέγοντος</span> <span class='ocrx_word' id='word_1_623' title='bbox 1148 1135 1154 1141; x_wconf 92' lang='grc'><strong>·</strong></span> <span class='ocrx_word' id='word_1_624' title='bbox 1176 1135 1185 1152; x_wconf 80' lang='grc' dir='ltr'>ι</span> <span class='ocrx_word' id='word_1_625' title='bbox 1200 1127 1318 1161; x_wconf 82' lang='grc' dir='ltr'>Οἴδαμεν</span> <span class='ocrx_word' id='word_1_626' title='bbox 1334 1127 1375 1154; x_wconf 77' lang='grc' dir='ltr'>ὅτι</span> <span class='ocrx_word' id='word_1_627' title='bbox 1389 1127 1460 1154; x_wconf 84' lang='grc' dir='ltr'>ὂσαό</span> <span class='ocrx_word' id='word_1_628' title='bbox 1470 1127 1552 1162; x_wconf 90' lang='grc' dir='ltr'>νόμος</span> <span class='ocrx_word' id='word_1_629' title='bbox 1564 1126 1649 1160; x_wconf 81' lang='grc' dir='ltr'>λέγει,</span> <span class='ocrx_word' id='word_1_630' title='bbox 1662 1126 1720 1156; x_wconf 85' lang='grc' dir='ltr'>τοῖς</span> <span class='ocrx_word' id='word_1_631' title='bbox 1735 1126 1766 1151; x_wconf 79' lang='grc' dir='ltr'>ἐν</span> 
     </span>
    </p>
   </div>
   <div class='ocr_carea' id='block_1_80' title="bbox 973 1170 1767 1207">
    <p class='ocr_par' dir='ltr' id='par_1_80' title="bbox 973 1170 1767 1207">
     <span class='ocr_line' id='line_1_80' title="bbox 973 1170 1767 1207; baseline 0.001 -11"><span class='ocrx_word' id='word_1_632' title='bbox 973 1170 1012 1205; x_wconf 81' lang='grc' dir='ltr'>τῷ</span> <span class='ocrx_word' id='word_1_633' title='bbox 1027 1171 1101 1206; x_wconf 87' lang='grc' dir='ltr'>νόμῳ</span> <span class='ocrx_word' id='word_1_634' title='bbox 1116 1171 1199 1205; x_wconf 77' lang='grc' dir='ltr'>λέγει,</span> <span class='ocrx_word' id='word_1_635' title='bbox 1216 1171 1258 1198; x_wconf 78' lang='grc' dir='ltr'>ἵνα</span> <span class='ocrx_word' id='word_1_636' title='bbox 1272 1172 1326 1198; x_wconf 81' lang='grc' dir='ltr'><strong>πᾶν</strong></span> <span class='ocrx_word' id='word_1_637' title='bbox 1346 1173 1431 1207; x_wconf 81' lang='grc' dir='ltr'>στόμα</span> <span class='ocrx_word' id='word_1_638' title='bbox 1447 1173 1550 1207; x_wconf 83' lang='grc' dir='ltr'>φραγῇ,</span> <span class='ocrx_word' id='word_1_639' title='bbox 1567 1171 1615 1198; x_wconf 79' lang='grc' dir='ltr'><strong>καὶ</strong></span> <span class='ocrx_word' id='word_1_640' title='bbox 1637 1171 1767 1202; x_wconf 77' lang='grc' dir='ltr'>ὑπόδικος</span> 
     </span>
    </p>
   </div>
   <div class='ocr_carea' id='block_1_81' title="bbox 975 1215 1765 1252">
    <p class='ocr_par' dir='ltr' id='par_1_81' title="bbox 975 1215 1765 1252">
     <span class='ocr_line' id='line_1_81' title="bbox 975 1215 1765 1252; baseline 0 -11"><span class='ocrx_word' id='word_1_641' title='bbox 975 1215 1085 1250; x_wconf 84' lang='grc' dir='ltr'>γένηται</span> <span class='ocrx_word' id='word_1_642' title='bbox 1099 1216 1152 1246; x_wconf 80' lang='grc' dir='ltr'>πᾶς</span> <span class='ocrx_word' id='word_1_643' title='bbox 1166 1216 1180 1241; x_wconf 87' lang='grc' dir='ltr'><strong>ό</strong></span> <span class='ocrx_word' id='word_1_644' title='bbox 1194 1216 1295 1251; x_wconf 86' lang='grc' dir='ltr'>κόσμος</span> <span class='ocrx_word' id='word_1_645' title='bbox 1308 1216 1347 1251; x_wconf 82' lang='grc' dir='ltr'>τῷ</span> <span class='ocrx_word' id='word_1_646' title='bbox 1359 1216 1419 1252; x_wconf 85' lang='grc' dir='ltr'>Θεῷ</span> <span class='ocrx_word' id='word_1_647' title='bbox 1428 1225 1435 1231; x_wconf 92' lang='grc'>·</span> <span class='ocrx_word' id='word_1_648' title='bbox 1447 1216 1514 1243; x_wconf 85' lang='grc' dir='ltr'>διότι</span> <span class='ocrx_word' id='word_1_649' title='bbox 1529 1216 1557 1249; x_wconf 77' lang='grc' dir='ltr'><strong>ἐξ</strong></span> <span class='ocrx_word' id='word_1_650' title='bbox 1575 1216 1664 1251; x_wconf 81' lang='grc' dir='ltr'>ἔργων</span> <span class='ocrx_word' id='word_1_651' title='bbox 1679 1215 1765 1250; x_wconf 85' lang='grc' dir='ltr'>νόμου</span> 
     </span>
    </p>
   </div>
   <div class='ocr_carea' id='block_1_82' title="bbox 973 1260 1766 1297">
    <p class='ocr_par' dir='ltr' id='par_1_82' title="bbox 973 1260 1766 1297">
     <span class='ocr_line' id='line_1_82' title="bbox 973 1260 1766 1297; baseline 0 -10"><span class='ocrx_word' id='word_1_652' title='bbox 973 1261 1004 1287; x_wconf 89' lang='grc' dir='ltr'>οὺ</span> <span class='ocrx_word' id='word_1_653' title='bbox 1019 1260 1228 1296; x_wconf 77' lang='grc' dir='ltr'>δικαιωθήσεται</span> <span class='ocrx_word' id='word_1_654' title='bbox 1237 1262 1310 1288; x_wconf 84' lang='grc' dir='ltr'>πᾶσα</span> <span class='ocrx_word' id='word_1_655' title='bbox 1320 1262 1389 1297; x_wconf 82' lang='grc' dir='ltr'>σὰρξ</span> <span class='ocrx_word' id='word_1_656' title='bbox 1403 1262 1518 1288; x_wconf 79' lang='grc' dir='ltr'>ἐνώπιον</span> <span class='ocrx_word' id='word_1_657' title='bbox 1527 1262 1619 1288; x_wconf 83' lang='grc' dir='ltr'>αὑτοῦ.</span> <span class='ocrx_word' id='word_1_658' title='bbox 1633 1271 1642 1287; x_wconf 73' lang='grc' dir='ltr'>ι</span> <span class='ocrx_word' id='word_1_659' title='bbox 1654 1261 1766 1297; x_wconf 83' lang='grc' dir='ltr'>Κατερ-</span> 
     </span>
    </p>
   </div>
   <div class='ocr_carea' id='block_1_83' title="bbox 974 1307 1765 1344">
    <p class='ocr_par' dir='ltr' id='par_1_83' title="bbox 974 1307 1765 1344">
     <span class='ocr_line' id='line_1_83' title="bbox 974 1307 1765 1344; baseline -0.004 -9"><span class='ocrx_word' id='word_1_660' title='bbox 974 1308 1086 1343; x_wconf 84' lang='grc' dir='ltr'>γάζεται</span> <span class='ocrx_word' id='word_1_661' title='bbox 1102 1308 1157 1343; x_wconf 84' lang='grc' dir='ltr'>γὰρ</span> <span class='ocrx_word' id='word_1_662' title='bbox 1173 1309 1187 1336; x_wconf 85' lang='grc' dir='ltr'><strong>ό</strong></span> <span class='ocrx_word' id='word_1_663' title='bbox 1203 1308 1284 1343; x_wconf 86' lang='grc' dir='ltr'>νόμος</span> <span class='ocrx_word' id='word_1_664' title='bbox 1298 1309 1338 1341; x_wconf 81' lang='grc' dir='ltr'><strong>είς</strong></span> <span class='ocrx_word' id='word_1_665' title='bbox 1348 1309 1441 1344; x_wconf 78' lang='grc' dir='ltr'>ὀργὴν,</span> <span class='ocrx_word' id='word_1_666' title='bbox 1457 1308 1504 1335; x_wconf 72' lang='grc' dir='ltr'>καὶ</span> <span class='ocrx_word' id='word_1_667' title='bbox 1518 1308 1548 1334; x_wconf 84' lang='grc' dir='ltr'>τὸ</span> <span class='ocrx_word' id='word_1_668' title='bbox 1562 1307 1679 1343; x_wconf 84' lang='grc' dir='ltr'>γράμμα</span> <span class='ocrx_word' id='word_1_669' title='bbox 1693 1308 1765 1333; x_wconf 87' lang='grc' dir='ltr'>ἀπο-</span> 
     </span>
    </p>
   </div>
   <div class='ocr_carea' id='block_1_84' title="bbox 975 1354 1766 1391">
    <p class='ocr_par' dir='ltr' id='par_1_84' title="bbox 975 1354 1766 1391">
     <span class='ocr_line' id='line_1_84' title="bbox 975 1354 1766 1391; baseline -0.004 -9"><span class='ocrx_word' id='word_1_670' title='bbox 975 1355 1084 1382; x_wconf 71' lang='grc' dir='ltr'>κτείνειο</span> <span class='ocrx_word' id='word_1_671' title='bbox 1094 1355 1141 1382; x_wconf 76' lang='grc' dir='ltr'>καὶ</span> <span class='ocrx_word' id='word_1_672' title='bbox 1151 1355 1188 1387; x_wconf 86' lang='grc' dir='ltr'>ὥς</span> <span class='ocrx_word' id='word_1_673' title='bbox 1196 1355 1247 1382; x_wconf 84' lang='grc' dir='ltr'><strong>πού</strong></span> <span class='ocrx_word' id='word_1_674' title='bbox 1255 1364 1335 1391; x_wconf 67' lang='grc' dir='ltr'>φησιν</span> <span class='ocrx_word' id='word_1_675' title='bbox 1347 1355 1436 1387; x_wconf 84' lang='grc' dir='ltr'>αὑτός·</span> <span class='ocrx_word' id='word_1_676' title='bbox 1451 1365 1460 1380; x_wconf 77' lang='grc' dir='ltr'>ι</span> <span class='ocrx_word' id='word_1_677' title='bbox 1476 1355 1622 1388; x_wconf 81' lang='grc' dir='ltr'>Ἀθετήσας</span> <span class='ocrx_word' id='word_1_678' title='bbox 1630 1362 1671 1384; x_wconf 87' lang='grc' dir='ltr'><strong>τις</strong></span> <span class='ocrx_word' id='word_1_679' title='bbox 1682 1354 1766 1388; x_wconf 87' lang='grc' dir='ltr'>νόμον</span> 
     </span>
    </p>
   </div>
   <div class='ocr_carea' id='block_1_85' title="bbox 974 1399 1759 1438">
    <p class='ocr_par' dir='ltr' id='par_1_85' title="bbox 974 1399 1759 1438">
     <span class='ocr_line' id='line_1_85' title="bbox 974 1399 1759 1438; baseline -0.003 -10"><span class='ocrx_word' id='word_1_680' title='bbox 974 1401 1105 1433; x_wconf 81' lang='grc' dir='ltr'><strong>Μωσέως,</strong></span> <span class='ocrx_word' id='word_1_681' title='bbox 1120 1402 1205 1437; x_wconf 76' lang='grc' dir='ltr'>χωρὶς</span> <span class='ocrx_word' id='word_1_682' title='bbox 1221 1401 1380 1438; x_wconf 77' lang='grc' dir='ltr'>οἰκτιρμῶν.</span> <span class='ocrx_word' id='word_1_683' title='bbox 1399 1401 1446 1428; x_wconf 74' lang='grc' dir='ltr'><strong>ἐπὶ</strong></span> <span class='ocrx_word' id='word_1_684' title='bbox 1461 1401 1536 1427; x_wconf 67' lang='grc' dir='ltr'>δυσὶν</span> <span class='ocrx_word' id='word_1_685' title='bbox 1555 1400 1571 1435; x_wconf 84' lang='grc' dir='ltr'><strong>ἢ</strong></span> <span class='ocrx_word' id='word_1_686' title='bbox 1585 1399 1676 1435; x_wconf 75' lang='grc' dir='ltr'>τρισὶν</span> <span class='ocrx_word' id='word_1_687' title='bbox 1694 1399 1759 1434; x_wconf 59' lang='grc' dir='ltr'>μάρη</span> 
     </span>
    </p>
   </div>
   <div class='ocr_carea' id='block_1_86' title="bbox 976 1447 1766 1484">
    <p class='ocr_par' dir='ltr' id='par_1_86' title="bbox 976 1447 1766 1484">
     <span class='ocr_line' id='line_1_86' title="bbox 976 1447 1766 1484; baseline -0.003 -10"><span class='ocrx_word' id='word_1_688' title='bbox 976 1456 1051 1474; x_wconf 82' lang='grc' dir='ltr'>τυσιν</span> <span class='ocrx_word' id='word_1_689' title='bbox 1068 1447 1243 1483; x_wconf 80' lang='grc' dir='ltr'>ἀποθνήσκει.</span> <span class='ocrx_word' id='word_1_690' title='bbox 1258 1458 1267 1474; x_wconf 79' lang='grc' dir='ltr'>ι</span> <span class='ocrx_word' id='word_1_691' title='bbox 1285 1448 1500 1484; x_wconf 84' lang='grc' dir='ltr'>Κατακρίνοντος</span> <span class='ocrx_word' id='word_1_692' title='bbox 1514 1448 1603 1474; x_wconf 88' lang='grc' dir='ltr'>τοίνυν</span> <span class='ocrx_word' id='word_1_693' title='bbox 1619 1447 1666 1473; x_wconf 77' lang='grc' dir='ltr'><strong>τοῦ</strong></span> <span class='ocrx_word' id='word_1_694' title='bbox 1680 1447 1766 1481; x_wconf 86' lang='grc' dir='ltr'>νόμου</span> 
     </span>
    </p>
   </div>
   <div class='ocr_carea' id='block_1_87' title="bbox 975 1493 1765 1529">
    <p class='ocr_par' dir='ltr' id='par_1_87' title="bbox 975 1493 1765 1529">
     <span class='ocr_line' id='line_1_87' title="bbox 975 1493 1765 1529; baseline -0.001 -9"><span class='ocrx_word' id='word_1_695' title='bbox 975 1493 1039 1525; x_wconf 81' lang='grc' dir='ltr'>τοὺς</span> <span class='ocrx_word' id='word_1_696' title='bbox 1052 1494 1269 1529; x_wconf 82' lang='grc' dir='ltr'>ἁμαρτάνοντας,</span> <span class='ocrx_word' id='word_1_697' title='bbox 1283 1494 1330 1520; x_wconf 76' lang='grc' dir='ltr'>καὶ</span> <span class='ocrx_word' id='word_1_698' title='bbox 1342 1494 1392 1529; x_wconf 83' lang='grc' dir='ltr'>τὴν</span> <span class='ocrx_word' id='word_1_699' title='bbox 1407 1494 1525 1529; x_wconf 73' lang='grc' dir='ltr'>ἐσχάτην</span> <span class='ocrx_word' id='word_1_700' title='bbox 1538 1493 1594 1520; x_wconf 80' lang='grc' dir='ltr'>ἐσθ’</span> <span class='ocrx_word' id='word_1_701' title='bbox 1606 1493 1650 1520; x_wconf 82' lang='grc' dir='ltr'>ὅτε</span> <span class='ocrx_word' id='word_1_702' title='bbox 1666 1493 1765 1527; x_wconf 79' lang='grc' dir='ltr'>ποινὴν</span> 
     </span>
    </p>
   </div>
   <div class='ocr_carea' id='block_1_88' title="bbox 975 1537 1767 1574">
    <p class='ocr_par' dir='ltr' id='par_1_88' title="bbox 975 1537 1767 1574">
     <span class='ocr_line' id='line_1_88' title="bbox 975 1537 1767 1574; baseline 0.001 -11"><span class='ocrx_word' id='word_1_703' title='bbox 975 1537 1164 1573; x_wconf 78' lang='grc' dir='ltr'>καθορίζοντος</span> <span class='ocrx_word' id='word_1_704' title='bbox 1177 1537 1232 1564; x_wconf 78' lang='grc' dir='ltr'>τῶν</span> <span class='ocrx_word' id='word_1_705' title='bbox 1246 1538 1432 1574; x_wconf 83' lang='grc' dir='ltr'>ὴμεληκότων,</span> <span class='ocrx_word' id='word_1_706' title='bbox 1450 1538 1497 1565; x_wconf 70' lang='grc' dir='ltr'>καὶ</span> <span class='ocrx_word' id='word_1_707' title='bbox 1516 1538 1575 1565; x_wconf 82' lang='grc' dir='ltr'>κατ’</span> <span class='ocrx_word' id='word_1_708' title='bbox 1590 1538 1686 1565; x_wconf 80' lang='grc' dir='ltr'>οὐδένα</span> <span class='ocrx_word' id='word_1_709' title='bbox 1703 1538 1767 1573; x_wconf 89' lang='grc' dir='ltr'>τρό-</span> 
     </span>
    </p>
   </div>
   <div class='ocr_carea' id='block_1_89' title="bbox 977 1582 1765 1618">
    <p class='ocr_par' dir='ltr' id='par_1_89' title="bbox 977 1582 1765 1618">
     <span class='ocr_line' id='line_1_89' title="bbox 977 1582 1765 1618; baseline 0.001 -10"><span class='ocrx_word' id='word_1_710' title='bbox 977 1591 1028 1608; x_wconf 90' lang='grc' dir='ltr'><strong>πον</strong></span> <span class='ocrx_word' id='word_1_711' title='bbox 1043 1582 1235 1617; x_wconf 79' lang='grc' dir='ltr'>οίκτείραντος,</span> <span class='ocrx_word' id='word_1_712' title='bbox 1251 1582 1309 1614; x_wconf 84' lang='grc' dir='ltr'><strong>πῶς</strong></span> <span class='ocrx_word' id='word_1_713' title='bbox 1320 1583 1369 1609; x_wconf 79' lang='grc' dir='ltr'>οὐκ</span> <span class='ocrx_word' id='word_1_714' title='bbox 1379 1583 1514 1617; x_wconf 78' lang='grc' dir='ltr'>ἀναγκαία</span> <span class='ocrx_word' id='word_1_715' title='bbox 1525 1584 1581 1614; x_wconf 87' lang='grc' dir='ltr'>τοῖς</span> <span class='ocrx_word' id='word_1_716' title='bbox 1595 1582 1641 1609; x_wconf 73' lang='grc' dir='ltr'><strong>ἐπὶ</strong></span> <span class='ocrx_word' id='word_1_717' title='bbox 1650 1582 1701 1618; x_wconf 83' lang='grc' dir='ltr'>τῆς</span> <span class='ocrx_word' id='word_1_718' title='bbox 1711 1582 1765 1617; x_wconf 81' lang='grc' dir='ltr'>γῆς</span> 
     </span>
    </p>
   </div>
   <div class='ocr_carea' id='block_1_90' title="bbox 975 1628 1767 1664">
    <p class='ocr_par' dir='ltr' id='par_1_90' title="bbox 975 1628 1767 1664">
     <span class='ocr_line' id='line_1_90' title="bbox 975 1628 1767 1664; baseline -0.001 -9"><span class='ocrx_word' id='word_1_719' title='bbox 975 1629 992 1664; x_wconf 84' lang='grc' dir='ltr'>ὴ</span> <span class='ocrx_word' id='word_1_720' title='bbox 1004 1629 1050 1655; x_wconf 86' lang='grc' dir='ltr'><strong>τοῦ</strong></span> <span class='ocrx_word' id='word_1_721' title='bbox 1060 1629 1276 1664; x_wconf 84' lang='grc' dir='ltr'>φιλοικτίρμονος</span> <span class='ocrx_word' id='word_1_722' title='bbox 1286 1629 1333 1655; x_wconf 75' lang='grc' dir='ltr'>καὶ</span> <span class='ocrx_word' id='word_1_723' title='bbox 1344 1628 1488 1664; x_wconf 77' lang='grc' dir='ltr'>ἑλεήμονος</span> <span class='ocrx_word' id='word_1_724' title='bbox 1499 1628 1605 1664; x_wconf 78' lang='grc' dir='ltr'>ἀληθῶς</span> <span class='ocrx_word' id='word_1_725' title='bbox 1613 1628 1767 1664; x_wconf 83' lang='grc' dir='ltr'>ἀρχιερέως</span> 
     </span>
    </p>
   </div>
   <div class='ocr_carea' id='block_1_91' title="bbox 977 1673 1766 1710">
    <p class='ocr_par' dir='ltr' id='par_1_91' title="bbox 977 1673 1766 1710">
     <span class='ocr_line' id='line_1_91' title="bbox 977 1673 1766 1710; baseline -0.001 -9"><span class='ocrx_word' id='word_1_726' title='bbox 977 1674 1113 1707; x_wconf 84' lang='grc' dir='ltr'>ἀνάδειξις</span> <span class='ocrx_word' id='word_1_727' title='bbox 1134 1673 1186 1710; x_wconf 83' lang='grc' dir='ltr'><strong>ἦν;</strong></span> <span class='ocrx_word' id='word_1_728' title='bbox 1203 1675 1335 1706; x_wconf 90' lang='grc' dir='ltr'>παύοντος</span> <span class='ocrx_word' id='word_1_729' title='bbox 1359 1675 1409 1709; x_wconf 85' lang='grc' dir='ltr'>μὲν</span> <span class='ocrx_word' id='word_1_730' title='bbox 1424 1675 1472 1710; x_wconf 77' lang='grc' dir='ltr'><strong>τὴν</strong></span> <span class='ocrx_word' id='word_1_731' title='bbox 1490 1674 1576 1710; x_wconf 84' lang='grc' dir='ltr'>ἀράν·</span> <span class='ocrx_word' id='word_1_732' title='bbox 1594 1674 1766 1701; x_wconf 82' lang='grc' dir='ltr'>ἀνακόπτον-</span> 
     </span>
    </p>
   </div>
   <div class='ocr_carea' id='block_1_92' title="bbox 975 1720 1768 1756">
    <p class='ocr_par' dir='ltr' id='par_1_92' title="bbox 975 1720 1768 1756">
     <span class='ocr_line' id='line_1_92' title="bbox 975 1720 1768 1756; baseline -0.001 -9"><span class='ocrx_word' id='word_1_733' title='bbox 975 1729 1021 1752; x_wconf 83' lang='grc' dir='ltr'><strong>τος</strong></span> <span class='ocrx_word' id='word_1_734' title='bbox 1033 1720 1062 1746; x_wconf 83' lang='grc' dir='ltr'>δὲ</span> <span class='ocrx_word' id='word_1_735' title='bbox 1075 1721 1123 1756; x_wconf 83' lang='grc' dir='ltr'>τὴν</span> <span class='ocrx_word' id='word_1_736' title='bbox 1138 1721 1215 1756; x_wconf 85' lang='grc' dir='ltr'>δίκην</span> <span class='ocrx_word' id='word_1_737' title='bbox 1226 1728 1233 1736; x_wconf 74' lang='grc' dir='ltr'><strong>ο</strong></span> <span class='ocrx_word' id='word_1_738' title='bbox 1252 1721 1298 1747; x_wconf 78' lang='grc' dir='ltr'>καὶ</span> <span class='ocrx_word' id='word_1_739' title='bbox 1316 1720 1532 1752; x_wconf 81' lang='grc' dir='ltr'>ἀπαλλάττοντος</span> <span class='ocrx_word' id='word_1_740' title='bbox 1554 1721 1616 1752; x_wconf 79' lang='grc' dir='ltr'>τοὺς</span> <span class='ocrx_word' id='word_1_741' title='bbox 1640 1721 1768 1756; x_wconf 83' lang='grc' dir='ltr'>ἡμαρτη-</span> 
     </span>
    </p>
   </div>
   <div class='ocr_carea' id='block_1_93' title="bbox 976 1765 1767 1801">
    <p class='ocr_par' dir='ltr' id='par_1_93' title="bbox 976 1765 1767 1801">
     <span class='ocr_line' id='line_1_93' title="bbox 976 1765 1767 1801; baseline 0 -10"><span class='ocrx_word' id='word_1_742' title='bbox 976 1766 1067 1797; x_wconf 79' lang='grc' dir='ltr'>κότας,</span> <span class='ocrx_word' id='word_1_743' title='bbox 1085 1765 1265 1800; x_wconf 80' lang='grc' dir='ltr'>ἁμνησικάκῳ</span> <span class='ocrx_word' id='word_1_744' title='bbox 1280 1765 1380 1801; x_wconf 83' lang='grc' dir='ltr'>χάριτι,</span> <span class='ocrx_word' id='word_1_745' title='bbox 1401 1765 1449 1792; x_wconf 69' lang='grc' dir='ltr'><strong>καὶ</strong></span> <span class='ocrx_word' id='word_1_746' title='bbox 1463 1766 1519 1797; x_wconf 83' lang='grc' dir='ltr'>τοῖς</span> <span class='ocrx_word' id='word_1_747' title='bbox 1542 1765 1571 1798; x_wconf 80' lang='grc' dir='ltr'><strong>ἐξ</strong></span> <span class='ocrx_word' id='word_1_748' title='bbox 1594 1766 1767 1801; x_wconf 84' lang='grc' dir='ltr'>ἡμερότητος</span> 
     </span>
    </p>
   </div>
   <div class='ocr_carea' id='block_1_94' title="bbox 976 1811 1765 1847">
    <p class='ocr_par' dir='ltr' id='par_1_94' title="bbox 976 1811 1765 1847">
     <span class='ocr_line' id='line_1_94' title="bbox 976 1811 1765 1847; baseline 0 -10"><span class='ocrx_word' id='word_1_749' title='bbox 976 1811 1121 1846; x_wconf 84' lang='grc' dir='ltr'>νεύμασιν;</span> <span class='ocrx_word' id='word_1_750' title='bbox 1143 1820 1152 1837; x_wconf 84' lang='grc' dir='ltr'>ι</span> <span class='ocrx_word' id='word_1_751' title='bbox 1164 1811 1235 1845; x_wconf 83' lang='grc' dir='ltr'><strong>Ἐγὼ</strong></span> <span class='ocrx_word' id='word_1_752' title='bbox 1260 1812 1324 1847; x_wconf 81' lang='grc' dir='ltr'>γὰρ,</span> <span class='ocrx_word' id='word_1_753' title='bbox 1342 1811 1435 1847; x_wconf 71' lang='grc' dir='ltr'>φησὶν,</span> <span class='ocrx_word' id='word_1_754' title='bbox 1450 1812 1508 1846; x_wconf 81' lang='grc' dir='ltr'>είμὶ</span> <span class='ocrx_word' id='word_1_755' title='bbox 1523 1812 1537 1838; x_wconf 86' lang='grc' dir='ltr'><strong>ό</strong></span> <span class='ocrx_word' id='word_1_756' title='bbox 1551 1811 1699 1846; x_wconf 75' lang='grc' dir='ltr'>ὲξαλείφων</span> <span class='ocrx_word' id='word_1_757' title='bbox 1715 1811 1765 1843; x_wconf 84' lang='grc' dir='ltr'><strong>τάς</strong></span> 
     </span>
    </p>
   </div>
   <div class='ocr_carea' id='block_1_95' title="bbox 976 1858 1765 1895">
    <p class='ocr_par' dir='ltr' id='par_1_95' title="bbox 976 1858 1765 1895">
     <span class='ocr_line' id='line_1_95' title="bbox 976 1858 1765 1895; baseline 0.001 -11"><span class='ocrx_word' id='word_1_758' title='bbox 976 1858 1091 1893; x_wconf 83' lang='grc' dir='ltr'>ἀνομίας</span> <span class='ocrx_word' id='word_1_759' title='bbox 1116 1867 1174 1891; x_wconf 83' lang='grc' dir='ltr'>σου,</span> <span class='ocrx_word' id='word_1_760' title='bbox 1198 1859 1244 1886; x_wconf 76' lang='grc' dir='ltr'>καὶ</span> <span class='ocrx_word' id='word_1_761' title='bbox 1278 1859 1308 1885; x_wconf 85' lang='grc' dir='ltr'><strong>ού</strong></span> <span class='ocrx_word' id='word_1_762' title='bbox 1333 1859 1369 1895; x_wconf 85' lang='grc' dir='ltr'>μὴ</span> <span class='ocrx_word' id='word_1_763' title='bbox 1394 1859 1592 1895; x_wconf 78' lang='grc' dir='ltr'>μνησθήσομαι.</span> <span class='ocrx_word' id='word_1_764' title='bbox 1618 1859 1765 1885; x_wconf 83' lang='grc' dir='ltr'>Δεδικαιώ-</span> 
     </span>
    </p>
   </div>
   <div class='ocr_carea' id='block_1_96' title="bbox 979 1903 1765 1940">
    <p class='ocr_par' dir='ltr' id='par_1_96' title="bbox 979 1903 1765 1940">
     <span class='ocr_line' id='line_1_96' title="bbox 979 1903 1765 1940; baseline 0 -10"><span class='ocrx_word' id='word_1_765' title='bbox 979 1903 1049 1938; x_wconf 78' lang='grc' dir='ltr'>μεθα</span> <span class='ocrx_word' id='word_1_766' title='bbox 1058 1903 1112 1939; x_wconf 85' lang='grc' dir='ltr'><strong>γὰρ</strong></span> <span class='ocrx_word' id='word_1_767' title='bbox 1124 1904 1152 1930; x_wconf 86' lang='grc' dir='ltr'>ὲν</span> <span class='ocrx_word' id='word_1_768' title='bbox 1165 1904 1255 1930; x_wconf 84' lang='grc' dir='ltr'>πίστει</span> <span class='ocrx_word' id='word_1_769' title='bbox 1271 1904 1318 1931; x_wconf 80' lang='grc' dir='ltr'>καὶ</span> <span class='ocrx_word' id='word_1_770' title='bbox 1327 1905 1377 1930; x_wconf 84' lang='grc' dir='ltr'><strong>οῦκ</strong></span> <span class='ocrx_word' id='word_1_771' title='bbox 1387 1904 1513 1940; x_wconf 77' lang='grc' dir='ltr'>ὲξέργων</span> <span class='ocrx_word' id='word_1_772' title='bbox 1525 1904 1618 1940; x_wconf 84' lang='grc' dir='ltr'>νόμου,</span> <span class='ocrx_word' id='word_1_773' title='bbox 1630 1914 1639 1929; x_wconf 73' lang='grc' dir='ltr'>ι</span> <span class='ocrx_word' id='word_1_774' title='bbox 1653 1903 1724 1930; x_wconf 76' lang='grc' dir='ltr'>κατὰ</span> <span class='ocrx_word' id='word_1_775' title='bbox 1735 1903 1765 1930; x_wconf 79' lang='grc' dir='ltr'>τὸ</span> 
     </span>
    </p>
   </div>
   <div class='ocr_carea' id='block_1_97' title="bbox 976 1948 1765 1986">
    <p class='ocr_par' dir='ltr' id='par_1_97' title="bbox 976 1948 1765 1986">
     <span class='ocr_line' id='line_1_97' title="bbox 976 1948 1765 1986; baseline 0 -10"><span class='ocrx_word' id='word_1_776' title='bbox 976 1950 1179 1986; x_wconf 84' lang='grc' dir='ltr'>γεγραμμένον.</span> <span class='ocrx_word' id='word_1_777' title='bbox 1206 1951 1253 1982; x_wconf 80' lang='grc' dir='ltr'><strong>Εἰς</strong></span> <span class='ocrx_word' id='word_1_778' title='bbox 1271 1951 1332 1977; x_wconf 84' lang='grc' dir='ltr'>τινα</span> <span class='ocrx_word' id='word_1_779' title='bbox 1348 1950 1380 1986; x_wconf 80' lang='grc' dir='ltr'>δὴ</span> <span class='ocrx_word' id='word_1_780' title='bbox 1396 1948 1442 1977; x_wconf 78' lang='grc' dir='ltr'>οὖν</span> <span class='ocrx_word' id='word_1_781' title='bbox 1457 1950 1631 1982; x_wconf 79' lang='grc' dir='ltr'>πιστεύοντες</span> <span class='ocrx_word' id='word_1_782' title='bbox 1646 1949 1765 1976; x_wconf 78' lang='grc' dir='ltr'>δικαιου-</span> 
     </span>
    </p>
   </div>
   <div class='ocr_carea' id='block_1_98' title="bbox 978 1996 1765 2032">
    <p class='ocr_par' dir='ltr' id='par_1_98' title="bbox 978 1996 1765 2032">
     <span class='ocr_line' id='line_1_98' title="bbox 978 1996 1765 2032; baseline -0.001 -9"><span class='ocrx_word' id='word_1_783' title='bbox 978 1996 1065 2031; x_wconf 81' lang='grc' dir='ltr'>μεοα;</span> <span class='ocrx_word' id='word_1_784' title='bbox 1079 1997 1128 2023; x_wconf 84' lang='grc' dir='ltr'>οὑκ</span> <span class='ocrx_word' id='word_1_785' title='bbox 1144 1998 1183 2028; x_wconf 82' lang='grc' dir='ltr'><strong>εις</strong></span> <span class='ocrx_word' id='word_1_786' title='bbox 1198 1997 1242 2023; x_wconf 75' lang='grc' dir='ltr'>τὸν</span> <span class='ocrx_word' id='word_1_787' title='bbox 1258 1996 1376 2023; x_wconf 83' lang='grc' dir='ltr'>παθόντα</span> <span class='ocrx_word' id='word_1_788' title='bbox 1391 1997 1424 2023; x_wconf 77' lang='grc' dir='ltr'>δι’</span> <span class='ocrx_word' id='word_1_789' title='bbox 1440 1997 1512 2032; x_wconf 77' lang='grc' dir='ltr'>ἡμᾶς</span> <span class='ocrx_word' id='word_1_790' title='bbox 1529 1996 1574 2022; x_wconf 77' lang='grc' dir='ltr'><strong>τὸν</strong></span> <span class='ocrx_word' id='word_1_791' title='bbox 1588 1996 1658 2022; x_wconf 71' lang='grc' dir='ltr'>κατὰ</span> <span class='ocrx_word' id='word_1_792' title='bbox 1674 1996 1765 2031; x_wconf 83' lang='grc' dir='ltr'>σάρκα</span> 
     </span>
    </p>
   </div>
   <div class='ocr_carea' id='block_1_99' title="bbox 978 2042 1764 2078">
    <p class='ocr_par' dir='ltr' id='par_1_99' title="bbox 978 2042 1764 2078">
     <span class='ocr_line' id='line_1_99' title="bbox 978 2042 1764 2078; baseline 0 -9"><span class='ocrx_word' id='word_1_793' title='bbox 978 2042 1106 2076; x_wconf 83' lang='grc' dir='ltr'>θάνατον;</span> <span class='ocrx_word' id='word_1_794' title='bbox 1121 2043 1171 2069; x_wconf 87' lang='grc' dir='ltr'>οὐκ</span> <span class='ocrx_word' id='word_1_795' title='bbox 1187 2044 1226 2075; x_wconf 83' lang='grc' dir='ltr'><strong>είς</strong></span> <span class='ocrx_word' id='word_1_796' title='bbox 1239 2043 1287 2070; x_wconf 72' lang='grc' dir='ltr'>ἕνα</span> <span class='ocrx_word' id='word_1_797' title='bbox 1300 2043 1400 2078; x_wconf 79' lang='grc' dir='ltr'>Κύριον</span> <span class='ocrx_word' id='word_1_798' title='bbox 1417 2043 1520 2078; x_wconf 79' lang='grc' dir='ltr'>Ἰησοῦν</span> <span class='ocrx_word' id='word_1_799' title='bbox 1533 2042 1664 2078; x_wconf 68' lang='grc' dir='ltr'>Χριστόνς</span> <span class='ocrx_word' id='word_1_800' title='bbox 1677 2043 1707 2069; x_wconf 84' lang='grc' dir='ltr'>οὐ</span> <span class='ocrx_word' id='word_1_801' title='bbox 1719 2043 1764 2069; x_wconf 81' lang='grc' dir='ltr'>τὸν</span> 
     </span>
    </p>
   </div>
   <div class='ocr_carea' id='block_1_100' title="bbox 977 2088 1764 2124">
    <p class='ocr_par' dir='ltr' id='par_1_100' title="bbox 977 2088 1764 2124">
     <span class='ocr_line' id='line_1_100' title="bbox 977 2088 1764 2124; baseline -0.001 -9"><span class='ocrx_word' id='word_1_802' title='bbox 977 2088 1091 2116; x_wconf 84' lang='grc' dir='ltr'>θάνατον</span> <span class='ocrx_word' id='word_1_803' title='bbox 1102 2089 1184 2116; x_wconf 81' lang='grc' dir='ltr'>αὐτοῦ</span> <span class='ocrx_word' id='word_1_804' title='bbox 1197 2089 1437 2123; x_wconf 81' lang='grc' dir='ltr'>καταγγέλλοντες,</span> <span class='ocrx_word' id='word_1_805' title='bbox 1451 2090 1498 2116; x_wconf 71' lang='grc' dir='ltr'>καὶ</span> <span class='ocrx_word' id='word_1_806' title='bbox 1510 2089 1702 2124; x_wconf 82' lang='grc' dir='ltr'>ὁμολογοῦντες</span> <span class='ocrx_word' id='word_1_807' title='bbox 1714 2088 1764 2123; x_wconf 88' lang='grc' dir='ltr'>τὴν</span> 
     </span>
    </p>
   </div>
   <div class='ocr_carea' id='block_1_101' title="bbox 977 2132 1764 2170">
    <p class='ocr_par' dir='ltr' id='par_1_101' title="bbox 977 2132 1764 2170">
     <span class='ocr_line' id='line_1_101' title="bbox 977 2132 1764 2170; baseline -0.003 -9"><span class='ocrx_word' id='word_1_808' title='bbox 977 2135 1123 2162; x_wconf 83' lang='grc' dir='ltr'>ἀνάστασιν</span> <span class='ocrx_word' id='word_1_809' title='bbox 1140 2134 1347 2170; x_wconf 81' lang='grc' dir='ltr'>λελυτρὼμεθα;</span> <span class='ocrx_word' id='word_1_810' title='bbox 1364 2136 1394 2161; x_wconf 86' lang='grc' dir='ltr'><strong>Εἰ</strong></span> <span class='ocrx_word' id='word_1_811' title='bbox 1419 2135 1469 2170; x_wconf 81' lang='grc' dir='ltr'>μὲν</span> <span class='ocrx_word' id='word_1_812' title='bbox 1491 2132 1538 2161; x_wconf 85' lang='grc' dir='ltr'><strong>οὖν</strong></span> <span class='ocrx_word' id='word_1_813' title='bbox 1561 2134 1600 2166; x_wconf 81' lang='grc' dir='ltr'><strong>εἰς</strong></span> <span class='ocrx_word' id='word_1_814' title='bbox 1620 2134 1764 2168; x_wconf 77' lang='grc' dir='ltr'>ἄνθρωπον</span> 
     </span>
    </p>
   </div>
   <div class='ocr_carea' id='block_1_102' title="bbox 976 2179 1765 2216">
    <p class='ocr_par' dir='ltr' id='par_1_102' title="bbox 976 2179 1765 2216">
     <span class='ocr_line' id='line_1_102' title="bbox 976 2179 1765 2216; baseline -0.001 -10"><span class='ocrx_word' id='word_1_815' title='bbox 976 2180 1030 2207; x_wconf 84' lang='grc' dir='ltr'>τῶν</span> <span class='ocrx_word' id='word_1_816' title='bbox 1046 2180 1107 2207; x_wconf 76' lang='grc' dir='ltr'>καθ’</span> <span class='ocrx_word' id='word_1_817' title='bbox 1118 2181 1192 2216; x_wconf 82' lang='grc' dir='ltr'>ἡμᾶς</span> <span class='ocrx_word' id='word_1_818' title='bbox 1207 2181 1255 2207; x_wconf 72' lang='grc' dir='ltr'>ἕνα</span> <span class='ocrx_word' id='word_1_819' title='bbox 1267 2180 1498 2215; x_wconf 82' lang='grc' dir='ltr'>πεπιστεύκαμεν,</span> <span class='ocrx_word' id='word_1_820' title='bbox 1515 2179 1562 2206; x_wconf 81' lang='grc' dir='ltr'>καὶ</span> <span class='ocrx_word' id='word_1_821' title='bbox 1577 2180 1637 2215; x_wconf 71' lang='grc' dir='ltr'><strong>οὐχὶ</strong></span> <span class='ocrx_word' id='word_1_822' title='bbox 1651 2179 1683 2215; x_wconf 86' lang='grc' dir='ltr'><strong>δὴ</strong></span> <span class='ocrx_word' id='word_1_823' title='bbox 1698 2179 1765 2214; x_wconf 81' lang='grc' dir='ltr'>μᾶλ-</span> 
     </span>
    </p>
   </div>
   <div class='ocr_carea' id='block_1_103' title="bbox 976 2226 1764 2262">
    <p class='ocr_par' dir='ltr' id='par_1_103' title="bbox 976 2226 1764 2262">
     <span class='ocr_line' id='line_1_103' title="bbox 976 2226 1764 2262; baseline -0.004 -8"><span class='ocrx_word' id='word_1_824' title='bbox 976 2226 1022 2254; x_wconf 86' lang='grc' dir='ltr'><strong>λον</strong></span> <span class='ocrx_word' id='word_1_825' title='bbox 1036 2228 1076 2259; x_wconf 79' lang='grc' dir='ltr'><strong>είς</strong></span> <span class='ocrx_word' id='word_1_826' title='bbox 1090 2227 1166 2261; x_wconf 73' lang='grc' dir='ltr'>Θεὸν,</span> <span class='ocrx_word' id='word_1_827' title='bbox 1185 2227 1423 2262; x_wconf 77' lang='grc' dir='ltr'>ἀνθρωπολατρεία</span> <span class='ocrx_word' id='word_1_828' title='bbox 1440 2227 1471 2252; x_wconf 83' lang='grc' dir='ltr'>τὸ</span> <span class='ocrx_word' id='word_1_829' title='bbox 1486 2227 1591 2262; x_wconf 80' lang='grc' dir='ltr'>χρῆμα,</span> <span class='ocrx_word' id='word_1_830' title='bbox 1610 2226 1657 2252; x_wconf 69' lang='grc' dir='ltr'>κα).</span> <span class='ocrx_word' id='word_1_831' title='bbox 1670 2226 1764 2260; x_wconf 71' lang='grc' dir='ltr'>ἕτερον</span> 
     </span>
    </p>
   </div>
   <div class='ocr_carea' id='block_1_104' title="bbox 975 2270 1764 2308">
    <p class='ocr_par' dir='ltr' id='par_1_104' title="bbox 975 2270 1764 2308">
     <span class='ocr_line' id='line_1_104' title="bbox 975 2270 1764 2308; baseline -0.004 -9"><span class='ocrx_word' id='word_1_832' title='bbox 975 2273 1051 2299; x_wconf 82' lang='grc' dir='ltr'>οὐδὲν</span> <span class='ocrx_word' id='word_1_833' title='bbox 1067 2272 1299 2308; x_wconf 85' lang='grc' dir='ltr'>ὁμολογουμένως.</span> <span class='ocrx_word' id='word_1_834' title='bbox 1311 2273 1342 2299; x_wconf 78' lang='lat' dir='ltr'><strong>Ei</strong></span> <span class='ocrx_word' id='word_1_835' title='bbox 1356 2273 1383 2298; x_wconf 81' lang='grc' dir='ltr'>δὲ</span> <span class='ocrx_word' id='word_1_836' title='bbox 1395 2271 1459 2298; x_wconf 79' lang='grc' dir='ltr'>Θεὸν</span> <span class='ocrx_word' id='word_1_837' title='bbox 1473 2270 1543 2298; x_wconf 80' lang='grc' dir='ltr'>εἶναι</span> <span class='ocrx_word' id='word_1_838' title='bbox 1554 2271 1600 2297; x_wconf 77' lang='grc' dir='ltr'><strong>τὸν</strong></span> <span class='ocrx_word' id='word_1_839' title='bbox 1610 2271 1764 2297; x_wconf 82' lang='grc' dir='ltr'>πεπονθότα</span> 
     </span>
    </p>
   </div>
   <div class='ocr_carea' id='block_1_105' title="bbox 977 2316 1762 2354">
    <p class='ocr_par' dir='ltr' id='par_1_105' title="bbox 977 2316 1762 2354">
     <span class='ocr_line' id='line_1_105' title="bbox 977 2316 1762 2354; baseline -0.004 -10"><span class='ocrx_word' id='word_1_840' title='bbox 977 2318 1060 2354; x_wconf 75' lang='grc' dir='ltr'>σαρκὶ</span> <span class='ocrx_word' id='word_1_841' title='bbox 1076 2318 1250 2353; x_wconf 86' lang='grc' dir='ltr'>πιστεύομεν,</span> <span class='ocrx_word' id='word_1_842' title='bbox 1266 2318 1294 2350; x_wconf 79' lang='grc' dir='ltr'>ὗς</span> <span class='ocrx_word' id='word_1_843' title='bbox 1311 2319 1357 2344; x_wconf 80' lang='grc' dir='ltr'>καὶ</span> <span class='ocrx_word' id='word_1_844' title='bbox 1376 2318 1485 2352; x_wconf 89' lang='grc' dir='ltr'>γέγονεν</span> <span class='ocrx_word' id='word_1_845' title='bbox 1505 2316 1583 2352; x_wconf 84' lang='grc' dir='ltr'>ἡμῶν</span> <span class='ocrx_word' id='word_1_846' title='bbox 1598 2316 1762 2351; x_wconf 89' lang='grc' dir='ltr'>ἀρχιερεύς·</span> 
     </span>
    </p>
   </div>
   <div class='ocr_carea' id='block_1_106' title="bbox 976 2361 1763 2400">
    <p class='ocr_par' dir='ltr' id='par_1_106' title="bbox 976 2361 1763 2400">
     <span class='ocr_line' id='line_1_106' title="bbox 976 2361 1763 2400; baseline -0.004 -10"><span class='ocrx_word' id='word_1_847' title='bbox 976 2364 1173 2400; x_wconf 80' lang='grc' dir='ltr'>πεπλανήμεθα</span> <span class='ocrx_word' id='word_1_848' title='bbox 1188 2364 1237 2398; x_wconf 82' lang='grc' dir='ltr'>μὲν</span> <span class='ocrx_word' id='word_1_849' title='bbox 1253 2364 1313 2390; x_wconf 85' lang='grc' dir='ltr'>κατ’</span> <span class='ocrx_word' id='word_1_850' title='bbox 1328 2364 1423 2390; x_wconf 81' lang='grc' dir='ltr'>οὐδένα</span> <span class='ocrx_word' id='word_1_851' title='bbox 1439 2363 1537 2398; x_wconf 85' lang='grc' dir='ltr'>τρόπον</span> <span class='ocrx_word' id='word_1_852' title='bbox 1548 2370 1555 2378; x_wconf 80' lang='lat'><strong><em>°</em></strong></span> <span class='ocrx_word' id='word_1_853' title='bbox 1573 2362 1716 2397; x_wconf 76' lang='grc' dir='ltr'>ᾶνθρωπον</span> <span class='ocrx_word' id='word_1_854' title='bbox 1734 2361 1763 2387; x_wconf 81' lang='grc' dir='ltr'>δὲ</span> 
     </span>
    </p>
   </div>
   <div class='ocr_carea' id='block_1_107' title="bbox 975 2406 1764 2443">
    <p class='ocr_par' dir='ltr' id='par_1_107' title="bbox 975 2406 1764 2443">
     <span class='ocr_line' id='line_1_107' title="bbox 975 2406 1764 2443; baseline -0.004 -8"><span class='ocrx_word' id='word_1_855' title='bbox 975 2409 1107 2443; x_wconf 85' lang='grc' dir='ltr'>γεγονότα</span> <span class='ocrx_word' id='word_1_856' title='bbox 1123 2409 1168 2435; x_wconf 76' lang='grc' dir='ltr'>τὸν</span> <span class='ocrx_word' id='word_1_857' title='bbox 1188 2409 1220 2435; x_wconf 82' lang='grc' dir='ltr'>ἐκ</span> <span class='ocrx_word' id='word_1_858' title='bbox 1238 2409 1305 2435; x_wconf 84' lang='grc' dir='ltr'>Θεοῦ</span> <span class='ocrx_word' id='word_1_859' title='bbox 1323 2408 1408 2442; x_wconf 88' lang='grc' dir='ltr'>Λόγον</span> <span class='ocrx_word' id='word_1_860' title='bbox 1425 2407 1655 2441; x_wconf 80' lang='grc' dir='ltr'>ὲπιγινώσκομεν’</span> <span class='ocrx_word' id='word_1_861' title='bbox 1675 2406 1764 2442; x_wconf 80' lang='grc' dir='ltr'>πράτ-</span> 
     </span>
    </p>
   </div>
   <div class='ocr_carea' id='block_1_108' title="bbox 975 2450 1764 2489">
    <p class='ocr_par' dir='ltr' id='par_1_108' title="bbox 975 2450 1764 2489">
     <span class='ocr_line' id='line_1_108' title="bbox 975 2450 1764 2489; baseline -0.005 -9"><span class='ocrx_word' id='word_1_862' title='bbox 975 2463 1050 2481; x_wconf 86' lang='grc' dir='ltr'>τεται</span> <span class='ocrx_word' id='word_1_863' title='bbox 1065 2454 1092 2480; x_wconf 82' lang='grc' dir='ltr'>δὲ</span> <span class='ocrx_word' id='word_1_864' title='bbox 1105 2454 1174 2480; x_wconf 83' lang='grc' dir='ltr'>οὕτω</span> <span class='ocrx_word' id='word_1_865' title='bbox 1193 2454 1261 2489; x_wconf 80' lang='grc' dir='ltr'>πρὸς</span> <span class='ocrx_word' id='word_1_866' title='bbox 1276 2453 1355 2488; x_wconf 82' lang='grc' dir='ltr'>ἡμῶν</span> <span class='ocrx_word' id='word_1_867' title='bbox 1370 2454 1386 2487; x_wconf 87' lang='grc' dir='ltr'><strong>ὴ</strong></span> <span class='ocrx_word' id='word_1_868' title='bbox 1401 2452 1493 2484; x_wconf 78' lang='grc' dir='ltr'>πίστις</span> <span class='ocrx_word' id='word_1_869' title='bbox 1508 2453 1547 2483; x_wconf 79' lang='grc' dir='ltr'><strong>είς</strong></span> <span class='ocrx_word' id='word_1_870' title='bbox 1562 2451 1638 2483; x_wconf 81' lang='grc' dir='ltr'>Θεὸν,</span> <span class='ocrx_word' id='word_1_871' title='bbox 1654 2451 1700 2477; x_wconf 76' lang='grc' dir='ltr'><strong>τὸν</strong></span> <span class='ocrx_word' id='word_1_872' title='bbox 1711 2450 1764 2482; x_wconf 77' lang='grc' dir='ltr'><strong>ἔξω</strong></span> 
     </span>
    </p>
   </div>
   <div class='ocr_carea' id='block_1_109' title="bbox 974 2496 1764 2535">
    <p class='ocr_par' dir='ltr' id='par_1_109' title="bbox 974 2496 1764 2535">
     <span class='ocr_line' id='line_1_109' title="bbox 974 2496 1764 2535; baseline -0.006 -8"><span class='ocrx_word' id='word_1_873' title='bbox 974 2500 1082 2527; x_wconf 80' lang='grc' dir='ltr'>τιθέντα</span> <span class='ocrx_word' id='word_1_874' title='bbox 1110 2500 1208 2535; x_wconf 84' lang='grc' dir='ltr'>δίκης,</span> <span class='ocrx_word' id='word_1_875' title='bbox 1235 2500 1282 2527; x_wconf 76' lang='grc' dir='ltr'>καὶ</span> <span class='ocrx_word' id='word_1_876' title='bbox 1307 2498 1450 2534; x_wconf 82' lang='grc' dir='ltr'>ἁμαρτιῶν</span> <span class='ocrx_word' id='word_1_877' title='bbox 1473 2497 1678 2524; x_wconf 78' lang='grc' dir='ltr'>ἀπαλλάττοντα</span> <span class='ocrx_word' id='word_1_878' title='bbox 1700 2496 1764 2528; x_wconf 81' lang='grc' dir='ltr'>τοὺς</span> 
     </span>
    </p>
   </div>
   <div class='ocr_carea' id='block_1_110' title="bbox 974 2543 1763 2581">
    <p class='ocr_par' dir='ltr' id='par_1_110' title="bbox 974 2543 1763 2581">
     <span class='ocr_line' id='line_1_110' title="bbox 974 2543 1763 2581; baseline -0.004 -9"><span class='ocrx_word' id='word_1_879' title='bbox 974 2546 1117 2578; x_wconf 82' lang='grc' dir='ltr'>ἐναλόντας</span> <span class='ocrx_word' id='word_1_880' title='bbox 1129 2546 1233 2578; x_wconf 80' lang='grc' dir='ltr'>αὑταῖς.</span> <span class='ocrx_word' id='word_1_881' title='bbox 1250 2556 1258 2572; x_wconf 85' lang='grc' dir='ltr'>ι</span> <span class='ocrx_word' id='word_1_882' title='bbox 1269 2546 1346 2580; x_wconf 82' lang='grc' dir='ltr'>Ἔχει</span> <span class='ocrx_word' id='word_1_883' title='bbox 1361 2546 1415 2581; x_wconf 82' lang='grc' dir='ltr'>γὰρ</span> <span class='ocrx_word' id='word_1_884' title='bbox 1429 2545 1553 2577; x_wconf 75' lang='grc' dir='ltr'>ἐξουσίαν</span> <span class='ocrx_word' id='word_1_885' title='bbox 1566 2545 1580 2570; x_wconf 92' lang='grc' dir='ltr'><strong>ό</strong></span> <span class='ocrx_word' id='word_1_886' title='bbox 1592 2544 1648 2575; x_wconf 70' lang='grc' dir='ltr'><strong>υἱὸς</strong></span> <span class='ocrx_word' id='word_1_887' title='bbox 1661 2543 1708 2570; x_wconf 82' lang='grc' dir='ltr'><strong>τοῦ</strong></span> <span class='ocrx_word' id='word_1_888' title='bbox 1718 2544 1763 2569; x_wconf 90' lang='grc' dir='ltr'>ἀν-</span> 
     </span>
    </p>
   </div>
   <div class='ocr_carea' id='block_1_111' title="bbox 1385 2632 1750 2668">
    <p class='ocr_par' dir='ltr' id='par_1_111' title="bbox 1385 2632 1750 2668">
     <span class='ocr_line' id='line_1_111' title="bbox 1385 2632 1750 2668; baseline -0.005 -7"><span class='ocrx_word' id='word_1_889' title='bbox 1385 2635 1436 2668; x_wconf 77' lang='grc' dir='ltr'><strong>¹⁹,ΙΙ</strong></span> <span class='ocrx_word' id='word_1_890' title='bbox 1449 2635 1512 2662; x_wconf 78' lang='lat' dir='ltr'><strong>Cor.</strong></span> <span class='ocrx_word' id='word_1_891' title='bbox 1526 2643 1564 2667; x_wconf 75' lang='lat' dir='ltr'><strong>In,</strong></span> <span class='ocrx_word' id='word_1_892' title='bbox 1576 2633 1603 2660; x_wconf 80' lang='lat'><strong>6.</strong></span> <span class='ocrx_word' id='word_1_893' title='bbox 1642 2633 1664 2648; x_wconf 86' lang='grc'>³⁰</span> <span class='ocrx_word' id='word_1_894' title='bbox 1683 2632 1750 2659; x_wconf 77' lang='lat' dir='ltr'><strong>Hel).</strong></span> 
     </span>
    </p>
   </div>
   <div class='ocr_carea' id='block_1_112' title="bbox 768 2743 1139 2772">
    <p class='ocr_par' dir='ltr' id='par_1_112' title="bbox 768 2743 1139 2772">
     <span class='ocr_line' id='line_1_112' title="bbox 768 2743 1139 2772; baseline 0 0"><span class='ocrx_word' id='word_1_895' title='bbox 768 2745 848 2772; x_wconf 79' lang='lat' dir='ltr'><strong>ANT.</strong></span> <span class='ocrx_word' id='word_1_896' title='bbox 870 2744 912 2771; x_wconf 67' lang='lat' dir='ltr'><strong>AF.</strong></span> <span class='ocrx_word' id='word_1_897' title='bbox 918 2743 1005 2771; x_wconf 82' lang='lat' dir='ltr'><strong>ELLll</strong></span> <span class='ocrx_word' id='word_1_898' title='bbox 1025 2743 1139 2772; x_wconf 62' lang='grc' dir='ltr'><strong>ΝΟΤᾸΕ.</strong></span> 
     </span>
    </p>
   </div>
   <div class='ocr_carea' id='block_1_113' title="bbox 169 2824 912 2865">
    <p class='ocr_par' dir='ltr' id='par_1_113' title="bbox 169 2824 910 2865">
     <span class='ocr_line' id='line_1_113' title="bbox 169 2824 910 2865; baseline -0.007 -9"><span class='ocrx_word' id='word_1_899' title='bbox 169 2830 235 2865; x_wconf 71' lang='lat'><strong>(20&#39;)</strong></span> <span class='ocrx_word' id='word_1_900' title='bbox 250 2830 361 2856; x_wconf 74' lang='lat' dir='ltr'><strong>Videtur</strong></span> <span class='ocrx_word' id='word_1_901' title='bbox 375 2829 465 2863; x_wconf 71' lang='lat' dir='ltr'><strong>laps-ns</strong></span> <span class='ocrx_word' id='word_1_902' title='bbox 479 2827 586 2860; x_wconf 80' lang='lat' dir='ltr'><strong>notarii,</strong></span> <span class='ocrx_word' id='word_1_903' title='bbox 598 2834 659 2854; x_wconf 89' lang='lat' dir='ltr'><strong>cum</strong></span> <span class='ocrx_word' id='word_1_904' title='bbox 673 2825 759 2854; x_wconf 72' lang='lat' dir='ltr'><strong>Grzcci</strong></span> <span class='ocrx_word' id='word_1_905' title='bbox 772 2825 848 2853; x_wconf 87' lang='lat' dir='ltr'><strong>codd.</strong></span> <span class='ocrx_word' id='word_1_906' title='bbox 872 2824 910 2852; x_wconf 84' lang='lat' dir='ltr'><strong>No</strong></span> 
     </span>
    </p>
   </div>
   <div class='ocr_carea' id='block_1_114' title="bbox 1016 2824 1759 2865">
    <p class='ocr_par' dir='ltr' id='par_1_114' title="bbox 1016 2824 1759 2861">
     <span class='ocr_line' id='line_1_114' title="bbox 1016 2824 1759 2861; baseline 0.004 -10"><span class='ocrx_word' id='word_1_907' title='bbox 1016 2825 1121 2852; x_wconf 73' lang='lat' dir='ltr'><strong>Lamenti</strong></span> <span class='ocrx_word' id='word_1_908' title='bbox 1143 2824 1271 2857; x_wconf 84' lang='lat' dir='ltr'><strong>habeant,</strong></span> <span class='ocrx_word' id='word_1_909' title='bbox 1291 2824 1412 2852; x_wconf 79' lang='grc' dir='ltr'>διακονία</span> <span class='ocrx_word' id='word_1_910' title='bbox 1434 2826 1636 2861; x_wconf 74' lang='grc' dir='ltr'>κατακρίσεως,</span> <span class='ocrx_word' id='word_1_911' title='bbox 1656 2831 1681 2853; x_wconf 91' lang='lat' dir='ltr'><strong>et</strong></span> <span class='ocrx_word' id='word_1_912' title='bbox 1698 2826 1759 2854; x_wconf 85' lang='lat' dir='ltr'><strong>item</strong></span> 
     </span>
    </p>
   </div>
   <div class='ocr_carea' id='block_1_115' title="bbox 134 2864 457 2899">
    <p class='ocr_par' dir='ltr' id='par_1_115' title="bbox 134 2864 457 2899">
     <span class='ocr_line' id='line_1_115' title="bbox 134 2864 457 2899; baseline -0.009 -7"><span class='ocrx_word' id='word_1_913' title='bbox 134 2864 228 2893; x_wconf 79' lang='lat' dir='ltr'><strong>Latina</strong></span> <span class='ocrx_word' id='word_1_914' title='bbox 241 2866 322 2892; x_wconf 85' lang='lat' dir='ltr'><strong>editio</strong></span> <span class='ocrx_word' id='word_1_915' title='bbox 341 2865 457 2899; x_wconf 78' lang='lat' dir='ltr'><strong>vulgata.</strong></span> 
     </span>
    </p>
   </div>
  </div>
