1883 3054
104 112 164 139 155

669 109 856 136 Αογιιιιδυδ
875 109 1076 139 NESTOBIUM
1098 109 1163 138 LIB.
1185 109 1228 136 lll.

1690 110 1741 138 158

108 170 218 202 θρώπου
234 169 278 196 καὶ
293 168 340 195 ἐπὶ
354 169 404 203 τῆς
418 169 469 204 γῆς
484 169 594 204 ἀφιέναι
611 169 757 204 ἁμαρτίας,
774 179 782 194 t
798 169 835 200 ὥς
848 178 900 196 που

998 171 1104 198 tlicatos
1119 170 1224 199 .liberat
1240 179 1245 197 :
1266 179 1274 195 ι
1287 169 1372 197 llabet
1388 169 1461 197 enim
1475 173 1634 204 potestatem
1657 169 1742 199 Filius

107 217 153 241 καὶ
170 214 251 246 αὑτός
263 223 346 249 φησιν
357 223 364 229 ·
383 214 614 250 ἁντιπαραθέντες
629 214 718 240 τοίνυν
732 216 765 250 τῇ
775 214 819 240 διὰ
831 215 898 249 Χρι-
911 239 916 244 ,

109 261 168 287 ο-τοῦ
182 261 305 296 σωτηρίᾳ
321 261 368 287 καὶ
382 261 484 296 χάριτι,
496 260 545 295 τῆς
559 261 686 295 νομικῆς.
697 260 848 295 ἀποτομίας
859 261 898 287 't'v‘

108 306 192 337 οὕτως
216 307 286 332 εῐπω
303 306 335 332 τὸ
359 306 473 340 ἀπηνὲς,
496 305 631 340 ὲλεὴμονά
650 314 740 340 φαμεν
766 305 897 342 ἀρχιερέα

108 351 230 386 γενέσθαι
244 350 429 387 ΧριετόνίΊίν
448 351 497 386 μὲν
510 351 564 386 γὰρ
581 351 627 377 καὶ
641 351 697 377 ἔστι
712 350 778 382 Θεὸς
796 351 898 385 ἀγαθὸς

108 397 137 431 τῇ
151 396 243 431 φύσει,
257 396 456 432 φιλοικτίρμων
468 405 497 422 τε
514 396 561 422 καὶ
575 396 697 430 ἐλεήμων
708 396 751 422 ἀεί
761 404 768 410 ·
788 397 835 422 καὶ
848 397 899 423 οὐκ

108 445 134 469 ὲν
149 443 238 478 χρόνῳ
252 443 332 469 τοῦτο
343 443 464 476 γέγονεν,
481 442 536 468 ἀλλ’
549 443 588 473 εἰς
603 443 676 477 ἡμᾶς
693 442 798 478 ἐδείχθη
811 442 899 468 τοιοῦ-

107 498 160 520 “tog.
176 488 396 524 Κατωνόμασται
411 489 439 515 δὲ
454 488 557 520 πιστὸς,
572 489 609 520 ὡς
625 488 713 523 μένων
726 489 740 515 ὃ
755 489 829 514 ἐστιν
843 488 897 521 ἀεὶ,

107 535 174 560 κατᾶ
199 541 232 567 γε
257 533 287 559 τὸ
312 533 458 568 εἰρημένον
484 534 529 560 καὶ
548 534 591 559 ἐπ’
606 533 689 559 αὑτοῦ
706 533 752 560 τοῦ
769 534 875 569 Πατρός
889 543 896 549 ·

110 590 117 604 ι
134 579 232 610 Πιστὸς
256 579 285 605 δὲ
300 580 314 606 ὁ
329 578 407 611 Θεὸς,
422 579 451 610 ὃς
472 580 522 605 οὐκ
543 579 618 605 ὲάσει
640 580 713 614 ἡμᾶς
737 580 898 615 πειραθῆναι

107 627 172 661 ὑπὲρ
185 625 199 651 ὃ
213 625 363 659 δυνάμεθα.
381 634 390 650 ι
413 625 516 651 Οὐκοῦν
531 625 654 660 ἐλεήμων
674 625 728 661 ἄρα
742 626 790 652 καὶ
804 625 898 657 πιστὸς

111 670 268 705 ’Δρχιερεὺς
286 672 326 701 είς
337 671 411 705 ἡμᾶς
426 671 536 705 γέγονεν
552 672 566 697 ὁ
589 671 776 707 Ἐμμανουήλ·
790 671 827 704 ὼς
843 672 897 708 γὰρ

106 718 120 743 ι
140 716 245 748 Παῦλός
263 725 358 751 φησιν,
375 725 384 741 ‹
402 717 433 742 Οἱ
458 716 506 750 μὲν
528 716 650 747 πλείονές
673 718 740 743 εἰσιν
762 718 899 753 ἀρχιερεῖς

107 763 258 797 γεγονότες,
276 762 321 788 διὰ
337 762 377 794 τὺ,
395 761 500 797 Θανάτῳ
517 761 669 788 κωλύεσθαι
684 763 868 797 παραμένειψ
885 763 899 789 ὁ

108 807 206 841 δὲ,διὰ
228 808 260 834 τδ
278 808 372 843 μένειν
393 807 473 834 αὑτὸν
493 808 533 839 εἰς
553 807 598 834 τὸν
612 808 708 838 αἰῶνα,
723 808 899 844 ἀπαράϐατον

953 218 1069 244 hominis
1081 217 1161 244 etiam
1176 218 1202 244 itt
1218 221 1288 244 terra
1305 217 1456 244 dimittendi
1474 221 1582 250 peccata
1595 225 1601 249 ;
1616 226 1625 242 ι
1642 222 1671 244 ut
1685 219 1741 253 ipse

951 263 1018 289 dicit
1030 262 1127 290 alicttbi
1141 263 1173 289 ³³.
1191 262 1258 289 Cum
1274 262 1358 298 igitur
1374 262 1469 296 legalis
1484 262 1647 296 severitatis,
1663 268 1692 289 ut
1706 265 1741 290 ita

953 308 1054 341 dicant,
1078 308 1254 335 acerbitatem
1284 316 1345 335 cum
1372 307 1472 335 Christi
1496 308 1584 335 salute
1607 313 1634 335 et
1655 309 1741 342 gratia

951 361 1152 388 comparamus,
1167 353 1283 381 dicimus
1299 354 1501 381 misericordem
1522 353 1680 381 Pontiﬁcem
1700 353 1741 380 fa-

952 405 1024 427 ctunt
1042 399 1126 427 fuisse
1140 399 1290 428 Christum.
1306 399 1368 426 Fttit
1384 400 1455 426 enim
1472 405 1499 427 et
1512 404 1555 427 est
1570 399 1640 426 Deus
1656 400 1743 427 bonus

952 451 985 471 ex
999 449 1107 478 natura,
1127 444 1245 472 clemens
1264 444 1327 471 item
1345 452 1451 480 semper
1468 452 1500 472 ac
1516 445 1682 478 misericors,
1697 453 1744 472 ne-

951 496 1004 524 que
1018 489 1078 517 talis
1091 490 1118 516 in
1135 495 1256 524 tempore
1271 490 1369 522 evasit,
1395 490 1442 517 sed
1459 490 1591 525 ejusmodi
1612 495 1655 518 est
1678 498 1742 525 erga

953 543 1002 562 uos
1023 541 1158 563 ostensus.
1179 536 1336 571 Appellatus
1358 540 1400 563 est
1415 540 1504 562 autent
1527 536 1624 568 fidelis,
1648 540 1677 563 ut
1697 537 1742 570 qui

952 585 1060 607 maneat
1083 588 1189 615 semper
1212 583 1283 616 quod
1300 586 1351 614 est,
1376 585 1405 607 ut
1420 582 1501 608 etiam
1527 582 1560 609 de
1584 581 1643 616 ipso
1665 581 1744 609 Patre

952 626 1053 653 dictum
1066 631 1108 653 est
1121 635 1128 653 :
1144 635 1152 652 l
1165 626 1264 654 Fidelis
1275 631 1366 653 autem
1380 628 1463 660 Deus,
1476 627 1521 661 qui
1537 635 1590 655 non
1607 629 1745 663 permittet

953 679 1002 699 nos
1017 673 1115 699 tentari
1134 679 1215 706 Supra
1236 680 1316 705 quam
1337 680 1481 708 possumus
1502 674 1536 700 ³⁵.
1552 683 1563 700 ι
1581 674 1651 710 Ergo
1662 675 1745 702 mise-

953 718 1038 745 ricors
1049 723 1075 745 et
1085 718 1170 745 lidelis
1183 718 1309 745 Pontifex
1321 719 1347 745 iu
1360 727 1409 746 nos
1423 719 1510 747 factus
1520 725 1561 748 est
1575 720 1744 749 Emmanuel.

952 763 989 790 Ut
1005 763 1076 790 enim
1095 763 1195 790 Paulus
1211 764 1271 791 ait:
1291 773 1300 790 ι
1319 764 1412 792 Plures
1426 765 1489 792 facti
1507 770 1570 793 sunt
1589 768 1744 795 sacerdotes

952 816 984 835 eo
995 810 1065 843 quod
1078 814 1162 836 morte
1178 810 1387 843 prohiberentur
1400 818 1559 846 permanere
1572 821 1578 839 :
1596 813 1642 839 hic
1652 818 1744 840 autem

108 855 162 889 ἔχει
177 854 227 889 τὴν
244 853 413 888 ἱερωσύνην·
428 852 488 879 ὅθεν
503 852 550 879 καὶ
562 851 660 884 σώζειν
672 854 712 884 είς
725 853 756 879 τὸ
771 853 901 885 παντελὲς

1002 856 1073 890 quod
1096 860 1205 884 maneat
1227 856 1253 883 itt
1278 861 1422 889 aeternum,
1445 858 1638 891 sempiternum
1663 859 1746 886 habet

108 902 215 928 δύναται
238 902 306 933 τοὺς
331 899 567 936 προσερχομένους
593 899 627 926 δι’
651 899 734 926 αὑτοῦ
761 899 800 934 τῷ
823 899 900 934 Θεῷ·

109 948 221 975 πάντοτε
245 947 303 979 ζῶν
319 948 359 979 εἰς
377 946 408 973 τὸ
425 945 598 980 ἐντυγχάνειν
616 945 685 980 ὑπὲρ
699 945 797 971 αὐτῶν.
813 955 823 971 ι
841 945 902 971 Ὅτι

108 995 135 1022 δὲ
149 994 293 1030 μεμένηκε
305 994 372 1026 Θεὸς
385 995 398 1021 ὁ
412 994 444 1020 ἐκ
454 993 558 1028 Πατρδς
569 993 664 1027 Λόγος,
681 993 769 1019 καίτοι
781 992 903 1027 γεγονὼς

111 1041 204 1076 ἱερεὺς,
219 1040 296 1067 κατὰ
311 1041 341 1068 τὸ
354 1040 558 1076 γεγραμμένον,
572 1039 616 1066 διὰ
630 1039 661 1065 τὸ
675 1039 778 1075 πρέπον
788 1040 820 1074 τῇ
835 1038 904 1073 μετὰ

109 1087 206 1122 σαρκὸς
235 1086 384 1121 οἰκονομίᾳ⁵
409 1085 503 1121 σχῆμά
525 1094 555 1112 τε
578 1085 625 1112 καὶ
652 1085 761 1120 μέτρον,
776 1084 904 1120 ἀποχρῶν

108 1134 170 1167 ἡμῖν
185 1133 227 1162 εἰς
247 1131 439 1166 πληροφορίαν
452 1133 465 1158 ὸ
479 1130 525 1157 τοῦ
546 1131 681 1166 μακαρίου
700 1130 806 1156 Παύλου
825 1130 904 1164 γεγέ-

111 1186 184 1213 ιηται
206 1177 388 1212 Λόγος.”Εφη
410 1177 464 1211 γὰρ
488 1177 585 1203 πάλιν·
605 1185 614 1202 ι
631 1175 786 1210 Κεφάλαιον
806 1176 834 1202 δὲ
857 1176 904 1202 ἐπὶ

106 1225 160 1254 τοῖς
181 1222 356 1258 εἰρημένοις,
372 1222 491 1248 τοιοῦτον
507 1221 605 1257 ἔχομεν
621 1221 759 1256 ἀρχιερέα,
773 1221 802 1253 ὂς
823 1221 904 1248 ἐκάθ-

109 1277 162 1294 ισεν
176 1269 205 1294 ὲν
223 1268 305 1302 δεξιᾷ
321 1267 368 1293 τοῦ
385 1267 479 1302 θρόνου
503 1267 551 1302 τῆς
575 1267 769 1302 μεγαλωσύνης
794 1267 823 1293 ἐν
847 1268 903 1298 τοῖς

107 1314 240 1349 οὐρανοῖς,
256 1314 313 1340 τῶν
328 1313 414 1347 ἁγίων
435 1313 591 1348 λειτουργὸς
605 1313 651 1339 καὶ
671 1312 721 1347 τῆς
737 1313 838 1347 σκηνῆς
854 1313 903 1348 τῆς

108 1360 255 1395 ἀληθινῆς,
271 1360 307 1395 ἢν
324 1359 424 1394 ἔπηξεν
438 1359 452 1385 ό
472 1359 571 1394 Κύριος
587 1358 636 1384 καὶ
659 1359 709 1384 οὑκ
726 1358 878 1394 ἄνθρωπος.
891 1369 899 1384 ι

110 1406 202 1441 Ἀθρει
219 1406 252 1441 δὴ
267 1403 327 1438 οὖν,
343 1405 419 1440 ἄθρει
442 1405 487 1431 τὸν
508 1405 540 1431 ἐκ
550 1404 615 1430 Θεοῦ
630 1404 717 1438 φύντα
733 1404 828 1438 Λόγον,
845 1404 903 1431 δια-

108 1452 246 1486 πρέποντα
266 1452 318 1487 μὲν
340 1452 378 1483 ὼς
393 1450 458 1477 Θεὸν
478 1451 538 1482 ταῖς
560 1450 726 1486 ὑπερτάταις
748 1450 902 1483 εὐκλείαις,

108 1498 153 1524 καὶ
167 1499 196 1524 ἐν
210 1499 269 1529 τοῖς
283 1498 334 1533 τῆς
351 1497 477 1533 θεότητος
494 1496 601 1528 θώκοις,
614 1496 807 1532 ἱερουργοῦντα
819 1497 847 1523 δὲ
858 1497 902 1523 τὸν

107 1544 184 1570 αὐτὸν
205 1544 245 1574 ὡς
261 1544 425 1579 ἄνθρωπον·
443 1542 490 1569 καὶ
510 1543 560 1569 οὐκ
581 1543 702 1576 ἐπίγειον
724 1542 785 1568 τινὰ
809 1543 904 1570 θυσίαν
918 1535 939 1564 C

108 1589 332 1624 προσκομίζοντα
349 1588 387 1623 τῷ
401 1588 498 1623 Πατρὶ,
514 1588 588 1614 θείαν
604 1587 632 1614 δὲ
655 1587 755 1622 μᾶλλον
780 1588 827 1614 καὶ
843 1596 904 1624 νοη-

109 1635 164 1669 τὴν,
176 1635 224 1661 καὶ
239 1634 348 1669 σκηνὴν
360 1633 454 1670 ὥσπερ
467 1634 546 1668 ἁγίαν
562 1633 656 1668 ἔχοντα
670 1634 716 1660 τὺν
730 1635 855 1669 οὐρανόν.
866 1635 903 1662 Οὐ

109 1680 161 1715 γὰρ
178 1680 252 1707 κατὰ
266 1681 351 1714 νόμον
370 1680 479 1714 ἐντολῆς
499 1680 629 1714 σαρκίνης
643 1679 755 1714 γέγονεν
774 1681 788 1706 ὁ
809 1681 903 1716 ἀρχιε-

112 1727 181 1761 ρεὺς,
196 1726 268 1752 ἀλλὰ
294 1725 367 1752 κατὰ
391 1725 505 1760 δύναμιν
531 1725 605 1760 ζωῆς
627 1725 806 1757 ἀκαταλύτου,
835 1726 904 1752 καθὰ

110 1772 279 1807 γέγραπται.
297 1771 396 1802 Πιστὸς
413 1769 459 1797 οὖν
473 1772 526 1806 ἄρα
544 1771 590 1797 καὶ
605 1771 677 1798 κατὰ
691 1772 778 1803 τοῦτο,
792 1776 838 1798 καὶ
848 1773 904 1804 τοῖς

111 1817 271 1852 προσιοῦσιν
293 1817 434 1852 ἐχέγγυος,
451 1817 490 1848 είς
507 1825 538 1851 γε
554 1817 584 1843 τὸ
606 1816 737 1843 δύνασθαι
756 1818 803 1843 καὶ
831 1818 904 1852 μάλα

110 1863 207 1898 ῥαδίως
229 1862 378 1894 διασώζειν
397 1863 511 1894 αὐτούς·
538 1863 633 1898 αἵματι
650 1863 704 1898 γὰρ
726 1862 766 1898 τῷ
784 1863 840 1898 ἰδίῳ
857 1863 905 1890 καὶ

111 1910 159 1944 μιᾷ
172 1909 324 1944 προσφορᾷ
338 1908 513 1934 τετελείωκεν
524 1909 562 1939 εἱς
574 1907 604 1933 τὺ
616 1907 736 1942 διηνεκὲς
749 1908 811 1939 τοὺς
825 1909 904 1942 ἁγια-

111 1953 252 1990 ζομὲνους.
271 1954 356 1980 Τουτὶ
379 1954 433 1989 γὰρ
458 1951 535 1988 οἶμαι
558 1953 654 1988 δηλοῦν
678 1953 723 1980 τὸν
749 1954 821 1989 ἱερὸν
839 1955 905 1990 ἡμῖν

111 2000 223 2033 λέγοντα
239 1999 368 2025 Παῦλον·
387 2008 395 2023 t
408 1998 451 2023 Ἑν
466 1994 488 2031 ᾧ
504 1998 557 2032 γὰρ
572 1996 703 2023 πέπονθεν
716 1997 796 2028 αὐτὸς
809 2006 905 2033 πειρα-

112 2044 202 2075 σθεὶς,
228 2043 347 2070 δύναται
374 2044 428 2073 τοῖς
454 2042 661 2077 πειραζομένοις
686 2041 828 2077 βοηθῆσαι.
845 2051 853 2067 ι
873 2042 905 2068 Τί

111 2090 198 2117 τοίνυν
212 2091 281 2125 ἡμῖν
297 2089 352 2115 τῶν
367 2090 406 2120 εἰς
418 2088 557 2114 εὐσέϐειαν
569 2088 716 2122 ἀφειδήσας
729 2088 847 2119 ἐννοιῶν,
858 2088 905 2115 καὶ

112 2136 164 2161 τῶν
180 2136 220 2167 εἰς
237 2135 377 2170 ὀρθότητα
395 2135 442 2161 καὶ
458 2134 586 2169 ἀλήθειαν
603 2135 787 2170 ἀποφοιτήσας
807 2135 904 2169 λόγων,

119 2183 146 2208 '0
162 2182 267 2214 παθὼν,
284 2182 378 2216 φησὶν.
398 2181 540 2216 ἀρχιερεὺς
561 2180 684 2215 ἐλεήμων
696 2189 702 2196 ·
720 2180 840 2216 παθητὸς
852 2181 904 2207 δὲὸ

113 2227 183 2259 ναὸς,
198 2228 250 2262 οὐχ
261 2228 277 2253 ὁ
294 2226 426 2259 ζωοποιδς
436 2225 483 2252 τοῦ
496 2225 660 2256 πεπονθότος
677 2225 759 2258 Θεός;
775 2225 836 2252 ’Ότι
857 2226 906 2261 μὲν

113 2272 157 2300 οὖν
174 2273 258 2309 σαρκὶ
276 2272 414 2299 πέπονθεν
429 2271 499 2298 ἑκὼν
510 2271 543 2298 δι’
558 2272 631 2306 ἡμᾶς
645 2273 659 2298 ό
671 2271 717 2297 τοῦ
729 2271 796 2297 Θεοῦ
810 2271 907 2305 Λόγος,

113 2319 142 2344 ὲν
160 2318 217 2354 ιδίῳ
232 2317 327 2353 καιρῷ
349 2317 536 2352 δειχθήσεται·
553 2315 594 2342 ὅτι
609 2316 638 2342 δὲ
656 2316 762 2352 μερίζει
778 2316 824 2342 τὸν
837 2316 908 2351 ἀμέη

115 2373 215 2400 pta-tow,
232 2364 282 2391 καὶ
298 2363 347 2390 δύο
362 2363 508 2398 πρεσϐεύει
521 2363 654 2398 Χριστοὺς
665 2363 698 2397 τῇ
711 2362 765 2388 τῶν
778 2362 850 2388 ἰδίων
865 2363 910 2388 ὲν-

114 2409 190 2436 νοιῶν
200 2410 332 2445 δυνάμει,
344 2409 396 2436 κᾶν
409 2411 434 2435 εἰ
452 2409 540 2443 φαίνοι
554 2409 584 2435 τό
597 2417 648 2434 που
661 2408 785 2446 Χριστὸν
798 2407 846 2433 ἕνα
864 2407 908 2434 λέ-

114 2464 180 2489 γων,
195 2456 274 2483 οὐδὲν
290 2453 375 2491 ἧττον
395 2454 588 2490 ἐλεγχθήσεται
615 2453 663 2481 καὶ
683 2453 728 2480 διὰ
748 2453 802 2479 τῶν
828 2453 908 2485 εὐθὺς

113 2500 343 2535 ἐπενηνεγμένων
353 2508 359 2514 ·
373 2499 428 2534 ἔφη
440 2499 492 2534 γὰρ
509 2499 589 2526 πάλιν
597 2508 604 2514 ο

150 2545 178 2582 [ι
193 2546 314 2581 Σπέρμα
339 2545 467 2580 Ἀϐραὰμ
486 2546 500 2571 ὁ
517 2545 578 2579 χθὲς
601 2546 648 2572 καὶ
663 2546 782 2580 σήμερον
792 2564 799 2576 ,
815 2554 824 2569 ι
839 2543 909 2570 κατὰ

115 2593 161 2628 τὴν
174 2592 221 2618 τοῦ
237 2591 350 2618 Παύλου
366 2590 472 2626 φωνὴν,
483 2591 530 2625 οὐχ
540 2591 554 2616 ὁ
563 2591 660 2625 λέγων,
675 2601 684 2616 ι
697 2591 765 2626 Πρὶν
784 2590 909 2625 Ἀϐραὰμ

116 2637 252 2671 γενέσθαι,
281 2635 341 2670 ἐγώ
365 2637 458 2671 εἰμι.»
483 2637 590 2671 Ὃμοιος
610 2638 666 2668 τοῖς
689 2636 813 2671 ἀδελφοῖς
841 2635 912 2662 κατὰ

117 2685 213 2716 πάντα,
241 2685 254 2710 ὁ
267 2683 368 2718 ,ψυχῆς
392 2681 561 2717 ἀνθρωπίνης
584 2682 632 2708 καὶ
647 2682 748 2717 σαρκὸς
767 2680 911 2708 ἀναλαϐὼν

151 2774 172 2789 ⁵³
188 2774 254 2800 Luc.
268 2780 295 2804 ν,
309 2773 359 2800 24.

403 2772 426 2787 ³⁵
443 2772 453 2797 1
467 2771 525 2798 Cor.
537 2780 564 2803 ι,
578 2771 620 2798 15.
656 2772 677 2787 ³³(
693 2771 774 2798 llehr.
787 2779 837 2800 vn.
848 2770 943 2797 25-25.
982 2770 1004 2786 ³⁵
1021 2770 1102 2798 Hebr.
1116 2778 1171 2802 vui,
1185 2770 1211 2802 1,
1223 2770 1250 2797 2.

953 902 1152 933 sacerdotium;
1172 902 1244 930 unde
1260 908 1287 929 et
1302 903 1408 929 salvare
1433 903 1459 930 in
1476 909 1634 938 perpetuum
1658 909 1746 939 potest

953 947 1114 973 accedentes
1133 954 1180 981 per
1195 947 1281 980 ipsutn
1303 948 1336 974 ad
1360 947 1455 980 Deum,
1475 956 1583 983 semper
1600 949 1694 977 vivens
1711 950 1745 977 ad

954 991 1179 1026 interpellandum
1206 1000 1254 1026 pro
1270 993 1309 1019 eis
1326 992 1359 1020 ".
1381 1002 1391 1019 ι
1416 992 1500 1020 Porro
1521 993 1584 1021 illud
1606 1001 1641 1021 ex
1665 994 1746 1022 l'atre

954 1037 1072 1064 Verbum
1086 1038 1221 1065 mansisse
1240 1037 1334 1070 Deum,
1354 1039 1478 1072 quamvis
1493 1038 1581 1066 factus
1604 1040 1639 1066 sit
1653 1047 1745 1068 sacer-

955 1083 1014 1115 dos,
1033 1088 1061 1110 ut
1084 1083 1213 1118 scriptum
1229 1088 1281 1117 est,
1298 1089 1408 1119 propter
1428 1084 1550 1112 habitum
1571 1090 1653 1121 atque
1670 1095 1746 1115 tuen-

954 1137 1046 1156 suram
1068 1128 1104 1156 illi
1126 1137 1186 1156 cum
1208 1136 1290 1157 carne
1311 1129 1506 1164 dispensationi
1526 1131 1744 1165 convenientem,

954 1175 1027 1202 beati
1050 1175 1127 1203 Pauli
1149 1176 1232 1202 verba
1253 1181 1315 1203 sunt
1337 1177 1371 1203 ad
1389 1176 1466 1204 lldcnt
1492 1176 1641 1204 faciendam
1659 1178 1744 1205 satis:

954 1221 1023 1248 dixit
1040 1221 1111 1248 enim
1131 1229 1238 1248 rursum
1252 1230 1259 1248 :
1276 1231 1285 1247 ι
1300 1221 1454 1256 Capitulum
1470 1229 1533 1248 vero
1543 1229 1624 1256 Super
1636 1222 1676 1249 his
1686 1231 1747 1258 qua:

954 1266 1024 1293 dicta
1043 1270 1116 1298 sunt.
1137 1266 1218 1293 talem
1237 1267 1367 1294 habemus
1389 1265 1547 1294 Pontilicem
1569 1268 1615 1301 qui
1633 1268 1702 1295 sedit
1719 1268 1745 1295 iu

954 1313 1066 1339 dextera
1078 1313 1149 1339 sedis
1165 1313 1359 1348 magnitudinis
1373 1313 1400 1339 iu
1418 1313 1505 1344 caelis,
1525 1318 1681 1340 sanctorum
1696 1314 1746 1341 tui-

955 1359 1051 1388 nister.
1074 1362 1101 1385 et
1116 1358 1283 1385 tabernaculi
1309 1359 1376 1392 veri,
1392 1360 1465 1393 quod
1492 1359 1551 1386 fixit
1575 1359 1704 1388 Dominus
1719 1365 1747 1387 et

955 1411 1007 1430 non
1025 1404 1104 1430 homo
1119 1403 1152 1430 ".
1174 1412 1183 1428 ›
1203 1403 1269 1430 \‘ide
1287 1403 1369 1438 igitur
1386 1411 1476 1438 quaeso
1496 1404 1560 1431 illud
1576 1412 1609 1431 ex
1628 1404 1682 1431 Deo
1702 1413 1748 1439 ge-

955 1450 1040 1476 nitum
1056 1448 1173 1476 Verbum
1188 1457 1248 1475 cum
1270 1449 1494 1484 praestantissima
1512 1450 1595 1484 gloria
1619 1456 1746 1486 tauquam

956 1496 1025 1522 Deus
1035 1493 1181 1530 praecellat,
1189 1500 1217 1522 et
1226 1495 1251 1521 iu
1262 1495 1324 1522 sede
1333 1495 1479 1522 divinitatis
1489 1495 1746 1529 cmineat,eumdem

956 1542 1107 1569 sacerdotio
1119 1541 1195 1576 fungi
1209 1546 1335 1576 tanquam
1350 1541 1485 1569 hominem
1500 1550 1505 1556 ·
1518 1549 1603 1576 neque
1613 1548 1746 1572 terrentur

954 1589 1072 1622 aliquant
1085 1588 1221 1614 victimam
1235 1587 1308 1614 Patri
1327 1587 1435 1620 oﬂ‘erre,
1449 1588 1502 1623 75
1519 1588 1565 1615 sed
1579 1589 1696 1617 divinam
1714 1598 1748 1618 ac

954 1632 1114 1667 spiritalem,
1129 1637 1157 1659 et
1171 1640 1219 1666 pro
1233 1636 1328 1659 sancto
1340 1633 1514 1660 tabernaculo
1525 1633 1622 1661 cuelutu
1636 1635 1746 1664 habere.

954 1677 1014 1705 Non
1032 1679 1104 1705 cuitu
1122 1679 1271 1706 secundum
1288 1677 1374 1712 legem
1393 1679 1511 1706 tuandati
1529 1680 1646 1708 carnalis
1660 1680 1748 1709 facrts

954 1731 994 1752 est
1005 1725 1144 1756 sacerdos,
1162 1724 1209 1751 sed
1221 1725 1367 1751 secundutn
1381 1725 1506 1752 virtutem
1519 1726 1746 1759 vita-insolubilis,

954 1776 984 1798 ut
1011 1771 1142 1806 scriptum
1169 1775 1211 1798 est
1230 1771 1264 1800 ³⁷.
1296 1771 1398 1798 Fidelis
1423 1776 1465 1798 est
1489 1771 1569 1805 igitur
1594 1773 1675 1800 etiam
1697 1773 1748 1801 hac

954 1817 1070 1848 ratione,
1094 1821 1122 1844 et
1139 1816 1332 1844 accedentibus
1353 1816 1495 1851 Iidejussor
1508 1817 1542 1844 ad
1560 1817 1674 1846 salutem
1694 1819 1749 1846 illis

954 1868 982 1889 et
995 1863 1104 1897 quidem
1118 1862 1247 1890 facillime
1257 1863 1438 1898 praestandam
1453 1872 1461 1890 :
1475 1863 1606 1898 sanguine
1615 1864 1686 1891 enim
1699 1873 1749 1892 suo

955 1913 983 1936 et
993 1916 1045 1935 una
1058 1907 1196 1935 oblatione
1210 1910 1407 1936 consummavit
1419 1909 1444 1935 in
1453 1913 1584 1937 attentum
1593 1910 1749 1938 sanctiﬁca-

956 1959 1015 1981 tos:
1031 1954 1058 1981 id
1072 1962 1188 1989 namque
1204 1955 1281 1982 nobis
1295 1955 1402 1982 beatum
1413 1954 1525 1982 Paulum
1537 1955 1689 1990 significare
1701 1965 1749 1991 pu-

956 2005 994 2033 to.
1004 2008 1063 2027 cnttt
1077 2001 1140 2028 dicit
1153 2009 1159 2026 :
1174 2010 1183 2026 ι
1200 2000 1226 2028 ln
1235 2008 1289 2035 quo
1302 2001 1373 2027 enim
1387 2008 1481 2034 passus
1495 2005 1538 2027 est
1549 2001 1605 2034 ipse
1618 2005 1747 2034 tentatus.

956 2052 1051 2082 potens
1062 2051 1101 2074 est
1114 2047 1153 2074 eis
1167 2047 1212 2081 qui
1228 2050 1377 2078 tentantur,
1387 2046 1511 2073 auxiliari
1529 2047 1560 2074 ³⁸.
1577 2056 1586 2072 ι
1602 2048 1655 2074 Cur
1669 2048 1749 2083 igitur

955 2092 1055 2128 pietate
1075 2092 1270 2119 sententiarum
1289 2091 1424 2125 neglecta,
1443 2095 1471 2118 et
1486 2099 1501 2118 a
1525 2092 1605 2119 rectis
1622 2094 1749 2127 verisque

956 2137 1129 2165 sermonibus
1147 2137 1309 2170 abscedens,
1325 2137 1376 2169 Qui
1390 2144 1485 2171 passus
1499 2141 1550 2168 est,
1568 2137 1663 2171 inquit,
1677 2137 1749 2165 Pon-

959 2183 1023 2210 tifex
1040 2187 1082 2209 est
1102 2182 1147 2210 ille
1170 2182 1335 2215 misericors,
1360 2182 1470 2216 patihile
1492 2189 1557 2210 vero
1576 2182 1660 2216 ipsum
1682 2188 1750 2211 tem-

959 2228 1044 2263 plum,
1060 2235 1112 2255 nou
1133 2227 1178 2255 ille
1200 2227 1352 2255 vivificator
1369 2228 1439 2262 passi
1461 2227 1550 2254 Detts?
1565 2227 1658 2254 Carue-
1668 2228 1750 2262 igitur

959 2278 1055 2308 sponte
1075 2278 1184 2309 propter
1200 2281 1248 2301 nos
1261 2280 1369 2307 passum
1384 2279 1443 2300 esse
1458 2273 1543 2306 ipsutn
1558 2273 1602 2300 Dei
1618 2272 1748 2306 Verbum,

959 2327 1009 2347 suo
1024 2324 1145 2353 tempore
1163 2318 1391 2346 demonstrabitur
1411 2327 1418 2345 :
1435 2318 1481 2345 sed
1503 2318 1667 2345 individuum
1681 2319 1750 2346 divi—

959 2366 1035 2396 dere.
1049 2365 1168 2399 duosque
1184 2364 1307 2392 Christos
1323 2371 1356 2391 ex
1371 2364 1396 2391 vi
1419 2371 1529 2391 suarum
1553 2365 1748 2392 sententiarum

960 2410 1118 2445 praedicare,
1126 2410 1232 2437 tametsi
1245 2410 1406 2444 quandoque
1418 2417 1499 2435 unum
1509 2409 1647 2436 Christum
1659 2410 1749 2437 dicere

961 2455 1097 2486 videatur,
1115 2453 1290 2481 nihilominus
1303 2461 1336 2481 et
1349 2454 1391 2481 his
1403 2460 1463 2488 quae
1476 2453 1566 2480 statim
1580 2453 1670 2486 infert,
1685 2461 1750 2481 con-

962 2499 1084 2526 vincetur
1099 2508 1106 2525 :
1119 2499 1186 2526 dixit
1201 2500 1272 2526 cttim
1288 2506 1390 2526 rursus.
1406 2507 1414 2526 :

998 2544 1131 2581 [Νεετοιι.
1146 2553 1156 2570 ι
1169 2545 1267 2572 Semen
1284 2544 1420 2571 Abraham
1437 2544 1459 2572 is
1473 2548 1516 2572 est
1533 2545 1578 2578 qui
1592 2543 1650 2571 heri
1665 2549 1707 2571 est
1723 2549 1750 2571 et

963 2591 1054 2624 hodie,
1070 2600 1079 2617 ι
1094 2595 1123 2617 υι.
1134 2590 1234 2617 Paulus
1244 2590 1334 2621 ait"',
1345 2597 1396 2616 tton
1410 2590 1455 2624 qui
1468 2590 1534 2617 dixit
1548 2599 1554 2616 :
1569 2599 1578 2615 ι
1591 2589 1749 2624 Priusquam

963 2637 1099 2665 Abraham
1117 2637 1205 2668 ﬁeret,
1221 2644 1271 2670 ego
1283 2643 1342 2663 sum
1355 2636 1388 2663 ³⁹.
1401 2645 1412 2662 ι
1429 2635 1532 2662 Similis
1551 2635 1680 2662 fratribus
1703 2642 1751 2668 per

962 2683 1054 2710 omnia
1062 2682 1096 2715 ‘°,
1107 2683 1153 2718 qui
1168 2683 1291 2710 humana:
1305 2682 1539 2717 anima:_etc3ruis
1551 2680 1748 2708 fraternitatem

1301 2770 1321 2785 ³⁷
1343 2769 1426 2798 llebr.
1440 2768 1543 2803 “1,15.
1582 2768 1604 2784 ³⁵
1625 2767 1705 2795 llcbr.
1718 2773 1753 2800 tl,

119 2810 158 2837 18.
195 2809 227 2824 ³⁸⁵
248 2808 336 2835 llebr.
353 2807 447 2839 xttt,8.
483 2807 502 2822 ”
517 2807 591 2834 Joatt.
607 2814 661 2838 vtu,
675 2806 718 2833 58,
756 2807 777 2820 ⁸⁸
797 2806 878 2833 llcbtz
891 2813 909 2832 tt
