1883 3054
150 146 200 172 155

667 141 696 168 5.
717 139 854 168 CYRILLI
873 137 1107 166 ALEXANDRINI
1127 136 1286 164 ARCHIEI’.

1732 134 1785 162 136

150 204 282 240 suscepit,
298 212 351 232 non
365 204 411 232 ille
433 203 479 238 qui
504 203 571 230 dixit
586 211 591 227 :
614 212 623 228 ι
644 201 694 235 Qui
710 201 777 228 vidit
802 209 854 232 nte,
867 201 935 227 vidit

1005 199 1165 233 δελφότητα,
1173 199 1222 233 οὺχ
1232 198 1245 224 ὁ
1253 198 1339 232 λέγων
1352 206 1359 213 ·
1379 198 1407 224 Ὀ
1415 197 1542 233 ἑωρακὼς
1552 198 1609 233 ἐμὲ,
1620 197 1727 234 ἑώρακε
1736 197 1784 223 τὸν

149 258 176 278 et
188 252 295 279 Patrem
311 251 344 278 δ’.
359 261 368 276 ι
387 250 487 277 Missus
501 255 543 276 εει
557 253 646 274 autem
664 247 708 274 ille
725 246 802 273 nobis
820 247 937 273 cousub-
956 258 959 261 -

150 297 302 329 stantialis,
328 302 354 324 et
367 301 463 323 unctus
483 299 524 320 est
539 293 692 328 pra-dicans
708 293 823 327 captivis
842 292 938 318 remis-

151 343 253 370 sionem
271 346 298 369 et
321 341 399 368 caucis
424 339 544 366 visuut‘l
568 348 577 364 ‹
598 339 715 372 Spiritus
736 337 808 364 enim
831 337 937 364 Domini

150 395 231 422 super
250 395 292 414 me
303 406 310 419 ,
326 391 437 421 propter
451 386 522 420 quod
543 385 620 411 unxit
635 391 688 410 me.
705 382 729 418 ι]

479 452 557 480 CAP.
579 452 622 478 lll.

189 522 290 549 Dividit
307 529 372 555 ergo
387 527 493 547 rursum
512 520 538 546 in
555 520 632 549 duos.
647 522 676 545 ιιι
688 518 860 553 perspicuum
874 521 936 544 est:

151 568 224 602 atqui
242 568 377 601 quomodo
402 573 456 593 non
476 565 649 592 convinceris
667 564 792 591 animalis
818 570 889 595 esse,
913 567 940 590 et

150 615 275 648 spiritum
297 620 350 639 non
365 612 477 642 habere,
499 617 529 638 ut
557 611 595 638 ait
620 610 664 637 ille
681 609 832 636 Salvatoris
852 609 938 636 nostri

151 658 318 693 discipulus?
338 657 390 684 Sed
409 659 449 684 vis
461 663 537 684 certe
553 657 610 689 ipsa
626 655 748 682 veritatis
766 655 819 681 luis
838 654 938 684 verbis,

149 714 166 732 o
179 706 224 739 qui
242 705 276 730 ita
305 704 402 735 sentis,
428 706 571 737 repugnat.
596 700 651 728 Nos
679 701 749 727 ettitn
774 700 939 727 allirutantus

153 753 239 785 ipsuttt
255 758 287 777 ex
305 750 361 777 Deo
377 749 458 776 Patre
482 747 598 774 Verbutn
613 746 823 781 apprehendisse
846 753 938 772 Semen

151 797 300 827 Abraltatn,
317 801 343 822 et
357 802 434 822 suuut
460 793 558 820 fecisse
580 800 680 827 corpus
694 792 785 818 anima
809 791 938 818 rationali

151 843 304 878 praeditum,
322 842 398 873 illud,
416 841 542 874 inquam.
557 847 589 865 ex
611 843 702 865 sancta
731 837 839 873 Virgine
863 845 939 865 suin-

989 245 1109 280 Πατέρα.
1127 255 1136 270 ι
1177 243 1328 279 ’Δπεστὰλη
1354 243 1381 270 δὲ
1408 245 1421 270 ὁ
1448 244 1512 278 ἡμῖν
1545 244 1707 279 ὀμοούσιος,
1735 243 1783 269 καὶ

988 291 1129 325 κέχρισται
1144 289 1286 325 κηρύττων
1295 289 1477 324 αἰχμαλώτοις
1489 290 1595 324 ἄφεσιν,
1609 290 1656 316 καὶ
1668 288 1783 323 τυφλοῖς

988 334 1146 369 ἁνάὸλεψιν.
1165 344 1174 360 t
1186 333 1299 369 Πνεῦμα
1316 334 1370 370 γὰρ
1383 334 1487 369 Κυρίου
1502 335 1545 361 ἐπ’
1563 335 1623 369 ἐμὲ,
1642 331 1674 361 οὗ
1686 335 1783 360 ἕνεκεν

989 380 1080 414 ἔχρισέ
1103 388 1146 414 με.
1165 390 1172 405 ι
1190 380 1196 415 ]

1292 448 1415 474 ΚΕΦΑΛ.
1441 448 1476 475 Γ’.

1025 515 1140 550 Διορίζει
1154 512 1200 541 οὖν
1216 516 1256 546 εἰς
1278 514 1325 541 δύο
1343 515 1375 550 δὴ
1397 515 1488 548 πάλιν,
1511 516 1558 542 καὶ
1577 516 1650 551 μάλα
1665 517 1779 550 σαφῶς·

989 558 1048 586 εἶτα
1077 560 1134 591 πῶς
1152 560 1201 586 οὐκ
1225 561 1366 596 ὲλήλεγξαι
1385 561 1500 596 ψυχικὸς
1519 562 1565 588 καὶ
1599 562 1709 597 πνεῦμα
1742 564 1781 598 μὴ

989 606 1069 640 ἔχων,
1093 606 1165 632 καθά
1188 615 1254 640 φησι
1281 607 1326 633 τοῦ
1345 607 1471 642 Σωτῆρος
1493 608 1507 633 ὁ
1534 608 1676 644 μαθητήςς
1709 609 1782 634 Ἀλλ’

989 651 1036 684 ἥτε
1053 650 1058 685 Ι
1073 651 1115 677 ῐσ.
1135 651 1151 686 ἥ
1172 660 1203 685 γε
1217 651 1225 688 ]
1241 652 1288 687 τῆς
1305 652 1432 687 ἀληθείας
1454 652 1567 688 δύναμις
1584 656 1639 685 τοῖς
1664 656 1732 686 σοῖς,
1757 652 1781 681 ὦ

989 691 1076 726 οὗτος.
1091 696 1262 728 ἁντιτάξεται
1275 696 1372 730 λόγοις.
1387 698 1613 732 Διῖσχυριζόμεθα
1630 700 1683 735 γὰρ
1698 700 1782 726 αὐτὸν

989 742 1035 767 τὸν
1053 743 1083 768 ἐκ
1101 742 1167 768 Θεοῦ
1190 743 1295 778 Πατρὺς
1318 743 1402 777 Λόγον
1425 744 1599 771 ἐπιλαϐέσθαι
1622 746 1781 780 σπέρματος

996 787 1130 823 Ἀϐραὰμ,
1155 789 1201 814 καὶ
1227 789 1291 815 ἴδιον
1312 790 1474 824 ποιήσασθαι
1500 789 1578 825 σῶμα
1599 791 1688 826 ψυχὴν
1711 791 1781 826 ἔχων

990 833 1050 870 [ῖσ.
1070 834 1148 870 ἔχον]
1173 835 1222 870 τὴν
1240 835 1363 871 λογικὴν,
1385 836 1414 862 τὸ
1429 838 1460 862 ὲκ
1476 837 1524 872 τῆς
1538 837 1616 870 ἁγίας
1639 837 1780 873 Παρθένου

151 875 226 921 ptutn
246 895 253 913 :
271 887 361 920 itaque
377 892 425 919 per
443 891 534 911 veram
549 883 675 910 unionem
689 890 773 909 unttm
798 883 935 909 eumdem-

1004 881 1089 914 ηφθὲν
1105 882 1193 916 σῶμα.
1214 882 1269 908 Καὶ
1282 881 1313 916 δὴ
1333 882 1393 908 καθ’
1409 883 1504 909 ἕνωσιν
1516 883 1613 919 ἀληθῆ,
1629 884 1677 910 ἕνα
1690 892 1722 910 τε
1734 886 1781 910 καὶ

151 940 203 966 qtte
216 932 330 958 dicimus
345 938 407 958 esse
423 931 497 957 illum
519 930 576 957 lteri
591 935 619 956 et
631 929 711 956 hodie
737 933 766 956 et
784 929 809 954 itt
825 928 936 960 saecula,

151 979 196 1013 qui
215 978 361 1004 sccundutn
388 977 557 1003 divinitatem
578 980 638 1002 erat
660 980 724 1001 ante
747 974 896 1005 Abraham,
911 980 938 1001 et

151 1026 196 1060 qui
216 1029 307 1058 postea
333 1023 423 1050 factus
452 1027 494 1050 est
511 1023 603 1054 homo,
631 1027 658 1048 et
679 1021 881 1055 generationem
905 1027 936 1046 ex

152 1071 265 1098 muliere
293 1070 388 1096 subiit.
422 1068 478 1095 Non
508 1075 574 1102 ergo
602 1067 732 1094 mentitur
757 1073 818 1093 cum
845 1066 936 1093 dicit:

154 1125 163 1141 ι
182 1116 267 1142 Amen
285 1116 347 1142 dico
362 1115 439 1141 vobis
452 1133 459 1146 ,
486 1114 645 1148 priusquam
673 1113 812 1140 Abraham
842 1111 936 1144 ﬁeret,

151 1169 200 1196 ego
217 1168 285 1188 sum.
309 1169 319 1186 ι
340 1159 393 1186 Sed
407 1160 467 1187 istc
479 1167 590 1194 prorsus
606 1167 660 1185 nott
673 1158 936 1192 intelligitqttiduattt

151 1207 216 1233 illud
230 1207 275 1239 sit,
293 1207 350 1232 lteri
363 1210 390 1232 et
414 1205 496 1232 hodie
519 1209 546 1232 et
560 1205 587 1231 in
615 1205 715 1232 saecula
729 1213 735 1231 :
751 1203 806 1239 76
832 1211 892 1230 ttatn
910 1208 939 1230 ιιι

150 1258 281 1280 aeternum
299 1259 361 1278 esse
384 1255 411 1278 et
429 1251 524 1278 eodem
550 1251 630 1278 modo
659 1252 759 1278 habere
783 1253 936 1278 secundum

153 1303 288 1329 naturam,
304 1304 392 1331 neque
417 1297 599 1329 conversioni,
623 1297 823 1330 ntutatiouique
847 1296 939 1329 sultja-

150 1349 213 1369 cere
227 1342 272 1368 Dei
292 1340 407 1368 Verbum
424 1342 589 1373 ostenderet,
611 1342 693 1367 etiam
711 1342 734 1368 si
753 1342 840 1368 factus
853 1342 933 1368 homo

150 1388 208 1420 sit,
235 1391 342 1421 tempus
362 1393 442 1413 omne
470 1386 597 1413 distinxit
620 1386 647 1413 in
673 1386 723 1413 tria
750 1393 892 1421 tempora,
910 1391 937 1413 et

151 1433 220 1464 heri,
237 1432 269 1458 de
293 1432 429 1466 μηνιθτὶιο
448 1431 536 1464 dixit;
554 1432 587 1459 de
613 1433 737 1466 praesenti
751 1452 760 1464 ,
780 1433 858 1460 hodie
877 1440 884 1465 ;
905 1434 938 1460 de

150 1479 260 1509 futuro,
277 1478 302 1505 in
318 1477 445 1504 saeculum
469 1486 476 1504 ε
494 1477 547 1503 iste
569 1485 635 1504 vero
653 1477 804 1512 imperitus,
823 1478 882 1504 lteri
908 1483 936 1505 et

151 1525 230 1552 hodie
246 1529 373 1559 tauquam
389 1524 421 1550 de
436 1524 574 1550 communi
591 1523 700 1550 homine
712 1524 746 1549 ab
759 1531 792 1550 eo
809 1523 928 1554 dicatur,

150 1571 311 1605 insipienter
330 1569 468 1601 aﬂirntat,
500 1577 552 1596 non
580 1569 734 1603 intelligens
754 1576 866 1602 prorsus
889 1576 935 1595 an-

150 1614 292 1647 tiquiorem
307 1613 382 1640 illttttt
404 1617 431 1639 et
447 1613 564 1647 priorem
582 1620 630 1640 sua
656 1613 739 1647 ipsius
761 1614 935 1647 generatione

148 1667 164 1685 tt
182 1666 212 1686 se
223 1659 403 1694 pronuntiari,
419 1659 553 1692 siquidem
569 1662 629 1685 erat
640 1658 752 1685 omnino
765 1658 848 1685 etiam
864 1659 934 1690 heri,

147 1706 219 1740 quod
232 1705 359 1740 praeteriti
372 1704 502 1738 temporis
509 1704 735 1738 signiﬁcationem
746 1704 837 1730 habet.
851 1703 936 1730 Porro

150 1759 204 1778 non
228 1758 288 1778 esse
305 1751 387 1776 alium
409 1750 484 1777 illum
510 1750 566 1776 heri
594 1754 621 1776 et
637 1749 715 1776 hodie
740 1747 832 1776 Jesum
856 1748 936 1776 Citri-

149 1802 232 1829 stum,
247 1797 329 1823 alium
347 1803 411 1823 vero
425 1804 486 1823 euttt
501 1796 546 1830 qui
562 1795 626 1822 dicit
642 1803 649 1820 :
665 1804 674 1820 ‹
689 1795 839 1829 Antequam
851 1796 935 1821 Abra-

150 1844 211 1869 ltattt
225 1843 310 1874 lleret,
326 1849 375 1876 ego
392 1849 465 1873 sum,
479 1851 488 1867 ι
503 1841 550 1868 sed
564 1849 645 1867 ututttt
659 1846 686 1867 et
702 1841 825 1867 entttdettt
842 1848 936 1868 secun-

148 1889 212 1914 duttt
227 1895 318 1914 verant
335 1887 472 1919 unionem,
490 1894 550 1913 cuttt
571 1886 642 1913 Deus
660 1885 777 1912 Verbum
797 1886 833 1912 sit
856 1886 935 1912 Itouto

148 1935 238 1960 laetus
259 1933 344 1960 nostri
363 1933 479 1964 similis,
507 1938 535 1958 et
548 1939 604 1958 suae
628 1937 730 1958 naturae
754 1931 934 1958 conditionem

149 1980 222 2006 illam
238 1986 289 2013 qua
303 1979 437 2013 principio
454 1979 585 2012 temporis
600 1983 686 2011 caret,
715 1978 832 2005 servarit
849 1978 933 2005 etiam

148 2035 209 2052 cum
225 2026 312 2053 factus
331 2031 373 2053 est
387 2033 462 2056 caro.
494 2025 621 2052 facillime
638 2025 753 2059 quisque
781 2031 814 2052 ex
847 2025 934 2052 sacris

148 2072 247 2098 litteris
268 2071 421 2105 perspiciet.
447 2070 491 2096 Ait
504 2071 577 2097 enim
601 2069 722 2097 Joannes
739 2070 835 2097 beatus
851 2076 934 2096 evan-

149 2117 244 2151 gelista
257 2118 290 2143 de
301 2117 421 2143 omuiunt
437 2116 578 2144 Salvatore
590 2116 700 2143 Christo
720 2125 726 2142 :
744 2115 866 2143 Joannes
892 2121 933 2142 te-

147 2161 305 2187 stimonium
317 2161 483 2195 perhibetdc
493 2161 561 2194 ipso,
575 2160 720 2192 etclamat,
730 2161 823 2187 dicens
836 2169 843 2186 :
857 2169 867 2186 ε
882 2160 934 2194 Ωιί

150 2211 210 2238 post
221 2214 263 2233 ute
278 2207 361 2238 venit,
378 2212 441 2233 autc
456 2214 498 2232 ttte
513 2207 600 2233 lactus
617 2212 658 2233 est
673 2227 681 2239 ,
706 2207 770 2241 quia
793 2207 868 2240 prior
892 2213 934 2234 me

147 2257 207 2279 erat
217 2253 266 2286 ⁵³;»
277 2258 305 2279 et
317 2252 415 2278 iterum
430 2260 436 2278 :
453 2261 463 2276 ι
476 2252 568 2279 Altera
580 2253 622 2279 die
635 2253 707 2278 videt
720 2251 812 2278 Jesutn
824 2253 934 2279 venien-

148 2303 201 2323 tem
216 2297 249 2323 ad
265 2305 304 2328 se,
323 2301 351 2323 et
365 2297 402 2322 ait
419 2305 425 2323 :
443 2296 510 2324 Ecce
527 2298 619 2331 Agnus
633 2297 690 2329 Dei,
708 2297 753 2331 qui
779 2297 849 2324 tollit
872 2305 935 2331 pec~

147 2348 238 2370 catum
260 2342 350 2369 mutuli
362 2351 369 2374 ;
383 2343 426 2369 ltic
444 2348 487 2369 est
506 2343 539 2369 de
550 2350 602 2377 quo
621 2343 676 2370 dixi
693 2351 699 2369 :
715 2343 778 2370 Post
793 2350 835 2369 me
859 2343 935 2370 venit

147 2391 189 2416 vir
205 2389 250 2424 qui
266 2394 328 2415 ante
346 2396 388 2415 me
406 2389 492 2415 factus
509 2393 560 2421 est,
574 2390 636 2423 quia
653 2389 728 2424 prior
743 2397 786 2416 me
798 2395 856 2416 erat
867 2389 900 2415 “.
921 2399 930 2415 ι

108 2450 111 2456 ι
137 2435 230 2462 .Vides
243 2435 324 2469 igitur
344 2441 436 2469 aperte
457 2435 684 2469 quemadmodum
704 2435 873 2462 admirabilis
890 2435 934 2462 ille

149 2480 269 2515 Baptista
289 2481 425 2507 hominem
449 2481 522 2507 dicat
536 2480 640 2512 Jesum,
655 2485 683 2507 et
705 2486 766 2514 post
785 2481 888 2512 venire,
905 2486 934 2507 ut

149 2526 323 2560 posteriorem
338 2531 402 2552 nattt
420 2531 446 2553 et
459 2531 519 2560 post
541 2527 629 2560 ipsum
641 2546 648 2558 ,
674 2527 749 2561 prius
764 2531 852 2553 tamen
873 2534 934 2553 esse

147 2573 273 2606 cwpisse.
290 2571 418 2606 priusque
430 2572 567 2599 exstitisse
589 2580 595 2598 :
618 2572 644 2599 id
662 2572 751 2603 enim,
771 2577 800 2598 ut
819 2572 929 2605 opinor,

149 2617 291 2650 signiﬁcat,
310 2626 319 2642 ι
337 2617 403 2650 Quia
425 2617 499 2650 prior
517 2625 559 2643 tne
574 2623 643 2649 erat,
660 2622 687 2644 et
699 2622 762 2644 ante
778 2625 820 2643 me
843 2616 930 2643 factus

147 2669 199 2689 est.
219 2673 227 2688 t
246 2663 325 2697 Atqui
338 2663 361 2689 si
379 2664 458 2690 homo
476 2667 529 2694 est,
543 2663 678 2698 quomodo
695 2663 771 2697 prius
795 2663 935 2690 exstitisse

148 2709 319 2743 intelligitur.
336 2714 382 2735 aut
398 2709 473 2743 prius
491 2715 552 2735 esse
573 2709 689 2742 coepisse
711 2709 811 2736 dicitur
832 2715 864 2736 eo
889 2709 934 2743 qui

150 2761 268 2789 tempore
284 2755 357 2789 prior
374 2759 444 2786 erat,
465 2758 492 2781 ct
511 2755 586 2788 prior
614 2760 676 2781 natu
702 2756 849 2782 secundum
867 2756 936 2790 ﬁcar-

185 2842 206 2856 “
223 2844 298 2868 Joatt.
314 2842 405 2874 xrv,9.
445 2842 467 2856 "
486 2842 535 2867 lsa.
552 2850 615 2874 Lxu,
633 2843 696 2876 l,2;
714 2843 778 2870 Luc.
793 2851 828 2875 tv,
844 2842 886 2870 l8.
904 2843 943 2868 ιη,

989 926 1034 952 τὸν
1055 927 1136 953 αὐτὸν
1153 925 1222 953 εἷναί
1243 937 1333 962 φαμεν
1347 929 1391 955 τὸν
1407 929 1468 964 χθὲς
1484 931 1530 956 καὶ
1545 931 1664 966 σήμερον
1679 931 1727 957 καὶ
1741 931 1780 962 είς

989 973 1052 1004 τοὺς
1064 972 1176 1006 αἰῶνας,
1192 973 1256 1000 ὂντα
1267 982 1295 999 τε
1311 973 1365 1009 πρὸ
1389 974 1513 1010 Ἀϐραὰμ
1530 975 1781 1010 θεῑκῶς,γεγονότα

988 1018 1017 1044 δὲ
1034 1019 1080 1044 καὶ
1095 1019 1164 1053 μετά
1179 1019 1258 1046 τοῦτο
1273 1019 1424 1055 ἄνθρωπον,
1442 1020 1489 1046 καὶ
1501 1020 1624 1055 γέννησιν
1632 1022 1780 1055 ὑπομεῖναι

989 1065 1037 1100 τὴν
1060 1065 1091 1090 ὲκ
1118 1065 1256 1099 γυναικός.
1279 1066 1383 1092 Οὐκοῦν
1406 1066 1436 1092 οὐ
1463 1066 1640 1101 ψευδοεπήσει
1672 1066 1778 1101 λέγων’

992 1121 1001 1137 ‹
1025 1112 1110 1147 Ἀμὴν
1137 1111 1209 1145 λέγω
1229 1112 1303 1146 ὑμῖν,
1329 1112 1393 1146 πρὶν
1420 1111 1546 1148 Ἀϐραὰμ
1574 1113 1700 1146 γενέσοαι
1725 1113 1779 1147 ἐγὼ

988 1158 1054 1192 εἰμι.
1071 1167 1079 1182 t
1105 1157 1174 1184 Ἀλλ’
1195 1158 1226 1184 οὐ
1257 1157 1379 1192 συνίησιν
1395 1158 1472 1189 ὅλως,
1499 1157 1513 1184 ὃ
1533 1158 1559 1184 τί
1587 1158 1653 1184 ποτέ
1673 1159 1733 1184 ἐστι
1751 1158 1780 1184 τὺ

989 1203 1051 1237 χθὲς
1070 1202 1116 1228 καὶ
1146 1203 1282 1238 σήμερον,
1302 1203 1350 1229 καὶ
1373 1204 1413 1234 εἰς
1432 1203 1494 1234 τοὺς
1516 1203 1632 1234 αἰῶνας·
1660 1203 1704 1229 ἴνα
1726 1203 1780 1238 γὰρ

989 1247 1072 1274 ἀΐδιον
1090 1247 1164 1279 ὅντα,
1188 1248 1236 1274 καὶ
1256 1247 1387 1279 ὡσαύτως
1413 1247 1508 1282 ἔχοντα
1529 1249 1600 1275 κατὰ
1619 1248 1710 1283 φύσιν,
1732 1250 1780 1276 καὶ

988 1293 1091 1328 τροπῆς
1108 1293 1211 1327 ἀμείνω
1231 1293 1278 1319 καὶ
1301 1293 1451 1328 μεταϐολῆς
1471 1293 1516 1319 τὸν
1538 1293 1585 1320 τοῦ
1602 1294 1671 1320 Θεοῦ
1693 1303 1779 1321 κατα,

988 1338 1062 1373 δείξῃ
1079 1338 1174 1369 Λόγον,
1191 1338 1279 1364 κᾶνεί
1297 1339 1407 1372 γέγονεν
1430 1339 1580 1374 ἄνθρωπος,
1608 1341 1648 1371 εις
1665 1341 1778 1376 καιροὺς

991 1384 1039 1419 μὲν
1053 1384 1178 1420 διέστησε
1203 1386 1277 1419 τρεῖς
1292 1384 1336 1411 τὸν
1353 1385 1459 1411 ἅπαντα
1474 1385 1569 1421 χρόνον
1581 1394 1587 1400 ·
1605 1386 1697 1421 τίθησι
1708 1386 1735 1412 δὲ
1748 1387 1778 1413 τὸ

990 1429 1039 1463 μὲν
1059 1428 1132 1463 χθὲς,
1149 1429 1196 1455 ἐπὶ
1214 1429 1260 1455 τοῦ
1284 1430 1489 1464 παρῳχηκότος,
1513 1430 1559 1456 ἐπὶ
1574 1431 1602 1457 δέ
1616 1439 1649 1465 γε
1666 1431 1713 1458 τοῦ
1734 1433 1777 1457 ἑν-

991 1475 1149 1509 εστηχὸτος,
1178 1475 1210 1502 τὸ
1231 1476 1368 1511 σήμερον·
1393 1477 1440 1503 καὶ
1460 1477 1506 1503 ἐπὶ
1522 1477 1674 1512 μέλλοντος,
1689 1477 1719 1504 τὸ
1738 1478 1778 1510 εἰς

977 1521 1090 1553 αἰῶνας
1103 1529 1109 1536 ·
1126 1521 1139 1547 ὁ
1155 1522 1183 1548 δὲ
1195 1522 1323 1558 ἄγροικος
1339 1522 1442 1555 οὐτοσὶ,
1459 1523 1489 1549 τὸ
1508 1523 1569 1559 χθὲς
1584 1524 1630 1550 καὶ
1645 1525 1776 1560 σήμερον,

987 1567 1024 1598 ὡς
1038 1568 1081 1593 ἐπ’
1102 1567 1248 1603 ἀνθρώπου
1262 1569 1369 1603 λέγεται
1386 1571 1452 1604 παρ’
1470 1569 1552 1596 αὑτοῦ
1575 1569 1666 1596 κοινοῦ
1685 1578 1777 1605 παραο

986 1612 1072 1647 λόγως
1086 1612 1186 1648 [λείπει
1201 1614 1262 1650 τι]·
1289 1615 1339 1641 οὐκ
1352 1615 1460 1648 ἐννοῶν,
1479 1616 1520 1642 ὅτι
1543 1616 1729 1652 πρεσεύτερόν
1748 1625 1777 1642 τε

987 1660 1033 1685 καὶ
1057 1660 1267 1695 προϋπάρχοντα
1284 1662 1333 1696 τῆς
1350 1661 1447 1688 ἑαυτοῦ
1471 1664 1621 1697 γεννήσεως
1641 1663 1778 1697 ἀποφανεί

987 1705 1075 1740 πάντη
1091 1714 1121 1732 τε
1140 1708 1187 1732 καὶ
1202 1707 1320 1738 πάντως,
1341 1707 1420 1742 εἴπερ
1434 1706 1468 1743 ἦν
1484 1708 1552 1739 ὅλως
1570 1709 1616 1735 καὶ
1639 1709 1712 1735 κατὰ
1727 1708 1776 1741 τὴν

987 1749 1059 1783 χθὲς,
1076 1750 1145 1784 ὅπερ
1162 1750 1220 1776 ἐστὶ
1237 1750 1284 1777 τοῦ
1304 1752 1500 1786 παρῳχηκότος
1522 1752 1617 1788 καιροῦ
1642 1762 1776 1788 σημαντι-

987 1795 1042 1821 κόν.
1061 1795 1122 1821 Ὅτι
1135 1795 1184 1830 μὲν
1199 1795 1247 1830 οὐχ
1261 1795 1355 1830 ἕτερος
1371 1797 1386 1822 ό
1399 1797 1461 1831 χθὲς
1474 1798 1520 1824 καὶ
1534 1798 1653 1833 σήμερον
1673 1798 1775 1833 Ἰησοῦς

986 1841 1115 1875 Χριστὸς,
1132 1841 1225 1876 ἔτερος
1239 1840 1266 1867 δὲ
1288 1842 1302 1867 ό
1326 1841 1423 1876 λέγων,
1443 1852 1451 1867 α
1468 1844 1535 1878 Πρὶν
1551 1844 1676 1879 Ἀϐραὰμ
1701 1845 1776 1878 γενέ-

987 1887 1060 1918 σθαι,
1079 1887 1134 1921 ἐγώ
1148 1889 1215 1921 εἰμι,
1232 1897 1241 1912 ›
1260 1888 1317 1914 ἀλλ’
1332 1885 1372 1920 εἷς
1385 1897 1413 1915 τε
1426 1890 1472 1915 καὶ
1484 1890 1497 1915 6
1513 1890 1593 1921 αὐτὸς
1606 1891 1668 1917 καθ’
1679 1891 1775 1917 ἕνωσιν

987 1933 1072 1969 ἀληθῆ
1087 1933 1230 1968 ἀνθρώπου
1246 1934 1306 1960 καθ’
1319 1935 1393 1969 ἡμᾶς
1405 1935 1547 1968 γεγονότος
1561 1935 1608 1962 τοῦ
1620 1937 1718 1970 Λόγου,
1729 1937 1776 1964 καὶ

986 1980 1019 2014 τῇ
1034 1979 1086 2014 ἰδίᾳ
1102 1979 1181 2014 φύσει
1196 1980 1392 2015 τετηρηκότος,
1415 1981 1462 2006 καὶ
1473 1981 1517 2007 ὅτε
1534 1982 1629 2015 γέγονε
1646 1982 1725 2016 σὰρξ,
1746 1982 1776 2007 τὸ

986 2025 1104 2060 ἄναρχον
1117 2026 1145 2051 ὲν
1161 2025 1259 2060 χρόνῳ,
1286 2025 1456 2061 καταθρήσαι
1479 2035 1520 2058 τις
1538 2027 1581 2059 ἂν,
1604 2028 1650 2054 καὶ
1666 2027 1776 2054 ἀταλαι-

987 2071 1085 2106 πώρως
1109 2071 1206 2105 κομιδῆ
1231 2071 1274 2097 διά
1298 2080 1329 2104 γε
1351 2072 1398 2106 τῆς
1419 2072 1598 2099 θεοπνεύστου
1620 2073 1745 2108 Γραφῆς·
1761 2073 1775 2099 Ξ

987 2124 1053 2151 φησι
1067 2116 1091 2151 [ὃ
1108 2115 1260 2151 παρέλκει]
1273 2116 1321 2151 μὲν
1333 2115 1387 2151 γὰρ
1400 2117 1414 2142 ὸ
1425 2117 1558 2152 μακάριος
1579 2117 1774 2152 εὐαγγελιστὴς

993 2161 1118 2195 Ἰωάννης
1135 2162 1198 2196 περὶ
1214 2162 1262 2188 τοῦ
1280 2162 1388 2189 πάντων
1404 2163 1483 2198 ήμῶν
1497 2163 1623 2198 Σωτῆρος
1635 2163 1771 2198 Χριστοῦ·

950 2224 974 2253 D
993 2207 1119 2242 Ἰωάννης
1136 2209 1270 2242 μαρτυρεῖ
1282 2209 1346 2242 περὶ
1362 2207 1454 2240 αὐτοῦ,
1471 2207 1518 2234 καὶ
1537 2208 1657 2243 κέκραγε
1670 2207 1772 2242 λέγων’

989 2261 999 2277 ι
1018 2252 1047 2278 '0
1058 2252 1147 2278 ὀπίσω
1163 2260 1214 2287 μου
1234 2253 1390 2288 ἐρχόμενος,
1413 2252 1567 2288 ἔμπροσθέν
1585 2262 1637 2288 μου
1651 2254 1774 2287 γέγονεν,

986 2298 1027 2324 ὅτι
1042 2297 1149 2333 πρῶτός
1162 2306 1211 2332 μου
1222 2295 1264 2332 ἦν·
1273 2307 1282 2323 ι
1300 2298 1347 2324 καὶ
1360 2298 1441 2324 πάλιν
1452 2306 1459 2312 ·
1474 2298 1528 2333 «Τῇ
1538 2298 1669 2334 ἐπαύριον
1680 2298 1775 2334 βλέπει

986 2343 1031 2369 τὸν
1052 2343 1155 2377 Ἰησοῦν
1172 2343 1320 2378 ἐρχόμενον
1335 2343 1404 2379 πρὸς
1424 2343 1504 2369 αὑτὸν
1516 2344 1563 2370 καὶ
1581 2343 1675 2378 λέγει’
1692 2345 1745 2371 Ἴδε
1760 2346 1775 2372 ὁ

994 2389 1089 2424 Ἀμνὸς
1108 2388 1154 2415 τοῦ
1172 2389 1239 2416 Θεοῦ
1253 2391 1266 2415 ὀ
1281 2389 1366 2424 αἴρων
1383 2389 1432 2424 τὴν
1448 2389 1584 2425 ἁμαρτίαν
1596 2390 1642 2416 τοῦ
1658 2391 1772 2426 κόσμου·

987 2433 1063 2466 οὗτός
1079 2436 1136 2461 ἐστι
1156 2435 1219 2471 περὶ
1236 2431 1266 2461 οὗ
1279 2435 1335 2469 ἐγὼ
1355 2433 1447 2468 εἷπον,
1469 2435 1570 2462 Ὀπίσω
1592 2444 1643 2471 μου
1665 2436 1772 2472 ἔρχεται

988 2481 1067 2515 ἀνὴρ,
1091 2481 1120 2512 ὃς
1142 2480 1296 2516 ἔμπροσθέν
1319 2489 1370 2515 μου
1390 2481 1511 2515 γέγονεν,
1531 2482 1572 2507 ὅτι
1591 2481 1699 2516 πρῶτός
1721 2489 1770 2516 μου

987 2523 1030 2560 ἢν.
1046 2536 1055 2550 ι
1075 2525 1154 2560 Ὁρᾷς
1167 2524 1213 2551 οὖν
1226 2525 1281 2561 ἄρα
1302 2525 1349 2551 καὶ
1367 2525 1440 2560 μάλα
1454 2533 1547 2560 σαφως
1561 2525 1607 2552 τὸν
1628 2525 1771 2552 θεσπέσιον

988 2571 1143 2606 Βαπτιστὴν
1162 2571 1245 2606 ἄνδρα
1269 2571 1382 2605 λέγοντα
1403 2571 1449 2597 τὸν
1474 2571 1587 2607 Ἰησοῦν,
1609 2571 1656 2599 καὶ
1684 2572 1772 2598 ὀπίσω

988 2617 1037 2652 μὲν
1068 2617 1224 2652 ἐρχόμενον,
1252 2617 1290 2647 ὡς
1317 2616 1430 2651 όψιγενῆ
1461 2625 1490 2642 τι
1513 2617 1560 2644 καὶ
1588 2617 1646 2652 μετ’
1673 2617 1769 2644 αὐτόν*

986 2662 1199 2698 προῡπάρχοντά
1213 2671 1244 2695 γε
1268 2662 1321 2697 μὴν
1343 2661 1436 2694 αὑτοῦ,
1462 2662 1507 2688 καὶ
1527 2663 1768 2698 προῦφεπηκότα·

986 2709 1061 2744 δηλοί
1081 2709 1136 2744 γὰρ
1151 2707 1227 2743 οἶμαι
1244 2709 1329 2741 τουτὶ,
1351 2708 1390 2739 τὸ,
1413 2718 1423 2734 ε
1436 2708 1498 2735 ’Ότι
1523 2709 1630 2744 πρῶτός
1655 2717 1706 2745 μου
1727 2707 1769 2744 ἦν,

988 2756 1034 2781 καὶ
1048 2754 1202 2790 ἔμπροσθέν
1217 2763 1267 2789 μου
1283 2754 1404 2788 γέγονεν.
1417 2763 1426 2780 ι
1443 2752 1508 2781 Εἶτα
1526 2755 1593 2787 πῶς,
1609 2755 1687 2791 εἴπερ
1699 2755 1770 2782 ἐστὶν

983 2843 1004 2867 1‘
1024 2842 1097 2869 lonn.
1114 2849 1130 2873 l,
1148 2841 1188 2868 l5.
1206 2879 1210 2882 ⁴
1228 2842 1250 2857 ⁸⁵
1270 2842 1335 2869 Ibid.
1347 2842 1392 2876 29,
1405 2842 1450 2870 50.
