  <div class='ocr_page' id='page_1' title='image "/cluster/home/n/w/nwhite01/storage/ocr_20150623/76/njp.32101007590019/086.png"; bbox 0 0 1883 3054; ppageno 0'>
   <div class='ocr_carea' id='block_1_1' title="bbox 115 148 162 174">
    <p class='ocr_par' dir='ltr' id='par_1_1' title="bbox 115 148 162 174">
     <span class='ocr_line' id='line_1_1' title="bbox 115 148 162 174; baseline -0.021 0"><span class='ocrx_word' id='word_1_1' title='bbox 115 148 162 174; x_wconf 65' lang='grc' dir='ltr'><strong>ΙῈἾ</strong></span> 
     </span>
    </p>
   </div>
   <div class='ocr_carea' id='block_1_2' title="bbox 683 147 1238 177">
    <p class='ocr_par' dir='ltr' id='par_1_2' title="bbox 683 147 1238 177">
     <span class='ocr_line' id='line_1_2' title="bbox 683 147 1238 177; baseline -0.002 -1"><span class='ocrx_word' id='word_1_2' title='bbox 683 148 869 177; x_wconf 76' lang='lat' dir='ltr'><strong>ADVERSUS</strong></span> <span class='ocrx_word' id='word_1_3' title='bbox 886 147 1089 176; x_wconf 74' lang='lat' dir='ltr'><strong>NES&#39;DORIUM</strong></span> <span class='ocrx_word' id='word_1_4' title='bbox 1108 148 1173 176; x_wconf 81' lang='lat' dir='ltr'><strong>LIB.</strong></span> <span class='ocrx_word' id='word_1_5' title='bbox 1195 148 1238 175; x_wconf 85' lang='lat' dir='ltr'><strong>lli.</strong></span> 
     </span>
    </p>
   </div>
   <div class='ocr_carea' id='block_1_3' title="bbox 1702 154 1752 180">
    <p class='ocr_par' dir='ltr' id='par_1_3' title="bbox 1702 154 1752 180">
     <span class='ocr_line' id='line_1_3' title="bbox 1702 154 1752 180; baseline 0 0"><span class='ocrx_word' id='word_1_6' title='bbox 1702 154 1752 180; x_wconf 64' lang='grc'><strong>158</strong></span> 
     </span>
    </p>
   </div>
   <div class='ocr_carea' id='block_1_4' title="bbox 117 206 860 246">
    <p class='ocr_par' dir='ltr' id='par_1_4' title="bbox 117 206 860 244">
     <span class='ocr_line' id='line_1_4' title="bbox 117 206 860 244; baseline 0.005 -13"><span class='ocrx_word' id='word_1_7' title='bbox 117 206 192 241; x_wconf 74' lang='grc' dir='ltr'>ἀνὴρ,</span> <span class='ocrx_word' id='word_1_8' title='bbox 210 207 435 242; x_wconf 77' lang='grc' dir='ltr'>προῦφεστηκὼς</span> <span class='ocrx_word' id='word_1_9' title='bbox 448 208 558 240; x_wconf 76' lang='grc' dir='ltr'><strong>νοεῖται,</strong></span> <span class='ocrx_word' id='word_1_10' title='bbox 575 209 622 235; x_wconf 84' lang='grc' dir='ltr'>καὶ</span> <span class='ocrx_word' id='word_1_11' title='bbox 635 208 821 244; x_wconf 83' lang='grc' dir='ltr'>προῦπάρχων</span> <span class='ocrx_word' id='word_1_12' title='bbox 837 208 860 235; x_wconf 76' lang='grc' dir='ltr'><strong>λι</strong></span> 
     </span>
    </p>
   </div>
   <div class='ocr_carea' id='block_1_5' title="bbox 1006 206 1749 246">
    <p class='ocr_par' dir='ltr' id='par_1_5' title="bbox 1006 209 1749 246">
     <span class='ocr_line' id='line_1_5' title="bbox 1006 209 1749 246; baseline 0.005 -11"><span class='ocrx_word' id='word_1_13' title='bbox 1006 217 1028 234; x_wconf 78' lang='lat' dir='ltr'><strong>in</strong></span> <span class='ocrx_word' id='word_1_14' title='bbox 1040 209 1052 235; x_wconf 71' lang='grc' dir='ltr'><strong>ἶ)</strong></span> <span class='ocrx_word' id='word_1_15' title='bbox 1065 209 1131 236; x_wconf 78' lang='lat' dir='ltr'><strong>Nam</strong></span> <span class='ocrx_word' id='word_1_16' title='bbox 1144 210 1165 236; x_wconf 81' lang='lat' dir='ltr'><strong>si</strong></span> <span class='ocrx_word' id='word_1_17' title='bbox 1183 211 1216 236; x_wconf 88' lang='lat' dir='ltr'><strong>de</strong></span> <span class='ocrx_word' id='word_1_18' title='bbox 1231 209 1321 244; x_wconf 81' lang='lat' dir='ltr'><strong>aliquo</strong></span> <span class='ocrx_word' id='word_1_19' title='bbox 1333 215 1457 237; x_wconf 83' lang='lat' dir='ltr'><strong>nostrum</strong></span> <span class='ocrx_word' id='word_1_20' title='bbox 1474 210 1524 237; x_wconf 89' lang='lat' dir='ltr'><strong>hoc</strong></span> <span class='ocrx_word' id='word_1_21' title='bbox 1539 210 1654 238; x_wconf 78' lang='lat' dir='ltr'><strong>fortasse</strong></span> <span class='ocrx_word' id='word_1_22' title='bbox 1668 214 1749 246; x_wconf 67' lang='lat' dir='ltr'><strong>(llCltl,</strong></span> 
     </span>
    </p>
   </div>
   <div class='ocr_carea' id='block_1_6' title="bbox 114 250 913 288">
    <p class='ocr_par' dir='ltr' id='par_1_6' title="bbox 114 250 913 288">
     <span class='ocr_line' id='line_1_6' title="bbox 114 250 913 288; baseline 0.005 -12"><span class='ocrx_word' id='word_1_23' title='bbox 114 259 158 277; x_wconf 80' lang='grc' dir='ltr'><strong>ται</strong></span> <span class='ocrx_word' id='word_1_24' title='bbox 171 250 218 276; x_wconf 76' lang='grc' dir='ltr'>τοῦ</span> <span class='ocrx_word' id='word_1_25' title='bbox 234 250 437 286; x_wconf 75' lang='grc' dir='ltr'><strong>προειληφότος</strong></span> <span class='ocrx_word' id='word_1_26' title='bbox 454 252 526 279; x_wconf 78' lang='grc' dir='ltr'>κατὰ</span> <span class='ocrx_word' id='word_1_27' title='bbox 542 253 588 279; x_wconf 84' lang='grc' dir='ltr'>τὸν</span> <span class='ocrx_word' id='word_1_28' title='bbox 603 254 710 288; x_wconf 81' lang='grc' dir='ltr'>χρόνον,</span> <span class='ocrx_word' id='word_1_29' title='bbox 727 254 773 281; x_wconf 78' lang='grc' dir='ltr'>καὶ</span> <span class='ocrx_word' id='word_1_30' title='bbox 794 254 913 288; x_wconf 75' lang='grc' dir='ltr'>πρεσϐυ-</span> 
     </span>
    </p>
   </div>
   <div class='ocr_carea' id='block_1_7' title="bbox 114 295 915 334">
    <p class='ocr_par' dir='ltr' id='par_1_7' title="bbox 114 295 915 334">
     <span class='ocr_line' id='line_1_7' title="bbox 114 295 915 334; baseline 0.005 -13"><span class='ocrx_word' id='word_1_31' title='bbox 114 295 195 330; x_wconf 75' lang='grc' dir='ltr'>τέραν</span> <span class='ocrx_word' id='word_1_32' title='bbox 208 295 317 330; x_wconf 72' lang='grc' dir='ltr'>ἔχοντος</span> <span class='ocrx_word' id='word_1_33' title='bbox 338 297 390 332; x_wconf 86' lang='grc' dir='ltr'><strong>τὴν</strong></span> <span class='ocrx_word' id='word_1_34' title='bbox 406 298 477 324; x_wconf 80' lang='grc' dir='ltr'>κατὰ</span> <span class='ocrx_word' id='word_1_35' title='bbox 489 297 579 333; x_wconf 85' lang='grc' dir='ltr'>σάρκα</span> <span class='ocrx_word' id='word_1_36' title='bbox 603 298 731 334; x_wconf 80' lang='grc' dir='ltr'><strong>γέννησιν</strong></span> <span class='ocrx_word' id='word_1_37' title='bbox 754 299 857 332; x_wconf 70' lang='grc' dir='ltr'>αὐτοῦς</span> <span class='ocrx_word' id='word_1_38' title='bbox 882 299 915 325; x_wconf 83' lang='lat' dir='ltr'><strong>Ei</strong></span> 
     </span>
    </p>
   </div>
   <div class='ocr_carea' id='block_1_8' title="bbox 115 341 915 380">
    <p class='ocr_par' dir='ltr' id='par_1_8' title="bbox 115 341 915 380">
     <span class='ocr_line' id='line_1_8' title="bbox 115 341 915 380; baseline 0.005 -13"><span class='ocrx_word' id='word_1_39' title='bbox 115 341 165 376; x_wconf 75' lang='grc' dir='ltr'><strong>μὲν</strong></span> <span class='ocrx_word' id='word_1_40' title='bbox 186 342 241 377; x_wconf 72' lang='grc' dir='ltr'><strong>γὰρ</strong></span> <span class='ocrx_word' id='word_1_41' title='bbox 263 342 310 368; x_wconf 72' lang='grc' dir='ltr'><strong>ἐπί</strong></span> <span class='ocrx_word' id='word_1_42' title='bbox 338 351 414 374; x_wconf 83' lang='grc' dir='ltr'>τινος</span> <span class='ocrx_word' id='word_1_43' title='bbox 443 344 498 370; x_wconf 86' lang='grc' dir='ltr'>τῶν</span> <span class='ocrx_word' id='word_1_44' title='bbox 521 345 582 371; x_wconf 80' lang='grc' dir='ltr'>καθ’</span> <span class='ocrx_word' id='word_1_45' title='bbox 614 345 687 380; x_wconf 79' lang='grc' dir='ltr'><strong>ἡμᾶς</strong></span> <span class='ocrx_word' id='word_1_46' title='bbox 709 347 786 371; x_wconf 86' lang='grc' dir='ltr'>τουτὶ</span> <span class='ocrx_word' id='word_1_47' title='bbox 811 344 915 379; x_wconf 76' lang='grc' dir='ltr'><strong>λέγοιτο</strong></span> 
     </span>
    </p>
   </div>
   <div class='ocr_carea' id='block_1_9' title="bbox 112 386 915 424">
    <p class='ocr_par' dir='ltr' id='par_1_9' title="bbox 112 386 915 424">
     <span class='ocr_line' id='line_1_9' title="bbox 112 386 915 424; baseline 0.006 -12"><span class='ocrx_word' id='word_1_48' title='bbox 112 386 206 421; x_wconf 66' lang='grc' dir='ltr'>τυχὸν,</span> <span class='ocrx_word' id='word_1_49' title='bbox 221 387 392 423; x_wconf 75' lang='grc' dir='ltr'><strong>ἀπορήσειεν</strong></span> <span class='ocrx_word' id='word_1_50' title='bbox 405 388 450 421; x_wconf 84' lang='grc' dir='ltr'>ἂν,</span> <span class='ocrx_word' id='word_1_51' title='bbox 462 387 549 424; x_wconf 72' lang='grc' dir='ltr'>οἶμαι,</span> <span class='ocrx_word' id='word_1_52' title='bbox 562 390 609 416; x_wconf 84' lang='grc' dir='ltr'>καὶ</span> <span class='ocrx_word' id='word_1_53' title='bbox 617 390 784 417; x_wconf 82' lang='grc' dir='ltr'>ἁπαστισοῦν</span> <span class='ocrx_word' id='word_1_54' title='bbox 796 391 835 421; x_wconf 85' lang='grc' dir='ltr'>εἰς</span> <span class='ocrx_word' id='word_1_55' title='bbox 847 391 915 417; x_wconf 81' lang='grc' dir='ltr'>ἀπο-</span> 
     </span>
    </p>
   </div>
   <div class='ocr_carea' id='block_1_10' title="bbox 111 432 912 472">
    <p class='ocr_par' dir='ltr' id='par_1_10' title="bbox 111 432 912 472">
     <span class='ocr_line' id='line_1_10' title="bbox 111 432 912 472; baseline 0.007 -15"><span class='ocrx_word' id='word_1_56' title='bbox 111 432 221 466; x_wconf 69' lang='grc' dir='ltr'>λογίαν·</span> <span class='ocrx_word' id='word_1_57' title='bbox 234 434 280 460; x_wconf 77' lang='grc' dir='ltr'>ἐπὶ</span> <span class='ocrx_word' id='word_1_58' title='bbox 290 433 319 460; x_wconf 85' lang='grc' dir='ltr'><strong>δέ</strong></span> <span class='ocrx_word' id='word_1_59' title='bbox 332 443 364 468; x_wconf 84' lang='grc' dir='ltr'><strong>γε</strong></span> <span class='ocrx_word' id='word_1_60' title='bbox 376 434 424 461; x_wconf 80' lang='grc' dir='ltr'>τοῦ</span> <span class='ocrx_word' id='word_1_61' title='bbox 436 436 545 462; x_wconf 76' lang='grc' dir='ltr'>πάντων</span> <span class='ocrx_word' id='word_1_62' title='bbox 555 436 635 471; x_wconf 80' lang='grc' dir='ltr'><strong>ἡμῶν</strong></span> <span class='ocrx_word' id='word_1_63' title='bbox 648 436 773 471; x_wconf 79' lang='grc' dir='ltr'><strong>Σωτῆρος</strong></span> <span class='ocrx_word' id='word_1_64' title='bbox 783 437 912 472; x_wconf 77' lang='grc' dir='ltr'><strong>Χριστοῦ,</strong></span> 
     </span>
    </p>
   </div>
   <div class='ocr_carea' id='block_1_11' title="bbox 112 478 914 517">
    <p class='ocr_par' dir='ltr' id='par_1_11' title="bbox 112 478 914 517">
     <span class='ocr_line' id='line_1_11' title="bbox 112 478 914 517; baseline 0.005 -13"><span class='ocrx_word' id='word_1_65' title='bbox 112 478 144 504; x_wconf 76' lang='grc' dir='ltr'>τὸ</span> <span class='ocrx_word' id='word_1_66' title='bbox 160 479 290 513; x_wconf 72' lang='grc' dir='ltr'>ἐμποδὼν</span> <span class='ocrx_word' id='word_1_67' title='bbox 305 480 386 507; x_wconf 79' lang='grc' dir='ltr'>οὐδέν</span> <span class='ocrx_word' id='word_1_68' title='bbox 397 489 404 495; x_wconf 77' lang='grc'><strong><em>⁸</em></strong></span> <span class='ocrx_word' id='word_1_69' title='bbox 421 481 570 508; x_wconf 77' lang='grc' dir='ltr'><strong>οἰκειοῦται</strong></span> <span class='ocrx_word' id='word_1_70' title='bbox 589 481 638 515; x_wconf 81' lang='grc' dir='ltr'><strong>μὲν</strong></span> <span class='ocrx_word' id='word_1_71' title='bbox 654 481 708 517; x_wconf 79' lang='grc' dir='ltr'><strong>γὰρ</strong></span> <span class='ocrx_word' id='word_1_72' title='bbox 718 483 732 508; x_wconf 82' lang='grc' dir='ltr'>ὁ</span> <span class='ocrx_word' id='word_1_73' title='bbox 746 482 778 508; x_wconf 80' lang='grc' dir='ltr'>ἐκ</span> <span class='ocrx_word' id='word_1_74' title='bbox 786 483 853 509; x_wconf 77' lang='grc' dir='ltr'>Θεοῦ</span> <span class='ocrx_word' id='word_1_75' title='bbox 864 483 914 517; x_wconf 83' lang='grc' dir='ltr'><strong>τῆς</strong></span> 
     </span>
    </p>
   </div>
   <div class='ocr_carea' id='block_1_12' title="bbox 113 524 913 563">
    <p class='ocr_par' dir='ltr' id='par_1_12' title="bbox 113 524 913 563">
     <span class='ocr_line' id='line_1_12' title="bbox 113 524 913 563; baseline 0.005 -13"><span class='ocrx_word' id='word_1_76' title='bbox 113 524 184 556; x_wconf 75' lang='grc' dir='ltr'>ἰδίας</span> <span class='ocrx_word' id='word_1_77' title='bbox 200 525 303 560; x_wconf 75' lang='grc' dir='ltr'>σαρκὸς</span> <span class='ocrx_word' id='word_1_78' title='bbox 320 526 370 562; x_wconf 82' lang='grc' dir='ltr'>τὴν</span> <span class='ocrx_word' id='word_1_79' title='bbox 395 526 522 563; x_wconf 77' lang='grc' dir='ltr'><strong>γέννησιν</strong></span> <span class='ocrx_word' id='word_1_80' title='bbox 533 536 540 542; x_wconf 90' lang='grc'><strong>·</strong></span> <span class='ocrx_word' id='word_1_81' title='bbox 560 527 630 563; x_wconf 85' lang='grc' dir='ltr'>πλὴν</span> <span class='ocrx_word' id='word_1_82' title='bbox 648 528 699 554; x_wconf 78' lang='grc' dir='ltr'>οὐκ</span> <span class='ocrx_word' id='word_1_83' title='bbox 715 528 850 563; x_wconf 82' lang='grc' dir='ltr'><strong>ἠγνόηκεν</strong></span> <span class='ocrx_word' id='word_1_84' title='bbox 872 529 913 555; x_wconf 73' lang='grc' dir='ltr'>ὅτι</span> 
     </span>
    </p>
   </div>
   <div class='ocr_carea' id='block_1_13' title="bbox 110 571 913 609">
    <p class='ocr_par' dir='ltr' id='par_1_13' title="bbox 110 571 913 609">
     <span class='ocr_line' id='line_1_13' title="bbox 110 571 913 609; baseline 0.004 -12"><span class='ocrx_word' id='word_1_85' title='bbox 110 571 167 597; x_wconf 85' lang='grc' dir='ltr'>τῶν</span> <span class='ocrx_word' id='word_1_86' title='bbox 197 571 306 598; x_wconf 80' lang='grc' dir='ltr'>αἰώνων</span> <span class='ocrx_word' id='word_1_87' title='bbox 330 574 390 600; x_wconf 78' lang='grc' dir='ltr'>ἐστὶ</span> <span class='ocrx_word' id='word_1_88' title='bbox 422 575 548 609; x_wconf 79' lang='grc' dir='ltr'>ποιητὴς,</span> <span class='ocrx_word' id='word_1_89' title='bbox 576 574 624 601; x_wconf 81' lang='grc' dir='ltr'>καὶ</span> <span class='ocrx_word' id='word_1_90' title='bbox 644 574 851 609; x_wconf 83' lang='grc' dir='ltr'>προῦφέστηκεν</span> <span class='ocrx_word' id='word_1_91' title='bbox 875 575 913 606; x_wconf 78' lang='grc' dir='ltr'><strong>ὼς</strong></span> 
     </span>
    </p>
   </div>
   <div class='ocr_carea' id='block_1_14' title="bbox 110 617 912 655">
    <p class='ocr_par' dir='ltr' id='par_1_14' title="bbox 110 617 912 655">
     <span class='ocr_line' id='line_1_14' title="bbox 110 617 912 655; baseline 0.005 -12"><span class='ocrx_word' id='word_1_92' title='bbox 110 617 192 648; x_wconf 80' lang='grc' dir='ltr'>Θεὸς,</span> <span class='ocrx_word' id='word_1_93' title='bbox 205 617 254 644; x_wconf 72' lang='grc' dir='ltr'><strong>καὶ</strong></span> <span class='ocrx_word' id='word_1_94' title='bbox 266 618 305 653; x_wconf 86' lang='grc' dir='ltr'><strong>τῷ</strong></span> <span class='ocrx_word' id='word_1_95' title='bbox 319 619 377 654; x_wconf 75' lang='grc' dir='ltr'>ἰδίῳ</span> <span class='ocrx_word' id='word_1_96' title='bbox 389 619 477 655; x_wconf 75' lang='grc' dir='ltr'>Πατρὶ</span> <span class='ocrx_word' id='word_1_97' title='bbox 493 620 636 652; x_wconf 83' lang='grc' dir='ltr'>συναῖδιος.</span> <span class='ocrx_word' id='word_1_98' title='bbox 646 620 683 646; x_wconf 87' lang='grc' dir='ltr'><strong>Οὑ</strong></span> <span class='ocrx_word' id='word_1_99' title='bbox 695 620 748 655; x_wconf 85' lang='grc' dir='ltr'><strong>γάρ</strong></span> <span class='ocrx_word' id='word_1_100' title='bbox 758 620 800 646; x_wconf 84' lang='grc' dir='ltr'>τοί</span> <span class='ocrx_word' id='word_1_101' title='bbox 811 628 912 655; x_wconf 83' lang='grc' dir='ltr'>φαμεν,</span> 
     </span>
    </p>
   </div>
   <div class='ocr_carea' id='block_1_15' title="bbox 110 662 912 702">
    <p class='ocr_par' dir='ltr' id='par_1_15' title="bbox 110 662 912 702">
     <span class='ocr_line' id='line_1_15' title="bbox 110 662 912 702; baseline 0.004 -13"><span class='ocrx_word' id='word_1_102' title='bbox 110 663 153 689; x_wconf 80' lang='grc' dir='ltr'>ὅτι</span> <span class='ocrx_word' id='word_1_103' title='bbox 170 665 204 698; x_wconf 83' lang='grc' dir='ltr'><strong>τῇ</strong></span> <span class='ocrx_word' id='word_1_104' title='bbox 228 665 357 699; x_wconf 81' lang='grc' dir='ltr'><strong>γεννήσει</strong></span> <span class='ocrx_word' id='word_1_105' title='bbox 378 662 425 691; x_wconf 76' lang='grc' dir='ltr'><strong>τοῦ</strong></span> <span class='ocrx_word' id='word_1_106' title='bbox 451 665 516 692; x_wconf 78' lang='grc' dir='ltr'>ἰδίου</span> <span class='ocrx_word' id='word_1_107' title='bbox 539 665 666 701; x_wconf 82' lang='grc' dir='ltr'>σώματος</span> <span class='ocrx_word' id='word_1_108' title='bbox 687 666 835 702; x_wconf 81' lang='grc' dir='ltr'>σύγχρονον</span> <span class='ocrx_word' id='word_1_109' title='bbox 857 665 912 700; x_wconf 80' lang='grc' dir='ltr'>ἔχει</span> 
     </span>
    </p>
   </div>
   <div class='ocr_carea' id='block_1_16' title="bbox 111 707 913 745">
    <p class='ocr_par' dir='ltr' id='par_1_16' title="bbox 111 707 913 745">
     <span class='ocr_line' id='line_1_16' title="bbox 111 707 913 745; baseline 0.006 -13"><span class='ocrx_word' id='word_1_110' title='bbox 111 708 163 742; x_wconf 77' lang='grc' dir='ltr'>τὴν</span> <span class='ocrx_word' id='word_1_111' title='bbox 180 707 314 744; x_wconf 72' lang='grc' dir='ltr'>ὓπαρξιν,</span> <span class='ocrx_word' id='word_1_112' title='bbox 329 708 387 735; x_wconf 78' lang='grc' dir='ltr'>ἀλλ’</span> <span class='ocrx_word' id='word_1_113' title='bbox 399 708 444 744; x_wconf 78' lang='grc' dir='ltr'>ἦν,</span> <span class='ocrx_word' id='word_1_114' title='bbox 457 709 495 741; x_wconf 77' lang='grc' dir='ltr'><strong>ὡς</strong></span> <span class='ocrx_word' id='word_1_115' title='bbox 507 710 586 745; x_wconf 73' lang='grc' dir='ltr'>ἔφην,</span> <span class='ocrx_word' id='word_1_116' title='bbox 603 711 635 736; x_wconf 80' lang='grc' dir='ltr'>ἐκ</span> <span class='ocrx_word' id='word_1_117' title='bbox 653 711 701 745; x_wconf 85' lang='grc' dir='ltr'><strong>τῆς</strong></span> <span class='ocrx_word' id='word_1_118' title='bbox 721 711 768 738; x_wconf 82' lang='grc' dir='ltr'>τοῦ</span> <span class='ocrx_word' id='word_1_119' title='bbox 785 710 852 737; x_wconf 82' lang='grc' dir='ltr'><strong>Θεοῦ</strong></span> <span class='ocrx_word' id='word_1_120' title='bbox 865 711 913 737; x_wconf 77' lang='grc' dir='ltr'>καὶ</span> 
     </span>
    </p>
   </div>
   <div class='ocr_carea' id='block_1_17' title="bbox 112 753 913 792">
    <p class='ocr_par' dir='ltr' id='par_1_17' title="bbox 112 753 913 792">
     <span class='ocr_line' id='line_1_17' title="bbox 112 753 913 792; baseline 0.005 -13"><span class='ocrx_word' id='word_1_121' title='bbox 112 753 224 788; x_wconf 78' lang='grc' dir='ltr'>Πατρὺς</span> <span class='ocrx_word' id='word_1_122' title='bbox 248 755 343 786; x_wconf 77' lang='grc' dir='ltr'><strong>οὐσίας</strong></span> <span class='ocrx_word' id='word_1_123' title='bbox 372 755 536 791; x_wconf 73' lang='grc' dir='ltr'><strong>ἀποῤῥήτως</strong></span> <span class='ocrx_word' id='word_1_124' title='bbox 571 756 780 792; x_wconf 81' lang='grc' dir='ltr'>γεγεννημένος.</span> <span class='ocrx_word' id='word_1_125' title='bbox 809 756 913 783; x_wconf 72' lang='grc' dir='ltr'>Οὐκοῦν</span> 
     </span>
    </p>
   </div>
   <div class='ocr_carea' id='block_1_18' title="bbox 112 798 912 837">
    <p class='ocr_par' dir='ltr' id='par_1_18' title="bbox 112 798 912 837">
     <span class='ocr_line' id='line_1_18' title="bbox 112 798 912 837; baseline 0.005 -12"><span class='ocrx_word' id='word_1_126' title='bbox 112 799 185 834; x_wconf 68' lang='grc' dir='ltr'><strong>ἔχων</strong></span> <span class='ocrx_word' id='word_1_127' title='bbox 201 800 232 826; x_wconf 77' lang='grc' dir='ltr'><strong>τὸ</strong></span> <span class='ocrx_word' id='word_1_128' title='bbox 246 798 315 826; x_wconf 76' lang='grc' dir='ltr'>εἶναι</span> <span class='ocrx_word' id='word_1_129' title='bbox 331 801 385 835; x_wconf 71' lang='grc' dir='ltr'>πρὸ</span> <span class='ocrx_word' id='word_1_130' title='bbox 408 801 534 837; x_wconf 74' lang='grc' dir='ltr'>Ἀϐραὰμ</span> <span class='ocrx_word' id='word_1_131' title='bbox 551 801 588 834; x_wconf 79' lang='grc' dir='ltr'>ὠς</span> <span class='ocrx_word' id='word_1_132' title='bbox 600 802 677 834; x_wconf 82' lang='grc' dir='ltr'>Θεὸς,</span> <span class='ocrx_word' id='word_1_133' title='bbox 694 803 746 829; x_wconf 80' lang='grc' dir='ltr'>κᾶν</span> <span class='ocrx_word' id='word_1_134' title='bbox 760 804 785 829; x_wconf 77' lang='grc' dir='ltr'>εἰ</span> <span class='ocrx_word' id='word_1_135' title='bbox 800 803 912 837; x_wconf 82' lang='grc' dir='ltr'>γέγονεν</span> 
     </span>
    </p>
   </div>
   <div class='ocr_carea' id='block_1_19' title="bbox 111 846 912 884">
    <p class='ocr_par' dir='ltr' id='par_1_19' title="bbox 111 846 912 884">
     <span class='ocr_line' id='line_1_19' title="bbox 111 846 912 884; baseline 0.006 -13"><span class='ocrx_word' id='word_1_136' title='bbox 111 846 270 881; x_wconf 78' lang='grc' dir='ltr'>ἄνθρωπος,</span> <span class='ocrx_word' id='word_1_137' title='bbox 295 848 345 873; x_wconf 72' lang='grc' dir='ltr'>οὐκ</span> <span class='ocrx_word' id='word_1_138' title='bbox 357 847 391 874; x_wconf 76' lang='grc' dir='ltr'>ἂν</span> <span class='ocrx_word' id='word_1_139' title='bbox 406 848 582 883; x_wconf 76' lang='grc' dir='ltr'>διαψεύσαιτο</span> <span class='ocrx_word' id='word_1_140' title='bbox 592 849 690 883; x_wconf 77' lang='grc' dir='ltr'>λέγων,</span> <span class='ocrx_word' id='word_1_141' title='bbox 702 850 740 881; x_wconf 84' lang='grc' dir='ltr'><strong>ὡς</strong></span> <span class='ocrx_word' id='word_1_142' title='bbox 752 846 793 881; x_wconf 71' lang='grc' dir='ltr'>εἷς</span> <span class='ocrx_word' id='word_1_143' title='bbox 805 849 912 884; x_wconf 77' lang='grc' dir='ltr'><strong>ἀληθῶς</strong></span> 
     </span>
    </p>
   </div>
   <div class='ocr_carea' id='block_1_20' title="bbox 113 891 911 930">
    <p class='ocr_par' dir='ltr' id='par_1_20' title="bbox 113 891 911 930">
     <span class='ocr_line' id='line_1_20' title="bbox 113 891 911 930; baseline 0.003 -12"><span class='ocrx_word' id='word_1_144' title='bbox 113 893 162 918; x_wconf 70' lang='grc' dir='ltr'>καὶ</span> <span class='ocrx_word' id='word_1_145' title='bbox 180 893 246 924; x_wconf 74' lang='grc' dir='ltr'><strong>Υἱὸς</strong></span> <span class='ocrx_word' id='word_1_146' title='bbox 261 891 308 919; x_wconf 58' lang='grc' dir='ltr'><strong>καὶ⁵</strong></span> <span class='ocrx_word' id='word_1_147' title='bbox 322 893 435 929; x_wconf 64' lang='grc' dir='ltr'>Κύριος</span> <span class='ocrx_word' id='word_1_148' title='bbox 456 903 465 919; x_wconf 81' lang='grc' dir='ltr'><strong>ι</strong></span> <span class='ocrx_word' id='word_1_149' title='bbox 478 895 546 930; x_wconf 75' lang='grc' dir='ltr'>Πρὶν</span> <span class='ocrx_word' id='word_1_150' title='bbox 571 894 697 930; x_wconf 80' lang='grc' dir='ltr'>Ἀΰραὰμ</span> <span class='ocrx_word' id='word_1_151' title='bbox 707 895 844 929; x_wconf 80' lang='grc' dir='ltr'>γενέσθαι,</span> <span class='ocrx_word' id='word_1_152' title='bbox 856 894 911 929; x_wconf 73' lang='grc' dir='ltr'><strong>ἐγώ</strong></span> 
     </span>
    </p>
   </div>
   <div class='ocr_carea' id='block_1_21' title="bbox 114 939 910 976">
    <p class='ocr_par' dir='ltr' id='par_1_21' title="bbox 114 939 910 976">
     <span class='ocr_line' id='line_1_21' title="bbox 114 939 910 976; baseline 0.004 -12"><span class='ocrx_word' id='word_1_153' title='bbox 114 939 186 972; x_wconf 69' lang='grc' dir='ltr'>ειμι.</span> <span class='ocrx_word' id='word_1_154' title='bbox 204 948 212 963; x_wconf 81' lang='grc' dir='ltr'><strong>ι</strong></span> <span class='ocrx_word' id='word_1_155' title='bbox 233 939 289 966; x_wconf 72' lang='grc' dir='ltr'>Καὶ</span> <span class='ocrx_word' id='word_1_156' title='bbox 310 939 348 974; x_wconf 87' lang='grc' dir='ltr'><strong>μή</strong></span> <span class='ocrx_word' id='word_1_157' title='bbox 369 948 409 965; x_wconf 89' lang='grc' dir='ltr'><strong>τοι</strong></span> <span class='ocrx_word' id='word_1_158' title='bbox 431 939 574 975; x_wconf 76' lang='grc' dir='ltr'><strong>θαυμάσῃς</strong></span> <span class='ocrx_word' id='word_1_159' title='bbox 597 940 623 966; x_wconf 90' lang='grc' dir='ltr'>εἰ</span> <span class='ocrx_word' id='word_1_160' title='bbox 645 942 679 976; x_wconf 85' lang='grc' dir='ltr'>τῇ</span> <span class='ocrx_word' id='word_1_161' title='bbox 705 940 757 976; x_wconf 77' lang='grc' dir='ltr'>ἰδίᾳ</span> <span class='ocrx_word' id='word_1_162' title='bbox 777 941 910 976; x_wconf 71' lang='grc' dir='ltr'>τετίμηκε</span> 
     </span>
    </p>
   </div>
   <div class='ocr_carea' id='block_1_22' title="bbox 115 982 910 1022">
    <p class='ocr_par' dir='ltr' id='par_1_22' title="bbox 115 982 910 1022">
     <span class='ocr_line' id='line_1_22' title="bbox 115 982 910 1022; baseline 0.004 -12"><span class='ocrx_word' id='word_1_163' title='bbox 115 982 126 1020; x_wconf 87' lang='grc'><strong>[</strong></span> <span class='ocrx_word' id='word_1_164' title='bbox 137 984 182 1011; x_wconf 80' lang='grc' dir='ltr'><strong>ισ.</strong></span> <span class='ocrx_word' id='word_1_165' title='bbox 205 984 357 1020; x_wconf 78' lang='grc' dir='ltr'>νενέμηκε]</span> <span class='ocrx_word' id='word_1_166' title='bbox 386 984 467 1019; x_wconf 80' lang='grc' dir='ltr'>φύσει</span> <span class='ocrx_word' id='word_1_167' title='bbox 478 985 508 1011; x_wconf 83' lang='grc' dir='ltr'><strong>τὸ</strong></span> <span class='ocrx_word' id='word_1_168' title='bbox 520 984 589 1012; x_wconf 84' lang='grc' dir='ltr'>εἶναι</span> <span class='ocrx_word' id='word_1_169' title='bbox 602 985 655 1021; x_wconf 82' lang='grc' dir='ltr'>πρὸ</span> <span class='ocrx_word' id='word_1_170' title='bbox 666 986 791 1022; x_wconf 72' lang='grc' dir='ltr'><strong>Ἀϐραάμ</strong></span> <span class='ocrx_word' id='word_1_171' title='bbox 803 995 810 1002; x_wconf 84' lang='grc'><em>’</em></span> <span class='ocrx_word' id='word_1_172' title='bbox 824 987 910 1013; x_wconf 82' lang='grc' dir='ltr'>διαλο-</span> 
     </span>
    </p>
   </div>
   <div class='ocr_carea' id='block_1_23' title="bbox 115 1029 911 1067">
    <p class='ocr_par' dir='ltr' id='par_1_23' title="bbox 115 1029 911 1067">
     <span class='ocr_line' id='line_1_23' title="bbox 115 1029 911 1067; baseline 0.005 -12"><span class='ocrx_word' id='word_1_173' title='bbox 115 1029 194 1063; x_wconf 77' lang='grc' dir='ltr'>γίζου</span> <span class='ocrx_word' id='word_1_174' title='bbox 211 1029 240 1056; x_wconf 74' lang='grc' dir='ltr'>δὲ</span> <span class='ocrx_word' id='word_1_175' title='bbox 257 1029 369 1064; x_wconf 80' lang='grc' dir='ltr'>μᾶλλον,</span> <span class='ocrx_word' id='word_1_176' title='bbox 392 1031 434 1056; x_wconf 82' lang='grc' dir='ltr'>ὅτι</span> <span class='ocrx_word' id='word_1_177' title='bbox 453 1030 540 1056; x_wconf 78' lang='grc' dir='ltr'>καίτοι</span> <span class='ocrx_word' id='word_1_178' title='bbox 558 1031 588 1057; x_wconf 73' lang='grc' dir='ltr'>τὸ</span> <span class='ocrx_word' id='word_1_179' title='bbox 613 1031 694 1066; x_wconf 81' lang='grc' dir='ltr'>σῶμα</span> <span class='ocrx_word' id='word_1_180' title='bbox 713 1031 803 1058; x_wconf 73' lang='grc' dir='ltr'>λαϐὼν</span> <span class='ocrx_word' id='word_1_181' title='bbox 816 1033 849 1059; x_wconf 84' lang='grc' dir='ltr'>ἐκ</span> <span class='ocrx_word' id='word_1_182' title='bbox 860 1033 911 1067; x_wconf 82' lang='grc' dir='ltr'><strong>τῆς</strong></span> 
     </span>
    </p>
   </div>
   <div class='ocr_carea' id='block_1_24' title="bbox 116 1074 910 1113">
    <p class='ocr_par' dir='ltr' id='par_1_24' title="bbox 116 1074 910 1113">
     <span class='ocr_line' id='line_1_24' title="bbox 116 1074 910 1113; baseline 0.006 -13"><span class='ocrx_word' id='word_1_183' title='bbox 116 1074 198 1109; x_wconf 77' lang='grc' dir='ltr'>ἁγίας</span> <span class='ocrx_word' id='word_1_184' title='bbox 213 1075 365 1109; x_wconf 83' lang='grc' dir='ltr'><strong>Παρθένου,</strong></span> <span class='ocrx_word' id='word_1_185' title='bbox 390 1076 443 1112; x_wconf 72' lang='grc' dir='ltr'>ἔφη</span> <span class='ocrx_word' id='word_1_186' title='bbox 465 1077 532 1112; x_wconf 81' lang='grc' dir='ltr'>πρὸς</span> <span class='ocrx_word' id='word_1_187' title='bbox 547 1077 592 1103; x_wconf 87' lang='grc' dir='ltr'>τὸν</span> <span class='ocrx_word' id='word_1_188' title='bbox 607 1077 762 1113; x_wconf 83' lang='grc' dir='ltr'>Νικόδημον</span> <span class='ocrx_word' id='word_1_189' title='bbox 774 1086 781 1093; x_wconf 92' lang='grc'><strong>·</strong></span> <span class='ocrx_word' id='word_1_190' title='bbox 802 1087 812 1104; x_wconf 71' lang='grc' dir='ltr'><strong>ι</strong></span> <span class='ocrx_word' id='word_1_191' title='bbox 827 1079 859 1105; x_wconf 76' lang='grc' dir='ltr'><strong>Εἰ</strong></span> <span class='ocrx_word' id='word_1_192' title='bbox 876 1081 910 1105; x_wconf 77' lang='grc' dir='ltr'>τὰ</span> 
     </span>
    </p>
   </div>
   <div class='ocr_carea' id='block_1_25' title="bbox 117 1119 910 1156">
    <p class='ocr_par' dir='ltr' id='par_1_25' title="bbox 117 1119 910 1156">
     <span class='ocr_line' id='line_1_25' title="bbox 117 1119 910 1156; baseline 0.004 -9"><span class='ocrx_word' id='word_1_193' title='bbox 117 1121 228 1154; x_wconf 68' lang='grc' dir='ltr'>ἐπίγεια</span> <span class='ocrx_word' id='word_1_194' title='bbox 236 1119 312 1148; x_wconf 81' lang='grc' dir='ltr'>εἷπον</span> <span class='ocrx_word' id='word_1_195' title='bbox 321 1121 399 1156; x_wconf 83' lang='grc' dir='ltr'>ὑμῖν,</span> <span class='ocrx_word' id='word_1_196' title='bbox 412 1122 460 1149; x_wconf 86' lang='grc' dir='ltr'><strong>καὶ</strong></span> <span class='ocrx_word' id='word_1_197' title='bbox 471 1123 501 1149; x_wconf 82' lang='grc' dir='ltr'>οὑ</span> <span class='ocrx_word' id='word_1_198' title='bbox 516 1123 658 1150; x_wconf 80' lang='grc' dir='ltr'>πιστεύετε</span> <span class='ocrx_word' id='word_1_199' title='bbox 667 1131 675 1138; x_wconf 70' lang='grc' dir='ltr'>θ</span> <span class='ocrx_word' id='word_1_200' title='bbox 694 1123 762 1154; x_wconf 69' lang='grc' dir='ltr'><strong>πῶς.</strong></span> <span class='ocrx_word' id='word_1_201' title='bbox 779 1124 826 1150; x_wconf 69' lang='grc' dir='ltr'>ἐὰν</span> <span class='ocrx_word' id='word_1_202' title='bbox 841 1125 910 1151; x_wconf 77' lang='grc' dir='ltr'>εἴπω</span> 
     </span>
    </p>
   </div>
   <div class='ocr_carea' id='block_1_26' title="bbox 117 1166 910 1202">
    <p class='ocr_par' dir='ltr' id='par_1_26' title="bbox 117 1166 910 1202">
     <span class='ocr_line' id='line_1_26' title="bbox 117 1166 910 1202; baseline 0.005 -10"><span class='ocrx_word' id='word_1_203' title='bbox 117 1167 184 1201; x_wconf 76' lang='grc' dir='ltr'>ὑμῖν</span> <span class='ocrx_word' id='word_1_204' title='bbox 205 1166 240 1193; x_wconf 75' lang='grc' dir='ltr'>τὰ</span> <span class='ocrx_word' id='word_1_205' title='bbox 254 1167 416 1202; x_wconf 77' lang='grc' dir='ltr'>ἐπουράνια,</span> <span class='ocrx_word' id='word_1_206' title='bbox 434 1168 610 1202; x_wconf 75' lang='grc' dir='ltr'>πιστεύσετες</span> <span class='ocrx_word' id='word_1_207' title='bbox 629 1169 683 1195; x_wconf 78' lang='grc' dir='ltr'><strong>Καὶ</strong></span> <span class='ocrx_word' id='word_1_208' title='bbox 710 1169 796 1201; x_wconf 70' lang='grc' dir='ltr'>οὐδεὶς</span> <span class='ocrx_word' id='word_1_209' title='bbox 814 1171 910 1196; x_wconf 78' lang='grc' dir='ltr'>ἀναϐέ-</span> 
     </span>
    </p>
   </div>
   <div class='ocr_carea' id='block_1_27' title="bbox 117 1212 910 1249">
    <p class='ocr_par' dir='ltr' id='par_1_27' title="bbox 117 1212 910 1249">
     <span class='ocr_line' id='line_1_27' title="bbox 117 1212 910 1249; baseline 0.005 -12"><span class='ocrx_word' id='word_1_210' title='bbox 117 1212 202 1246; x_wconf 73' lang='grc' dir='ltr'>εηκεν</span> <span class='ocrx_word' id='word_1_211' title='bbox 216 1213 257 1242; x_wconf 73' lang='lat' dir='ltr'><strong>si;</strong></span> <span class='ocrx_word' id='word_1_212' title='bbox 268 1212 313 1238; x_wconf 78' lang='grc' dir='ltr'>τὸν</span> <span class='ocrx_word' id='word_1_213' title='bbox 323 1213 450 1247; x_wconf 77' lang='grc' dir='ltr'>οὐρανὸν,</span> <span class='ocrx_word' id='word_1_214' title='bbox 463 1214 487 1239; x_wconf 80' lang='grc' dir='ltr'>εἰ</span> <span class='ocrx_word' id='word_1_215' title='bbox 501 1213 538 1248; x_wconf 82' lang='grc' dir='ltr'><strong>μὴ</strong></span> <span class='ocrx_word' id='word_1_216' title='bbox 555 1214 569 1239; x_wconf 83' lang='grc' dir='ltr'>ὁ</span> <span class='ocrx_word' id='word_1_217' title='bbox 583 1214 614 1240; x_wconf 88' lang='grc' dir='ltr'>ὲκ</span> <span class='ocrx_word' id='word_1_218' title='bbox 634 1214 681 1240; x_wconf 80' lang='grc' dir='ltr'>τοῦ</span> <span class='ocrx_word' id='word_1_219' title='bbox 697 1214 812 1249; x_wconf 78' lang='grc' dir='ltr'>οὐρανοῦ</span> <span class='ocrx_word' id='word_1_220' title='bbox 826 1223 910 1241; x_wconf 84' lang='grc' dir='ltr'>κατα-</span> 
     </span>
    </p>
   </div>
   <div class='ocr_carea' id='block_1_28' title="bbox 117 1257 910 1294">
    <p class='ocr_par' dir='ltr' id='par_1_28' title="bbox 117 1257 910 1294">
     <span class='ocr_line' id='line_1_28' title="bbox 117 1257 910 1294; baseline 0.003 -11"><span class='ocrx_word' id='word_1_221' title='bbox 117 1257 208 1289; x_wconf 72' lang='grc' dir='ltr'>ϐὰς,ιό</span> <span class='ocrx_word' id='word_1_222' title='bbox 223 1258 286 1289; x_wconf 87' lang='grc' dir='ltr'><strong>Υἱὸς</strong></span> <span class='ocrx_word' id='word_1_223' title='bbox 302 1257 349 1284; x_wconf 74' lang='grc' dir='ltr'><strong>τοῦ</strong></span> <span class='ocrx_word' id='word_1_224' title='bbox 364 1258 510 1293; x_wconf 80' lang='grc' dir='ltr'>ἀνθρώπου</span> <span class='ocrx_word' id='word_1_225' title='bbox 522 1267 529 1273; x_wconf 86' lang='grc'>·</span> <span class='ocrx_word' id='word_1_226' title='bbox 541 1269 549 1284; x_wconf 81' lang='grc' dir='ltr'><strong>ι</strong></span> <span class='ocrx_word' id='word_1_227' title='bbox 565 1259 653 1285; x_wconf 85' lang='grc' dir='ltr'>καίτοι</span> <span class='ocrx_word' id='word_1_228' title='bbox 664 1259 851 1294; x_wconf 84' lang='grc' dir='ltr'>κεχρημάτικε</span> <span class='ocrx_word' id='word_1_229' title='bbox 865 1260 910 1286; x_wconf 78' lang='grc' dir='ltr'>καὶ</span> 
     </span>
    </p>
   </div>
   <div class='ocr_carea' id='block_1_29' title="bbox 118 1303 908 1340">
    <p class='ocr_par' dir='ltr' id='par_1_29' title="bbox 118 1303 908 1340">
     <span class='ocr_line' id='line_1_29' title="bbox 118 1303 908 1340; baseline 0.003 -11"><span class='ocrx_word' id='word_1_230' title='bbox 118 1303 182 1334; x_wconf 68' lang='grc' dir='ltr'><strong>Υἱὸς</strong></span> <span class='ocrx_word' id='word_1_231' title='bbox 194 1303 350 1339; x_wconf 82' lang='grc' dir='ltr'>ἀνθρώπου,</span> <span class='ocrx_word' id='word_1_232' title='bbox 370 1304 511 1338; x_wconf 81' lang='grc' dir='ltr'>γεννηθεὶς</span> <span class='ocrx_word' id='word_1_233' title='bbox 525 1305 557 1330; x_wconf 82' lang='grc' dir='ltr'>ὲκ</span> <span class='ocrx_word' id='word_1_234' title='bbox 574 1305 708 1338; x_wconf 73' lang='grc' dir='ltr'>γυναικὸς</span> <span class='ocrx_word' id='word_1_235' title='bbox 724 1306 793 1331; x_wconf 84' lang='grc' dir='ltr'>κατὰ</span> <span class='ocrx_word' id='word_1_236' title='bbox 809 1306 908 1340; x_wconf 82' lang='grc' dir='ltr'>σάρκα.</span> 
     </span>
    </p>
   </div>
   <div class='ocr_carea' id='block_1_30' title="bbox 117 1347 909 1385">
    <p class='ocr_par' dir='ltr' id='par_1_30' title="bbox 117 1347 909 1385">
     <span class='ocr_line' id='line_1_30' title="bbox 117 1347 909 1385; baseline 0.005 -12"><span class='ocrx_word' id='word_1_237' title='bbox 117 1347 305 1383; x_wconf 72' lang='grc' dir='ltr'>Ψευδοεπήσει</span> <span class='ocrx_word' id='word_1_238' title='bbox 316 1348 348 1383; x_wconf 79' lang='grc' dir='ltr'>δὴ</span> <span class='ocrx_word' id='word_1_239' title='bbox 355 1347 413 1381; x_wconf 78' lang='grc' dir='ltr'>οὖν,</span> <span class='ocrx_word' id='word_1_240' title='bbox 430 1349 645 1384; x_wconf 75' lang='grc' dir='ltr'>καταῦεῆηκὲναι</span> <span class='ocrx_word' id='word_1_241' title='bbox 653 1350 740 1384; x_wconf 84' lang='grc' dir='ltr'>λέγων</span> <span class='ocrx_word' id='word_1_242' title='bbox 754 1350 784 1382; x_wconf 74' lang='grc' dir='ltr'>ἐξ</span> <span class='ocrx_word' id='word_1_243' title='bbox 794 1350 909 1385; x_wconf 81' lang='grc' dir='ltr'>οὐρανοῦ</span> 
     </span>
    </p>
   </div>
   <div class='ocr_carea' id='block_1_31' title="bbox 118 1393 908 1430">
    <p class='ocr_par' dir='ltr' id='par_1_31' title="bbox 118 1393 908 1430">
     <span class='ocr_line' id='line_1_31' title="bbox 118 1393 908 1430; baseline 0.005 -12"><span class='ocrx_word' id='word_1_244' title='bbox 118 1393 163 1419; x_wconf 65' lang='grc' dir='ltr'>τὸν</span> <span class='ocrx_word' id='word_1_245' title='bbox 186 1393 252 1419; x_wconf 68' lang='grc' dir='ltr'>Υῐὸν</span> <span class='ocrx_word' id='word_1_246' title='bbox 282 1393 345 1424; x_wconf 81' lang='grc' dir='ltr'>τοῦ,</span> <span class='ocrx_word' id='word_1_247' title='bbox 371 1394 528 1429; x_wconf 82' lang='grc' dir='ltr'>ἀνθρώπου,</span> <span class='ocrx_word' id='word_1_248' title='bbox 558 1394 697 1421; x_wconf 75' lang='grc' dir='ltr'><strong>τουτέστιν</strong></span> <span class='ocrx_word' id='word_1_249' title='bbox 728 1395 843 1428; x_wconf 82' lang='grc' dir='ltr'>ἑαυτόν;</span> <span class='ocrx_word' id='word_1_250' title='bbox 871 1395 908 1430; x_wconf 78' lang='grc' dir='ltr'><strong>μὴ</strong></span> 
     </span>
    </p>
   </div>
   <div class='ocr_carea' id='block_1_32' title="bbox 118 1439 908 1475">
    <p class='ocr_par' dir='ltr' id='par_1_32' title="bbox 118 1439 908 1475">
     <span class='ocr_line' id='line_1_32' title="bbox 118 1439 908 1475; baseline 0.003 -10"><span class='ocrx_word' id='word_1_251' title='bbox 118 1439 222 1473; x_wconf 82' lang='grc' dir='ltr'>γένοιτο</span> <span class='ocrx_word' id='word_1_252' title='bbox 236 1446 242 1453; x_wconf 94' lang='grc'><strong>·</strong></span> <span class='ocrx_word' id='word_1_253' title='bbox 269 1439 389 1473; x_wconf 73' lang='grc' dir='ltr'>καὶγὰρ</span> <span class='ocrx_word' id='word_1_254' title='bbox 403 1440 477 1465; x_wconf 79' lang='grc' dir='ltr'>ἐστιν</span> <span class='ocrx_word' id='word_1_255' title='bbox 497 1440 608 1474; x_wconf 73' lang='grc' dir='ltr'>αὐτὺςὴ</span> <span class='ocrx_word' id='word_1_256' title='bbox 632 1439 755 1475; x_wconf 81' lang='grc' dir='ltr'>ἀλήθεια.</span> <span class='ocrx_word' id='word_1_257' title='bbox 780 1440 841 1472; x_wconf 80' lang='grc' dir='ltr'><strong>Πῶς</strong></span> <span class='ocrx_word' id='word_1_258' title='bbox 862 1439 908 1467; x_wconf 76' lang='grc' dir='ltr'>οὖν</span> 
     </span>
    </p>
   </div>
   <div class='ocr_carea' id='block_1_33' title="bbox 118 1484 908 1521">
    <p class='ocr_par' dir='ltr' id='par_1_33' title="bbox 118 1484 908 1521">
     <span class='ocr_line' id='line_1_33' title="bbox 118 1484 908 1521; baseline 0.001 -10"><span class='ocrx_word' id='word_1_259' title='bbox 118 1485 221 1511; x_wconf 77' lang='grc' dir='ltr'>ἄνωθεν</span> <span class='ocrx_word' id='word_1_260' title='bbox 235 1486 248 1511; x_wconf 82' lang='grc' dir='ltr'>ὁ</span> <span class='ocrx_word' id='word_1_261' title='bbox 263 1485 325 1516; x_wconf 74' lang='grc' dir='ltr'><strong>Υἱὸς</strong></span> <span class='ocrx_word' id='word_1_262' title='bbox 339 1485 385 1511; x_wconf 80' lang='grc' dir='ltr'>τοῦ</span> <span class='ocrx_word' id='word_1_263' title='bbox 402 1484 547 1521; x_wconf 78' lang='grc' dir='ltr'>ἀνθρώπου</span> <span class='ocrx_word' id='word_1_264' title='bbox 562 1487 641 1512; x_wconf 73' lang='grc' dir='ltr'>νοοῖτ*</span> <span class='ocrx_word' id='word_1_265' title='bbox 654 1486 687 1512; x_wconf 82' lang='grc' dir='ltr'><strong>ἂν</strong></span> <span class='ocrx_word' id='word_1_266' title='bbox 696 1487 808 1517; x_wconf 74' lang='grc' dir='ltr'>εἰκότως</span> <span class='ocrx_word' id='word_1_267' title='bbox 821 1495 828 1518; x_wconf 89' lang='grc'>;</span> <span class='ocrx_word' id='word_1_268' title='bbox 847 1486 908 1512; x_wconf 82' lang='grc' dir='ltr'>’Ὁτι</span> 
     </span>
    </p>
   </div>
   <div class='ocr_carea' id='block_1_34' title="bbox 119 1529 907 1564">
    <p class='ocr_par' dir='ltr' id='par_1_34' title="bbox 119 1529 907 1564">
     <span class='ocr_line' id='line_1_34' title="bbox 119 1529 907 1564; baseline 0.001 -9"><span class='ocrx_word' id='word_1_269' title='bbox 119 1530 182 1561; x_wconf 78' lang='grc' dir='ltr'><strong>Θεὸς</strong></span> <span class='ocrx_word' id='word_1_270' title='bbox 199 1529 238 1556; x_wconf 78' lang='grc' dir='ltr'>ὼν</span> <span class='ocrx_word' id='word_1_271' title='bbox 256 1530 270 1555; x_wconf 82' lang='grc' dir='ltr'><strong>ὁ</strong></span> <span class='ocrx_word' id='word_1_272' title='bbox 287 1530 384 1563; x_wconf 81' lang='grc' dir='ltr'>Λόγος,</span> <span class='ocrx_word' id='word_1_273' title='bbox 397 1530 445 1556; x_wconf 76' lang='grc' dir='ltr'>καὶ</span> <span class='ocrx_word' id='word_1_274' title='bbox 457 1531 489 1556; x_wconf 81' lang='grc' dir='ltr'>ἐκ</span> <span class='ocrx_word' id='word_1_275' title='bbox 499 1530 549 1564; x_wconf 82' lang='grc' dir='ltr'><strong>τῆς</strong></span> <span class='ocrx_word' id='word_1_276' title='bbox 559 1530 689 1557; x_wconf 76' lang='grc' dir='ltr'><strong>ἀνωτάτω</strong></span> <span class='ocrx_word' id='word_1_277' title='bbox 699 1531 793 1557; x_wconf 81' lang='grc' dir='ltr'>πασῶν</span> <span class='ocrx_word' id='word_1_278' title='bbox 804 1531 907 1562; x_wconf 73' lang='grc' dir='ltr'>οὐσίας,</span> 
     </span>
    </p>
   </div>
   <div class='ocr_carea' id='block_1_35' title="bbox 119 1572 945 1610">
    <p class='ocr_par' dir='ltr' id='par_1_35' title="bbox 119 1572 945 1610">
     <span class='ocr_line' id='line_1_35' title="bbox 119 1572 945 1610; baseline -0.002 -9"><span class='ocrx_word' id='word_1_279' title='bbox 119 1575 338 1610; x_wconf 75' lang='grc' dir='ltr'>καταδεδηκέναι</span> <span class='ocrx_word' id='word_1_280' title='bbox 356 1575 475 1609; x_wconf 84' lang='grc' dir='ltr'>λέγεται,</span> <span class='ocrx_word' id='word_1_281' title='bbox 497 1575 544 1601; x_wconf 76' lang='grc' dir='ltr'><strong>καὶ</strong></span> <span class='ocrx_word' id='word_1_282' title='bbox 565 1574 658 1601; x_wconf 89' lang='grc' dir='ltr'>δούλου</span> <span class='ocrx_word' id='word_1_283' title='bbox 681 1576 787 1610; x_wconf 75' lang='grc' dir='ltr'>μορφὴν</span> <span class='ocrx_word' id='word_1_284' title='bbox 810 1575 910 1601; x_wconf 79' lang='grc' dir='ltr'>ἀναλα-</span> <span class='ocrx_word' id='word_1_285' title='bbox 925 1572 945 1599; x_wconf 87' lang='lat' dir='ltr'>C</span> 
     </span>
    </p>
   </div>
   <div class='ocr_carea' id='block_1_36' title="bbox 119 1619 910 1656">
    <p class='ocr_par' dir='ltr' id='par_1_36' title="bbox 119 1619 910 1656">
     <span class='ocr_line' id='line_1_36' title="bbox 119 1619 910 1656; baseline -0.001 -9"><span class='ocrx_word' id='word_1_286' title='bbox 119 1621 186 1648; x_wconf 73' lang='grc' dir='ltr'>δεῖν.</span> <span class='ocrx_word' id='word_1_287' title='bbox 202 1619 270 1648; x_wconf 79' lang='grc' dir='ltr'>Εἶτα</span> <span class='ocrx_word' id='word_1_288' title='bbox 285 1621 440 1655; x_wconf 81' lang='grc' dir='ltr'>διαλέγεται</span> <span class='ocrx_word' id='word_1_289' title='bbox 457 1621 525 1656; x_wconf 77' lang='grc' dir='ltr'>πρὸς</span> <span class='ocrx_word' id='word_1_290' title='bbox 539 1621 623 1656; x_wconf 80' lang='grc' dir='ltr'>ημᾶς,</span> <span class='ocrx_word' id='word_1_291' title='bbox 645 1621 694 1656; x_wconf 79' lang='grc' dir='ltr'><strong>οὐχ</strong></span> <span class='ocrx_word' id='word_1_292' title='bbox 709 1621 746 1652; x_wconf 84' lang='grc' dir='ltr'>ὡς</span> <span class='ocrx_word' id='word_1_293' title='bbox 759 1620 860 1655; x_wconf 80' lang='grc' dir='ltr'>γυμνὸς</span> <span class='ocrx_word' id='word_1_294' title='bbox 871 1621 910 1646; x_wconf 70' lang='grc' dir='ltr'>ἔτι</span> 
     </span>
    </p>
   </div>
   <div class='ocr_carea' id='block_1_37' title="bbox 120 1664 910 1703">
    <p class='ocr_par' dir='ltr' id='par_1_37' title="bbox 120 1664 910 1703">
     <span class='ocr_line' id='line_1_37' title="bbox 120 1664 910 1703; baseline -0.004 -9"><span class='ocrx_word' id='word_1_295' title='bbox 120 1669 215 1702; x_wconf 75' lang='grc' dir='ltr'>Λόγος,</span> <span class='ocrx_word' id='word_1_296' title='bbox 231 1668 289 1694; x_wconf 81' lang='grc' dir='ltr'>ἀλλ’</span> <span class='ocrx_word' id='word_1_297' title='bbox 308 1668 345 1700; x_wconf 77' lang='grc' dir='ltr'><strong>ὡς</strong></span> <span class='ocrx_word' id='word_1_298' title='bbox 357 1668 501 1703; x_wconf 74' lang='grc' dir='ltr'>ἄνθρωπος</span> <span class='ocrx_word' id='word_1_299' title='bbox 516 1667 576 1694; x_wconf 82' lang='grc' dir='ltr'>καθ’</span> <span class='ocrx_word' id='word_1_300' title='bbox 591 1668 677 1702; x_wconf 81' lang='grc' dir='ltr'>ἡμᾶς,</span> <span class='ocrx_word' id='word_1_301' title='bbox 693 1667 739 1693; x_wconf 77' lang='grc' dir='ltr'><strong>καὶ</strong></span> <span class='ocrx_word' id='word_1_302' title='bbox 753 1666 791 1698; x_wconf 83' lang='grc' dir='ltr'><strong>ὡς</strong></span> <span class='ocrx_word' id='word_1_303' title='bbox 806 1664 847 1698; x_wconf 76' lang='grc' dir='ltr'>εἷς</span> <span class='ocrx_word' id='word_1_304' title='bbox 860 1666 910 1701; x_wconf 66' lang='grc' dir='ltr'>ἤδη</span> 
     </span>
    </p>
   </div>
   <div class='ocr_carea' id='block_1_38' title="bbox 118 1711 911 1749">
    <p class='ocr_par' dir='ltr' id='par_1_38' title="bbox 118 1711 911 1749">
     <span class='ocr_line' id='line_1_38' title="bbox 118 1711 911 1749; baseline -0.005 -9"><span class='ocrx_word' id='word_1_305' title='bbox 118 1714 264 1749; x_wconf 76' lang='grc' dir='ltr'>νοούμενος</span> <span class='ocrx_word' id='word_1_306' title='bbox 277 1714 346 1748; x_wconf 78' lang='grc' dir='ltr'>μετὰ</span> <span class='ocrx_word' id='word_1_307' title='bbox 358 1714 407 1749; x_wconf 84' lang='grc' dir='ltr'><strong>τῆς</strong></span> <span class='ocrx_word' id='word_1_308' title='bbox 421 1713 567 1748; x_wconf 77' lang='grc' dir='ltr'>ένωθείσης</span> <span class='ocrx_word' id='word_1_309' title='bbox 586 1712 659 1747; x_wconf 72' lang='grc' dir='ltr'>αὐτῷ</span> <span class='ocrx_word' id='word_1_310' title='bbox 677 1712 777 1747; x_wconf 79' lang='grc' dir='ltr'>σαρκός</span> <span class='ocrx_word' id='word_1_311' title='bbox 794 1720 800 1727; x_wconf 86' lang='grc'>·</span> <span class='ocrx_word' id='word_1_312' title='bbox 816 1711 911 1745; x_wconf 76' lang='grc' dir='ltr'>ὥσπερ</span> 
     </span>
    </p>
   </div>
   <div class='ocr_carea' id='block_1_39' title="bbox 118 1757 911 1794">
    <p class='ocr_par' dir='ltr' id='par_1_39' title="bbox 118 1757 911 1794">
     <span class='ocr_line' id='line_1_39' title="bbox 118 1757 911 1794; baseline -0.003 -8"><span class='ocrx_word' id='word_1_313' title='bbox 118 1760 146 1786; x_wconf 75' lang='grc' dir='ltr'>δὲ</span> <span class='ocrx_word' id='word_1_314' title='bbox 159 1760 204 1786; x_wconf 75' lang='grc' dir='ltr'><strong>διὰ</strong></span> <span class='ocrx_word' id='word_1_315' title='bbox 223 1760 253 1786; x_wconf 85' lang='grc' dir='ltr'><strong>τὺ</strong></span> <span class='ocrx_word' id='word_1_316' title='bbox 269 1760 302 1794; x_wconf 78' lang='grc' dir='ltr'><strong>τῇ</strong></span> <span class='ocrx_word' id='word_1_317' title='bbox 319 1759 433 1786; x_wconf 75' lang='grc' dir='ltr'>κενώσει</span> <span class='ocrx_word' id='word_1_318' title='bbox 457 1759 570 1794; x_wconf 79' lang='grc' dir='ltr'>πρέπον,</span> <span class='ocrx_word' id='word_1_319' title='bbox 599 1757 749 1784; x_wconf 80' lang='grc' dir='ltr'>οἰκειοῦται</span> <span class='ocrx_word' id='word_1_320' title='bbox 772 1758 860 1784; x_wconf 75' lang='grc' dir='ltr'>πάντα</span> <span class='ocrx_word' id='word_1_321' title='bbox 877 1759 911 1784; x_wconf 74' lang='grc' dir='ltr'>τὰ</span> 
     </span>
    </p>
   </div>
   <div class='ocr_carea' id='block_1_40' title="bbox 117 1802 909 1840">
    <p class='ocr_par' dir='ltr' id='par_1_40' title="bbox 117 1802 909 1840">
     <span class='ocr_line' id='line_1_40' title="bbox 117 1802 909 1840; baseline -0.004 -9"><span class='ocrx_word' id='word_1_322' title='bbox 117 1806 164 1832; x_wconf 74' lang='grc' dir='ltr'>τοῦ</span> <span class='ocrx_word' id='word_1_323' title='bbox 186 1806 254 1831; x_wconf 79' lang='grc' dir='ltr'>ἰδίου</span> <span class='ocrx_word' id='word_1_324' title='bbox 276 1805 413 1840; x_wconf 82' lang='grc' dir='ltr'>σώματος,</span> <span class='ocrx_word' id='word_1_325' title='bbox 432 1805 521 1831; x_wconf 80' lang='grc' dir='ltr'>καίτοι</span> <span class='ocrx_word' id='word_1_326' title='bbox 536 1805 585 1839; x_wconf 81' lang='grc' dir='ltr'>τὴν</span> <span class='ocrx_word' id='word_1_327' title='bbox 601 1803 680 1838; x_wconf 78' lang='grc' dir='ltr'>φύσιν</span> <span class='ocrx_word' id='word_1_328' title='bbox 694 1802 839 1838; x_wconf 69' lang='grc' dir='ltr'>ἀσώματος</span> <span class='ocrx_word' id='word_1_329' title='bbox 862 1803 909 1835; x_wconf 74' lang='grc' dir='ltr'><strong>ὢν,</strong></span> 
     </span>
    </p>
   </div>
   <div class='ocr_carea' id='block_1_41' title="bbox 117 1849 908 1884">
    <p class='ocr_par' dir='ltr' id='par_1_41' title="bbox 117 1849 908 1884">
     <span class='ocr_line' id='line_1_41' title="bbox 117 1849 908 1884; baseline -0.005 -6"><span class='ocrx_word' id='word_1_330' title='bbox 117 1851 189 1878; x_wconf 74' lang='grc' dir='ltr'>οὕτω</span> <span class='ocrx_word' id='word_1_331' title='bbox 210 1852 257 1877; x_wconf 75' lang='grc' dir='ltr'>καὶ</span> <span class='ocrx_word' id='word_1_332' title='bbox 272 1851 376 1878; x_wconf 73' lang='grc' dir='ltr'>ἄνωθεν</span> <span class='ocrx_word' id='word_1_333' title='bbox 390 1850 427 1876; x_wconf 85' lang='grc' dir='ltr'>ὢν</span> <span class='ocrx_word' id='word_1_334' title='bbox 440 1850 522 1881; x_wconf 80' lang='grc' dir='ltr'>αὐτὸς</span> <span class='ocrx_word' id='word_1_335' title='bbox 544 1850 591 1876; x_wconf 72' lang='grc' dir='ltr'>καὶ</span> <span class='ocrx_word' id='word_1_336' title='bbox 610 1849 640 1881; x_wconf 78' lang='grc' dir='ltr'><strong>ἐξ</strong></span> <span class='ocrx_word' id='word_1_337' title='bbox 654 1849 779 1884; x_wconf 75' lang='grc' dir='ltr'>οὐρανοῦ,</span> <span class='ocrx_word' id='word_1_338' title='bbox 794 1849 824 1874; x_wconf 76' lang='grc' dir='ltr'><strong>τὺ</strong></span> <span class='ocrx_word' id='word_1_339' title='bbox 840 1849 908 1875; x_wconf 78' lang='grc' dir='ltr'><strong>ἄνω-</strong></span> 
     </span>
    </p>
   </div>
   <div class='ocr_carea' id='block_1_42' title="bbox 119 1895 911 1932">
    <p class='ocr_par' dir='ltr' id='par_1_42' title="bbox 119 1895 911 1932">
     <span class='ocr_line' id='line_1_42' title="bbox 119 1895 911 1932; baseline -0.006 -8"><span class='ocrx_word' id='word_1_340' title='bbox 119 1897 164 1924; x_wconf 81' lang='grc' dir='ltr'>θεν</span> <span class='ocrx_word' id='word_1_341' title='bbox 185 1898 267 1932; x_wconf 85' lang='grc' dir='ltr'>ἥκειν</span> <span class='ocrx_word' id='word_1_342' title='bbox 290 1897 423 1932; x_wconf 79' lang='grc' dir='ltr'>ἀπονέμει</span> <span class='ocrx_word' id='word_1_343' title='bbox 448 1896 528 1923; x_wconf 75' lang='grc' dir='ltr'>πάλιν</span> <span class='ocrx_word' id='word_1_344' title='bbox 554 1895 643 1931; x_wconf 82' lang='grc' dir='ltr'>ἑαυτῷ</span> <span class='ocrx_word' id='word_1_345' title='bbox 667 1896 713 1922; x_wconf 75' lang='grc' dir='ltr'>καὶ</span> <span class='ocrx_word' id='word_1_346' title='bbox 731 1896 775 1922; x_wconf 79' lang='grc' dir='ltr'>ὅτε</span> <span class='ocrx_word' id='word_1_347' title='bbox 801 1895 911 1929; x_wconf 81' lang='grc' dir='ltr'>γέγονεν</span> 
     </span>
    </p>
   </div>
   <div class='ocr_carea' id='block_1_43' title="bbox 116 1941 910 1980">
    <p class='ocr_par' dir='ltr' id='par_1_43' title="bbox 116 1941 910 1980">
     <span class='ocr_line' id='line_1_43' title="bbox 116 1941 910 1980; baseline -0.006 -9"><span class='ocrx_word' id='word_1_348' title='bbox 116 1941 275 1980; x_wconf 74' lang='grc' dir='ltr'>ἅνθρωπος,</span> <span class='ocrx_word' id='word_1_349' title='bbox 290 1943 342 1970; x_wconf 76' lang='grc' dir='ltr'>κᾶν</span> <span class='ocrx_word' id='word_1_350' title='bbox 356 1944 380 1969; x_wconf 76' lang='lat' dir='ltr'><strong>si</strong></span> <span class='ocrx_word' id='word_1_351' title='bbox 396 1943 557 1977; x_wconf 79' lang='grc' dir='ltr'>γεγέννηται</span> <span class='ocrx_word' id='word_1_352' title='bbox 574 1942 643 1969; x_wconf 76' lang='grc' dir='ltr'>κατὰ</span> <span class='ocrx_word' id='word_1_353' title='bbox 658 1942 747 1977; x_wconf 76' lang='grc' dir='ltr'>σάρκα</span> <span class='ocrx_word' id='word_1_354' title='bbox 762 1941 820 1976; x_wconf 73' lang='grc' dir='ltr'><strong>μεθ’</strong></span> <span class='ocrx_word' id='word_1_355' title='bbox 833 1942 910 1976; x_wconf 73' lang='grc' dir='ltr'><strong>ἡμῶν</strong></span> 
     </span>
    </p>
   </div>
   <div class='ocr_carea' id='block_1_44' title="bbox 116 1986 909 2023">
    <p class='ocr_par' dir='ltr' id='par_1_44' title="bbox 116 1986 909 2023">
     <span class='ocr_line' id='line_1_44' title="bbox 116 1986 909 2023; baseline -0.005 -7"><span class='ocrx_word' id='word_1_356' title='bbox 116 1990 148 2016; x_wconf 80' lang='grc' dir='ltr'>ἐκ</span> <span class='ocrx_word' id='word_1_357' title='bbox 168 1989 311 2023; x_wconf 78' lang='grc' dir='ltr'>γυναικός.</span> <span class='ocrx_word' id='word_1_358' title='bbox 330 1989 427 2022; x_wconf 80' lang='grc' dir='ltr'>Γέγονε</span> <span class='ocrx_word' id='word_1_359' title='bbox 443 1988 534 2015; x_wconf 85' lang='grc' dir='ltr'>τοίνυν</span> <span class='ocrx_word' id='word_1_360' title='bbox 555 1988 608 2014; x_wconf 79' lang='grc' dir='ltr'>ἴδια</span> <span class='ocrx_word' id='word_1_361' title='bbox 630 1988 678 2022; x_wconf 79' lang='grc' dir='ltr'><strong>μὲν</strong></span> <span class='ocrx_word' id='word_1_362' title='bbox 700 1986 747 2013; x_wconf 77' lang='grc' dir='ltr'>τοῦ</span> <span class='ocrx_word' id='word_1_363' title='bbox 763 1987 860 2021; x_wconf 76' lang='grc' dir='ltr'>Λόγου,</span> <span class='ocrx_word' id='word_1_364' title='bbox 876 1987 909 2013; x_wconf 72' lang='grc' dir='ltr'>τὰ</span> 
     </span>
    </p>
   </div>
   <div class='ocr_carea' id='block_1_45' title="bbox 115 2031 908 2070">
    <p class='ocr_par' dir='ltr' id='par_1_45' title="bbox 115 2031 908 2070">
     <span class='ocr_line' id='line_1_45' title="bbox 115 2031 908 2070; baseline -0.005 -9"><span class='ocrx_word' id='word_1_365' title='bbox 115 2035 165 2070; x_wconf 77' lang='grc' dir='ltr'><strong>τῆς</strong></span> <span class='ocrx_word' id='word_1_366' title='bbox 178 2034 388 2070; x_wconf 79' lang='grc' dir='ltr'>ἀνθρωπότητος</span> <span class='ocrx_word' id='word_1_367' title='bbox 400 2042 405 2048; x_wconf 93' lang='grc'><strong>·</strong></span> <span class='ocrx_word' id='word_1_368' title='bbox 423 2033 477 2060; x_wconf 76' lang='grc' dir='ltr'>ῑδια</span> <span class='ocrx_word' id='word_1_369' title='bbox 491 2033 520 2060; x_wconf 80' lang='grc' dir='ltr'>δὲ</span> <span class='ocrx_word' id='word_1_370' title='bbox 535 2033 616 2059; x_wconf 81' lang='grc' dir='ltr'>πάλιν</span> <span class='ocrx_word' id='word_1_371' title='bbox 627 2033 676 2067; x_wconf 79' lang='grc' dir='ltr'><strong>τῆς</strong></span> <span class='ocrx_word' id='word_1_372' title='bbox 691 2031 908 2067; x_wconf 76' lang='grc' dir='ltr'>ἀνθρωπότητος,</span> 
     </span>
    </p>
   </div>
   <div class='ocr_carea' id='block_1_46' title="bbox 115 2076 910 2114">
    <p class='ocr_par' dir='ltr' id='par_1_46' title="bbox 115 2076 910 2114">
     <span class='ocr_line' id='line_1_46' title="bbox 115 2076 910 2114; baseline -0.006 -7"><span class='ocrx_word' id='word_1_373' title='bbox 115 2083 152 2107; x_wconf 71' lang='grc' dir='ltr'>τὰ</span> <span class='ocrx_word' id='word_1_374' title='bbox 168 2080 254 2107; x_wconf 79' lang='grc' dir='ltr'>αὑτοῦ</span> <span class='ocrx_word' id='word_1_375' title='bbox 270 2079 318 2106; x_wconf 76' lang='grc' dir='ltr'>τοῦ</span> <span class='ocrx_word' id='word_1_376' title='bbox 335 2079 432 2113; x_wconf 73' lang='grc' dir='ltr'>Λόγου.</span> <span class='ocrx_word' id='word_1_377' title='bbox 451 2076 499 2110; x_wconf 80' lang='grc' dir='ltr'><strong>Εἷς</strong></span> <span class='ocrx_word' id='word_1_378' title='bbox 515 2079 570 2114; x_wconf 77' lang='grc' dir='ltr'><strong>γὰρ</strong></span> <span class='ocrx_word' id='word_1_379' title='bbox 583 2078 654 2105; x_wconf 75' lang='grc' dir='ltr'>οὓτω</span> <span class='ocrx_word' id='word_1_380' title='bbox 672 2079 771 2104; x_wconf 76' lang='grc' dir='ltr'>νοεῖται</span> <span class='ocrx_word' id='word_1_381' title='bbox 792 2076 910 2111; x_wconf 73' lang='grc' dir='ltr'>Χριστὸς</span> 
     </span>
    </p>
   </div>
   <div class='ocr_carea' id='block_1_47' title="bbox 116 2123 909 2160">
    <p class='ocr_par' dir='ltr' id='par_1_47' title="bbox 116 2123 909 2160">
     <span class='ocr_line' id='line_1_47' title="bbox 116 2123 909 2160; baseline -0.004 -7"><span class='ocrx_word' id='word_1_382' title='bbox 116 2127 165 2153; x_wconf 68' lang='grc' dir='ltr'><strong>καὶ</strong></span> <span class='ocrx_word' id='word_1_383' title='bbox 179 2126 243 2157; x_wconf 75' lang='grc' dir='ltr'><strong>Υἱὸς</strong></span> <span class='ocrx_word' id='word_1_384' title='bbox 262 2126 308 2152; x_wconf 70' lang='grc' dir='ltr'>καὶ</span> <span class='ocrx_word' id='word_1_385' title='bbox 323 2125 434 2160; x_wconf 80' lang='grc' dir='ltr'><strong>Κύριος.</strong></span> <span class='ocrx_word' id='word_1_386' title='bbox 453 2125 563 2160; x_wconf 67' lang='grc' dir='ltr'>Ἐπειδὴ</span> <span class='ocrx_word' id='word_1_387' title='bbox 578 2124 606 2151; x_wconf 80' lang='grc' dir='ltr'>δὲ</span> <span class='ocrx_word' id='word_1_388' title='bbox 619 2123 813 2160; x_wconf 77' lang='grc' dir='ltr'>προστέθεικεν</span> <span class='ocrx_word' id='word_1_389' title='bbox 826 2124 839 2150; x_wconf 86' lang='grc' dir='ltr'>ὁ</span> <span class='ocrx_word' id='word_1_390' title='bbox 851 2133 909 2150; x_wconf 80' lang='grc' dir='ltr'>και-</span> 
     </span>
    </p>
   </div>
   <div class='ocr_carea' id='block_1_48' title="bbox 118 2169 910 2206">
    <p class='ocr_par' dir='ltr' id='par_1_48' title="bbox 118 2169 910 2206">
     <span class='ocr_line' id='line_1_48' title="bbox 118 2169 910 2206; baseline -0.004 -8"><span class='ocrx_word' id='word_1_391' title='bbox 118 2172 233 2206; x_wconf 67' lang='grc' dir='ltr'>νοτόμος</span> <span class='ocrx_word' id='word_1_392' title='bbox 248 2172 350 2201; x_wconf 71' lang='grc' dir='ltr'>οὑτοσὶ,</span> <span class='ocrx_word' id='word_1_393' title='bbox 366 2171 408 2197; x_wconf 79' lang='grc' dir='ltr'>ὅτι</span> <span class='ocrx_word' id='word_1_394' title='bbox 426 2181 435 2196; x_wconf 84' lang='grc' dir='ltr'><strong>ι</strong></span> <span class='ocrx_word' id='word_1_395' title='bbox 459 2171 573 2206; x_wconf 76' lang='grc' dir='ltr'>Ὀμοιος</span> <span class='ocrx_word' id='word_1_396' title='bbox 597 2171 655 2201; x_wconf 76' lang='grc' dir='ltr'>τοῖς</span> <span class='ocrx_word' id='word_1_397' title='bbox 684 2169 808 2204; x_wconf 76' lang='grc' dir='ltr'>ἀδελφοῖς</span> <span class='ocrx_word' id='word_1_398' title='bbox 840 2169 910 2195; x_wconf 75' lang='grc' dir='ltr'>κατὰ</span> 
     </span>
    </p>
   </div>
   <div class='ocr_carea' id='block_1_49' title="bbox 118 2213 910 2252">
    <p class='ocr_par' dir='ltr' id='par_1_49' title="bbox 118 2213 910 2252">
     <span class='ocr_line' id='line_1_49' title="bbox 118 2213 910 2252; baseline -0.005 -8"><span class='ocrx_word' id='word_1_399' title='bbox 118 2219 219 2248; x_wconf 74' lang='grc' dir='ltr'>πάντα,</span> <span class='ocrx_word' id='word_1_400' title='bbox 238 2226 247 2241; x_wconf 73' lang='grc' dir='ltr'><strong>ι</strong></span> <span class='ocrx_word' id='word_1_401' title='bbox 267 2218 282 2243; x_wconf 83' lang='grc' dir='ltr'>ὁ</span> <span class='ocrx_word' id='word_1_402' title='bbox 298 2216 385 2252; x_wconf 76' lang='grc' dir='ltr'>ψυχῆς</span> <span class='ocrx_word' id='word_1_403' title='bbox 400 2216 573 2252; x_wconf 82' lang='grc' dir='ltr'><strong>ἀνθρωπίνης</strong></span> <span class='ocrx_word' id='word_1_404' title='bbox 587 2216 634 2242; x_wconf 84' lang='grc' dir='ltr'>καὶ</span> <span class='ocrx_word' id='word_1_405' title='bbox 647 2215 748 2250; x_wconf 70' lang='grc' dir='ltr'>σαρκὸς</span> <span class='ocrx_word' id='word_1_406' title='bbox 769 2213 910 2241; x_wconf 78' lang='grc' dir='ltr'>ἀναλαϐὼν</span> 
     </span>
    </p>
   </div>
   <div class='ocr_carea' id='block_1_50' title="bbox 117 2260 910 2298">
    <p class='ocr_par' dir='ltr' id='par_1_50' title="bbox 117 2260 910 2298">
     <span class='ocr_line' id='line_1_50' title="bbox 117 2260 910 2298; baseline -0.005 -8"><span class='ocrx_word' id='word_1_407' title='bbox 117 2263 299 2298; x_wconf 71' lang='grc' dir='ltr'>ἀδελφότητα,</span> <span class='ocrx_word' id='word_1_408' title='bbox 314 2263 363 2298; x_wconf 76' lang='grc' dir='ltr'><strong>οὐχ</strong></span> <span class='ocrx_word' id='word_1_409' title='bbox 380 2263 394 2289; x_wconf 84' lang='grc' dir='ltr'><strong><em>ὁ</em></strong></span> <span class='ocrx_word' id='word_1_410' title='bbox 404 2261 502 2296; x_wconf 80' lang='grc' dir='ltr'>λέγων,</span> <span class='ocrx_word' id='word_1_411' title='bbox 519 2272 527 2287; x_wconf 87' lang='grc' dir='ltr'><strong>ι</strong></span> <span class='ocrx_word' id='word_1_412' title='bbox 538 2262 567 2288; x_wconf 88' lang='lat'><strong>&#39;0</strong></span> <span class='ocrx_word' id='word_1_413' title='bbox 587 2261 717 2296; x_wconf 79' lang='grc' dir='ltr'><strong>ἑωρακὼς</strong></span> <span class='ocrx_word' id='word_1_414' title='bbox 731 2261 790 2296; x_wconf 83' lang='grc' dir='ltr'>ἐμὲ,</span> <span class='ocrx_word' id='word_1_415' title='bbox 804 2260 910 2296; x_wconf 80' lang='grc' dir='ltr'>ἑώρακε</span> 
     </span>
    </p>
   </div>
   <div class='ocr_carea' id='block_1_51' title="bbox 117 2306 910 2345">
    <p class='ocr_par' dir='ltr' id='par_1_51' title="bbox 117 2306 910 2345">
     <span class='ocr_line' id='line_1_51' title="bbox 117 2306 910 2345; baseline -0.006 -8"><span class='ocrx_word' id='word_1_416' title='bbox 117 2311 164 2337; x_wconf 76' lang='grc' dir='ltr'><strong>τον</strong></span> <span class='ocrx_word' id='word_1_417' title='bbox 182 2309 311 2345; x_wconf 71' lang='grc' dir='ltr'>Πατέραο</span> <span class='ocrx_word' id='word_1_418' title='bbox 325 2318 334 2333; x_wconf 80' lang='grc' dir='ltr'><strong>ι</strong></span> <span class='ocrx_word' id='word_1_419' title='bbox 349 2308 414 2343; x_wconf 77' lang='grc' dir='ltr'>φέρε</span> <span class='ocrx_word' id='word_1_420' title='bbox 429 2307 461 2343; x_wconf 75' lang='grc' dir='ltr'>δὴ</span> <span class='ocrx_word' id='word_1_421' title='bbox 472 2308 553 2334; x_wconf 85' lang='grc' dir='ltr'>πάλιν</span> <span class='ocrx_word' id='word_1_422' title='bbox 568 2308 582 2334; x_wconf 83' lang='grc' dir='ltr'><strong>ὃ</strong></span> <span class='ocrx_word' id='word_1_423' title='bbox 594 2307 620 2333; x_wconf 81' lang='grc' dir='ltr'>τί</span> <span class='ocrx_word' id='word_1_424' title='bbox 636 2307 700 2333; x_wconf 77' lang='grc' dir='ltr'>ποτέ</span> <span class='ocrx_word' id='word_1_425' title='bbox 715 2308 789 2333; x_wconf 70' lang='grc' dir='ltr'>ἐστιν</span> <span class='ocrx_word' id='word_1_426' title='bbox 802 2306 815 2333; x_wconf 81' lang='grc' dir='ltr'><strong>ὃ</strong></span> <span class='ocrx_word' id='word_1_427' title='bbox 829 2316 910 2342; x_wconf 81' lang='grc' dir='ltr'>φησιν</span> 
     </span>
    </p>
   </div>
   <div class='ocr_carea' id='block_1_52' title="bbox 118 2353 911 2389">
    <p class='ocr_par' dir='ltr' id='par_1_52' title="bbox 118 2353 911 2389">
     <span class='ocr_line' id='line_1_52' title="bbox 118 2353 911 2389; baseline -0.006 -6"><span class='ocrx_word' id='word_1_428' title='bbox 118 2358 147 2383; x_wconf 82' lang='grc' dir='ltr'>ὲν</span> <span class='ocrx_word' id='word_1_429' title='bbox 172 2355 281 2387; x_wconf 74' lang='grc' dir='ltr'>τούτοις</span> <span class='ocrx_word' id='word_1_430' title='bbox 307 2354 345 2386; x_wconf 82' lang='grc' dir='ltr'>ὡς</span> <span class='ocrx_word' id='word_1_431' title='bbox 371 2354 411 2380; x_wconf 74' lang='grc' dir='ltr'>ἔνι</span> <span class='ocrx_word' id='word_1_432' title='bbox 434 2354 675 2389; x_wconf 76' lang='grc' dir='ltr'>περιαθρὴσωμεν,</span> <span class='ocrx_word' id='word_1_433' title='bbox 694 2353 754 2380; x_wconf 81' lang='grc' dir='ltr'>’Ὁτι</span> <span class='ocrx_word' id='word_1_434' title='bbox 780 2354 829 2388; x_wconf 78' lang='grc' dir='ltr'><strong>μὲν</strong></span> <span class='ocrx_word' id='word_1_435' title='bbox 856 2354 911 2389; x_wconf 76' lang='grc' dir='ltr'><strong>γὰρ</strong></span> 
     </span>
    </p>
   </div>
   <div class='ocr_carea' id='block_1_53' title="bbox 117 2398 912 2435">
    <p class='ocr_par' dir='ltr' id='par_1_53' title="bbox 117 2398 912 2435">
     <span class='ocr_line' id='line_1_53' title="bbox 117 2398 912 2435; baseline -0.005 -7"><span class='ocrx_word' id='word_1_436' title='bbox 117 2401 200 2428; x_wconf 73' lang='grc' dir='ltr'>εἰκών</span> <span class='ocrx_word' id='word_1_437' title='bbox 220 2401 280 2428; x_wconf 76' lang='grc' dir='ltr'>ἐστι</span> <span class='ocrx_word' id='word_1_438' title='bbox 305 2399 352 2427; x_wconf 76' lang='grc' dir='ltr'>καὶ</span> <span class='ocrx_word' id='word_1_439' title='bbox 372 2399 515 2435; x_wconf 81' lang='grc' dir='ltr'>χαρακτὴρ</span> <span class='ocrx_word' id='word_1_440' title='bbox 543 2399 590 2425; x_wconf 80' lang='grc' dir='ltr'>τοῦ</span> <span class='ocrx_word' id='word_1_441' title='bbox 610 2398 678 2425; x_wconf 77' lang='grc' dir='ltr'>Θεοῦ</span> <span class='ocrx_word' id='word_1_442' title='bbox 700 2399 747 2424; x_wconf 69' lang='grc' dir='ltr'><strong>καὶ</strong></span> <span class='ocrx_word' id='word_1_443' title='bbox 766 2398 872 2434; x_wconf 76' lang='grc' dir='ltr'>Πατρὸς</span> <span class='ocrx_word' id='word_1_444' title='bbox 898 2400 912 2425; x_wconf 85' lang='grc' dir='ltr'><strong>ό</strong></span> 
     </span>
    </p>
   </div>
   <div class='ocr_carea' id='block_1_54' title="bbox 118 2444 910 2481">
    <p class='ocr_par' dir='ltr' id='par_1_54' title="bbox 118 2444 910 2481">
     <span class='ocr_line' id='line_1_54' title="bbox 118 2444 910 2481; baseline -0.005 -7"><span class='ocrx_word' id='word_1_445' title='bbox 118 2447 193 2479; x_wconf 76' lang='grc' dir='ltr'>Υἱὸς,</span> <span class='ocrx_word' id='word_1_446' title='bbox 208 2444 398 2481; x_wconf 81' lang='grc' dir='ltr'>διωμολόγηκε</span> <span class='ocrx_word' id='word_1_447' title='bbox 411 2445 459 2472; x_wconf 73' lang='grc' dir='ltr'>καὶ</span> <span class='ocrx_word' id='word_1_448' title='bbox 473 2445 565 2476; x_wconf 78' lang='grc' dir='ltr'><strong>αὑτός.</strong></span> <span class='ocrx_word' id='word_1_449' title='bbox 587 2444 635 2476; x_wconf 84' lang='grc' dir='ltr'><strong>Τίς</strong></span> <span class='ocrx_word' id='word_1_450' title='bbox 647 2444 670 2470; x_wconf 85' lang='grc' dir='ltr'>δ’</span> <span class='ocrx_word' id='word_1_451' title='bbox 685 2444 718 2471; x_wconf 83' lang='grc' dir='ltr'>ἂν</span> <span class='ocrx_word' id='word_1_452' title='bbox 733 2444 775 2479; x_wconf 80' lang='grc' dir='ltr'>εἴη</span> <span class='ocrx_word' id='word_1_453' title='bbox 789 2444 881 2470; x_wconf 73' lang='grc' dir='ltr'>λοιπὸν</span> <span class='ocrx_word' id='word_1_454' title='bbox 896 2445 910 2470; x_wconf 88' lang='grc' dir='ltr'><strong>ὁ</strong></span> 
     </span>
    </p>
   </div>
   <div class='ocr_carea' id='block_1_55' title="bbox 117 2488 908 2528">
    <p class='ocr_par' dir='ltr' id='par_1_55' title="bbox 117 2488 908 2528">
     <span class='ocr_line' id='line_1_55' title="bbox 117 2488 908 2528; baseline -0.005 -10"><span class='ocrx_word' id='word_1_455' title='bbox 117 2492 207 2528; x_wconf 77' lang='grc' dir='ltr'>ψυχῆς</span> <span class='ocrx_word' id='word_1_456' title='bbox 225 2491 399 2527; x_wconf 80' lang='grc' dir='ltr'><strong>ἀνῢρωπὶνης</strong></span> <span class='ocrx_word' id='word_1_457' title='bbox 425 2491 473 2517; x_wconf 82' lang='grc' dir='ltr'>καὶ</span> <span class='ocrx_word' id='word_1_458' title='bbox 497 2490 623 2525; x_wconf 82' lang='grc' dir='ltr'>σώματος</span> <span class='ocrx_word' id='word_1_459' title='bbox 637 2488 781 2516; x_wconf 74' lang='grc' dir='ltr'>ἀναλαϐὼν</span> <span class='ocrx_word' id='word_1_460' title='bbox 795 2488 908 2522; x_wconf 77' lang='grc' dir='ltr'>ἀδελφό-</span> 
     </span>
    </p>
   </div>
   <div class='ocr_carea' id='block_1_56' title="bbox 118 2533 909 2573">
    <p class='ocr_par' dir='ltr' id='par_1_56' title="bbox 118 2533 909 2573">
     <span class='ocr_line' id='line_1_56' title="bbox 118 2533 909 2573; baseline -0.009 -8"><span class='ocrx_word' id='word_1_461' title='bbox 118 2546 197 2573; x_wconf 72' lang='grc' dir='ltr'>τητα,</span> <span class='ocrx_word' id='word_1_462' title='bbox 212 2537 294 2572; x_wconf 81' lang='grc' dir='ltr'>δῆλον</span> <span class='ocrx_word' id='word_1_463' title='bbox 307 2537 336 2563; x_wconf 81' lang='grc' dir='ltr'>δὲ</span> <span class='ocrx_word' id='word_1_464' title='bbox 352 2537 392 2563; x_wconf 76' lang='grc' dir='ltr'>ὅτι</span> <span class='ocrx_word' id='word_1_465' title='bbox 406 2536 457 2570; x_wconf 79' lang='grc' dir='ltr'>τὴν</span> <span class='ocrx_word' id='word_1_466' title='bbox 471 2536 539 2570; x_wconf 75' lang='grc' dir='ltr'>πρὸς</span> <span class='ocrx_word' id='word_1_467' title='bbox 550 2535 632 2570; x_wconf 74' lang='grc' dir='ltr'>ἡμᾶς,</span> <span class='ocrx_word' id='word_1_468' title='bbox 645 2533 791 2560; x_wconf 80' lang='grc' dir='ltr'>διδασκέτω</span> <span class='ocrx_word' id='word_1_469' title='bbox 807 2533 909 2568; x_wconf 84' lang='grc' dir='ltr'>παρελ-</span> 
     </span>
    </p>
   </div>
   <div class='ocr_carea' id='block_1_57' title="bbox 120 2580 909 2620">
    <p class='ocr_par' dir='ltr' id='par_1_57' title="bbox 120 2580 909 2620">
     <span class='ocr_line' id='line_1_57' title="bbox 120 2580 909 2620; baseline -0.009 -8"><span class='ocrx_word' id='word_1_470' title='bbox 120 2584 182 2612; x_wconf 81' lang='grc' dir='ltr'><strong>Θὼν.</strong></span> <span class='ocrx_word' id='word_1_471' title='bbox 197 2585 235 2612; x_wconf 65' lang='lat' dir='ltr'><strong>Ut}</strong></span> <span class='ocrx_word' id='word_1_472' title='bbox 255 2584 310 2620; x_wconf 76' lang='grc' dir='ltr'><strong>γάρ</strong></span> <span class='ocrx_word' id='word_1_473' title='bbox 328 2593 380 2610; x_wconf 79' lang='grc' dir='ltr'><strong>που</strong></span> <span class='ocrx_word' id='word_1_474' title='bbox 394 2583 464 2618; x_wconf 73' lang='grc' dir='ltr'>φαίη</span> <span class='ocrx_word' id='word_1_475' title='bbox 477 2591 517 2613; x_wconf 77' lang='grc' dir='ltr'><strong>τις</strong></span> <span class='ocrx_word' id='word_1_476' title='bbox 531 2581 563 2608; x_wconf 83' lang='grc' dir='ltr'>ἂν</span> <span class='ocrx_word' id='word_1_477' title='bbox 577 2581 614 2612; x_wconf 85' lang='grc' dir='ltr'><strong>ὡς</strong></span> <span class='ocrx_word' id='word_1_478' title='bbox 629 2581 643 2607; x_wconf 85' lang='grc' dir='ltr'><em>ὁ</em></span> <span class='ocrx_word' id='word_1_479' title='bbox 658 2581 719 2607; x_wconf 81' lang='grc' dir='ltr'>καθ’</span> <span class='ocrx_word' id='word_1_480' title='bbox 731 2581 804 2615; x_wconf 76' lang='grc' dir='ltr'><strong>ἡμᾶς</strong></span> <span class='ocrx_word' id='word_1_481' title='bbox 815 2580 909 2613; x_wconf 62' lang='lat' dir='ltr'><strong>(patve—</strong></span> 
     </span>
    </p>
   </div>
   <div class='ocr_carea' id='block_1_58' title="bbox 122 2625 908 2667">
    <p class='ocr_par' dir='ltr' id='par_1_58' title="bbox 122 2625 908 2667">
     <span class='ocr_line' id='line_1_58' title="bbox 122 2625 908 2667; baseline -0.01 -8"><span class='ocrx_word' id='word_1_482' title='bbox 122 2640 198 2667; x_wconf 76' lang='grc' dir='ltr'>μενος</span> <span class='ocrx_word' id='word_1_483' title='bbox 218 2631 374 2666; x_wconf 79' lang='grc' dir='ltr'>ἄνθρωπος,</span> <span class='ocrx_word' id='word_1_484' title='bbox 397 2627 463 2659; x_wconf 76' lang='grc' dir='ltr'>οἷον,</span> <span class='ocrx_word' id='word_1_485' title='bbox 489 2627 630 2663; x_wconf 72' lang='grc' dir='ltr'>Βαρνάϐας</span> <span class='ocrx_word' id='word_1_486' title='bbox 651 2627 742 2661; x_wconf 76' lang='grc' dir='ltr'>τυχὸν,</span> <span class='ocrx_word' id='word_1_487' title='bbox 759 2625 775 2660; x_wconf 86' lang='grc' dir='ltr'>ἢ</span> <span class='ocrx_word' id='word_1_488' title='bbox 793 2626 908 2657; x_wconf 77' lang='grc' dir='ltr'>Παῦλος,</span> 
     </span>
    </p>
   </div>
   <div class='ocr_carea' id='block_1_59' title="bbox 119 2671 911 2712">
    <p class='ocr_par' dir='ltr' id='par_1_59' title="bbox 119 2671 911 2712">
     <span class='ocr_line' id='line_1_59' title="bbox 119 2671 911 2712; baseline -0.011 -7"><span class='ocrx_word' id='word_1_489' title='bbox 119 2679 198 2712; x_wconf 66' lang='grc' dir='ltr'>ἤγουν</span> <span class='ocrx_word' id='word_1_490' title='bbox 215 2676 309 2712; x_wconf 75' lang='grc' dir='ltr'>ἕτερός</span> <span class='ocrx_word' id='word_1_491' title='bbox 323 2685 364 2708; x_wconf 85' lang='grc' dir='ltr'>τις</span> <span class='ocrx_word' id='word_1_492' title='bbox 378 2675 435 2702; x_wconf 79' lang='grc' dir='ltr'>τῶν</span> <span class='ocrx_word' id='word_1_493' title='bbox 447 2674 595 2700; x_wconf 74' lang='grc' dir='ltr'>τελούντων</span> <span class='ocrx_word' id='word_1_494' title='bbox 607 2674 635 2699; x_wconf 79' lang='grc' dir='ltr'>ἐν</span> <span class='ocrx_word' id='word_1_495' title='bbox 647 2672 811 2707; x_wconf 73' lang='grc' dir='ltr'>ἀνθρώποις,</span> <span class='ocrx_word' id='word_1_496' title='bbox 821 2671 911 2706; x_wconf 72' lang='grc' dir='ltr'>ψυχῆς</span> 
     </span>
    </p>
   </div>
   <div class='ocr_carea' id='block_1_60' title="bbox 120 2717 911 2759">
    <p class='ocr_par' dir='ltr' id='par_1_60' title="bbox 120 2717 911 2759">
     <span class='ocr_line' id='line_1_60' title="bbox 120 2717 911 2759; baseline -0.011 -8"><span class='ocrx_word' id='word_1_497' title='bbox 120 2723 289 2759; x_wconf 75' lang='grc' dir='ltr'>ἀνθρωπίνης</span> <span class='ocrx_word' id='word_1_498' title='bbox 303 2723 352 2749; x_wconf 74' lang='grc' dir='ltr'><strong>καὶ</strong></span> <span class='ocrx_word' id='word_1_499' title='bbox 370 2721 498 2755; x_wconf 71' lang='grc' dir='ltr'>σώματος</span> <span class='ocrx_word' id='word_1_500' title='bbox 519 2719 716 2754; x_wconf 71' lang='grc' dir='ltr'>ἁνθρωπύτητα</span> <span class='ocrx_word' id='word_1_501' title='bbox 727 2717 786 2753; x_wconf 59' lang='lat' dir='ltr'><strong>[Ton</strong></span> <span class='ocrx_word' id='word_1_502' title='bbox 800 2717 911 2750; x_wconf 74' lang='grc' dir='ltr'>ἀδελφὸ-</span> 
     </span>
    </p>
   </div>
   <div class='ocr_carea' id='block_1_61' title="bbox 120 2763 910 2806">
    <p class='ocr_par' dir='ltr' id='par_1_61' title="bbox 120 2763 910 2806">
     <span class='ocr_line' id='line_1_61' title="bbox 120 2763 910 2806; baseline -0.01 -10"><span class='ocrx_word' id='word_1_503' title='bbox 120 2770 199 2806; x_wconf 71' lang='grc' dir='ltr'>τητι]</span> <span class='ocrx_word' id='word_1_504' title='bbox 229 2769 324 2796; x_wconf 70' lang='grc' dir='ltr'>λαϐεῖν</span> <span class='ocrx_word' id='word_1_505' title='bbox 337 2767 442 2801; x_wconf 81' lang='grc' dir='ltr'>λέγοιτ’</span> <span class='ocrx_word' id='word_1_506' title='bbox 463 2766 506 2798; x_wconf 80' lang='grc' dir='ltr'>ἂν,</span> <span class='ocrx_word' id='word_1_507' title='bbox 528 2766 565 2797; x_wconf 78' lang='grc' dir='ltr'><strong>ὡς</strong></span> <span class='ocrx_word' id='word_1_508' title='bbox 584 2765 677 2800; x_wconf 72' lang='grc' dir='ltr'>ἕτερόν</span> <span class='ocrx_word' id='word_1_509' title='bbox 694 2773 719 2790; x_wconf 87' lang='grc' dir='ltr'><strong>τι</strong></span> <span class='ocrx_word' id='word_1_510' title='bbox 738 2764 814 2799; x_wconf 75' lang='grc' dir='ltr'><strong>παρὰ</strong></span> <span class='ocrx_word' id='word_1_511' title='bbox 833 2763 910 2789; x_wconf 72' lang='grc' dir='ltr'>τοῦτο</span> 
     </span>
    </p>
   </div>
   <div class='ocr_carea' id='block_1_62' title="bbox 146 2853 702 2888">
    <p class='ocr_par' dir='ltr' id='par_1_62' title="bbox 146 2853 702 2888">
     <span class='ocr_line' id='line_1_62' title="bbox 146 2853 702 2888; baseline -0.011 -2"><span class='ocrx_word' id='word_1_512' title='bbox 146 2860 166 2875; x_wconf 78' lang='grc'><strong>⁸³</strong></span> <span class='ocrx_word' id='word_1_513' title='bbox 181 2859 260 2887; x_wconf 85' lang='lat' dir='ltr'><strong>Joau.</strong></span> <span class='ocrx_word' id='word_1_514' title='bbox 275 2866 319 2888; x_wconf 83' lang='lat' dir='ltr'><strong>In,</strong></span> <span class='ocrx_word' id='word_1_515' title='bbox 335 2855 444 2886; x_wconf 72' lang='grc'>12,15.</span> <span class='ocrx_word' id='word_1_516' title='bbox 482 2854 504 2868; x_wconf 61' lang='grc'>⁸⁸</span> <span class='ocrx_word' id='word_1_517' title='bbox 523 2853 601 2880; x_wconf 84' lang='lat' dir='ltr'><strong>Ilebr.</strong></span> <span class='ocrx_word' id='word_1_518' title='bbox 615 2862 646 2888; x_wconf 83' lang='lat' dir='ltr'><strong>tt,</strong></span> <span class='ocrx_word' id='word_1_519' title='bbox 662 2854 702 2880; x_wconf 85' lang='lat' dir='ltr'><strong>l7.</strong></span> 
     </span>
    </p>
   </div>
   <div class='ocr_carea' id='block_1_63' title="bbox 222 2899 600 2936">
    <p class='ocr_par' dir='ltr' id='par_1_63' title="bbox 222 2899 600 2936">
     <span class='ocr_line' id='line_1_63' title="bbox 222 2899 600 2936; baseline -0.021 1"><span class='ocrx_word' id='word_1_520' title='bbox 222 2904 374 2936; x_wconf 73' lang='lat' dir='ltr'><strong>PATROL.</strong></span> <span class='ocrx_word' id='word_1_521' title='bbox 392 2901 455 2931; x_wconf 76' lang='lat' dir='ltr'><strong>Gn.</strong></span> <span class='ocrx_word' id='word_1_522' title='bbox 475 2899 600 2933; x_wconf 80' lang='lat' dir='ltr'><strong>LXXVI.</strong></span> 
     </span>
    </p>
   </div>
   <div class='ocr_carea' id='block_1_64' title="bbox 967 254 1750 289">
    <p class='ocr_par' dir='ltr' id='par_1_64' title="bbox 967 254 1750 289">
     <span class='ocr_line' id='line_1_64' title="bbox 967 254 1750 289; baseline 0.005 -8"><span class='ocrx_word' id='word_1_523' title='bbox 967 255 1101 282; x_wconf 84' lang='lat' dir='ltr'><strong>neminem</strong></span> <span class='ocrx_word' id='word_1_524' title='bbox 1118 259 1184 288; x_wconf 81' lang='lat' dir='ltr'><strong>puto</strong></span> <span class='ocrx_word' id='word_1_525' title='bbox 1199 254 1264 288; x_wconf 86' lang='lat' dir='ltr'><strong>quid</strong></span> <span class='ocrx_word' id='word_1_526' title='bbox 1285 256 1448 289; x_wconf 87' lang='lat' dir='ltr'><strong>respondeat</strong></span> <span class='ocrx_word' id='word_1_527' title='bbox 1460 255 1618 282; x_wconf 76' lang='lat' dir='ltr'><strong>habiturum</strong></span> <span class='ocrx_word' id='word_1_528' title='bbox 1634 265 1641 282; x_wconf 85' lang='lat'><strong>:</strong></span> <span class='ocrx_word' id='word_1_529' title='bbox 1657 257 1704 284; x_wconf 88' lang='lat' dir='ltr'><strong>sed</strong></span> <span class='ocrx_word' id='word_1_530' title='bbox 1724 259 1750 285; x_wconf 91' lang='lat' dir='ltr'><strong>in</strong></span> 
     </span>
    </p>
   </div>
   <div class='ocr_carea' id='block_1_65' title="bbox 965 299 1748 336">
    <p class='ocr_par' dir='ltr' id='par_1_65' title="bbox 965 299 1748 336">
     <span class='ocr_line' id='line_1_65' title="bbox 965 299 1748 336; baseline 0.005 -10"><span class='ocrx_word' id='word_1_531' title='bbox 965 300 1086 327; x_wconf 84' lang='lat' dir='ltr'><strong>omnium</strong></span> <span class='ocrx_word' id='word_1_532' title='bbox 1106 305 1228 327; x_wconf 86' lang='lat' dir='ltr'><strong>nostrum</strong></span> <span class='ocrx_word' id='word_1_533' title='bbox 1240 299 1382 327; x_wconf 82' lang='lat' dir='ltr'><strong>Salvatore</strong></span> <span class='ocrx_word' id='word_1_534' title='bbox 1395 300 1505 328; x_wconf 83' lang='lat' dir='ltr'><strong>Christo</strong></span> <span class='ocrx_word' id='word_1_535' title='bbox 1518 301 1585 328; x_wconf 82' lang='lat' dir='ltr'><strong>nihil</strong></span> <span class='ocrx_word' id='word_1_536' title='bbox 1595 302 1723 336; x_wconf 83' lang='lat' dir='ltr'><strong>impediet</strong></span> <span class='ocrx_word' id='word_1_537' title='bbox 1742 313 1748 330; x_wconf 90' lang='lat'>:</span> 
     </span>
    </p>
   </div>
   <div class='ocr_carea' id='block_1_66' title="bbox 966 343 1750 381">
    <p class='ocr_par' dir='ltr' id='par_1_66' title="bbox 966 343 1750 381">
     <span class='ocr_line' id='line_1_66' title="bbox 966 343 1750 381; baseline 0.005 -11"><span class='ocrx_word' id='word_1_538' title='bbox 966 352 1027 371; x_wconf 82' lang='lat' dir='ltr'><strong>nam</strong></span> <span class='ocrx_word' id='word_1_539' title='bbox 1042 345 1129 379; x_wconf 86' lang='lat' dir='ltr'><strong>ipsum</strong></span> <span class='ocrx_word' id='word_1_540' title='bbox 1149 343 1196 371; x_wconf 84' lang='lat' dir='ltr'><strong>Dei</strong></span> <span class='ocrx_word' id='word_1_541' title='bbox 1224 344 1340 371; x_wconf 84' lang='lat' dir='ltr'><strong>Verbum</strong></span> <span class='ocrx_word' id='word_1_542' title='bbox 1356 351 1412 371; x_wconf 70' lang='lat' dir='ltr'><strong>sua:</strong></span> <span class='ocrx_word' id='word_1_543' title='bbox 1440 346 1530 373; x_wconf 80' lang='lat' dir='ltr'><strong>curuis</strong></span> <span class='ocrx_word' id='word_1_544' title='bbox 1547 347 1750 381; x_wconf 67' lang='lat' dir='ltr'><strong>generationem</strong></span> 
     </span>
    </p>
   </div>
   <div class='ocr_carea' id='block_1_67' title="bbox 964 389 1751 428">
    <p class='ocr_par' dir='ltr' id='par_1_67' title="bbox 964 389 1751 428">
     <span class='ocr_line' id='line_1_67' title="bbox 964 389 1751 428; baseline 0.006 -12"><span class='ocrx_word' id='word_1_545' title='bbox 964 390 1016 417; x_wconf 77' lang='lat' dir='ltr'><strong>sibi</strong></span> <span class='ocrx_word' id='word_1_546' title='bbox 1036 395 1162 424; x_wconf 80' lang='lat' dir='ltr'><strong>umquam</strong></span> <span class='ocrx_word' id='word_1_547' title='bbox 1179 389 1316 424; x_wconf 83' lang='lat' dir='ltr'><strong>propriam</strong></span> <span class='ocrx_word' id='word_1_548' title='bbox 1337 391 1457 417; x_wconf 86' lang='lat' dir='ltr'><strong>vindicat</strong></span> <span class='ocrx_word' id='word_1_549' title='bbox 1473 399 1479 414; x_wconf 74' lang='grc' dir='ltr'>ε</span> <span class='ocrx_word' id='word_1_550' title='bbox 1499 399 1548 419; x_wconf 90' lang='lat' dir='ltr'><strong>nec</strong></span> <span class='ocrx_word' id='word_1_551' title='bbox 1565 396 1655 420; x_wconf 83' lang='lat' dir='ltr'><strong>tamen</strong></span> <span class='ocrx_word' id='word_1_552' title='bbox 1673 393 1751 428; x_wconf 84' lang='lat' dir='ltr'><strong>igno-</strong></span> 
     </span>
    </p>
   </div>
   <div class='ocr_carea' id='block_1_68' title="bbox 966 435 1751 473">
    <p class='ocr_par' dir='ltr' id='par_1_68' title="bbox 966 435 1751 473">
     <span class='ocr_line' id='line_1_68' title="bbox 966 435 1751 473; baseline 0.005 -11"><span class='ocrx_word' id='word_1_553' title='bbox 966 435 1037 463; x_wconf 84' lang='lat' dir='ltr'><strong>ravit</strong></span> <span class='ocrx_word' id='word_1_554' title='bbox 1058 436 1134 462; x_wconf 89' lang='lat' dir='ltr'><strong>illum</strong></span> <span class='ocrx_word' id='word_1_555' title='bbox 1150 443 1212 462; x_wconf 87' lang='lat' dir='ltr'><strong>esse</strong></span> <span class='ocrx_word' id='word_1_556' title='bbox 1225 436 1391 464; x_wconf 74' lang='lat' dir='ltr'><strong>conditorem</strong></span> <span class='ocrx_word' id='word_1_557' title='bbox 1417 436 1593 470; x_wconf 74' lang='lat' dir='ltr'><strong>streulorum,</strong></span> <span class='ocrx_word' id='word_1_558' title='bbox 1622 443 1651 466; x_wconf 86' lang='lat' dir='ltr'><strong>et</strong></span> <span class='ocrx_word' id='word_1_559' title='bbox 1676 439 1751 473; x_wconf 81' lang='lat' dir='ltr'><strong>prius</strong></span> 
     </span>
    </p>
   </div>
   <div class='ocr_carea' id='block_1_69' title="bbox 965 481 1748 516">
    <p class='ocr_par' dir='ltr' id='par_1_69' title="bbox 965 481 1748 516">
     <span class='ocr_line' id='line_1_69' title="bbox 965 481 1748 516; baseline 0.006 -9"><span class='ocrx_word' id='word_1_560' title='bbox 965 481 1118 512; x_wconf 84' lang='lat' dir='ltr'><strong>exstitisse,</strong></span> <span class='ocrx_word' id='word_1_561' title='bbox 1137 487 1229 516; x_wconf 88' lang='lat' dir='ltr'><strong>utpote</strong></span> <span class='ocrx_word' id='word_1_562' title='bbox 1249 482 1348 514; x_wconf 86' lang='lat' dir='ltr'><strong>Deum,</strong></span> <span class='ocrx_word' id='word_1_563' title='bbox 1371 487 1398 509; x_wconf 87' lang='lat' dir='ltr'><strong>et</strong></span> <span class='ocrx_word' id='word_1_564' title='bbox 1414 489 1463 510; x_wconf 86' lang='lat' dir='ltr'><strong>suo</strong></span> <span class='ocrx_word' id='word_1_565' title='bbox 1479 482 1553 510; x_wconf 80' lang='lat' dir='ltr'><strong>Patri</strong></span> <span class='ocrx_word' id='word_1_566' title='bbox 1572 489 1748 512; x_wconf 80' lang='lat' dir='ltr'><strong>coanernum.</strong></span> 
     </span>
    </p>
   </div>
   <div class='ocr_carea' id='block_1_70' title="bbox 967 527 1749 562">
    <p class='ocr_par' dir='ltr' id='par_1_70' title="bbox 967 527 1749 562">
     <span class='ocr_line' id='line_1_70' title="bbox 967 527 1749 562; baseline 0.008 -10"><span class='ocrx_word' id='word_1_567' title='bbox 967 527 1059 560; x_wconf 76' lang='lat' dir='ltr'><strong>Neque</strong></span> <span class='ocrx_word' id='word_1_568' title='bbox 1082 527 1154 554; x_wconf 88' lang='lat' dir='ltr'><strong>enim</strong></span> <span class='ocrx_word' id='word_1_569' title='bbox 1172 527 1246 553; x_wconf 90' lang='lat' dir='ltr'><strong>illum</strong></span> <span class='ocrx_word' id='word_1_570' title='bbox 1264 527 1380 554; x_wconf 84' lang='lat' dir='ltr'><strong>dicimus</strong></span> <span class='ocrx_word' id='word_1_571' title='bbox 1406 534 1520 562; x_wconf 84' lang='lat' dir='ltr'><strong>corpore</strong></span> <span class='ocrx_word' id='word_1_572' title='bbox 1549 531 1682 558; x_wconf 78' lang='lat' dir='ltr'><strong>nativitati</strong></span> <span class='ocrx_word' id='word_1_573' title='bbox 1703 538 1749 558; x_wconf 91' lang='lat' dir='ltr'><strong>co-</strong></span> 
     </span>
    </p>
   </div>
   <div class='ocr_carea' id='block_1_71' title="bbox 964 573 1750 609">
    <p class='ocr_par' dir='ltr' id='par_1_71' title="bbox 964 573 1750 609">
     <span class='ocr_line' id='line_1_71' title="bbox 964 573 1750 609; baseline 0.006 -10"><span class='ocrx_word' id='word_1_574' title='bbox 964 580 1050 599; x_wconf 68' lang='lat' dir='ltr'><strong>eavum</strong></span> <span class='ocrx_word' id='word_1_575' title='bbox 1078 573 1178 599; x_wconf 76' lang='lat' dir='ltr'><strong>habere</strong></span> <span class='ocrx_word' id='word_1_576' title='bbox 1202 573 1308 599; x_wconf 89' lang='lat' dir='ltr'><strong>initium</strong></span> <span class='ocrx_word' id='word_1_577' title='bbox 1336 573 1518 602; x_wconf 53' lang='lat' dir='ltr'><strong>subsistentia;</strong></span> <span class='ocrx_word' id='word_1_578' title='bbox 1532 596 1539 608; x_wconf 92' lang='lat'><strong>,</strong></span> <span class='ocrx_word' id='word_1_579' title='bbox 1557 575 1603 603; x_wconf 82' lang='lat' dir='ltr'><strong>sed</strong></span> <span class='ocrx_word' id='word_1_580' title='bbox 1626 581 1702 609; x_wconf 80' lang='lat' dir='ltr'><strong>erat.</strong></span> <span class='ocrx_word' id='word_1_581' title='bbox 1719 582 1750 604; x_wconf 88' lang='lat' dir='ltr'><strong>ut</strong></span> 
     </span>
    </p>
   </div>
   <div class='ocr_carea' id='block_1_72' title="bbox 965 617 1750 653">
    <p class='ocr_par' dir='ltr' id='par_1_72' title="bbox 965 617 1750 653">
     <span class='ocr_line' id='line_1_72' title="bbox 965 617 1750 653; baseline 0.008 -9"><span class='ocrx_word' id='word_1_582' title='bbox 965 617 1032 650; x_wconf 87' lang='lat' dir='ltr'><strong>dixi,</strong></span> <span class='ocrx_word' id='word_1_583' title='bbox 1048 625 1080 645; x_wconf 76' lang='lat' dir='ltr'><strong>ex</strong></span> <span class='ocrx_word' id='word_1_584' title='bbox 1098 618 1154 652; x_wconf 74' lang='lat' dir='ltr'><strong>ipsa</strong></span> <span class='ocrx_word' id='word_1_585' title='bbox 1177 618 1221 644; x_wconf 84' lang='lat' dir='ltr'><strong>Dei</strong></span> <span class='ocrx_word' id='word_1_586' title='bbox 1253 619 1305 653; x_wconf 78' lang='grc'><em>’1⁵1</em></span> <span class='ocrx_word' id='word_1_587' title='bbox 1325 623 1352 645; x_wconf 87' lang='lat' dir='ltr'><strong>et</strong></span> <span class='ocrx_word' id='word_1_588' title='bbox 1374 619 1462 647; x_wconf 81' lang='lat' dir='ltr'><strong>Patris</strong></span> <span class='ocrx_word' id='word_1_589' title='bbox 1484 622 1603 649; x_wconf 86' lang='lat' dir='ltr'><strong>essentia</strong></span> <span class='ocrx_word' id='word_1_590' title='bbox 1628 622 1750 650; x_wconf 75' lang='lat' dir='ltr'><strong>inelfabi-</strong></span> 
     </span>
    </p>
   </div>
   <div class='ocr_carea' id='block_1_73' title="bbox 964 663 1748 701">
    <p class='ocr_par' dir='ltr' id='par_1_73' title="bbox 964 663 1748 701">
     <span class='ocr_line' id='line_1_73' title="bbox 964 663 1748 701; baseline 0.009 -11"><span class='ocrx_word' id='word_1_591' title='bbox 964 664 1026 690; x_wconf 83' lang='lat' dir='ltr'><strong>liter</strong></span> <span class='ocrx_word' id='word_1_592' title='bbox 1037 665 1153 696; x_wconf 80' lang='lat' dir='ltr'><strong>genitus.</strong></span> <span class='ocrx_word' id='word_1_593' title='bbox 1173 663 1246 698; x_wconf 76' lang='lat' dir='ltr'><strong>Ergo</strong></span> <span class='ocrx_word' id='word_1_594' title='bbox 1260 672 1320 692; x_wconf 87' lang='lat' dir='ltr'><strong>cum</strong></span> <span class='ocrx_word' id='word_1_595' title='bbox 1335 665 1371 692; x_wconf 90' lang='lat' dir='ltr'><strong>sit</strong></span> <span class='ocrx_word' id='word_1_596' title='bbox 1383 671 1445 693; x_wconf 84' lang='lat' dir='ltr'><strong>ante</strong></span> <span class='ocrx_word' id='word_1_597' title='bbox 1464 667 1602 695; x_wconf 84' lang='lat' dir='ltr'><strong>Abraham</strong></span> <span class='ocrx_word' id='word_1_598' title='bbox 1620 673 1649 695; x_wconf 91' lang='lat' dir='ltr'><strong>ut</strong></span> <span class='ocrx_word' id='word_1_599' title='bbox 1667 669 1748 701; x_wconf 88' lang='lat' dir='ltr'><strong>Deus,</strong></span> 
     </span>
    </p>
   </div>
   <div class='ocr_carea' id='block_1_74' title="bbox 965 707 1747 742">
    <p class='ocr_par' dir='ltr' id='par_1_74' title="bbox 965 707 1747 742">
     <span class='ocr_line' id='line_1_74' title="bbox 965 707 1747 742; baseline 0.01 -9"><span class='ocrx_word' id='word_1_600' title='bbox 965 707 1074 733; x_wconf 78' lang='lat' dir='ltr'><strong>tmnetsi</strong></span> <span class='ocrx_word' id='word_1_601' title='bbox 1090 707 1179 734; x_wconf 78' lang='lat' dir='ltr'><strong>factus</strong></span> <span class='ocrx_word' id='word_1_602' title='bbox 1199 708 1235 734; x_wconf 84' lang='lat' dir='ltr'><strong>sit</strong></span> <span class='ocrx_word' id='word_1_603' title='bbox 1262 709 1354 742; x_wconf 85' lang='lat' dir='ltr'><strong>homo,</strong></span> <span class='ocrx_word' id='word_1_604' title='bbox 1375 717 1427 736; x_wconf 89' lang='lat' dir='ltr'><strong>non</strong></span> <span class='ocrx_word' id='word_1_605' title='bbox 1456 713 1605 739; x_wconf 79' lang='lat' dir='ltr'><strong>mentietur</strong></span> <span class='ocrx_word' id='word_1_606' title='bbox 1623 713 1718 741; x_wconf 75' lang='lat' dir='ltr'><strong>dicens</strong></span> <span class='ocrx_word' id='word_1_607' title='bbox 1740 724 1747 740; x_wconf 86' lang='lat'><strong>:</strong></span> 
     </span>
    </p>
   </div>
   <div class='ocr_carea' id='block_1_75' title="bbox 967 752 1749 793">
    <p class='ocr_par' dir='ltr' id='par_1_75' title="bbox 967 752 1749 793">
     <span class='ocr_line' id='line_1_75' title="bbox 967 752 1749 793; baseline 0.01 -15"><span class='ocrx_word' id='word_1_608' title='bbox 967 762 976 778; x_wconf 84' lang='grc' dir='ltr'><strong>ι</strong></span> <span class='ocrx_word' id='word_1_609' title='bbox 996 752 1147 787; x_wconf 82' lang='lat' dir='ltr'><strong>Antequam</strong></span> <span class='ocrx_word' id='word_1_610' title='bbox 1158 759 1230 781; x_wconf 83' lang='lat' dir='ltr'><strong>esset</strong></span> <span class='ocrx_word' id='word_1_611' title='bbox 1241 755 1389 787; x_wconf 77' lang='lat' dir='ltr'><strong>Abraham,</strong></span> <span class='ocrx_word' id='word_1_612' title='bbox 1403 763 1453 790; x_wconf 80' lang='lat' dir='ltr'><strong>ego</strong></span> <span class='ocrx_word' id='word_1_613' title='bbox 1466 763 1537 790; x_wconf 88' lang='lat' dir='ltr'><strong>sum,</strong></span> <span class='ocrx_word' id='word_1_614' title='bbox 1553 764 1564 785; x_wconf 71' lang='grc' dir='ltr'><strong>ι</strong></span> <span class='ocrx_word' id='word_1_615' title='bbox 1577 763 1606 785; x_wconf 85' lang='grc' dir='ltr'><strong>ιιι</strong></span> <span class='ocrx_word' id='word_1_616' title='bbox 1620 760 1665 793; x_wconf 90' lang='lat' dir='ltr'><strong>qui</strong></span> <span class='ocrx_word' id='word_1_617' title='bbox 1679 764 1749 786; x_wconf 79' lang='lat' dir='ltr'><strong>unus</strong></span> 
     </span>
    </p>
   </div>
   <div class='ocr_carea' id='block_1_76' title="bbox 964 798 1748 836">
    <p class='ocr_par' dir='ltr' id='par_1_76' title="bbox 964 798 1748 836">
     <span class='ocr_line' id='line_1_76' title="bbox 964 798 1748 836; baseline 0.009 -12"><span class='ocrx_word' id='word_1_618' title='bbox 964 805 1028 825; x_wconf 83' lang='lat' dir='ltr'><strong>vere</strong></span> <span class='ocrx_word' id='word_1_619' title='bbox 1048 799 1083 825; x_wconf 88' lang='lat' dir='ltr'><strong>sit</strong></span> <span class='ocrx_word' id='word_1_620' title='bbox 1100 798 1185 826; x_wconf 86' lang='lat' dir='ltr'><strong>Filius</strong></span> <span class='ocrx_word' id='word_1_621' title='bbox 1208 804 1235 826; x_wconf 90' lang='lat' dir='ltr'><strong>ct</strong></span> <span class='ocrx_word' id='word_1_622' title='bbox 1260 801 1400 828; x_wconf 83' lang='lat' dir='ltr'><strong>Dominus.</strong></span> <span class='ocrx_word' id='word_1_623' title='bbox 1422 801 1514 836; x_wconf 81' lang='lat' dir='ltr'><strong>Neque</strong></span> <span class='ocrx_word' id='word_1_624' title='bbox 1539 810 1605 830; x_wconf 86' lang='lat' dir='ltr'><strong>vero</strong></span> <span class='ocrx_word' id='word_1_625' title='bbox 1628 804 1748 836; x_wconf 80' lang='lat' dir='ltr'><strong>mireris,</strong></span> 
     </span>
    </p>
   </div>
   <div class='ocr_carea' id='block_1_77' title="bbox 965 846 1749 880">
    <p class='ocr_par' dir='ltr' id='par_1_77' title="bbox 965 846 1749 880">
     <span class='ocr_line' id='line_1_77' title="bbox 965 846 1749 880; baseline 0.006 -8"><span class='ocrx_word' id='word_1_626' title='bbox 965 846 986 872; x_wconf 88' lang='lat' dir='ltr'><strong>si</strong></span> <span class='ocrx_word' id='word_1_627' title='bbox 1005 846 1058 872; x_wconf 89' lang='lat' dir='ltr'><strong>hoc</strong></span> <span class='ocrx_word' id='word_1_628' title='bbox 1076 846 1163 880; x_wconf 88' lang='lat' dir='ltr'><strong>ipsum</strong></span> <span class='ocrx_word' id='word_1_629' title='bbox 1186 846 1258 880; x_wconf 85' lang='lat' dir='ltr'><strong>quod</strong></span> <span class='ocrx_word' id='word_1_630' title='bbox 1282 852 1324 873; x_wconf 86' lang='lat' dir='ltr'><strong>est</strong></span> <span class='ocrx_word' id='word_1_631' title='bbox 1341 852 1403 873; x_wconf 83' lang='lat' dir='ltr'><strong>ante</strong></span> <span class='ocrx_word' id='word_1_632' title='bbox 1425 848 1560 875; x_wconf 79' lang='lat' dir='ltr'><strong>Abraham</strong></span> <span class='ocrx_word' id='word_1_633' title='bbox 1575 856 1631 876; x_wconf 70' lang='lat' dir='ltr'><strong>sua:</strong></span> <span class='ocrx_word' id='word_1_634' title='bbox 1645 855 1749 877; x_wconf 81' lang='lat' dir='ltr'><strong>natura:</strong></span> 
     </span>
    </p>
   </div>
   <div class='ocr_carea' id='block_1_78' title="bbox 929 891 1749 930">
    <p class='ocr_par' dir='ltr' id='par_1_78' title="bbox 929 891 1749 930">
     <span class='ocr_line' id='line_1_78' title="bbox 929 891 1749 930; baseline 0.007 -13"><span class='ocrx_word' id='word_1_635' title='bbox 929 892 948 920; x_wconf 79' lang='grc' dir='ltr'><strong><em>Β</em></strong></span> <span class='ocrx_word' id='word_1_636' title='bbox 964 892 1058 918; x_wconf 84' lang='lat' dir='ltr'><strong>tribuit</strong></span> <span class='ocrx_word' id='word_1_637' title='bbox 1074 899 1081 917; x_wconf 88' lang='lat'><strong>:</strong></span> <span class='ocrx_word' id='word_1_638' title='bbox 1104 891 1152 919; x_wconf 88' lang='lat' dir='ltr'><strong>sed</strong></span> <span class='ocrx_word' id='word_1_639' title='bbox 1166 891 1230 919; x_wconf 90' lang='lat' dir='ltr'><strong>illud</strong></span> <span class='ocrx_word' id='word_1_640' title='bbox 1247 893 1337 926; x_wconf 79' lang='lat' dir='ltr'><strong>potius</strong></span> <span class='ocrx_word' id='word_1_641' title='bbox 1357 897 1463 926; x_wconf 85' lang='lat' dir='ltr'><strong>reputa,</strong></span> <span class='ocrx_word' id='word_1_642' title='bbox 1476 894 1559 927; x_wconf 84' lang='lat' dir='ltr'><strong>quod,</strong></span> <span class='ocrx_word' id='word_1_643' title='bbox 1573 894 1635 921; x_wconf 87' lang='lat' dir='ltr'><strong>licet</strong></span> <span class='ocrx_word' id='word_1_644' title='bbox 1649 901 1749 930; x_wconf 78' lang='lat' dir='ltr'><strong>corpus</strong></span> 
     </span>
    </p>
   </div>
   <div class='ocr_carea' id='block_1_79' title="bbox 965 937 1745 972">
    <p class='ocr_par' dir='ltr' id='par_1_79' title="bbox 965 937 1745 972">
     <span class='ocr_line' id='line_1_79' title="bbox 965 937 1745 972; baseline 0.006 -9"><span class='ocrx_word' id='word_1_645' title='bbox 965 937 1114 971; x_wconf 82' lang='lat' dir='ltr'><strong>accepisset</strong></span> <span class='ocrx_word' id='word_1_646' title='bbox 1129 944 1144 964; x_wconf 88' lang='lat' dir='ltr'><strong>e</strong></span> <span class='ocrx_word' id='word_1_647' title='bbox 1161 942 1255 964; x_wconf 80' lang='lat' dir='ltr'><strong>sancta</strong></span> <span class='ocrx_word' id='word_1_648' title='bbox 1273 937 1394 972; x_wconf 77' lang='lat' dir='ltr'><strong>Virgine,</strong></span> <span class='ocrx_word' id='word_1_649' title='bbox 1409 938 1479 964; x_wconf 79' lang='lat' dir='ltr'><strong>dixit</strong></span> <span class='ocrx_word' id='word_1_650' title='bbox 1496 939 1528 965; x_wconf 81' lang='lat' dir='ltr'><strong>ad</strong></span> <span class='ocrx_word' id='word_1_651' title='bbox 1546 939 1722 968; x_wconf 84' lang='lat' dir='ltr'><strong>Nicodcmum</strong></span> <span class='ocrx_word' id='word_1_652' title='bbox 1739 951 1745 968; x_wconf 84' lang='lat'><strong>:</strong></span> 
     </span>
    </p>
   </div>
   <div class='ocr_carea' id='block_1_80' title="bbox 969 983 1748 1020">
    <p class='ocr_par' dir='ltr' id='par_1_80' title="bbox 969 983 1748 1020">
     <span class='ocr_line' id='line_1_80' title="bbox 969 983 1748 1020; baseline 0.008 -12"><span class='ocrx_word' id='word_1_653' title='bbox 969 992 977 1008; x_wconf 84' lang='grc' dir='ltr'><strong>ι</strong></span> <span class='ocrx_word' id='word_1_654' title='bbox 992 983 1019 1010; x_wconf 89' lang='lat' dir='ltr'><strong>Si</strong></span> <span class='ocrx_word' id='word_1_655' title='bbox 1034 989 1142 1011; x_wconf 84' lang='lat' dir='ltr'><strong>terrena</strong></span> <span class='ocrx_word' id='word_1_656' title='bbox 1161 983 1214 1010; x_wconf 79' lang='lat' dir='ltr'><strong>dixi</strong></span> <span class='ocrx_word' id='word_1_657' title='bbox 1236 983 1313 1010; x_wconf 87' lang='lat' dir='ltr'><strong>vobis</strong></span> <span class='ocrx_word' id='word_1_658' title='bbox 1325 988 1353 1010; x_wconf 83' lang='lat' dir='ltr'><strong>et</strong></span> <span class='ocrx_word' id='word_1_659' title='bbox 1369 991 1420 1010; x_wconf 88' lang='lat' dir='ltr'><strong>non</strong></span> <span class='ocrx_word' id='word_1_660' title='bbox 1444 984 1566 1017; x_wconf 83' lang='lat' dir='ltr'><strong>creditis,</strong></span> <span class='ocrx_word' id='word_1_661' title='bbox 1579 987 1713 1020; x_wconf 85' lang='lat' dir='ltr'><strong>quomodo</strong></span> <span class='ocrx_word' id='word_1_662' title='bbox 1726 988 1748 1014; x_wconf 89' lang='lat' dir='ltr'><strong>si</strong></span> 
     </span>
    </p>
   </div>
   <div class='ocr_carea' id='block_1_81' title="bbox 964 1029 1749 1061">
    <p class='ocr_par' dir='ltr' id='par_1_81' title="bbox 964 1029 1749 1061">
     <span class='ocr_line' id='line_1_81' title="bbox 964 1029 1749 1061; baseline 0.005 -5"><span class='ocrx_word' id='word_1_663' title='bbox 964 1029 1060 1057; x_wconf 80' lang='lat' dir='ltr'><strong>dixero</strong></span> <span class='ocrx_word' id='word_1_664' title='bbox 1075 1029 1151 1056; x_wconf 80' lang='lat' dir='ltr'><strong>vobis</strong></span> <span class='ocrx_word' id='word_1_665' title='bbox 1171 1029 1304 1061; x_wconf 66' lang='lat' dir='ltr'><strong>caelestia,</strong></span> <span class='ocrx_word' id='word_1_666' title='bbox 1324 1030 1459 1058; x_wconf 81' lang='lat' dir='ltr'><strong>credetis?</strong></span> <span class='ocrx_word' id='word_1_667' title='bbox 1476 1031 1510 1057; x_wconf 88' lang='lat' dir='ltr'><strong>Et</strong></span> <span class='ocrx_word' id='word_1_668' title='bbox 1523 1038 1602 1058; x_wconf 85' lang='lat' dir='ltr'><strong>nemo</strong></span> <span class='ocrx_word' id='word_1_669' title='bbox 1626 1033 1749 1060; x_wconf 84' lang='lat' dir='ltr'><strong>ascendit</strong></span> 
     </span>
    </p>
   </div>
   <div class='ocr_carea' id='block_1_82' title="bbox 967 1074 1747 1109">
    <p class='ocr_par' dir='ltr' id='par_1_82' title="bbox 967 1074 1747 1109">
     <span class='ocr_line' id='line_1_82' title="bbox 967 1074 1747 1109; baseline 0.006 -9"><span class='ocrx_word' id='word_1_670' title='bbox 967 1075 993 1101; x_wconf 89' lang='lat' dir='ltr'><strong>in</strong></span> <span class='ocrx_word' id='word_1_671' title='bbox 1014 1075 1125 1107; x_wconf 65' lang='lat' dir='ltr'><strong>caelum,</strong></span> <span class='ocrx_word' id='word_1_672' title='bbox 1149 1074 1199 1102; x_wconf 88' lang='lat' dir='ltr'><strong>nisi</strong></span> <span class='ocrx_word' id='word_1_673' title='bbox 1219 1075 1265 1109; x_wconf 89' lang='lat' dir='ltr'><strong>qui</strong></span> <span class='ocrx_word' id='word_1_674' title='bbox 1288 1076 1321 1102; x_wconf 89' lang='lat' dir='ltr'><strong>de</strong></span> <span class='ocrx_word' id='word_1_675' title='bbox 1342 1075 1412 1102; x_wconf 83' lang='lat' dir='ltr'><strong>coelo</strong></span> <span class='ocrx_word' id='word_1_676' title='bbox 1430 1077 1573 1104; x_wconf 84' lang='lat' dir='ltr'><strong>descendit</strong></span> <span class='ocrx_word' id='word_1_677' title='bbox 1593 1077 1676 1107; x_wconf 84' lang='lat' dir='ltr'><strong>Filius</strong></span> <span class='ocrx_word' id='word_1_678' title='bbox 1697 1079 1747 1105; x_wconf 84' lang='lat' dir='ltr'><strong>ho-</strong></span> 
     </span>
    </p>
   </div>
   <div class='ocr_carea' id='block_1_83' title="bbox 966 1120 1747 1158">
    <p class='ocr_par' dir='ltr' id='par_1_83' title="bbox 966 1120 1747 1158">
     <span class='ocr_line' id='line_1_83' title="bbox 966 1120 1747 1158; baseline 0.004 -10"><span class='ocrx_word' id='word_1_679' title='bbox 966 1121 1092 1154; x_wconf 75' lang='lat' dir='ltr'><strong>minis“;</strong></span> <span class='ocrx_word' id='word_1_680' title='bbox 1111 1130 1120 1146; x_wconf 80' lang='grc' dir='ltr'><strong>ι</strong></span> <span class='ocrx_word' id='word_1_681' title='bbox 1135 1121 1208 1156; x_wconf 86' lang='lat' dir='ltr'><strong>atqui</strong></span> <span class='ocrx_word' id='word_1_682' title='bbox 1225 1121 1374 1156; x_wconf 84' lang='lat' dir='ltr'><strong>appellatus</strong></span> <span class='ocrx_word' id='word_1_683' title='bbox 1389 1127 1430 1149; x_wconf 87' lang='lat' dir='ltr'><strong>est</strong></span> <span class='ocrx_word' id='word_1_684' title='bbox 1442 1120 1525 1150; x_wconf 79' lang='lat' dir='ltr'><strong>Filius</strong></span> <span class='ocrx_word' id='word_1_685' title='bbox 1536 1120 1665 1155; x_wconf 84' lang='lat' dir='ltr'><strong>hominis,</strong></span> <span class='ocrx_word' id='word_1_686' title='bbox 1679 1131 1747 1158; x_wconf 82' lang='lat' dir='ltr'><strong>qua-</strong></span> 
     </span>
    </p>
   </div>
   <div class='ocr_carea' id='block_1_84' title="bbox 965 1167 1749 1203">
    <p class='ocr_par' dir='ltr' id='par_1_84' title="bbox 965 1167 1749 1203">
     <span class='ocr_line' id='line_1_84' title="bbox 965 1167 1749 1203; baseline 0.004 -10"><span class='ocrx_word' id='word_1_687' title='bbox 965 1171 1044 1193; x_wconf 88' lang='lat' dir='ltr'><strong>tenus</strong></span> <span class='ocrx_word' id='word_1_688' title='bbox 1061 1172 1146 1194; x_wconf 81' lang='lat' dir='ltr'><strong>estex</strong></span> <span class='ocrx_word' id='word_1_689' title='bbox 1157 1167 1270 1193; x_wconf 88' lang='lat' dir='ltr'><strong>muliere</strong></span> <span class='ocrx_word' id='word_1_690' title='bbox 1283 1167 1430 1193; x_wconf 87' lang='lat' dir='ltr'><strong>secundum</strong></span> <span class='ocrx_word' id='word_1_691' title='bbox 1446 1174 1567 1194; x_wconf 83' lang='lat' dir='ltr'><strong>carnem.</strong></span> <span class='ocrx_word' id='word_1_692' title='bbox 1583 1167 1652 1200; x_wconf 82' lang='lat' dir='ltr'><strong>Quid</strong></span> <span class='ocrx_word' id='word_1_693' title='bbox 1666 1169 1749 1203; x_wconf 80' lang='lat' dir='ltr'><strong>ergo?</strong></span> 
     </span>
    </p>
   </div>
   <div class='ocr_carea' id='block_1_85' title="bbox 965 1213 1747 1246">
    <p class='ocr_par' dir='ltr' id='par_1_85' title="bbox 965 1213 1747 1246">
     <span class='ocr_line' id='line_1_85' title="bbox 965 1213 1747 1246; baseline 0.001 -7"><span class='ocrx_word' id='word_1_694' title='bbox 965 1213 1144 1240; x_wconf 87' lang='lat' dir='ltr'><strong>mentieturne</strong></span> <span class='ocrx_word' id='word_1_695' title='bbox 1186 1221 1247 1240; x_wconf 83' lang='lat' dir='ltr'><strong>cum</strong></span> <span class='ocrx_word' id='word_1_696' title='bbox 1275 1213 1351 1245; x_wconf 84' lang='lat' dir='ltr'><strong>dicit,</strong></span> <span class='ocrx_word' id='word_1_697' title='bbox 1374 1213 1471 1240; x_wconf 83' lang='lat' dir='ltr'><strong>Filium</strong></span> <span class='ocrx_word' id='word_1_698' title='bbox 1493 1214 1620 1245; x_wconf 87' lang='lat' dir='ltr'><strong>hominis,</strong></span> <span class='ocrx_word' id='word_1_699' title='bbox 1646 1215 1672 1241; x_wconf 89' lang='lat' dir='ltr'><strong>id</strong></span> <span class='ocrx_word' id='word_1_700' title='bbox 1694 1220 1747 1246; x_wconf 75' lang='lat' dir='ltr'><strong>est,</strong></span> 
     </span>
    </p>
   </div>
   <div class='ocr_carea' id='block_1_86' title="bbox 964 1259 1747 1293">
    <p class='ocr_par' dir='ltr' id='par_1_86' title="bbox 964 1259 1747 1293">
     <span class='ocr_line' id='line_1_86' title="bbox 964 1259 1747 1293; baseline 0.004 -9"><span class='ocrx_word' id='word_1_701' title='bbox 964 1259 1082 1293; x_wconf 83' lang='lat' dir='ltr'><strong>seipsum</strong></span> <span class='ocrx_word' id='word_1_702' title='bbox 1100 1259 1274 1286; x_wconf 84' lang='lat' dir='ltr'><strong>descendisse</strong></span> <span class='ocrx_word' id='word_1_703' title='bbox 1292 1259 1325 1286; x_wconf 89' lang='lat' dir='ltr'><strong>de</strong></span> <span class='ocrx_word' id='word_1_704' title='bbox 1345 1259 1434 1286; x_wconf 61' lang='lat' dir='ltr'><strong>caelo?</strong></span> <span class='ocrx_word' id='word_1_705' title='bbox 1450 1260 1520 1286; x_wconf 81' lang='lat' dir='ltr'><strong>absit</strong></span> <span class='ocrx_word' id='word_1_706' title='bbox 1533 1269 1538 1285; x_wconf 91' lang='lat'>:</span> <span class='ocrx_word' id='word_1_707' title='bbox 1551 1266 1591 1286; x_wconf 83' lang='lat' dir='ltr'><strong>est</strong></span> <span class='ocrx_word' id='word_1_708' title='bbox 1609 1261 1680 1287; x_wconf 85' lang='lat' dir='ltr'><strong>enim</strong></span> <span class='ocrx_word' id='word_1_709' title='bbox 1703 1261 1747 1288; x_wconf 80' lang='lat' dir='ltr'><strong>illa</strong></span> 
     </span>
    </p>
   </div>
   <div class='ocr_carea' id='block_1_87' title="bbox 963 1303 1748 1340">
    <p class='ocr_par' dir='ltr' id='par_1_87' title="bbox 963 1303 1748 1340">
     <span class='ocr_line' id='line_1_87' title="bbox 963 1303 1748 1340; baseline 0.003 -10"><span class='ocrx_word' id='word_1_710' title='bbox 963 1303 1021 1338; x_wconf 82' lang='lat' dir='ltr'><strong>ipsa</strong></span> <span class='ocrx_word' id='word_1_711' title='bbox 1040 1304 1152 1332; x_wconf 86' lang='lat' dir='ltr'><strong>veritas.</strong></span> <span class='ocrx_word' id='word_1_712' title='bbox 1171 1305 1311 1338; x_wconf 80' lang='lat' dir='ltr'><strong>Quomodo</strong></span> <span class='ocrx_word' id='word_1_713' title='bbox 1324 1305 1407 1339; x_wconf 80' lang='lat' dir='ltr'><strong>igitur</strong></span> <span class='ocrx_word' id='word_1_714' title='bbox 1422 1312 1539 1340; x_wconf 83' lang='lat' dir='ltr'><strong>superne</strong></span> <span class='ocrx_word' id='word_1_715' title='bbox 1560 1305 1644 1333; x_wconf 85' lang='lat' dir='ltr'><strong>Filius</strong></span> <span class='ocrx_word' id='word_1_716' title='bbox 1661 1307 1748 1334; x_wconf 87' lang='lat' dir='ltr'><strong>homi-</strong></span> 
     </span>
    </p>
   </div>
   <div class='ocr_carea' id='block_1_88' title="bbox 964 1350 1746 1387">
    <p class='ocr_par' dir='ltr' id='par_1_88' title="bbox 964 1350 1746 1387">
     <span class='ocr_line' id='line_1_88' title="bbox 964 1350 1746 1387; baseline 0.003 -10"><span class='ocrx_word' id='word_1_717' title='bbox 964 1350 1006 1377; x_wconf 90' lang='lat' dir='ltr'><strong>nis</strong></span> <span class='ocrx_word' id='word_1_718' title='bbox 1022 1350 1196 1378; x_wconf 83' lang='lat' dir='ltr'><strong>descendisse</strong></span> <span class='ocrx_word' id='word_1_719' title='bbox 1211 1350 1323 1386; x_wconf 74' lang='lat' dir='ltr'><strong>intelligi</strong></span> <span class='ocrx_word' id='word_1_720' title='bbox 1339 1352 1531 1379; x_wconf 87' lang='lat' dir='ltr'><strong>convcnienter</strong></span> <span class='ocrx_word' id='word_1_721' title='bbox 1551 1352 1659 1386; x_wconf 83' lang='lat' dir='ltr'><strong>potest?</strong></span> <span class='ocrx_word' id='word_1_722' title='bbox 1672 1353 1746 1387; x_wconf 73' lang='lat' dir='ltr'><strong>Quia.</strong></span> 
     </span>
    </p>
   </div>
   <div class='ocr_carea' id='block_1_89' title="bbox 963 1395 1748 1431">
    <p class='ocr_par' dir='ltr' id='par_1_89' title="bbox 963 1395 1748 1431">
     <span class='ocr_line' id='line_1_89' title="bbox 963 1395 1748 1431; baseline 0.003 -9"><span class='ocrx_word' id='word_1_723' title='bbox 963 1404 1023 1423; x_wconf 89' lang='lat' dir='ltr'><strong>cum</strong></span> <span class='ocrx_word' id='word_1_724' title='bbox 1040 1395 1110 1423; x_wconf 87' lang='lat' dir='ltr'><strong>Deus</strong></span> <span class='ocrx_word' id='word_1_725' title='bbox 1125 1400 1198 1423; x_wconf 80' lang='lat' dir='ltr'><strong>esset</strong></span> <span class='ocrx_word' id='word_1_726' title='bbox 1231 1395 1345 1423; x_wconf 87' lang='lat' dir='ltr'><strong>Verbum</strong></span> <span class='ocrx_word' id='word_1_727' title='bbox 1369 1401 1396 1423; x_wconf 88' lang='lat' dir='ltr'><strong>ct</strong></span> <span class='ocrx_word' id='word_1_728' title='bbox 1419 1404 1452 1423; x_wconf 78' lang='lat' dir='ltr'><strong>ex</strong></span> <span class='ocrx_word' id='word_1_729' title='bbox 1481 1396 1525 1423; x_wconf 86' lang='lat' dir='ltr'><strong>illa</strong></span> <span class='ocrx_word' id='word_1_730' title='bbox 1544 1404 1668 1431; x_wconf 88' lang='lat' dir='ltr'><strong>suprema</strong></span> <span class='ocrx_word' id='word_1_731' title='bbox 1688 1405 1748 1424; x_wconf 77' lang='lat' dir='ltr'><strong>ont—</strong></span> 
     </span>
    </p>
   </div>
   <div class='ocr_carea' id='block_1_90' title="bbox 964 1441 1746 1473">
    <p class='ocr_par' dir='ltr' id='par_1_90' title="bbox 964 1441 1746 1473">
     <span class='ocr_line' id='line_1_90' title="bbox 964 1441 1746 1473; baseline 0.005 -7"><span class='ocrx_word' id='word_1_732' title='bbox 964 1441 1038 1467; x_wconf 88' lang='lat' dir='ltr'><strong>nium</strong></span> <span class='ocrx_word' id='word_1_733' title='bbox 1055 1441 1182 1473; x_wconf 77' lang='lat' dir='ltr'><strong>essentia,</strong></span> <span class='ocrx_word' id='word_1_734' title='bbox 1198 1441 1373 1469; x_wconf 81' lang='lat' dir='ltr'><strong>descendisse</strong></span> <span class='ocrx_word' id='word_1_735' title='bbox 1384 1441 1483 1468; x_wconf 85' lang='lat' dir='ltr'><strong>dicitur</strong></span> <span class='ocrx_word' id='word_1_736' title='bbox 1496 1447 1523 1468; x_wconf 87' lang='lat' dir='ltr'><strong>et</strong></span> <span class='ocrx_word' id='word_1_737' title='bbox 1543 1442 1659 1469; x_wconf 82' lang='lat' dir='ltr'><strong>formam</strong></span> <span class='ocrx_word' id='word_1_738' title='bbox 1674 1444 1746 1470; x_wconf 79' lang='lat' dir='ltr'><strong>servi</strong></span> 
     </span>
    </p>
   </div>
   <div class='ocr_carea' id='block_1_91' title="bbox 964 1484 1746 1522">
    <p class='ocr_par' dir='ltr' id='par_1_91' title="bbox 964 1484 1746 1522">
     <span class='ocr_line' id='line_1_91' title="bbox 964 1484 1746 1522; baseline 0.005 -12"><span class='ocrx_word' id='word_1_739' title='bbox 964 1484 1113 1517; x_wconf 80' lang='lat' dir='ltr'><strong>accepisse.</strong></span> <span class='ocrx_word' id='word_1_740' title='bbox 1129 1484 1232 1511; x_wconf 84' lang='lat' dir='ltr'><strong>Deinde</strong></span> <span class='ocrx_word' id='word_1_741' title='bbox 1248 1485 1389 1512; x_wconf 84' lang='lat' dir='ltr'><strong>nobiseum</strong></span> <span class='ocrx_word' id='word_1_742' title='bbox 1410 1485 1531 1520; x_wconf 86' lang='lat' dir='ltr'><strong>loquitur</strong></span> <span class='ocrx_word' id='word_1_743' title='bbox 1545 1494 1597 1513; x_wconf 91' lang='lat' dir='ltr'><strong>non</strong></span> <span class='ocrx_word' id='word_1_744' title='bbox 1617 1492 1746 1522; x_wconf 84' lang='lat' dir='ltr'><strong>tanquam</strong></span> 
     </span>
    </p>
   </div>
   <div class='ocr_carea' id='block_1_92' title="bbox 964 1529 1745 1565">
    <p class='ocr_par' dir='ltr' id='par_1_92' title="bbox 964 1529 1745 1565">
     <span class='ocr_line' id='line_1_92' title="bbox 964 1529 1745 1565; baseline 0.008 -11"><span class='ocrx_word' id='word_1_745' title='bbox 964 1529 1063 1555; x_wconf 88' lang='lat' dir='ltr'><strong>nudum</strong></span> <span class='ocrx_word' id='word_1_746' title='bbox 1077 1529 1166 1555; x_wconf 78' lang='lat' dir='ltr'><strong>adhuc</strong></span> <span class='ocrx_word' id='word_1_747' title='bbox 1180 1529 1310 1561; x_wconf 78' lang='lat' dir='ltr'><strong>Verbum,</strong></span> <span class='ocrx_word' id='word_1_748' title='bbox 1325 1531 1371 1557; x_wconf 79' lang='lat' dir='ltr'><strong>sed</strong></span> <span class='ocrx_word' id='word_1_749' title='bbox 1390 1536 1516 1565; x_wconf 77' lang='lat' dir='ltr'><strong>tanquam</strong></span> <span class='ocrx_word' id='word_1_750' title='bbox 1534 1531 1614 1558; x_wconf 90' lang='lat' dir='ltr'><strong>homo</strong></span> <span class='ocrx_word' id='word_1_751' title='bbox 1627 1539 1642 1558; x_wconf 92' lang='lat' dir='ltr'><strong>e</strong></span> <span class='ocrx_word' id='word_1_752' title='bbox 1658 1533 1745 1564; x_wconf 88' lang='lat' dir='ltr'><strong>nobis,</strong></span> 
     </span>
    </p>
   </div>
   <div class='ocr_carea' id='block_1_93' title="bbox 962 1574 1741 1612">
    <p class='ocr_par' dir='ltr' id='par_1_93' title="bbox 962 1574 1741 1612">
     <span class='ocr_line' id='line_1_93' title="bbox 962 1574 1741 1612; baseline 0.008 -13"><span class='ocrx_word' id='word_1_753' title='bbox 962 1578 988 1600; x_wconf 88' lang='lat' dir='ltr'><strong>ct</strong></span> <span class='ocrx_word' id='word_1_754' title='bbox 1005 1575 1050 1608; x_wconf 89' lang='lat' dir='ltr'><strong>qui</strong></span> <span class='ocrx_word' id='word_1_755' title='bbox 1067 1582 1134 1601; x_wconf 88' lang='lat' dir='ltr'><strong>unus</strong></span> <span class='ocrx_word' id='word_1_756' title='bbox 1146 1574 1201 1608; x_wconf 87' lang='lat' dir='ltr'><strong>jam</strong></span> <span class='ocrx_word' id='word_1_757' title='bbox 1217 1583 1277 1602; x_wconf 87' lang='lat' dir='ltr'><strong>cum</strong></span> <span class='ocrx_word' id='word_1_758' title='bbox 1295 1576 1369 1602; x_wconf 75' lang='lat' dir='ltr'><strong>unita</strong></span> <span class='ocrx_word' id='word_1_759' title='bbox 1385 1577 1436 1603; x_wconf 83' lang='lat' dir='ltr'><strong>sibi</strong></span> <span class='ocrx_word' id='word_1_760' title='bbox 1460 1584 1542 1603; x_wconf 87' lang='lat' dir='ltr'><strong>carne</strong></span> <span class='ocrx_word' id='word_1_761' title='bbox 1564 1577 1741 1612; x_wconf 80' lang='lat' dir='ltr'><strong>intelligatur.</strong></span> 
     </span>
    </p>
   </div>
   <div class='ocr_carea' id='block_1_94' title="bbox 963 1619 1745 1657">
    <p class='ocr_par' dir='ltr' id='par_1_94' title="bbox 963 1619 1745 1657">
     <span class='ocr_line' id='line_1_94' title="bbox 963 1619 1745 1657; baseline 0.008 -12"><span class='ocrx_word' id='word_1_762' title='bbox 963 1619 997 1646; x_wconf 84' lang='lat' dir='ltr'><strong>Ut</strong></span> <span class='ocrx_word' id='word_1_763' title='bbox 1015 1626 1107 1646; x_wconf 80' lang='lat' dir='ltr'><strong>autem</strong></span> <span class='ocrx_word' id='word_1_764' title='bbox 1132 1625 1242 1655; x_wconf 82' lang='lat' dir='ltr'><strong>propter</strong></span> <span class='ocrx_word' id='word_1_765' title='bbox 1265 1621 1290 1647; x_wconf 92' lang='lat' dir='ltr'><strong>id</strong></span> <span class='ocrx_word' id='word_1_766' title='bbox 1314 1622 1385 1655; x_wconf 89' lang='lat' dir='ltr'><strong>quod</strong></span> <span class='ocrx_word' id='word_1_767' title='bbox 1402 1622 1578 1650; x_wconf 86' lang='lat' dir='ltr'><strong>exinanitioni</strong></span> <span class='ocrx_word' id='word_1_768' title='bbox 1598 1624 1745 1657; x_wconf 86' lang='lat' dir='ltr'><strong>convenit,</strong></span> 
     </span>
    </p>
   </div>
   <div class='ocr_carea' id='block_1_95' title="bbox 961 1667 1742 1703">
    <p class='ocr_par' dir='ltr' id='par_1_95' title="bbox 961 1667 1742 1703">
     <span class='ocr_line' id='line_1_95' title="bbox 961 1667 1742 1703; baseline 0.005 -11"><span class='ocrx_word' id='word_1_769' title='bbox 961 1667 1052 1693; x_wconf 84' lang='lat' dir='ltr'><strong>omnia</strong></span> <span class='ocrx_word' id='word_1_770' title='bbox 1068 1675 1109 1693; x_wconf 83' lang='lat' dir='ltr'><strong>stu</strong></span> <span class='ocrx_word' id='word_1_771' title='bbox 1126 1667 1248 1700; x_wconf 82' lang='lat' dir='ltr'><strong>corporis</strong></span> <span class='ocrx_word' id='word_1_772' title='bbox 1265 1671 1392 1702; x_wconf 84' lang='lat' dir='ltr'><strong>tanquam</strong></span> <span class='ocrx_word' id='word_1_773' title='bbox 1410 1669 1460 1695; x_wconf 87' lang='lat' dir='ltr'><strong>sibi</strong></span> <span class='ocrx_word' id='word_1_774' title='bbox 1477 1669 1584 1703; x_wconf 76' lang='lat' dir='ltr'><strong>propria</strong></span> <span class='ocrx_word' id='word_1_775' title='bbox 1611 1669 1742 1702; x_wconf 81' lang='lat' dir='ltr'><strong>vindicat,</strong></span> 
     </span>
    </p>
   </div>
   <div class='ocr_carea' id='block_1_96' title="bbox 962 1712 1744 1750">
    <p class='ocr_par' dir='ltr' id='par_1_96' title="bbox 962 1712 1744 1750">
     <span class='ocr_line' id='line_1_96' title="bbox 962 1712 1744 1750; baseline 0.008 -12"><span class='ocrx_word' id='word_1_776' title='bbox 962 1712 1026 1739; x_wconf 82' lang='lat' dir='ltr'><strong>licet</strong></span> <span class='ocrx_word' id='word_1_777' title='bbox 1039 1719 1072 1738; x_wconf 81' lang='lat' dir='ltr'><strong>ex</strong></span> <span class='ocrx_word' id='word_1_778' title='bbox 1100 1718 1195 1738; x_wconf 83' lang='lat' dir='ltr'><strong>natura</strong></span> <span class='ocrx_word' id='word_1_779' title='bbox 1223 1713 1258 1739; x_wconf 83' lang='lat' dir='ltr'><strong>sit</strong></span> <span class='ocrx_word' id='word_1_780' title='bbox 1281 1713 1475 1747; x_wconf 82' lang='lat' dir='ltr'><strong>incorporeus;</strong></span> <span class='ocrx_word' id='word_1_781' title='bbox 1498 1714 1534 1741; x_wconf 80' lang='lat' dir='ltr'><strong>ita</strong></span> <span class='ocrx_word' id='word_1_782' title='bbox 1561 1723 1667 1750; x_wconf 87' lang='lat' dir='ltr'><strong>quoque</strong></span> <span class='ocrx_word' id='word_1_783' title='bbox 1683 1723 1744 1744; x_wconf 85' lang='lat' dir='ltr'><strong>cum</strong></span> 
     </span>
    </p>
   </div>
   <div class='ocr_carea' id='block_1_97' title="bbox 963 1757 1745 1796">
    <p class='ocr_par' dir='ltr' id='par_1_97' title="bbox 963 1757 1745 1796">
     <span class='ocr_line' id='line_1_97' title="bbox 963 1757 1745 1796; baseline 0.009 -13"><span class='ocrx_word' id='word_1_784' title='bbox 963 1757 1022 1791; x_wconf 87' lang='lat' dir='ltr'><strong>ipse</strong></span> <span class='ocrx_word' id='word_1_785' title='bbox 1037 1766 1154 1792; x_wconf 86' lang='lat' dir='ltr'><strong>superne</strong></span> <span class='ocrx_word' id='word_1_786' title='bbox 1170 1759 1206 1786; x_wconf 83' lang='lat' dir='ltr'><strong>sit</strong></span> <span class='ocrx_word' id='word_1_787' title='bbox 1222 1764 1250 1786; x_wconf 83' lang='lat' dir='ltr'><strong>et</strong></span> <span class='ocrx_word' id='word_1_788' title='bbox 1267 1766 1282 1785; x_wconf 87' lang='lat' dir='ltr'><strong>e</strong></span> <span class='ocrx_word' id='word_1_789' title='bbox 1299 1759 1378 1792; x_wconf 67' lang='lat' dir='ltr'><strong>malo,</strong></span> <span class='ocrx_word' id='word_1_790' title='bbox 1397 1761 1447 1787; x_wconf 90' lang='lat' dir='ltr'><strong>hoc</strong></span> <span class='ocrx_word' id='word_1_791' title='bbox 1464 1761 1550 1794; x_wconf 89' lang='lat' dir='ltr'><strong>ipsum</strong></span> <span class='ocrx_word' id='word_1_792' title='bbox 1566 1769 1681 1796; x_wconf 77' lang='lat' dir='ltr'><strong>superne</strong></span> <span class='ocrx_word' id='word_1_793' title='bbox 1697 1770 1745 1790; x_wconf 74' lang='lat' dir='ltr'><strong>re-</strong></span> 
     </span>
    </p>
   </div>
   <div class='ocr_carea' id='block_1_98' title="bbox 963 1803 1745 1840">
    <p class='ocr_par' dir='ltr' id='par_1_98' title="bbox 963 1803 1745 1840">
     <span class='ocr_line' id='line_1_98' title="bbox 963 1803 1745 1840; baseline 0.009 -12"><span class='ocrx_word' id='word_1_794' title='bbox 963 1803 1021 1829; x_wconf 88' lang='lat' dir='ltr'><strong>nire</strong></span> <span class='ocrx_word' id='word_1_795' title='bbox 1039 1803 1090 1829; x_wconf 89' lang='lat' dir='ltr'><strong>sibi</strong></span> <span class='ocrx_word' id='word_1_796' title='bbox 1109 1803 1159 1837; x_wconf 83' lang='lat' dir='ltr'><strong>ipsi</strong></span> <span class='ocrx_word' id='word_1_797' title='bbox 1176 1811 1282 1831; x_wconf 88' lang='lat' dir='ltr'><strong>rnrsmn</strong></span> <span class='ocrx_word' id='word_1_798' title='bbox 1299 1805 1393 1831; x_wconf 85' lang='lat' dir='ltr'><strong>tribuit</strong></span> <span class='ocrx_word' id='word_1_799' title='bbox 1416 1809 1471 1832; x_wconf 91' lang='lat' dir='ltr'><strong>tum</strong></span> <span class='ocrx_word' id='word_1_800' title='bbox 1493 1813 1600 1840; x_wconf 86' lang='lat' dir='ltr'><strong>quoque</strong></span> <span class='ocrx_word' id='word_1_801' title='bbox 1617 1815 1677 1834; x_wconf 87' lang='lat' dir='ltr'><strong>ctnn</strong></span> <span class='ocrx_word' id='word_1_802' title='bbox 1702 1808 1745 1835; x_wconf 78' lang='lat' dir='ltr'><strong>fa-</strong></span> 
     </span>
    </p>
   </div>
   <div class='ocr_carea' id='block_1_99' title="bbox 962 1850 1744 1882">
    <p class='ocr_par' dir='ltr' id='par_1_99' title="bbox 962 1850 1744 1882">
     <span class='ocr_line' id='line_1_99' title="bbox 962 1850 1744 1882; baseline 0.006 -7"><span class='ocrx_word' id='word_1_803' title='bbox 962 1853 1022 1876; x_wconf 84' lang='lat' dir='ltr'><strong>ctus</strong></span> <span class='ocrx_word' id='word_1_804' title='bbox 1035 1855 1076 1876; x_wconf 89' lang='lat' dir='ltr'><strong>est</strong></span> <span class='ocrx_word' id='word_1_805' title='bbox 1094 1850 1185 1882; x_wconf 85' lang='lat' dir='ltr'><strong>homo,</strong></span> <span class='ocrx_word' id='word_1_806' title='bbox 1202 1850 1264 1877; x_wconf 89' lang='lat' dir='ltr'><strong>licet</strong></span> <span class='ocrx_word' id='word_1_807' title='bbox 1291 1855 1370 1877; x_wconf 86' lang='lat' dir='ltr'><strong>natus</strong></span> <span class='ocrx_word' id='word_1_808' title='bbox 1393 1851 1427 1878; x_wconf 88' lang='lat' dir='ltr'><strong>sit</strong></span> <span class='ocrx_word' id='word_1_809' title='bbox 1443 1851 1581 1879; x_wconf 89' lang='lat' dir='ltr'><strong>nobiscum</strong></span> <span class='ocrx_word' id='word_1_810' title='bbox 1598 1854 1744 1881; x_wconf 86' lang='lat' dir='ltr'><strong>secundum</strong></span> 
     </span>
    </p>
   </div>
   <div class='ocr_carea' id='block_1_100' title="bbox 962 1894 1744 1933">
    <p class='ocr_par' dir='ltr' id='par_1_100' title="bbox 962 1894 1744 1933">
     <span class='ocr_line' id='line_1_100' title="bbox 962 1894 1744 1933; baseline 0.005 -13"><span class='ocrx_word' id='word_1_811' title='bbox 962 1901 1070 1921; x_wconf 84' lang='lat' dir='ltr'><strong>carnem</strong></span> <span class='ocrx_word' id='word_1_812' title='bbox 1081 1902 1112 1922; x_wconf 83' lang='lat' dir='ltr'><strong>ex</strong></span> <span class='ocrx_word' id='word_1_813' title='bbox 1128 1896 1251 1922; x_wconf 78' lang='lat' dir='ltr'><strong>muliere.</strong></span> <span class='ocrx_word' id='word_1_814' title='bbox 1265 1894 1346 1922; x_wconf 80' lang='lat' dir='ltr'><strong>Facta</strong></span> <span class='ocrx_word' id='word_1_815' title='bbox 1361 1901 1425 1922; x_wconf 89' lang='lat' dir='ltr'><strong>sunt</strong></span> <span class='ocrx_word' id='word_1_816' title='bbox 1438 1896 1518 1930; x_wconf 82' lang='lat' dir='ltr'><strong>igitur</strong></span> <span class='ocrx_word' id='word_1_817' title='bbox 1532 1897 1611 1925; x_wconf 85' lang='lat' dir='ltr'><strong>Verbi</strong></span> <span class='ocrx_word' id='word_1_818' title='bbox 1625 1900 1744 1933; x_wconf 67' lang='lat' dir='ltr'><strong>propri“,</strong></span> 
     </span>
    </p>
   </div>
   <div class='ocr_carea' id='block_1_101' title="bbox 962 1940 1746 1976">
    <p class='ocr_par' dir='ltr' id='par_1_101' title="bbox 962 1940 1746 1976">
     <span class='ocr_line' id='line_1_101' title="bbox 962 1940 1746 1976; baseline 0.005 -10"><span class='ocrx_word' id='word_1_819' title='bbox 962 1947 1020 1973; x_wconf 65' lang='lat' dir='ltr'><strong>quae</strong></span> <span class='ocrx_word' id='word_1_820' title='bbox 1050 1945 1110 1966; x_wconf 86' lang='lat' dir='ltr'><strong>sunt</strong></span> <span class='ocrx_word' id='word_1_821' title='bbox 1148 1940 1350 1972; x_wconf 87' lang='lat' dir='ltr'><strong>humanitatis,</strong></span> <span class='ocrx_word' id='word_1_822' title='bbox 1383 1948 1544 1976; x_wconf 86' lang='lat' dir='ltr'><strong>rursumque</strong></span> <span class='ocrx_word' id='word_1_823' title='bbox 1569 1942 1746 1970; x_wconf 74' lang='lat' dir='ltr'><strong>humanitatis</strong></span> 
     </span>
    </p>
   </div>
   <div class='ocr_carea' id='block_1_102' title="bbox 964 1984 1746 2021">
    <p class='ocr_par' dir='ltr' id='par_1_102' title="bbox 964 1984 1746 2021">
     <span class='ocr_line' id='line_1_102' title="bbox 964 1984 1746 2021; baseline 0.006 -11"><span class='ocrx_word' id='word_1_824' title='bbox 964 1984 1086 2017; x_wconf 84' lang='lat' dir='ltr'><strong>propria,</strong></span> <span class='ocrx_word' id='word_1_825' title='bbox 1101 1992 1161 2019; x_wconf 80' lang='lat' dir='ltr'><strong>qua:</strong></span> <span class='ocrx_word' id='word_1_826' title='bbox 1176 1989 1238 2012; x_wconf 90' lang='lat' dir='ltr'><strong>sunt</strong></span> <span class='ocrx_word' id='word_1_827' title='bbox 1258 1985 1342 2019; x_wconf 86' lang='lat' dir='ltr'><strong>ipsius</strong></span> <span class='ocrx_word' id='word_1_828' title='bbox 1362 1984 1453 2012; x_wconf 88' lang='lat' dir='ltr'><strong>Verbi.</strong></span> <span class='ocrx_word' id='word_1_829' title='bbox 1479 1985 1525 2013; x_wconf 87' lang='lat' dir='ltr'><strong>Sic</strong></span> <span class='ocrx_word' id='word_1_830' title='bbox 1541 1994 1658 2021; x_wconf 86' lang='lat' dir='ltr'><strong>namque</strong></span> <span class='ocrx_word' id='word_1_831' title='bbox 1677 1996 1746 2015; x_wconf 84' lang='lat' dir='ltr'><strong>llltllS</strong></span> 
     </span>
    </p>
   </div>
   <div class='ocr_carea' id='block_1_103' title="bbox 961 2030 1746 2068">
    <p class='ocr_par' dir='ltr' id='par_1_103' title="bbox 961 2030 1746 2068">
     <span class='ocr_line' id='line_1_103' title="bbox 961 2030 1746 2068; baseline 0.004 -11"><span class='ocrx_word' id='word_1_832' title='bbox 961 2030 1087 2057; x_wconf 84' lang='lat' dir='ltr'><strong>Christus</strong></span> <span class='ocrx_word' id='word_1_833' title='bbox 1104 2036 1131 2056; x_wconf 79' lang='lat' dir='ltr'><strong>ct</strong></span> <span class='ocrx_word' id='word_1_834' title='bbox 1143 2030 1227 2057; x_wconf 85' lang='lat' dir='ltr'><strong>Filius</strong></span> <span class='ocrx_word' id='word_1_835' title='bbox 1242 2035 1269 2058; x_wconf 87' lang='lat' dir='ltr'><strong>et</strong></span> <span class='ocrx_word' id='word_1_836' title='bbox 1287 2030 1417 2058; x_wconf 90' lang='lat' dir='ltr'><strong>Dominus</strong></span> <span class='ocrx_word' id='word_1_837' title='bbox 1431 2031 1602 2067; x_wconf 75' lang='lat' dir='ltr'><strong>intelligitur.</strong></span> <span class='ocrx_word' id='word_1_838' title='bbox 1618 2033 1672 2060; x_wconf 89' lang='lat' dir='ltr'><strong>Sed</strong></span> <span class='ocrx_word' id='word_1_839' title='bbox 1682 2034 1746 2068; x_wconf 80' lang='lat' dir='ltr'><strong>quin</strong></span> 
     </span>
    </p>
   </div>
   <div class='ocr_carea' id='block_1_104' title="bbox 962 2075 1744 2113">
    <p class='ocr_par' dir='ltr' id='par_1_104' title="bbox 962 2075 1744 2113">
     <span class='ocr_line' id='line_1_104' title="bbox 962 2075 1744 2113; baseline 0.005 -11"><span class='ocrx_word' id='word_1_840' title='bbox 962 2076 1006 2103; x_wconf 89' lang='lat' dir='ltr'><strong>hic</strong></span> <span class='ocrx_word' id='word_1_841' title='bbox 1014 2081 1126 2102; x_wconf 79' lang='lat' dir='ltr'><strong>novator</strong></span> <span class='ocrx_word' id='word_1_842' title='bbox 1135 2075 1248 2110; x_wconf 86' lang='lat' dir='ltr'><strong>adjecit:</strong></span> <span class='ocrx_word' id='word_1_843' title='bbox 1260 2077 1378 2104; x_wconf 73' lang='lat' dir='ltr'><strong>«Similis</strong></span> <span class='ocrx_word' id='word_1_844' title='bbox 1387 2077 1514 2105; x_wconf 83' lang='lat' dir='ltr'><strong>fratribus</strong></span> <span class='ocrx_word' id='word_1_845' title='bbox 1529 2086 1577 2113; x_wconf 88' lang='lat' dir='ltr'><strong>per</strong></span> <span class='ocrx_word' id='word_1_846' title='bbox 1587 2080 1678 2106; x_wconf 88' lang='lat' dir='ltr'><strong>omnia</strong></span> <span class='ocrx_word' id='word_1_847' title='bbox 1694 2081 1727 2112; x_wconf 71' lang='grc' dir='ltr'><strong>δ”,</strong></span> <span class='ocrx_word' id='word_1_848' title='bbox 1735 2090 1744 2106; x_wconf 74' lang='grc' dir='ltr'><strong>ι</strong></span> 
     </span>
    </p>
   </div>
   <div class='ocr_carea' id='block_1_105' title="bbox 961 2121 1745 2159">
    <p class='ocr_par' dir='ltr' id='par_1_105' title="bbox 961 2121 1745 2159">
     <span class='ocr_line' id='line_1_105' title="bbox 961 2121 1745 2159; baseline 0.006 -12"><span class='ocrx_word' id='word_1_849' title='bbox 961 2122 1005 2155; x_wconf 85' lang='lat' dir='ltr'><strong>qui</strong></span> <span class='ocrx_word' id='word_1_850' title='bbox 1016 2122 1138 2148; x_wconf 68' lang='lat' dir='ltr'><strong>humanm</strong></span> <span class='ocrx_word' id='word_1_851' title='bbox 1149 2121 1244 2149; x_wconf 75' lang='lat' dir='ltr'><strong>animae</strong></span> <span class='ocrx_word' id='word_1_852' title='bbox 1255 2123 1399 2156; x_wconf 85' lang='lat' dir='ltr'><strong>carnisque</strong></span> <span class='ocrx_word' id='word_1_853' title='bbox 1412 2123 1609 2151; x_wconf 83' lang='lat' dir='ltr'><strong>fraternitatem</strong></span> <span class='ocrx_word' id='word_1_854' title='bbox 1616 2125 1745 2159; x_wconf 82' lang='lat' dir='ltr'><strong>suscepit.</strong></span> 
     </span>
    </p>
   </div>
   <div class='ocr_carea' id='block_1_106' title="bbox 962 2167 1745 2201">
    <p class='ocr_par' dir='ltr' id='par_1_106' title="bbox 962 2167 1745 2201">
     <span class='ocr_line' id='line_1_106' title="bbox 962 2167 1745 2201; baseline 0.005 -8"><span class='ocrx_word' id='word_1_855' title='bbox 962 2175 1014 2194; x_wconf 92' lang='lat' dir='ltr'><strong>non</strong></span> <span class='ocrx_word' id='word_1_856' title='bbox 1037 2167 1081 2193; x_wconf 87' lang='lat' dir='ltr'><strong>ille</strong></span> <span class='ocrx_word' id='word_1_857' title='bbox 1109 2175 1154 2201; x_wconf 78' lang='lat' dir='ltr'><strong>qui</strong></span> <span class='ocrx_word' id='word_1_858' title='bbox 1180 2168 1247 2194; x_wconf 79' lang='lat' dir='ltr'><strong>dixit</strong></span> <span class='ocrx_word' id='word_1_859' title='bbox 1272 2175 1306 2194; x_wconf 78' lang='grc' dir='ltr'><strong>ει</strong></span> <span class='ocrx_word' id='word_1_860' title='bbox 1323 2168 1373 2201; x_wconf 86' lang='lat' dir='ltr'><strong>Qui</strong></span> <span class='ocrx_word' id='word_1_861' title='bbox 1395 2169 1461 2195; x_wconf 90' lang='lat' dir='ltr'><strong>vidit</strong></span> <span class='ocrx_word' id='word_1_862' title='bbox 1478 2176 1531 2201; x_wconf 84' lang='lat' dir='ltr'><strong>me.</strong></span> <span class='ocrx_word' id='word_1_863' title='bbox 1550 2170 1619 2196; x_wconf 86' lang='lat' dir='ltr'><strong>vidit</strong></span> <span class='ocrx_word' id='word_1_864' title='bbox 1642 2175 1668 2197; x_wconf 91' lang='lat' dir='ltr'><strong>et</strong></span> <span class='ocrx_word' id='word_1_865' title='bbox 1692 2170 1745 2197; x_wconf 80' lang='lat' dir='ltr'><strong>Pa~</strong></span> 
     </span>
    </p>
   </div>
   <div class='ocr_carea' id='block_1_107' title="bbox 964 2213 1747 2248">
    <p class='ocr_par' dir='ltr' id='par_1_107' title="bbox 964 2213 1747 2248">
     <span class='ocr_line' id='line_1_107' title="bbox 964 2213 1747 2248; baseline 0.005 -9"><span class='ocrx_word' id='word_1_866' title='bbox 964 2218 1031 2240; x_wconf 80' lang='lat' dir='ltr'><strong>trem</strong></span> <span class='ocrx_word' id='word_1_867' title='bbox 1044 2213 1065 2228; x_wconf 80' lang='grc'><strong>³⁷</strong></span> <span class='ocrx_word' id='word_1_868' title='bbox 1076 2221 1083 2240; x_wconf 87' lang='lat'><strong>:</strong></span> <span class='ocrx_word' id='word_1_869' title='bbox 1096 2223 1104 2238; x_wconf 78' lang='grc' dir='ltr'><strong>ι</strong></span> <span class='ocrx_word' id='word_1_870' title='bbox 1120 2221 1170 2247; x_wconf 86' lang='lat' dir='ltr'><strong>age</strong></span> <span class='ocrx_word' id='word_1_871' title='bbox 1180 2213 1237 2248; x_wconf 79' lang='lat' dir='ltr'><strong>jam</strong></span> <span class='ocrx_word' id='word_1_872' title='bbox 1255 2222 1348 2241; x_wconf 88' lang='lat' dir='ltr'><strong>rursus</strong></span> <span class='ocrx_word' id='word_1_873' title='bbox 1363 2214 1426 2248; x_wconf 83' lang='lat' dir='ltr'><strong>quid</strong></span> <span class='ocrx_word' id='word_1_874' title='bbox 1441 2215 1547 2242; x_wconf 84' lang='lat' dir='ltr'><strong>tandem</strong></span> <span class='ocrx_word' id='word_1_875' title='bbox 1560 2215 1587 2242; x_wconf 79' lang='lat' dir='ltr'><strong>in</strong></span> <span class='ocrx_word' id='word_1_876' title='bbox 1604 2215 1645 2243; x_wconf 87' lang='lat' dir='ltr'><strong>his</strong></span> <span class='ocrx_word' id='word_1_877' title='bbox 1658 2216 1747 2243; x_wconf 81' lang='lat' dir='ltr'><strong>verbis</strong></span> 
     </span>
    </p>
   </div>
   <div class='ocr_carea' id='block_1_108' title="bbox 963 2259 1746 2292">
    <p class='ocr_par' dir='ltr' id='par_1_108' title="bbox 963 2259 1746 2292">
     <span class='ocr_line' id='line_1_108' title="bbox 963 2259 1746 2292; baseline 0.005 -7"><span class='ocrx_word' id='word_1_878' title='bbox 963 2259 1015 2285; x_wconf 89' lang='lat' dir='ltr'><strong>sibi</strong></span> <span class='ocrx_word' id='word_1_879' title='bbox 1029 2259 1104 2292; x_wconf 81' lang='lat' dir='ltr'><strong>velit,</strong></span> <span class='ocrx_word' id='word_1_880' title='bbox 1121 2264 1149 2286; x_wconf 92' lang='lat' dir='ltr'><strong>ut</strong></span> <span class='ocrx_word' id='word_1_881' title='bbox 1165 2259 1256 2286; x_wconf 90' lang='lat' dir='ltr'><strong>licebit</strong></span> <span class='ocrx_word' id='word_1_882' title='bbox 1271 2260 1484 2287; x_wconf 86' lang='lat' dir='ltr'><strong>consideremus.</strong></span> <span class='ocrx_word' id='word_1_883' title='bbox 1500 2261 1540 2288; x_wconf 84' lang='lat' dir='ltr'><strong>Ac</strong></span> <span class='ocrx_word' id='word_1_884' title='bbox 1565 2261 1663 2288; x_wconf 90' lang='lat' dir='ltr'><strong>Filium</strong></span> <span class='ocrx_word' id='word_1_885' title='bbox 1686 2269 1746 2289; x_wconf 85' lang='lat' dir='ltr'><strong>esse</strong></span> 
     </span>
    </p>
   </div>
   <div class='ocr_carea' id='block_1_109' title="bbox 963 2305 1746 2341">
    <p class='ocr_par' dir='ltr' id='par_1_109' title="bbox 963 2305 1746 2341">
     <span class='ocr_line' id='line_1_109' title="bbox 963 2305 1746 2341; baseline 0.001 -9"><span class='ocrx_word' id='word_1_886' title='bbox 963 2305 1009 2332; x_wconf 89' lang='lat' dir='ltr'><strong>Dei</strong></span> <span class='ocrx_word' id='word_1_887' title='bbox 1025 2312 1053 2332; x_wconf 86' lang='lat' dir='ltr'><strong>et</strong></span> <span class='ocrx_word' id='word_1_888' title='bbox 1063 2305 1152 2333; x_wconf 86' lang='lat' dir='ltr'><strong>Patris</strong></span> <span class='ocrx_word' id='word_1_889' title='bbox 1168 2306 1312 2340; x_wconf 84' lang='lat' dir='ltr'><strong>imaginem</strong></span> <span class='ocrx_word' id='word_1_890' title='bbox 1324 2311 1351 2332; x_wconf 91' lang='lat' dir='ltr'><strong>et</strong></span> <span class='ocrx_word' id='word_1_891' title='bbox 1369 2306 1494 2340; x_wconf 81' lang='lat' dir='ltr'><strong>ﬁgurato,</strong></span> <span class='ocrx_word' id='word_1_892' title='bbox 1507 2306 1564 2339; x_wconf 85' lang='lat' dir='ltr'><strong>ipse</strong></span> <span class='ocrx_word' id='word_1_893' title='bbox 1579 2313 1686 2341; x_wconf 88' lang='lat' dir='ltr'><strong>quoque</strong></span> <span class='ocrx_word' id='word_1_894' title='bbox 1704 2306 1746 2333; x_wconf 83' lang='lat' dir='ltr'><strong>fa-</strong></span> 
     </span>
    </p>
   </div>
   <div class='ocr_carea' id='block_1_110' title="bbox 963 2351 1746 2386">
    <p class='ocr_par' dir='ltr' id='par_1_110' title="bbox 963 2351 1746 2386">
     <span class='ocr_line' id='line_1_110' title="bbox 963 2351 1746 2386; baseline 0.001 -9"><span class='ocrx_word' id='word_1_895' title='bbox 963 2355 1035 2378; x_wconf 88' lang='lat' dir='ltr'><strong>tetur</strong></span> <span class='ocrx_word' id='word_1_896' title='bbox 1049 2359 1055 2376; x_wconf 91' lang='lat'>:</span> <span class='ocrx_word' id='word_1_897' title='bbox 1073 2351 1199 2386; x_wconf 87' lang='lat' dir='ltr'><strong>quisquis</strong></span> <span class='ocrx_word' id='word_1_898' title='bbox 1216 2359 1298 2386; x_wconf 86' lang='lat' dir='ltr'><strong>porro</strong></span> <span class='ocrx_word' id='word_1_899' title='bbox 1315 2352 1438 2378; x_wconf 83' lang='lat' dir='ltr'><strong>humame</strong></span> <span class='ocrx_word' id='word_1_900' title='bbox 1456 2351 1554 2377; x_wconf 78' lang='lat' dir='ltr'><strong>anima:</strong></span> <span class='ocrx_word' id='word_1_901' title='bbox 1571 2351 1746 2385; x_wconf 79' lang='lat' dir='ltr'><strong>corporisque</strong></span> 
     </span>
    </p>
   </div>
   <div class='ocr_carea' id='block_1_111' title="bbox 964 2396 1746 2431">
    <p class='ocr_par' dir='ltr' id='par_1_111' title="bbox 964 2396 1746 2431">
     <span class='ocr_line' id='line_1_111' title="bbox 964 2396 1746 2431; baseline -0.003 -7"><span class='ocrx_word' id='word_1_902' title='bbox 964 2397 1163 2424; x_wconf 73' lang='lat' dir='ltr'><strong>fraternitatem</strong></span> <span class='ocrx_word' id='word_1_903' title='bbox 1190 2397 1341 2431; x_wconf 88' lang='lat' dir='ltr'><strong>susceperit</strong></span> <span class='ocrx_word' id='word_1_904' title='bbox 1355 2416 1362 2428; x_wconf 86' lang='lat'><strong>,</strong></span> <span class='ocrx_word' id='word_1_905' title='bbox 1387 2396 1458 2423; x_wconf 83' lang='lat' dir='ltr'><strong>illam</strong></span> <span class='ocrx_word' id='word_1_906' title='bbox 1470 2396 1573 2423; x_wconf 87' lang='lat' dir='ltr'><strong>scilicet</strong></span> <span class='ocrx_word' id='word_1_907' title='bbox 1586 2403 1637 2430; x_wconf 84' lang='lat' dir='ltr'><strong>qua</strong></span> <span class='ocrx_word' id='word_1_908' title='bbox 1655 2396 1746 2424; x_wconf 84' lang='lat' dir='ltr'><strong>nobis-</strong></span> 
     </span>
    </p>
   </div>
   <div class='ocr_carea' id='block_1_112' title="bbox 963 2441 1745 2478">
    <p class='ocr_par' dir='ltr' id='par_1_112' title="bbox 963 2441 1745 2478">
     <span class='ocr_line' id='line_1_112' title="bbox 963 2441 1745 2478; baseline -0.001 -9"><span class='ocrx_word' id='word_1_909' title='bbox 963 2450 1024 2469; x_wconf 88' lang='lat' dir='ltr'><strong>cum</strong></span> <span class='ocrx_word' id='word_1_910' title='bbox 1046 2441 1179 2478; x_wconf 84' lang='lat' dir='ltr'><strong>jungitur,</strong></span> <span class='ocrx_word' id='word_1_911' title='bbox 1200 2443 1313 2477; x_wconf 89' lang='lat' dir='ltr'><strong>prodeat</strong></span> <span class='ocrx_word' id='word_1_912' title='bbox 1345 2450 1377 2468; x_wconf 92' lang='lat' dir='ltr'><strong>ac</strong></span> <span class='ocrx_word' id='word_1_913' title='bbox 1395 2443 1477 2468; x_wconf 89' lang='lat' dir='ltr'><strong>dicat.</strong></span> <span class='ocrx_word' id='word_1_914' title='bbox 1499 2441 1641 2476; x_wconf 85' lang='lat' dir='ltr'><strong>Nunquam</strong></span> <span class='ocrx_word' id='word_1_915' title='bbox 1673 2442 1745 2468; x_wconf 90' lang='lat' dir='ltr'><strong>enim</strong></span> 
     </span>
    </p>
   </div>
   <div class='ocr_carea' id='block_1_113' title="bbox 963 2487 1747 2522">
    <p class='ocr_par' dir='ltr' id='par_1_113' title="bbox 963 2487 1747 2522">
     <span class='ocr_line' id='line_1_113' title="bbox 963 2487 1747 2522; baseline -0.001 -8"><span class='ocrx_word' id='word_1_916' title='bbox 963 2488 1105 2522; x_wconf 85' lang='lat' dir='ltr'><strong>quisquam</strong></span> <span class='ocrx_word' id='word_1_917' title='bbox 1130 2487 1218 2519; x_wconf 87' lang='lat' dir='ltr'><strong>dicet,</strong></span> <span class='ocrx_word' id='word_1_918' title='bbox 1238 2487 1374 2514; x_wconf 89' lang='lat' dir='ltr'><strong>hominem</strong></span> <span class='ocrx_word' id='word_1_919' title='bbox 1398 2487 1444 2521; x_wconf 90' lang='lat' dir='ltr'><strong>qui</strong></span> <span class='ocrx_word' id='word_1_920' title='bbox 1466 2487 1550 2513; x_wconf 90' lang='lat' dir='ltr'><strong>nostri</strong></span> <span class='ocrx_word' id='word_1_921' title='bbox 1568 2487 1664 2513; x_wconf 84' lang='lat' dir='ltr'><strong>similis</strong></span> <span class='ocrx_word' id='word_1_922' title='bbox 1686 2494 1747 2514; x_wconf 86' lang='lat' dir='ltr'><strong>esse</strong></span> 
     </span>
    </p>
   </div>
   <div class='ocr_carea' id='block_1_114' title="bbox 962 2531 1745 2568">
    <p class='ocr_par' dir='ltr' id='par_1_114' title="bbox 962 2531 1745 2568">
     <span class='ocr_line' id='line_1_114' title="bbox 962 2531 1745 2568; baseline -0.003 -8"><span class='ocrx_word' id='word_1_923' title='bbox 962 2535 1095 2565; x_wconf 81' lang='lat' dir='ltr'><strong>cernitur,</strong></span> <span class='ocrx_word' id='word_1_924' title='bbox 1111 2533 1185 2560; x_wconf 87' lang='lat' dir='ltr'><strong>verbi</strong></span> <span class='ocrx_word' id='word_1_925' title='bbox 1199 2531 1459 2568; x_wconf 81' lang='lat' dir='ltr'><strong>gratia,Barnabam</strong></span> <span class='ocrx_word' id='word_1_926' title='bbox 1478 2532 1602 2564; x_wconf 82' lang='lat' dir='ltr'><strong>fortasse,</strong></span> <span class='ocrx_word' id='word_1_927' title='bbox 1619 2533 1659 2559; x_wconf 89' lang='lat' dir='ltr'><strong>vel</strong></span> <span class='ocrx_word' id='word_1_928' title='bbox 1675 2532 1745 2559; x_wconf 88' lang='lat' dir='ltr'><strong>Pau-</strong></span> 
     </span>
    </p>
   </div>
   <div class='ocr_carea' id='block_1_115' title="bbox 964 2577 1746 2612">
    <p class='ocr_par' dir='ltr' id='par_1_115' title="bbox 964 2577 1746 2612">
     <span class='ocr_line' id='line_1_115' title="bbox 964 2577 1746 2612; baseline -0.006 -6"><span class='ocrx_word' id='word_1_929' title='bbox 964 2579 1030 2611; x_wconf 88' lang='lat' dir='ltr'><strong>lum,</strong></span> <span class='ocrx_word' id='word_1_930' title='bbox 1047 2583 1094 2605; x_wconf 87' lang='lat' dir='ltr'><strong>aut</strong></span> <span class='ocrx_word' id='word_1_931' title='bbox 1112 2578 1194 2605; x_wconf 89' lang='lat' dir='ltr'><strong>alium</strong></span> <span class='ocrx_word' id='word_1_932' title='bbox 1207 2578 1360 2612; x_wconf 81' lang='lat' dir='ltr'><strong>quempiam</strong></span> <span class='ocrx_word' id='word_1_933' title='bbox 1374 2577 1419 2612; x_wconf 90' lang='lat' dir='ltr'><strong>qui</strong></span> <span class='ocrx_word' id='word_1_934' title='bbox 1435 2583 1579 2604; x_wconf 84' lang='lat' dir='ltr'><strong>censeatur</strong></span> <span class='ocrx_word' id='word_1_935' title='bbox 1604 2578 1674 2605; x_wconf 79' lang='lat' dir='ltr'><strong>inter</strong></span> <span class='ocrx_word' id='word_1_936' title='bbox 1697 2577 1746 2603; x_wconf 85' lang='lat' dir='ltr'><strong>ho-</strong></span> 
     </span>
    </p>
   </div>
   <div class='ocr_carea' id='block_1_116' title="bbox 965 2622 1746 2658">
    <p class='ocr_par' dir='ltr' id='par_1_116' title="bbox 965 2622 1746 2658">
     <span class='ocr_line' id='line_1_116' title="bbox 965 2622 1746 2658; baseline -0.006 -7"><span class='ocrx_word' id='word_1_937' title='bbox 965 2625 1063 2657; x_wconf 88' lang='lat' dir='ltr'><strong>mines,</strong></span> <span class='ocrx_word' id='word_1_938' title='bbox 1077 2623 1129 2651; x_wconf 92' lang='lat' dir='ltr'><strong>dici</strong></span> <span class='ocrx_word' id='word_1_939' title='bbox 1144 2630 1222 2658; x_wconf 85' lang='lat' dir='ltr'><strong>posse</strong></span> <span class='ocrx_word' id='word_1_940' title='bbox 1238 2624 1361 2649; x_wconf 64' lang='lat' dir='ltr'><strong>humanae</strong></span> <span class='ocrx_word' id='word_1_941' title='bbox 1384 2623 1481 2649; x_wconf 65' lang='lat' dir='ltr'><strong>animae</strong></span> <span class='ocrx_word' id='word_1_942' title='bbox 1502 2622 1679 2656; x_wconf 85' lang='lat' dir='ltr'><strong>corporisque</strong></span> <span class='ocrx_word' id='word_1_943' title='bbox 1695 2622 1746 2648; x_wconf 81' lang='lat' dir='ltr'><strong>fra-</strong></span> 
     </span>
    </p>
   </div>
   <div class='ocr_carea' id='block_1_117' title="bbox 965 2667 1743 2704">
    <p class='ocr_par' dir='ltr' id='par_1_117' title="bbox 965 2667 1743 2704">
     <span class='ocr_line' id='line_1_117' title="bbox 965 2667 1743 2704; baseline -0.008 -6"><span class='ocrx_word' id='word_1_944' title='bbox 965 2671 1120 2698; x_wconf 88' lang='lat' dir='ltr'><strong>ternitatetn</strong></span> <span class='ocrx_word' id='word_1_945' title='bbox 1136 2669 1292 2704; x_wconf 87' lang='lat' dir='ltr'><strong>suscepisse</strong></span> <span class='ocrx_word' id='word_1_946' title='bbox 1304 2689 1312 2702; x_wconf 84' lang='lat'><strong>,</strong></span> <span class='ocrx_word' id='word_1_947' title='bbox 1327 2669 1405 2703; x_wconf 88' lang='lat' dir='ltr'><strong>quasi</strong></span> <span class='ocrx_word' id='word_1_948' title='bbox 1421 2668 1444 2695; x_wconf 88' lang='lat' dir='ltr'><strong>is</strong></span> <span class='ocrx_word' id='word_1_949' title='bbox 1459 2668 1532 2695; x_wconf 88' lang='lat' dir='ltr'><strong>aliud</strong></span> <span class='ocrx_word' id='word_1_950' title='bbox 1555 2667 1682 2701; x_wconf 90' lang='lat' dir='ltr'><strong>quiddam</strong></span> <span class='ocrx_word' id='word_1_951' title='bbox 1707 2667 1743 2693; x_wconf 82' lang='lat' dir='ltr'><strong>sit</strong></span> 
     </span>
    </p>
   </div>
   <div class='ocr_carea' id='block_1_118' title="bbox 965 2711 1745 2749">
    <p class='ocr_par' dir='ltr' id='par_1_118' title="bbox 965 2711 1745 2749">
     <span class='ocr_line' id='line_1_118' title="bbox 965 2711 1745 2749; baseline -0.006 -6"><span class='ocrx_word' id='word_1_952' title='bbox 965 2716 998 2743; x_wconf 87' lang='lat' dir='ltr'><strong>ab</strong></span> <span class='ocrx_word' id='word_1_953' title='bbox 1014 2716 1064 2743; x_wconf 88' lang='lat' dir='ltr'><strong>hoc</strong></span> <span class='ocrx_word' id='word_1_954' title='bbox 1080 2715 1227 2747; x_wconf 86' lang='lat' dir='ltr'><strong>diversum,</strong></span> <span class='ocrx_word' id='word_1_955' title='bbox 1244 2715 1314 2749; x_wconf 89' lang='lat' dir='ltr'><strong>quod</strong></span> <span class='ocrx_word' id='word_1_956' title='bbox 1330 2720 1421 2748; x_wconf 83' lang='lat' dir='ltr'><strong>postea</strong></span> <span class='ocrx_word' id='word_1_957' title='bbox 1437 2714 1588 2745; x_wconf 88' lang='lat' dir='ltr'><strong>susceperit</strong></span> <span class='ocrx_word' id='word_1_958' title='bbox 1607 2722 1614 2740; x_wconf 87' lang='lat'><strong>:</strong></span> <span class='ocrx_word' id='word_1_959' title='bbox 1631 2713 1677 2740; x_wconf 91' lang='lat' dir='ltr'><strong>sed</strong></span> <span class='ocrx_word' id='word_1_960' title='bbox 1689 2711 1745 2746; x_wconf 81' lang='lat'><strong>78</strong></span> 
     </span>
    </p>
   </div>
   <div class='ocr_carea' id='block_1_119' title="bbox 965 2759 1746 2796">
    <p class='ocr_par' dir='ltr' id='par_1_119' title="bbox 965 2759 1746 2796">
     <span class='ocr_line' id='line_1_119' title="bbox 965 2759 1746 2796; baseline -0.008 -7"><span class='ocrx_word' id='word_1_961' title='bbox 965 2761 1056 2796; x_wconf 86' lang='lat' dir='ltr'><strong>potius</strong></span> <span class='ocrx_word' id='word_1_962' title='bbox 1070 2765 1123 2793; x_wconf 88' lang='lat' dir='ltr'><strong>est,</strong></span> <span class='ocrx_word' id='word_1_963' title='bbox 1139 2761 1202 2788; x_wconf 87' lang='lat' dir='ltr'><strong>dum</strong></span> <span class='ocrx_word' id='word_1_964' title='bbox 1214 2760 1241 2788; x_wconf 89' lang='lat' dir='ltr'><strong>in</strong></span> <span class='ocrx_word' id='word_1_965' title='bbox 1253 2767 1285 2787; x_wconf 81' lang='lat' dir='ltr'><strong>eo</strong></span> <span class='ocrx_word' id='word_1_966' title='bbox 1313 2764 1404 2786; x_wconf 80' lang='lat' dir='ltr'><strong>manet</strong></span> <span class='ocrx_word' id='word_1_967' title='bbox 1428 2759 1500 2794; x_wconf 87' lang='lat' dir='ltr'><strong>quod</strong></span> <span class='ocrx_word' id='word_1_968' title='bbox 1521 2764 1562 2786; x_wconf 89' lang='lat' dir='ltr'><strong>est</strong></span> <span class='ocrx_word' id='word_1_969' title='bbox 1579 2768 1585 2785; x_wconf 88' lang='lat'>:</span> <span class='ocrx_word' id='word_1_970' title='bbox 1607 2766 1659 2786; x_wconf 79' lang='lat' dir='ltr'><strong>non</strong></span> <span class='ocrx_word' id='word_1_971' title='bbox 1682 2764 1746 2790; x_wconf 71' lang='lat' dir='ltr'><strong>ergo</strong></span> 
     </span>
    </p>
   </div>
   <div class='ocr_carea' id='block_1_120' title="bbox 743 2851 969 2884">
    <p class='ocr_par' dir='ltr' id='par_1_120' title="bbox 743 2851 969 2884">
     <span class='ocr_line' id='line_1_120' title="bbox 743 2851 969 2884; baseline -0.004 -6"><span class='ocrx_word' id='word_1_972' title='bbox 743 2853 763 2868; x_wconf 68' lang='grc'><strong>⁸⁷</strong></span> <span class='ocrx_word' id='word_1_973' title='bbox 783 2851 859 2879; x_wconf 82' lang='lat' dir='ltr'><strong>Juau.</strong></span> <span class='ocrx_word' id='word_1_974' title='bbox 873 2859 927 2884; x_wconf 77' lang='lat' dir='ltr'><strong>xtv,</strong></span> <span class='ocrx_word' id='word_1_975' title='bbox 941 2851 969 2878; x_wconf 80' lang='lat'><strong>9.</strong></span> 
     </span>
    </p>
   </div>
   <div class='ocr_carea' id='block_1_121' title="bbox 1583 2892 1601 2921">
    <p class='ocr_par' dir='ltr' id='par_1_121' title="bbox 1583 2892 1601 2921">
     <span class='ocr_line' id='line_1_121' title="bbox 1583 2892 1601 2921; baseline 0 0"><span class='ocrx_word' id='word_1_976' title='bbox 1583 2892 1601 2921; x_wconf 85' lang='grc'><strong>5</strong></span> 
     </span>
    </p>
   </div>
  </div>
