1883 3054
150 159 200 187 1³9

636 155 667 184 S.
688 154 826 184 CYRILLI
844 153 1082 184 ALEXANDRINI
1101 153 1260 184 ABClllEP.

1722 158 1774 185 NO

149 221 229 248 homo
241 218 338 254 aliquis
351 218 407 254 jam
422 217 568 249 exsistens,
583 216 708 252 accipere
726 217 843 252 idipsum
858 223 892 251 qu

1033 216 1123 252 ιρχων,
1139 213 1191 243 εἴθ’
1212 216 1285 244 οὕτω
1306 217 1414 245 λαϐὼν·
1439 218 1497 246 ἔστι
1513 219 1542 246 δὲ
1563 219 1664 255 μᾶλλον
1685 219 1715 246 ἐν
1741 229 1776 254 γι

148 270 201 298 est,
220 264 296 300 quasi
311 263 385 291 aliud
410 262 538 297 quiddam
566 268 581 288 a
607 269 637 290 se
661 261 809 295 diversum,
829 261 931 289 intelli-

148 311 250 346 gendus
266 314 326 338 est:
344 309 391 337 sed
404 308 493 343 potius
507 307 546 334 illi
571 314 605 335 ex
626 308 682 335 Deo
707 308 799 343 genito
816 307 905 335 Verbo
920 326 929 340 .

148 357 193 391 qui
216 354 362 383 secundum
387 360 442 381 suae
467 357 570 379 natura
595 352 716 380 rationes
740 352 881 380 nobiscum
903 351 930 379 in

147 401 269 428 eumdem
285 406 394 427 censum
417 397 514 426 referri
528 404 581 425 non
605 402 707 432 potest.
734 398 862 425 convenit
880 397 930 424 ltu-

147 454 233 474 inanaa
249 446 345 473 animae
356 449 384 472 et
403 444 525 479 corporis
546 445 743 472 fraternitatem
759 451 811 479 qua
836 444 929 472 nobis-

147 501 206 520 cum
218 493 356 527 jungatur,
372 490 520 525 accepisse.
539 490 572 518 Et
589 490 653 518 huic
669 495 768 518 nostrae
788 490 929 518 sententia:

147 544 202 565 tum
227 538 283 573 ipsa
300 537 424 564 veritatis
451 536 521 563 ratio
546 536 745 571 patrocinatur,
772 540 828 563 tum
845 537 928 564 etiant

146 586 255 618 integrae
272 583 332 610 iidei
348 582 468 609 traditio.
490 581 602 608 Constat
618 588 683 616 ergo
700 581 726 608 in
740 581 825 608 forata
841 581 886 609 Dei
899 586 927 609 et

145 629 232 657 Patris
247 629 328 656 Deum
345 627 460 656 Verbum
472 627 584 655 fratrem
601 628 679 655 nobis
693 627 793 654 factum
807 635 868 655 esse
880 635 928 662 per

146 675 247 708 omnia,
264 675 390 702 humana:
405 673 502 700 animae
514 677 541 699 et
551 673 674 707 corporis
686 672 858 700 fraternitate
865 680 926 700 sus—

144 726 221 756 cepta
249 727 337 754 neque
360 718 489 746 mentitur
511 725 572 745 cum
597 718 636 745 ait
658 725 663 742 :
685 727 694 743 ι
714 718 763 752 Qui
785 718 852 745 vidit
874 725 926 752 me,

143 766 210 794 vidit
226 771 253 793 et
263 765 384 792 Patrem.
403 773 413 790 ι
430 763 496 790 Nam
512 763 535 790 si
549 762 610 797 quis
626 767 749 790 nostrum
764 763 796 790 ad
807 770 867 790 eam
882 771 927 790 us-

143 819 195 847 que
209 811 401 845 cogitationum
413 807 577 837 dementiam
592 808 682 843 lapsus
693 813 777 841 esset,
800 813 829 835 ut
845 813 923 843 puta-

142 864 184 886 ret
197 858 279 886 etiant
295 857 382 892 ipsum
400 855 483 891 quiin
496 854 573 882 cadis
598 859 640 882 est
663 854 770 882 Patrem
788 862 820 882 ac
838 853 922 882 Deum

142 911 174 932 eo
191 902 380 938 dejiciendum,
398 905 428 928 ut
451 900 561 928 omnino
577 903 698 927 nostram
719 899 924 927 similitudinem
943 893 962 921 Β

142 951 251 980 habeat,
278 954 436 983 corpoream
457 945 598 979 nimirum,
621 951 694 972 recte
718 950 863 978 metueret,
879 952 923 978 ne,

142 997 204 1024 dum
221 995 346 1023 Christus
362 993 448 1020 dicit;
465 1001 474 1017 ι
501 991 552 1024 Qui
577 991 644 1018 vidit
662 998 715 1024 me,
745 991 811 1017 vidit
823 996 851 1018 et
872 990 925 1017 Pa-

143 1048 223 1074 trem,
243 1050 251 1067 t
271 1041 358 1075 ipsum
384 1044 493 1074 quoque
517 1044 550 1064 ex
573 1044 627 1072 quo
653 1042 695 1064 est
716 1037 806 1071 specie
832 1042 924 1064 nostra

142 1095 202 1115 esse
217 1086 356 1121 et_ﬁgttt'as
378 1083 502 1120 corporis
526 1083 626 1110 habere
650 1082 846 1117 suspicaretur.
870 1081 925 1109 Sed

141 1135 203 1170 quia
223 1134 306 1162 etiam
325 1131 409 1160 Filius
429 1129 547 1158 hominis
563 1128 662 1161 factus.
691 1129 743 1156 hoc
764 1129 835 1163 quod
853 1128 924 1156 Deus

140 1184 198 1208 erat
212 1178 340 1210 servavit,
356 1181 384 1205 et
399 1183 455 1204 suae
466 1180 568 1203 naturae
583 1174 811 1209 pulchritudinem
826 1174 924 1202 immu'

143 1225 250 1253 labilem
267 1223 373 1255 retinet,
391 1221 464 1249 nullo
479 1221 558 1248 modo
583 1221 697 1248 verebor
720 1221 822 1253 dicere,
847 1220 924 1248 illum

140 1279 201 1300 esse
214 1270 297 1298 etiam
312 1268 429 1297 similem
443 1267 522 1295 nobis
536 1273 589 1301 qua
604 1265 685 1293 homo
696 1272 748 1298 est,
770 1271 799 1292 ut
811 1273 860 1293 nos
874 1273 922 1293 su-

141 1325 200 1345 mus
218 1324 253 1344 ex
268 1315 357 1343 anima
370 1313 451 1342 simul
475 1319 502 1341 ct
526 1319 651 1346 corpore,
677 1312 801 1346 quamvis
827 1317 924 1339 natura

140 1364 177 1392 sit
196 1363 277 1396 Deus,
299 1366 326 1389 ct
341 1361 426 1397 ﬁgura
446 1362 606 1390 substantia:
621 1361 760 1390 Genitoris
785 1361 819 1388 ⁸⁸.
848 1361 924 1389 Unus

139 1410 223 1445 igitur
240 1409 364 1443 idemque
378 1407 475 1436 similis
490 1413 531 1435 est
547 1408 676 1435 fratribus
694 1408 844 1435 secundum
860 1415 922 1435 car-

138 1461 200 1482 nem
213 1459 240 1482 et
253 1454 282 1481 in
301 1461 348 1482 sua
366 1458 463 1482 natura
474 1461 526 1488 qua
543 1453 613 1480 Deus
627 1458 681 1486 est,
707 1454 794 1488 ipsum
816 1461 924 1490 quoque

138 1500 247 1528 Patrem
270 1500 398 1527 ostendit.
426 1499 475 1527 Hic
503 1507 569 1527 vero
593 1500 618 1527 id
641 1508 693 1528 non
721 1500 846 1536 intelligit
870 1500 923 1528 ullo

980 262 1020 297 τῷ
1036 260 1108 290 εἶναι
1120 262 1193 290 τοῦθ’
1204 264 1272 299 ὅπερ
1285 264 1370 292 ἐστίν.
1392 265 1498 292 Οὐκοῦν
1511 266 1562 292 οὐκ
1575 265 1721 302 ἄνθρωπός
1733 274 1778 297 τις

981 308 1124 344 ὑπάρχων,
1152 309 1190 341 ὡς
1217 310 1310 346 ἕτερόν
1332 319 1359 338 τι
1386 312 1450 346 παρ’
1477 311 1586 346 ἑαυτὸν,
1619 312 1715 340 λαϐεῖν
1740 313 1778 339 ἂν

981 355 1066 382 νοοῖτο
1077 354 1108 381 τὸ
1123 353 1192 382 εἶναι
1206 356 1221 382 ὃ
1234 356 1292 383 εστι
1305 365 1312 372 ·
1336 357 1436 393 πρέποι
1457 357 1479 385 δ’
1503 358 1536 385 ἂν
1562 359 1664 394 μᾶλλον
1679 360 1719 395 τῷ
1739 361 1777 386 ὲκ

980 398 1047 426 Θεοῦ
1059 399 1137 434 φύντι
1148 400 1236 435 Λόγῳ,
1254 401 1285 427 τὸ
1300 401 1470 429 ἀσύντακτον
1486 402 1573 439 ἔχοντι
1596 404 1665 439 πρὸς
1685 405 1776 439 ἡμᾶς,

979 446 1052 472 κατά
1068 454 1100 480 γε
1114 447 1176 478 τοὺς
1192 447 1242 482 τῆς
1267 447 1335 479 ιδίας
1351 449 1458 483 φύσεως
1479 449 1586 484 λόγους,
1610 450 1701 485 ψυχῆς
1726 451 1778 476 ἀν-

980 490 1121 526 θρωπίνης
1143 491 1191 518 καὶ
1206 491 1332 527 σώματος
1352 494 1402 529 τὴν
1418 493 1487 530 πρὸς
1507 495 1582 530 ἡμᾶς
1603 495 1776 531 ἀδελφότητα

979 536 1082 564 λαϐεῖν.
1097 537 1152 563 Καὶ
1164 538 1231 573 πρός
1248 546 1280 572 γε
1298 539 1377 565 τοῦτο
1389 540 1454 575 ἡμῖν
1468 540 1483 566 ὁ
1498 540 1547 575 τῆς
1567 540 1697 577 ἀληθείας
1723 542 1775 568 ἐπ’

979 584 1229 618 αγωνιεῐταιλόγος,
1238 585 1285 611 καὶ
1299 585 1347 620 τῆς
1357 585 1507 622 ἀμωμήτου
1520 586 1637 620 πίστεως
1651 589 1668 624 ἡ
1681 588 1775 624 παρὰ·

979 630 1061 662 δοσις.
1080 631 1199 666 ’Δραρεν
1216 629 1263 658 οὖν
1276 632 1318 658 ὅτι
1336 633 1365 658 ὲν
1382 634 1473 669 μορφῇ
1494 633 1542 660 τοῦ
1558 634 1626 660 Θεοῦ
1651 635 1699 662 καὶ
1718 635 1775 661 Πα-

978 676 1052 712 τρὸς,
1065 676 1131 709 Θεὸς
1147 678 1234 712 Λόγος
1254 678 1369 713 ἀδελφὸς
1384 681 1451 714 ἡμῖν
1471 681 1542 707 κατὰ
1558 681 1646 708 πάντα
1662 682 1773 716 γέγονε,

977 722 1065 757 ψυχῆς
1087 722 1261 758 ἀνθρωπίνης
1277 724 1324 751 καὶ
1345 724 1471 760 σώματος
1486 726 1652 762 ἀδελφότητα
1667 727 1772 760 λαϐὼν,

978 767 1026 793 καὶ
1047 767 1097 793 οὐκ
1123 767 1156 794 ἂν
1175 768 1350 800 διαψεύσαιτο
1373 770 1471 804 λέγων,
1495 780 1504 796 ι
1516 772 1545 798 '0
1562 772 1693 807 ἑωρακὼς
1710 773 1772 808 ἐμὲ,

977 812 1084 848 ἑώρακε
1099 813 1144 841 τὸν
1164 814 1283 849 Πατέρα.
1296 824 1305 840 ι
1331 815 1364 842 Εἰ
1386 816 1435 851 μὲν
1448 816 1503 851 γάρ
1516 826 1558 849 τις
1574 818 1628 845 τῶν
1643 819 1673 845 ὲν
1693 819 1772 854 ἡμῖν,

977 859 1101 894 ἀμαθίας
1123 861 1163 891 εις
1182 860 1262 887 τοῦτο
1277 861 1445 889 κατώλισθεν
1464 863 1583 898 ἐννοιῶν,
1607 865 1644 896 ὡς
1667 866 1774 892 οἴεσθαι

977 906 1024 932 καὶ
1035 906 1115 932 αὑτὸν
1126 906 1171 933 τὸν
1186 907 1215 933 ὲν
1227 908 1283 939 τοῖς
1295 908 1419 943 οὐρανοῖς
1431 910 1540 945 Πατέρα
1550 911 1597 937 καὶ
1609 911 1676 938 Θεὸν
1688 920 1774 938 κατα-

976 951 1137 986 κομίζεσθαι
1164 953 1230 987 δεῖν,
1251 953 1290 985 εἷς
1310 963 1342 989 γε
1367 955 1397 981 τὸ
1414 957 1522 991 χρῆναι,
1545 958 1628 992 φημὶ,
1644 957 1695 993 τὴν
1710 958 1773 985 καθ’

976 999 1050 1033 ἡμᾶς
1061 999 1190 1034 ὁμοίωσιν
1212 999 1295 1036 ἔχειν,
1319 1001 1398 1036 δῆλον
1412 1003 1440 1029 δὲ
1458 1003 1499 1029 ὃτι
1524 1003 1574 1038 τὴν
1595 1005 1771 1041 σωματικὴν,

975 1044 1064 1080 ὀρθῶς
1085 1045 1191 1078 ἐδεδίει,
1218 1047 1256 1082 μὴ
1279 1047 1333 1082 ἄρα
1355 1057 1406 1074 που
1431 1048 1554 1083 λέγοντος
1575 1049 1622 1076 τοῦ
1639 1050 1772 1085 Χριστοῦ,

979 1099 988 1116 t
1008 1090 1038 1116 '0
1051 1091 1182 1126 ἑωρακὼς
1201 1092 1260 1127 ἐμὲ,
1277 1092 1383 1127 ἑώρακε
1395 1092 1442 1121 τὸν
1457 1095 1578 1130 Πατέρα.
1594 1105 1603 1121 ›
1626 1098 1673 1123 καὶ
1686 1097 1770 1124 αὐτὸν

976 1136 1158 1172 ὑποτοπήσειε
1170 1137 1215 1164 τὸν
1230 1138 1259 1171 ἐξ
1278 1135 1363 1174 οὗπέρ
1377 1140 1461 1172 ἐστιν,
1479 1141 1507 1167 ἐν
1523 1141 1588 1168 εἴδει
1602 1150 1631 1168 τε
1641 1139 1710 1169 εἶναι
1730 1140 1771 1178 τῷ

975 1181 1036 1208 καθ’
1053 1183 1137 1218 ἡμᾶς.
1162 1183 1210 1210 καὶ
1232 1185 1261 1211 ἐν
1282 1185 1338 1216 τοῖς
1362 1186 1433 1212 κατὰ
1450 1185 1529 1221 σῶμα
1555 1189 1769 1222 σχηματισμοῖς.

981 1227 1090 1264 Ἐπειδὴ
1115 1228 1144 1255 δὲ
1165 1230 1212 1256 καὶ
1237 1230 1300 1262 Υἱὸς
1326 1230 1470 1265 ἀνθρώπου
1485 1232 1614 1266 γεγονὼς,
1642 1233 1673 1260 τὸ
1699 1232 1771 1261 εἶναι

974 1275 1041 1307 Θεὸς
1065 1275 1222 1308 διεσώσατο,
1248 1277 1343 1304 καὶτὸ
1369 1277 1419 1313 τῆς
1439 1279 1510 1311 ιδίας
1537 1279 1645 1314 φύσεως
1672 1281 1770 1313 κάλλος

974 1321 1184 1357 ἀπαραποίητον
1194 1323 1262 1358 ἔχει,
1275 1324 1475 1359 κατοκνήσαιμ*
1487 1325 1520 1352 ἂν
1531 1326 1656 1361 οὐδαμῶς
1669 1328 1769 1360 εἰπεῖν,

974 1365 1016 1392 ὅτι
1033 1366 1080 1393 καὶ
1096 1367 1145 1402 τὴν
1163 1368 1231 1403 πρὸς
1250 1369 1326 1403 ἡμᾶς
1344 1369 1473 1404 ὁμοίωσιν
1494 1370 1562 1406 ἔχει,
1588 1372 1659 1399 κατά
1683 1381 1714 1407 γε
1739 1373 1770 1400 τὸ

974 1411 1043 1439 εἶναι
1056 1413 1117 1440 καθ’
1134 1414 1208 1449 ἡμᾶς
1221 1414 1375 1449 ἄνθρωπος,
1388 1417 1402 1442 ὁ
1419 1417 1451 1443 ἐκ
1465 1417 1554 1452 ψυχῆς
1569 1419 1615 1445 καὶ
1629 1418 1768 1454 σώματος,

975 1459 1063 1486 καιτοι
1079 1459 1144 1490 Θεὸς
1161 1459 1198 1487 ὢν
1211 1460 1291 1495 φύσει
1307 1462 1354 1488 καὶ
1372 1462 1516 1498 χαρακτὴρ
1531 1465 1580 1499 τῆς
1591 1464 1770 1498 ὑποστάσεως

973 1505 1020 1531 τοῦ
1036 1506 1242 1540 γεγεννηκότος.
1261 1505 1307 1538 Εἷς
1323 1505 1369 1534 οὖν
1393 1508 1447 1543 ἄρα
1470 1509 1517 1534 καὶ
1536 1510 1549 1535 ὁ
1564 1510 1654 1542 αὐτὸς,
1677 1519 1768 1546 παρα-

139 1547 241 1579 modo,
271 1546 319 1574 sed
344 1551 444 1573 rectatn
469 1553 618 1580 puramque
645 1546 764 1580 mystcrii
791 1545 882 1573 ratiow

1024 1551 1092 1586 ᾖσιος
1107 1552 1157 1586 μὲν
1169 1553 1226 1584 τοῖς
1241 1553 1364 1588 ἀδελφοῖς
1382 1554 1452 1581 κατά
1471 1555 1569 1590 σάρκα,
1587 1545 1723 1582 δεικνύων
1739 1556 1767 1582 δὲ

139 1593 306 1625 adulterans,
325 1592 406 1619 alium
419 1591 496 1619 nobis
512 1596 539 1618 et
555 1591 637 1618 alium
654 1592 756 1618 inducit
769 1591 922 1624 Christum,

138 1644 167 1668 et
186 1638 359 1669 Iudaicarum
383 1638 528 1665 criminum
554 1637 657 1672 laqueis
675 1643 781 1672 captus,
806 1638 851 1664 ubi
876 1638 923 1670 sit,

138 1688 166 1710 et
181 1689 234 1717 quo
255 1682 388 1709 malorunt
407 1682 511 1708 venerit
530 1681 640 1708 tninitnc
656 1683 748 1709 sentit.
769 1682 924 1710 Audiebaut

139 1728 211 1757 enim
223 1728 268 1763 qui
286 1728 319 1754 de
331 1734 429 1762 genere
446 1725 528 1754 Israel
542 1731 634 1758 erant,
650 1727 732 1754 Demn
757 1727 922 1756 clamantem

137 1782 186 1811 per
199 1775 341 1810 quemdam
370 1777 526 1800 sanctorum
545 1774 737 1808 prophetarum
768 1774 801 1801 de
817 1775 924 1802 Emma-

138 1821 201 1848 nuel
218 1829 225 1846 :
244 1829 254 1846 ι
272 1819 306 1847 Et
326 1824 369 1851 tu,
391 1818 547 1846 Betltlehem
574 1820 669 1846 dotttus
693 1819 849 1854 Epltrallta,
874 1821 924 1847 tui-

138 1868 213 1895 nima
236 1874 265 1894 es
290 1868 316 1894 in
343 1866 462 1893 millibus
484 1864 550 1892 Juda
570 1874 577 1892 :
596 1872 628 1892 ex
648 1870 673 1892 te
697 1865 761 1892 milii
789 1867 874 1893 exibit
897 1872 925 1893 ut

138 1913 175 1942 sit
191 1913 316 1948 princeps
329 1911 356 1938 in
371 1911 464 1943 Israel,
482 1915 508 1938 et
521 1911 610 1938 exitus
634 1910 692 1945 ejus
711 1918 725 1936 a
742 1911 874 1946 principio
889 1919 923 1938 ex

138 1959 235 1987 diebus
250 1957 411 1985 aeternitatis
428 1956 461 1983 ⁸³.
479 1966 489 1982 ι
507 1956 540 1983 Et
549 1963 663 1984 rurSus:
682 1965 691 1982 ι
713 1956 921 1984 Generationem

137 2005 197 2038 ejus
218 2004 279 2038 quis
301 2002 461 2029 enarrabit?
483 2002 546 2036 quia
574 2001 678 2029 tollitur
705 2003 737 2029 de
769 2007 840 2030 terra
867 2003 922 2030 vita

137 2037 196 2086 ejus
210 2037 265 2076 δόθ’
285 2049 384 2076 Deinde
398 2055 458 2075 cum
483 2055 596 2082 prorsus
614 2048 687 2075 nullo
714 2048 794 2076 modo
821 2055 922 2084 myste-

137 2099 208 2126 rium
234 2096 438 2131 intelligerent,
465 2102 553 2129 neque
574 2094 677 2122 scirent
692 2094 778 2129 illum,
798 2096 921 2130 quamvis

136 2143 208 2171 Deus
218 2146 290 2170 esset
305 2149 338 2168 ex
348 2146 442 2167 natura
456 2145 483 2168 et
495 2140 676 2168 subsistentia:
688 2148 743 2168 sua:
758 2141 864 2168 initium
880 2143 921 2169 in-

137 2189 192 2225 79
209 2187 312 2215 visibile
323 2191 350 2213 et
366 2185 638 2220 incomprehensibile
648 2187 771 2219 haberet,
794 2194 919 2215 vocatum

976 1597 1024 1624 καὶ
1031 1598 1112 1625 αὐτὸν
1120 1599 1149 1625 ἐν
1159 1599 1212 1635 ἰδίᾳ
1223 1599 1303 1634 φύσει
1315 1600 1361 1626 τὸν
1373 1600 1532 1636 Γεννήτορα,
1544 1602 1614 1628 κατά
1625 1610 1668 1635 γε,
1682 1610 1718 1636 φη
1724 1603 1766 1636 μὶ,

978 1644 1008 1670 τὸ
1031 1642 1100 1671 εἶναι
1122 1645 1202 1677 Θεός·
1221 1646 1235 1671 ὁ
1253 1646 1281 1672 δὲ
1303 1646 1382 1673 τοῦτο
1409 1647 1458 1682 μὲν
1483 1647 1513 1673 οὺ
1541 1647 1647 1682 συνίησι
1661 1648 1767 1675 ποθεν·

979 1691 1197 1726 παρασημαίνων
1210 1692 1237 1718 δὲ
1253 1691 1347 1727 ὥσπερ
1357 1693 1402 1719 τὸν
1415 1693 1501 1728 epos;
1513 1702 1542 1720 τε
1557 1695 1602 1720 καὶ
1614 1694 1768 1730 ἁκιόδήλως

975 1737 1071 1772 ἔχοντα
1084 1737 1130 1764 τοῦ
1150 1739 1298 1773 μυστηρίου
1316 1739 1404 1773 λόγον,
1423 1740 1516 1774 ἓτερον
1529 1740 1595 1775 ἡμῖν
1608 1741 1655 1767 καὶ
1673 1740 1767 1775 ἕτερον

975 1783 1127 1819 εἰσκομίζει
1142 1785 1259 1819 Χριστόν
1272 1793 1277 1799 ·
1297 1786 1342 1811 καὶ
1357 1787 1413 1817 τοῖς
1431 1785 1583 1817 Ἰουδαϊκοῖς
1594 1786 1767 1822 ἐγκλήμασιν

975 1829 1104 1861 ἑναλοὺς,
1126 1830 1187 1856 οὐδὲ
1213 1831 1328 1866 ὃποιπὲρ
1358 1832 1431 1863 ἐστι,
1457 1832 1504 1858 καὶ
1534 1832 1568 1858 ἵν’
1591 1833 1653 1867 ἥκει
1672 1833 1767 1859 κακῶν

974 1876 1141 1903 αἰσθάνεται.
1163 1877 1280 1903 ’Πκουον
1291 1878 1337 1911 μὲν
1362 1878 1415 1913 γὰρ
1436 1879 1459 1904 οἱ
1477 1877 1506 1910 ἐξ
1515 1878 1630 1913 αἵματος
1646 1878 1765 1914 Ἰσραὴλ,

974 1922 1042 1949 Θεοῦ
1062 1922 1273 1958 διακεκραγότος
1295 1923 1328 1949 δι’
1351 1923 1410 1955 ἐνὸς
1431 1924 1484 1950 τῶν
1505 1924 1591 1958 ἁγίων
1617 1925 1765 1960 προφητῶν

975 1969 1038 2003 περὶ
1051 1967 1098 1994 τοῦ
1122 1969 1294 2004 Ἐμμανουήλ
1305 1977 1311 1983 ·
1331 1979 1340 1994 ι
1354 1969 1409 1996 Καὶ
1420 1970 1463 2002 σὺ,
1479 1970 1612 2006 Βηθλεὲμ,
1631 1969 1704 2002 οἶκος
1717 1971 1765 1997 τοῦ

980 2013 1113 2048 Ἐφραοἄ,
1128 2013 1266 2047 ὀλιγοστὸς
1280 2011 1306 2039 εἷ
1325 2014 1371 2040 τοῦ
1386 2011 1457 2040 εἶναι
1475 2015 1503 2040 ἐν
1519 2015 1636 2049 χιλιάσιν
1658 2016 1743 2042 Ἰούδα
1755 2025 1763 2031 ·

973 2059 1006 2086 ὲκ
1020 2059 1067 2085 σοῦ
1083 2067 1128 2094 μοι
1145 2059 1316 2092 ἐξελεύσεται
1338 2060 1384 2086 τοῦ
1402 2059 1471 2087 εἶναι
1491 2062 1533 2092 εὶς
1546 2061 1664 2096 ἄρχοντα
1681 2062 1710 2087 ὲν
1725 2061 1764 2095 τῷ

980 2105 1103 2141 Ἰσραήλ·
1128 2106 1176 2133 καὶ⁵
1194 2107 1223 2133 αἱ
1238 2106 1321 2139 ἔξοδοι
1338 2107 1421 2133 αὑτοῦ
1444 2107 1491 2133 ἀπ’
1507 2108 1594 2143 ἀρχῆς
1608 2108 1636 2140 ἐξ
1652 2108 1764 2143 ἡμερῶν

973 2151 1079 2183 αἰῶνος.
1086 2161 1096 2178 ι
1105 2153 1160 2179 Kal.
1169 2152 1259 2179 πάλιν*
1269 2162 1278 2178 ι
1285 2153 1340 2188 Τὴν
1350 2153 1446 2187 γενεὰν
1457 2152 1539 2180 αὑτοῦ
1548 2153 1763 2189 τιςδιηγήσεταις

973 2199 1014 2225 ὅτι
1029 2199 1135 2234 αἴρεται
1148 2199 1202 2225 ἀπὸ
1214 2199 1262 2234 τῆς
1272 2200 1324 2234 γῆς
1336 2200 1350 2234 ἡ
1360 2198 1416 2235 ζωὴ
1424 2199 1533 2226 αὑτοῦ-ι
1547 2197 1612 2225 Εἶτα
1626 2199 1762 2230 συνιέντες

136 2244 197 2263 esse
210 2239 300 2261 tatnen
313 2232 526 2265 Bethleemitam,
543 2235 635 2266 utpote
651 2239 683 2259 ex
698 2232 788 2260 radice
800 2233 876 2261 Iesse

1019 2232 1101 2280 ἰαμῶς
1115 2245 1145 2271 τὸ
1163 2232 1321 2280 μυστήριον,
1342 2232 1479 2280 οὕτετμὴν
1493 2244 1593 2277 εἰδότες
1607 2246 1647 2271 ὅτι
1673 2245 1762 2272 καίτοι

137 2281 261 2314 David“,
275 2280 310 2307 ibi
318 2279 464 2306 secundutn
475 2285 584 2305 carnem
593 2279 724 2312 genitum,
734 2279 803 2306 inter
815 2287 844 2306 se
853 2280 923 2307 dice-

137 2329 203 2356 bant
216 2337 223 2354 :
238 2337 247 2353 ι
269 2325 365 2353 Nonne
378 2326 421 2352 hic
432 2329 472 2352 est
489 2332 568 2360 quem
583 2326 739 2359 quaerebant
757 2325 922 2353 interficere?

137 2374 208 2402 Ecce
220 2373 305 2408 palam
332 2371 461 2406 loquitur,
477 2376 504 2398 et
530 2371 596 2398 nihil
624 2371 649 2398 ei
673 2371 785 2398 dicunt:
803 2372 923 2406 nunquid

138 2417 464 2456 cognoveruntpriucipes
478 2417 541 2451 quia
563 2417 607 2444 hic
635 2423 677 2444 est
699 2417 847 2445 Christus?
870 2418 922 2445 Sed

138 2468 210 2495 hunc
223 2466 323 2493 scimus
335 2464 404 2491 unde
412 2465 464 2491 sit:
479 2463 608 2491 Christus
624 2469 712 2491 autem
729 2471 790 2490 cum
804 2465 922 2498 venerit,

139 2513 278 2542 nemoscit
295 2511 364 2538 unde
378 2511 414 2538 sit
424 2511 457 2537 ".
476 2519 485 2535 ι
510 2510 660 2538 Audiebant
687 2511 772 2542 enim,
801 2517 830 2538 ut
853 2511 920 2544 dixi,

120 2551 124 2584 ἶ
138 2559 297 2595 praphetam
312 2558 404 2584 dicere
425 2556 567 2591 perspicue
584 2565 590 2582 :
611 2565 620 2582 ι
635 2556 844 2584 Generationem
862 2557 920 2591 ejus

140 2606 200 2641 quis
223 2603 383 2632 enarrabit?
401 2612 410 2628 ι
429 2607 465 2636 et,
492 2602 564 2637 quod
597 2603 697 2634 exitus,
718 2602 742 2629 id
755 2608 806 2636 est,
821 2610 918 2630 essen-

139 2664 183 2690 tim
202 2661 305 2688 initium
318 2665 382 2687 ante
395 2659 485 2687 omnia
511 2659 609 2686 sacula
635 2659 755 2686 haberet.
777 2658 836 2686 Jam
858 2666 922 2686 vero

137 2713 254 2744 quantus
268 2705 510 2734 iueritJudatorum
524 2710 628 2739 stupor,
647 2713 751 2732 rursum
766 2706 921 2732 consideres

137 2755 229 2781 velim.
240 2754 306 2780 Cum
324 2753 395 2780 enini
408 2752 530 2779 dicerent
544 2762 550 2778 :
569 2761 578 2777 ί
596 2751 719 2778 Christus
731 2758 790 2778 cum
805 2752 918 2783 venerit,

138 2807 217 2828 nemo
227 2800 279 2827 scit
312 2799 382 2826 unde
412 2798 458 2830 sit,
480 2807 488 2824 ι
507 2804 600 2824 rursus
625 2798 694 2824 inter
719 2804 748 2824 se
773 2797 918 2824 dicebant:

172 2890 197 2907 ”
214 2890 295 2919 Hebr.
310 2898 328 2922 ι,
341 2890 357 2916 3
405 2888 427 2904 "
445 2887 524 2915 Miclt.
539 2894 563 2918 ν,
579 2886 605 2913 2.

975 2289 1040 2321 Θεὸς
1053 2289 1091 2316 ὢν
1106 2289 1196 2324 φύσει,
1223 2291 1269 2316 καὶ
1293 2290 1342 2324 τῆς
1362 2289 1504 2325 ὑπάρξεως
1524 2290 1574 2325 τὴν
1593 2290 1682 2325 ἀρχὴν
1709 2291 1762 2317 ἄπ-

975 2336 1059 2362 οπτόν
1073 2343 1103 2362 τε
1118 2336 1165 2361 καὶ
1186 2335 1378 2370 ἀκατάληπτον
1399 2335 1478 2370 ἔχων,
1494 2336 1684 2370 κεχρημάτικε
1709 2336 1763 2370 Βη-

975 2382 1131 2416 Θλεεμίτης,
1149 2381 1185 2413 ὡς
1200 2382 1233 2408 ὲκ
1248 2381 1327 2416 ῥίζης
1347 2382 1446 2408 Ἰεσσαὶ
1461 2382 1508 2408 καὶ
1521 2381 1612 2413 Δαὸὶδ,
1624 2382 1683 2408 ἐκεῖ
1699 2390 1762 2416 γεν-

974 2428 1066 2462 νηθεὶς
1079 2427 1148 2454 κατὰ
1170 2427 1268 2463 σάρκα,
1285 2427 1352 2462 πρὸς
1367 2427 1497 2462 ἀλλήλους
1519 2427 1656 2462 ἔφασκον·
1675 2437 1685 2452 ι
1707 2428 1763 2463 Οὐχ

977 2472 1054 2505 οὗτός
1083 2475 1157 2500 ἐστιν
1176 2473 1205 2500 ὃν
1237 2474 1363 2509 ζητοῦσιν
1385 2474 1563 2506 ἀποκτεῖναι;
1583 2474 1635 2500 Ἴδε
1655 2475 1764 2509 παρῥη-

976 2520 1022 2556 σίᾳ
1041 2520 1126 2552 λαλεῖ,
1146 2519 1192 2546 καὶ
1207 2519 1283 2546 οὐδὲν
1307 2519 1381 2554 αὐτῷ
1396 2520 1504 2553 λέγουσι
1518 2527 1523 2533 ·
1542 2520 1579 2554 μή
1596 2528 1662 2545 ποτε
1677 2519 1763 2553 ἐγνω-

974 2575 1024 2593 σαν
1046 2567 1071 2592 οἱ
1093 2566 1231 2601 ἄρχοντες,
1249 2566 1290 2591 ὅτι
1305 2563 1381 2597 οὗτός
1396 2566 1471 2592 ἐστιν
1492 2566 1507 2592 ὁ
1520 2565 1653 2600 Χριστός;
1683 2565 1764 2592 Ἀλλὰ

970 2612 1064 2639 τοῦτον
1077 2612 1187 2647 οἴδαμεν
1199 2611 1280 2638 πόθεν
1293 2612 1366 2639 ἐστίν
1377 2620 1383 2626 ·
1399 2613 1413 2638 ὁ
1427 2612 1457 2639 δὲ
1467 2612 1584 2647 Χριστὸς
1599 2612 1665 2639 ὅταν
1680 2612 1763 2647 ἔρχη-

970 2666 1025 2689 ται,
1039 2657 1125 2688 οὐδεὶς
1143 2656 1272 2690 γινώσκει
1289 2656 1370 2683 πόθεν
1381 2657 1464 2684 ἐστιν.
1477 2667 1486 2683 ι
1503 2658 1621 2684 Ἤκουον
1638 2657 1702 2693 γὰρ,
1726 2658 1763 2689 ῶς

970 2702 1049 2737 ἔφην,
1068 2702 1115 2728 τοῦ
1136 2703 1275 2738 προφήτου
1300 2703 1424 2736 λέγοντος
1444 2703 1585 2739 ἐναργῶς·
1609 2714 1618 2729 ι
1638 2704 1695 2738 Τὴν
1714 2711 1761 2736 γεσ

973 2749 1035 2775 νεὰν
1046 2747 1126 2774 αὑτοῦ
1136 2747 1176 2779 τίς
1184 2747 1343 2782 διηγήσεται
1355 2755 1362 2780 ;
1374 2759 1384 2772 ι
1395 2748 1441 2774 καὶ
1453 2748 1494 2775 ὅτι
1507 2748 1556 2780 τὰς
1570 2748 1686 2781 ἐξόδους,
1701 2748 1762 2782 ἦτοι

973 2794 1022 2829 τὴν
1036 2793 1151 2829 ὓπαρξιν
1167 2794 1220 2828 πρὸ
1238 2793 1337 2825 παντὸς
1350 2793 1447 2826 αἰῶνος
1466 2793 1532 2829 ἔχει.
1549 2793 1645 2829 ’Δθρει
1665 2793 1698 2830 δή
1718 2801 1763 2828 μοι

644 2887 667 2902 ⁸⁸
684 2885 733 2913 lsa.
747 2894 803 2919 Lm,
817 2887 842 2914 8.
868 2886 915 2921 ﬂ"
936 2886 986 2914 lsa.
1003 2893 1038 2918 x1,
1055 2886 1078 2912 l.
1118 2885 1140 2900 "
1158 2884 1236 2912 Joan.
1252 2892 1297 2916 vn.
1314 2885 1406 2912 25-27.
