  <div class='ocr_page' id='page_1' title='image "/cluster/home/n/w/nwhite01/storage/ocr_20150623/76/njp.32101007590019/088.png"; bbox 0 0 1883 3054; ppageno 0'>
   <div class='ocr_carea' id='block_1_1' title="bbox 108 167 151 194">
    <p class='ocr_par' dir='ltr' id='par_1_1' title="bbox 108 167 151 194">
     <span class='ocr_line' id='line_1_1' title="bbox 108 167 151 194; baseline 0.047 -2"><span class='ocrx_word' id='word_1_1' title='bbox 108 167 151 194; x_wconf 75' lang='grc' dir='ltr'><strong>ιιι</strong></span> 
     </span>
    </p>
   </div>
   <div class='ocr_carea' id='block_1_2' title="bbox 637 162 1194 195">
    <p class='ocr_par' dir='ltr' id='par_1_2' title="bbox 637 162 1194 195">
     <span class='ocr_line' id='line_1_2' title="bbox 637 162 1194 195; baseline -0.007 0"><span class='ocrx_word' id='word_1_2' title='bbox 637 165 822 195; x_wconf 79' lang='lat' dir='ltr'><strong>ADVERSUS</strong></span> <span class='ocrx_word' id='word_1_3' title='bbox 840 162 1042 193; x_wconf 78' lang='lat' dir='ltr'><strong>NESTORIUM</strong></span> <span class='ocrx_word' id='word_1_4' title='bbox 1063 164 1129 192; x_wconf 87' lang='lat' dir='ltr'><strong>LIB.</strong></span> <span class='ocrx_word' id='word_1_5' title='bbox 1151 163 1194 191; x_wconf 91' lang='lat' dir='ltr'><strong>lli.</strong></span> 
     </span>
    </p>
   </div>
   <div class='ocr_carea' id='block_1_3' title="bbox 1667 163 1718 189">
    <p class='ocr_par' dir='ltr' id='par_1_3' title="bbox 1667 163 1718 189">
     <span class='ocr_line' id='line_1_3' title="bbox 1667 163 1718 189; baseline 0 0"><span class='ocrx_word' id='word_1_6' title='bbox 1667 163 1718 189; x_wconf 64' lang='lat' dir='ltr'><strong>Ml.</strong></span> 
     </span>
    </p>
   </div>
   <div class='ocr_carea' id='block_1_4' title="bbox 105 221 877 264">
    <p class='ocr_par' dir='ltr' id='par_1_4' title="bbox 105 225 877 264">
     <span class='ocr_line' id='line_1_4' title="bbox 105 225 877 264; baseline -0.001 -10"><span class='ocrx_word' id='word_1_7' title='bbox 105 227 179 254; x_wconf 75' lang='grc' dir='ltr'>πάλιν</span> <span class='ocrx_word' id='word_1_8' title='bbox 194 226 245 260; x_wconf 79' lang='grc' dir='ltr'>τῆς</span> <span class='ocrx_word' id='word_1_9' title='bbox 265 225 401 253; x_wconf 79' lang='grc' dir='ltr'>Ἰουδαίων</span> <span class='ocrx_word' id='word_1_10' title='bbox 416 227 615 264; x_wconf 80' lang='grc' dir='ltr'>ἐμϐροντησὶας</span> <span class='ocrx_word' id='word_1_11' title='bbox 633 229 664 255; x_wconf 80' lang='grc' dir='ltr'><strong>τὸ</strong></span> <span class='ocrx_word' id='word_1_12' title='bbox 680 227 810 263; x_wconf 85' lang='grc' dir='ltr'>μέγεθος·</span> <span class='ocrx_word' id='word_1_13' title='bbox 829 227 877 261; x_wconf 62' lang='grc' dir='ltr'>ερας</span> 
     </span>
    </p>
   </div>
   <div class='ocr_carea' id='block_1_5' title="bbox 930 221 1718 264">
    <p class='ocr_par' dir='ltr' id='par_1_5' title="bbox 937 221 1718 261">
     <span class='ocr_line' id='line_1_5' title="bbox 937 221 1718 261; baseline -0.004 -10"><span class='ocrx_word' id='word_1_14' title='bbox 937 235 946 251; x_wconf 73' lang='grc' dir='ltr'><strong>ι</strong></span> <span class='ocrx_word' id='word_1_15' title='bbox 966 225 1014 253; x_wconf 83' lang='lat' dir='ltr'><strong>Hic</strong></span> <span class='ocrx_word' id='word_1_16' title='bbox 1025 231 1066 254; x_wconf 89' lang='lat' dir='ltr'><strong>est</strong></span> <span class='ocrx_word' id='word_1_17' title='bbox 1082 233 1143 253; x_wconf 84' lang='lat' dir='ltr'><strong>vere</strong></span> <span class='ocrx_word' id='word_1_18' title='bbox 1163 225 1292 261; x_wconf 87' lang='lat' dir='ltr'><strong>propheta</strong></span> <span class='ocrx_word' id='word_1_19' title='bbox 1307 231 1314 250; x_wconf 86' lang='lat'>:</span> <span class='ocrx_word' id='word_1_20' title='bbox 1332 223 1377 252; x_wconf 84' lang='lat' dir='ltr'>alii</span> <span class='ocrx_word' id='word_1_21' title='bbox 1393 230 1456 250; x_wconf 85' lang='lat' dir='ltr'><strong>vero</strong></span> <span class='ocrx_word' id='word_1_22' title='bbox 1473 221 1608 255; x_wconf 73' lang='lat' dir='ltr'><strong>dicebant,</strong></span> <span class='ocrx_word' id='word_1_23' title='bbox 1620 222 1718 256; x_wconf 80' lang='lat' dir='ltr'><strong>inquit,</strong></span> 
     </span>
    </p>
   </div>
   <div class='ocr_carea' id='block_1_6' title="bbox 106 271 881 310">
    <p class='ocr_par' dir='ltr' id='par_1_6' title="bbox 106 271 881 310">
     <span class='ocr_line' id='line_1_6' title="bbox 106 271 881 310; baseline 0 -12"><span class='ocrx_word' id='word_1_24' title='bbox 106 280 208 303; x_wconf 75' lang='grc' dir='ltr'>σκοντες</span> <span class='ocrx_word' id='word_1_25' title='bbox 223 271 278 307; x_wconf 84' lang='grc' dir='ltr'>γάρ</span> <span class='ocrx_word' id='word_1_26' title='bbox 291 281 297 289; x_wconf 93' lang='grc'>·</span> <span class='ocrx_word' id='word_1_27' title='bbox 316 281 324 298; x_wconf 82' lang='grc' dir='ltr'><strong>ι</strong></span> <span class='ocrx_word' id='word_1_28' title='bbox 350 273 379 299; x_wconf 84' lang='grc'><strong>’0</strong></span> <span class='ocrx_word' id='word_1_29' title='bbox 394 273 511 308; x_wconf 80' lang='grc' dir='ltr'>Χριστὸς</span> <span class='ocrx_word' id='word_1_30' title='bbox 523 274 587 300; x_wconf 85' lang='grc' dir='ltr'>ὅταν</span> <span class='ocrx_word' id='word_1_31' title='bbox 601 274 723 310; x_wconf 74' lang='grc' dir='ltr'>ἔρχηται,</span> <span class='ocrx_word' id='word_1_32' title='bbox 737 273 824 304; x_wconf 78' lang='grc' dir='ltr'>οὐδεὶς</span> <span class='ocrx_word' id='word_1_33' title='bbox 838 280 881 306; x_wconf 89' lang='grc' dir='ltr'>γι-</span> 
     </span>
    </p>
   </div>
   <div class='ocr_carea' id='block_1_7' title="bbox 105 317 880 355">
    <p class='ocr_par' dir='ltr' id='par_1_7' title="bbox 105 317 880 355">
     <span class='ocr_line' id='line_1_7' title="bbox 105 317 880 355; baseline -0.001 -10"><span class='ocrx_word' id='word_1_34' title='bbox 105 318 195 345; x_wconf 81' lang='grc' dir='ltr'>νώσκει</span> <span class='ocrx_word' id='word_1_35' title='bbox 208 317 291 343; x_wconf 80' lang='grc' dir='ltr'>πόθεν</span> <span class='ocrx_word' id='word_1_36' title='bbox 302 318 378 344; x_wconf 66' lang='grc' dir='ltr'>ἐστι·</span> <span class='ocrx_word' id='word_1_37' title='bbox 398 327 407 344; x_wconf 80' lang='grc' dir='ltr'><strong>ι</strong></span> <span class='ocrx_word' id='word_1_38' title='bbox 428 318 509 345; x_wconf 84' lang='grc' dir='ltr'>πάλιν</span> <span class='ocrx_word' id='word_1_39' title='bbox 531 320 598 355; x_wconf 80' lang='grc' dir='ltr'>πρὸς</span> <span class='ocrx_word' id='word_1_40' title='bbox 619 319 750 355; x_wconf 81' lang='grc' dir='ltr'><strong>ἀλλήλους</strong></span> <span class='ocrx_word' id='word_1_41' title='bbox 771 318 880 353; x_wconf 72' lang='grc' dir='ltr'>ελεγον·</span> 
     </span>
    </p>
   </div>
   <div class='ocr_carea' id='block_1_8' title="bbox 108 361 881 401">
    <p class='ocr_par' dir='ltr' id='par_1_8' title="bbox 108 361 881 401">
     <span class='ocr_line' id='line_1_8' title="bbox 108 361 881 401; baseline 0.003 -12"><span class='ocrx_word' id='word_1_42' title='bbox 108 374 117 389; x_wconf 72' lang='grc' dir='ltr'><strong><em>ε</em></strong></span> <span class='ocrx_word' id='word_1_43' title='bbox 131 361 208 395; x_wconf 71' lang='grc' dir='ltr'>Οὗτός</span> <span class='ocrx_word' id='word_1_44' title='bbox 223 364 299 390; x_wconf 78' lang='grc' dir='ltr'>ἐστιν</span> <span class='ocrx_word' id='word_1_45' title='bbox 313 363 420 398; x_wconf 83' lang='grc' dir='ltr'>ἀληθῶς</span> <span class='ocrx_word' id='word_1_46' title='bbox 438 364 452 391; x_wconf 89' lang='lat'><strong>6</strong></span> <span class='ocrx_word' id='word_1_47' title='bbox 468 365 610 401; x_wconf 70' lang='grc' dir='ltr'>προφήτης</span> <span class='ocrx_word' id='word_1_48' title='bbox 622 374 630 382; x_wconf 69' lang='grc' dir='ltr'><strong>ο</strong></span> <span class='ocrx_word' id='word_1_49' title='bbox 644 365 718 393; x_wconf 77' lang='grc' dir='ltr'>ἄλλοι</span> <span class='ocrx_word' id='word_1_50' title='bbox 732 366 760 392; x_wconf 77' lang='grc' dir='ltr'>δὲ</span> <span class='ocrx_word' id='word_1_51' title='bbox 778 365 881 400; x_wconf 77' lang='grc' dir='ltr'>ἔλεγον,</span> 
     </span>
    </p>
   </div>
   <div class='ocr_carea' id='block_1_9' title="bbox 105 409 881 447">
    <p class='ocr_par' dir='ltr' id='par_1_9' title="bbox 105 409 881 447">
     <span class='ocr_line' id='line_1_9' title="bbox 105 409 881 447; baseline 0.004 -12"><span class='ocrx_word' id='word_1_52' title='bbox 105 410 188 445; x_wconf 77' lang='grc' dir='ltr'>φησιν,</span> <span class='ocrx_word' id='word_1_53' title='bbox 201 410 243 436; x_wconf 83' lang='grc' dir='ltr'>ὅτι</span> <span class='ocrx_word' id='word_1_54' title='bbox 258 409 346 441; x_wconf 79' lang='grc' dir='ltr'>Αὐτός</span> <span class='ocrx_word' id='word_1_55' title='bbox 357 411 431 437; x_wconf 78' lang='grc' dir='ltr'>ἐστιν</span> <span class='ocrx_word' id='word_1_56' title='bbox 444 411 458 437; x_wconf 90' lang='lat'><strong>6</strong></span> <span class='ocrx_word' id='word_1_57' title='bbox 477 411 594 447; x_wconf 77' lang='grc' dir='ltr'>Χριστός</span> <span class='ocrx_word' id='word_1_58' title='bbox 604 420 611 426; x_wconf 90' lang='grc'>·</span> <span class='ocrx_word' id='word_1_59' title='bbox 630 413 654 439; x_wconf 76' lang='grc' dir='ltr'><strong>οἱ</strong></span> <span class='ocrx_word' id='word_1_60' title='bbox 671 412 699 438; x_wconf 78' lang='grc' dir='ltr'>δὲ</span> <span class='ocrx_word' id='word_1_61' title='bbox 714 411 817 446; x_wconf 58' lang='grc' dir='ltr'>ἕλε-(ον’</span> <span class='ocrx_word' id='word_1_62' title='bbox 835 411 881 447; x_wconf 85' lang='grc' dir='ltr'><strong>Μὴ</strong></span> 
     </span>
    </p>
   </div>
   <div class='ocr_carea' id='block_1_10' title="bbox 104 455 881 494">
    <p class='ocr_par' dir='ltr' id='par_1_10' title="bbox 104 455 881 494">
     <span class='ocr_line' id='line_1_10' title="bbox 104 455 881 494; baseline 0.004 -13"><span class='ocrx_word' id='word_1_63' title='bbox 104 456 152 490; x_wconf 73' lang='grc' dir='ltr'>γὰρ</span> <span class='ocrx_word' id='word_1_64' title='bbox 172 456 204 481; x_wconf 81' lang='grc' dir='ltr'>ἐκ</span> <span class='ocrx_word' id='word_1_65' title='bbox 226 456 276 490; x_wconf 85' lang='grc' dir='ltr'>τῆς</span> <span class='ocrx_word' id='word_1_66' title='bbox 302 455 448 488; x_wconf 80' lang='grc' dir='ltr'><strong>Γαλιλαίας</strong></span> <span class='ocrx_word' id='word_1_67' title='bbox 471 458 485 483; x_wconf 98' lang='lat'><strong>6</strong></span> <span class='ocrx_word' id='word_1_68' title='bbox 500 458 618 492; x_wconf 83' lang='grc' dir='ltr'>Χριστὸς</span> <span class='ocrx_word' id='word_1_69' title='bbox 638 458 763 494; x_wconf 80' lang='grc' dir='ltr'>ἐρχεται;</span> <span class='ocrx_word' id='word_1_70' title='bbox 788 457 848 492; x_wconf 76' lang='grc' dir='ltr'>οὐχὶ</span> <span class='ocrx_word' id='word_1_71' title='bbox 864 458 881 493; x_wconf 84' lang='grc' dir='ltr'>ἡ</span> 
     </span>
    </p>
   </div>
   <div class='ocr_carea' id='block_1_11' title="bbox 103 498 883 539">
    <p class='ocr_par' dir='ltr' id='par_1_11' title="bbox 103 498 883 539">
     <span class='ocr_line' id='line_1_11' title="bbox 103 498 883 539; baseline 0.004 -12"><span class='ocrx_word' id='word_1_72' title='bbox 103 501 188 536; x_wconf 79' lang='grc' dir='ltr'>Γραφὴ</span> <span class='ocrx_word' id='word_1_73' title='bbox 210 498 289 528; x_wconf 74' lang='grc' dir='ltr'>εἶπεν</span> <span class='ocrx_word' id='word_1_74' title='bbox 303 501 344 528; x_wconf 83' lang='grc' dir='ltr'>ὅτι</span> <span class='ocrx_word' id='word_1_75' title='bbox 357 502 390 528; x_wconf 81' lang='grc' dir='ltr'><strong>ὲκ</strong></span> <span class='ocrx_word' id='word_1_76' title='bbox 407 501 566 538; x_wconf 86' lang='grc' dir='ltr'>σπέρματος</span> <span class='ocrx_word' id='word_1_77' title='bbox 583 503 676 534; x_wconf 72' lang='grc' dir='ltr'>Δαὸὶδ,</span> <span class='ocrx_word' id='word_1_78' title='bbox 690 503 738 530; x_wconf 76' lang='grc' dir='ltr'><strong>καὶ</strong></span> <span class='ocrx_word' id='word_1_79' title='bbox 759 503 813 530; x_wconf 84' lang='grc' dir='ltr'>ἀπὺ</span> <span class='ocrx_word' id='word_1_80' title='bbox 829 503 883 539; x_wconf 89' lang='grc' dir='ltr'><strong>Βη-</strong></span> 
     </span>
    </p>
   </div>
   <div class='ocr_carea' id='block_1_12' title="bbox 104 546 882 585">
    <p class='ocr_par' dir='ltr' id='par_1_12' title="bbox 104 546 882 585">
     <span class='ocr_line' id='line_1_12' title="bbox 104 546 882 585; baseline 0.004 -12"><span class='ocrx_word' id='word_1_81' title='bbox 104 547 177 581; x_wconf 82' lang='grc' dir='ltr'>θλιὲμ</span> <span class='ocrx_word' id='word_1_82' title='bbox 189 547 241 582; x_wconf 80' lang='grc' dir='ltr'>τῆς</span> <span class='ocrx_word' id='word_1_83' title='bbox 262 547 372 582; x_wconf 82' lang='grc' dir='ltr'><strong>κώμης,</strong></span> <span class='ocrx_word' id='word_1_84' title='bbox 396 548 463 574; x_wconf 80' lang='grc' dir='ltr'>ὅπου</span> <span class='ocrx_word' id='word_1_85' title='bbox 482 546 515 584; x_wconf 81' lang='grc' dir='ltr'>ἦν</span> <span class='ocrx_word' id='word_1_86' title='bbox 530 548 621 582; x_wconf 72' lang='grc' dir='ltr'>Δαϐὶδ,</span> <span class='ocrx_word' id='word_1_87' title='bbox 641 549 656 575; x_wconf 93' lang='lat'><strong>6</strong></span> <span class='ocrx_word' id='word_1_88' title='bbox 672 549 788 585; x_wconf 81' lang='grc' dir='ltr'>Χριστὸς</span> <span class='ocrx_word' id='word_1_89' title='bbox 802 549 882 585; x_wconf 71' lang='grc' dir='ltr'>ἔρχε-</span> 
     </span>
    </p>
   </div>
   <div class='ocr_carea' id='block_1_13' title="bbox 103 591 882 630">
    <p class='ocr_par' dir='ltr' id='par_1_13' title="bbox 103 591 882 630">
     <span class='ocr_line' id='line_1_13' title="bbox 103 591 882 630; baseline 0.005 -11"><span class='ocrx_word' id='word_1_90' title='bbox 103 601 156 625; x_wconf 76' lang='grc' dir='ltr'>ταις</span> <span class='ocrx_word' id='word_1_91' title='bbox 176 602 185 618; x_wconf 72' lang='grc' dir='ltr'><strong>ι</strong></span> <span class='ocrx_word' id='word_1_92' title='bbox 216 593 299 629; x_wconf 75' lang='grc' dir='ltr'>Ὁρᾷς</span> <span class='ocrx_word' id='word_1_93' title='bbox 322 591 370 620; x_wconf 74' lang='grc' dir='ltr'>οὖν</span> <span class='ocrx_word' id='word_1_94' title='bbox 393 594 467 626; x_wconf 80' lang='grc' dir='ltr'>ὅπως</span> <span class='ocrx_word' id='word_1_95' title='bbox 491 595 538 622; x_wconf 71' lang='grc' dir='ltr'><strong>καὶ</strong></span> <span class='ocrx_word' id='word_1_96' title='bbox 554 595 766 630; x_wconf 83' lang='grc' dir='ltr'>καταμεθὺουσι,</span> <span class='ocrx_word' id='word_1_97' title='bbox 785 597 830 622; x_wconf 83' lang='grc' dir='ltr'>καὶ</span> <span class='ocrx_word' id='word_1_98' title='bbox 851 596 882 622; x_wconf 80' lang='grc' dir='ltr'>τὸ</span> 
     </span>
    </p>
   </div>
   <div class='ocr_carea' id='block_1_14' title="bbox 102 637 882 676">
    <p class='ocr_par' dir='ltr' id='par_1_14' title="bbox 102 637 882 676">
     <span class='ocr_line' id='line_1_14' title="bbox 102 637 882 676; baseline 0.001 -10"><span class='ocrx_word' id='word_1_99' title='bbox 102 640 208 674; x_wconf 83' lang='grc' dir='ltr'><strong>ἄναρχον</strong></span> <span class='ocrx_word' id='word_1_100' title='bbox 225 637 336 671; x_wconf 80' lang='grc' dir='ltr'>θεῑκῶς,</span> <span class='ocrx_word' id='word_1_101' title='bbox 354 638 400 666; x_wconf 75' lang='grc' dir='ltr'><strong>καὶ</strong></span> <span class='ocrx_word' id='word_1_102' title='bbox 417 639 466 674; x_wconf 79' lang='grc' dir='ltr'>τὴν</span> <span class='ocrx_word' id='word_1_103' title='bbox 485 640 513 666; x_wconf 79' lang='grc' dir='ltr'>ἐν</span> <span class='ocrx_word' id='word_1_104' title='bbox 532 641 620 676; x_wconf 85' lang='grc' dir='ltr'>χρόνῳ</span> <span class='ocrx_word' id='word_1_105' title='bbox 642 641 767 676; x_wconf 80' lang='grc' dir='ltr'><strong>γέννησιν</strong></span> <span class='ocrx_word' id='word_1_106' title='bbox 787 649 882 676; x_wconf 86' lang='grc' dir='ltr'>σαρκι-</span> 
     </span>
    </p>
   </div>
   <div class='ocr_carea' id='block_1_15' title="bbox 103 685 882 719">
    <p class='ocr_par' dir='ltr' id='par_1_15' title="bbox 103 685 882 719">
     <span class='ocr_line' id='line_1_15' title="bbox 103 685 882 719; baseline 0.005 -9"><span class='ocrx_word' id='word_1_107' title='bbox 103 685 148 719; x_wconf 81' lang='grc' dir='ltr'><strong>κὴν</strong></span> <span class='ocrx_word' id='word_1_108' title='bbox 163 685 357 719; x_wconf 78' lang='grc' dir='ltr'>ὁμολογοῦντες</span> <span class='ocrx_word' id='word_1_109' title='bbox 375 687 474 719; x_wconf 85' lang='grc' dir='ltr'>αὐτοῦ;</span> <span class='ocrx_word' id='word_1_110' title='bbox 509 687 577 713; x_wconf 82' lang='grc' dir='ltr'><strong>Ἀλλ’</strong></span> <span class='ocrx_word' id='word_1_111' title='bbox 601 688 652 714; x_wconf 78' lang='grc' dir='ltr'><strong>οὐκ</strong></span> <span class='ocrx_word' id='word_1_112' title='bbox 673 687 706 714; x_wconf 82' lang='grc' dir='ltr'>ἂν</span> <span class='ocrx_word' id='word_1_113' title='bbox 730 689 770 719; x_wconf 85' lang='grc' dir='ltr'><strong>είς</strong></span> <span class='ocrx_word' id='word_1_114' title='bbox 796 687 882 719; x_wconf 77' lang='grc' dir='ltr'>οὕτως</span> 
     </span>
    </p>
   </div>
   <div class='ocr_carea' id='block_1_16' title="bbox 104 731 881 769">
    <p class='ocr_par' dir='ltr' id='par_1_16' title="bbox 104 731 881 769">
     <span class='ocr_line' id='line_1_16' title="bbox 104 731 881 769; baseline 0.005 -13"><span class='ocrx_word' id='word_1_115' title='bbox 104 731 226 762; x_wconf 69' lang='grc' dir='ltr'>ἐντόπους</span> <span class='ocrx_word' id='word_1_116' title='bbox 247 731 448 767; x_wconf 77' lang='grc' dir='ltr'><strong>ἀπεκομίζοντο</strong></span> <span class='ocrx_word' id='word_1_117' title='bbox 475 732 646 765; x_wconf 78' lang='grc' dir='ltr'>δυσϐουλίας,</span> <span class='ocrx_word' id='word_1_118' title='bbox 677 734 756 769; x_wconf 72' lang='grc' dir='ltr'>εἴπερ</span> <span class='ocrx_word' id='word_1_119' title='bbox 784 733 881 769; x_wconf 76' lang='grc' dir='ltr'>ᾔδεσαν</span> 
     </span>
    </p>
   </div>
   <div class='ocr_carea' id='block_1_17' title="bbox 101 776 881 815">
    <p class='ocr_par' dir='ltr' id='par_1_17' title="bbox 101 776 881 815">
     <span class='ocr_line' id='line_1_17' title="bbox 101 776 881 815; baseline 0.005 -13"><span class='ocrx_word' id='word_1_120' title='bbox 101 776 208 810; x_wconf 81' lang='grc' dir='ltr'>ἀληθῶς,</span> <span class='ocrx_word' id='word_1_121' title='bbox 225 777 265 803; x_wconf 75' lang='grc' dir='ltr'>ὅτι</span> <span class='ocrx_word' id='word_1_122' title='bbox 287 777 353 809; x_wconf 85' lang='grc' dir='ltr'><strong>Θεὸς</strong></span> <span class='ocrx_word' id='word_1_123' title='bbox 369 777 407 804; x_wconf 82' lang='grc' dir='ltr'>ὢν</span> <span class='ocrx_word' id='word_1_124' title='bbox 429 779 444 805; x_wconf 89' lang='grc' dir='ltr'><strong><em>ὁ</em></strong></span> <span class='ocrx_word' id='word_1_125' title='bbox 455 779 550 813; x_wconf 83' lang='grc' dir='ltr'>Λόγος,</span> <span class='ocrx_word' id='word_1_126' title='bbox 565 780 596 806; x_wconf 83' lang='grc' dir='ltr'><strong>ὲκ</strong></span> <span class='ocrx_word' id='word_1_127' title='bbox 614 778 692 815; x_wconf 76' lang='grc' dir='ltr'>ῥίζης</span> <span class='ocrx_word' id='word_1_128' title='bbox 712 779 762 815; x_wconf 81' lang='grc' dir='ltr'><strong>τῆς</strong></span> <span class='ocrx_word' id='word_1_129' title='bbox 784 779 881 806; x_wconf 78' lang='grc' dir='ltr'>Ἰεσσαὶ</span> 
     </span>
    </p>
   </div>
   <div class='ocr_carea' id='block_1_18' title="bbox 101 821 882 861">
    <p class='ocr_par' dir='ltr' id='par_1_18' title="bbox 101 821 882 861">
     <span class='ocr_line' id='line_1_18' title="bbox 101 821 882 861; baseline 0.004 -12"><span class='ocrx_word' id='word_1_130' title='bbox 101 822 142 849; x_wconf 82' lang='grc' dir='ltr'>καὶ</span> <span class='ocrx_word' id='word_1_131' title='bbox 153 821 240 854; x_wconf 75' lang='grc' dir='ltr'>Δαεὶδ,</span> <span class='ocrx_word' id='word_1_132' title='bbox 259 823 309 849; x_wconf 75' lang='grc' dir='ltr'><strong>καὶ</strong></span> <span class='ocrx_word' id='word_1_133' title='bbox 322 823 373 858; x_wconf 86' lang='grc' dir='ltr'>τῆς</span> <span class='ocrx_word' id='word_1_134' title='bbox 385 824 465 858; x_wconf 82' lang='grc' dir='ltr'>ἁγίας</span> <span class='ocrx_word' id='word_1_135' title='bbox 481 824 619 860; x_wconf 82' lang='grc' dir='ltr'>Παρθένου</span> <span class='ocrx_word' id='word_1_136' title='bbox 630 824 765 861; x_wconf 78' lang='grc' dir='ltr'><strong>προῆλθεν</strong></span> <span class='ocrx_word' id='word_1_137' title='bbox 778 825 882 861; x_wconf 79' lang='grc' dir='ltr'>ἄνθρω-</span> 
     </span>
    </p>
   </div>
   <div class='ocr_carea' id='block_1_19' title="bbox 101 867 882 907">
    <p class='ocr_par' dir='ltr' id='par_1_19' title="bbox 101 867 882 907">
     <span class='ocr_line' id='line_1_19' title="bbox 101 867 882 907; baseline 0.006 -14"><span class='ocrx_word' id='word_1_138' title='bbox 101 876 152 900; x_wconf 81' lang='grc' dir='ltr'>πος,</span> <span class='ocrx_word' id='word_1_139' title='bbox 175 867 333 903; x_wconf 79' lang='grc' dir='ltr'>ὠνόμασται</span> <span class='ocrx_word' id='word_1_140' title='bbox 348 869 377 895; x_wconf 81' lang='grc' dir='ltr'>δὲ</span> <span class='ocrx_word' id='word_1_141' title='bbox 400 870 447 897; x_wconf 78' lang='grc' dir='ltr'><strong>καὶ</strong></span> <span class='ocrx_word' id='word_1_142' title='bbox 463 870 657 906; x_wconf 82' lang='grc' dir='ltr'>Βηθλεεμίτης,</span> <span class='ocrx_word' id='word_1_143' title='bbox 674 872 688 898; x_wconf 84' lang='lat'><strong>6</strong></span> <span class='ocrx_word' id='word_1_144' title='bbox 712 872 764 907; x_wconf 83' lang='grc' dir='ltr'><strong>γῆς</strong></span> <span class='ocrx_word' id='word_1_145' title='bbox 787 880 818 898; x_wconf 83' lang='grc' dir='ltr'><strong>τε</strong></span> <span class='ocrx_word' id='word_1_146' title='bbox 835 872 882 898; x_wconf 80' lang='grc' dir='ltr'><strong>καὶ</strong></span> 
     </span>
    </p>
   </div>
   <div class='ocr_carea' id='block_1_20' title="bbox 935 267 1717 303">
    <p class='ocr_par' dir='ltr' id='par_1_20' title="bbox 935 267 1717 303">
     <span class='ocr_line' id='line_1_20' title="bbox 935 267 1717 303; baseline -0.006 -5"><span class='ocrx_word' id='word_1_147' title='bbox 935 271 983 299; x_wconf 91' lang='lat' dir='ltr'><strong>llic</strong></span> <span class='ocrx_word' id='word_1_148' title='bbox 1003 277 1045 299; x_wconf 89' lang='lat' dir='ltr'><strong>est</strong></span> <span class='ocrx_word' id='word_1_149' title='bbox 1067 271 1206 303; x_wconf 82' lang='lat' dir='ltr'><strong>Christus;</strong></span> <span class='ocrx_word' id='word_1_150' title='bbox 1232 271 1275 297; x_wconf 85' lang='lat' dir='ltr'><strong>alii</strong></span> <span class='ocrx_word' id='word_1_151' title='bbox 1296 269 1420 298; x_wconf 88' lang='lat' dir='ltr'><strong>dicebant</strong></span> <span class='ocrx_word' id='word_1_152' title='bbox 1437 267 1526 296; x_wconf 82' lang='lat' dir='ltr'><strong>:Num</strong></span> <span class='ocrx_word' id='word_1_153' title='bbox 1549 275 1581 295; x_wconf 76' lang='lat' dir='ltr'><strong>ex</strong></span> <span class='ocrx_word' id='word_1_154' title='bbox 1610 267 1717 295; x_wconf 69' lang='lat' dir='ltr'><strong>Galilzra</strong></span> 
     </span>
    </p>
   </div>
   <div class='ocr_carea' id='block_1_21' title="bbox 933 314 1718 350">
    <p class='ocr_par' dir='ltr' id='par_1_21' title="bbox 933 314 1718 350">
     <span class='ocr_line' id='line_1_21' title="bbox 933 314 1718 350; baseline -0.008 -5"><span class='ocrx_word' id='word_1_155' title='bbox 933 318 1058 345; x_wconf 85' lang='lat' dir='ltr'><strong>Christus</strong></span> <span class='ocrx_word' id='word_1_156' title='bbox 1077 317 1169 344; x_wconf 83' lang='lat' dir='ltr'><strong>venit?</strong></span> <span class='ocrx_word' id='word_1_157' title='bbox 1182 323 1269 343; x_wconf 84' lang='lat' dir='ltr'><strong>nonne</strong></span> <span class='ocrx_word' id='word_1_158' title='bbox 1290 315 1430 350; x_wconf 78' lang='lat' dir='ltr'><strong>Scriptura</strong></span> <span class='ocrx_word' id='word_1_159' title='bbox 1450 315 1524 346; x_wconf 80' lang='lat' dir='ltr'><strong>dicit,</strong></span> <span class='ocrx_word' id='word_1_160' title='bbox 1541 314 1611 348; x_wconf 91' lang='lat' dir='ltr'><strong>quod</strong></span> <span class='ocrx_word' id='word_1_161' title='bbox 1629 320 1661 340; x_wconf 81' lang='lat' dir='ltr'><strong>ex</strong></span> <span class='ocrx_word' id='word_1_162' title='bbox 1677 320 1718 340; x_wconf 89' lang='lat' dir='ltr'><strong>se-</strong></span> 
     </span>
    </p>
   </div>
   <div class='ocr_carea' id='block_1_22' title="bbox 933 359 1716 392">
    <p class='ocr_par' dir='ltr' id='par_1_22' title="bbox 933 359 1716 392">
     <span class='ocr_line' id='line_1_22' title="bbox 933 359 1716 392; baseline -0.006 -2"><span class='ocrx_word' id='word_1_163' title='bbox 933 363 1003 390; x_wconf 84' lang='lat' dir='ltr'><strong>mine</strong></span> <span class='ocrx_word' id='word_1_164' title='bbox 1016 363 1096 390; x_wconf 80' lang='lat' dir='ltr'><strong>David</strong></span> <span class='ocrx_word' id='word_1_165' title='bbox 1111 367 1136 390; x_wconf 86' lang='lat' dir='ltr'><strong>et</strong></span> <span class='ocrx_word' id='word_1_166' title='bbox 1146 364 1179 390; x_wconf 89' lang='lat' dir='ltr'><strong>de</strong></span> <span class='ocrx_word' id='word_1_167' title='bbox 1187 361 1343 389; x_wconf 80' lang='lat' dir='ltr'><strong>Bethleltetu</strong></span> <span class='ocrx_word' id='word_1_168' title='bbox 1358 361 1479 392; x_wconf 87' lang='lat' dir='ltr'><strong>castello,</strong></span> <span class='ocrx_word' id='word_1_169' title='bbox 1497 361 1540 388; x_wconf 91' lang='lat' dir='ltr'><strong>ubi</strong></span> <span class='ocrx_word' id='word_1_170' title='bbox 1553 364 1611 388; x_wconf 84' lang='lat' dir='ltr'><strong>erat</strong></span> <span class='ocrx_word' id='word_1_171' title='bbox 1623 359 1716 390; x_wconf 85' lang='lat' dir='ltr'><strong>David.</strong></span> 
     </span>
    </p>
   </div>
   <div class='ocr_carea' id='block_1_23' title="bbox 932 404 1717 439">
    <p class='ocr_par' dir='ltr' id='par_1_23' title="bbox 932 404 1717 439">
     <span class='ocr_line' id='line_1_23' title="bbox 932 404 1717 439; baseline -0.006 -3"><span class='ocrx_word' id='word_1_172' title='bbox 932 409 1056 436; x_wconf 79' lang='lat' dir='ltr'><strong>Christus</strong></span> <span class='ocrx_word' id='word_1_173' title='bbox 1072 409 1144 436; x_wconf 89' lang='lat' dir='ltr'><strong>venit</strong></span> <span class='ocrx_word' id='word_1_174' title='bbox 1155 408 1235 434; x_wconf 75' lang='lat'><strong>“~&quot;?</strong></span> <span class='ocrx_word' id='word_1_175' title='bbox 1249 418 1258 434; x_wconf 73' lang='grc' dir='ltr'><strong>ι</strong></span> <span class='ocrx_word' id='word_1_176' title='bbox 1277 407 1355 435; x_wconf 83' lang='lat' dir='ltr'><strong>Vides</strong></span> <span class='ocrx_word' id='word_1_177' title='bbox 1373 412 1401 433; x_wconf 91' lang='lat' dir='ltr'><strong>ut</strong></span> <span class='ocrx_word' id='word_1_178' title='bbox 1417 407 1564 438; x_wconf 81' lang='lat' dir='ltr'><strong>insaniunt,</strong></span> <span class='ocrx_word' id='word_1_179' title='bbox 1579 406 1643 433; x_wconf 83' lang='lat' dir='ltr'><strong>dum</strong></span> <span class='ocrx_word' id='word_1_180' title='bbox 1658 404 1717 439; x_wconf 72' lang='lat' dir='ltr'><strong>eius</strong></span> 
     </span>
    </p>
   </div>
   <div class='ocr_carea' id='block_1_24' title="bbox 933 451 1717 488">
    <p class='ocr_par' dir='ltr' id='par_1_24' title="bbox 933 451 1717 488">
     <span class='ocr_line' id='line_1_24' title="bbox 933 451 1717 488; baseline -0.006 -6"><span class='ocrx_word' id='word_1_181' title='bbox 933 460 1057 482; x_wconf 83' lang='lat' dir='ltr'><strong>naturam</strong></span> <span class='ocrx_word' id='word_1_182' title='bbox 1073 455 1150 482; x_wconf 91' lang='lat' dir='ltr'><strong>initio</strong></span> <span class='ocrx_word' id='word_1_183' title='bbox 1161 459 1307 486; x_wconf 86' lang='lat' dir='ltr'><strong>carentem,</strong></span> <span class='ocrx_word' id='word_1_184' title='bbox 1323 453 1393 488; x_wconf 90' lang='lat' dir='ltr'><strong>quod</strong></span> <span class='ocrx_word' id='word_1_185' title='bbox 1410 453 1443 480; x_wconf 82' lang='lat' dir='ltr'><strong>ad</strong></span> <span class='ocrx_word' id='word_1_186' title='bbox 1460 452 1628 479; x_wconf 75' lang='lat' dir='ltr'><strong>divinitatem</strong></span> <span class='ocrx_word' id='word_1_187' title='bbox 1652 451 1699 477; x_wconf 88' lang='lat' dir='ltr'><strong>atti</strong></span> <span class='ocrx_word' id='word_1_188' title='bbox 1710 466 1717 470; x_wconf 93' lang='lat'><strong><em>-</em></strong></span> 
     </span>
    </p>
   </div>
   <div class='ocr_carea' id='block_1_25' title="bbox 933 496 1718 534">
    <p class='ocr_par' dir='ltr' id='par_1_25' title="bbox 933 496 1718 534">
     <span class='ocr_line' id='line_1_25' title="bbox 933 496 1718 534; baseline -0.006 -6"><span class='ocrx_word' id='word_1_189' title='bbox 933 506 989 532; x_wconf 84' lang='lat' dir='ltr'><strong>uel.</strong></span> <span class='ocrx_word' id='word_1_190' title='bbox 1003 506 1029 528; x_wconf 89' lang='lat' dir='ltr'><strong>et</strong></span> <span class='ocrx_word' id='word_1_191' title='bbox 1039 500 1174 528; x_wconf 82' lang='lat' dir='ltr'><strong>carnalem</strong></span> <span class='ocrx_word' id='word_1_192' title='bbox 1186 500 1214 526; x_wconf 89' lang='lat' dir='ltr'><strong>in</strong></span> <span class='ocrx_word' id='word_1_193' title='bbox 1230 503 1350 534; x_wconf 89' lang='lat' dir='ltr'><strong>tempore</strong></span> <span class='ocrx_word' id='word_1_194' title='bbox 1362 499 1561 533; x_wconf 81' lang='lat' dir='ltr'><strong>generationem</strong></span> <span class='ocrx_word' id='word_1_195' title='bbox 1584 496 1718 524; x_wconf 78' lang='lat' dir='ltr'><strong>fatentur?</strong></span> 
     </span>
    </p>
   </div>
   <div class='ocr_carea' id='block_1_26' title="bbox 933 543 1718 582">
    <p class='ocr_par' dir='ltr' id='par_1_26' title="bbox 933 543 1718 582">
     <span class='ocr_line' id='line_1_26' title="bbox 933 543 1718 582; baseline -0.006 -8"><span class='ocrx_word' id='word_1_196' title='bbox 933 547 985 574; x_wconf 86' lang='lat' dir='ltr'><strong>Sed</strong></span> <span class='ocrx_word' id='word_1_197' title='bbox 998 554 1134 582; x_wconf 91' lang='lat' dir='ltr'><strong>nunquam</strong></span> <span class='ocrx_word' id='word_1_198' title='bbox 1150 546 1176 573; x_wconf 88' lang='lat' dir='ltr'><strong>in</strong></span> <span class='ocrx_word' id='word_1_199' title='bbox 1193 552 1245 572; x_wconf 91' lang='lat' dir='ltr'><strong>tam</strong></span> <span class='ocrx_word' id='word_1_200' title='bbox 1256 545 1387 572; x_wconf 86' lang='lat' dir='ltr'><strong>absurdas</strong></span> <span class='ocrx_word' id='word_1_201' title='bbox 1399 545 1556 579; x_wconf 83' lang='lat' dir='ltr'><strong>ineptasque</strong></span> <span class='ocrx_word' id='word_1_202' title='bbox 1569 543 1718 570; x_wconf 86' lang='lat' dir='ltr'><strong>sententias</strong></span> 
     </span>
    </p>
   </div>
   <div class='ocr_carea' id='block_1_27' title="bbox 932 588 1715 624">
    <p class='ocr_par' dir='ltr' id='par_1_27' title="bbox 932 588 1715 624">
     <span class='ocr_line' id='line_1_27' title="bbox 932 588 1715 624; baseline -0.006 -5"><span class='ocrx_word' id='word_1_203' title='bbox 932 592 1040 620; x_wconf 85' lang='lat' dir='ltr'><strong>abducti</strong></span> <span class='ocrx_word' id='word_1_204' title='bbox 1048 596 1149 624; x_wconf 83' lang='lat' dir='ltr'><strong>essent,</strong></span> <span class='ocrx_word' id='word_1_205' title='bbox 1161 592 1184 620; x_wconf 88' lang='lat' dir='ltr'><strong>si</strong></span> <span class='ocrx_word' id='word_1_206' title='bbox 1200 599 1262 619; x_wconf 85' lang='lat' dir='ltr'><strong>vere</strong></span> <span class='ocrx_word' id='word_1_207' title='bbox 1272 590 1477 622; x_wconf 78' lang='lat' dir='ltr'><strong>intellexissent,</strong></span> <span class='ocrx_word' id='word_1_208' title='bbox 1488 591 1573 624; x_wconf 87' lang='lat' dir='ltr'><strong>ipsum</strong></span> <span class='ocrx_word' id='word_1_209' title='bbox 1587 588 1715 620; x_wconf 73' lang='lat' dir='ltr'><strong>Verbum,</strong></span> 
     </span>
    </p>
   </div>
   <div class='ocr_carea' id='block_1_28' title="bbox 932 634 1716 668">
    <p class='ocr_par' dir='ltr' id='par_1_28' title="bbox 932 634 1716 668">
     <span class='ocr_line' id='line_1_28' title="bbox 932 634 1716 668; baseline -0.006 -4"><span class='ocrx_word' id='word_1_210' title='bbox 932 645 993 664; x_wconf 90' lang='lat' dir='ltr'><strong>cum</strong></span> <span class='ocrx_word' id='word_1_211' title='bbox 1017 641 1089 664; x_wconf 87' lang='lat' dir='ltr'><strong>esset</strong></span> <span class='ocrx_word' id='word_1_212' title='bbox 1111 637 1192 668; x_wconf 85' lang='lat' dir='ltr'><strong>Deus,</strong></span> <span class='ocrx_word' id='word_1_213' title='bbox 1213 643 1245 663; x_wconf 85' lang='lat' dir='ltr'><strong>ex</strong></span> <span class='ocrx_word' id='word_1_214' title='bbox 1274 636 1366 663; x_wconf 85' lang='lat' dir='ltr'><strong>radice</strong></span> <span class='ocrx_word' id='word_1_215' title='bbox 1379 635 1455 663; x_wconf 71' lang='lat' dir='ltr'><strong>Iesse</strong></span> <span class='ocrx_word' id='word_1_216' title='bbox 1475 639 1503 661; x_wconf 90' lang='lat' dir='ltr'><strong>et</strong></span> <span class='ocrx_word' id='word_1_217' title='bbox 1528 634 1610 661; x_wconf 83' lang='lat' dir='ltr'><strong>David</strong></span> <span class='ocrx_word' id='word_1_218' title='bbox 1640 639 1665 660; x_wconf 90' lang='lat' dir='ltr'><strong>et</strong></span> <span class='ocrx_word' id='word_1_219' title='bbox 1682 641 1716 660; x_wconf 78' lang='lat' dir='ltr'><strong>ex</strong></span> 
     </span>
    </p>
   </div>
   <div class='ocr_carea' id='block_1_29' title="bbox 933 680 1717 717">
    <p class='ocr_par' dir='ltr' id='par_1_29' title="bbox 933 680 1717 717">
     <span class='ocr_line' id='line_1_29' title="bbox 933 680 1717 717; baseline -0.006 -7"><span class='ocrx_word' id='word_1_220' title='bbox 933 687 1027 710; x_wconf 86' lang='lat' dir='ltr'><strong>sancta</strong></span> <span class='ocrx_word' id='word_1_221' title='bbox 1051 682 1161 717; x_wconf 76' lang='lat' dir='ltr'><strong>Virgine</strong></span> <span class='ocrx_word' id='word_1_222' title='bbox 1177 682 1314 710; x_wconf 85' lang='lat' dir='ltr'><strong>hominem</strong></span> <span class='ocrx_word' id='word_1_223' title='bbox 1341 681 1483 716; x_wconf 88' lang='lat' dir='ltr'><strong>prodiisse,</strong></span> <span class='ocrx_word' id='word_1_224' title='bbox 1499 680 1717 715; x_wconf 82' lang='lat' dir='ltr'><strong>appellatumque</strong></span> 
     </span>
    </p>
   </div>
   <div class='ocr_carea' id='block_1_30' title="bbox 931 727 1717 762">
    <p class='ocr_par' dir='ltr' id='par_1_30' title="bbox 931 727 1717 762">
     <span class='ocr_line' id='line_1_30' title="bbox 931 727 1717 762; baseline -0.005 -6"><span class='ocrx_word' id='word_1_225' title='bbox 931 736 991 757; x_wconf 86' lang='lat' dir='ltr'><strong>esse</strong></span> <span class='ocrx_word' id='word_1_226' title='bbox 1008 728 1210 756; x_wconf 89' lang='lat' dir='ltr'><strong>Bethleemitam</strong></span> <span class='ocrx_word' id='word_1_227' title='bbox 1225 728 1312 762; x_wconf 82' lang='lat' dir='ltr'><strong>ipSum</strong></span> <span class='ocrx_word' id='word_1_228' title='bbox 1323 733 1411 759; x_wconf 63' lang='lat' dir='ltr'><strong>terrae,</strong></span> <span class='ocrx_word' id='word_1_229' title='bbox 1423 727 1484 754; x_wconf 83' lang='lat' dir='ltr'><strong>eceli</strong></span> <span class='ocrx_word' id='word_1_230' title='bbox 1516 727 1717 753; x_wconf 90' lang='lat' dir='ltr'><strong>universorum-</strong></span> 
     </span>
    </p>
   </div>
   <div class='ocr_carea' id='block_1_31' title="bbox 932 771 1718 810">
    <p class='ocr_par' dir='ltr' id='par_1_31' title="bbox 932 771 1718 810">
     <span class='ocr_line' id='line_1_31' title="bbox 932 771 1718 810; baseline -0.003 -10"><span class='ocrx_word' id='word_1_231' title='bbox 932 782 984 810; x_wconf 89' lang='lat' dir='ltr'><strong>que</strong></span> <span class='ocrx_word' id='word_1_232' title='bbox 992 774 1146 802; x_wconf 93' lang='lat' dir='ltr'><strong>Dominum.</strong></span> <span class='ocrx_word' id='word_1_233' title='bbox 1160 782 1169 800; x_wconf 83' lang='lat' dir='ltr'><strong>t</strong></span> <span class='ocrx_word' id='word_1_234' title='bbox 1179 773 1322 801; x_wconf 86' lang='lat' dir='ltr'><strong>Nobiscum</strong></span> <span class='ocrx_word' id='word_1_235' title='bbox 1337 774 1408 801; x_wconf 86' lang='lat' dir='ltr'><strong>enim</strong></span> <span class='ocrx_word' id='word_1_236' title='bbox 1419 773 1497 800; x_wconf 89' lang='lat' dir='ltr'><strong>simul</strong></span> <span class='ocrx_word' id='word_1_237' title='bbox 1510 780 1609 807; x_wconf 78' lang='lat' dir='ltr'><strong>egenus</strong></span> <span class='ocrx_word' id='word_1_238' title='bbox 1622 777 1663 799; x_wconf 85' lang='lat' dir='ltr'><strong>est</strong></span> <span class='ocrx_word' id='word_1_239' title='bbox 1678 771 1718 798; x_wconf 81' lang='lat' dir='ltr'><strong>fa-</strong></span> 
     </span>
    </p>
   </div>
   <div class='ocr_carea' id='block_1_32' title="bbox 932 817 1717 853">
    <p class='ocr_par' dir='ltr' id='par_1_32' title="bbox 932 817 1717 853">
     <span class='ocr_line' id='line_1_32' title="bbox 932 817 1717 853; baseline -0.004 -6"><span class='ocrx_word' id='word_1_240' title='bbox 932 826 1003 852; x_wconf 88' lang='lat' dir='ltr'><strong>ctus,</strong></span> <span class='ocrx_word' id='word_1_241' title='bbox 1017 827 1078 847; x_wconf 91' lang='lat' dir='ltr'><strong>cum</strong></span> <span class='ocrx_word' id='word_1_242' title='bbox 1091 819 1167 847; x_wconf 88' lang='lat' dir='ltr'><strong>dives</strong></span> <span class='ocrx_word' id='word_1_243' title='bbox 1175 824 1273 852; x_wconf 68' lang='lat' dir='ltr'><strong>esset,»</strong></span> <span class='ocrx_word' id='word_1_244' title='bbox 1285 825 1313 846; x_wconf 95' lang='lat' dir='ltr'><strong>ut</strong></span> <span class='ocrx_word' id='word_1_245' title='bbox 1326 819 1454 853; x_wconf 87' lang='lat' dir='ltr'><strong>scriptum</strong></span> <span class='ocrx_word' id='word_1_246' title='bbox 1464 824 1505 846; x_wconf 88' lang='lat' dir='ltr'><strong>est</strong></span> <span class='ocrx_word' id='word_1_247' title='bbox 1515 818 1547 844; x_wconf 74' lang='grc'><strong>⁸⁵.</strong></span> <span class='ocrx_word' id='word_1_248' title='bbox 1560 817 1717 852; x_wconf 74' lang='lat' dir='ltr'><strong>Quidigitur</strong></span> 
     </span>
    </p>
   </div>
   <div class='ocr_carea' id='block_1_33' title="bbox 933 864 1717 900">
    <p class='ocr_par' dir='ltr' id='par_1_33' title="bbox 933 864 1717 900">
     <span class='ocr_line' id='line_1_33' title="bbox 933 864 1717 900; baseline -0.005 -7"><span class='ocrx_word' id='word_1_249' title='bbox 933 866 959 893; x_wconf 91' lang='lat' dir='ltr'><strong>in</strong></span> <span class='ocrx_word' id='word_1_250' title='bbox 972 864 1124 893; x_wconf 78' lang='lat' dir='ltr'><strong>Judatorum</strong></span> <span class='ocrx_word' id='word_1_251' title='bbox 1139 872 1222 900; x_wconf 81' lang='lat' dir='ltr'><strong>nugas</strong></span> <span class='ocrx_word' id='word_1_252' title='bbox 1238 870 1263 892; x_wconf 92' lang='lat' dir='ltr'><strong>te</strong></span> <span class='ocrx_word' id='word_1_253' title='bbox 1275 866 1331 899; x_wconf 86' lang='lat' dir='ltr'><strong>ipse</strong></span> <span class='ocrx_word' id='word_1_254' title='bbox 1347 864 1469 898; x_wconf 87' lang='lat' dir='ltr'><strong>coujicis.</strong></span> <span class='ocrx_word' id='word_1_255' title='bbox 1488 869 1513 891; x_wconf 88' lang='lat' dir='ltr'><strong>et</strong></span> <span class='ocrx_word' id='word_1_256' title='bbox 1531 872 1561 890; x_wconf 72' lang='lat' dir='ltr'><strong>ea</strong></span> <span class='ocrx_word' id='word_1_257' title='bbox 1578 864 1661 890; x_wconf 85' lang='lat' dir='ltr'><strong>sentis</strong></span> <span class='ocrx_word' id='word_1_258' title='bbox 1686 871 1717 889; x_wconf 93' lang='lat' dir='ltr'><strong>ac</strong></span> 
     </span>
    </p>
   </div>
   <div class='ocr_carea' id='block_1_34' title="bbox 100 905 877 952">
    <p class='ocr_par' dir='ltr' id='par_1_34' title="bbox 100 913 877 952">
     <span class='ocr_line' id='line_1_34' title="bbox 100 913 877 952; baseline 0.006 -13"><span class='ocrx_word' id='word_1_259' title='bbox 100 913 203 949; x_wconf 75' lang='grc' dir='ltr'>οὐρανοῦ</span> <span class='ocrx_word' id='word_1_260' title='bbox 229 913 279 940; x_wconf 74' lang='grc' dir='ltr'><strong>καὶ</strong></span> <span class='ocrx_word' id='word_1_261' title='bbox 302 914 357 941; x_wconf 84' lang='grc' dir='ltr'><strong>τῶν</strong></span> <span class='ocrx_word' id='word_1_262' title='bbox 380 915 449 942; x_wconf 85' lang='grc' dir='ltr'>ὅλων</span> <span class='ocrx_word' id='word_1_263' title='bbox 465 916 618 952; x_wconf 79' lang='grc' dir='ltr'><strong>Δεσπότης·</strong></span> <span class='ocrx_word' id='word_1_264' title='bbox 638 926 648 943; x_wconf 77' lang='grc' dir='ltr'><strong>ι</strong></span> <span class='ocrx_word' id='word_1_265' title='bbox 674 917 877 952; x_wconf 82' lang='grc' dir='ltr'>Συνεπτώχευσε</span> 
     </span>
    </p>
   </div>
   <div class='ocr_carea' id='block_1_35' title="bbox 930 905 1715 952">
    <p class='ocr_par' dir='ltr' id='par_1_35' title="bbox 934 908 1715 945">
     <span class='ocr_line' id='line_1_35' title="bbox 934 908 1715 945; baseline -0.005 -8"><span class='ocrx_word' id='word_1_266' title='bbox 934 910 1079 944; x_wconf 70' lang='lat' dir='ltr'><strong>dicis,quat</strong></span> <span class='ocrx_word' id='word_1_267' title='bbox 1097 917 1183 945; x_wconf 90' lang='lat' dir='ltr'><strong>neque</strong></span> <span class='ocrx_word' id='word_1_268' title='bbox 1196 909 1284 944; x_wconf 88' lang='lat' dir='ltr'><strong>eloqui</strong></span> <span class='ocrx_word' id='word_1_269' title='bbox 1299 909 1339 936; x_wconf 87' lang='lat' dir='ltr'><strong>l&#39;as</strong></span> <span class='ocrx_word' id='word_1_270' title='bbox 1351 915 1402 941; x_wconf 90' lang='lat' dir='ltr'><strong>est,</strong></span> <span class='ocrx_word' id='word_1_271' title='bbox 1418 914 1446 936; x_wconf 89' lang='lat' dir='ltr'><strong>et</strong></span> <span class='ocrx_word' id='word_1_272' title='bbox 1469 909 1627 936; x_wconf 79' lang='lat' dir='ltr'><strong>damnosam</strong></span> <span class='ocrx_word' id='word_1_273' title='bbox 1643 908 1715 942; x_wconf 80' lang='lat' dir='ltr'><strong>cogi-</strong></span> 
     </span>
    </p>
   </div>
   <div class='ocr_carea' id='block_1_36' title="bbox 100 959 883 998">
    <p class='ocr_par' dir='ltr' id='par_1_36' title="bbox 100 959 883 998">
     <span class='ocr_line' id='line_1_36' title="bbox 100 959 883 998; baseline 0.008 -13"><span class='ocrx_word' id='word_1_274' title='bbox 100 959 147 995; x_wconf 76' lang='grc' dir='ltr'><strong>γὰρ</strong></span> <span class='ocrx_word' id='word_1_275' title='bbox 161 960 223 994; x_wconf 81' lang='grc' dir='ltr'>ἡμῖν</span> <span class='ocrx_word' id='word_1_276' title='bbox 238 959 370 992; x_wconf 86' lang='grc' dir='ltr'>πλούσιος</span> <span class='ocrx_word' id='word_1_277' title='bbox 385 961 433 993; x_wconf 83' lang='grc' dir='ltr'>ὢν,</span> <span class='ocrx_word' id='word_1_278' title='bbox 455 971 465 988; x_wconf 76' lang='grc' dir='ltr'><strong>ι</strong></span> <span class='ocrx_word' id='word_1_279' title='bbox 484 962 554 989; x_wconf 79' lang='grc' dir='ltr'>κατὰ</span> <span class='ocrx_word' id='word_1_280' title='bbox 576 962 607 989; x_wconf 79' lang='grc' dir='ltr'><strong>τὸ</strong></span> <span class='ocrx_word' id='word_1_281' title='bbox 626 963 826 998; x_wconf 86' lang='grc' dir='ltr'><strong>γεγραμμένον.</strong></span> <span class='ocrx_word' id='word_1_282' title='bbox 851 964 883 993; x_wconf 88' lang='grc' dir='ltr'><strong>Τί</strong></span> 
     </span>
    </p>
   </div>
   <div class='ocr_carea' id='block_1_37' title="bbox 100 1004 881 1044">
    <p class='ocr_par' dir='ltr' id='par_1_37' title="bbox 100 1004 881 1044">
     <span class='ocr_line' id='line_1_37' title="bbox 100 1004 881 1044; baseline 0.005 -13"><span class='ocrx_word' id='word_1_283' title='bbox 100 1004 232 1040; x_wconf 77' lang='grc' dir='ltr'>τοιγαροῦν</span> <span class='ocrx_word' id='word_1_284' title='bbox 251 1007 316 1037; x_wconf 86' lang='grc' dir='ltr'>ταῖς</span> <span class='ocrx_word' id='word_1_285' title='bbox 328 1006 384 1033; x_wconf 85' lang='grc' dir='ltr'><strong>τῶν</strong></span> <span class='ocrx_word' id='word_1_286' title='bbox 406 1007 540 1034; x_wconf 81' lang='grc' dir='ltr'>Ἰουδαίων</span> <span class='ocrx_word' id='word_1_287' title='bbox 556 1007 710 1043; x_wconf 81' lang='grc' dir='ltr'>τερθρείαις</span> <span class='ocrx_word' id='word_1_288' title='bbox 729 1008 809 1035; x_wconf 64' lang='grc' dir='ltr'>αὐτὴν</span> <span class='ocrx_word' id='word_1_289' title='bbox 825 1008 881 1044; x_wconf 82' lang='grc' dir='ltr'><strong>[ἴσ.</strong></span> 
     </span>
    </p>
   </div>
   <div class='ocr_carea' id='block_1_38' title="bbox 102 1049 882 1090">
    <p class='ocr_par' dir='ltr' id='par_1_38' title="bbox 102 1049 882 1090">
     <span class='ocr_line' id='line_1_38' title="bbox 102 1049 882 1090; baseline 0.005 -14"><span class='ocrx_word' id='word_1_290' title='bbox 102 1049 198 1086; x_wconf 76' lang='grc' dir='ltr'>σαυτὸν]</span> <span class='ocrx_word' id='word_1_291' title='bbox 218 1050 312 1083; x_wconf 76' lang='grc' dir='ltr'>ἐνιεὶς,</span> <span class='ocrx_word' id='word_1_292' title='bbox 333 1052 509 1088; x_wconf 71' lang='grc' dir='ltr'>πεφρόντικάς</span> <span class='ocrx_word' id='word_1_293' title='bbox 528 1061 558 1078; x_wconf 84' lang='grc' dir='ltr'><strong>τε</strong></span> <span class='ocrx_word' id='word_1_294' title='bbox 591 1052 638 1079; x_wconf 80' lang='grc' dir='ltr'><strong>καὶ</strong></span> <span class='ocrx_word' id='word_1_295' title='bbox 661 1053 750 1088; x_wconf 86' lang='grc' dir='ltr'>λέγεις</span> <span class='ocrx_word' id='word_1_296' title='bbox 766 1053 784 1080; x_wconf 75' lang='grc' dir='ltr'><strong>ἃ</strong></span> <span class='ocrx_word' id='word_1_297' title='bbox 813 1055 882 1090; x_wconf 77' lang='grc' dir='ltr'>μήτε</span> 
     </span>
    </p>
   </div>
   <div class='ocr_carea' id='block_1_39' title="bbox 101 1095 882 1135">
    <p class='ocr_par' dir='ltr' id='par_1_39' title="bbox 101 1095 882 1135">
     <span class='ocr_line' id='line_1_39' title="bbox 101 1095 882 1135; baseline 0.005 -13"><span class='ocrx_word' id='word_1_298' title='bbox 101 1095 169 1130; x_wconf 76' lang='grc' dir='ltr'>θέμις</span> <span class='ocrx_word' id='word_1_299' title='bbox 185 1097 282 1130; x_wconf 72' lang='grc' dir='ltr'>εἰπεῖν,</span> <span class='ocrx_word' id='word_1_300' title='bbox 300 1098 370 1133; x_wconf 85' lang='grc' dir='ltr'>μήτε</span> <span class='ocrx_word' id='word_1_301' title='bbox 393 1098 446 1134; x_wconf 84' lang='grc' dir='ltr'>μὴν</span> <span class='ocrx_word' id='word_1_302' title='bbox 469 1099 570 1125; x_wconf 75' lang='grc' dir='ltr'>ἐννοεῖν</span> <span class='ocrx_word' id='word_1_303' title='bbox 587 1098 719 1134; x_wconf 75' lang='grc' dir='ltr'>ἀζήμιονς</span> <span class='ocrx_word' id='word_1_304' title='bbox 736 1099 804 1126; x_wconf 85' lang='grc' dir='ltr'>Ἕνα</span> <span class='ocrx_word' id='word_1_305' title='bbox 822 1100 882 1135; x_wconf 85' lang='grc' dir='ltr'>μεθ’</span> 
     </span>
    </p>
   </div>
   <div class='ocr_carea' id='block_1_40' title="bbox 101 1142 882 1180">
    <p class='ocr_par' dir='ltr' id='par_1_40' title="bbox 101 1142 882 1180">
     <span class='ocr_line' id='line_1_40' title="bbox 101 1142 882 1180; baseline 0.006 -13"><span class='ocrx_word' id='word_1_306' title='bbox 101 1142 169 1176; x_wconf 75' lang='grc' dir='ltr'>ἡμῶν</span> <span class='ocrx_word' id='word_1_307' title='bbox 182 1142 309 1177; x_wconf 80' lang='grc' dir='ltr'>ὁμολόγει</span> <span class='ocrx_word' id='word_1_308' title='bbox 326 1143 458 1179; x_wconf 84' lang='grc' dir='ltr'>Χριστόν·</span> <span class='ocrx_word' id='word_1_309' title='bbox 475 1144 521 1171; x_wconf 77' lang='grc' dir='ltr'>καὶ</span> <span class='ocrx_word' id='word_1_310' title='bbox 537 1145 575 1180; x_wconf 87' lang='grc' dir='ltr'>μὴ</span> <span class='ocrx_word' id='word_1_311' title='bbox 597 1144 748 1180; x_wconf 83' lang='grc' dir='ltr'>διατέμνων</span> <span class='ocrx_word' id='word_1_312' title='bbox 774 1146 814 1177; x_wconf 82' lang='grc' dir='ltr'>εἰς</span> <span class='ocrx_word' id='word_1_313' title='bbox 836 1145 882 1172; x_wconf 91' lang='grc' dir='ltr'>δύο</span> 
     </span>
    </p>
   </div>
   <div class='ocr_carea' id='block_1_41' title="bbox 99 1186 880 1225">
    <p class='ocr_par' dir='ltr' id='par_1_41' title="bbox 99 1186 880 1225">
     <span class='ocr_line' id='line_1_41' title="bbox 99 1186 880 1225; baseline 0.008 -13"><span class='ocrx_word' id='word_1_314' title='bbox 99 1186 126 1221; x_wconf 78' lang='grc' dir='ltr'>δὴ</span> <span class='ocrx_word' id='word_1_315' title='bbox 148 1187 224 1214; x_wconf 75' lang='grc' dir='ltr'>πάλιν</span> <span class='ocrx_word' id='word_1_316' title='bbox 240 1188 332 1214; x_wconf 83' lang='grc' dir='ltr'>ἐκεῖνο</span> <span class='ocrx_word' id='word_1_317' title='bbox 346 1188 425 1222; x_wconf 81' lang='grc' dir='ltr'>λέγε·</span> <span class='ocrx_word' id='word_1_318' title='bbox 450 1189 600 1224; x_wconf 82' lang='grc' dir='ltr'>Ἀπεστάλη</span> <span class='ocrx_word' id='word_1_319' title='bbox 617 1190 631 1216; x_wconf 94' lang='lat'><strong>6</strong></span> <span class='ocrx_word' id='word_1_320' title='bbox 650 1191 713 1225; x_wconf 80' lang='grc' dir='ltr'>ἡμῖν</span> <span class='ocrx_word' id='word_1_321' title='bbox 730 1190 880 1225; x_wconf 80' lang='grc' dir='ltr'>ὁμοούσιος,</span> 
     </span>
    </p>
   </div>
   <div class='ocr_carea' id='block_1_42' title="bbox 101 1233 882 1271">
    <p class='ocr_par' dir='ltr' id='par_1_42' title="bbox 101 1233 882 1271">
     <span class='ocr_line' id='line_1_42' title="bbox 101 1233 882 1271; baseline 0.008 -13"><span class='ocrx_word' id='word_1_322' title='bbox 101 1234 141 1258; x_wconf 71' lang='grc' dir='ltr'><strong>καὶ</strong></span> <span class='ocrx_word' id='word_1_323' title='bbox 159 1233 298 1268; x_wconf 80' lang='grc' dir='ltr'>κέχρισται</span> <span class='ocrx_word' id='word_1_324' title='bbox 324 1233 467 1269; x_wconf 82' lang='grc' dir='ltr'><strong>κηρύττων</strong></span> <span class='ocrx_word' id='word_1_325' title='bbox 492 1234 678 1270; x_wconf 66' lang='grc' dir='ltr'>αἰχμαλώτοις</span> <span class='ocrx_word' id='word_1_326' title='bbox 700 1236 807 1271; x_wconf 80' lang='grc' dir='ltr'>ἄφεσιν,</span> <span class='ocrx_word' id='word_1_327' title='bbox 834 1237 882 1264; x_wconf 79' lang='grc' dir='ltr'><strong>καὶ</strong></span> 
     </span>
    </p>
   </div>
   <div class='ocr_carea' id='block_1_43' title="bbox 99 1277 881 1316">
    <p class='ocr_par' dir='ltr' id='par_1_43' title="bbox 99 1277 881 1316">
     <span class='ocr_line' id='line_1_43' title="bbox 99 1277 881 1316; baseline 0.008 -14"><span class='ocrx_word' id='word_1_328' title='bbox 99 1277 197 1310; x_wconf 72' lang='grc' dir='ltr'>τυφλοῖς</span> <span class='ocrx_word' id='word_1_329' title='bbox 215 1278 377 1313; x_wconf 76' lang='grc' dir='ltr'>ἀνάϐλεψιν.</span> <span class='ocrx_word' id='word_1_330' title='bbox 406 1277 473 1306; x_wconf 81' lang='grc' dir='ltr'>Εἶτα</span> <span class='ocrx_word' id='word_1_331' title='bbox 496 1281 558 1307; x_wconf 82' lang='grc' dir='ltr'>ὁποι</span> <span class='ocrx_word' id='word_1_332' title='bbox 582 1280 649 1307; x_wconf 75' lang='grc' dir='ltr'>ποτὲ</span> <span class='ocrx_word' id='word_1_333' title='bbox 671 1281 802 1316; x_wconf 82' lang='grc' dir='ltr'>βαδιεῖται</span> <span class='ocrx_word' id='word_1_334' title='bbox 827 1281 881 1309; x_wconf 82' lang='grc' dir='ltr'><strong>τῶν</strong></span> 
     </span>
    </p>
   </div>
   <div class='ocr_carea' id='block_1_44' title="bbox 101 1322 880 1361">
    <p class='ocr_par' dir='ltr' id='par_1_44' title="bbox 101 1322 880 1361">
     <span class='ocr_line' id='line_1_44' title="bbox 101 1322 880 1361; baseline 0.005 -13"><span class='ocrx_word' id='word_1_335' title='bbox 101 1322 227 1357; x_wconf 76' lang='grc' dir='ltr'>θεηγόρων</span> <span class='ocrx_word' id='word_1_336' title='bbox 243 1324 258 1350; x_wconf 93' lang='lat'><strong>6</strong></span> <span class='ocrx_word' id='word_1_337' title='bbox 273 1323 365 1357; x_wconf 86' lang='grc' dir='ltr'>λόγος,</span> <span class='ocrx_word' id='word_1_338' title='bbox 382 1323 407 1350; x_wconf 80' lang='grc' dir='ltr'>οἳ</span> <span class='ocrx_word' id='word_1_339' title='bbox 426 1325 600 1359; x_wconf 77' lang='grc' dir='ltr'>μυσταγωγοὶ</span> <span class='ocrx_word' id='word_1_340' title='bbox 615 1325 741 1359; x_wconf 86' lang='grc' dir='ltr'>γεγόνασι</span> <span class='ocrx_word' id='word_1_341' title='bbox 765 1326 815 1361; x_wconf 79' lang='grc' dir='ltr'>τῆς</span> <span class='ocrx_word' id='word_1_342' title='bbox 835 1326 880 1352; x_wconf 81' lang='grc' dir='ltr'><strong>ὐπ’</strong></span> 
     </span>
    </p>
   </div>
   <div class='ocr_carea' id='block_1_45' title="bbox 100 1368 880 1407">
    <p class='ocr_par' dir='ltr' id='par_1_45' title="bbox 100 1368 880 1407">
     <span class='ocr_line' id='line_1_45' title="bbox 100 1368 880 1407; baseline 0.004 -12"><span class='ocrx_word' id='word_1_343' title='bbox 100 1368 219 1403; x_wconf 75' lang='grc' dir='ltr'>οὐρανόν;</span> <span class='ocrx_word' id='word_1_344' title='bbox 235 1369 325 1396; x_wconf 82' lang='grc' dir='ltr'>Δύτὺν</span> <span class='ocrx_word' id='word_1_345' title='bbox 340 1370 395 1406; x_wconf 83' lang='grc' dir='ltr'><strong>γὰρ</strong></span> <span class='ocrx_word' id='word_1_346' title='bbox 410 1370 607 1407; x_wconf 84' lang='grc' dir='ltr'>διακεκράγασι</span> <span class='ocrx_word' id='word_1_347' title='bbox 627 1371 673 1397; x_wconf 82' lang='grc' dir='ltr'>τὸν</span> <span class='ocrx_word' id='word_1_348' title='bbox 686 1372 719 1398; x_wconf 82' lang='grc' dir='ltr'><strong>ὲκ</strong></span> <span class='ocrx_word' id='word_1_349' title='bbox 738 1371 806 1398; x_wconf 80' lang='grc' dir='ltr'>Θεοῦ</span> <span class='ocrx_word' id='word_1_350' title='bbox 823 1371 880 1398; x_wconf 87' lang='grc' dir='ltr'><strong>Πα-</strong></span> 
     </span>
    </p>
   </div>
   <div class='ocr_carea' id='block_1_46' title="bbox 100 1414 880 1454">
    <p class='ocr_par' dir='ltr' id='par_1_46' title="bbox 100 1414 880 1454">
     <span class='ocr_line' id='line_1_46' title="bbox 100 1414 880 1454; baseline 0.006 -14"><span class='ocrx_word' id='word_1_351' title='bbox 100 1414 155 1449; x_wconf 71' lang='grc' dir='ltr'>τρὸς</span> <span class='ocrx_word' id='word_1_352' title='bbox 167 1415 259 1448; x_wconf 76' lang='grc' dir='ltr'>Λόγον,</span> <span class='ocrx_word' id='word_1_353' title='bbox 278 1415 396 1450; x_wconf 81' lang='grc' dir='ltr'>Σωτῆρα</span> <span class='ocrx_word' id='word_1_354' title='bbox 418 1415 472 1442; x_wconf 88' lang='grc' dir='ltr'>τῶν</span> <span class='ocrx_word' id='word_1_355' title='bbox 486 1416 554 1442; x_wconf 87' lang='grc' dir='ltr'>ὅλων</span> <span class='ocrx_word' id='word_1_356' title='bbox 569 1417 695 1450; x_wconf 82' lang='grc' dir='ltr'>γενέσθαι</span> <span class='ocrx_word' id='word_1_357' title='bbox 711 1417 758 1444; x_wconf 74' lang='grc' dir='ltr'><strong>καὶ</strong></span> <span class='ocrx_word' id='word_1_358' title='bbox 768 1418 880 1454; x_wconf 87' lang='grc' dir='ltr'>Λυτρω-</span> 
     </span>
    </p>
   </div>
   <div class='ocr_carea' id='block_1_47' title="bbox 100 1459 881 1498">
    <p class='ocr_par' dir='ltr' id='par_1_47' title="bbox 100 1459 881 1498">
     <span class='ocr_line' id='line_1_47' title="bbox 100 1459 881 1498; baseline 0.009 -14"><span class='ocrx_word' id='word_1_359' title='bbox 100 1460 152 1494; x_wconf 82' lang='grc' dir='ltr'>τὴν,</span> <span class='ocrx_word' id='word_1_360' title='bbox 165 1460 211 1494; x_wconf 81' lang='grc' dir='ltr'>οὺχ</span> <span class='ocrx_word' id='word_1_361' title='bbox 224 1459 262 1491; x_wconf 86' lang='grc' dir='ltr'><strong>ὡς</strong></span> <span class='ocrx_word' id='word_1_362' title='bbox 276 1460 424 1496; x_wconf 81' lang='grc' dir='ltr'>ἀνθρώπου</span> <span class='ocrx_word' id='word_1_363' title='bbox 441 1461 629 1496; x_wconf 82' lang='grc' dir='ltr'>μεσιτεύοντος</span> <span class='ocrx_word' id='word_1_364' title='bbox 645 1463 710 1498; x_wconf 78' lang='grc' dir='ltr'>παρ’</span> <span class='ocrx_word' id='word_1_365' title='bbox 722 1463 804 1490; x_wconf 78' lang='grc' dir='ltr'>αὑτὸν</span> <span class='ocrx_word' id='word_1_366' title='bbox 822 1464 881 1491; x_wconf 82' lang='grc' dir='ltr'>ἐτέ-</span> 
     </span>
    </p>
   </div>
   <div class='ocr_carea' id='block_1_48' title="bbox 103 1505 879 1543">
    <p class='ocr_par' dir='ltr' id='par_1_48' title="bbox 103 1505 879 1543">
     <span class='ocr_line' id='line_1_48' title="bbox 103 1505 879 1543; baseline 0.006 -12"><span class='ocrx_word' id='word_1_367' title='bbox 103 1505 282 1541; x_wconf 44' lang='lat' dir='ltr'><strong>Mummius?</strong></span> <span class='ocrx_word' id='word_1_368' title='bbox 300 1506 398 1541; x_wconf 82' lang='grc' dir='ltr'>ἀμέλει</span> <span class='ocrx_word' id='word_1_369' title='bbox 415 1507 461 1533; x_wconf 73' lang='grc' dir='ltr'><strong>καὶ</strong></span> <span class='ocrx_word' id='word_1_370' title='bbox 477 1508 491 1534; x_wconf 94' lang='lat'><strong>6</strong></span> <span class='ocrx_word' id='word_1_371' title='bbox 501 1508 612 1543; x_wconf 81' lang='grc' dir='ltr'><strong>Μωσῆς,</strong></span> <span class='ocrx_word' id='word_1_372' title='bbox 622 1509 650 1534; x_wconf 79' lang='grc' dir='ltr'>ὲν</span> <span class='ocrx_word' id='word_1_373' title='bbox 665 1508 767 1535; x_wconf 77' lang='grc' dir='ltr'>εἷδειδὲ</span> <span class='ocrx_word' id='word_1_374' title='bbox 780 1509 879 1543; x_wconf 83' lang='grc' dir='ltr'>μᾶλλον</span> 
     </span>
    </p>
   </div>
   <div class='ocr_carea' id='block_1_49' title="bbox 101 1551 914 1600">
    <p class='ocr_par' dir='ltr' id='par_1_49' title="bbox 101 1551 914 1600">
     <span class='ocr_line' id='line_1_49' title="bbox 101 1551 914 1600; baseline 0.007 -23"><span class='ocrx_word' id='word_1_375' title='bbox 101 1551 141 1600; x_wconf 49' lang='grc' dir='ltr'>οιαὶ</span> <span class='ocrx_word' id='word_1_376' title='bbox 162 1552 315 1600; x_wconf 76' lang='grc' dir='ltr'><strong>ὁμοιώματι</strong></span> <span class='ocrx_word' id='word_1_377' title='bbox 337 1552 490 1600; x_wconf 52' lang='grc' dir='ltr'>σωματικῴ</span> <span class='ocrx_word' id='word_1_378' title='bbox 514 1553 582 1588; x_wconf 82' lang='grc' dir='ltr'>πρὸς</span> <span class='ocrx_word' id='word_1_379' title='bbox 603 1555 679 1589; x_wconf 80' lang='grc' dir='ltr'>ἡμᾶς</span> <span class='ocrx_word' id='word_1_380' title='bbox 704 1555 878 1590; x_wconf 86' lang='grc' dir='ltr'>καθιγμένον.</span> <span class='ocrx_word' id='word_1_381' title='bbox 894 1571 914 1600; x_wconf 77' lang='lat' dir='ltr'><strong><em>C</em></strong></span> 
     </span>
    </p>
   </div>
   <div class='ocr_carea' id='block_1_50' title="bbox 100 1594 877 1635">
    <p class='ocr_par' dir='ltr' id='par_1_50' title="bbox 100 1594 877 1635">
     <span class='ocr_line' id='line_1_50' title="bbox 100 1594 877 1635; baseline 0.006 -12"><span class='ocrx_word' id='word_1_382' title='bbox 100 1596 237 1633; x_wconf 77' lang='grc' dir='ltr'>Κέχρισται</span> <span class='ocrx_word' id='word_1_383' title='bbox 251 1597 311 1633; x_wconf 76' lang='grc' dir='ltr'>γὰρ</span> <span class='ocrx_word' id='word_1_384' title='bbox 323 1594 401 1629; x_wconf 78' lang='grc' dir='ltr'>οὗτος</span> <span class='ocrx_word' id='word_1_385' title='bbox 415 1599 455 1630; x_wconf 87' lang='grc' dir='ltr'><strong>είς</strong></span> <span class='ocrx_word' id='word_1_386' title='bbox 477 1599 620 1635; x_wconf 83' lang='grc' dir='ltr'>’Δρχιερέα</span> <span class='ocrx_word' id='word_1_387' title='bbox 632 1601 678 1626; x_wconf 72' lang='grc' dir='ltr'>καὶ</span> <span class='ocrx_word' id='word_1_388' title='bbox 700 1601 859 1628; x_wconf 75' lang='grc' dir='ltr'>Ἀπόστολον</span> <span class='ocrx_word' id='word_1_389' title='bbox 870 1610 877 1618; x_wconf 88' lang='grc'><strong>·</strong></span> 
     </span>
    </p>
   </div>
   <div class='ocr_carea' id='block_1_51' title="bbox 100 1643 878 1682">
    <p class='ocr_par' dir='ltr' id='par_1_51' title="bbox 100 1643 878 1682">
     <span class='ocr_line' id='line_1_51' title="bbox 100 1643 878 1682; baseline 0.006 -13"><span class='ocrx_word' id='word_1_390' title='bbox 100 1643 140 1669; x_wconf 72' lang='grc' dir='ltr'><strong>καὶ</strong></span> <span class='ocrx_word' id='word_1_391' title='bbox 153 1643 214 1676; x_wconf 85' lang='grc' dir='ltr'>γοῦν</span> <span class='ocrx_word' id='word_1_392' title='bbox 237 1643 377 1675; x_wconf 83' lang='grc' dir='ltr'>Ἰουδαίοις</span> <span class='ocrx_word' id='word_1_393' title='bbox 391 1644 518 1679; x_wconf 82' lang='grc' dir='ltr'>ἐπετίμα,</span> <span class='ocrx_word' id='word_1_394' title='bbox 532 1644 633 1679; x_wconf 86' lang='grc' dir='ltr'>λέγων·</span> <span class='ocrx_word' id='word_1_395' title='bbox 652 1655 661 1671; x_wconf 76' lang='grc' dir='ltr'><strong>ι</strong></span> <span class='ocrx_word' id='word_1_396' title='bbox 680 1646 735 1673; x_wconf 79' lang='grc' dir='ltr'><strong>Οὐκ</strong></span> <span class='ocrx_word' id='word_1_397' title='bbox 759 1646 815 1674; x_wconf 83' lang='grc' dir='ltr'>ἔστι</span> <span class='ocrx_word' id='word_1_398' title='bbox 830 1656 878 1682; x_wconf 82' lang='grc' dir='ltr'>γε·</span> 
     </span>
    </p>
   </div>
   <div class='ocr_carea' id='block_1_52' title="bbox 101 1688 876 1726">
    <p class='ocr_par' dir='ltr' id='par_1_52' title="bbox 101 1688 876 1726">
     <span class='ocr_line' id='line_1_52' title="bbox 101 1688 876 1726; baseline 0.005 -11"><span class='ocrx_word' id='word_1_399' title='bbox 101 1688 247 1724; x_wconf 83' lang='grc' dir='ltr'>γραμμένον</span> <span class='ocrx_word' id='word_1_400' title='bbox 260 1690 290 1717; x_wconf 82' lang='grc' dir='ltr'>ὲν</span> <span class='ocrx_word' id='word_1_401' title='bbox 305 1689 348 1726; x_wconf 83' lang='grc' dir='ltr'>τῷ</span> <span class='ocrx_word' id='word_1_402' title='bbox 361 1690 435 1725; x_wconf 86' lang='grc' dir='ltr'>νόμῳ</span> <span class='ocrx_word' id='word_1_403' title='bbox 448 1690 535 1726; x_wconf 85' lang='grc' dir='ltr'>ὑμῶν·</span> <span class='ocrx_word' id='word_1_404' title='bbox 552 1691 622 1725; x_wconf 84' lang='grc' dir='ltr'><strong>Ἐγὼ</strong></span> <span class='ocrx_word' id='word_1_405' title='bbox 629 1690 706 1718; x_wconf 77' lang='grc' dir='ltr'><strong>εἶπα⁸</strong></span> <span class='ocrx_word' id='word_1_406' title='bbox 718 1692 780 1718; x_wconf 87' lang='grc' dir='ltr'>Θεοί</span> <span class='ocrx_word' id='word_1_407' title='bbox 795 1694 856 1720; x_wconf 79' lang='grc' dir='ltr'>ἐστε</span> <span class='ocrx_word' id='word_1_408' title='bbox 869 1703 876 1726; x_wconf 88' lang='grc'>;</span> 
     </span>
    </p>
   </div>
   <div class='ocr_carea' id='block_1_53' title="bbox 101 1734 877 1773">
    <p class='ocr_par' dir='ltr' id='par_1_53' title="bbox 101 1734 877 1773">
     <span class='ocr_line' id='line_1_53' title="bbox 101 1734 877 1773; baseline 0.006 -12"><span class='ocrx_word' id='word_1_409' title='bbox 101 1734 128 1761; x_wconf 82' lang='grc' dir='ltr'>Εί</span> <span class='ocrx_word' id='word_1_410' title='bbox 141 1735 255 1767; x_wconf 76' lang='grc' dir='ltr'>ἐκείνους</span> <span class='ocrx_word' id='word_1_411' title='bbox 276 1734 340 1762; x_wconf 78' lang='grc' dir='ltr'>εἷπε</span> <span class='ocrx_word' id='word_1_412' title='bbox 362 1736 438 1768; x_wconf 78' lang='grc' dir='ltr'>θεοὺς</span> <span class='ocrx_word' id='word_1_413' title='bbox 454 1737 522 1772; x_wconf 79' lang='grc' dir='ltr'>πρὸς</span> <span class='ocrx_word' id='word_1_414' title='bbox 543 1736 590 1769; x_wconf 82' lang='grc' dir='ltr'><strong>οὒς</strong></span> <span class='ocrx_word' id='word_1_415' title='bbox 609 1739 623 1764; x_wconf 84' lang='lat'><strong>6</strong></span> <span class='ocrx_word' id='word_1_416' title='bbox 645 1738 723 1773; x_wconf 83' lang='grc' dir='ltr'>λόγος</span> <span class='ocrx_word' id='word_1_417' title='bbox 747 1739 793 1766; x_wconf 88' lang='grc' dir='ltr'><strong>τοῦ</strong></span> <span class='ocrx_word' id='word_1_418' title='bbox 811 1739 877 1766; x_wconf 87' lang='grc' dir='ltr'>Θεοῦ</span> 
     </span>
    </p>
   </div>
   <div class='ocr_carea' id='block_1_54' title="bbox 101 1780 878 1821">
    <p class='ocr_par' dir='ltr' id='par_1_54' title="bbox 101 1780 878 1821">
     <span class='ocr_line' id='line_1_54' title="bbox 101 1780 878 1821; baseline 0.008 -14"><span class='ocrx_word' id='word_1_419' title='bbox 101 1780 206 1814; x_wconf 78' lang='grc' dir='ltr'>ἐγένετο,</span> <span class='ocrx_word' id='word_1_420' title='bbox 221 1782 268 1808; x_wconf 81' lang='grc' dir='ltr'><strong>καὶ</strong></span> <span class='ocrx_word' id='word_1_421' title='bbox 282 1783 314 1809; x_wconf 82' lang='grc' dir='ltr'>οὺ</span> <span class='ocrx_word' id='word_1_422' title='bbox 330 1782 443 1810; x_wconf 84' lang='grc' dir='ltr'>δύναται</span> <span class='ocrx_word' id='word_1_423' title='bbox 458 1783 570 1819; x_wconf 82' lang='grc' dir='ltr'>λυθῆναι</span> <span class='ocrx_word' id='word_1_424' title='bbox 594 1785 611 1820; x_wconf 86' lang='grc' dir='ltr'><strong>ή</strong></span> <span class='ocrx_word' id='word_1_425' title='bbox 625 1785 731 1821; x_wconf 83' lang='grc' dir='ltr'>Γραφὴ,</span> <span class='ocrx_word' id='word_1_426' title='bbox 747 1785 776 1811; x_wconf 81' lang='grc' dir='ltr'>ὃν</span> <span class='ocrx_word' id='word_1_427' title='bbox 790 1787 804 1813; x_wconf 92' lang='lat'><strong>6</strong></span> <span class='ocrx_word' id='word_1_428' title='bbox 820 1787 878 1814; x_wconf 84' lang='grc' dir='ltr'>Πα-</span> 
     </span>
    </p>
   </div>
   <div class='ocr_carea' id='block_1_55' title="bbox 101 1826 878 1867">
    <p class='ocr_par' dir='ltr' id='par_1_55' title="bbox 101 1826 878 1867">
     <span class='ocr_line' id='line_1_55' title="bbox 101 1826 878 1867; baseline 0.005 -14"><span class='ocrx_word' id='word_1_429' title='bbox 101 1826 145 1861; x_wconf 82' lang='grc' dir='ltr'>τὴρ</span> <span class='ocrx_word' id='word_1_430' title='bbox 165 1827 258 1862; x_wconf 82' lang='grc' dir='ltr'>ὴγίασε</span> <span class='ocrx_word' id='word_1_431' title='bbox 280 1828 330 1854; x_wconf 75' lang='grc' dir='ltr'>καὶ</span> <span class='ocrx_word' id='word_1_432' title='bbox 349 1828 508 1855; x_wconf 84' lang='grc' dir='ltr'>ἀπέστειλεν</span> <span class='ocrx_word' id='word_1_433' title='bbox 532 1829 573 1861; x_wconf 83' lang='grc' dir='ltr'>εἰς</span> <span class='ocrx_word' id='word_1_434' title='bbox 596 1830 642 1856; x_wconf 84' lang='grc' dir='ltr'>τὸν</span> <span class='ocrx_word' id='word_1_435' title='bbox 665 1831 783 1866; x_wconf 82' lang='grc' dir='ltr'>κόσμον,</span> <span class='ocrx_word' id='word_1_436' title='bbox 799 1831 878 1867; x_wconf 82' lang='grc' dir='ltr'>ὑμεῖς</span> 
     </span>
    </p>
   </div>
   <div class='ocr_carea' id='block_1_56' title="bbox 101 1872 876 1910">
    <p class='ocr_par' dir='ltr' id='par_1_56' title="bbox 101 1872 876 1910">
     <span class='ocr_line' id='line_1_56' title="bbox 101 1872 876 1910; baseline 0.005 -10"><span class='ocrx_word' id='word_1_437' title='bbox 101 1872 195 1908; x_wconf 80' lang='grc' dir='ltr'>λέγετε,</span> <span class='ocrx_word' id='word_1_438' title='bbox 210 1874 250 1901; x_wconf 79' lang='grc' dir='ltr'>ὅτι</span> <span class='ocrx_word' id='word_1_439' title='bbox 268 1874 457 1910; x_wconf 85' lang='grc' dir='ltr'>Βλασφημεῖς,</span> <span class='ocrx_word' id='word_1_440' title='bbox 481 1875 522 1902; x_wconf 81' lang='grc' dir='ltr'>ὅτι</span> <span class='ocrx_word' id='word_1_441' title='bbox 540 1872 633 1903; x_wconf 84' lang='grc' dir='ltr'>εἴπον-</span> <span class='ocrx_word' id='word_1_442' title='bbox 652 1876 716 1908; x_wconf 85' lang='grc' dir='ltr'>Υίὸς</span> <span class='ocrx_word' id='word_1_443' title='bbox 738 1877 786 1904; x_wconf 84' lang='grc' dir='ltr'><strong>τοῦ</strong></span> <span class='ocrx_word' id='word_1_444' title='bbox 808 1876 876 1904; x_wconf 84' lang='grc' dir='ltr'>Θεοῦ</span> 
     </span>
    </p>
   </div>
   <div class='ocr_carea' id='block_1_57' title="bbox 101 1919 877 1958">
    <p class='ocr_par' dir='ltr' id='par_1_57' title="bbox 101 1919 877 1958">
     <span class='ocr_line' id='line_1_57' title="bbox 101 1919 877 1958; baseline 0.006 -13"><span class='ocrx_word' id='word_1_445' title='bbox 101 1920 166 1954; x_wconf 65' lang='lat' dir='ltr'><strong>situ;</strong></span> <span class='ocrx_word' id='word_1_446' title='bbox 184 1930 193 1945; x_wconf 73' lang='grc' dir='ltr'><strong>ι</strong></span> <span class='ocrx_word' id='word_1_447' title='bbox 217 1919 287 1946; x_wconf 83' lang='grc' dir='ltr'>’Δνθ“</span> <span class='ocrx_word' id='word_1_448' title='bbox 312 1920 375 1947; x_wconf 82' lang='grc' dir='ltr'>ὅτου</span> <span class='ocrx_word' id='word_1_449' title='bbox 391 1920 420 1947; x_wconf 81' lang='grc' dir='ltr'>δὲ</span> <span class='ocrx_word' id='word_1_450' title='bbox 442 1920 474 1957; x_wconf 84' lang='grc' dir='ltr'><strong>δὴ</strong></span> <span class='ocrx_word' id='word_1_451' title='bbox 494 1929 540 1948; x_wconf 90' lang='grc' dir='ltr'><strong>τον</strong></span> <span class='ocrx_word' id='word_1_452' title='bbox 555 1921 651 1949; x_wconf 78' lang='grc' dir='ltr'>ἑαυτὸν</span> <span class='ocrx_word' id='word_1_453' title='bbox 668 1922 786 1949; x_wconf 84' lang='grc' dir='ltr'>καθέντα</span> <span class='ocrx_word' id='word_1_454' title='bbox 809 1923 877 1958; x_wconf 76' lang='grc' dir='ltr'>πρὸς</span> 
     </span>
    </p>
   </div>
   <div class='ocr_carea' id='block_1_58' title="bbox 101 1965 877 2003">
    <p class='ocr_par' dir='ltr' id='par_1_58' title="bbox 101 1965 877 2003">
     <span class='ocr_line' id='line_1_58' title="bbox 101 1965 877 2003; baseline 0.005 -12"><span class='ocrx_word' id='word_1_455' title='bbox 101 1965 203 1991; x_wconf 74' lang='grc' dir='ltr'>κένωσιν</span> <span class='ocrx_word' id='word_1_456' title='bbox 228 1965 271 1991; x_wconf 82' lang='grc' dir='ltr'>ἵνα</span> <span class='ocrx_word' id='word_1_457' title='bbox 297 1965 375 2002; x_wconf 80' lang='grc' dir='ltr'>σώσῃ</span> <span class='ocrx_word' id='word_1_458' title='bbox 394 1965 443 2001; x_wconf 89' lang='grc' dir='ltr'>τὴν</span> <span class='ocrx_word' id='word_1_459' title='bbox 468 1966 514 1993; x_wconf 82' lang='grc' dir='ltr'><strong>ὐπ’</strong></span> <span class='ocrx_word' id='word_1_460' title='bbox 527 1966 651 2001; x_wconf 82' lang='grc' dir='ltr'>οὐρανὸν,</span> <span class='ocrx_word' id='word_1_461' title='bbox 675 1968 728 1994; x_wconf 86' lang='grc' dir='ltr'><strong>τῶν</strong></span> <span class='ocrx_word' id='word_1_462' title='bbox 744 1969 785 2000; x_wconf 86' lang='grc' dir='ltr'><strong>είς</strong></span> <span class='ocrx_word' id='word_1_463' title='bbox 804 1969 877 2003; x_wconf 84' lang='grc' dir='ltr'>ἡμᾶς</span> 
     </span>
    </p>
   </div>
   <div class='ocr_carea' id='block_1_59' title="bbox 101 2011 876 2049">
    <p class='ocr_par' dir='ltr' id='par_1_59' title="bbox 101 2011 876 2049">
     <span class='ocr_line' id='line_1_59' title="bbox 101 2011 876 2049; baseline 0.005 -12"><span class='ocrx_word' id='word_1_464' title='bbox 101 2011 237 2045; x_wconf 80' lang='grc' dir='ltr'>γεγονότων</span> <span class='ocrx_word' id='word_1_465' title='bbox 251 2011 507 2046; x_wconf 81' lang='grc' dir='ltr'>θεοπρεπεστάτων,</span> <span class='ocrx_word' id='word_1_466' title='bbox 521 2012 569 2039; x_wconf 78' lang='grc' dir='ltr'><strong>καὶ</strong></span> <span class='ocrx_word' id='word_1_467' title='bbox 583 2012 755 2046; x_wconf 81' lang='grc' dir='ltr'>ἁξιαγάστων</span> <span class='ocrx_word' id='word_1_468' title='bbox 769 2013 876 2049; x_wconf 83' lang='grc' dir='ltr'>ἀληθῶς</span> 
     </span>
    </p>
   </div>
   <div class='ocr_carea' id='block_1_60' title="bbox 100 2057 877 2094">
    <p class='ocr_par' dir='ltr' id='par_1_60' title="bbox 100 2057 877 2094">
     <span class='ocr_line' id='line_1_60' title="bbox 100 2057 877 2094; baseline 0.004 -11"><span class='ocrx_word' id='word_1_469' title='bbox 100 2057 309 2093; x_wconf 77' lang='grc' dir='ltr'>κατορθωμάτων</span> <span class='ocrx_word' id='word_1_470' title='bbox 325 2057 514 2093; x_wconf 80' lang='grc' dir='ltr'>ὲκπέμψομεν,</span> <span class='ocrx_word' id='word_1_471' title='bbox 525 2058 692 2085; x_wconf 81' lang='grc' dir='ltr'>ἀπεστάλθαι</span> <span class='ocrx_word' id='word_1_472' title='bbox 705 2059 829 2094; x_wconf 86' lang='grc' dir='ltr'>λέγοντες</span> <span class='ocrx_word' id='word_1_473' title='bbox 839 2060 877 2092; x_wconf 85' lang='grc' dir='ltr'><strong>ὡς</strong></span> 
     </span>
    </p>
   </div>
   <div class='ocr_carea' id='block_1_61' title="bbox 100 2103 877 2140">
    <p class='ocr_par' dir='ltr' id='par_1_61' title="bbox 100 2103 877 2140">
     <span class='ocr_line' id='line_1_61' title="bbox 100 2103 877 2140; baseline 0.004 -11"><span class='ocrx_word' id='word_1_474' title='bbox 100 2103 182 2139; x_wconf 75' lang='grc' dir='ltr'>ἕτερόν</span> <span class='ocrx_word' id='word_1_475' title='bbox 194 2113 252 2130; x_wconf 86' lang='grc' dir='ltr'>τινα</span> <span class='ocrx_word' id='word_1_476' title='bbox 267 2104 337 2140; x_wconf 77' lang='grc' dir='ltr'>παρ’</span> <span class='ocrx_word' id='word_1_477' title='bbox 351 2104 431 2131; x_wconf 77' lang='grc' dir='ltr'>αὑτὸν</span> <span class='ocrx_word' id='word_1_478' title='bbox 447 2105 513 2140; x_wconf 73' lang='grc' dir='ltr'>ἡμῖν</span> <span class='ocrx_word' id='word_1_479' title='bbox 528 2104 688 2139; x_wconf 83' lang='grc' dir='ltr'>ὀμοούσιον;</span> <span class='ocrx_word' id='word_1_480' title='bbox 707 2106 802 2132; x_wconf 85' lang='grc' dir='ltr'>Καίτοι</span> <span class='ocrx_word' id='word_1_481' title='bbox 818 2106 877 2138; x_wconf 88' lang='grc' dir='ltr'>πῶς</span> 
     </span>
    </p>
   </div>
   <div class='ocr_carea' id='block_1_62' title="bbox 99 2149 876 2186">
    <p class='ocr_par' dir='ltr' id='par_1_62' title="bbox 99 2149 876 2186">
     <span class='ocr_line' id='line_1_62' title="bbox 99 2149 876 2186; baseline 0.004 -11"><span class='ocrx_word' id='word_1_482' title='bbox 99 2149 143 2175; x_wconf 79' lang='grc' dir='ltr'><strong>οὐκ</strong></span> <span class='ocrx_word' id='word_1_483' title='bbox 154 2149 257 2184; x_wconf 76' lang='grc' dir='ltr'>ἄμεινον</span> <span class='ocrx_word' id='word_1_484' title='bbox 271 2150 372 2182; x_wconf 80' lang='grc' dir='ltr'>εἰπεῖν,</span> <span class='ocrx_word' id='word_1_485' title='bbox 388 2150 435 2176; x_wconf 81' lang='grc' dir='ltr'><strong>καὶ</strong></span> <span class='ocrx_word' id='word_1_486' title='bbox 450 2150 503 2186; x_wconf 83' lang='grc' dir='ltr'>μὴν</span> <span class='ocrx_word' id='word_1_487' title='bbox 520 2151 567 2177; x_wconf 78' lang='grc' dir='ltr'><strong>καὶ</strong></span> <span class='ocrx_word' id='word_1_488' title='bbox 582 2151 689 2177; x_wconf 79' lang='grc' dir='ltr'>ἑλέσθαι</span> <span class='ocrx_word' id='word_1_489' title='bbox 705 2153 822 2186; x_wconf 82' lang='grc' dir='ltr'>φρονεῖν,</span> <span class='ocrx_word' id='word_1_490' title='bbox 838 2151 876 2184; x_wconf 84' lang='grc' dir='ltr'>ὡς</span> 
     </span>
    </p>
   </div>
   <div class='ocr_carea' id='block_1_63' title="bbox 100 2195 874 2232">
    <p class='ocr_par' dir='ltr' id='par_1_63' title="bbox 100 2195 874 2232">
     <span class='ocr_line' id='line_1_63' title="bbox 100 2195 874 2232; baseline 0.005 -12"><span class='ocrx_word' id='word_1_491' title='bbox 100 2195 251 2223; x_wconf 75' lang='grc' dir='ltr'>ἁπέσταλταί</span> <span class='ocrx_word' id='word_1_492' title='bbox 259 2205 290 2223; x_wconf 84' lang='grc' dir='ltr'><strong>τε</strong></span> <span class='ocrx_word' id='word_1_493' title='bbox 303 2196 353 2223; x_wconf 74' lang='grc' dir='ltr'><strong>καὶ</strong></span> <span class='ocrx_word' id='word_1_494' title='bbox 364 2196 476 2231; x_wconf 81' lang='grc' dir='ltr'>γέγονεν</span> <span class='ocrx_word' id='word_1_495' title='bbox 486 2197 552 2232; x_wconf 82' lang='grc' dir='ltr'>ἡμῖν</span> <span class='ocrx_word' id='word_1_496' title='bbox 562 2197 712 2232; x_wconf 84' lang='grc' dir='ltr'>ὁμοούσιος,</span> <span class='ocrx_word' id='word_1_497' title='bbox 726 2198 874 2230; x_wconf 87' lang='grc' dir='ltr'>τουτέστιν,</span> 
     </span>
    </p>
   </div>
   <div class='ocr_carea' id='block_1_64' title="bbox 934 955 1718 989">
    <p class='ocr_par' dir='ltr' id='par_1_64' title="bbox 934 955 1718 989">
     <span class='ocr_line' id='line_1_64' title="bbox 934 955 1718 989; baseline -0.003 -7"><span class='ocrx_word' id='word_1_498' title='bbox 934 956 1012 983; x_wconf 85' lang='lat' dir='ltr'><strong>tare?</strong></span> <span class='ocrx_word' id='word_1_499' title='bbox 1027 955 1113 983; x_wconf 90' lang='lat' dir='ltr'><strong>Unum</strong></span> <span class='ocrx_word' id='word_1_500' title='bbox 1131 956 1270 983; x_wconf 86' lang='lat' dir='ltr'><strong>uobiscum</strong></span> <span class='ocrx_word' id='word_1_501' title='bbox 1294 956 1444 982; x_wconf 90' lang='lat' dir='ltr'><strong>consistere</strong></span> <span class='ocrx_word' id='word_1_502' title='bbox 1467 955 1613 988; x_wconf 82' lang='lat' dir='ltr'><strong>Christum,</strong></span> <span class='ocrx_word' id='word_1_503' title='bbox 1631 961 1718 989; x_wconf 82' lang='lat' dir='ltr'><strong>neque</strong></span> 
     </span>
    </p>
   </div>
   <div class='ocr_carea' id='block_1_65' title="bbox 934 1001 1717 1030">
    <p class='ocr_par' dir='ltr' id='par_1_65' title="bbox 934 1001 1717 1030">
     <span class='ocr_line' id='line_1_65' title="bbox 934 1001 1717 1030; baseline -0.004 0"><span class='ocrx_word' id='word_1_504' title='bbox 934 1003 960 1030; x_wconf 89' lang='lat' dir='ltr'><strong>in</strong></span> <span class='ocrx_word' id='word_1_505' title='bbox 975 1003 1027 1029; x_wconf 93' lang='lat' dir='ltr'><strong>duo</strong></span> <span class='ocrx_word' id='word_1_506' title='bbox 1041 1010 1147 1030; x_wconf 89' lang='lat' dir='ltr'><strong>rursum</strong></span> <span class='ocrx_word' id='word_1_507' title='bbox 1166 1002 1289 1030; x_wconf 79' lang='lat' dir='ltr'><strong>dividens</strong></span> <span class='ocrx_word' id='word_1_508' title='bbox 1300 1003 1374 1029; x_wconf 84' lang='lat' dir='ltr'><strong>dicas</strong></span> <span class='ocrx_word' id='word_1_509' title='bbox 1390 1009 1396 1028; x_wconf 93' lang='lat'>:</span> <span class='ocrx_word' id='word_1_510' title='bbox 1413 1002 1512 1029; x_wconf 85' lang='lat' dir='ltr'><strong>Missus</strong></span> <span class='ocrx_word' id='word_1_511' title='bbox 1527 1007 1568 1029; x_wconf 86' lang='lat' dir='ltr'><strong>est</strong></span> <span class='ocrx_word' id='word_1_512' title='bbox 1580 1001 1624 1028; x_wconf 92' lang='lat' dir='ltr'><strong>ille</strong></span> <span class='ocrx_word' id='word_1_513' title='bbox 1640 1001 1717 1028; x_wconf 91' lang='lat' dir='ltr'><strong>nobis</strong></span> 
     </span>
    </p>
   </div>
   <div class='ocr_carea' id='block_1_66' title="bbox 933 1047 1716 1082">
    <p class='ocr_par' dir='ltr' id='par_1_66' title="bbox 933 1047 1716 1082">
     <span class='ocr_line' id='line_1_66' title="bbox 933 1047 1716 1082; baseline -0.004 -6"><span class='ocrx_word' id='word_1_514' title='bbox 933 1048 1181 1081; x_wconf 75' lang='lat' dir='ltr'><strong>cortsttbstantiulis,</strong></span> <span class='ocrx_word' id='word_1_515' title='bbox 1196 1052 1223 1076; x_wconf 89' lang='lat' dir='ltr'><strong>et</strong></span> <span class='ocrx_word' id='word_1_516' title='bbox 1252 1054 1349 1076; x_wconf 90' lang='lat' dir='ltr'><strong>unctus</strong></span> <span class='ocrx_word' id='word_1_517' title='bbox 1373 1053 1414 1074; x_wconf 89' lang='lat' dir='ltr'><strong>est</strong></span> <span class='ocrx_word' id='word_1_518' title='bbox 1437 1048 1585 1082; x_wconf 63' lang='lat' dir='ltr'><strong>prardicaus</strong></span> <span class='ocrx_word' id='word_1_519' title='bbox 1604 1047 1716 1082; x_wconf 77' lang='lat' dir='ltr'><strong>captivis</strong></span> 
     </span>
    </p>
   </div>
   <div class='ocr_carea' id='block_1_67' title="bbox 934 1093 1715 1127">
    <p class='ocr_par' dir='ltr' id='par_1_67' title="bbox 934 1093 1715 1127">
     <span class='ocr_line' id='line_1_67' title="bbox 934 1093 1715 1127; baseline -0.004 -6"><span class='ocrx_word' id='word_1_520' title='bbox 934 1094 1096 1126; x_wconf 86' lang='lat' dir='ltr'><strong>libertatem,</strong></span> <span class='ocrx_word' id='word_1_521' title='bbox 1120 1098 1148 1121; x_wconf 89' lang='lat' dir='ltr'><strong>et</strong></span> <span class='ocrx_word' id='word_1_522' title='bbox 1173 1093 1253 1121; x_wconf 70' lang='lat' dir='ltr'><strong>caecis</strong></span> <span class='ocrx_word' id='word_1_523' title='bbox 1273 1094 1358 1120; x_wconf 88' lang='lat' dir='ltr'><strong>visum</strong></span> <span class='ocrx_word' id='word_1_524' title='bbox 1375 1093 1407 1119; x_wconf 80' lang='grc'><strong>⁸⁸.</strong></span> <span class='ocrx_word' id='word_1_525' title='bbox 1422 1093 1501 1127; x_wconf 85' lang='lat' dir='ltr'><strong>Atqui</strong></span> <span class='ocrx_word' id='word_1_526' title='bbox 1529 1101 1582 1127; x_wconf 89' lang='lat' dir='ltr'><strong>quo</strong></span> <span class='ocrx_word' id='word_1_527' title='bbox 1608 1093 1715 1119; x_wconf 77' lang='lat' dir='ltr'><strong>tandem</strong></span> 
     </span>
    </p>
   </div>
   <div class='ocr_carea' id='block_1_68' title="bbox 933 1138 1716 1175">
    <p class='ocr_par' dir='ltr' id='par_1_68' title="bbox 933 1138 1716 1175">
     <span class='ocr_line' id='line_1_68' title="bbox 933 1138 1716 1175; baseline -0.004 -9"><span class='ocrx_word' id='word_1_528' title='bbox 933 1139 1009 1167; x_wconf 84' lang='lat' dir='ltr'><strong>ibunt</strong></span> <span class='ocrx_word' id='word_1_529' title='bbox 1021 1139 1206 1175; x_wconf 80' lang='lat' dir='ltr'><strong>theologorum</strong></span> <span class='ocrx_word' id='word_1_530' title='bbox 1218 1140 1310 1171; x_wconf 85' lang='lat' dir='ltr'><strong>verba,</strong></span> <span class='ocrx_word' id='word_1_531' title='bbox 1323 1139 1367 1174; x_wconf 87' lang='lat' dir='ltr'><strong>qui</strong></span> <span class='ocrx_word' id='word_1_532' title='bbox 1386 1140 1510 1166; x_wconf 89' lang='lat' dir='ltr'><strong>doctores</strong></span> <span class='ocrx_word' id='word_1_533' title='bbox 1526 1138 1599 1165; x_wconf 89' lang='lat' dir='ltr'><strong>orbis</strong></span> <span class='ocrx_word' id='word_1_534' title='bbox 1629 1141 1716 1165; x_wconf 83' lang='lat' dir='ltr'><strong>terra-</strong></span> 
     </span>
    </p>
   </div>
   <div class='ocr_carea' id='block_1_69' title="bbox 933 1184 1714 1220">
    <p class='ocr_par' dir='ltr' id='par_1_69' title="bbox 933 1184 1714 1220">
     <span class='ocr_line' id='line_1_69' title="bbox 933 1184 1714 1220; baseline -0.003 -8"><span class='ocrx_word' id='word_1_535' title='bbox 933 1194 991 1213; x_wconf 88' lang='lat' dir='ltr'><strong>rum</strong></span> <span class='ocrx_word' id='word_1_536' title='bbox 1010 1186 1135 1213; x_wconf 79' lang='lat' dir='ltr'><strong>l‘uerunl‘?</strong></span> <span class='ocrx_word' id='word_1_537' title='bbox 1145 1185 1233 1220; x_wconf 78' lang='lat' dir='ltr'><strong>Ipsum</strong></span> <span class='ocrx_word' id='word_1_538' title='bbox 1247 1193 1363 1220; x_wconf 89' lang='lat' dir='ltr'><strong>namque</strong></span> <span class='ocrx_word' id='word_1_539' title='bbox 1378 1193 1409 1212; x_wconf 78' lang='lat' dir='ltr'><strong>ex</strong></span> <span class='ocrx_word' id='word_1_540' title='bbox 1421 1185 1476 1212; x_wconf 88' lang='lat' dir='ltr'><strong>Deo</strong></span> <span class='ocrx_word' id='word_1_541' title='bbox 1491 1185 1571 1212; x_wconf 81' lang='lat' dir='ltr'><strong>Patre</strong></span> <span class='ocrx_word' id='word_1_542' title='bbox 1597 1184 1714 1212; x_wconf 81' lang='lat' dir='ltr'><strong>Verbum</strong></span> 
     </span>
    </p>
   </div>
   <div class='ocr_carea' id='block_1_70' title="bbox 933 1232 1717 1267">
    <p class='ocr_par' dir='ltr' id='par_1_70' title="bbox 933 1232 1717 1267">
     <span class='ocr_line' id='line_1_70' title="bbox 933 1232 1717 1267; baseline -0.003 -8"><span class='ocrx_word' id='word_1_543' title='bbox 933 1232 1099 1260; x_wconf 82' lang='lat' dir='ltr'><strong>Salvatorem</strong></span> <span class='ocrx_word' id='word_1_544' title='bbox 1111 1240 1142 1259; x_wconf 89' lang='lat' dir='ltr'><strong>ac</strong></span> <span class='ocrx_word' id='word_1_545' title='bbox 1154 1232 1360 1267; x_wconf 79' lang='lat' dir='ltr'><strong>Redemptorem</strong></span> <span class='ocrx_word' id='word_1_546' title='bbox 1373 1232 1494 1259; x_wconf 87' lang='lat' dir='ltr'><strong>omnium</strong></span> <span class='ocrx_word' id='word_1_547' title='bbox 1503 1232 1717 1266; x_wconf 72' lang='lat' dir='ltr'><strong>praedicaverunt</strong></span> 
     </span>
    </p>
   </div>
   <div class='ocr_carea' id='block_1_71' title="bbox 933 1276 1714 1313">
    <p class='ocr_par' dir='ltr' id='par_1_71' title="bbox 933 1276 1714 1313">
     <span class='ocr_line' id='line_1_71' title="bbox 933 1276 1714 1313; baseline -0.003 -9"><span class='ocrx_word' id='word_1_548' title='bbox 933 1286 985 1305; x_wconf 87' lang='lat' dir='ltr'><strong>non</strong></span> <span class='ocrx_word' id='word_1_549' title='bbox 1001 1279 1078 1313; x_wconf 89' lang='lat' dir='ltr'><strong>quasi</strong></span> <span class='ocrx_word' id='word_1_550' title='bbox 1095 1279 1176 1306; x_wconf 89' lang='lat' dir='ltr'><strong>homo</strong></span> <span class='ocrx_word' id='word_1_551' title='bbox 1191 1279 1265 1305; x_wconf 89' lang='lat' dir='ltr'><strong>abeo</strong></span> <span class='ocrx_word' id='word_1_552' title='bbox 1280 1278 1402 1305; x_wconf 87' lang='lat' dir='ltr'><strong>diversus</strong></span> <span class='ocrx_word' id='word_1_553' title='bbox 1416 1276 1573 1311; x_wconf 78' lang='lat' dir='ltr'><strong>interiectus</strong></span> <span class='ocrx_word' id='word_1_554' title='bbox 1599 1277 1633 1303; x_wconf 92' lang='lat' dir='ltr'><strong>sit</strong></span> <span class='ocrx_word' id='word_1_555' title='bbox 1658 1284 1714 1303; x_wconf 85' lang='lat' dir='ltr'><strong>tne-</strong></span> 
     </span>
    </p>
   </div>
   <div class='ocr_carea' id='block_1_72' title="bbox 931 1323 1716 1358">
    <p class='ocr_par' dir='ltr' id='par_1_72' title="bbox 931 1323 1716 1358">
     <span class='ocr_line' id='line_1_72' title="bbox 931 1323 1716 1358; baseline -0.003 -7"><span class='ocrx_word' id='word_1_556' title='bbox 931 1325 1028 1356; x_wconf 88' lang='lat' dir='ltr'><strong>diator,</strong></span> <span class='ocrx_word' id='word_1_557' title='bbox 1055 1328 1082 1351; x_wconf 84' lang='lat' dir='ltr'><strong>ut</strong></span> <span class='ocrx_word' id='word_1_558' title='bbox 1111 1324 1190 1358; x_wconf 88' lang='lat' dir='ltr'><strong>plane</strong></span> <span class='ocrx_word' id='word_1_559' title='bbox 1216 1323 1313 1354; x_wconf 83' lang='lat' dir='ltr'><strong>Moses,</strong></span> <span class='ocrx_word' id='word_1_560' title='bbox 1340 1324 1386 1350; x_wconf 90' lang='lat' dir='ltr'><strong>sed</strong></span> <span class='ocrx_word' id='word_1_561' title='bbox 1411 1324 1499 1358; x_wconf 89' lang='lat' dir='ltr'><strong>potius</strong></span> <span class='ocrx_word' id='word_1_562' title='bbox 1514 1323 1585 1357; x_wconf 89' lang='lat' dir='ltr'><strong>quod</strong></span> <span class='ocrx_word' id='word_1_563' title='bbox 1598 1323 1641 1350; x_wconf 89' lang='lat' dir='ltr'><strong>ille</strong></span> <span class='ocrx_word' id='word_1_564' title='bbox 1656 1323 1716 1357; x_wconf 88' lang='lat' dir='ltr'><strong>ipse</strong></span> 
     </span>
    </p>
   </div>
   <div class='ocr_carea' id='block_1_73' title="bbox 932 1369 1712 1405">
    <p class='ocr_par' dir='ltr' id='par_1_73' title="bbox 932 1369 1712 1405">
     <span class='ocr_line' id='line_1_73' title="bbox 932 1369 1712 1405; baseline -0.003 -8"><span class='ocrx_word' id='word_1_565' title='bbox 932 1370 1022 1405; x_wconf 90' lang='lat' dir='ltr'><strong>specie</strong></span> <span class='ocrx_word' id='word_1_566' title='bbox 1033 1377 1064 1397; x_wconf 85' lang='lat' dir='ltr'><strong>ac</strong></span> <span class='ocrx_word' id='word_1_567' title='bbox 1078 1369 1254 1397; x_wconf 88' lang='lat' dir='ltr'><strong>similitudine</strong></span> <span class='ocrx_word' id='word_1_568' title='bbox 1265 1376 1395 1404; x_wconf 89' lang='lat' dir='ltr'><strong>corporea</strong></span> <span class='ocrx_word' id='word_1_569' title='bbox 1412 1370 1444 1396; x_wconf 90' lang='lat' dir='ltr'><strong>ad</strong></span> <span class='ocrx_word' id='word_1_570' title='bbox 1468 1377 1517 1396; x_wconf 89' lang='lat' dir='ltr'><strong>uos</strong></span> <span class='ocrx_word' id='word_1_571' title='bbox 1534 1369 1712 1396; x_wconf 73' lang='lat' dir='ltr'><strong>descenderit.</strong></span> 
     </span>
    </p>
   </div>
   <div class='ocr_carea' id='block_1_74' title="bbox 932 1415 1713 1450">
    <p class='ocr_par' dir='ltr' id='par_1_74' title="bbox 932 1415 1713 1450">
     <span class='ocr_line' id='line_1_74' title="bbox 932 1415 1713 1450; baseline -0.004 -5"><span class='ocrx_word' id='word_1_572' title='bbox 932 1416 981 1445; x_wconf 84' lang='lat' dir='ltr'><strong>llic</strong></span> <span class='ocrx_word' id='word_1_573' title='bbox 1000 1423 1115 1450; x_wconf 82' lang='lat' dir='ltr'><strong>namque</strong></span> <span class='ocrx_word' id='word_1_574' title='bbox 1132 1416 1158 1443; x_wconf 92' lang='lat' dir='ltr'><strong>in</strong></span> <span class='ocrx_word' id='word_1_575' title='bbox 1171 1415 1329 1450; x_wconf 84' lang='lat' dir='ltr'><strong>Apostolum</strong></span> <span class='ocrx_word' id='word_1_576' title='bbox 1343 1421 1371 1443; x_wconf 88' lang='lat' dir='ltr'><strong>et</strong></span> <span class='ocrx_word' id='word_1_577' title='bbox 1384 1415 1538 1442; x_wconf 86' lang='lat' dir='ltr'><strong>Pontiticem</strong></span> <span class='ocrx_word' id='word_1_578' title='bbox 1546 1421 1586 1442; x_wconf 89' lang='lat' dir='ltr'><strong>est</strong></span> <span class='ocrx_word' id='word_1_579' title='bbox 1599 1421 1713 1442; x_wconf 87' lang='lat' dir='ltr'><strong>unctus:</strong></span> 
     </span>
    </p>
   </div>
   <div class='ocr_carea' id='block_1_75' title="bbox 931 1459 1715 1498">
    <p class='ocr_par' dir='ltr' id='par_1_75' title="bbox 931 1459 1715 1498">
     <span class='ocr_line' id='line_1_75' title="bbox 931 1459 1715 1498; baseline -0.005 -8"><span class='ocrx_word' id='word_1_580' title='bbox 931 1463 1023 1498; x_wconf 86' lang='lat' dir='ltr'><strong>itaque</strong></span> <span class='ocrx_word' id='word_1_581' title='bbox 1039 1462 1145 1491; x_wconf 63' lang='lat' dir='ltr'><strong>Iudaeos</strong></span> <span class='ocrx_word' id='word_1_582' title='bbox 1158 1461 1335 1495; x_wconf 82' lang='lat' dir='ltr'><strong>coarguebat,</strong></span> <span class='ocrx_word' id='word_1_583' title='bbox 1349 1460 1441 1487; x_wconf 88' lang='lat' dir='ltr'><strong>dicens</strong></span> <span class='ocrx_word' id='word_1_584' title='bbox 1460 1468 1468 1486; x_wconf 88' lang='lat'>:</span> <span class='ocrx_word' id='word_1_585' title='bbox 1504 1470 1513 1485; x_wconf 71' lang='grc' dir='ltr'><strong>ε</strong></span> <span class='ocrx_word' id='word_1_586' title='bbox 1532 1459 1626 1486; x_wconf 84' lang='lat' dir='ltr'><strong>Nonne</strong></span> <span class='ocrx_word' id='word_1_587' title='bbox 1651 1460 1715 1487; x_wconf 68' lang='lat' dir='ltr'><strong>scri-</strong></span> 
     </span>
    </p>
   </div>
   <div class='ocr_carea' id='block_1_76' title="bbox 932 1505 1716 1545">
    <p class='ocr_par' dir='ltr' id='par_1_76' title="bbox 932 1505 1716 1545">
     <span class='ocr_line' id='line_1_76' title="bbox 932 1505 1716 1545; baseline -0.005 -9"><span class='ocrx_word' id='word_1_588' title='bbox 932 1515 1005 1545; x_wconf 88' lang='lat' dir='ltr'><strong>ptum</strong></span> <span class='ocrx_word' id='word_1_589' title='bbox 1016 1510 1092 1537; x_wconf 85' lang='lat' dir='ltr'><strong>estin</strong></span> <span class='ocrx_word' id='word_1_590' title='bbox 1110 1510 1167 1545; x_wconf 72' lang='lat' dir='ltr'><strong>lege</strong></span> <span class='ocrx_word' id='word_1_591' title='bbox 1181 1511 1267 1537; x_wconf 81' lang='lat' dir='ltr'><strong>vestra</strong></span> <span class='ocrx_word' id='word_1_592' title='bbox 1286 1513 1294 1536; x_wconf 71' lang='grc' dir='ltr'>ς</span> <span class='ocrx_word' id='word_1_593' title='bbox 1310 1506 1365 1540; x_wconf 78' lang='lat' dir='ltr'><strong>Ego</strong></span> <span class='ocrx_word' id='word_1_594' title='bbox 1373 1506 1440 1538; x_wconf 84' lang='lat' dir='ltr'><strong>dixi.</strong></span> <span class='ocrx_word' id='word_1_595' title='bbox 1457 1505 1496 1532; x_wconf 88' lang='lat' dir='ltr'><strong>Dii</strong></span> <span class='ocrx_word' id='word_1_596' title='bbox 1517 1505 1600 1533; x_wconf 87' lang='lat' dir='ltr'><strong>estis?</strong></span> <span class='ocrx_word' id='word_1_597' title='bbox 1617 1505 1643 1532; x_wconf 89' lang='lat' dir='ltr'><strong>Si</strong></span> <span class='ocrx_word' id='word_1_598' title='bbox 1658 1505 1716 1532; x_wconf 90' lang='lat' dir='ltr'><strong>illos</strong></span> 
     </span>
    </p>
   </div>
   <div class='ocr_carea' id='block_1_77' title="bbox 931 1551 1717 1590">
    <p class='ocr_par' dir='ltr' id='par_1_77' title="bbox 931 1551 1717 1590">
     <span class='ocr_line' id='line_1_77' title="bbox 931 1551 1717 1590; baseline -0.005 -7"><span class='ocrx_word' id='word_1_599' title='bbox 931 1556 998 1584; x_wconf 87' lang='lat' dir='ltr'><strong>dixit</strong></span> <span class='ocrx_word' id='word_1_600' title='bbox 1009 1557 1083 1589; x_wconf 87' lang='lat' dir='ltr'><strong>deos,</strong></span> <span class='ocrx_word' id='word_1_601' title='bbox 1098 1555 1130 1582; x_wconf 88' lang='lat' dir='ltr'><strong>ad</strong></span> <span class='ocrx_word' id='word_1_602' title='bbox 1142 1563 1209 1590; x_wconf 86' lang='lat' dir='ltr'><strong>quos</strong></span> <span class='ocrx_word' id='word_1_603' title='bbox 1226 1563 1315 1583; x_wconf 92' lang='lat' dir='ltr'><strong>sermo</strong></span> <span class='ocrx_word' id='word_1_604' title='bbox 1334 1551 1377 1582; x_wconf 85' lang='lat' dir='ltr'><strong>Dei</strong></span> <span class='ocrx_word' id='word_1_605' title='bbox 1393 1552 1480 1582; x_wconf 77' lang='lat' dir='ltr'><strong>raetus</strong></span> <span class='ocrx_word' id='word_1_606' title='bbox 1495 1558 1546 1584; x_wconf 72' lang='lat' dir='ltr'><strong>est,</strong></span> <span class='ocrx_word' id='word_1_607' title='bbox 1561 1557 1588 1579; x_wconf 84' lang='lat' dir='ltr'><strong>et</strong></span> <span class='ocrx_word' id='word_1_608' title='bbox 1602 1559 1653 1578; x_wconf 90' lang='lat' dir='ltr'><strong>non</strong></span> <span class='ocrx_word' id='word_1_609' title='bbox 1670 1560 1717 1586; x_wconf 84' lang='lat' dir='ltr'><strong>pn-</strong></span> 
     </span>
    </p>
   </div>
   <div class='ocr_carea' id='block_1_78' title="bbox 934 1597 1716 1636">
    <p class='ocr_par' dir='ltr' id='par_1_78' title="bbox 934 1597 1716 1636">
     <span class='ocr_line' id='line_1_78' title="bbox 934 1597 1716 1636; baseline -0.003 -8"><span class='ocrx_word' id='word_1_610' title='bbox 934 1607 985 1629; x_wconf 87' lang='lat' dir='ltr'><strong>test</strong></span> <span class='ocrx_word' id='word_1_611' title='bbox 1005 1601 1070 1628; x_wconf 84' lang='lat' dir='ltr'><strong>solvi</strong></span> <span class='ocrx_word' id='word_1_612' title='bbox 1085 1600 1238 1636; x_wconf 80' lang='lat' dir='ltr'><strong>Scriptura;</strong></span> <span class='ocrx_word' id='word_1_613' title='bbox 1263 1601 1319 1636; x_wconf 78' lang='lat'><strong>80</strong></span> <span class='ocrx_word' id='word_1_614' title='bbox 1331 1608 1409 1635; x_wconf 86' lang='lat' dir='ltr'><strong>quem</strong></span> <span class='ocrx_word' id='word_1_615' title='bbox 1435 1600 1515 1628; x_wconf 86' lang='lat' dir='ltr'><strong>Pater</strong></span> <span class='ocrx_word' id='word_1_616' title='bbox 1536 1597 1716 1629; x_wconf 64' lang='lat' dir='ltr'><strong>sanctiﬁcavit</strong></span> 
     </span>
    </p>
   </div>
   <div class='ocr_carea' id='block_1_79' title="bbox 932 1644 1713 1679">
    <p class='ocr_par' dir='ltr' id='par_1_79' title="bbox 932 1644 1713 1679">
     <span class='ocr_line' id='line_1_79' title="bbox 932 1644 1713 1679; baseline 0 -6"><span class='ocrx_word' id='word_1_617' title='bbox 932 1652 959 1674; x_wconf 89' lang='lat' dir='ltr'><strong>et</strong></span> <span class='ocrx_word' id='word_1_618' title='bbox 981 1647 1053 1673; x_wconf 87' lang='lat' dir='ltr'><strong>misit</strong></span> <span class='ocrx_word' id='word_1_619' title='bbox 1078 1646 1103 1672; x_wconf 92' lang='lat' dir='ltr'><strong>in</strong></span> <span class='ocrx_word' id='word_1_620' title='bbox 1129 1645 1274 1677; x_wconf 88' lang='lat' dir='ltr'><strong>mundum,</strong></span> <span class='ocrx_word' id='word_1_621' title='bbox 1306 1653 1352 1672; x_wconf 83' lang='lat' dir='ltr'><strong>vos</strong></span> <span class='ocrx_word' id='word_1_622' title='bbox 1383 1645 1498 1672; x_wconf 90' lang='lat' dir='ltr'><strong>dicitis:</strong></span> <span class='ocrx_word' id='word_1_623' title='bbox 1519 1644 1713 1679; x_wconf 77' lang='lat' dir='ltr'><strong>Blasphemas‘,</strong></span> 
     </span>
    </p>
   </div>
   <div class='ocr_carea' id='block_1_80' title="bbox 931 1691 1714 1727">
    <p class='ocr_par' dir='ltr' id='par_1_80' title="bbox 931 1691 1714 1727">
     <span class='ocr_line' id='line_1_80' title="bbox 931 1691 1714 1727; baseline 0 -9"><span class='ocrx_word' id='word_1_624' title='bbox 931 1693 992 1727; x_wconf 88' lang='lat' dir='ltr'><strong>quia</strong></span> <span class='ocrx_word' id='word_1_625' title='bbox 1004 1692 1070 1722; x_wconf 81' lang='lat' dir='ltr'><strong>dixi,</strong></span> <span class='ocrx_word' id='word_1_626' title='bbox 1086 1691 1169 1718; x_wconf 89' lang='lat' dir='ltr'><strong>Filius</strong></span> <span class='ocrx_word' id='word_1_627' title='bbox 1183 1691 1228 1718; x_wconf 91' lang='lat' dir='ltr'><strong>Dei</strong></span> <span class='ocrx_word' id='word_1_628' title='bbox 1241 1699 1300 1719; x_wconf 92' lang='lat' dir='ltr'><strong>sum</strong></span> <span class='ocrx_word' id='word_1_629' title='bbox 1315 1691 1360 1717; x_wconf 69' lang='lat'><strong>‘1?</strong></span> <span class='ocrx_word' id='word_1_630' title='bbox 1376 1701 1386 1717; x_wconf 70' lang='grc' dir='ltr'><strong>ι</strong></span> <span class='ocrx_word' id='word_1_631' title='bbox 1404 1692 1460 1723; x_wconf 81' lang='lat' dir='ltr'><strong>Qua</strong></span> <span class='ocrx_word' id='word_1_632' title='bbox 1496 1699 1558 1719; x_wconf 81' lang='lat' dir='ltr'><strong>vero</strong></span> <span class='ocrx_word' id='word_1_633' title='bbox 1582 1692 1614 1719; x_wconf 90' lang='lat' dir='ltr'><strong>de</strong></span> <span class='ocrx_word' id='word_1_634' title='bbox 1632 1699 1714 1719; x_wconf 81' lang='lat' dir='ltr'><strong>causa</strong></span> 
     </span>
    </p>
   </div>
   <div class='ocr_carea' id='block_1_81' title="bbox 931 1736 1715 1772">
    <p class='ocr_par' dir='ltr' id='par_1_81' title="bbox 931 1736 1715 1772">
     <span class='ocr_line' id='line_1_81' title="bbox 931 1736 1715 1772; baseline -0.003 -6"><span class='ocrx_word' id='word_1_635' title='bbox 931 1739 1004 1766; x_wconf 94' lang='lat' dir='ltr'><strong>illum</strong></span> <span class='ocrx_word' id='word_1_636' title='bbox 1016 1738 1059 1772; x_wconf 92' lang='lat' dir='ltr'><strong>qui</strong></span> <span class='ocrx_word' id='word_1_637' title='bbox 1075 1745 1104 1764; x_wconf 85' lang='lat' dir='ltr'><strong>se</strong></span> <span class='ocrx_word' id='word_1_638' title='bbox 1118 1738 1150 1764; x_wconf 91' lang='lat' dir='ltr'><strong>ad</strong></span> <span class='ocrx_word' id='word_1_639' title='bbox 1165 1736 1375 1764; x_wconf 77' lang='lat' dir='ltr'><strong>exinanitionem</strong></span> <span class='ocrx_word' id='word_1_640' title='bbox 1391 1736 1500 1764; x_wconf 87' lang='lat' dir='ltr'><strong>demisit</strong></span> <span class='ocrx_word' id='word_1_641' title='bbox 1517 1737 1646 1764; x_wconf 84' lang='lat' dir='ltr'><strong>utorbent</strong></span> <span class='ocrx_word' id='word_1_642' title='bbox 1661 1742 1715 1764; x_wconf 84' lang='lat' dir='ltr'><strong>ter-</strong></span> 
     </span>
    </p>
   </div>
   <div class='ocr_carea' id='block_1_82' title="bbox 931 1783 1715 1818">
    <p class='ocr_par' dir='ltr' id='par_1_82' title="bbox 931 1783 1715 1818">
     <span class='ocr_line' id='line_1_82' title="bbox 931 1783 1715 1818; baseline 0 -7"><span class='ocrx_word' id='word_1_643' title='bbox 931 1791 1022 1812; x_wconf 87' lang='lat' dir='ltr'><strong>rarum</strong></span> <span class='ocrx_word' id='word_1_644' title='bbox 1035 1783 1137 1810; x_wconf 86' lang='lat' dir='ltr'><strong>salvum</strong></span> <span class='ocrx_word' id='word_1_645' title='bbox 1160 1783 1270 1813; x_wconf 82' lang='lat' dir='ltr'><strong>faceret,</strong></span> <span class='ocrx_word' id='word_1_646' title='bbox 1295 1790 1310 1809; x_wconf 93' lang='lat' dir='ltr'><strong>a</strong></span> <span class='ocrx_word' id='word_1_647' title='bbox 1338 1783 1418 1809; x_wconf 86' lang='lat' dir='ltr'><strong>rebus</strong></span> <span class='ocrx_word' id='word_1_648' title='bbox 1432 1791 1495 1818; x_wconf 79' lang='lat' dir='ltr'><strong>erga</strong></span> <span class='ocrx_word' id='word_1_649' title='bbox 1513 1791 1560 1810; x_wconf 89' lang='lat' dir='ltr'><strong>nos</strong></span> <span class='ocrx_word' id='word_1_650' title='bbox 1586 1785 1715 1811; x_wconf 78' lang='lat' dir='ltr'><strong>divinitus</strong></span> 
     </span>
    </p>
   </div>
   <div class='ocr_carea' id='block_1_83' title="bbox 930 1828 1714 1865">
    <p class='ocr_par' dir='ltr' id='par_1_83' title="bbox 930 1828 1714 1865">
     <span class='ocr_line' id='line_1_83' title="bbox 930 1828 1714 1865; baseline 0.003 -9"><span class='ocrx_word' id='word_1_651' title='bbox 930 1829 1008 1865; x_wconf 86' lang='lat' dir='ltr'><strong>plane</strong></span> <span class='ocrx_word' id='word_1_652' title='bbox 1025 1833 1052 1855; x_wconf 86' lang='lat' dir='ltr'><strong>et</strong></span> <span class='ocrx_word' id='word_1_653' title='bbox 1068 1828 1262 1856; x_wconf 87' lang='lat' dir='ltr'><strong>admirabiliter</strong></span> <span class='ocrx_word' id='word_1_654' title='bbox 1277 1829 1359 1863; x_wconf 81' lang='lat' dir='ltr'><strong>gestis</strong></span> <span class='ocrx_word' id='word_1_655' title='bbox 1389 1829 1573 1862; x_wconf 81' lang='lat' dir='ltr'><strong>excludemus,</strong></span> <span class='ocrx_word' id='word_1_656' title='bbox 1603 1831 1714 1858; x_wconf 87' lang='lat' dir='ltr'><strong>missum</strong></span> 
     </span>
    </p>
   </div>
   <div class='ocr_carea' id='block_1_84' title="bbox 930 1873 1710 1911">
    <p class='ocr_par' dir='ltr' id='par_1_84' title="bbox 930 1873 1710 1911">
     <span class='ocr_line' id='line_1_84' title="bbox 930 1873 1710 1911; baseline 0 -8"><span class='ocrx_word' id='word_1_657' title='bbox 930 1875 1013 1903; x_wconf 77' lang='lat' dir='ltr'><strong>fuisse</strong></span> <span class='ocrx_word' id='word_1_658' title='bbox 1025 1875 1145 1902; x_wconf 90' lang='lat' dir='ltr'><strong>dicentes</strong></span> <span class='ocrx_word' id='word_1_659' title='bbox 1161 1873 1236 1901; x_wconf 91' lang='lat' dir='ltr'><strong>illum</strong></span> <span class='ocrx_word' id='word_1_660' title='bbox 1252 1874 1330 1901; x_wconf 90' lang='lat' dir='ltr'><strong>nobis</strong></span> <span class='ocrx_word' id='word_1_661' title='bbox 1345 1875 1615 1908; x_wconf 76' lang='lat' dir='ltr'><strong>consubstantialem,</strong></span> <span class='ocrx_word' id='word_1_662' title='bbox 1633 1877 1710 1911; x_wconf 78' lang='lat' dir='ltr'><strong>quasi</strong></span> 
     </span>
    </p>
   </div>
   <div class='ocr_carea' id='block_1_85' title="bbox 930 1919 1714 1954">
    <p class='ocr_par' dir='ltr' id='par_1_85' title="bbox 930 1919 1714 1954">
     <span class='ocr_line' id='line_1_85' title="bbox 930 1919 1714 1954; baseline 0.001 -6"><span class='ocrx_word' id='word_1_663' title='bbox 930 1922 1010 1948; x_wconf 89' lang='lat' dir='ltr'><strong>alium</strong></span> <span class='ocrx_word' id='word_1_664' title='bbox 1027 1921 1060 1948; x_wconf 89' lang='lat' dir='ltr'><strong>ab</strong></span> <span class='ocrx_word' id='word_1_665' title='bbox 1074 1928 1106 1948; x_wconf 90' lang='lat' dir='ltr'><strong>eo</strong></span> <span class='ocrx_word' id='word_1_666' title='bbox 1120 1919 1275 1946; x_wconf 81' lang='lat' dir='ltr'><strong>diversum?</strong></span> <span class='ocrx_word' id='word_1_667' title='bbox 1290 1921 1371 1954; x_wconf 79' lang='lat' dir='ltr'><strong>Atqui</strong></span> <span class='ocrx_word' id='word_1_668' title='bbox 1389 1928 1477 1948; x_wconf 89' lang='lat' dir='ltr'><strong>nonne</strong></span> <span class='ocrx_word' id='word_1_669' title='bbox 1489 1922 1573 1949; x_wconf 83' lang='lat' dir='ltr'><strong>satius</strong></span> <span class='ocrx_word' id='word_1_670' title='bbox 1597 1929 1656 1949; x_wconf 71' lang='lat' dir='ltr'><strong>erat</strong></span> <span class='ocrx_word' id='word_1_671' title='bbox 1675 1923 1714 1949; x_wconf 89' lang='lat' dir='ltr'><strong>di-</strong></span> 
     </span>
    </p>
   </div>
   <div class='ocr_carea' id='block_1_86' title="bbox 929 1964 1709 2001">
    <p class='ocr_par' dir='ltr' id='par_1_86' title="bbox 929 1964 1709 2001">
     <span class='ocr_line' id='line_1_86' title="bbox 929 1964 1709 2001; baseline 0 -8"><span class='ocrx_word' id='word_1_672' title='bbox 929 1973 1001 1998; x_wconf 85' lang='lat' dir='ltr'><strong>cere,</strong></span> <span class='ocrx_word' id='word_1_673' title='bbox 1020 1966 1074 1992; x_wconf 88' lang='lat' dir='ltr'><strong>imo</strong></span> <span class='ocrx_word' id='word_1_674' title='bbox 1084 1972 1146 1991; x_wconf 85' lang='lat' dir='ltr'><strong>vero</strong></span> <span class='ocrx_word' id='word_1_675' title='bbox 1159 1971 1193 1991; x_wconf 80' lang='lat' dir='ltr'><strong>ex</strong></span> <span class='ocrx_word' id='word_1_676' title='bbox 1208 1964 1298 1991; x_wconf 85' lang='lat' dir='ltr'><strong>animo</strong></span> <span class='ocrx_word' id='word_1_677' title='bbox 1322 1965 1433 1998; x_wconf 87' lang='lat' dir='ltr'><strong>sentire,</strong></span> <span class='ocrx_word' id='word_1_678' title='bbox 1459 1966 1569 1992; x_wconf 85' lang='lat' dir='ltr'><strong>missqu</strong></span> <span class='ocrx_word' id='word_1_679' title='bbox 1600 1967 1709 2001; x_wconf 89' lang='lat' dir='ltr'><strong>quidem</strong></span> 
     </span>
    </p>
   </div>
   <div class='ocr_carea' id='block_1_87' title="bbox 929 2009 1713 2045">
    <p class='ocr_par' dir='ltr' id='par_1_87' title="bbox 929 2009 1713 2045">
     <span class='ocr_line' id='line_1_87' title="bbox 929 2009 1713 2045; baseline 0 -6"><span class='ocrx_word' id='word_1_680' title='bbox 929 2011 1075 2039; x_wconf 82' lang='lat' dir='ltr'><strong>esseillum</strong></span> <span class='ocrx_word' id='word_1_681' title='bbox 1085 2016 1112 2038; x_wconf 88' lang='lat' dir='ltr'><strong>et</strong></span> <span class='ocrx_word' id='word_1_682' title='bbox 1129 2009 1228 2037; x_wconf 79' lang='lat' dir='ltr'><strong>factum</strong></span> <span class='ocrx_word' id='word_1_683' title='bbox 1264 2010 1523 2038; x_wconf 84' lang='lat' dir='ltr'><strong>consubstantialem</strong></span> <span class='ocrx_word' id='word_1_684' title='bbox 1549 2011 1637 2045; x_wconf 73' lang='lat' dir='ltr'><strong>nobis,</strong></span> <span class='ocrx_word' id='word_1_685' title='bbox 1663 2013 1713 2039; x_wconf 88' lang='lat' dir='ltr'><strong>hoc</strong></span> 
     </span>
    </p>
   </div>
   <div class='ocr_carea' id='block_1_88' title="bbox 929 2057 1713 2091">
    <p class='ocr_par' dir='ltr' id='par_1_88' title="bbox 929 2057 1713 2091">
     <span class='ocr_line' id='line_1_88' title="bbox 929 2057 1713 2091; baseline 0.001 -6"><span class='ocrx_word' id='word_1_686' title='bbox 929 2063 981 2091; x_wconf 85' lang='lat' dir='ltr'><strong>est,</strong></span> <span class='ocrx_word' id='word_1_687' title='bbox 992 2057 1145 2089; x_wconf 89' lang='lat' dir='ltr'><strong>hominem;</strong></span> <span class='ocrx_word' id='word_1_688' title='bbox 1161 2057 1208 2084; x_wconf 85' lang='lat' dir='ltr'><strong>sed</strong></span> <span class='ocrx_word' id='word_1_689' title='bbox 1222 2057 1355 2084; x_wconf 89' lang='lat' dir='ltr'><strong>mansisse</strong></span> <span class='ocrx_word' id='word_1_690' title='bbox 1365 2061 1452 2084; x_wconf 87' lang='lat' dir='ltr'><strong>tamen</strong></span> <span class='ocrx_word' id='word_1_691' title='bbox 1466 2057 1514 2091; x_wconf 87' lang='lat' dir='ltr'><strong>ipsi</strong></span> <span class='ocrx_word' id='word_1_692' title='bbox 1528 2057 1581 2084; x_wconf 90' lang='lat' dir='ltr'><strong>Deo</strong></span> <span class='ocrx_word' id='word_1_693' title='bbox 1596 2059 1629 2085; x_wconf 79' lang='lat' dir='ltr'><strong>a&#39;c</strong></span> <span class='ocrx_word' id='word_1_694' title='bbox 1642 2058 1713 2086; x_wconf 82' lang='lat' dir='ltr'><strong>Patri</strong></span> 
     </span>
    </p>
   </div>
   <div class='ocr_carea' id='block_1_89' title="bbox 930 2102 1716 2137">
    <p class='ocr_par' dir='ltr' id='par_1_89' title="bbox 930 2102 1716 2137">
     <span class='ocr_line' id='line_1_89' title="bbox 930 2102 1716 2137; baseline 0.001 -6"><span class='ocrx_word' id='word_1_695' title='bbox 930 2102 1199 2134; x_wconf 83' lang='lat' dir='ltr'><strong>emtsubstantialem,</strong></span> <span class='ocrx_word' id='word_1_696' title='bbox 1216 2110 1267 2137; x_wconf 89' lang='lat' dir='ltr'><strong>qua</strong></span> <span class='ocrx_word' id='word_1_697' title='bbox 1281 2108 1309 2129; x_wconf 91' lang='lat' dir='ltr'><strong>et</strong></span> <span class='ocrx_word' id='word_1_698' title='bbox 1324 2103 1467 2137; x_wconf 83' lang='lat' dir='ltr'><strong>cogitatur,</strong></span> <span class='ocrx_word' id='word_1_699' title='bbox 1485 2109 1512 2130; x_wconf 90' lang='lat' dir='ltr'><strong>et</strong></span> <span class='ocrx_word' id='word_1_700' title='bbox 1538 2109 1606 2137; x_wconf 87' lang='lat' dir='ltr'><strong>erat,</strong></span> <span class='ocrx_word' id='word_1_701' title='bbox 1623 2110 1650 2131; x_wconf 92' lang='lat' dir='ltr'><strong>et</strong></span> <span class='ocrx_word' id='word_1_702' title='bbox 1675 2112 1716 2132; x_wconf 84' lang='lat' dir='ltr'><strong>est</strong></span> 
     </span>
    </p>
   </div>
   <div class='ocr_carea' id='block_1_90' title="bbox 930 2148 1714 2182">
    <p class='ocr_par' dir='ltr' id='par_1_90' title="bbox 930 2148 1714 2182">
     <span class='ocr_line' id='line_1_90' title="bbox 930 2148 1714 2182; baseline 0 -7"><span class='ocrx_word' id='word_1_703' title='bbox 930 2148 1016 2175; x_wconf 85' lang='lat' dir='ltr'><strong>Deus?</strong></span> <span class='ocrx_word' id='word_1_704' title='bbox 1034 2148 1079 2175; x_wconf 85' lang='lat' dir='ltr'><strong>Est</strong></span> <span class='ocrx_word' id='word_1_705' title='bbox 1100 2154 1228 2182; x_wconf 87' lang='lat' dir='ltr'><strong>namque,</strong></span> <span class='ocrx_word' id='word_1_706' title='bbox 1248 2151 1301 2181; x_wconf 85' lang='lat' dir='ltr'><strong>est,</strong></span> <span class='ocrx_word' id='word_1_707' title='bbox 1323 2148 1442 2181; x_wconf 86' lang='lat' dir='ltr'><strong>inquam,</strong></span> <span class='ocrx_word' id='word_1_708' title='bbox 1462 2149 1530 2182; x_wconf 87' lang='lat' dir='ltr'><strong>quod</strong></span> <span class='ocrx_word' id='word_1_709' title='bbox 1550 2155 1618 2181; x_wconf 76' lang='lat' dir='ltr'><strong>erat,</strong></span> <span class='ocrx_word' id='word_1_710' title='bbox 1632 2151 1714 2176; x_wconf 83' lang='lat' dir='ltr'><strong>etiam</strong></span> 
     </span>
    </p>
   </div>
   <div class='ocr_carea' id='block_1_91' title="bbox 929 2194 1714 2229">
    <p class='ocr_par' dir='ltr' id='par_1_91' title="bbox 929 2194 1714 2229">
     <span class='ocr_line' id='line_1_91' title="bbox 929 2194 1714 2229; baseline 0 -7"><span class='ocrx_word' id='word_1_711' title='bbox 929 2203 990 2222; x_wconf 87' lang='lat' dir='ltr'><strong>cum</strong></span> <span class='ocrx_word' id='word_1_712' title='bbox 1002 2194 1147 2229; x_wconf 77' lang='lat' dir='ltr'><strong>assumpsit</strong></span> <span class='ocrx_word' id='word_1_713' title='bbox 1162 2199 1284 2221; x_wconf 83' lang='lat' dir='ltr'><strong>naturam</strong></span> <span class='ocrx_word' id='word_1_714' title='bbox 1301 2194 1456 2226; x_wconf 85' lang='lat' dir='ltr'><strong>humanam,</strong></span> <span class='ocrx_word' id='word_1_715' title='bbox 1484 2199 1511 2222; x_wconf 81' lang='lat' dir='ltr'><strong>et</strong></span> <span class='ocrx_word' id='word_1_716' title='bbox 1525 2196 1646 2222; x_wconf 84' lang='lat' dir='ltr'><strong>eumdem</strong></span> <span class='ocrx_word' id='word_1_717' title='bbox 1670 2203 1714 2222; x_wconf 88' lang='lat' dir='ltr'><strong>es-</strong></span> 
     </span>
    </p>
   </div>
   <div class='ocr_carea' id='block_1_92' title="bbox 100 2239 877 2279">
    <p class='ocr_par' dir='ltr' id='par_1_92' title="bbox 100 2240 877 2279">
     <span class='ocr_line' id='line_1_92' title="bbox 100 2240 877 2279; baseline 0.006 -13"><span class='ocrx_word' id='word_1_718' title='bbox 100 2240 245 2276; x_wconf 78' lang='grc' dir='ltr'>ἇνθρωπος·</span> <span class='ocrx_word' id='word_1_719' title='bbox 268 2242 413 2278; x_wconf 84' lang='grc' dir='ltr'>ὀμοούσιος</span> <span class='ocrx_word' id='word_1_720' title='bbox 435 2242 464 2269; x_wconf 79' lang='grc' dir='ltr'>δὲ</span> <span class='ocrx_word' id='word_1_721' title='bbox 487 2242 652 2279; x_wconf 85' lang='grc' dir='ltr'>μεμενηκὼς</span> <span class='ocrx_word' id='word_1_722' title='bbox 677 2244 725 2270; x_wconf 62' lang='grc' dir='ltr'><strong>καὶ⁵</strong></span> <span class='ocrx_word' id='word_1_723' title='bbox 742 2244 818 2279; x_wconf 88' lang='grc' dir='ltr'>αὐτῷ</span> <span class='ocrx_word' id='word_1_724' title='bbox 837 2244 877 2279; x_wconf 82' lang='grc' dir='ltr'>τῷ</span> 
     </span>
    </p>
   </div>
   <div class='ocr_carea' id='block_1_93' title="bbox 930 2239 1712 2279">
    <p class='ocr_par' dir='ltr' id='par_1_93' title="bbox 930 2239 1712 2273">
     <span class='ocr_line' id='line_1_93' title="bbox 930 2239 1712 2273; baseline 0.001 -6"><span class='ocrx_word' id='word_1_725' title='bbox 930 2240 1043 2268; x_wconf 89' lang='lat' dir='ltr'><strong>sentiam</strong></span> <span class='ocrx_word' id='word_1_726' title='bbox 1058 2240 1161 2267; x_wconf 86' lang='lat' dir='ltr'><strong>habens</strong></span> <span class='ocrx_word' id='word_1_727' title='bbox 1173 2247 1233 2267; x_wconf 90' lang='lat' dir='ltr'><strong>cum</strong></span> <span class='ocrx_word' id='word_1_728' title='bbox 1245 2239 1326 2266; x_wconf 85' lang='lat' dir='ltr'><strong>Patre</strong></span> <span class='ocrx_word' id='word_1_729' title='bbox 1339 2239 1383 2273; x_wconf 89' lang='lat' dir='ltr'><strong>qui</strong></span> <span class='ocrx_word' id='word_1_730' title='bbox 1396 2244 1439 2266; x_wconf 85' lang='lat' dir='ltr'><strong>est</strong></span> <span class='ocrx_word' id='word_1_731' title='bbox 1469 2240 1494 2266; x_wconf 93' lang='lat' dir='ltr'><strong>in</strong></span> <span class='ocrx_word' id='word_1_732' title='bbox 1512 2241 1588 2267; x_wconf 72' lang='lat' dir='ltr'><strong>caelis</strong></span> <span class='ocrx_word' id='word_1_733' title='bbox 1603 2248 1634 2268; x_wconf 88' lang='lat' dir='ltr'><strong>ac</strong></span> <span class='ocrx_word' id='word_1_734' title='bbox 1649 2241 1712 2273; x_wconf 85' lang='lat' dir='ltr'><strong>Deo,</strong></span> 
     </span>
    </p>
   </div>
   <div class='ocr_carea' id='block_1_94' title="bbox 100 2286 877 2326">
    <p class='ocr_par' dir='ltr' id='par_1_94' title="bbox 100 2286 877 2326">
     <span class='ocr_line' id='line_1_94' title="bbox 100 2286 877 2326; baseline 0.005 -13"><span class='ocrx_word' id='word_1_735' title='bbox 100 2286 151 2321; x_wconf 85' lang='grc' dir='ltr'><strong>Θεῷ</strong></span> <span class='ocrx_word' id='word_1_736' title='bbox 173 2288 217 2314; x_wconf 76' lang='grc' dir='ltr'><strong>καὶ</strong></span> <span class='ocrx_word' id='word_1_737' title='bbox 232 2288 333 2324; x_wconf 77' lang='grc' dir='ltr'>Πατρὶ,</span> <span class='ocrx_word' id='word_1_738' title='bbox 357 2287 426 2315; x_wconf 81' lang='grc' dir='ltr'>καθὸ</span> <span class='ocrx_word' id='word_1_739' title='bbox 447 2288 494 2315; x_wconf 73' lang='grc' dir='ltr'><strong>καὶ</strong></span> <span class='ocrx_word' id='word_1_740' title='bbox 514 2290 623 2322; x_wconf 82' lang='grc' dir='ltr'>νοεῖται,</span> <span class='ocrx_word' id='word_1_741' title='bbox 644 2289 692 2317; x_wconf 80' lang='grc' dir='ltr'>καὶ</span> <span class='ocrx_word' id='word_1_742' title='bbox 709 2287 743 2326; x_wconf 84' lang='grc' dir='ltr'>ἦν</span> <span class='ocrx_word' id='word_1_743' title='bbox 766 2298 807 2321; x_wconf 81' lang='grc' dir='ltr'><strong>τε,</strong></span> <span class='ocrx_word' id='word_1_744' title='bbox 829 2289 877 2317; x_wconf 81' lang='grc' dir='ltr'><strong>καὶ</strong></span> 
     </span>
    </p>
   </div>
   <div class='ocr_carea' id='block_1_95' title="bbox 100 2331 877 2371">
    <p class='ocr_par' dir='ltr' id='par_1_95' title="bbox 100 2331 877 2371">
     <span class='ocr_line' id='line_1_95' title="bbox 100 2331 877 2371; baseline 0.004 -13"><span class='ocrx_word' id='word_1_745' title='bbox 100 2331 150 2359; x_wconf 71' lang='grc' dir='ltr'>ἔστι</span> <span class='ocrx_word' id='word_1_746' title='bbox 164 2333 241 2366; x_wconf 72' lang='grc' dir='ltr'>Θεός;</span> <span class='ocrx_word' id='word_1_747' title='bbox 257 2333 317 2361; x_wconf 75' lang='grc' dir='ltr'>ἐστι</span> <span class='ocrx_word' id='word_1_748' title='bbox 331 2335 396 2370; x_wconf 84' lang='grc' dir='ltr'>γὰρ,</span> <span class='ocrx_word' id='word_1_749' title='bbox 412 2334 506 2361; x_wconf 84' lang='grc' dir='ltr'>Ἔστιν</span> <span class='ocrx_word' id='word_1_750' title='bbox 518 2333 532 2360; x_wconf 81' lang='grc' dir='ltr'><strong>ὃ</strong></span> <span class='ocrx_word' id='word_1_751' title='bbox 549 2331 594 2370; x_wconf 86' lang='grc' dir='ltr'>ἦν,</span> <span class='ocrx_word' id='word_1_752' title='bbox 608 2335 656 2361; x_wconf 81' lang='grc' dir='ltr'><strong>καὶ</strong></span> <span class='ocrx_word' id='word_1_753' title='bbox 671 2334 832 2371; x_wconf 80' lang='grc' dir='ltr'>προσλαϐὼν</span> <span class='ocrx_word' id='word_1_754' title='bbox 846 2335 877 2361; x_wconf 84' lang='grc' dir='ltr'>τὸ</span> 
     </span>
    </p>
   </div>
   <div class='ocr_carea' id='block_1_96' title="bbox 100 2378 877 2416">
    <p class='ocr_par' dir='ltr' id='par_1_96' title="bbox 100 2378 877 2416">
     <span class='ocr_line' id='line_1_96' title="bbox 100 2378 877 2416; baseline 0.004 -11"><span class='ocrx_word' id='word_1_755' title='bbox 100 2378 271 2414; x_wconf 83' lang='grc' dir='ltr'>ἀνθρώπινον,</span> <span class='ocrx_word' id='word_1_756' title='bbox 299 2380 371 2415; x_wconf 72' lang='grc' dir='ltr'>ἔχων</span> <span class='ocrx_word' id='word_1_757' title='bbox 401 2379 430 2406; x_wconf 77' lang='grc' dir='ltr'>δὲ</span> <span class='ocrx_word' id='word_1_758' title='bbox 455 2379 505 2416; x_wconf 79' lang='grc' dir='ltr'>τὴν</span> <span class='ocrx_word' id='word_1_759' title='bbox 531 2380 683 2415; x_wconf 84' lang='grc' dir='ltr'>ταυτότητα</span> <span class='ocrx_word' id='word_1_760' title='bbox 709 2380 759 2416; x_wconf 85' lang='grc' dir='ltr'>τῆς</span> <span class='ocrx_word' id='word_1_761' title='bbox 781 2381 877 2412; x_wconf 81' lang='grc' dir='ltr'>οὐσίας</span> 
     </span>
    </p>
   </div>
   <div class='ocr_carea' id='block_1_97' title="bbox 101 2424 875 2461">
    <p class='ocr_par' dir='ltr' id='par_1_97' title="bbox 101 2424 875 2461">
     <span class='ocr_line' id='line_1_97' title="bbox 101 2424 875 2461; baseline 0.001 -10"><span class='ocrx_word' id='word_1_762' title='bbox 101 2424 161 2460; x_wconf 76' lang='grc' dir='ltr'>πρὸς</span> <span class='ocrx_word' id='word_1_763' title='bbox 176 2425 220 2452; x_wconf 76' lang='grc' dir='ltr'>τὸν</span> <span class='ocrx_word' id='word_1_764' title='bbox 234 2426 263 2452; x_wconf 85' lang='grc' dir='ltr'>ὲν</span> <span class='ocrx_word' id='word_1_765' title='bbox 284 2427 342 2458; x_wconf 86' lang='grc' dir='ltr'>τοῖς</span> <span class='ocrx_word' id='word_1_766' title='bbox 354 2425 476 2461; x_wconf 70' lang='grc' dir='ltr'>οὐρανοῖς</span> <span class='ocrx_word' id='word_1_767' title='bbox 496 2425 606 2461; x_wconf 80' lang='grc' dir='ltr'>Πατέρα</span> <span class='ocrx_word' id='word_1_768' title='bbox 621 2426 668 2453; x_wconf 76' lang='grc' dir='ltr'>καὶ</span> <span class='ocrx_word' id='word_1_769' title='bbox 682 2426 758 2456; x_wconf 78' lang='grc' dir='ltr'>Θεὸν.</span> <span class='ocrx_word' id='word_1_770' title='bbox 774 2425 875 2453; x_wconf 74' lang='grc' dir='ltr'>ἐπελά-</span> 
     </span>
    </p>
   </div>
   <div class='ocr_carea' id='block_1_98' title="bbox 101 2469 874 2507">
    <p class='ocr_par' dir='ltr' id='par_1_98' title="bbox 101 2469 874 2507">
     <span class='ocr_line' id='line_1_98' title="bbox 101 2469 874 2507; baseline 0.003 -10"><span class='ocrx_word' id='word_1_771' title='bbox 101 2469 155 2497; x_wconf 71' lang='grc' dir='ltr'>θετο</span> <span class='ocrx_word' id='word_1_772' title='bbox 169 2470 253 2506; x_wconf 80' lang='grc' dir='ltr'>σοφῶς</span> <span class='ocrx_word' id='word_1_773' title='bbox 267 2472 315 2498; x_wconf 75' lang='grc' dir='ltr'>καὶ</span> <span class='ocrx_word' id='word_1_774' title='bbox 331 2471 382 2506; x_wconf 85' lang='grc' dir='ltr'>τῆς</span> <span class='ocrx_word' id='word_1_775' title='bbox 397 2471 465 2507; x_wconf 79' lang='grc' dir='ltr'>πρὸς</span> <span class='ocrx_word' id='word_1_776' title='bbox 478 2472 551 2507; x_wconf 81' lang='grc' dir='ltr'>ἡμᾶς</span> <span class='ocrx_word' id='word_1_777' title='bbox 566 2471 725 2507; x_wconf 82' lang='grc' dir='ltr'>ὁμοιότητος</span> <span class='ocrx_word' id='word_1_778' title='bbox 734 2480 742 2488; x_wconf 78' lang='grc' dir='ltr'><strong><em>ο</em></strong></span> <span class='ocrx_word' id='word_1_779' title='bbox 756 2471 874 2499; x_wconf 84' lang='grc' dir='ltr'>τέθειται</span> 
     </span>
    </p>
   </div>
   <div class='ocr_carea' id='block_1_99' title="bbox 100 2516 874 2553">
    <p class='ocr_par' dir='ltr' id='par_1_99' title="bbox 100 2516 874 2553">
     <span class='ocr_line' id='line_1_99' title="bbox 100 2516 874 2553; baseline 0.003 -11"><span class='ocrx_word' id='word_1_780' title='bbox 100 2516 125 2542; x_wconf 76' lang='grc' dir='ltr'>δὲ</span> <span class='ocrx_word' id='word_1_781' title='bbox 134 2517 176 2543; x_wconf 78' lang='grc' dir='ltr'><strong>καὶ</strong></span> <span class='ocrx_word' id='word_1_782' title='bbox 190 2517 312 2552; x_wconf 80' lang='grc' dir='ltr'>μεσίτης,</span> <span class='ocrx_word' id='word_1_783' title='bbox 328 2517 444 2544; x_wconf 85' lang='grc' dir='ltr'>συνδέων</span> <span class='ocrx_word' id='word_1_784' title='bbox 454 2518 486 2544; x_wconf 81' lang='grc' dir='ltr'>δι’</span> <span class='ocrx_word' id='word_1_785' title='bbox 496 2517 593 2544; x_wconf 79' lang='grc' dir='ltr'>ἑαυτοῦ</span> <span class='ocrx_word' id='word_1_786' title='bbox 606 2517 674 2553; x_wconf 84' lang='grc' dir='ltr'>πρὸς</span> <span class='ocrx_word' id='word_1_787' title='bbox 687 2517 800 2553; x_wconf 77' lang='grc' dir='ltr'>ἑνότητα</span> <span class='ocrx_word' id='word_1_788' title='bbox 812 2526 874 2553; x_wconf 85' lang='grc' dir='ltr'>σχε-</span> 
     </span>
    </p>
   </div>
   <div class='ocr_carea' id='block_1_100' title="bbox 101 2562 875 2598">
    <p class='ocr_par' dir='ltr' id='par_1_100' title="bbox 101 2562 875 2598">
     <span class='ocr_line' id='line_1_100' title="bbox 101 2562 875 2598; baseline 0 -10"><span class='ocrx_word' id='word_1_789' title='bbox 101 2562 170 2598; x_wconf 71' lang='grc' dir='ltr'>τικὴν</span> <span class='ocrx_word' id='word_1_790' title='bbox 190 2563 223 2590; x_wconf 74' lang='grc' dir='ltr'><strong>τὰ</strong></span> <span class='ocrx_word' id='word_1_791' title='bbox 239 2565 295 2596; x_wconf 88' lang='grc' dir='ltr'>τοῖς</span> <span class='ocrx_word' id='word_1_792' title='bbox 314 2563 365 2598; x_wconf 78' lang='grc' dir='ltr'>τῆς</span> <span class='ocrx_word' id='word_1_793' title='bbox 382 2563 490 2598; x_wconf 82' lang='grc' dir='ltr'>φύσεως</span> <span class='ocrx_word' id='word_1_794' title='bbox 511 2563 602 2596; x_wconf 87' lang='grc' dir='ltr'>λόγοις</span> <span class='ocrx_word' id='word_1_795' title='bbox 625 2563 777 2598; x_wconf 78' lang='grc' dir='ltr'>ὁλοτρόπως</span> <span class='ocrx_word' id='word_1_796' title='bbox 793 2563 875 2598; x_wconf 82' lang='grc' dir='ltr'><strong>ἀλλή-</strong></span> 
     </span>
    </p>
   </div>
   <div class='ocr_carea' id='block_1_101' title="bbox 102 2606 874 2643">
    <p class='ocr_par' dir='ltr' id='par_1_101' title="bbox 102 2606 874 2643">
     <span class='ocr_line' id='line_1_101' title="bbox 102 2606 874 2643; baseline 0 -9"><span class='ocrx_word' id='word_1_797' title='bbox 102 2606 148 2632; x_wconf 82' lang='grc' dir='ltr'><strong>λων</strong></span> <span class='ocrx_word' id='word_1_798' title='bbox 163 2607 320 2643; x_wconf 83' lang='grc' dir='ltr'>διῃρημένα.</span> <span class='ocrx_word' id='word_1_799' title='bbox 341 2608 438 2641; x_wconf 82' lang='grc' dir='ltr'>Γέγονε</span> <span class='ocrx_word' id='word_1_800' title='bbox 461 2607 525 2643; x_wconf 82' lang='grc' dir='ltr'>γὰρ,</span> <span class='ocrx_word' id='word_1_801' title='bbox 545 2607 611 2639; x_wconf 79' lang='grc' dir='ltr'>Θεὸς</span> <span class='ocrx_word' id='word_1_802' title='bbox 625 2607 663 2634; x_wconf 85' lang='grc' dir='ltr'>ὢν</span> <span class='ocrx_word' id='word_1_803' title='bbox 685 2607 777 2642; x_wconf 80' lang='grc' dir='ltr'>φύσει,</span> <span class='ocrx_word' id='word_1_804' title='bbox 803 2607 874 2634; x_wconf 79' lang='grc' dir='ltr'>κατὰ</span> 
     </span>
    </p>
   </div>
   <div class='ocr_carea' id='block_1_102' title="bbox 103 2653 875 2690">
    <p class='ocr_par' dir='ltr' id='par_1_102' title="bbox 103 2653 875 2690">
     <span class='ocr_line' id='line_1_102' title="bbox 103 2653 875 2690; baseline 0 -11"><span class='ocrx_word' id='word_1_805' title='bbox 103 2653 218 2688; x_wconf 70' lang='grc' dir='ltr'>ἀλήθειαν</span> <span class='ocrx_word' id='word_1_806' title='bbox 245 2654 398 2689; x_wconf 75' lang='grc' dir='ltr'>ἄνθρωπος,</span> <span class='ocrx_word' id='word_1_807' title='bbox 422 2654 465 2680; x_wconf 84' lang='grc' dir='ltr'>ἴνα</span> <span class='ocrx_word' id='word_1_808' title='bbox 488 2655 534 2680; x_wconf 76' lang='grc' dir='ltr'><strong>καὶ</strong></span> <span class='ocrx_word' id='word_1_809' title='bbox 557 2655 637 2690; x_wconf 84' lang='grc' dir='ltr'>ἡμεῖς</span> <span class='ocrx_word' id='word_1_810' title='bbox 660 2653 875 2689; x_wconf 84' lang='grc' dir='ltr'>χρηματίσωμεν</span> 
     </span>
    </p>
   </div>
   <div class='ocr_carea' id='block_1_103' title="bbox 102 2697 874 2734">
    <p class='ocr_par' dir='ltr' id='par_1_103' title="bbox 102 2697 874 2734">
     <span class='ocr_line' id='line_1_103' title="bbox 102 2697 874 2734; baseline 0.003 -12"><span class='ocrx_word' id='word_1_811' title='bbox 102 2699 179 2730; x_wconf 76' lang='grc' dir='ltr'>γένος,</span> <span class='ocrx_word' id='word_1_812' title='bbox 192 2697 280 2724; x_wconf 74' lang='grc' dir='ltr'>οὐκέτι</span> <span class='ocrx_word' id='word_1_813' title='bbox 290 2697 338 2724; x_wconf 81' lang='grc' dir='ltr'><strong>τοῦ</strong></span> <span class='ocrx_word' id='word_1_814' title='bbox 351 2698 470 2733; x_wconf 83' lang='grc' dir='ltr'>πρώτου,</span> <span class='ocrx_word' id='word_1_815' title='bbox 484 2698 618 2732; x_wconf 82' lang='grc' dir='ltr'>τουτέστι,</span> <span class='ocrx_word' id='word_1_816' title='bbox 628 2698 676 2724; x_wconf 81' lang='grc' dir='ltr'><strong>τοῦ</strong></span> <span class='ocrx_word' id='word_1_817' title='bbox 690 2698 792 2734; x_wconf 79' lang='grc' dir='ltr'><strong>χοϊκοῦ,</strong></span> <span class='ocrx_word' id='word_1_818' title='bbox 805 2698 874 2733; x_wconf 78' lang='grc' dir='ltr'>πρὸς</span> 
     </span>
    </p>
   </div>
   <div class='ocr_carea' id='block_1_104' title="bbox 102 2741 871 2780">
    <p class='ocr_par' dir='ltr' id='par_1_104' title="bbox 102 2741 871 2780">
     <span class='ocr_line' id='line_1_104' title="bbox 102 2741 871 2780; baseline 0.003 -12"><span class='ocrx_word' id='word_1_819' title='bbox 102 2741 127 2768; x_wconf 81' lang='grc' dir='ltr'>ὃν</span> <span class='ocrx_word' id='word_1_820' title='bbox 138 2743 235 2778; x_wconf 84' lang='grc' dir='ltr'>εἴρηται</span> <span class='ocrx_word' id='word_1_821' title='bbox 259 2743 336 2778; x_wconf 84' lang='grc' dir='ltr'>παρὰ</span> <span class='ocrx_word' id='word_1_822' title='bbox 358 2743 439 2776; x_wconf 79' lang='grc' dir='ltr'>Θεοῦ,</span> <span class='ocrx_word' id='word_1_823' title='bbox 464 2753 472 2768; x_wconf 80' lang='grc' dir='ltr'><strong>ι</strong></span> <span class='ocrx_word' id='word_1_824' title='bbox 493 2744 531 2778; x_wconf 82' lang='grc' dir='ltr'><strong>Γῆ</strong></span> <span class='ocrx_word' id='word_1_825' title='bbox 544 2743 580 2776; x_wconf 79' lang='grc' dir='ltr'><strong>εἰ,</strong></span> <span class='ocrx_word' id='word_1_826' title='bbox 608 2744 655 2770; x_wconf 83' lang='grc' dir='ltr'><strong>καὶ</strong></span> <span class='ocrx_word' id='word_1_827' title='bbox 676 2745 717 2775; x_wconf 82' lang='grc' dir='ltr'>εἰς</span> <span class='ocrx_word' id='word_1_828' title='bbox 740 2744 792 2780; x_wconf 78' lang='grc' dir='ltr'>γῆν</span> <span class='ocrx_word' id='word_1_829' title='bbox 817 2744 871 2770; x_wconf 85' lang='grc' dir='ltr'><strong>ἁπ-</strong></span> 
     </span>
    </p>
   </div>
   <div class='ocr_carea' id='block_1_105' title="bbox 103 2786 871 2824">
    <p class='ocr_par' dir='ltr' id='par_1_105' title="bbox 103 2786 871 2824">
     <span class='ocr_line' id='line_1_105' title="bbox 103 2786 871 2824; baseline 0.003 -11"><span class='ocrx_word' id='word_1_830' title='bbox 103 2786 196 2823; x_wconf 74' lang='grc' dir='ltr'>ελεύσῃ,</span> <span class='ocrx_word' id='word_1_831' title='bbox 206 2788 270 2814; x_wconf 70' lang='grc' dir='ltr'>»τοῦ</span> <span class='ocrx_word' id='word_1_832' title='bbox 286 2788 333 2815; x_wconf 79' lang='grc' dir='ltr'>καὶ</span> <span class='ocrx_word' id='word_1_833' title='bbox 353 2789 395 2820; x_wconf 82' lang='grc' dir='ltr'><strong>είς</strong></span> <span class='ocrx_word' id='word_1_834' title='bbox 417 2787 529 2814; x_wconf 84' lang='grc' dir='ltr'>θάνατον</span> <span class='ocrx_word' id='word_1_835' title='bbox 544 2788 787 2824; x_wconf 83' lang='grc' dir='ltr'>παραπέμποντος·</span> <span class='ocrx_word' id='word_1_836' title='bbox 803 2788 871 2815; x_wconf 81' lang='grc' dir='ltr'>ἀλλὰ</span> 
     </span>
    </p>
   </div>
   <div class='ocr_carea' id='block_1_106' title="bbox 928 2283 1714 2319">
    <p class='ocr_par' dir='ltr' id='par_1_106' title="bbox 928 2283 1714 2319">
     <span class='ocr_line' id='line_1_106' title="bbox 928 2283 1714 2319; baseline 0.001 -8"><span class='ocrx_word' id='word_1_837' title='bbox 928 2284 1046 2319; x_wconf 86' lang='lat' dir='ltr'><strong>suscepit</strong></span> <span class='ocrx_word' id='word_1_838' title='bbox 1060 2284 1174 2319; x_wconf 84' lang='lat' dir='ltr'><strong>sapienti</strong></span> <span class='ocrx_word' id='word_1_839' title='bbox 1187 2283 1300 2311; x_wconf 91' lang='lat' dir='ltr'><strong>consilio</strong></span> <span class='ocrx_word' id='word_1_840' title='bbox 1315 2289 1434 2312; x_wconf 87' lang='lat' dir='ltr'><strong>nostram</strong></span> <span class='ocrx_word' id='word_1_841' title='bbox 1452 2291 1559 2319; x_wconf 89' lang='lat' dir='ltr'><strong>quoque</strong></span> <span class='ocrx_word' id='word_1_842' title='bbox 1587 2286 1714 2313; x_wconf 85' lang='lat' dir='ltr'><strong>similitu-</strong></span> 
     </span>
    </p>
   </div>
   <div class='ocr_carea' id='block_1_107' title="bbox 928 2330 1712 2367">
    <p class='ocr_par' dir='ltr' id='par_1_107' title="bbox 928 2330 1712 2367">
     <span class='ocr_line' id='line_1_107' title="bbox 928 2330 1712 2367; baseline 0.001 -10"><span class='ocrx_word' id='word_1_843' title='bbox 928 2330 1028 2362; x_wconf 86' lang='lat' dir='ltr'><strong>dinem,</strong></span> <span class='ocrx_word' id='word_1_844' title='bbox 1041 2330 1200 2364; x_wconf 87' lang='lat' dir='ltr'><strong>quinetiam</strong></span> <span class='ocrx_word' id='word_1_845' title='bbox 1225 2330 1329 2364; x_wconf 83' lang='lat' dir='ltr'><strong>pasitus</strong></span> <span class='ocrx_word' id='word_1_846' title='bbox 1359 2334 1400 2358; x_wconf 83' lang='lat' dir='ltr'><strong>est</strong></span> <span class='ocrx_word' id='word_1_847' title='bbox 1423 2331 1566 2363; x_wconf 85' lang='lat' dir='ltr'><strong>mediator,</strong></span> <span class='ocrx_word' id='word_1_848' title='bbox 1591 2332 1636 2365; x_wconf 88' lang='lat' dir='ltr'><strong>qui</strong></span> <span class='ocrx_word' id='word_1_849' title='bbox 1664 2341 1712 2367; x_wconf 86' lang='lat' dir='ltr'><strong>per</strong></span> 
     </span>
    </p>
   </div>
   <div class='ocr_carea' id='block_1_108' title="bbox 927 2375 1712 2413">
    <p class='ocr_par' dir='ltr' id='par_1_108' title="bbox 927 2375 1712 2413">
     <span class='ocr_line' id='line_1_108' title="bbox 927 2375 1712 2413; baseline 0.005 -11"><span class='ocrx_word' id='word_1_850' title='bbox 927 2377 1044 2410; x_wconf 80' lang='lat' dir='ltr'><strong>seipsum</strong></span> <span class='ocrx_word' id='word_1_851' title='bbox 1058 2377 1091 2403; x_wconf 89' lang='lat' dir='ltr'><strong>ad</strong></span> <span class='ocrx_word' id='word_1_852' title='bbox 1110 2375 1285 2411; x_wconf 84' lang='lat' dir='ltr'><strong>respectivam</strong></span> <span class='ocrx_word' id='word_1_853' title='bbox 1304 2375 1434 2403; x_wconf 86' lang='lat' dir='ltr'><strong>unitatem</strong></span> <span class='ocrx_word' id='word_1_854' title='bbox 1450 2376 1589 2410; x_wconf 79' lang='lat' dir='ltr'><strong>colligaret</strong></span> <span class='ocrx_word' id='word_1_855' title='bbox 1602 2385 1633 2404; x_wconf 87' lang='lat' dir='ltr'><strong>ea</strong></span> <span class='ocrx_word' id='word_1_856' title='bbox 1649 2386 1712 2413; x_wconf 69' lang='lat' dir='ltr'><strong>qua:</strong></span> 
     </span>
    </p>
   </div>
   <div class='ocr_carea' id='block_1_109' title="bbox 926 2422 1708 2459">
    <p class='ocr_par' dir='ltr' id='par_1_109' title="bbox 926 2422 1708 2459">
     <span class='ocr_line' id='line_1_109' title="bbox 926 2422 1708 2459; baseline 0.005 -10"><span class='ocrx_word' id='word_1_857' title='bbox 926 2426 1030 2449; x_wconf 76' lang='lat' dir='ltr'><strong>naturae</strong></span> <span class='ocrx_word' id='word_1_858' title='bbox 1050 2422 1198 2450; x_wconf 87' lang='lat' dir='ltr'><strong>rationibus</strong></span> <span class='ocrx_word' id='word_1_859' title='bbox 1210 2423 1316 2457; x_wconf 87' lang='lat' dir='ltr'><strong>penitus</strong></span> <span class='ocrx_word' id='word_1_860' title='bbox 1327 2427 1404 2449; x_wconf 88' lang='lat' dir='ltr'><strong>erant</strong></span> <span class='ocrx_word' id='word_1_861' title='bbox 1417 2423 1486 2450; x_wconf 86' lang='lat' dir='ltr'><strong>inter</strong></span> <span class='ocrx_word' id='word_1_862' title='bbox 1505 2430 1535 2450; x_wconf 83' lang='lat' dir='ltr'><strong>se</strong></span> <span class='ocrx_word' id='word_1_863' title='bbox 1565 2424 1708 2459; x_wconf 88' lang='lat' dir='ltr'><strong>disjuucta.</strong></span> 
     </span>
    </p>
   </div>
   <div class='ocr_carea' id='block_1_110' title="bbox 927 2467 1711 2503">
    <p class='ocr_par' dir='ltr' id='par_1_110' title="bbox 927 2467 1711 2503">
     <span class='ocr_line' id='line_1_110' title="bbox 927 2467 1711 2503; baseline 0.004 -8"><span class='ocrx_word' id='word_1_864' title='bbox 927 2467 995 2495; x_wconf 87' lang='lat' dir='ltr'><strong>Nam</strong></span> <span class='ocrx_word' id='word_1_865' title='bbox 1007 2468 1052 2503; x_wconf 92' lang='lat' dir='ltr'><strong>qui</strong></span> <span class='ocrx_word' id='word_1_866' title='bbox 1068 2469 1138 2496; x_wconf 89' lang='lat' dir='ltr'><strong>Deus</strong></span> <span class='ocrx_word' id='word_1_867' title='bbox 1150 2473 1209 2495; x_wconf 88' lang='lat' dir='ltr'><strong>erat</strong></span> <span class='ocrx_word' id='word_1_868' title='bbox 1222 2475 1255 2495; x_wconf 80' lang='lat' dir='ltr'><strong>ex</strong></span> <span class='ocrx_word' id='word_1_869' title='bbox 1271 2472 1377 2500; x_wconf 88' lang='lat' dir='ltr'><strong>natura,</strong></span> <span class='ocrx_word' id='word_1_870' title='bbox 1393 2467 1480 2501; x_wconf 81' lang='lat' dir='ltr'><strong>factus</strong></span> <span class='ocrx_word' id='word_1_871' title='bbox 1505 2475 1546 2496; x_wconf 88' lang='lat' dir='ltr'><strong>est</strong></span> <span class='ocrx_word' id='word_1_872' title='bbox 1563 2469 1643 2497; x_wconf 91' lang='lat' dir='ltr'><strong>homo</strong></span> <span class='ocrx_word' id='word_1_873' title='bbox 1667 2479 1711 2498; x_wconf 79' lang='lat' dir='ltr'><strong>se—</strong></span> 
     </span>
    </p>
   </div>
   <div class='ocr_carea' id='block_1_111' title="bbox 927 2514 1710 2551">
    <p class='ocr_par' dir='ltr' id='par_1_111' title="bbox 927 2514 1710 2551">
     <span class='ocr_line' id='line_1_111' title="bbox 927 2514 1710 2551; baseline 0.004 -10"><span class='ocrx_word' id='word_1_874' title='bbox 927 2514 1044 2542; x_wconf 91' lang='lat' dir='ltr'><strong>cundum</strong></span> <span class='ocrx_word' id='word_1_875' title='bbox 1060 2514 1214 2546; x_wconf 83' lang='lat' dir='ltr'><strong>veritatem,</strong></span> <span class='ocrx_word' id='word_1_876' title='bbox 1227 2518 1256 2540; x_wconf 92' lang='lat' dir='ltr'><strong>ut</strong></span> <span class='ocrx_word' id='word_1_877' title='bbox 1268 2520 1315 2540; x_wconf 76' lang='lat' dir='ltr'><strong>nos</strong></span> <span class='ocrx_word' id='word_1_878' title='bbox 1332 2521 1440 2548; x_wconf 88' lang='lat' dir='ltr'><strong>quoque</strong></span> <span class='ocrx_word' id='word_1_879' title='bbox 1453 2514 1538 2542; x_wconf 87' lang='lat' dir='ltr'><strong>simus</strong></span> <span class='ocrx_word' id='word_1_880' title='bbox 1560 2522 1644 2551; x_wconf 75' lang='lat' dir='ltr'><strong>genus</strong></span> <span class='ocrx_word' id='word_1_881' title='bbox 1657 2524 1710 2544; x_wconf 90' lang='lat' dir='ltr'><strong>non</strong></span> 
     </span>
    </p>
   </div>
   <div class='ocr_carea' id='block_1_112' title="bbox 920 2559 1709 2596">
    <p class='ocr_par' dir='ltr' id='par_1_112' title="bbox 920 2559 1709 2596">
     <span class='ocr_line' id='line_1_112' title="bbox 920 2559 1709 2596; baseline 0.004 -10"><span class='ocrx_word' id='word_1_882' title='bbox 920 2559 977 2594; x_wconf 85' lang='lat' dir='ltr'><strong>jam</strong></span> <span class='ocrx_word' id='word_1_883' title='bbox 995 2560 1067 2587; x_wconf 90' lang='lat' dir='ltr'><strong>illius</strong></span> <span class='ocrx_word' id='word_1_884' title='bbox 1078 2559 1170 2595; x_wconf 89' lang='lat' dir='ltr'><strong>primi,</strong></span> <span class='ocrx_word' id='word_1_885' title='bbox 1185 2560 1236 2587; x_wconf 93' lang='lat' dir='ltr'><strong>hoc</strong></span> <span class='ocrx_word' id='word_1_886' title='bbox 1260 2563 1312 2592; x_wconf 88' lang='lat' dir='ltr'><strong>est,</strong></span> <span class='ocrx_word' id='word_1_887' title='bbox 1330 2560 1440 2592; x_wconf 87' lang='lat' dir='ltr'><strong>terreni,</strong></span> <span class='ocrx_word' id='word_1_888' title='bbox 1470 2561 1501 2587; x_wconf 91' lang='lat' dir='ltr'><strong>ad</strong></span> <span class='ocrx_word' id='word_1_889' title='bbox 1516 2569 1595 2596; x_wconf 92' lang='lat' dir='ltr'><strong>quem</strong></span> <span class='ocrx_word' id='word_1_890' title='bbox 1608 2562 1709 2589; x_wconf 92' lang='lat' dir='ltr'><strong>dictum</strong></span> 
     </span>
    </p>
   </div>
   <div class='ocr_carea' id='block_1_113' title="bbox 924 2605 1708 2643">
    <p class='ocr_par' dir='ltr' id='par_1_113' title="bbox 924 2605 1708 2643">
     <span class='ocr_line' id='line_1_113' title="bbox 924 2605 1708 2643; baseline 0.003 -11"><span class='ocrx_word' id='word_1_891' title='bbox 924 2610 967 2632; x_wconf 87' lang='lat' dir='ltr'><strong>est</strong></span> <span class='ocrx_word' id='word_1_892' title='bbox 985 2613 1000 2632; x_wconf 88' lang='lat' dir='ltr'><strong>a</strong></span> <span class='ocrx_word' id='word_1_893' title='bbox 1016 2606 1079 2633; x_wconf 82' lang='lat' dir='ltr'><strong>Deo.</strong></span> <span class='ocrx_word' id='word_1_894' title='bbox 1099 2615 1109 2631; x_wconf 78' lang='grc' dir='ltr'><strong>ι</strong></span> <span class='ocrx_word' id='word_1_895' title='bbox 1142 2605 1227 2633; x_wconf 84' lang='lat' dir='ltr'><strong>Terra</strong></span> <span class='ocrx_word' id='word_1_896' title='bbox 1253 2612 1293 2638; x_wconf 84' lang='lat' dir='ltr'><strong>es.</strong></span> <span class='ocrx_word' id='word_1_897' title='bbox 1305 2611 1332 2633; x_wconf 89' lang='lat' dir='ltr'><strong>et</strong></span> <span class='ocrx_word' id='word_1_898' title='bbox 1359 2606 1384 2634; x_wconf 89' lang='lat' dir='ltr'><strong>iu</strong></span> <span class='ocrx_word' id='word_1_899' title='bbox 1408 2610 1509 2633; x_wconf 88' lang='lat' dir='ltr'><strong>terram</strong></span> <span class='ocrx_word' id='word_1_900' title='bbox 1525 2607 1576 2634; x_wconf 90' lang='lat' dir='ltr'><strong>ibis</strong></span> <span class='ocrx_word' id='word_1_901' title='bbox 1586 2607 1620 2641; x_wconf 84' lang='lat'><strong>&quot;,</strong></span> <span class='ocrx_word' id='word_1_902' title='bbox 1641 2617 1650 2633; x_wconf 73' lang='grc' dir='ltr'><strong>ι</strong></span> <span class='ocrx_word' id='word_1_903' title='bbox 1663 2609 1708 2643; x_wconf 92' lang='lat' dir='ltr'><strong>qui</strong></span> 
     </span>
    </p>
   </div>
   <div class='ocr_carea' id='block_1_114' title="bbox 924 2650 1708 2687">
    <p class='ocr_par' dir='ltr' id='par_1_114' title="bbox 924 2650 1708 2687">
     <span class='ocr_line' id='line_1_114' title="bbox 924 2650 1708 2687; baseline 0.001 -9"><span class='ocrx_word' id='word_1_904' title='bbox 924 2651 1007 2678; x_wconf 87' lang='lat' dir='ltr'><strong>etiam</strong></span> <span class='ocrx_word' id='word_1_905' title='bbox 1025 2650 1217 2678; x_wconf 87' lang='lat' dir='ltr'><strong>transmittitin</strong></span> <span class='ocrx_word' id='word_1_906' title='bbox 1233 2656 1363 2683; x_wconf 87' lang='lat' dir='ltr'><strong>mortem;</strong></span> <span class='ocrx_word' id='word_1_907' title='bbox 1383 2652 1430 2678; x_wconf 86' lang='lat' dir='ltr'><strong>sed</strong></span> <span class='ocrx_word' id='word_1_908' title='bbox 1442 2651 1514 2679; x_wconf 91' lang='lat' dir='ltr'><strong>illius</strong></span> <span class='ocrx_word' id='word_1_909' title='bbox 1537 2652 1648 2679; x_wconf 88' lang='lat' dir='ltr'><strong>secundi</strong></span> <span class='ocrx_word' id='word_1_910' title='bbox 1662 2653 1708 2687; x_wconf 92' lang='lat' dir='ltr'><strong>qui</strong></span> 
     </span>
    </p>
   </div>
   <div class='ocr_carea' id='block_1_115' title="bbox 924 2697 1710 2732">
    <p class='ocr_par' dir='ltr' id='par_1_115' title="bbox 924 2697 1710 2732">
     <span class='ocr_line' id='line_1_115' title="bbox 924 2697 1710 2732; baseline 0.003 -9"><span class='ocrx_word' id='word_1_911' title='bbox 924 2702 966 2724; x_wconf 90' lang='lat' dir='ltr'><strong>est</strong></span> <span class='ocrx_word' id='word_1_912' title='bbox 976 2704 1093 2732; x_wconf 88' lang='lat' dir='ltr'><strong>superne</strong></span> <span class='ocrx_word' id='word_1_913' title='bbox 1102 2701 1130 2724; x_wconf 89' lang='lat' dir='ltr'><strong>et</strong></span> <span class='ocrx_word' id='word_1_914' title='bbox 1144 2705 1160 2724; x_wconf 90' lang='lat' dir='ltr'><strong>e</strong></span> <span class='ocrx_word' id='word_1_915' title='bbox 1176 2697 1256 2729; x_wconf 70' lang='lat' dir='ltr'><strong>caelo,</strong></span> <span class='ocrx_word' id='word_1_916' title='bbox 1269 2697 1383 2730; x_wconf 84' lang='lat' dir='ltr'><strong>Christi,</strong></span> <span class='ocrx_word' id='word_1_917' title='bbox 1402 2698 1524 2731; x_wconf 87' lang='lat' dir='ltr'><strong>inquam,</strong></span> <span class='ocrx_word' id='word_1_918' title='bbox 1543 2699 1588 2732; x_wconf 92' lang='lat' dir='ltr'><strong>qui</strong></span> <span class='ocrx_word' id='word_1_919' title='bbox 1605 2706 1653 2725; x_wconf 87' lang='lat' dir='ltr'><strong>nos</strong></span> <span class='ocrx_word' id='word_1_920' title='bbox 1676 2700 1710 2725; x_wconf 89' lang='lat' dir='ltr'><strong>ad</strong></span> 
     </span>
    </p>
   </div>
   <div class='ocr_carea' id='block_1_116' title="bbox 925 2742 1709 2775">
    <p class='ocr_par' dir='ltr' id='par_1_116' title="bbox 925 2742 1709 2775">
     <span class='ocr_line' id='line_1_116' title="bbox 925 2742 1709 2775; baseline 0 -5"><span class='ocrx_word' id='word_1_921' title='bbox 925 2742 1106 2770; x_wconf 87' lang='lat' dir='ltr'><strong>immortalem</strong></span> <span class='ocrx_word' id='word_1_922' title='bbox 1121 2742 1203 2770; x_wconf 91' lang='lat' dir='ltr'><strong>vitam</strong></span> <span class='ocrx_word' id='word_1_923' title='bbox 1217 2743 1334 2775; x_wconf 80' lang='lat' dir='ltr'><strong>reduxit,</strong></span> <span class='ocrx_word' id='word_1_924' title='bbox 1350 2748 1377 2770; x_wconf 88' lang='lat' dir='ltr'><strong>et</strong></span> <span class='ocrx_word' id='word_1_925' title='bbox 1399 2748 1522 2770; x_wconf 88' lang='lat' dir='ltr'><strong>naturam</strong></span> <span class='ocrx_word' id='word_1_926' title='bbox 1547 2744 1627 2771; x_wconf 90' lang='lat' dir='ltr'><strong>morti</strong></span> <span class='ocrx_word' id='word_1_927' title='bbox 1658 2745 1709 2771; x_wconf 88' lang='lat' dir='ltr'><strong>ob-</strong></span> 
     </span>
    </p>
   </div>
   <div class='ocr_carea' id='block_1_117' title="bbox 922 2788 1709 2825">
    <p class='ocr_par' dir='ltr' id='par_1_117' title="bbox 922 2788 1709 2825">
     <span class='ocr_line' id='line_1_117' title="bbox 922 2788 1709 2825; baseline 0.001 -10"><span class='ocrx_word' id='word_1_928' title='bbox 922 2788 1041 2821; x_wconf 82' lang='lat' dir='ltr'><strong>noxiam,</strong></span> <span class='ocrx_word' id='word_1_929' title='bbox 1057 2788 1146 2816; x_wconf 87' lang='lat' dir='ltr'><strong>ell‘ecit</strong></span> <span class='ocrx_word' id='word_1_930' title='bbox 1161 2788 1402 2824; x_wconf 88' lang='lat' dir='ltr'><strong>incorruptibilem,</strong></span> <span class='ocrx_word' id='word_1_931' title='bbox 1417 2795 1444 2817; x_wconf 91' lang='lat' dir='ltr'><strong>et</strong></span> <span class='ocrx_word' id='word_1_932' title='bbox 1459 2789 1577 2825; x_wconf 83' lang='lat' dir='ltr'><strong>peccatis</strong></span> <span class='ocrx_word' id='word_1_933' title='bbox 1595 2790 1709 2818; x_wconf 73' lang='lat' dir='ltr'><strong>eXSolvil</strong></span> 
     </span>
    </p>
   </div>
   <div class='ocr_carea' id='block_1_118' title="bbox 115 2875 877 2911">
    <p class='ocr_par' dir='ltr' id='par_1_118' title="bbox 115 2875 877 2910">
     <span class='ocr_line' id='line_1_118' title="bbox 115 2875 877 2910; baseline -0.004 -4"><span class='ocrx_word' id='word_1_934' title='bbox 115 2875 167 2892; x_wconf 76' lang='lat'><strong>&quot;&#39;“</strong></span> <span class='ocrx_word' id='word_1_935' title='bbox 184 2877 257 2906; x_wconf 77' lang='lat' dir='ltr'><strong>Juan.</strong></span> <span class='ocrx_word' id='word_1_936' title='bbox 274 2877 418 2910; x_wconf 60' lang='lat' dir='ltr'><strong>Vinio-l2.</strong></span> <span class='ocrx_word' id='word_1_937' title='bbox 440 2877 462 2893; x_wconf 80' lang='grc'>⁸³</span> <span class='ocrx_word' id='word_1_938' title='bbox 474 2876 493 2904; x_wconf 95' lang='lat' dir='ltr'><strong>ll</strong></span> <span class='ocrx_word' id='word_1_939' title='bbox 512 2876 574 2905; x_wconf 91' lang='lat' dir='ltr'><strong>Cor.</strong></span> <span class='ocrx_word' id='word_1_940' title='bbox 593 2877 686 2910; x_wconf 80' lang='lat' dir='ltr'><strong>vtu,9.</strong></span> <span class='ocrx_word' id='word_1_941' title='bbox 704 2898 708 2904; x_wconf 86' lang='lat'><strong><em>.</em></strong></span> <span class='ocrx_word' id='word_1_942' title='bbox 723 2876 747 2892; x_wconf 80' lang='lat'><strong>&quot;</strong></span> <span class='ocrx_word' id='word_1_943' title='bbox 766 2876 817 2903; x_wconf 88' lang='lat' dir='ltr'><strong>lsa.</strong></span> <span class='ocrx_word' id='word_1_944' title='bbox 834 2883 877 2903; x_wconf 70' lang='grc' dir='ltr'>ιιι</span> 
     </span>
    </p>
   </div>
   <div class='ocr_carea' id='block_1_119' title="bbox 930 2875 1708 2911">
    <p class='ocr_par' dir='ltr' id='par_1_119' title="bbox 931 2875 1708 2911">
     <span class='ocr_line' id='line_1_119' title="bbox 931 2875 1708 2911; baseline 0.001 -8"><span class='ocrx_word' id='word_1_945' title='bbox 931 2884 938 2910; x_wconf 84' lang='grc'>;</span> <span class='ocrx_word' id='word_1_946' title='bbox 956 2875 1022 2904; x_wconf 88' lang='lat' dir='ltr'><strong>Luc.</strong></span> <span class='ocrx_word' id='word_1_947' title='bbox 1037 2883 1074 2911; x_wconf 78' lang='lat' dir='ltr'><strong>t.~,</strong></span> <span class='ocrx_word' id='word_1_948' title='bbox 1092 2876 1134 2904; x_wconf 81' lang='lat' dir='ltr'><strong>l9.</strong></span> <span class='ocrx_word' id='word_1_949' title='bbox 1172 2875 1195 2892; x_wconf 83' lang='lat'><strong>&quot;</strong></span> <span class='ocrx_word' id='word_1_950' title='bbox 1214 2875 1291 2905; x_wconf 73' lang='lat' dir='ltr'><strong>Joan.</strong></span> <span class='ocrx_word' id='word_1_951' title='bbox 1309 2884 1336 2910; x_wconf 75' lang='grc' dir='ltr'><strong>ιι,</strong></span> <span class='ocrx_word' id='word_1_952' title='bbox 1352 2877 1444 2905; x_wconf 65' lang='grc'><strong>34-36.</strong></span> <span class='ocrx_word' id='word_1_953' title='bbox 1484 2877 1506 2892; x_wconf 77' lang='grc'><strong>⁵³</strong></span> <span class='ocrx_word' id='word_1_954' title='bbox 1525 2876 1591 2904; x_wconf 61' lang='grc' dir='ltr'><strong>Οηο.</strong></span> <span class='ocrx_word' id='word_1_955' title='bbox 1607 2884 1647 2908; x_wconf 86' lang='grc' dir='ltr'>ιιι,</span> <span class='ocrx_word' id='word_1_956' title='bbox 1664 2876 1708 2904; x_wconf 78' lang='lat' dir='ltr'><strong>l9.</strong></span> 
     </span>
    </p>
   </div>
  </div>
