1883 3054
155 174 206 200 “5

154 231 256 266 peccati
272 230 375 264 laqueis
393 229 566 263 implicatam.
577 228 622 254 Sic
634 235 700 254 sane
720 228 776 261 ipse
797 227 877 254 l’ater
891 227 930 252 ιιι-
947 232 968 260 Α

155 276 272 312 loquitur
282 275 376 302 Filium
390 284 397 302 :
410 284 418 301 ι
431 275 499 301 Ecce
507 274 565 300 dedi
575 278 601 300 te
610 273 648 308 [in
661 272 747 300 fmdus
762 272 893 308 generisJ
905 273 930 299 in

155 323 241 349 lucem
255 321 384 354 gentium,
395 320 549 354 utaperires
561 319 653 346 oculos
669 326 813 350 ctccornm,
828 324 857 345 ut
868 319 932 345 edu-

154 375 231 396 ceres
244 368 347 394 vinctos
355 373 389 393 ex
407 366 533 394 vmculls.
543 370 570 392 et
588 373 621 392 ex
642 366 722 392 domo
746 365 863 392 carceris
891 371 934 391 se-

154 414 247 441 dentes
261 414 286 439 in
298 409 414 440 tenebris
427 410 460 439 ⁵³⁷.
480 421 490 437 ι
507 412 542 439 Et
552 412 648 439 iterum
667 418 714 446 per
726 411 802 438 Isaiae
816 418 908 438 vocem
924 419 930 437 :

157 469 167 485 ι
189 459 350 486 Benedicent
362 465 403 485 me
421 458 513 485 bestia:
528 458 596 493 agri,
613 458 709 485 sirena:
722 462 748 484 et
787 457 848 485 illia:
860 464 932 485 strtt-

154 505 276 532 tbionum
290 512 296 529 :
314 504 377 538 quia
388 503 449 531 dedi
465 504 492 530 in
508 503 615 530 deserto
627 511 736 538 aquam,
751 507 778 531 et
793 503 889 531 ﬂuvios
907 504 933 531 in

155 555 226 576 terra
242 549 382 583 inaquosa,
399 554 428 575 ut
446 554 537 583 polum
551 549 643 576 darem
660 549 752 584 generi
767 557 827 577 meo
835 550 933 582 electo,

155 594 252 629 populo
262 602 341 629 quem
355 594 484 629 acquisivi
507 600 535 621 ut
548 595 659 622 virtutes
676 603 750 623 meas
763 601 855 623 narret
869 595 902 622 ‘°.
921 605 930 622 ι

156 639 231 673 Quod
243 647 302 667 cum
314 640 396 674 probe
409 640 569 674 intelligeret
580 640 673 669 beatus
686 641 832 672 Petrus,iis
847 641 891 675 qui
900 649 934 668 ex

157 685 279 720 gentibus
295 692 343 720 per
356 685 434 712 fidem
452 687 484 712 ad
500 693 589 712 veram
606 685 651 713 Dei
680 686 859 721 cognitionem
889 694 936 713 vo-

156 730 209 758 cati
229 734 306 758 erant
321 730 452 763 scribens,
467 732 526 758 ait:
543 741 552 756 ι
574 731 626 758 Vos
651 737 740 758 autem
770 739 853 765 genus
879 733 935 759 ele-

156 780 240 807 ctum,
259 775 346 810 regale
361 776 553 808 sacerdotium,
573 784 639 811 gens
652 781 757 809 sancta,
782 778 895 812 populus
908 778 934 805 in

158 823 375 857 aequisitionem,
389 822 539 849 utvirtulcs
554 823 719 851 annuntietis
736 823 804 857 ejus,
824 825 869 858 qui
887 831 935 852 vos

158 869 191 895 de
207 869 325 895 tenebris
336 868 441 896 vocavit
452 868 479 895 in
493 868 650 895 admirabile
663 869 754 896 lumen
779 877 856 897 suum
869 879 876 896 :
889 870 934 905 qui

159 913 302 948 aliquando
322 921 373 940 non
388 913 510 948 populus,
537 920 608 940 nunc
634 918 723 940 autem
745 914 856 948 populus
871 915 904 940 ἰ.
923 924 932 940 ι

159 959 233 992 Quod
249 959 271 986 si
297 959 520 992 quemadmodum
551 959 598 985 tibi
629 959 679 994 ipsi
723 964 749 986 et
780 961 881 988 sentire
909 965 936 987 et

159 1006 249 1032 dicere
287 1005 382 1039 placet,
422 1005 520 1032 missus
566 1010 606 1031 est
639 1005 683 1032 ille
718 1005 794 1033 nobis
821 1006 937 1033 consub-

159 1051 302 1083 stantialis,
327 1059 379 1077 non
412 1051 463 1085 ipsi
495 1051 581 1084 Patri,
604 1051 677 1078 nullo
713 1051 793 1078 modo
818 1058 868 1079 nos
895 1051 936 1078 fa-

158 1098 193 1124 cti
227 1104 320 1124 sumus
347 1097 445 1124 divina:
470 1102 571 1124 naturae
586 1101 744 1124 consortes:
775 1098 936 1129 mansimus.

157 1142 211 1178 ει
227 1147 256 1169 ιιι
285 1142 350 1175 dixi,
376 1146 403 1169 et
422 1141 509 1170 adhuc
543 1149 635 1169 srnnus
659 1150 742 1176 genus
762 1143 832 1170 illius
845 1144 936 1178 primi,

158 1189 204 1222 qui
220 1188 246 1214 in
263 1187 476 1215 maledictioncm
492 1195 523 1215 ac
537 1193 650 1215 mortem
668 1189 873 1220 transmittit,ct
887 1189 936 1216 sub

159 1231 261 1266 peccati
274 1236 386 1258 reatum.
397 1231 476 1259 Stulti
489 1239 552 1266 ergo
564 1231 628 1259 facti
655 1239 756 1264 sumus,
771 1238 797 1259 et
814 1234 847 1260 iis
866 1241 937 1260 nunc

159 1284 264 1312 quoque
277 1277 450 1304 nihilominus
463 1281 595 1308 tenemur,
628 1277 654 1304 in
671 1278 768 1311 quibus
795 1278 858 1304 olim
877 1286 938 1305 era-

160 1330 221 1349 mus
240 1327 303 1349 ante
316 1321 386 1349 illius
400 1322 556 1350 adventum.
568 1321 708 1354 Quomodo
727 1323 871 1357 igiturjam
888 1331 936 1350 ve-

161 1372 217 1394 tera
244 1367 419 1398 transierunt,
436 1372 464 1394 et
492 1374 555 1394 ecce
572 1367 641 1394 facta
665 1372 729 1394 sunt
747 1375 814 1394 nova
829 1368 873 1394 ιη
887 1369 938 1396 Ubi

160 1420 224 1439 vero
239 1412 303 1440 illud
319 1420 326 1438 :
345 1421 354 1437 ι
373 1412 400 1439 Si
417 1412 478 1446 quis
494 1413 521 1439 in
535 1412 653 1444 Christo,
673 1420 740 1440 nova
766 1414 913 1440 creatura?
926 1423 935 1438 ι

161 1459 214 1486 Sed
229 1458 366 1485 erubescis
383 1459 464 1485 Deum
476 1458 599 1486 conliteri
625 1458 738 1485 similem
756 1459 841 1492 nobis,
853 1459 939 1486 homi-

161 1513 220 1531 nem
233 1505 332 1532 factum
350 1505 434 1538 ipsum
453 1504 499 1531 Dei
524 1503 658 1531 Verbum?
672 1505 797 1540 lncrepas
826 1513 891 1540 ergo
911 1506 940 1533 il-

161 1550 226 1583 lum,
241 1557 290 1577 nec
305 1551 442 1584 sapienter
457 1550 623 1578 consultasse
637 1550 706 1578 dicis
723 1552 792 1585 quod
805 1559 833 1578 se
851 1553 938 1586 ipsum
951 1568 973 1597 ο

160 1601 269 1630 propter
287 1603 336 1623 nos
356 1596 503 1623 exinanivit
518 1596 550 1623 ⁸³.
565 1596 665 1624 Audies
687 1597 768 1632 igitur
783 1598 916 1625 dicentem
930 1607 937 1624 :

164 1651 173 1667 ι
192 1642 262 1668 Vade
275 1646 333 1676 post
347 1650 400 1675 me,
412 1641 522 1671 Satana.
535 1643 690 1670 scandalum
720 1651 749 1670 es
780 1643 857 1676 mihi,
877 1645 940 1679 quia

162 1698 214 1716 non
227 1691 298 1723 sapis
315 1697 345 1716 ea
361 1696 419 1723 quae
429 1688 473 1716 Dei
490 1689 612 1722 sunt,sed
625 1696 656 1716 ea
671 1697 729 1724 qua:
737 1689 874 1718 hominum
889 1692 938 1719 ⁸⁸.)

163 1736 290 1763 Scrutare
304 1736 442 1763 nobiscum
461 1743 552 1764 sacras
568 1736 695 1764 Litteras.
711 1737 841 1772 Apparuit
853 1747 941 1773 quon—

162 1783 223 1808 dam
239 1781 318 1808 etiam
332 1781 491 1815 patriarcha:
501 1780 585 1809 Jacob
599 1782 632 1809 de
643 1782 733 1809 Laban
748 1783 850 1811 mdibus
880 1793 942 1819 pro-

164 1827 304 1858 ﬁciscenti,
325 1827 448 1860 cumjam
463 1827 496 1853 ad
511 1827 568 1861 ipsa
581 1826 667 1854 Jaboc
685 1828 751 1855 vada
763 1830 940 1862 pervenisset,

163 1871 233 1898 sicut
247 1871 375 1905 scriptum
392 1875 434 1897 est
448 1877 455 1896 :
475 1879 483 1896 ι
495 1870 615 1897 Relictus
627 1874 669 1897 est
681 1871 750 1898 enim
760 1871 843 1898 Jacob
858 1873 940 1905 solus,

163 1921 190 1942 et
203 1916 355 1943 luctabatur
375 1916 417 1943 vir
436 1923 498 1944 cum
517 1916 574 1951 ipso
590 1923 674 1951 usque
691 1925 789 1948 mane,
802 1917 874 1945 Vidit
893 1926 941 1944 au-

165 1960 218 1989 tem
227 1963 297 1996 quod
312 1969 373 1989 eum
389 1970 517 1996 superare
529 1970 580 1989 non
598 1968 699 1997 posset.
715 1968 742 1991 et
757 1965 842 1999 tetigit
852 1965 944 1991 latitu-

165 2008 254 2035 dinem
276 2008 386 2035 femoris
405 2007 474 2041 ejus,
494 2013 521 2034 ct
543 2010 677 2036 emarcuit
701 2009 814 2037 latitudo
835 2010 944 2037 femoris

164 2054 257 2087 Jacob,
278 2055 340 2081 dum
357 2059 488 2089 pugnaret
502 2062 562 2082 cum
580 2055 661 2090 ipso:
679 2056 747 2083 dixit
765 2061 854 2083 autem
876 2057 913 2083 illi
935 2066 941 2083 :

166 2100 277 2128 Dimitte
293 2107 345 2132 me,
364 2100 486 2127 ascendit
500 2101 572 2128 enim
585 2101 748 2128 diluculum:
762 2102 807 2129 ille
820 2109 886 2129 vero
900 2102 943 2129 di.

166 2146 225 2173 xit:
241 2145 299 2173 Non
315 2150 341 2173 te
354 2145 486 2172 dimittam
513 2146 563 2172 nisi
575 2146 744 2174 benedixeris
758 2147 822 2174 mibi
838 2147 871 2174 ".
887 2157 896 2173 ι
913 2147 946 2174 Ει

166 2196 227 2227 post
248 2192 298 2219 alia
320 2198 436 2219 rursus:
458 2201 467 2217 ι
488 2191 520 2218 Ει
545 2192 653 2219 vocavit
675 2191 758 2220 Jacob
783 2200 879 2220 nomen
894 2193 944 2220 loci

951 898 972 926 Β

654 169 682 197 S.
704 166 836 195 CYﬂlLLl
857 164 1087 193 ALEXANDIHNI
1108 163 1266 190 AllClilEP.

1721 162 1774 188 144

983 223 1030 250 τοῦ
1044 223 1182 258 δευτέρου,
1206 221 1251 248 τοῦ
1267 221 1371 248 ἄνωθεν
1393 229 1439 248 και
1454 221 1484 254 ἐξ
1498 221 1622 256 οὐρανοῦ,
1643 221 1717 255 φημὶ
1737 221 1774 254 δὴ

983 267 1111 303 Χριστοῦ,
1127 267 1174 294 τοῦ
1188 267 1255 302 πρὸς
1271 267 1342 302 ζωὴν
1361 267 1434 301 ἡμᾶς
1446 267 1494 301 τὴν
1514 267 1651 302 ἀκήρατον
1666 267 1775 300 ἀναφέ-

986 322 1087 349 ροντος,
1104 312 1151 340 καὶ
1167 312 1305 347 ἄφθαρτον
1318 312 1513 345 ἀποφαίνοντος
1535 311 1565 337 τὸ
1580 312 1689 346 θανάτῳ
1703 312 1776 338 κάτ-

983 367 1055 393 οχον,
1073 358 1121 384 καὶ
1131 357 1346 388 ἁπαλλάττοντος
1366 357 1508 392 ἁμαρτιῶν
1522 357 1552 383 τὸ
1564 357 1614 392 τῆς
1633 356 1777 392 ἁμαρτίας

985 405 1091 439 βρόχοις
1105 403 1310 438 ὲνειλημμένον.
1323 402 1401 430 οὕτω
1415 412 1465 430 που
1477 404 1545 439 πρὸς
1555 404 1600 431 τὸν
1612 404 1676 430 Υἰὸν
1689 404 1778 434 αὐτὸς

983 458 1067 484 φησιν
1089 450 1103 475 ὁ
1119 450 1230 483 Πατήρ·
1250 457 1260 474 ι
1286 448 1350 475 Ἰδοὺ
1366 448 1470 475 δέδωκά
1496 457 1525 475 σε
1544 450 1584 481 είς
1600 450 1658 483 φῶς
1674 449 1776 479 ἐθνῶν.

984 494 1087 526 ἀνοῖξαι
1102 493 1256 529 ὀφθαλμοὺς
1264 493 1381 528 τυφλῶν,
1396 494 1539 528 ἐξαγαγεῖν
1557 496 1590 522 ἐκ
1605 495 1714 530 δεσμῶν
1730 496 1779 521 δε-

984 539 1128 575 δεμένους,
1158 541 1205 566 καὶ
1231 539 1261 572 ἐξ
1289 540 1362 566 οἴκου
1392 540 1516 576 φυλακῆς
1541 540 1714 576 καθημένους
1747 541 1779 567 ὲν

985 586 1074 612 σκότει
1084 605 1091 612 .
1105 595 1114 611 ι
1125 586 1180 612 Καὶ
1194 586 1274 612 πάλιν
1287 586 1330 612 διὰ
1343 587 1434 621 φωνῆς
1452 587 1562 613 Ἡσαΐου
1572 595 1579 602 ·
1596 597 1606 612 ι
1624 588 1777 622 Εὑλογήσει

986 640 1020 666 με
1042 632 1076 658 τὰ
1102 631 1183 666 θηρία
1207 631 1253 657 τοῦ
1279 632 1380 666 ἀγροῦ,
1404 632 1528 666 σειρῆνες
1553 633 1599 659 καὶ
1625 633 1778 667 θυγατέρες

986 677 1124 713 στρουθῶν
1135 685 1141 692 ·
1157 678 1197 703 ὅτι
1209 677 1298 703 ἔδωκα
1317 680 1346 704 ἐν
1363 679 1394 713 τῇ
1410 679 1505 713 ἐρήμῳ
1522 678 1603 714 ὕδωρ,
1627 680 1675 706 καὶ
1691 688 1777 706 ποτα-

987 722 1052 757 μοὺς
1066 723 1095 748 ὲν
1110 723 1145 757 γῇ
1169 722 1283 757 ἀνύδρῳ,
1310 723 1417 749 ποτίσαι
1432 723 1461 749 τὸ
1480 724 1556 756 γένος
1572 733 1623 758 μου
1649 725 1680 751 τὸ
1697 725 1777 751 ἐκλε-

986 768 1048 793 κτόν
1060 776 1066 782 ·
1087 767 1160 800 λαὸν,
1177 767 1206 793 ὃν
1222 769 1458 803 περιεποιησάμην
1479 770 1528 801 τὰς
1543 771 1644 805 ἀρετάς
1667 779 1721 806 μου
1737 772 1777 797 δι-

985 813 1119 848 ηγεῖσθαι.
1134 822 1142 838 ι
1164 813 1195 839 Ὂ
1213 813 1244 849 δὴ
1259 814 1305 839 καὶ
1322 815 1421 846 συνιεὶς
1432 813 1462 841 εὖ
1481 815 1562 850 μάλα,
1574 818 1629 848 τοῖς
1640 816 1671 849 ἐξ
1687 817 1777 843 ἐθνῶν

984 859 1029 886 διὰ
1053 860 1170 890 πίστεως
1195 859 1390 894 κεκλημένοις,
1425 862 1465 892 εἰς
1492 862 1657 896 θεογνωσίαν
1684 863 1777 898 ἀληθῆ

985 904 1085 939 γράφει
1098 904 1145 930 καί
1161 913 1242 939 φησιν
1256 906 1270 931 ὁ
1285 905 1426 938 θεσπέσιος
1449 907 1551 941 Πέτρος
1563 916 1570 922 ·
1589 917 1598 934 ι
1630 908 1727 943 Ὑμεῖς
1748 908 1778 934 δὲ

985 949 1063 984 γένος
1079 950 1216 982 ἐκλεκτὸν,
1242 950 1375 984 βασίλειον
1397 952 1562 987 ἱεράτευμα,
1583 953 1659 985 ἔθνος
1685 955 1776 988 ἂγιον,

986 996 1048 1027 λαὸς
1072 998 1112 1027 εἰς
1135 996 1326 1032 περιποίησιν,
1345 998 1389 1024 ἵνα
1410 998 1460 1030 τὰς
1477 999 1578 1034 ἀρετὰς
1597 999 1777 1036 ἐξαγγείλητε
1813 1030 1817 1035 .

985 1041 1031 1068 τοῦ
1055 1043 1086 1068 ὲκ
1110 1041 1220 1072 σκότους
1247 1043 1318 1076 ὑμᾶς
1334 1043 1478 1075 καλοῦντος
1501 1045 1546 1071 ἐπὶ
1569 1045 1598 1071 τὸ
1618 1045 1778 1080 θαυμαστὸν

985 1087 1068 1113 αὐτοῦ
1082 1087 1149 1121 φῶς,
1160 1087 1186 1114 οἵ
1201 1096 1264 1114 ποτε
1275 1089 1306 1114 οὺ
1316 1088 1390 1122 λαὸς,
1405 1090 1452 1116 νῦν
1463 1090 1491 1116 δὲ
1504 1091 1576 1122 λαός.
1585 1101 1593 1116 ι
1611 1092 1640 1118 Ei
1652 1092 1681 1118 δὲ
1694 1092 1778 1120 καθά-

987 1141 1040 1168 περ
1061 1133 1136 1168 αὐτῷ
1160 1142 1201 1159 σοι
1224 1133 1298 1160 δοκεῖ
1324 1136 1371 1161 καὶ
1392 1137 1499 1170 φρονεῖν
1524 1139 1571 1163 καὶ
1591 1138 1690 1171 λέγειν,
1724 1140 1779 1165 ἀπ-

987 1178 1085 1213 ιστὰλη
1100 1179 1114 1204 ὁ
1133 1179 1198 1214 ἡμῖν
1211 1179 1362 1214 ὁμοούσιος,
1376 1181 1465 1208 οὐκέτι
1479 1182 1508 1209 δὲ
1523 1184 1568 1210 καὶ
1584 1184 1657 1219 αὐτῷ
1667 1185 1707 1220 τῷ
1719 1186 1778 1212 Πα-

987 1224 1040 1258 τρὶ,
1057 1224 1117 1250 κατ’
1138 1224 1231 1250 οὐδένα
1245 1226 1345 1260 τρόπον
1361 1227 1440 1261 ἡμεῖς
1453 1227 1525 1260 θείας
1541 1229 1647 1262 φύσεως
1661 1231 1779 1265 γεγόνα-

989 1277 1038 1304 μεν
1066 1270 1203 1296 κοινωνοί·
1231 1272 1432 1307 μεμενήκαμεν,
1457 1274 1495 1305 ὡς
1517 1274 1594 1310 ἔφην,
1617 1278 1665 1302 καὶ
1691 1277 1777 1312 ἐσμὲν

988 1316 1027 1341 ἔτι
1043 1316 1119 1349 γένος
1135 1316 1180 1342 τοῦ
1197 1317 1316 1351 πρώτου,
1337 1318 1382 1344 τοῦ
1399 1320 1627 1355 παραπέμποντος
1649 1323 1690 1354 εἰς
1705 1323 1777 1358 ἀρὰν

988 1363 1034 1388 καὶ
1051 1362 1175 1395 θάνατον,
1195 1363 1241 1390 καὶ
1257 1363 1309 1390 ὑπὸ
1323 1364 1417 1400 ποινὴν
1439 1366 1585 1401 ἁμαρτίας.
1608 1369 1776 1404 Μεματαιώ-

990 1409 1058 1443 μεοα
1075 1409 1107 1444 δὴ
1128 1408 1185 1442 οὖν,
1206 1410 1252 1436 καὶ
1267 1411 1349 1445 ἐσμὲν
1363 1412 1440 1438 οὐδὲν
1458 1411 1539 1448 ἦττον
1561 1415 1607 1442 καὶ
1623 1415 1670 1442 νῦν
1684 1417 1714 1443 ὲν
1736 1414 1776 1448 οἷς

987 1452 1059 1489 ἦμεν
1081 1456 1175 1487 πάλαι,
1191 1457 1238 1482 καὶ
1253 1457 1305 1492 πρὸ
1320 1458 1368 1493 τῆς
1381 1459 1537 1494 ἐπιδημίας.
1552 1461 1614 1492 Πῶς
1627 1459 1673 1488 οὖν
1685 1463 1727 1488 ἔτι
1742 1463 1777 1488 τὰ

989 1501 1089 1535 ἀρχαῖα
1111 1502 1256 1537 παρῆλθεν,
1281 1505 1325 1530 καὶ
1349 1505 1403 1531 ἰδοὺ
1423 1505 1516 1540 γέγονε
1533 1509 1632 1540 καινά;
1654 1509 1709 1535 Ποῦ
1729 1509 1776 1535 δέ”

992 1555 1001 1570 ι
1023 1546 1055 1572 Εἴ
1065 1555 1106 1577 τις
1129 1547 1158 1573 ἐν
1174 1548 1293 1583 Χριστῷ,
1311 1550 1390 1584 καινὴ
1406 1551 1508 1583 κτίσις;
1529 1561 1537 1576 ι
1569 1553 1637 1579 Ἀλλ’
1660 1554 1777 1590 αἰσχύνῃ

990 1591 1056 1618 Θεὸν
1072 1592 1211 1627 ὁμολογεῖν
1228 1594 1288 1620 καθ’
1302 1596 1377 1629 ἡμᾶς
1396 1597 1539 1631 γενόμενον
1560 1598 1714 1634 ἄνθρωπον,
1733 1601 1778 1627 τὸν

990 1638 1036 1664 τοῦ
1059 1638 1127 1664 Θεοῦ
1148 1639 1250 1673 Λόγον;
1278 1641 1468 1678 Ἐπιπλήττεις
1489 1642 1536 1670 οὖν
1563 1645 1654 1676 αὑτὸν,
1677 1647 1725 1672 καὶ
1748 1648 1778 1673 οὐ

992 1685 1061 1720 σοφὰ
1082 1685 1271 1720 βεϐουλεῦσθαι
1297 1689 1361 1722 φὴς,
1388 1689 1428 1715 ὅτι
1449 1690 1599 1718 κεκένωκεν
1623 1692 1720 1718 ἑαυτὸν
1745 1693 1778 1719 δι’

991 1733 1074 1766 ἡμᾶς.
1093 1731 1195 1759 Οὐκοῦν
1220 1733 1324 1769 ἀκούσῃ
1351 1733 1490 1768 λέγοντος·
1519 1746 1528 1761 ι
1556 1737 1665 1771 Ὕπαγε
1690 1738 1779 1764 ὀπίσω

993 1787 1054 1813 μου,
1067 1779 1183 1812 Σατανᾶ,
1210 1780 1357 1806 σκάνδαλον
1376 1789 1426 1815 μου
1441 1780 1475 1813 εἶ,
1494 1782 1534 1809 ὅτι
1555 1783 1585 1809 οὐ
1612 1785 1721 1818 φρονεῖς
1746 1785 1778 1810 τὰ

991 1825 1037 1850 τοῦ
1047 1824 1202 1856 Θεοῦ,ἀλλὰ
1214 1825 1248 1852 τὰ
1264 1826 1316 1852 τῶν
1332 1827 1490 1862 ἀνθρώπιον.
1512 1838 1521 1853 ι
1542 1829 1704 1864 Ἐρεύνησον
1720 1831 1770 1864 μεθ

993 1869 1070 1904 ἡμῶν
1092 1870 1140 1905 τὴν
1158 1870 1334 1899 θεόπνευστον
1352 1871 1472 1907 Γραφὴν.
1495 1873 1583 1909 Ὤφθη
1599 1875 1662 1900 ποτὲ
1679 1876 1725 1900 καὶ
1742 1874 1779 1909 τῷ

994 1916 1148 1951 πατριάρχῃ
1174 1916 1269 1943 Ἰακὼῦ
1289 1918 1337 1952 τῆς
1355 1918 1404 1953 μὲν
1418 1919 1464 1944 τοῦ
1479 1920 1571 1946 Λάϐαν
1588 1921 1680 1953 ἑστίας
1696 1922 1780 1947 ἀπαί-

995 1970 1079 1997 ροντι,
1097 1963 1164 1996 πρὸς
1181 1964 1276 1995 αὑταῖς
1298 1964 1327 1990 δὲ
1350 1966 1471 1998 γεγονότι
1495 1967 1555 1997 ταῖς
1570 1967 1711 1994 inﬁdam:
1733 1967 1779 1993 τοῦ

1000 2007 1107 2040 Ἰαὸὼκ,
1125 2009 1198 2034 καθὰ
1214 2009 1377 2044 γέγραπται·
1399 2020 1408 2035 ι
1437 2011 1598 2046 ’Υπελείφθη
1611 2012 1665 2047 γὰρ
1685 2012 1781 2038 Ἰακὼὸ

995 2053 1091 2088 μόνος,
1120 2054 1167 2080 καὶ
1193 2055 1321 2082 ὲπάλαιεν
1347 2056 1489 2091 ἅνθρωπος
1519 2058 1575 2092 μετ’
1602 2057 1704 2089 αὐτοῦ,
1729 2058 1781 2088 ’ἐως

995 2101 1077 2134 πρωΐ.
1094 2097 1154 2127 Οἵδε
1169 2101 1225 2136 [ica
1244 2100 1309 2137 εῑδε]
1323 2101 1360 2134 δὲ,
1376 2102 1416 2128 ὅτι
1432 2103 1462 2128 οὐ
1480 2102 1590 2129 δύναται
1605 2103 1671 2137 πρὸς
1689 2103 1781 2134 αὐτὸν,

995 2146 1041 2172 τεαὶ
1058 2146 1145 2181 ἥψατο
1163 2147 1210 2173 τοῦ
1226 2148 1343 2179 πλάτους
1359 2148 1405 2174 τοῦ
1424 2149 1511 2183 μηροῦ
1528 2149 1620 2182 αὑτοῦ,
1637 2150 1685 2175 καὶ
1704 2150 1783 2185 ὲναρο

996 2201 1063 2227 κησε
1079 2192 1109 2218 τὸ
1125 2193 1224 2224 πλάτος
1245 2193 1291 2219 τοῦ
1310 2194 1398 2229 μηροῦ
1421 2193 1529 2226 Ἰακὼϐ,
1552 2195 1581 2221 ἐν
1597 2194 1635 2229 τῷ
1659 2195 1783 2222 παλαίειν

168 2238 239 2264 illius
257 2245 264 2264 :
279 2237 387 2272 Species
405 2237 469 2270 Del;
486 2238 576 2272 aspexi
589 2238 659 2266 enim
675 2238 759 2265 Deum
769 2238 839 2266 facie
856 2239 889 2266 ad
904 2239 939 2266 fa-

999 2238 1079 2265 αὑτὸν
1099 2239 1157 2274 μετ’
1173 2240 1266 2266 αὑτοῦ.
1295 2239 1362 2266 Eine
1386 2240 1415 2266 δὲ
1431 2240 1518 2275 αὐτῷ·
1540 2241 1710 2267 Ἀπόστειλον
1728 2250 1761 2276 με
1775 2248 1782 2255 ·

168 2283 248 2316 ciem,
265 2287 292 2310 et
306 2283 378 2310 saIVa
409 2283 480 2310 facta
509 2288 552 2311 est
575 2283 665 2310 anima
679 2291 749 2312 mea.
776 2284 891 2312 Exortus
903 2289 947 2312 est

169 2333 256 2356 autem
270 2328 306 2356 illi
318 2329 358 2356 sol
373 2336 433 2355 cum
449 2329 639 2363 pertransisset
654 2328 776 2363 Speciem
797 2330 843 2357 Dei
875 2330 909 2357 ⁸⁸.
934 2340 943 2357 ι

169 2374 289 2408 Intelligo
303 2373 393 2408 igitur,
403 2380 456 2399 non
471 2378 499 2399 ut
519 2373 704 2408 incorporeum
733 2379 761 2401 ct
776 2374 948 2410 imparlpabile

172 2419 287 2446 \‘erbum
300 2426 430 2452 apparere
445 2419 646 2452 patriarchmeo
673 2424 793 2454 tempore
819 2421 946 2453 voluisse,

171 2470 199 2490 ut
217 2465 254 2490 illi
271 2464 391 2498 mysterii
415 2470 505 2499 typum
531 2470 774 2499 prminonstraret:
794 2467 841 2494 sed
869 2467 948 2495 homo

171 2510 281 2543 eratqui
295 2509 456 2543 luctabatur,
471 2514 498 2536 et
512 2515 594 2536 tutam
608 2511 675 2537 inea
694 2518 722 2538 re
734 2516 839 2538 noctem
859 2516 949 2539 trans-

172 2555 248 2590 egit:
276 2555 448 2582 illucescente
461 2560 549 2582 autem
578 2556 631 2589 die,
656 2562 736 2592 atque
758 2565 853 2584 aurora
870 2558 951 2584 adve-

173 2603 272 2634 niente,
294 2610 303 2626 (
330 2601 440 2627 Dimitte
466 2609 518 2634 me,
538 2611 547 2628 ι
579 2601 686 2636 inquit;
711 2603 781 2636 quod
812 2603 951 2629 evidenter

174 2651 232 2674 erat
248 2654 261 2673 a
275 2647 343 2674 lucta
360 2647 590 2675 desistentisJam
601 2655 661 2682 qua:
686 2648 722 2674 sit
747 2648 868 2683 mysterii
883 2649 953 2676 ratio

175 2694 265 2720 dicere
278 2700 387 2720 necesse
400 2698 441 2720 est
457 2703 463 2720 :
478 2701 539 2720 cum
556 2693 597 2720 bis
610 2693 680 2720 enim
694 2693 738 2727 qui
758 2694 783 2719 in
801 2698 878 2720 nocte
888 2699 915 2720 et
925 2694 951 2720 in

179 2738 295 2766 tenebris
311 2739 419 2773 degunt,
431 2746 544 2773 quorum
557 2738 654 2764 animis
663 2743 688 2764 et
712 2738 838 2765 cordibus
867 2739 953 2773 caligo

211 2839 232 2854 "
253 2839 302 2864 Isa.
318 2846 385 2869 ιιιι,
400 2837 426 2867 6,
444 2837 468 2864 7.
522 2838 543 2852 ⁸⁸
562 2837 611 2863 lsa.
633 2844 708 2865 mu.
721 2836 765 2865 ΞΗ,
783 2837 826 2863 2|.

177 2875 198 2889 τ’
218 2873 310 2901 Matth.
325 2881 379 2901 xvi.
402 2873 446 2900 25.
486 2873 507 2887 ⁸⁵
527 2872 595 2898 Gen.
613 2879 697 2898 xxxii.
715 2871 808 2897 22-20.

883 2838 903 2851 “
924 2837 933 2863 1
953 2836 1026 2863 ΡιιιΓ.
1046 2845 1075 2864 II.
1091 2839 1116 2870 ιι,
1136 2837 1176 2864 10.

860 2873 881 2886 ⁵⁵
901 2873 965 2898 ibnl.
981 2873 1025 2901 δυ,
1042 2873 1072 2898 51

999 2284 1082 2319 ἀνέϐη
1101 2284 1154 2320 γὰρ
1179 2286 1193 2310 ὁ
1214 2284 1326 2321 ὄρθρος·
1353 2286 1366 2311 ὁ
1389 2285 1416 2311 δὲ
1439 2284 1532 2313 εἶπενο
1554 2287 1590 2312 Οὐ
1607 2287 1643 2322 μή
1663 2295 1692 2312 σε
1717 2288 1784 2313 ἀπο-

998 2330 1105 2361 στείλω.
1125 2330 1171 2356 ἐὰν
1189 2331 1226 2365 μή
1246 2339 1279 2365 με
1296 2331 1455 2368 εὐλογήσῃς.
1470 2341 1478 2357 ι
1495 2332 1549 2358 Καὶ
1565 2332 1623 2366 μεθ’
1639 2332 1721 2367 ἕτερα
1734 2333 1785 2358 πά.-

999 2375 1056 2402 λιν¹
1083 2385 1092 2401 ι
1120 2377 1174 2403 Καὶ
1195 2376 1323 2402 ἐκάλεσεν
1346 2377 1442 2404 Ἰακὼῆ
1465 2378 1495 2403 τὸ
1519 2378 1602 2412 δνομα
1629 2377 1676 2404 τοῦ
1701 2379 1784 2404 τόπου

998 2421 1113 2452 ἐκείνου,
1126 2419 1201 2452 Εἶδος
1219 2422 1300 2448 Θεοῦ·
1318 2421 1394 2448 Εἶδον
1411 2422 1465 2457 γὰρ
1479 2422 1544 2449 Θεὸν
1557 2422 1702 2458 πρόσωπον
1717 2425 1784 2458 πρὸς

999 2467 1153 2502 πρόσωπον,
1172 2468 1217 2494 καὶ
1230 2468 1319 2502 ἐσώθη
1334 2477 1384 2502 μου
1401 2469 1417 2503 ἡ
1430 2469 1512 2504 ψυχή.
1529 2469 1658 2495 Ἀνέτειλε
1671 2469 1700 2495 δὲ
1712 2470 1785 2504 αὐτῷ

1000 2514 1014 2540 ὁ
1030 2514 1114 2549 ἥλιος,
1137 2515 1218 2549 ἡνίκα
1235 2515 1355 2549 παρῆλθε
1369 2515 1398 2541 τὸ
1421 2513 1490 2546 εἶδος
1503 2515 1548 2541 τοῦ
1571 2515 1649 2542 Θεοῦ.
1676 2525 1685 2541 ι
1704 2517 1785 2547 Σύνες

1001 2558 1046 2586 οὖν
1063 2560 1145 2592 ὅπως,
1172 2560 1220 2594 οὐχ
1243 2560 1281 2591 ὠς
1304 2560 1448 2595 ἀσώματος
1471 2569 1500 2587 τε
1515 2561 1562 2588 καί
1577 2561 1684 2596 ἀναφὴς
1700 2562 1784 2595 Λόγος

1002 2605 1077 2640 ἠξίου
1094 2606 1235 2640 φαίνεσθαι
1253 2606 1292 2641 τῷ
1306 2608 1462 2644 πατριάρχῃ
1486 2608 1654 2643 τοτηνικάδε,
1676 2609 1721 2634 τὸν
1739 2609 1783 2634 τοῦ

1004 2651 1152 2685 μυστηρίου
1168 2651 1250 2677 τύπον
1275 2652 1482 2686 προαναφαίνων
1501 2652 1592 2686 αὐτῷ·
1614 2652 1672 2679 ἀλλ’
1688 2651 1722 2688 ἦν
1742 2653 1784 2678 ἄν-

1003 2695 1111 2728 θρωπος
1135 2695 1149 2720 ὁ
1173 2695 1301 2727 παλαίων,
1321 2696 1367 2721 καὶ
1383 2697 1446 2730 ὅλην
1467 2697 1506 2726 εἰς
1528 2696 1606 2722 τοῦτο
1630 2697 1784 2731 δαπανήσας

1003 2741 1052 2774 τὴν
1072 2740 1169 2766 νύκτα·
1189 2741 1257 2774 πλὴν
1280 2741 1476 2775 διαυγαζούσης
1499 2741 1619 2776 ἡμέρας,
1643 2742 1742 2776 ὄρθρου
1758 2749 1784 2766 τε

1234 2839 1256 2852 θ’
1276 2839 1294 2864 ll
1316 2839 1376 2865 Cur.
1399 2847 1424 2869 κ
1444 2839 1486 2865 17.
1543 2838 1565 2854 ⁸³
1585 2838 1736 2873 l‘llilipth,
1757 2838 1779 2865 7.
