1883 3054
106 154 160 182 ΗΞ

646 160 832 189 Λυνειιδυδ
850 162 1054 193 NESTORIUM
1077 164 1141 193 LIB.
1161 165 1202 194 Ill.

1690 169 1738 194 HG

104 213 310 260 γεγενημένου,
338 215 380 245 τὸ.
399 225 408 241 ι
433 216 604 244 Ἀπόστειλον
625 228 670 254 με,
692 229 702 246 ι
724 222 815 256 φησὶν,
837 222 847 248 ἕ

996 225 1088 252 iritalis
1104 225 1190 254 oll'usa
1199 230 1243 252 est
1254 231 1281 252 et
1298 225 1417 252 nondum
1431 226 1489 259 ejus
1504 227 1660 260 mysterium
1692 235 1739 253 va-

105 259 140 296 ἢν
153 260 281 295 ἐναργῶς
306 262 489 295 καταλύοντος
505 264 554 300 τὴν
576 265 675 301 πάλην.
696 268 751 294 Καὶ
769 268 811 300 τίς
826 269 841 295 ὁ
856 269 904 296 τοῦ

105 307 262 342 μυστηρίου
282 306 381 341 λόγος,
406 310 495 336 εἰπεῖν
519 311 682 344 ἀναγκαῖονο
707 315 762 346 τοῖς
787 315 836 349 μὲν
850 316 905 351 γὰρ

103 353 143 383 ὡς
158 353 188 378 ἐν
206 353 288 379 νυκτὶ
303 353 351 380 καὶ
371 354 464 381 σκότει
478 355 640 389 διατελοῦσι,
656 358 702 385 καὶ
716 359 799 395 ἀχλὺν
814 361 904 396 ἔχουσι

105 398 156 430 τὴν
185 399 287 434 νοητὴν
311 400 353 430 εἰς
371 400 434 427 νοῦν
460 401 508 427 καὶ
535 402 658 437 καρδίαν,
681 404 757 432 οὔπω
780 414 810 433 τε
835 408 905 434 νοεῖν

106 442 236 476 ἰσχύουσι
254 444 285 470 τὸ
309 444 354 471 ἐπ’
376 445 452 481 αὺτῷ
477 449 636 483 μυστήριον,
657 450 782 478 παλαίειν
802 461 831 479 τε
859 454 906 480 καὶ

106 488 249 522 μάχεσθαι
265 491 314 516 καὶ
328 491 407 526 νικᾷν
424 491 485 524 ἔθος
500 494 590 529 αὐτῷ⁸
609 496 664 527 τοῖς
678 504 709 531 γε
725 497 779 533 μὴν
793 499 823 525 ἐν
836 501 906 534 φωτὶ

105 536 250 580 γεγονόσι,
264 537 313 564 καὶ
326 538 364 570 ὡς
385 539 414 564 ὲν
435 539 527 575 ὄρθρῳ
539 540 578 576 τῷ
591 541 689 577 νοητῷ,
705 543 753 570 καὶ
765 545 905 580 νενοηκόσι

106 579 137 607 εὖ
158 581 235 616 μάλα
247 583 279 609 τδ
293 585 454 619 μυστήριον,
466 586 517 612 οὒκ
537 587 711 616 ὲπιπαλαίειν
723 589 804 622 ἀξιοῖ,
818 579 906 618 διανέ-

108 635 156 661 μει
176 627 206 654 δὲ
229 629 331 663 μᾶλλον
352 631 477 664 εὐλογίας
501 634 696 668 πνευματικάς.
723 635 836 669 Οὐκοῦν,
854 637 906 664 κᾶν

108 673 160 706 ὀψὲ
186 674 236 699 καὶ
266 675 342 709 μόλις
373 677 506 710 εἰσγένοιο
527 678 574 705 καὶ
591 679 672 711 αὐτὸς
692 681 752 715 μεθ’
777 682 854 716 ἡμῶν
877 684 906 709 ἐν

109 718 193 750 φωτὶ,
210 719 260 744 καὶ
274 717 330 746 οἷον
344 721 374 746 ἐν
387 721 488 758 ὄρθρῳ,
509 724 679 752 πεπαύσεται
696 733 736 752 σοι
753 728 906 762 μαχόμενος

108 764 124 790 6
139 764 249 796 πάντας
263 766 356 793 νικῶν.
373 767 428 794 Θέα
441 768 470 795 δὲ
484 768 557 801 ὅπως
572 769 716 806 ἀνθρώπου
736 773 904 808 παλαίοντος,

110 810 125 834 ὁ
144 809 291 843 θεσπέσιος
313 813 410 839 Ἰακὼϐ
430 814 580 850 ἑωρακέναι
604 817 670 852 φησὶ
683 817 728 844 τὸν
743 818 808 845 Θεὸν
823 820 907 855 πρόσ-

111 863 189 881 ωπον
214 856 282 890 πρὸς
300 858 454 892 πμσωπον.
483 860 662 895 Πφστέθεικε
694 864 722 890 δὲ
742 864 773 891 τὸ
787 865 906 900 Γράμμα

112 900 143 925 τὸ
170 900 255 935 ἱερὸν,
287 902 328 946 ὅτι
359 913 368 928 ι
405 904 551 932 Ἀνέτειλεν
573 907 647 942 αὐτῷ
675 909 689 935 6
712 909 797 944 ἣλιος,
824 911 904 946 ἡνίκα

114 946 238 981 παρῆλθε
256 947 287 973 τὸ
307 945 377 980 εἶδος
404 950 451 976 τοῦ
474 950 552 978 Θεοῦ.
581 962 591 977 i
620 953 690 980 'Avli'
715 955 775 982 ὅτου
798 956 829 992 δὴ
858 955 904 984 οὖν

115 991 282 1028 ἑπερυθριᾷς
299 995 356 1025 τοίς
375 995 426 1029 τῆς
449 996 589 1029 κενώσεως
614 999 734 1035 μέτροις,
747 991 834 1028 καίτοι
858 1003 904 1029 τὸν

116 1037 150 1084 ὲκ
163 1037 232 1063 Θεοῦ
252 1039 359 1073 Har-:96;
373 1041 459 1074 Λόγον
473 1044 648 1079 σαρκωθῆναί
661 1055 691 1072 τε
705 1048 752 1073 καὶ
769 1048 904 1084 ἐνανορω-

117 1082 214 1129 πῇσαι,
229 1085 338 1117 παντὸς,
348 1084 436 1121 οἶμαι,
446 1088 570 1122 λέγοντος
579 1090 626 1117 τοῦ
638 1092 684 1118 καὶ
699 1092 782 1129 ὀρθὴν
797 1082 904 1129 ἔχοντος

119 1128 220 1161 πίστιν,
243 1130 288 1155 καὶ
309 1129 499 1164 βασανίζοντος
519 1134 639 1168 ἀκριϐῶς
655 1135 704 1170 τῆς
726 1128 904 1165 θεοπνεύστου

119 1173 230 1208 Γραφῆς
245 1175 291 1200 τὸν
309 1176 427 1209 σκοπόνς
450 1178 478 1204 ὐ
493 1179 580 1205 τοίνυν
595 1181 661 1216 ἡμῖν
673 1182 824 1216 ὁμοούσιος,
838 1184 906 1210 καθὸ

118 1219 231 1252 γέγονεν
242 1220 290 1247 ἄνθ
295 1230 398 1256 ρωπος·
416 1224 463 1250 καὶ
477 1224 550 1260 αὐτῷ
562 1225 590 1252 δὲ
605 1226 644 1262 τῷ
657 1227 754 1262 Πατρὶ,
770 1229 840 1255 καθα
859 1238 906 1264 με·

121 1264 280 1315 μένηκεοιαὶ
297 1267 486 1315 ἁνϐρωπότητι
496 1271 551 1298 ιὶσ.
566 1272 596 1298 ὲν
609 1272 810 1310 ἀνθρωπότητι]
829 1275 904 1307 Θεὸς,

119 1312 258 1347 ἀπεστάλη
287 1314 432 1348 κηρύσσων
457 1317 640 1351 αἰχμαλώτοις
663 1319 770 1353 ἄφεσιν,
791 1320 837 1347 καὶ
862 1329 907 1347 τυ·

121 1357 194 1390 φλοῑς
217 1359 374 1395 ἀνάϐλεψιν,
391 1362 516 1389 ἰάσασθαί
531 1372 561 1390 τε
577 1365 640 1396 τοὺς
656 1366 907 1401 συντετριμμένους

119 1404 165 1438 τὴν
191 1406 316 1440 καρδίαν,
336 1407 449 1435 καλέσαι
466 1408 494 1435 δὲ
520 1409 566 1436 καὶ
590 1411 712 1437 ἐνιαυτὸν
735 1412 838 1447 Κυρίου
863 1413 907 1439 δε-

121 1450 191 1477 κτόν.
223 1452 310 1479 Αὑτοῦ
333 1453 388 1488 γὰρ
415 1454 495 1488 μόνον
523 1455 571 1482 καὶ
592 1456 639 1490 οὐχ
663 1456 757 1492 ἑτέρου
782 1458 853 1488 τινὸς
874 1459 908 1485 τὰ

120 1497 208 1522 τοιάδε
228 1498 340 1532 γέγονεν
357 1500 397 1531 είς
412 1501 486 1535 ἡμᾶς
506 1501 722 1537 κατορθώματα·
739 1503 785 1529 καὶ
804 1504 907 1530 πιστώ-

121 1542 194 1569 σεταί
218 1552 261 1575 τις
278 1543 332 1570 τῶν
357 1545 443 1579 ἁγίων
469 1547 624 1582 προφητῶν,
639 1547 710 1575 οὕτω
722 1548 824 1582 λέγων·
847 1559 857 1574 ι
869 1549 907 1575 Οὐ

121 1587 249 1622 πρέσϐυς,
285 1589 335 1615 οὐκ
353 1590 478 1624 ἄγγελος,
495 1592 551 1618 ἀλλ’
587 1593 666 1624 αὐτὸς
689 1593 704 1620 6
722 1594 823 1629 Κύριος
839 1595 908 1621 ἔσω⁴

122 1639 164 1658 σεν
179 1633 253 1667 ἡμᾶς
265 1641 272 1647 '
293 1643 302 1659 ι
321 1634 335 1659 ὁ
349 1635 396 1660 καὶ
411 1635 597 1669 ἐναργέστατα
613 1635 713 1670 λέγων·
736 1646 745 1662 ι
764 1636 813 1663 Διὰ
829 1636 908 1664 τοῦτο

120 1677 255 1710 γνώσεται
276 1679 290 1704 ὁ
314 1678 378 1710 λαός
406 1688 457 1713 μου
478 1680 508 1705 τὸ
529 1680 614 1715 ὄνομά
637 1689 688 1715 μου
712 1682 740 1706 ὲν
763 1683 796 1717 τῇ
817 1683 909 1718 ἡμέρᾳ

120 1723 228 1759 ἐκείνῃ·
246 1723 328 1756 αὐτὸς
342 1726 356 1751 6
380 1725 478 1757 λαλῶν,
497 1726 623 1761 πάρειμι.
645 1737 654 1752 ι
677 1728 771 1754 Καίτοι
787 1729 854 1760 πῶς,
871 1728 908 1754 εἴ-

120 1778 171 1804 περ
189 1768 223 1805 ἦν
241 1779 282 1802 τις
300 1770 443 1806 ἄνθρωπος
457 1772 551 1804 ἁπλῶς
569 1774 582 1799 6
598 1773 811 1808 ἀπεσταλμένος,
829 1775 909 1806 αὐτὸς

120 1815 152 1841 ἂν
168 1817 265 1847 νοοῖτο,
284 1817 332 1842 καὶ
350 1817 394 1842 τὸν
413 1817 496 1844 πάλαι
514 1819 571 1850 τοῖς
594 1820 782 1854 ἀρχαιοτέροις
807 1829 908 1855 κεχρη-

120 1860 299 1895 σμῳδημένον
323 1862 442 1896 λαλήσας
470 1863 565 1898 νόμον;
596 1865 632 1890 Οὺ
657 1865 711 1900 γάρ
733 1873 760 1891 τι
778 1865 832 1900 [ἵσ.
855 1866 908 1901 τοι]

119 1907 211 1943 προὼν
228 1908 266 1940 ὡς
286 1908 429 1944 ἄνθρωπος
451 1911 613 1946 γεγενῆσθαι
632 1911 730 1945 λέγοιτ’
747 1913 790 1943 ἂν,
810 1912 853 1938 ἵνα
871 1913 908 1947 μὴ

117 1952 167 1985 τῆς
191 1952 233 1984 είς
245 1952 277 1979 τὸ
298 1951 367 1979 εἶναι
383 1954 510 1988 παρόδου,
527 1956 718 1991 πρεσϐυτέραν
735 1956 804 1991 ἔχων
822 1955 909 1991 ὁρῷτο

117 1998 166 2032 τὴν
187 1998 314 2033 ὕπαρξιν·
334 1999 390 2026 ἀλλ’
414 2000 452 2030 ὠς
469 1999 534 2031 Θεὸς
556 2000 757 2035 προῦπάρχων,
777 2001 908 2035 λελάληκε

119 2043 169 2082 μὲν
182 2043 229 2069 τὸν
244 2043 335 2079 νόμον,
350 2045 475 2080 παρεῖναι
485 2044 512 2070 δέ
525 2053 591 2079 φητι
605 2045 687 2076 ξένως
701 2054 730 2072 τε
755 2047 801 2072 καὶ
829 2047 910 2072 ἀσυν-

120 2089 196 2123 ήθως
215 2090 261 2115 ὅτε
288 2089 399 2123 γέγονεν
422 2089 582 2125 ἄνθρωπος·
599 2090 666 2116 ἀλλὰ
691 2091 745 2121 ναὶ,
771 2091 849 2126 φησὶ,
874 2091 909 2118 τὰ

118 2135 210 2160 πάντα
230 2134 329 2169 πληροῖ
347 2135 412 2166 Θεὸς
428 2135 465 2161 ὢν
488 2137 501 2162 6
522 2136 624 2169 Λόγος·
641 2136 698 2168 πῶς
723 2135 769 2163 οὖν
787 2137 840 2172 ἄρα
863 2138 909 2164 καὶ

119 2180 280 2216 ἀπεστάλης
301 2180 352 2206 ποῦ
369 2180 422 2216 γὰρ
438 2181 488 2207 οὐκ
499 2179 532 2216 ἦν
544 2181 558 2206 ὁ
572 2182 659 2208 πάντα
675 2182 804 2217 πληρῶνς
821 2183 853 2208 Τί
868 2182 909 2214 δὲ,

955 271 1011 298 lcnt
1025 271 1190 306 intelligere,
1207 271 1303 298 luctari
1319 279 1492 307 pugnareque
1510 272 1553 299 ille
1578 277 1606 300 et
1630 273 1740 300 vincere

955 316 1023 344 solet
1038 324 1045 342 :
1060 324 1121 343 cum
1137 317 1180 344 his
1196 324 1260 344 vero
1276 317 1320 351 qui
1333 317 1360 344 in
1373 317 1432 345 luce
1442 322 1543 345 suntet
1565 317 1679 352 spiritali
1693 318 1736 345 di-

955 362 1056 394 luculo,
1066 367 1092 389 et
1102 363 1186 397 probe
1199 363 1356 398 mysterium
1371 362 1534 398 intelligunt,
1548 371 1600 390 non
1614 363 1663 390 sibi
1678 370 1738 390 esse

956 408 1129 442 pugnandum
1146 412 1251 438 censet,
1277 408 1324 435 sed
1342 408 1430 442 potius
1441 407 1577 442 spiritales
1593 407 1646 434 illis
1657 409 1738 435 bene-

956 452 1089 480 dictiones
1098 452 1200 481 tribuit.
1215 452 1242 480 Si
1256 453 1337 487 igitur
1349 453 1391 480 vel
1400 461 1461 481 sero
1473 454 1580 481 tandem
1596 454 1738 481 nobiscum

957 497 984 524 in
1000 497 1101 525 lumine
1118 502 1241 524 versatus
1250 497 1344 529 fueris,
1355 502 1382 523 et
1409 502 1535 532 tanquam
1565 498 1591 524 iu
1609 497 1738 531 diluculo,

957 543 1029 570 illico
1045 547 1133 570 tecum
1159 551 1279 578 pugnare
1310 544 1422 571 desistet
1448 544 1493 579 qui
1526 544 1608 570 vincit
1631 550 1738 571 omnes.

956 589 1042 616 Velim
1060 594 1149 616 autem
1165 590 1333 622 consideres,
1355 595 1489 624 pugnante
1520 590 1627 617 homine
1637 589 1739 617 dixisse

957 635 1065 662 beatum
1078 633 1162 662 Iacob
1170 641 1200 662 se
1211 634 1310 662 vidisse
1325 634 1408 661 Deum
1423 633 1491 661 facie
1505 635 1538 660 ad
1553 633 1650 661 faciem
1662 643 1670 667 ;
1682 633 1738 669 82

956 680 1059 708 addidit
1072 679 1153 706 etiam
1164 686 1241 706 sacra
1252 678 1411 713 Scriptura:
1430 687 1440 704 ‹
1465 678 1550 706 Ortus
1571 684 1613 707 est
1637 678 1674 706 illi
1698 679 1738 706 sol

957 725 1064 759 quando
1092 724 1249 758 pertransiit
1263 723 1386 759 Speciem
1420 724 1504 752 Dei.)
1531 723 1588 757 Qua
1616 732 1682 760 ergo
1703 724 1737 750 de

957 778 1037 798 causa
1051 770 1189 798 erubeseis
1200 770 1232 797 de
1244 769 1438 797 exinanitionis
1449 777 1587 801 mensura,
1599 777 1659 797 cum
1673 769 1737 796 illud

956 824 988 844 ex
1008 816 1061 843 Deo
1074 815 1154 842 Patre
1168 814 1283 842 Verbum
1313 815 1480 842 incarnatum
1498 815 1583 842 fuisse
1611 819 1638 842 et
1654 815 1739 842 homi-

958 871 1017 889 nem
1028 861 1137 893 factum,
1147 866 1178 888 ut
1192 861 1296 895 opinor,
1317 861 1443 895 pradicet
1454 861 1579 895 quisquis
1591 866 1694 888 rectam
1708 860 1739 887 li-

923 900 943 926 Β
958 909 1017 936 dem
1034 911 1116 938 tenet,
1129 912 1156 933 et
1169 912 1294 934 accurate
1312 914 1450 933 sacrarum
1481 906 1645 933 Litterarum
1672 914 1735 941 pro-

958 955 1073 989 positum
1092 953 1226 988 exquirit?
1241 953 1286 980 Ille
1300 953 1381 986 igitur
1397 951 1636 980 consubstantialis
1653 952 1740 984 nobis,

958 1008 1010 1034 qua
1021 1000 1107 1028 laetus
1116 1004 1158 1027 est
1173 1000 1262 1029 homo.
1277 1003 1305 1026 ct
1323 998 1371 1033 ipsi
1388 998 1478 1025 itidem
1495 998 1578 1030 Patri,
1593 1005 1643 1032 qua
1660 997 1740 1025 etiam

958 1047 985 1074 in
1002 1047 1057 1080 ipsa
1066 1046 1233 1073 humanitate
1253 1044 1323 1072 Deus
1334 1044 1443 1077 mansit,
1463 1044 1561 1071 missus
1575 1048 1616 1071 est
1646 1043 1741 1076 praedi-

958 1099 1020 1119 care
1034 1091 1147 1126 captivis
1164 1090 1363 1120 remissionem,
1380 1093 1406 1116 et
1422 1088 1501 1115 caacis
1516 1089 1615 1120 visum,
1642 1092 1668 1115 et
1685 1095 1741 1115 me~

958 1139 1016 1166 deri
1029 1137 1151 1166 contritis
1169 1137 1262 1169 corde,
1278 1141 1305 1164 et
1320 1135 1438 1162 indicere
1452 1142 1552 1162 annum
1577 1134 1683 1162 Domini
1697 1141 1738 1160 ac-

959 1182 1117 1218 eeptabilem
1130 1182 1151 1199 "'
1169 1190 1177 1208 :
1194 1182 1277 1217 ipsius
1294 1188 1411 1215 namque
1427 1180 1522 1212 solius,
1548 1187 1600 1207 non
1628 1179 1741 1214 alicujus

960 1228 1072 1256 alterius
1089 1226 1340 1261 fueruntejusmodi
1362 1224 1490 1259 praeclara
1520 1227 1593 1258 gesta
1613 1230 1676 1258 erga
1692 1231 1742 1250 nos

960 1279 1124 1311 perpetrata.
1137 1273 1186 1301 Cui
1204 1273 1241 1300 rei
1260 1273 1339 1300 [idem
1368 1271 1449 1298 faciet
1475 1270 1585 1305 quidem
1599 1277 1613 1296 a
1641 1269 1742 1296 sanctis

960 1320 1110 1355 prophetis.
1122 1319 1167 1354 qui
1184 1319 1248 1346 dicit
1263 1327 1269 1344 :
1283 1327 1292 1344 ι
1309 1317 1366 1345 Non
1395 1317 1508 1351 legatus,
1539 1324 1591 1344 non
1622 1314 1741 1349 angelus,

960 1366 1007 1393 sed
1026 1366 1083 1400 ipse
1094 1364 1221 1391 Dominus
1233 1363 1405 1390 salvavituus
1416 1362 1455 1395 “;
1476 1370 1485 1387 ι
1505 1362 1549 1395 qui
1567 1361 1648 1389 etiam
1664 1368 1740 1395 aper-

962 1412 1066 1439 tissime
1085 1411 1170 1437 dicit:
1189 1409 1326 1444 «Propter
1363 1409 1414 1435 hoc
1437 1407 1505 1434 sciet
1529 1407 1643 1442 populus
1665 1414 1740 1434 meus

962 1465 1058 1485 nomen
1074 1464 1163 1483 meum
1175 1457 1201 1483 in
1219 1456 1262 1482 die
1276 1455 1330 1488 illa,
1345 1455 1407 1489 quia
1422 1461 1472 1488 ego
1488 1454 1601 1488 ipsequi
1615 1453 1743 1487 loquebar

962 1505 1055 1530 adsqu
1071 1502 1103 1528 δ’.
1124 1510 1132 1526 ι
1153 1500 1233 1535 Atqui
1246 1501 1267 1527 si
1283 1499 1326 1526 ille
1345 1499 1443 1527 missus
1460 1499 1541 1526 homo
1555 1498 1653 1531 aliquis
1667 1505 1742 1524 com-

963 1547 1052 1573 munis
1063 1551 1144 1578 esset,
1161 1545 1295 1580 quomodo
1308 1545 1365 1579 ipse
1376 1544 1446 1571 idem
1460 1551 1520 1570 esse
1537 1543 1742 1578 intelligeretur,

961 1592 1007 1626 qui
1026 1591 1163 1618 veteribus
1180 1590 1230 1617 illis
1246 1590 1330 1625 legem
1344 1589 1407 1617 olim
1416 1589 1516 1616 edidit?
1533 1588 1625 1623 Neque
1657 1589 1742 1620 enim,

960 1638 982 1664 si
995 1642 1023 1664 ut
1039 1637 1120 1664 homo
1135 1637 1209 1671 prius
1228 1640 1310 1668 esset,
1338 1636 1419 1663 homo
1442 1635 1529 1662 factus
1549 1642 1609 1662 esse
1625 1642 1742 1669 unquam

960 1683 1011 1710 dici
1026 1687 1127 1717 posset,
1143 1690 1175 1709 ne
1186 1681 1387 1708 subsistentiam
1407 1680 1587 1714 antiquiorem
1603 1680 1678 1706 initio
1691 1687 1744 1714 quo

961 1736 1021 1756 esse
1038 1728 1132 1763 cmpit,
1147 1728 1245 1754 habere
1258 1727 1378 1754 videatur
1392 1736 1398 1753 ε
1417 1726 1463 1753 sed
1494 1733 1554 1752 cum
1574 1725 1743 1760 prmexsiste-

962 1779 1001 1801 ret
1019 1778 1046 1800 ut
1059 1774 1138 1805 Deus,
1152 1774 1256 1801 locutus
1265 1773 1371 1805 quidem
1386 1777 1428 1799 est
1458 1771 1554 1807 legem,
1578 1779 1607 1798 se
1622 1778 1686 1798 vero
1698 1771 1744 1796 ad-

959 1827 1020 1847 esse
1043 1820 1081 1847 ait
1103 1827 1172 1846 novo
1197 1819 1356 1852 insuetoqne
1386 1818 1475 1850 modo,
1499 1825 1560 1844 cum
1594 1817 1681 1844 factus
1703 1820 1745 1843 est

961 1867 1051 1893 homo.
1063 1865 1155 1900 Atqui,
1170 1865 1267 1899 inquit,
1284 1865 1374 1892 omnia
1402 1863 1519 1898 complet
1537 1863 1666 1898 Yet-bum,
1681 1870 1742 1889 emu

960 1911 996 1938 sit
1009 1911 1079 1938 Deus
1089 1919 1096 1938 :
1108 1910 1242 1945 quomodo
1257 1910 1337 1945 igitur
1351 1909 1432 1937 etiam
1442 1911 1541 1936 missus
1552 1908 1613 1935 est?
1626 1916 1685 1934 nam
1698 1908 1742 1934 ubi

960 1963 1013 1983 nou
1037 1960 1096 1982 erat
1115 1956 1159 1989 qui
1175 1954 1289 1989 complet
1305 1954 1414 1981 omnia?
1432 1953 1500 1987 Quid
1519 1961 1592 1988 ergo,
1606 1953 1649 1979 dic
1664 1953 1741 1983 milii,

961 2001 1078 2028 divinam
1099 2005 1275 2035 sanctamque
1293 1999 1450 2027 Trinitatem
1474 2003 1676 2026 coarctatamne
1697 2006 1745 2032 pu-

961 2048 1088 2079 tabimus,
1101 2055 1134 2074 au
1147 2056 1194 2082 per
1213 2047 1303 2074 omnia
1316 2046 1421 2073 dilaturi
1448 2051 1475 2072 et
1488 2045 1578 2073 omnia
1591 2045 1746 2079 complere?

962 2094 989 2121 ld
1000 2095 1022 2121 si
1044 2095 1079 2121 ita
1097 2099 1148 2125 est,
1164 2093 1298 2128 qumnodo
1311 2100 1422 2126 magnus
1437 2091 1482 2118 ille
1494 2091 1593 2123 Moses,
1605 2099 1666 2118 cum
1685 2091 1745 2125 qni-

961 2141 1023 2168 dam
1038 2148 1052 2166 e
1065 2140 1161 2175 priscis
1179 2139 1333 2166 hominibus
1349 2138 1442 2165 turrim
1452 2137 1617 2164 aldiliearent
1628 2137 1660 2163 ad
1688 2144 1745 2164 cte-

963 2187 1016 2213 lum
1032 2193 1115 2219 usque
1134 2185 1341 2220 pertingcntcm,
1362 2184 1468 2210 induxit
1486 2183 1618 2210 dicentem
1632 2182 1717 2209 Deum
1737 2190 1744 2208 :

118 2226 181 2252 εἰπὲ,
198 2234 254 2260 μοι,
272 2225 321 2261 τὴν
334 2225 409 2252 θείαν
426 2226 473 2253 καὶ
488 2226 628 2261 ὁμοούσιον
642 2227 744 2262 Τριάδα
765 2236 860 2254 συνεστ

1003 2231 1099 2262 lenite,
1113 2231 1308 2258 descendamus
1319 2235 1346 2257 et
1367 2229 1563 2256 coiifundamus
1590 2228 1626 2255 ibi
1642 2228 1746 2262 linguas

119 2271 165 2297 θαι
189 2271 323 2306 δώσομεν,
348 2271 364 2307 ἢ
400 2272 612 2307 κατευρύνεσθαί
639 2281 668 2299 τε
688 2273 741 2300 τῶν
765 2273 843 2306 ὅλων,
860 2274 908 2301 καὶ

119 2318 210 2343 πάντα
236 2317 371 2352 πληροῦν;
400 2316 466 2344 Εἶτα
491 2318 550 2350 πῶς
573 2319 640 2353 ἡμῖν
661 2320 675 2345 6
694 2319 778 2354 μέγας
795 2320 908 2354 Μωσῆς,

118 2363 161 2388 ὖτε
181 2362 227 2388 τὸν
241 2363 418 2397 οὐρανομήκη
435 2363 538 2398 πύργον
562 2363 736 2398 ἀνεδείμαντό
760 2373 832 2395 τινες
854 2364 908 2390 τῶν

120 2408 319 2443 ἀρχαιοτέρων,
333 2409 506 2444 εἰσκεκόμικε
520 2409 630 2442 λέγοντα
645 2410 690 2435 τὸν
701 2409 780 2436 Θεόν·
793 2419 802 2435 ‹
816 2409 909 2442 Δεῦτε,

121 2454 169 2479 καὶ
190 2454 360 2485 καταϐάντες
379 2455 538 2489 συγχέωμεν
563 2456 620 2481 ἐκεῖ
641 2455 690 2486 τὰς
713 2455 838 2490 γλώσσας
861 2456 910 2484 αὑ·

120 2499 193 2532 τῶν;
215 2509 224 2524 ι
243 2500 328 2530 Heia;
350 2500 437 2525 ἐδεῖτο
452 2500 626 2532 καταϐάσεως
649 2501 792 2536 ἡοῦρανὸν
810 2510 840 2527 τε
863 2501 911 2528 καὶ

123 2546 174 2579 γῆν
192 2546 393 2579 ἀναπιμπλᾶςα
423 2546 517 2579 φύσις,
542 2547 696 2581 Γέγραπται
721 2547 748 2573 δὲ
777 2547 823 2573 καὶ
848 2548 911 2582 περὶ

122 2591 168 2617 τοῦ
186 2592 263 2625 ἁγίου
282 2591 456 2625 Πιιεὺματος,
469 2591 509 2617 ὅτι
523 2601 532 2616 ι
554 2591 664 2627 Πνεῦμα
688 2593 790 2628 Κυρίου
808 2593 914 2628 πεπλή-

125 2645 191 2671 ρωκε
210 2637 258 2672 τὴν
270 2637 450 2671 οἰκουμένην.
464 2646 472 2662 ι
485 2637 585 2664 Ψάλλει
596 2639 641 2664 καί
656 2647 737 2674 φησιν
755 2640 768 2665 ὁ
780 2639 914 2674 μακάριος

125 2682 200 2708 Δαὸὶδ
216 2683 280 2717 περὲ
302 2683 359 2709 τῶν
376 2682 406 2708 ἐν
424 2683 460 2716 γῇ
484 2683 614 2718 κειμένων
629 2684 696 2718 πρὸς
712 2685 756 2711 τὸν
772 2687 913 2717 ζωοποιεῖν

126 2728 244 2763 ἰσχύοντα
261 2729 330 2756 Θεόν
342 2738 349 2744 ’
369 2738 378 2755 ι
405 2727 609 2761 Ἐξιίποστελεῖς
627 2730 656 2756 τὺ
677 2731 789 2766 Πνεῦμά
804 2740 850 2757 σου
865 2740 869 2757 1

439 2727 609 2761 ξαποστελεῖς
627 2730 656 2756 τὺ
677 2731 789 2766 Πνεῦμα
804 2740 850 2757 σου
865 2731 911 2758 καὶ
960 2731 1050 2759 omnia
1097 2730 1179 2765 possit

148 2831 169 2846 "
186 2829 237 2858 [μη.
256 2838 315 2861 ιιι,
346 2830 376 2857 1.

404 2827 438 2859 2;
456 2826 520 2856 Luc.
549 2835 585 2861 Iv,
612 2828 652 2861 l8,
673 2829 712 2857 l9.

114 2866 132 2882 "
148 2866 218 2894 Psnl.
240 2872 304 2897 Ctll,
321 2863 371 2891 50.
474 2861 482 2866 ’

765 2830 786 2845 ⁵⁸
806 2831 858 2858 lsa.
875 2838 951 2864 ani,
965 2830 990 2857 9.

963 2285 1056 2305 eorum
1073 2277 1116 2303 7°?
1133 2287 1142 2302 ι
1166 2277 1286 2309 Quanam
1302 2275 1478 2302 descensione
1492 2282 1559 2308 opus
1572 2273 1689 2300 habebat
1700 2273 1746 2300 illa

963 2330 1023 2357 qua:
1035 2323 1132 2350 ctelnm
1148 2329 1181 2349 ac
1203 2326 1290 2348 terras
1302 2319 1418 2355 complet
1433 2319 1545 2345 natura?
1557 2318 1692 2352 Scriptum
1704 2323 1745 2345 est

963 2369 1043 2396 etiam
1055 2368 1089 2396 de
1102 2372 1196 2395 sancto
1205 2367 1305 2402 Spiritu
1323 2376 1329 2393 ς
1346 2375 1355 2390 ι
1376 2366 1494 2400 Spiritus
1519 2365 1624 2391 Domini
1637 2365 1748 2398 replevit

964 2415 1058 2441 orbem
1071 2419 1205 2441 terrarum
1217 2414 1250 2439 '”.
1269 2423 1278 2438 ι
1298 2412 1392 2439 Psallit
1407 2416 1538 2446 prmterea
1547 2411 1641 2437 beatus
1651 2410 1744 2442 David,

965 2467 997 2487 ac
1009 2461 1042 2486 de
1055 2459 1096 2485 liis
1112 2459 1156 2492 qui
1178 2459 1205 2485 in
1230 2457 1309 2484 terris
1326 2461 1389 2484 sunt
1403 2456 1491 2490 positi,
1504 2463 1564 2482 cmn
1590 2456 1643 2481 Deo
1659 2455 1747 2488 loqui-

965 2511 1017 2537 tur,
1034 2506 1079 2540 qui
1094 2505 1228 2531 vivilicare
1244 2508 1330 2537 potest
1346 2511 1354 2528 :
1374 2512 1382 2527 ι
1397 2502 1507 2528 Emittes
1521 2501 1649 2535 Spiritum
1661 2506 1746 2532 tuum,

964 2555 992 2578 et
1007 2550 1179 2582 crealiuntur,
1197 2553 1223 2575 et
1236 2547 1377 2575 renovabis
1388 2546 1483 2574 faciem
1501 2552 1578 2572 terra:
1590 2547 1629 2577 7';
1657 2555 1666 2572 ι
1682 2554 1748 2579 (Illo-

965 2597 1044 2623 modo
1059 2596 1173 2622 mittitur
1191 2595 1236 2629 qui
1259 2594 1376 2628 complet
1399 2593 1509 2620 omnia?
1521 2592 1559 2619 Nc
1591 2592 1670 2627 igitur
1688 2599 1747 2618 tan-

963 2647 1042 2674 quam
1082 2644 1188 2666 aeutum
1218 2638 1344 2672 quiddam
1370 2642 1397 2664 et
1435 2637 1644 2671 inexpugnabile
1682 2643 1746 2670 pro-

961 2685 1085 2720 ponendo
1119 2685 1199 2716 illud,
1243 2691 1275 2710 es
1304 2683 1358 2710 Deo
1400 2681 1480 2709 Patre
1516 2681 1646 2714 Verbum,
1684 2688 1745 2707 cum

1224 2729 1384 2763 complere,
1415 2728 1488 2755 nullo
1535 2728 1613 2754 modo
1654 2727 1745 2759 mitti,

1045 2829 1068 2844 ε’
1087 2828 1136 2856 lsa.
1163 2836 1212 2861 LII,
1226 2827 1250 2853 6.
1303 2827 1325 2841 ⁷⁰
1345 2826 1412 2854 Gen.
1430 2835 1466 2858 ri,
1481 2827 1507 2852 7.
1559 2827 1579 2841 τι
1601 2826 1664 2859 Sap.
1684 2833 1701 2856 ι,
1717 2825 1743 2852 7.
