1883 3054
137 157 188 185 M7

635 158 665 186 S.
685 157 823 186 CYRILLI
843 157 1079 188 ALEXANDRINI
1097 159 1259 188 ARCIIIEP.

1720 161 1772 188 HS

136 217 192 252 83
207 217 315 245 coneris
339 217 482 244 veritatem
498 217 647 250 inﬁrmare,
665 221 693 245 et
713 217 836 253 mysterii
868 218 923 245 vim

1016 219 1189 256 ισθήσονται,
1217 220 1265 247 καὶ
1294 219 1461 252 ἁνακαινιεϊς
1486 220 1517 246 τὸ
1546 220 1692 255 πρόσωπον
1719 220 1772 253 τῆς

136 270 260 292 evertere
278 274 285 298 ;
302 264 349 292 sed
364 263 427 292 illud
454 264 544 299 potius
559 264 658 298 cogita,
678 271 723 292 res
742 263 848 292 divinas
873 263 927 292 dici

138 311 246 344 quidem
264 312 381 338 humano
396 318 480 341 more,
500 310 539 337 sic
553 315 644 337 autem
660 317 675 337 a
696 309 774 338 nobis
797 309 925 344 intelligi,

138 362 167 382 ut
184 356 256 383 Deus
271 356 327 390 ipse
341 355 415 382 solus
431 355 493 388 scit,
510 359 538 382 et
554 359 583 382 ut
604 354 643 382 illi
665 354 755 382 facere
774 355 858 383 moris
872 359 923 382 est.

138 401 191 427 Sed
204 400 265 434 quia
279 401 433 427 unctionem
454 405 482 427 ut
499 407 556 427 rem
580 399 706 435 exiguam
734 404 762 427 et
785 399 925 432 humilem,

137 451 164 472 et
177 444 312 478 Uuigeniti
327 445 411 480 gloria
436 445 513 481 longe
535 445 672 480 indignam
695 449 782 480 putat,
795 452 855 480 age,
876 445 927 473 hac

138 494 171 521 de
189 501 216 520 re
227 501 288 528 quae
302 500 422 520 consona
438 498 502 520 sunt
516 493 649 525 dicamus,
663 496 692 519 ut
707 491 829 520 scandali
843 498 926 518 occa-

139 540 229 566 siones
246 539 424 574 praedicamus
439 549 444 566 :
460 540 530 574 Ergo
544 539 567 566 si
590 539 672 566 homo
692 545 745 565 non
762 542 804 565 est
827 537 926 570 factus,

139 586 255 612 humana
289 586 406 620 reiiciat,
431 585 663 619 dispensationem
690 588 797 613 recuset
817 588 847 612 ut
867 591 928 619 quae

139 633 272 660 minorem
291 633 363 660 illum
378 632 470 666 faciat,
485 637 512 660 et
528 640 542 659 a
558 639 684 668 suprema
702 631 745 659 illa
762 631 847 667 gloria
864 631 928 658 divi-

139 685 228 712 Itaque
249 679 409 705 excellentia
427 679 462 706 sit
482 678 560 713 longe
588 683 689 706 remota
706 688 712 705 :
731 678 829 713 exigua
853 685 928 704 nam-

138 727 191 757 que
203 729 266 751 sunt
279 724 327 759 ipsi
344 723 430 752 Verbo
446 726 540 752 nostra’
555 724 657 752 omnia.
675 724 728 752 Sed
744 724 807 759 quia
820 725 928 760 sapien-

140 771 175 797 tia
190 771 296 804 plenum
318 777 361 799 est
377 771 428 799 hoc
448 773 618 807 mysterium,
644 779 731 806 neque
744 771 782 798 illi
798 771 927 806 rejicien-

140 817 202 843 dmn
215 817 409 844 exinanitionis
429 826 509 852 opus,
534 826 583 845 cur
599 825 629 845 ea
644 825 704 852 qua:
729 822 802 845 recte
818 819 926 851 habent,

139 863 271 890 audacter
287 871 409 895 accusas,
426 869 453 891 et
472 864 544 898 quod
570 863 641 890 illius
662 863 766 897 judicio
791 870 930 891 commen-

141 910 231 942 datur,
261 915 290 936 ut
322 910 480 937 indecorum
514 908 790 937 aversaris?Vidisti
819 906 968 936 unctumB

140 955 258 982 humano
290 963 366 982 more
387 955 474 983 ivide
508 957 632 983 eumdem
660 955 789 983 divinitus
820 962 929 989 ungere.

141 1000 280 1035 Scriptum
296 1006 338 1029 est
351 1001 422 1029 enim
434 1010 441 1028 :
454 1011 463 1027 ι
481 1001 685 1029 Testimonium
696 1002 833 1037 perhibuit
848 1000 931 1029 Joan—

140 1054 198 1078 nes,
219 1047 340 1074 dicens:
364 1047 431 1080 Quia
461 1047 515 1074 vidi
546 1047 677 1082 Spiritum
719 1047 930 1074 descendentem

141 1093 218 1126 quasi
242 1092 404 1125 columbam,
429 1098 455 1120 et
480 1098 631 1120 manentem
663 1100 745 1128 super
776 1093 886 1128 ipsum;
904 1098 932 1120 et

143 1145 193 1177 ego
205 1139 358 1166 nesciebam
373 1147 446 1171 eum,
459 1140 505 1167 sed
520 1140 565 1174 qui
584 1140 659 1167 misit
685 1147 728 1167 me
743 1139 883 1175 baptizare
904 1139 931 1166 in

143 1193 223 1219 aqua,
237 1185 280 1212 ille
291 1185 355 1212 mihi
373 1185 559 1221 dixit:Super
579 1193 658 1220 quem
675 1185 777 1213 videris
801 1185 931 1220 Spiritum

143 1231 354 1258 descendentem
371 1236 398 1258 et
414 1237 568 1258 manentem
581 1239 664 1266 super
679 1239 753 1263 eum,
768 1231 813 1259 hic
825 1237 867 1259 est
884 1231 931 1266 qui

143 1278 262 1311 haptizat
277 1278 303 1305 in
323 1277 424 1313 Spiritu
442 1283 558 1312 sancto;
576 1283 603 1305 et
620 1278 684 1311 vidi,
699 1283 726 1306 et
749 1278 930 1306 testimonium

143 1325 275 1358 perhibui,
290 1325 352 1359 quia
364 1324 407 1351 hic
417 1330 458 1352 est
479 1323 563 1352 Filius
585 1324 631 1352 Dei
644 1324 714 1352 7"".
733 1333 743 1350 ι
756 1323 824 1357 Quid
840 1323 933 1352 enim?

143 1370 357 1398 humanitatisne
378 1377 446 1404 opus
467 1378 529 1397 esse
551 1369 620 1397 dicis
647 1369 786 1404 baptizare
806 1376 885 1404 posse
904 1368 931 1395 in

142 1415 246 1449 Spiritu
271 1420 367 1443 sancto
396 1415 566 1443 credentes?
598 1415 678 1449 Atqui
718 1414 852 1449 qumuodo
878 1421 931 1441 non

141 1461 254 1489 stultum
278 1462 315 1490 sit
339 1467 434 1496 putare
461 1461 518 1488 ha=c
538 1461 574 1488 ita
598 1468 628 1488 se
650 1460 749 1487 habere
764 1460 776 1486 ’ἒ
791 1460 932 1493 Quornodo

141 1509 225 1540 enim,
242 1508 313 1542 quod
332 1508 420 1535 minus
436 1513 489 1539 est,
517 1506 752 1542 participationem
782 1507 819 1533 rei
852 1506 932 1541 longe

141 1554 254 1589 majoris
277 1553 436 1588 largietur?
453 1553 519 1580 Illud
543 1553 624 1580 etiam
654 1552 811 1580 consideres
839 1552 930 1584 velim,

142 1601 216 1628 illum
231 1601 318 1635 ipsum
337 1608 419 1635 super
437 1607 517 1634 quem
535 1599 653 1634 Spiritus
668 1599 809 1626 advolasse
831 1599 931 1626 dicitur

143 1654 170 1675 et
186 1648 317 1676 mansisse
329 1655 411 1682 super
425 1655 499 1679 eum,
515 1647 540 1673 in
560 1645 661 1680 Spiritu
675 1651 771 1673 sancto
782 1645 930 1679 baptizare,

142 1695 213 1729 quod
229 1693 354 1721 videlicet
369 1698 397 1720 ut
410 1693 478 1720 Deus
493 1693 635 1720 credentes
655 1699 704 1718 suo
720 1690 821 1726 Spiritu
834 1698 932 1725 perun-

141 1745 206 1773 gat;
224 1740 314 1773 itaque
325 1739 421 1766 revixit
435 1746 450 1765 e
467 1738 591 1769 mortuis,
606 1743 633 1765 et
645 1737 793 1764 insutilavit
808 1737 834 1764 in
849 1736 932 1763 disci—

141 1783 230 1817 pulos,
256 1785 368 1811 dicens:
383 1793 393 1809 t
420 1783 542 1817 Accipite
565 1783 697 1817 Spiritum
718 1787 842 1809 sanctum
858 1782 902 1815 ";
919 1791 929 1808 ι

141 1838 222 1865 quem
248 1830 293 1864 qui
314 1834 485 1864 acceperant,
504 1829 651 1856 dicebant:
670 1837 679 1854 ι
703 1827 757 1856 Nos
771 1833 861 1855 autem
878 1835 931 1855 non

142 1877 269 1911 spiritum
295 1876 375 1911 hujus
390 1876 481 1903 mundi
498 1876 664 1910 accepimus,
677 1875 724 1902 sed
735 1874 867 1909 Spiritum
885 1873 931 1909 qui

142 1931 175 1950 ex
191 1923 245 1950 Deo
257 1928 308 1955 est,
325 1927 352 1949 ut
369 1923 488 1950 sciamus
503 1930 564 1957 quae
582 1930 597 1949 a
622 1923 677 1949 Deo
695 1921 793 1949 donata
806 1926 871 1949 sunt
882 1929 931 1949 no-

143 1964 231 1996 bis".
251 1978 259 1995 ι
274 1968 375 1996 Scribit
391 1969 472 1996 etiam
488 1969 585 1996 beatus
602 1967 722 1996 Paulus:
740 1976 749 1994 ι
768 1967 819 2001 Qui
840 1973 931 1995 autem

143 2015 169 2043 in
184 2022 266 2041 carne
289 2019 361 2048 sunt,
383 2014 440 2043 Deo
452 2014 560 2050 placere
574 2022 627 2041 non
642 2018 764 2048 possunt.
777 2013 831 2041 Vos
842 2018 931 2041 autem

142 2069 196 2088 non
227 2061 292 2088 estis
307 2061 333 2088 in
351 2068 444 2093 carne,
469 2061 516 2088 sed
538 2061 563 2087 in
585 2059 692 2095 spiritu,
721 2059 853 2094 siquidem
872 2058 933 2093 Spi-

142 2107 212 2134 ritus
228 2107 274 2134 Dei
293 2107 398 2134 habitat
418 2107 446 2133 in
463 2106 548 2133 vobis.
566 2105 594 2132 Si
616 2106 676 2140 quis
693 2109 783 2132 autem
800 2103 932 2139 Spiritum

143 2153 243 2180 Christi
259 2160 310 2180 non
324 2153 414 2184 habet,
428 2152 472 2180 hic
485 2160 539 2179 non
552 2157 594 2179 est
608 2151 666 2185 ejus
679 2151 713 2179 ".
726 2160 736 2177 ι
752 2149 931 2186 Atqueetiam

143 2199 207 2226 alibi
231 2208 238 2226 :
264 2208 273 2224 ι
307 2199 470 2233 Quicunque
492 2198 590 2233 spiritu
608 2197 654 2225 Dei
667 2202 794 2232 aguntur,
823 2196 850 2224 hi
869 2201 932 2223 sunt

979 267 1047 302 γῆς’
1067 276 1077 292 ι
1095 267 1154 299 πῶς
1171 266 1396 299 ὲξαποστέλλεται
1410 266 1441 293 τὸ
1460 266 1551 293 πάντα
1564 265 1700 302 πληροῢν;
1723 265 1773 300 Μὴ

979 311 1071 338 τοίνυν
1093 311 1131 343 ὡς
1152 311 1234 347 σοφόν
1260 320 1290 338 τε
1318 311 1366 338 καὶ
1392 310 1494 338 δυσανὰ
1510 310 1547 346 (1)
1562 310 1699 345 προτιθεὶς
1724 309 1773 336 τὸν

980 358 1069 385 πάντα
1088 357 1208 394 πληροῦν
1229 357 1372 394 ἰσχύοντα,
1392 357 1438 384 τὸν
1463 357 1495 383 ὲκ
1513 356 1581 384 Θεοῦ
1596 355 1702 392 Πατρδς
1717 355 1773 383 Λό-

980 412 1040 438 γον,
1058 403 1201 438 ἀνέφικτον
1216 403 1288 439 έχειν
1303 403 1353 438 τὴν
1369 401 1513 438 επιστολὴν
1527 401 1580 438 [ιον.
1592 400 1770 437 ἁποστο).ὴν],

981 450 1130 486 παραλύειν
1141 449 1251 484 ἐπείγου
1263 450 1294 476 τὸ
1309 449 1419 486 ἀληθὲς,
1436 449 1484 476 καὶ
1493 449 1543 484 τὴν
1557 448 1604 475 τοῦ
1618 447 1772 483 μυστηρίου

980 497 1096 533 δύναμιν
1107 497 1271 533 ἀνατρέπειν
1281 505 1287 513 ·
1298 497 1382 524 ἐννόει
1390 497 1418 524 δὲ
1430 496 1540 532 μᾶλλον,
1550 496 1590 523 δτι
1600 495 1709 530 λέγεται
1722 495 1773 530 μὲν

984 544 1162 579 ἀνθρωπίνως
1189 543 1223 570 τὰ
1243 543 1309 579 περὶ
1330 543 1416 569 Θεοῦ·
1439 543 1540 570 νοεῖται
1565 542 1594 569 δὲ
1611 542 1682 568 οὕτω
1702 540 1773 576 πρδς

981 591 1066 626 ἡμᾶς,
1077 589 1116 622 ὡς
1128 590 1161 617 ἂν
1172 589 1253 622 αὑτός
1269 598 1299 616 τε
1310 589 1393 625 εἰδείη
1405 588 1453 616 καὶ
1470 588 1561 624 μόνος,
1570 588 1618 615 καὶ
1626 588 1694 623 δρᾷν
1711 587 1772 618 ἔθος

981 636 1066 672 αὐτῷ.
1086 635 1196 671 Ἐπειδὴ
1212 635 1240 663 δὲ
1254 635 1292 666 ὼς
1307 635 1393 671 βραχὺ
1408 634 1456 661 καὶ
1470 634 1650 669 ἀνθρώπινον,
1663 633 1713 660 καὶ
1722 632 1772 668 τῆς

981 683 1028 710 τοῦ
1044 681 1213 716 Μονογενοῦς
1236 681 1314 714 ἀξίας
1333 680 1500 716 ἡττώμενον,
1516 680 1644 716 ἀμέτρως
1662 679 1772 714 δέχεται

981 728 1031 764 τὴν
1042 728 1139 764 χρῆσιν
1153 727 1208 764 [ton
1224 726 1337 763 χρίσιν],
1353 727 1419 762 φέρε
1430 727 1464 753 τὰ
1475 727 1567 753 εἰκότα
1578 726 1624 753 καὶ
1637 726 1678 757 εἰς
1693 725 1773 752 τοῦτο

981 775 1115 810 λέγωμεν,
1131 775 1181 807 τὰς
1206 774 1254 801 τοῦ
1279 774 1426 801 σκανδάλου
1443 773 1553 804 λύοντες
1578 772 1720 809 ἀφορμάς.
1741 770 1773 798 Et

984 822 1034 857 μὲν
1047 819 1094 848 οὖν
1108 821 1138 848 οὺ
1150 821 1261 855 γέγονεν
1274 820 1426 855 ἄνθρωπος,
1439 819 1609 846 άποσειέσθω
1618 818 1653 845 τὸ.
1668 817 1774 853 ἀνθρώ-

983 868 1060 898 πινα,
1085 866 1272 902 παραιτείσθω
1296 865 1345 901 τὴν
1362 865 1529 900 οἰκονομίαν,
1546 864 1583 896 ὼς
1605 865 1634 890 ἑν
1660 862 1773 898 μειώσει

981 912 1103 940 τιθεῖσαν
1123 912 1215 944 αὐτὸν,
1233 912 1280 938 καὶ
1294 911 1343 945 τῆς
1358 911 1489 938 ἀνωτάτω
1504 909 1584 945 δόξης
1597 909 1645 936 καὶ
1660 907 1776 942 θεοπρε-

982 957 1050 990 ποῦς
1061 958 1198 993 ὑπεροχῆς
1211 957 1326 983 κατόπιν
1338 957 1424 983 ἱεῖσαν
1434 965 1440 971 ·
1456 955 1560 991 σμικρὰ
1571 954 1626 990 γὰρ
1641 954 1680 989 τῷ
1694 954 1774 989 Λόγῳ

981 1004 1015 1031 τὰ
1031 1005 1092 1031 καθ’
1106 1005 1190 1040 ἡμᾶς.
1205 1003 1315 1039 Ἐπειδὴ
1330 1003 1359 1030 δὲ
1387 1003 1468 1038 σοφὸν
1492 1001 1599 1036 ἀληθῶς
1615 1001 1646 1028 τὸ
1662 1001 1775 1036 μυστή-

983 1058 1051 1086 ριον,
1062 1050 1110 1077 καὶ
1125 1050 1175 1077 οὐκ
1187 1049 1340 1085 ἀπόϐλητον
1356 1048 1430 1084 αὐτῷ
1442 1049 1473 1075 τὸ
1486 1049 1536 1084 τῆς
1548 1047 1691 1079 κενώσεως
1704 1047 1774 1082 χρῆ-

984 1105 1032 1132 μα,
1044 1095 1070 1122 τί
1082 1097 1136 1127 τοῖς
1149 1095 1237 1131 ὀρθῶς
1248 1095 1351 1130 έχουσι,
1365 1094 1556 1130 ῥιψοκινδύνως
1571 1094 1712 1128 ἐπιτιμᾷς,
1724 1093 1774 1120 καὶ

981 1142 1012 1168 τὸ
1026 1142 1086 1174 ταῖς
1112 1141 1194 1168 αὑτοῦ
1222 1141 1322 1176 ψήφοις
1353 1139 1579 1175 στεφανούμενον,
1601 1139 1640 1171 ὡς
1655 1138 1775 1170 ἀκαλλὲς

981 1187 1144 1223 ἀποτρέπῃ;
1163 1185 1240 1218 Εἶδες
1262 1187 1405 1222 χριόμενον
1420 1186 1617 1222 ἀνθρωπίνωςς
1650 1185 1702 1220 ὅρα
1726 1184 1775 1211 τὸν

982 1233 1063 1260 αὑτὸν
1077 1233 1126 1260 καὶ
1149 1233 1261 1269 χρίοντα
1280 1232 1395 1264 θεῖκῶς·
1411 1233 1564 1268 γέγραπται
1583 1233 1648 1268 γὰρ,
1667 1233 1708 1259 ὅτι
1725 1232 1775 1259 καὶ

986 1290 995 1306 ι
1013 1280 1221 1316 Ἐμαρτύρησεν
1240 1279 1377 1315 Ἰωάννης,
1390 1279 1493 1314 λέγων·
1511 1279 1573 1306 Ὅτι
1591 1279 1724 1314 τεθέαμαι
1742 1278 1776 1305 τὸ

983 1327 1096 1362 Πνεῦμα
1112 1327 1278 1354 καταόαῖνον
1295 1326 1361 1353 ὡσεὶ
1382 1326 1559 1362 περιστερὰν,
1571 1326 1618 1352 καὶ
1633 1325 1715 1360 μένον
1729 1325 1775 1351 ἐπ’

982 1373 1064 1400 αὐτόν
1074 1381 1081 1388 ·
1098 1372 1175 1405 κάγὼ
1188 1373 1239 1400 οὐκ
1253 1372 1327 1408 ᾔδειν
1338 1373 1419 1399 αὐτόν
1429 1380 1437 1388 ·
1451 1372 1508 1399 ἀλλ’
1519 1373 1533 1399 ό
1550 1371 1662 1408 πέμψας
1676 1380 1711 1407 με
1726 1371 1776 1406 βα-

983 1419 1088 1451 πτίζειν
1101 1420 1129 1446 ὲν
1141 1418 1227 1452 ὕδατι,
1236 1418 1338 1450 ἐκεῖνός
1350 1427 1394 1454 μοι
1408 1416 1484 1445 εἶπεν
1494 1426 1501 1434 ·
1518 1418 1612 1453 Ἑφ“ὃν
1627 1418 1660 1444 ἂν
1675 1417 1733 1454 ἴδῃς
1743 1416 1777 1443 τὸ

982 1464 1095 1500 Πνεῦμα
1109 1464 1272 1491 καταϐαῖνον
1285 1464 1333 1491 καὶ
1341 1464 1420 1499 μένον
1431 1464 1476 1490 ἐπ’
1488 1463 1579 1496 αὐτὸν,
1589 1460 1666 1495 οὗτός
1675 1463 1749 1490 ἐστιν
1760 1463 1776 1489 6

979 1510 1122 1546 ,βαπτίζων
1137 1511 1166 1537 ὲν
1182 1510 1221 1545 τῷ
1231 1509 1371 1545 Πνεύματι
1385 1509 1424 1545 τῷ
1435 1510 1520 1545 ἀγίῳ-
1536 1509 1584 1537 καὶ
1593 1509 1715 1545 ἑώρακα,
1726 1509 1776 1537 καὶ

984 1556 1197 1592 μεμαρτύρηκα,
1221 1557 1262 1583 ὅτι
1290 1553 1367 1588 οὗτός
1391 1557 1465 1583 ἐστιν
1483 1556 1498 1582 ὁ
1514 1555 1578 1588 Υἱὸς
1599 1555 1645 1582 τοῦ
1666 1555 1746 1582 Θεοῦ.
1762 1564 1773 1581 ι

983 1601 1056 1638 *Αρα
1070 1602 1124 1638 γὰρ
1141 1602 1349 1638 ἀνθρωπότητος
1360 1602 1439 1637 ἔργον
1461 1600 1530 1629 εἶναι
1552 1601 1606 1636 φὴς
1625 1602 1656 1628 τὸ
1677 1602 1776 1637 βαπτί-

983 1648 1040 1680 ζειν
1057 1647 1188 1674 δύνασθαι
1204 1649 1266 1679 τοὺς
1284 1647 1462 1678 πιστεύοντας
1485 1648 1514 1674 ἐν
1532 1647 1600 1682 ἁγίῳ
1615 1646 1774 1680 Evadite-tt;

983 1694 1072 1720 καίτοι
1087 1693 1144 1725 πῶς
1157 1694 1207 1720 οὐκ
1224 1693 1321 1729 εὔηθες
1335 1694 1365 1720 τὸ
1383 1693 1455 1720 οὕτω
1473 1693 1546 1728 ἔχειν
1558 1692 1662 1719 οἴεσθαι
1674 1692 1774 1724 ταυτί;

983 1740 1045 1772 Πῶς
1060 1740 1116 1776 γὰρ
1132 1742 1163 1767 τὸ
1185 1741 1260 1775 μεῖον
1280 1741 1329 1774 τὴν
1346 1740 1395 1766 τοῦ
1411 1739 1577 1775 προύχοντος
1597 1738 1777 1774 ἀσυγκρίτως

982 1788 1117 1821 χαριεῖται
1131 1785 1253 1821 μέθεξιν;
1269 1786 1363 1822 ’Δθρει
1373 1786 1400 1812 δὲ
1416 1786 1457 1812 ὅτι
1470 1785 1549 1816 αὐτὸς
1558 1785 1672 1816 ἐκεῖνος,
1689 1784 1732 1818 ἐφ’
1747 1783 1776 1810 δν

983 1832 1157 1866 καταπτῆναι
1170 1831 1201 1858 τὸ
1216 1831 1328 1866 Πνεῦμα
1342 1831 1462 1865 λέγεται,
1478 1829 1567 1866 μεῖναί
1579 1838 1609 1856 τε
1624 1829 1668 1855 ἐπ’
1682 1828 1775 1859 αὑτὸν,

983 1877 1013 1902 ἐν
1028 1877 1098 1912 ἁγίῳ
1117 1877 1243 1912 βαπτίζει
1260 1878 1398 1913 Πνεύματι
1411 1898 1419 1910 ,
1436 1877 1593 1913 καταχρίων
1608 1876 1637 1903 δὲ
1655 1876 1777 1911 δηλονότι

982 1923 1046 1954 τοὺς
1061 1924 1239 1956 πιστεύοντας
1255 1924 1293 1956 ὡς
1315 1924 1381 1955 Θεὸς
1407 1923 1447 1959 τῷ
1476 1924 1534 1959 ἰδίῳ
1552 1923 1711 1958 Πνεύματι·
1730 1921 1777 1948 καὶ

983 1971 1050 2006 γοῦν
1065 1971 1166 1998 ἀνεϐίω
1182 1972 1232 2007 μὲν
1249 1973 1281 1998 ἐκ
1298 1972 1414 2008 νεκρῶν,
1434 1972 1587 2007 ἐνεφύσησε
1598 1971 1627 1997 δὲ
1644 1972 1701 2002 τοῖς
1722 1978 1777 2005 μα-

984 2017 1090 2052 θηταῖς,
1110 2017 1198 2052 λέγων
1209 2026 1215 2032 ·
1231 2028 1240 2043 ι
1251 2018 1355 2046 Λάϐετε
1371 2018 1483 2053 Πνεῦμα
1502 2017 1580 2052 ἅγιον
1590 2025 1596 2032 ·
1614 2027 1622 2043 ι
1642 2017 1667 2043 οἰ
1681 2016 1711 2043 δὲ
1728 2016 1777 2043 λα-

984 2061 1078 2093 ϐόντες
1093 2061 1174 2096 φασίν
1184 2070 1190 2077 ·
1209 2071 1219 2088 ‹
1231 2062 1325 2097 Ἡμεῖς
1341 2062 1371 2089 δὲ
1387 2062 1418 2088 ού
1441 2062 1473 2088 τὸ
1483 2061 1591 2096 πνεῦμα
1608 2060 1656 2087 τοῦ
1671 2061 1776 2096 κόσμου

983 2107 1128 2144 ὲλάὗομεν,
1143 2108 1212 2135 ἀλλά
1226 2108 1256 2135 τὸ
1270 2108 1382 2143 Πνεῦμα
1394 2108 1425 2135 τὸ
1440 2109 1472 2134 ὲκ
1486 2107 1534 2135 τοῦ
1548 2107 1628 2139 Θεοῦ,
1642 2107 1686 2134 ἵνα
1700 2107 1779 2134 εἰδῶ-

986 2163 1034 2189 μεν
1045 2155 1080 2181 τὰ
1095 2155 1128 2181 ὲκ
1137 2154 1185 2181 τοῦ
1201 2153 1269 2180 Θεοῦ
1282 2153 1447 2189 χαρισθέντα
1460 2154 1537 2188 ἡμῖν.
1551 2162 1561 2178 ›
1575 2152 1679 2188 Γράφει
1688 2152 1717 2178 δὲ
1731 2152 1779 2178 καὶ

983 2199 998 2225 ὁ
1012 2197 1168 2232 σοφώτατος
1185 2198 1309 2231 Παῦλος·
1330 2208 1339 2224 ι
1350 2199 1381 2225 Οί
1406 2197 1434 2225 δὲ
1457 2199 1486 2225 ὲν
1503 2198 1585 2234 σαρκὶ
1605 2197 1693 2229 ὄντες,
1717 2197 1778 2233 Θεῷ

143 2245 191 2273 liii
209 2245 255 2272 Dei
268 2245 302 2272 ⁷⁸.
322 2255 331 2270 ι
349 2245 419 2280 Ergo
433 2252 494 2272 cum
510 2244 611 2272 videris
623 2251 686 2272 eum
702 2243 812 2279 proprio
822 2247 926 2270 unetun

1016 2244 1083 2271 δέσαι
1098 2246 1129 2271 ού
1148 2244 1285 2272 δύνανται,
1314 2245 1408 2280 Ὑμεῖς
1432 2245 1460 2271 δὲ
1482 2245 1533 2271 οὐκ
1553 2245 1614 2271 ἐστὲ
1634 2245 1664 2271 ὲν
1682 2245 1776 2280 σαρκὶ,

148 2291 264 2324 Spiritu,
279 2295 417 2318 memento
440 2289 513 2317 illius
542 2290 569 2318 in
599 2297 683 2317 carne
707 2289 932 2325 dispensationis,

144 2336 201 2373 84
228 2341 255 2364 et
273 2337 361 2372 cogita
378 2337 524 2363 humanam
541 2341 666 2363 naturam
685 2345 693 2363 :
710 2343 771 2363 cum
782 2335 885 2363 videris
899 2335 934 2363 ab

143 2389 176 2408 eo
198 2380 331 2416 Spiritum
347 2381 417 2413 dari,
436 2388 497 2407 cum
522 2380 573 2408 hoc
593 2380 672 2408 simul
702 2380 837 2407 admirare
859 2379 933 2407 illum

144 2427 226 2454 etiam
257 2427 283 2453 in
308 2426 476 2454 humanitate
499 2427 592 2454 Deum.
610 2426 664 2454 Sed
681 2427 732 2454 iste
747 2427 934 2454 contentiosus

144 2472 211 2499 nihil
230 2473 325 2499 hormn
337 2478 476 2506 reputans,
491 2473 530 2499 sic
544 2480 638 2499 rursus
649 2473 687 2499 ait
704 2481 710 2499 :

987 2291 1044 2318 ἀλλ’
1059 2292 1088 2317 ὲν
1102 2290 1251 2326 Πνεύματι,
1265 2292 1344 2326 εἴπερ
1362 2291 1476 2327 Πνεῦμα
1493 2290 1559 2317 Θεοῦ
1573 2291 1642 2317 οἰκεῖ
1655 2292 1685 2318 ὲν
1702 2291 1776 2326 ὑμῖν,

987 2337 1018 2362 El
1035 2336 1062 2362 δέ
1077 2345 1120 2368 τις
1135 2336 1246 2372 Πνεῦμα
1265 2336 1384 2372 Χριστοῦ
1400 2337 1449 2362 οὐκ
1463 2336 1532 2371 ἔχει,
1547 2333 1622 2367 οὗτος
1639 2335 1690 2361 οῦκ
1705 2335 1779 2361 ἐστιν

985 2381 1079 2409 αὑτοῦ.
1095 2391 1104 2407 ι
1118 2382 1173 2410 Καὶ
1184 2383 1237 2418 μὴν
1251 2383 1299 2409 καὶ
1311 2383 1423 2418 ἑτέρωθι
1433 2391 1440 2398 θ
1455 2392 1464 2408 ι
1477 2383 1554 2409 Ὅσοι
1568 2381 1624 2416 γὰρ
1640 2380 1781 2416 Πνεύματι

986 2428 1054 2455 Θεοῦ
1073 2429 1196 2462 ἄγονται,
1219 2427 1291 2456 οὗτοί
1314 2430 1383 2456 εἰσιν
1399 2429 1453 2456 υἱοὶ
1471 2428 1550 2456 Θεοῦ.
1562 2438 1572 2454 ›
1589 2428 1695 2454 Οὐκοῦν
1715 2429 1779 2454 ὅταν

987 2473 1044 2509 ἴδῃς
1058 2474 1139 2501 αὑτὸν
1154 2475 1194 2510 τῷ
1210 2475 1267 2510 ἰδίῳ
1281 2476 1423 2511 χριόμενον
1439 2475 1588 2511 Πνεύματι,
1606 2475 1779 2510 διαμέμνησο

144 2518 195 2551 τῆς
209 2518 278 2553 μετὰ
294 2518 394 2554 σαρκὸς
408 2519 574 2554 οἰκονομίας,
590 2520 636 2547 καὶ
663 2520 842 2555 καταλογίζου
873 2519 904 2546 τὸ
937 2520 1125 2555 ἀνθρώπινον·
1141 2523 1206 2550 ὅταν
1245 2523 1303 2558 ῐδῃς
1328 2524 1358 2550 τὺ
1378 2523 1490 2558 Πνεῦμα
1514 2522 1630 2555 διδόντα,
1653 2521 1779 2556 Θαύμαζε

147 2566 216 2601 μετὰ
229 2567 325 2593 τούτου
340 2566 385 2593 τὸν
396 2567 443 2594 καὶ
460 2568 489 2593 ὲν
504 2567 694 2604 ἀνθρωπὸτητι
725 2567 802 2595 Θεόν.
820 2567 891 2594 Ἀλλ’
924 2567 1002 2594 οὐδὲν
1021 2569 1076 2598 τῶν
1094 2571 1223 2600 τοιούτων
1257 2570 1483 2607 ὑπολογιζόμενος
1500 2572 1515 2597 ὁ
1537 2570 1646 2605 δύσερις
1674 2567 1777 2599 οὑτοσὶ,

145 2615 228 2641 πάλιν
239 2611 291 2640 ὧδέ
302 2623 396 2648 φησιν·

180 2659 312 2696 [Νεετοιι.
324 2660 371 2687 llic
384 2660 427 2687 ille
437 2661 522 2688 ﬁdelis
533 2661 587 2688 Deo
601 2661 689 2689 factus
698 2660 817 2696 pontifex
829 2661 926 2696 (lactus

143 2712 185 2734 est
200 2707 287 2739 enim,
301 2715 353 2734 nou
364 2708 397 2735 ab
411 2713 513 2735 aeterno
526 2708 611 2740 erat);
627 2707 670 2735 hic
684 2708 824 2743 paulatim,
838 2708 924 2735 hatre-

180 2787 238 2803 "'"
256 2786 334 2814 Joan.
353 2795 371 2820 I,
388 2786 432 2814 52.
471 2787 493 2802 ⁷⁵
514 2786 591 2814 Joan.
609 2794 654 2820 xx,
679 2786 724 2813 22.

1016 2657 1112 2697 [Οὗτος
1128 2662 1142 2687 ό
1165 2661 1261 2693 πιστὸς
1279 2661 1318 2696 τῷ
1344 2661 1404 2695 Θεῴ
1428 2661 1611 2696 γεγενημένος
1632 2659 1777 2696 ἀρχιερεὺς

979 2705 1099 2742 (ἐγένετο
1111 2707 1176 2742 γὰρ,
1188 2707 1239 2734 οὐκ
1253 2706 1357 2742 ἀϊδίως)
1379 2703 1427 2742 ἦν.
1451 2703 1528 2738 οὗτος
1545 2706 1559 2732 ὁ
1580 2706 1650 2733 κατά
1667 2704 1778 2746 μικρὸν,

763 2786 786 2801 ⁷⁸
806 2785 815 2812 1
835 2786 898 2813 Cor.
922 2793 952 2819 ιι,
970 2785 1014 2814 19.
1050 2785 1074 2802 ⁷⁷
1093 2784 1172 2813 Rom.
1189 2793 1247 2818 vin,
1266 2784 1293 2818 8,
1311 2786 1337 2813 9.
1374 2785 1399 2801 ’⁸
1417 2784 1483 2813 ibid.
1502 2784 1546 2812 15.

182 2865 220 2901 (Ι)
243 2865 311 2900 Lege
336 2865 509 2900 δυσάντητον,
529 2864 737 2899 inexpugnabile,
762 2868 790 2891 ut
805 2864 870 2892 vidit
892 2864 926 2892 int

1016 2871 1033 2891 ε.
1052 2864 1130 2892 Eutr.
