1883 3054
114 136 160 165 N3

634 138 820 168 ADVERSUS
839 138 1040 168 NESTORIUM
1058 140 1123 169 LIB.
1142 141 1184 169 ill.

1672 138 1722 167 £50

113 198 235 235 αῑρετικὲ,
259 199 301 230 εἰς
316 198 469 235 ἀρχιερέως
497 200 635 237 προκόψας
651 200 769 236 ἀξίωμα.
793 201 891 228 ’Δκουε

951 201 1006 234 ηἱοο,
1020 202 1052 229 ad
1074 201 1210 236 pontiﬁcis
1229 200 1385 236 dignitatem
1399 204 1566 234 progressus.
1581 197 1648 225 Audi
1668 197 1724 225 cla—

115 244 276 278 σαφεστέρας
290 252 331 271 σοι
345 245 496 280 διαϐοώσης
508 247 599 282 φωνῆς
608 254 614 261 ·
628 256 637 273 ι
653 248 701 278 ’ος
712 247 741 273 ὲν
754 247 813 278 ταῖς
825 246 893 282 ἠμέ-

115 298 177 324 ραις,
192 289 269 324 φησὶ.
284 290 334 324 τῆς
355 291 456 325 σαρκὸς
471 291 564 323 αὑτοῦ,
580 291 686 327 δεήσεις
698 300 728 318 τε
743 292 790 319 καὶ
803 292 893 328 ίκετη-

114 335 168 369 ρίας
187 334 254 369 πρὸς
278 334 324 361 τὸν
338 335 487 370 δυνάμενον
500 335 599 368 σώζειν
612 336 693 363 αὑτὸν
710 337 744 363 ἐκ
765 336 892 369 θανάτου,

115 380 176 415 μετὰ
192 380 316 415 κραυγῆς
341 381 456 417 ἰσχυρᾶς
479 382 527 408 καὶ
549 382 674 417 δακρύων
697 381 891 418 προσενέγκας,

115 426 157 452 καὶ
179 425 368 458 εἰσακουσθεὶς
387 427 442 454 ἀπὸ
464 428 514 462 τῆς
533 428 692 461 ειῖιλαῦείας⁸
705 438 715 454 ι
740 428 840 464 καίπερ
856 428 894 455 ὢν

116 472 180 504 Υἱὸς,
190 472 292 508 ἔμαθεν
304 473 350 508 ἀφ’
362 469 400 500 ὧν
415 474 500 501 ἔπαθε
512 474 562 510 τὴν
578 474 713 510 ὑπακοὴν,
731 475 777 501 καὶ
789 474 894 501 τελειω-

114 519 173 550 θεὶς,
195 518 306 552 ἐγένετο
319 521 374 551 τοῖς
394 520 578 546 ὑπακούουσιν
601 520 676 556 αὐτῷ
701 521 784 547 πᾶσιν
808 520 894 552 αῐτιος

114 563 242 599 σωτηρίας
271 564 453 593 ἀκαταλύτου.
476 565 631 593 Τελειοῦται
649 567 740 594 καὶτὸ
762 568 833 594 κατὰ
848 576 894 603 μι-

114 610 172 644 κρὸν
184 610 350 644 προκότιτον,
363 611 485 646 αἱρετικέ
495 620 501 626 ”
514 612 577 643 περὶ
592 608 623 638 οῦ
637 613 686 640 καὶ
700 613 826 648 Ἰωάννης
838 613 894 649 (21)

113 657 140 681 ἐν
152 656 205 686 τοῖς
220 655 399 690 Εὐαγγελίοις
413 657 462 693 βοᾷ
473 665 480 672 ·
504 667 513 683 ι
532 657 635 692 Ἰησοῦς
651 658 820 694 προέκοπτεν
835 659 895 695 ὴλί-

113 701 156 736 κῐς.
166 701 210 727 καὶ
224 702 320 737 σοφίᾳ,
334 703 382 729 καὶ
392 703 501 738 χάριτι·
515 713 524 729 ι
534 701 574 735 οἷς
586 705 719 739 σύμφωνα
732 705 780 732 καὶ
791 705 896 737 Παῦλος

115 746 304 781 φθεγγόμενος,
324 757 334 774 ί
358 748 526 781 Τελειωθεὶς,
549 750 642 784 φησὶν,
656 751 762 784 ἐγένετο
775 751 830 782 τοῖς
845 751 896 777 ὑπ-

114 792 251 819 ακούουσιν
279 793 354 828 αὐτῷ
372 794 468 827 πᾶσιν,
495 794 581 825 αἰτιος
605 795 740 830 σωτηρίας
767 795 894 821 αἰωνίου·

115 839 341 873 προσαγορευθεὶς
365 840 419 866 ὑπὸ
445 840 493 866 τοῦ
511 840 578 867 Θεοῦ
595 841 740 876 ἀρχιερεὺς
756 842 826 868 κατὰ
847 841 896 876 τὴν

114 884 183 917 τάξιν
202 885 390 919 Μελχισεδέκ·
412 895 421 911 ι
441 883 516 918 οὗτος
540 888 554 913 6
576 887 662 922 Μωσῇ
681 887 751 914 κατὰ
773 887 819 914 τὸν
846 887 894 922 τῆς

116 931 278 966 στρατηγίας
309 933 520 967 συγκρινόμενος
547 932 648 958 τύπον
670 933 685 958 6
710 932 819 967 σπέρμα
847 932 896 959 τοῦ

120 977 236 1012 Ἀϐραὰμ
256 977 430 1012 κεκλημένος
442 986 448 992 ”
470 978 484 1004 6
507 978 577 1004 κατὰ
591 978 681 1005 πάντα
701 979 758 1010 τοῖς
771 978 895 1013 ἀδελφοῖς

116 1022 317 1057 παραπλήσιος·
337 1024 351 1049 6
369 1023 457 1058 χρόνῳ
473 1023 617 1058 γενόμενος
639 1024 802 1060 ἀρχιερεύς·
824 1025 838 1050 6
853 1024 896 1051 διὰ

117 1068 278 1103 παθημάτων
295 1068 467 1101 τελειωθείς·
482 1071 497 1096 6
513 1071 541 1096 ὲν
556 1067 578 1104 ᾧ
592 1070 725 1096 πέπονθεν
739 1070 821 1102 αὐτὸς
837 1079 897 1096 πει-

118 1114 218 1149 ρασθεὶς
237 1114 390 1149 δυνάμενος
405 1116 461 1146 τοῖς
484 1116 692 1151 πειραζομένοις
713 1115 863 1151 βοηθῆσαν
883 1116 898 1142 6

118 1159 182 1186 κατὰ
197 1160 246 1194 τὴν
267 1160 346 1192 τάξιν
364 1161 532 1195 Μελχισεδὲκ
552 1160 696 1196 ἀρχιερεὺς
717 1160 896 1195 κεκλημένος.

117 1206 145 1232 Τί
158 1204 200 1233 οὖν
215 1206 431 1242 άνθερμηνεύεις
452 1207 490 1242 τῷ
518 1207 624 1242 Παύλῳ,
652 1207 698 1233 τὸν
721 1206 813 1241 ἀπαθῆ
832 1205 898 1232 Θεὸν

117 1251 194 1285 Λόγον
219 1251 337 1286 ἑπιγείῳ
366 1251 537 1287 καταμιγνὺς
561 1251 681 1287 σώματι,
709 1251 756 1278 καὶ
778 1251 898 1286 παθητὸν

118 1297 237 1333 ἀρχιερέα
250 1297 338 1324 ποιῶν
349 1300 371 1334 ς]

414 1366 536 1392 ΚΕΦΛΛ.
565 1367 599 1392 .\'.

153 1435 194 1466 Ὧς
208 1434 398 1469 ἀκμαιοτάτην
409 1454 416 1464 ,
432 1431 453 1460 ὦ
467 1435 525 1460 ’τᾶν
535 1455 542 1466 ,
553 1435 599 1460 καὶ
610 1433 682 1468 μάλα
703 1433 829 1469 νεανικὴν
844 1433 898 1460 τῶν

119 1481 163 1516 τῆς
177 1480 320 1512 εὐσεϐείας
336 1480 479 1515 δογμάτων
503 1480 624 1515 ἐποιήσω
647 1480 696 1515 τὴν
712 1480 898 1514 καταδρομήν.

943 246 1041 274 riorem
1067 247 1113 274 libi
1138 247 1306 275 insonantem
1331 251 1423 272 vocem
1441 251 1449 271 :
1464 253 1473 270 ι
1493 243 1542 277 Qui
1564 243 1591 270 in
1618 243 1722 276 diebus,

943 291 1041 326 inquit,
1055 292 1147 319 carnis
1160 299 1215 319 sua!
1229 299 1324 326 preces
1345 288 1608 325 supplicationesque
1618 288 1650 314 ad
1661 294 1721 314 eum

943 337 988 372 qui
1004 341 1096 372 posset
1106 344 1166 364 enm
1182 337 1283 365 salvum
1294 336 1385 364 facere
1398 343 1412 362 a
1421 339 1519 368 morte,
1533 342 1593 362 cum
1607 333 1724 360 clamore

944 383 1030 410 valido
1047 388 1074 411 et
1091 384 1218 418 iacrymis
1242 382 1369 413 offerens,
1390 385 1417 408 et
1440 380 1584 408 exauditus
1609 386 1658 414 pro
1675 385 1723 405 sua

944 430 1094 457 reverentia
1110 430 1132 446 "'
1149 437 1156 461 ;
1174 439 1182 454 I
1198 434 1226 456 et
1239 429 1345 463 quidem
1361 435 1421 455 cum
1432 431 1505 454 esset
1519 425 1613 458 Filius,
1631 424 1724 452 didicit

944 474 978 501 ab
993 474 1034 502 his
1048 482 1108 509 quae
1122 482 1217 509 passus
1235 477 1276 501 est
1300 472 1490 504 obedientiam,
1505 475 1534 498 et
1553 476 1724 498 consumma.

946 524 997 552 tus,
1013 519 1101 547 factus
1116 524 1158 547 est
1180 518 1430 554 obtemperantibus
1455 516 1507 545 sibi
1525 523 1606 544 causa
1629 514 1725 543 salutis

944 569 1061 593 aeternae.
1082 565 1288 592 Consummatur
1296 568 1386 592 autem
1399 564 1425 591 id
1440 563 1510 598 quod
1522 561 1650 598 paulatim
1662 567 1726 595 pro-

946 611 1012 642 licit,
1030 610 1176 642 baeretice;
1194 611 1226 637 de
1242 618 1294 645 quo
1308 610 1427 638 Joannes
1448 609 1474 636 in
1501 606 1654 642 Evangeliis
1667 605 1725 633 cla-

946 660 1002 683 mat
1017 663 1024 682 :
1042 665 1051 682 ι
1066 655 1143 683 Iesus
1156 656 1314 690 proficiebat
1332 660 1411 683 aetate
1430 659 1457 682 et
1475 653 1606 689 sapientia
1623 657 1651 680 et
1663 659 1726 686 gra-

947 701 1038 728 tia”:
1070 711 1079 727 ι
1106 701 1208 734 Quibus
1234 701 1324 728 verbis
1349 707 1466 728 consona
1490 699 1589 726 Paulus
1609 698 1725 726 dicens:

949 756 958 772 ε
977 747 1304 781 Cousummatus,inquit,
1328 746 1416 773 factus
1428 751 1470 773 est
1480 744 1604 772 omnibus
1618 743 1725 771 obtem-

947 793 1106 826 perantibus
1124 793 1175 819 sibi
1200 800 1280 819 causa
1300 792 1393 819 salutis
1416 795 1535 822 aeternae,
1548 790 1696 825 appellatus
1710 797 1725 815 a

948 836 1003 864 Deo
1017 837 1143 864 sacerdos
1153 837 1299 864 secundum
1311 836 1433 864 ordinem
1450 834 1677 863 Melchisedech“
1690 843 1698 868 ;
1714 845 1725 860 ι

912 871 932 898 Β
948 882 991 910 hic
1006 882 1050 910 illo
1060 891 1119 910 cum
1135 882 1208 910 Mose
1221 882 1292 917 quod
1306 882 1339 909 ad
1359 882 1474 909 ducendi
1488 881 1625 908 exercitus
1637 884 1727 916 typum

948 932 1131 962 comparatus,
1146 927 1188 955 ille
1205 934 1295 954 semen
1323 927 1458 954 Abraham
1488 931 1610 959 vocatus,
1624 926 1670 953 ille
1681 933 1730 959 per

947 974 1037 1000 omnia
1053 973 1149 1000 similis
1165 974 1294 1001 fratribus
1309 974 1331 989 θ’
1347 982 1354 1006 ;
1371 973 1416 1000 ille
1432 978 1551 1007 tempore
1568 972 1655 1000 factus
1664 979 1730 1007 pon-

949 1018 1023 1051 tifex.
1054 1019 1098 1046 ille
1111 1026 1158 1053 per
1181 1019 1320 1054 passiones
1347 1022 1558 1051 consummatus,
1587 1016 1631 1045 ille
1646 1016 1729 1052 quiin

948 1071 1001 1098 quo
1016 1071 1111 1098 passus
1126 1069 1168 1091 est
1193 1064 1252 1099 ipse
1277 1068 1404 1096 tentatus,
1424 1067 1512 1098 potest
1528 1062 1639 1091 lentatis
1653 1061 1731 1089 auxi-

948 1109 1016 1141 liari,
1035 1109 1080 1136 ille
1091 1110 1239 1136 secundum
1259 1109 1382 1137 ordinem
1403 1107 1595 1136 Melchisedech
1612 1106 1730 1143 pontifex

949 1155 1108 1189 appellatus.
1125 1155 1194 1188 Quid
1209 1155 1289 1190 igitur
1313 1155 1443 1181 adversus
1457 1153 1568 1180 Paulum
1594 1153 1729 1188 interpre-

951 1200 1027 1233 taris,
1043 1200 1262 1235 impassibileque
1279 1199 1325 1227 Dei
1347 1198 1464 1226 Verbum
1491 1203 1600 1226 terreno
1624 1197 1730 1234 corpori

950 1245 1108 1279 perinisces,
1126 1251 1152 1272 ct
1175 1245 1331 1280 passibilem
1346 1244 1514 1272 sacerdotem
1529 1244 1595 1272 facis
1606 1243 1634 1280 ‘3]

1272 1367 1347 1394 CAP.
1362 1368 1406 1396 IV.

987 1434 1105 1461 Fortiter
1119 1441 1195 1466 sane,
1219 1434 1262 1462 vir
1286 1435 1403 1470 egregie,
1424 1439 1452 1462 et
1466 1435 1608 1462 admodum
1623 1438 1733 1462 strenue

954 1479 981 1505 in
1000 1480 1124 1514 dogmata
1137 1479 1245 1514 pietatis
1270 1481 1453 1509 incursionem
1478 1481 1555 1508 facis.
1583 1480 1621 1507 Ac
1637 1480 1733 1507 beatus

120 1527 168 1553 Καὶ
184 1528 197 1553 6
210 1527 260 1563 μὲν
280 1527 427 1557 θεσπέσιος
443 1527 560 1561 Βαροὺχ,
582 1526 628 1552 τὸν
652 1525 699 1552 τοῦ
716 1525 783 1552 Θεοῦ
803 1525 898 1560 Λόγον,

952 1524 1060 1558 quidem
1073 1523 1188 1556 Barucb.
1206 1525 1250 1552 Dei
1267 1525 1385 1552 Verbum
1400 1525 1454 1558 jam
1467 1524 1603 1552 hominem
1620 1523 1731 1554 factum,

119 1573 343 1608 ὲνηνθρωπηκότα
353 1573 382 1599 δὲ
392 1573 453 1607 ἤδη,
466 1572 512 1598 καὶ
525 1572 554 1598 ὲν
567 1571 694 1602 ὁμοιώσει
706 1573 738 1606 τῇ
751 1571 810 1597 καθ’
826 1572 900 1607 ἡμᾶς

122 1617 250 1652 πεφηνότα
263 1617 457 1648 καταδεικνὺς,
477 1627 485 1642 ι
499 1613 592 1648 Οὗτος,
602 1617 695 1651 φησὶν,
705 1617 719 1642 6
730 1616 796 1648 Θεὸς
810 1616 898 1651 ήμῶν,

121 1663 147 1688 οὐ
159 1663 348 1698 λογισθήσεται
373 1663 467 1697 ἕτερος
490 1662 557 1697 πρὸς
573 1663 670 1689 αὐτόν·
695 1662 788 1697 ὲξεῦρε
809 1662 900 1688 πᾶσαν

121 1707 172 1734 ὁδὸν
186 1709 352 1743 ἐπιστήμης,
370 1709 415 1734 καὶ
437 1707 535 1734 ἔδωκεν
552 1708 635 1743 αὐτὴν
653 1707 748 1734 Ἰακὼϐ
769 1707 807 1742 τῷ
826 1707 900 1734 παιδὶ

121 1753 206 1785 αὐτοῦ,
217 1754 264 1780 καὶ
282 1753 395 1788 Ἰσραὴλ
416 1753 455 1788 τῷ
478 1753 649 1788 ἠγαπημένῳ
671 1752 717 1779 ὑπ’
734 1752 815 1779 αὑτοῦ
829 1761 836 1768 ·
853 1753 901 1778 καὶ

123 1799 270 1834 μεταταῦτα
291 1800 341 1826 ἐπὶ
360 1799 410 1834 τῆς
433 1799 484 1834 γῆς
499 1798 586 1833 ὤφθη,
610 1798 728 1829 καὶτοῖς
749 1796 901 1833 ἀνθρώποις

123 1845 339 1880 συνανεστράφη.
348 1854 356 1869 ι
371 1845 407 1870 Σὺ
421 1844 449 1870 δὲ
461 1841 592 1875 conﬁce;
603 1844 649 1870 καὶ
660 1844 731 1879 μάλα
745 1844 901 1876 πλειστάκις

123 1890 272 1924 ἀναφωνῶν,
286 1890 431 1925 μονονουχὶ
446 1891 493 1916 καὶ
509 1891 587 1924 χεῖρα
604 1890 761 1924 προτείνων,
774 1889 835 1916 τινα
845 1891 901 1921 τοῖς

123 1937 308 1963 πεπιστευκόσι
323 1936 456 1970 καθίστης
471 1935 583 1970 ἐναργῆ,
595 1935 641 1961 καὶ
658 1935 711 1969 μὴν
727 1935 772 1961 καὶ
786 1935 901 1969 ὁρᾶσθαι

123 1983 211 2014 ποιεῖς,
235 1983 282 2009 καὶ
293 1983 328 2018 δὴ
343 1982 389 2008 καὶ
406 1981 540 2016 προκόψαι
556 1981 608 2016 φὴς
621 1981 661 2012 εἰς
671 1980 802 2016 ἀρχιερέα
816 1989 901 2007 κατα-

123 2027 219 2064 ϐραχύς
247 2028 333 2059 Ἀλλ’,
353 2025 429 2062 οἶμαί
442 2036 506 2060 που,
522 2027 630 2058 πάντως
655 2027 774 2059 ἐκεῖνον,
803 2026 832 2053 ὃν
855 2027 902 2053 καὶ

124 2075 226 2108 ἔναγχος
242 2073 519 2109 παραδειγματίζων,
542 2072 661 2106 ἔφασκεν
679 2072 735 2107 [ϊσ.
753 2072 882 2108 ἔφασκες]
893 2081 900 2088 “

124 2120 218 2146 Οὐκοῦν
235 2121 249 2146 6
264 2119 371 2151 παθὼν,
394 2118 539 2154 ἀρχιερεὺς
563 2117 703 2153 ἐλεήμων,
728 2118 776 2152 οὐχ
798 2119 812 2144 6
834 2118 902 2149 ζωο-

125 2165 193 2197 me;
208 2165 252 2192 τοῦ
268 2165 438 2196 πεπονθότος
453 2163 527 2194 Θεός.
543 2164 656 2199 Σπέρμα
675 2163 799 2198 Ἀϐραὰμ
812 2163 826 2189 6
840 2163 903 2198 χθὲς

124 2212 167 2237 καὶ
181 2212 306 2247 σήμερον,
321 2210 394 2237 κατὰ
406 2209 454 2245 τὴν
467 2209 512 2236 τοῦ
530 2209 634 2236 Παύλου
648 2209 738 2244 φωνὴν
748 2229 755 2242 ,
771 2210 818 2244 οὐχ
831 2210 845 2235 6
859 2209 903 2235 λέ-

125 2265 183 2290 γων·
199 2266 208 2282 ι
227 2257 294 2292 Πρὶν
317 2255 445 2291 Ἀϐραὰμ
464 2255 602 2290 γενέσθαι,
615 2255 670 2289 ἐγώ
683 2256 752 2290 ειμι.
766 2265 775 2280 ι
790 2256 903 2290 ’Ὀμοιος

125 2305 175 2334 τοῖς
188 2303 310 2337 ἀδελφοῖς
327 2302 399 2329 κατὰ
413 2302 510 2333 πάντα,
533 2302 546 2327 6
566 2301 656 2336 ψυχῆς
671 2301 843 2336 ἀνθρωπίνης
857 2302 904 2328 καὶ

126 2349 217 2384 σαρκὶς
241 2347 386 2375 ἀναλαϐὼν
411 2347 595 2382 ἀδελφότητα,
611 2346 660 2381 οὐχ
681 2348 694 2372 6
718 2347 822 2380 λέγων’
845 2356 853 2372 ι
875 2347 903 2373 '0

126 2392 246 2427 ἑωρακὼς
268 2393 330 2427 ἐμὲ,
352 2391 459 2426 ἑώρακε
482 2392 527 2418 τὸν
551 2390 671 2425 Πατέρα.
690 2399 699 2416 ι
721 2390 774 2417 Καὶ
792 2391 832 2417 ὃτι
855 2392 904 2426 μὲν

126 2437 168 2463 τοῦ
182 2437 343 2468 πεπονθότος
359 2437 426 2463 Θεὸν
443 2437 487 2463 τὴν
512 2436 642 2468 ζωοποιὸν
664 2435 711 2462 τοῦ
734 2435 801 2462 Θεοῦ
818 2437 902 2471 Λόγον

129 2483 248 2517 ὑπάρχειν
269 2481 519 2516 διαὸεὗαιούμενος,
534 2481 587 2511 τοῖς
596 2481 645 2515 τῆς
665 2478 786 2513 ἀφύκτου
801 2479 903 2515 δυσφη-

130 2528 187 2563 μίας
199 2529 351 2564 ἐγκ).ήμασι
363 2527 474 2554 σεαυτὴν
488 2526 578 2558 ἐνιεὶς,
593 2525 725 2560 ἠδίκηκας
734 2525 764 2552 οὐ
776 2527 903 2562 μετρίως,

159 2599 180 2614 ⁷⁸
200 2599 276 2624 ilehr.
295 2605 322 2627 ν,
339 2598 366 2624 7.
419 2596 442 2611 ¹⁰
462 2594 528 2625 ιιιιο,
546 2593 611 2620 Luc.
627 2603 656 2624 tt.
672 2595 715 2621 52.

765 2595 787 2610 “
810 2594 889 2621 Hebr.
910 2602 934 2625 ι’,
952 2595 1036 2628 9,10.

950 1569 1018 1596 etin
1043 1575 1135 1597 nostra
1160 1570 1335 1598 similitudine
1366 1575 1538 1606 apparentem
1563 1569 1732 1597 ostendens:

953 1626 963 1642 ι
979 1616 1027 1644 Hic
1048 1622 1100 1649 est.
1128 1618 1223 1652 inquit,
1250 1618 1319 1645 Deus
1346 1623 1447 1649 noster,
1476 1625 1527 1644 non
1556 1616 1734 1644 atstimabitur

951 1663 1020 1690 alius
1046 1663 1079 1689 ad
1109 1670 1182 1694 eunt,
1208 1663 1311 1690 invenit
1333 1671 1439 1690 omnem
1467 1663 1536 1690 viam
1562 1662 1692 1694 scientiae,
1707 1665 1734 1689 et.

952 1708 1026 1736 dedit
1041 1708 1114 1735 illam
1128 1707 1213 1736 Jacob
1227 1716 1311 1742 puero
1326 1717 1385 1741 suo,
1409 1714 1435 1736 et
1449 1708 1530 1736 Israel
1546 1707 1642 1735 dilecto
1661 1714 1711 1734 suo
1726 1717 1733 1734 :

951 1758 1048 1789 etpost
1061 1754 1118 1781 haec
1132 1753 1157 1780 in
1173 1755 1253 1781 terris
1273 1755 1345 1781 visus
1371 1759 1424 1786 est,
1441 1759 1468 1781 et
1488 1761 1548 1780 cum
1576 1753 1732 1780 hominibus

952 1804 1127 1827 conversatus
1139 1800 1173 1826 ⁸³.
1194 1809 1202 1825 ι
1230 1799 1268 1826 Tu
1296 1807 1370 1832 vero,
1392 1808 1483 1827 vocem
1509 1799 1562 1830 hic,
1581 1804 1607 1825 ct
1627 1798 1734 1833 quidem

951 1844 1048 1879 saepius
1072 1844 1223 1876 intendens,
1244 1852 1276 1871 ac
1296 1844 1488 1879 propemodum
1516 1851 1622 1870 manum
1649 1843 1737 1869 inten—

953 1890 1031 1922 dens,
1059 1897 1201 1924 quemnam
1224 1889 1397 1917 credentibus
1419 1889 1552 1921 ostendis,
1577 1894 1603 1915 ct
1625 1888 1736 1923 subjicis

951 1935 1047 1968 oculis,
1074 1940 1156 1970 atque
1168 1935 1248 1962 etiam
1264 1935 1392 1970 paulatim
1408 1943 1580 1970 progressum
1597 1935 1630 1962 ad
1647 1943 1735 1962 sacer-

952 1981 1054 2007 dotium
1070 1981 1168 2008 ast-teris
1184 1981 1282 2008 “illium
1305 1988 1416 2016 prorsus
1437 1980 1555 2008 arbitror
1577 1980 1631 2015 85
1656 1988 1735 2014 quem

954 2026 1052 2053 dudum
1068 2027 1212 2054 ostendens
1229 2027 1321 2054 aiebas
1340 2035 1347 2054 :
1364 2025 1447 2060 igitur
1460 2026 1504 2053 ille
1519 2026 1668 2061 quipassus
1683 2029 1734 2056 est.

953 2072 1072 2106 pontifex
1095 2077 1136 2099 est
1154 2073 1317 2104 misericors,
1346 2080 1397 2099 non
1421 2071 1464 2099 ille
1494 2072 1563 2106 passi
1587 2071 1736 2098 viviﬁcator

956 2119 1036 2145 Deus.
1050 2118 1147 2144 Semen
1171 2117 1306 2144 Abraham
1318 2118 1362 2145 ille
1377 2117 1433 2145 lteri
1448 2123 1476 2145 et
1490 2117 1578 2149 hodie.
1595 2123 1625 2144 ut
1639 2117 1736 2144 Paulus

953 2164 1065 2195 dicit’”.
1076 2172 1128 2190 non
1141 2164 1184 2190 ille
1199 2165 1243 2199 qui
1253 2164 1337 2191 dixit:
1354 2173 1363 2190 ι
1379 2165 1530 2198 Antequam
1540 2163 1676 2191 Abraham
1691 2164 1738 2191 fies

920 2205 942 2231 D
957 2213 1008 2242 rct,
1019 2217 1068 2244 ego
1081 2217 1140 2236 sum
1154 2210 1186 2236 ⁸⁵.
1199 2220 1208 2236 ι
1226 2209 1328 2237 Similis
1345 2216 1386 2236 est
1399 2209 1528 2237 fratribus
1543 2217 1590 2244 per
1610 2210 1700 2236 omnia
1715 2210 1737 2237 is

953 2256 998 2290 qui
1017 2256 1140 2282 humanm
1159 2256 1255 2282 anima:
1278 2261 1305 2283 ct
1319 2256 1409 2282 carnis
1427 2255 1627 2281 fraternitatem
1645 2263 1738 2282 susce-

955 2303 1003 2336 pit,
1017 2310 1067 2327 non
1084 2302 1131 2336 qtti
1146 2302 1232 2329 dicit:
1253 2311 1261 2327 ι
1290 2301 1341 2334 Qui
1370 2302 1436 2328 vidit
1461 2310 1514 2332 me,
1544 2301 1611 2328 vidit
1634 2306 1661 2327 et
1687 2301 1738 2327 Pa-

953 2351 1022 2374 trem
1035 2347 1068 2374 ⁵³⁵.
1092 2357 1101 2372 ι
1135 2347 1221 2382 Atque
1245 2348 1269 2373 itt
1287 2355 1319 2374 eo
1340 2347 1409 2381 quod
1430 2347 1530 2374 asseris
1558 2347 1639 2373 Deum
1666 2347 1737 2380 passi

954 2401 1014 2420 csse
1034 2393 1121 2426 ipsum
1140 2394 1279 2420 viviﬁcaris
1301 2393 1345 2419 Dei
1370 2392 1498 2423 Verbum.
1529 2397 1554 2420 te
1574 2392 1738 2420 inevitabilis

956 2439 1129 2473 blasphemia:
1140 2439 1241 2466 crimen
1251 2439 1408 2470 incurrisse,
1420 2438 1591 2473 graviterque
1601 2445 1736 2473 peccasse,

957 2483 1056 2511 ctiicaci
1086 2484 1188 2510 ratione
1217 2485 1429 2511 demonstratum
1459 2488 1509 2510 est.
1536 2483 1618 2510 Miror
1646 2488 1736 2510 autem

958 2530 1029 2564 quod
1055 2535 1160 2556 tuarum
1186 2537 1279 2556 vocutn
1293 2529 1401 2561 oblitus,
1417 2529 1543 2563 paulatim
1564 2536 1736 2564 progressum

1090 2596 1112 2611 "
1133 2595 1212 2623 llcbr.
1226 2603 1256 2628 ιι,
1278 2595 1320 2622 Π.
1390 2596 1412 2611 ⁸³
1432 2595 1536 2625 Baruch
1563 2603 1593 2623 Ill
1607 2616 1615 2629 ,
1643 2597 1734 2624 36-58.

128 2633 157 2649 "‘
172 2633 248 2661 Hebr.
262 2641 320 2664 ιιιι,
337 2633 364 2659 8.
404 2631 427 2646 ⁸⁵
445 2629 522 2658 Juan.
539 2637 596 2661 vui,
622 2630 666 2657 58.
704 2630 726 2645 "'
745 2629 822 2656 .Iuan.
840 2638 893 2660 xw,
907 2629 933 2657 9.

757 2688 834 2715 ANT.
856 2688 992 2716 AGELLII
1011 2687 1126 2715 ΝΟΤίΕ.

163 2763 215 2794 (21)
233 2763 277 2790 Vel
291 2762 461 2790 notariorum
475 2767 549 2796 error
563 2765 613 2792 cst,
629 2759 682 2796 vei_
694 2761 786 2796 lapsus
797 2765 839 2788 est
851 2759 905 2796 Ne-

133 2799 232 2827 storins.
245 2798 289 2832 qui
306 2798 388 2825 verba
403 2797 462 2822 haec
477 2795 553 2832 Luca:
566 2802 626 2829 cap.
640 2802 659 2832 ιι
670 2794 765 2832 .ioairni
781 2795 903 2832 ascribit.

133 2832 180 2861 Sed
200 2830 261 2868 quia
286 2833 358 2860 hunc
372 2832 477 2866 lapsum
492 2830 518 2857 in
533 2837 579 2857 sua
606 2830 767 2858 refutatione
788 2830 905 2865 Cyrillus

958 2768 1012 2788 non
1030 2759 1162 2793 coarguit,
1176 2763 1201 2786 et
1216 2759 1323 2785 beatum
1337 2758 1436 2785 Lucam
1452 2762 1589 2786 auctorem
1606 2756 1737 2793 agnoscit.

958 2795 1071 2823 notariis
1092 2793 1207 2822 fortasse
1219 2793 1319 2829 juslius
1339 2793 1497 2821 ascribetur.
