1883 3054
121 108 170 136 151

611 108 641 136 S.
661 106 799 136 CYRILLI
819 106 1053 137 ALEXANDRINI
1072 106 1230 135 ABCHlEP.

1693 98 1747 124 152

120 168 153 194 ad
173 167 308 202 pontiﬁcis
325 168 496 203 dignitatem,
526 168 616 196 dicere
644 168 724 197 simul
747 173 774 196 et
801 173 862 200 scut

1001 168 1084 203 ιχρῶν
1098 168 1164 203 ἠμῦι
1179 167 1290 200 διέδειξε
1312 165 1400 200 λόγος.
1416 162 1554 198 Θαυμάζω
1568 159 1608 190 δὲ.
1628 159 1669 186 ὃτι
1689 157 1744 184 τῶν

120 214 214 246 audes,
232 221 312 248 quem
339 215 423 244 etiam
443 215 526 241 Deum
541 222 603 242 esse
614 215 716 243 asseris
729 215 903 250 omnipoten—

121 264 185 288 tem.
197 259 265 287 Nam
273 261 410 295 proposita
419 261 466 288 tibi
479 261 597 296 Epistula
608 262 641 289 ad
654 260 783 291 Hebraea
790 261 903 295 scripta,

121 307 223 334 teneris
242 306 430 337 dixisse:Sed
452 307 495 334 hic
523 307 631 334 lsraelis
655 311 786 342 cognatus
808 314 904 337 secun-

120 352 184 380 dum
199 359 321 383 cantem.
339 353 488 385 secundum
503 353 695 387 aspectabilem
712 358 836 381 naturam
854 354 903 380 ho—

120 405 174 430 mo,
193 406 227 426 ex
254 398 357 426 setnine
384 397 468 425 David
489 398 578 427 factus
610 399 758 430 secundum
782 406 904 430 carnem.

120 443 178 477 ipsa
218 444 408 478 conjunctione
445 444 516 473 Deus
544 446 728 481 omnipotens.
764 446 906 481 Quomodo

121 487 203 520 igitur
218 495 376 523 progressus
395 494 448 521 est,
476 494 506 518 ut
522 495 623 519 temere
637 490 778 522 fabularis.
795 491 829 519 ad
840 498 906 525 pon-

121 532 201 562 tiﬁcis
216 533 386 567 dignitatem.
399 542 460 563 cum
481 536 552 564 Deus
569 537 605 564 sit
617 537 906 571 omnipotenstuorum

120 585 226 612 quoque
249 579 396 611 verborum
420 582 602 610 testimonio?
625 582 656 610 Et
684 583 809 618 quamvis
832 583 906 611 illam

121 623 276 657 ignobilem,
308 630 364 656 eta
383 631 408 653 te
422 626 479 654 solo
501 628 593 656 nescio
615 629 750 663 quomodo
770 629 908 664 excogita-

121 671 176 696 tam
191 669 408 704 coniunctionem
422 679 631 706 commemores,
644 675 756 702 missum
772 674 798 702 id
810 674 906 702 faciam

120 715 155 741 ad
175 722 312 749 prmscns;
337 716 402 746 illud
428 722 517 747 tamen
543 719 711 754 efﬂagitatio.
735 725 764 747 ut
788 721 908 748 secundo

120 766 203 790 cursu
216 759 320 788 feratur
335 762 434 794 oratio,
450 767 478 790 et
489 763 523 791 ad
539 770 651 798 scopum
666 763 718 791 sibi
744 764 909 792 convenien-

122 807 216 831 temet
235 811 250 833 a
269 806 408 840 proposito
428 807 498 834 haud
512 807 629 835 alienum
644 808 745 835 tendat.
758 807 826 836 Num
837 809 908 844 quod

957 213 1031 241 ἰδίων
1044 212 1124 243 αὐτὸς
1139 212 1337 247 ὰμνημονήσας
1357 209 1465 244 φωνῶν,
1483 207 1554 235 κατὰ
1572 203 1657 241 βραχὺ
1674 211 1746 237 προ-

955 259 1041 288 ελθεϊν
1055 260 1094 290 είς
1110 257 1262 293 ἀρχιερέως
1276 256 1386 291 ἀξίωμα
1404 255 1486 289 φάναι
1499 261 1529 279 τε
1539 253 1617 288 ὁμοῦ,
1630 252 1678 278 καὶ
1691 250 1746 285 μὴν

956 304 1004 333 καὶ
1018 305 1127 338 φρονεῖν
1137 303 1233 335 ἀξιοῖς,
1247 301 1277 329 ὃν
1294 301 1340 328 καὶ
1350 300 1417 327 Θεὸν
1434 297 1504 325 εἶναι
1519 298 1571 333 φὴς
1589 295 1747 330 παντοκρά-

955 357 1032 384 sapa.
1048 348 1236 384 ῐιροκειμένης
1252 347 1306 382 γάρ
1320 355 1361 373 σοι
1374 345 1426 380 τῆς
1442 344 1580 379 Ἐὃραίοις
1592 341 1747 377 γραφείσης

963 395 1133 429 Ἐπιστολῆς,
1147 394 1245 429 ἁλίσκῃ
1261 393 1348 426 λέγων
1362 401 1368 407 ’
1385 391 1454 418 Ἀλλ’
1464 388 1540 421 οὗτος
1551 390 1565 416 ὁ
1573 388 1644 415 κατὰ
1654 388 1747 422 σάρκα

955 439 1003 466 τοῦ
1020 439 1127 474 Ἰσραὴλ
1136 439 1280 473 συγγενὴς,
1287 437 1375 464 όκατὰ
1385 436 1415 463 τὸ
1422 435 1582 470 φαινόμενον
1592 433 1639 460 ἄνθ
1644 440 1748 469 ρωπος,

955 485 970 511 ὁ
987 485 1057 514 κατὰ
1068 484 1116 520 τὴν
1132 484 1238 512 Παύλου
1256 483 1363 518 φωνὴν,
1390 483 1422 509 ὲκ
1442 481 1599 515 σπέρματος
1616 487 1748 513 γεγεννη-

959 531 1038 566 μένος
1059 530 1151 563 Δαὸὶδ,
1172 529 1373 564 παντοκράτωρ
1387 529 1421 563 τῇ
1441 526 1574 561 συναφεῐᾳ
1589 525 1666 556 Θεὸςι
1684 523 1750 553 Πῶς

956 578 998 604 ἔτι
1016 576 1150 613 προέκοψε
1172 576 1246 604 κατὰ
1259 576 1309 611 τὴν
1326 574 1518 610 είκαιομυθίαν
1539 574 1579 604 είς
1595 571 1750 608 ἀρχιερέως

957 623 1076 658 ἀξίωμα,
1093 623 1181 650 καίτοι
1201 623 1267 654 Θεὸς
1289 621 1488 657 παντοκράτωρ
1507 620 1554 647 καὶ
1578 618 1622 646 διὰ
1634 618 1685 652 τῆς
1700 617 1751 650 σῆς

959 669 1050 704 φωνῆς
1065 669 1305 704 μαρτυρούμενος
1322 668 1381 695 Κᾶν
1395 667 1444 702 τὴν
1458 667 1554 700 ἀκλεᾶ,
1565 665 1612 692 καὶ
1625 665 1686 698 τὴν,
1699 663 1751 689 οὐκ

958 713 1005 743 οἶδ’
1015 717 1100 747 ὅπως.
1113 715 1298 750 ἐξευρημένην
1313 713 1387 748 αὐτῷ
1405 722 1446 740 σοι
1459 713 1506 740 και
1519 712 1592 748 μόνῳ
1600 712 1751 744 συνάφειαν

957 760 1106 795 ὀνομάζῃς,
1123 761 1241 796 παρήσω
1258 758 1334 785 νυνί·
1351 758 1421 794 πλὴν
1437 758 1582 793 ἐρήσομαι,
1599 756 1671 783 κατὰ
1686 755 1751 791 ῥοῦν

962 806 1027 832 ἰέναι
1040 806 1084 832 τὸν
1096 805 1170 841 αὑτῷ
1182 805 1321 840 πρέποντα
1331 813 1361 830 τε
1376 805 1422 832 καὶ
1434 803 1613 839 προκείμενον
1624 802 1664 837 τῷ
1678 801 1752 835 λόγῳ

121 849 153 875 ad
188 851 370 880 sacerdotium
399 858 575 885 promovetur
593 858 622 882 et
642 853 766 888 gloriam,
791 861 845 882 non

1009 852 1056 878 πὺν
1065 853 1097 886 ἐφ
1103 861 1121 878 ιε
1127 851 1159 883 ίς·
1169 850 1231 886 Ἆρ’
1237 851 1331 886 οὐχίτὸ
1338 850 1491 886 προκόπτον
1499 850 1537 881 εἰς
1547 849 1568 875 is
1574 847 1697 883 ρωσύνην
1705 847 1751 873 καὶ

121 894 232 922 meliora
264 899 510 933 praestantiamque
524 899 637 932 gradum
654 899 729 932 facil,
745 905 792 927 aut
817 900 907 928 incre—

120 946 241 969 mentum
263 943 346 971 sumit
359 944 370 970 ?
381 949 409 973 et
422 945 545 978 quisnam
562 945 642 980 hujus
657 946 798 973 sententiae
810 947 908 974 verita-

122 991 177 1015 tem
208 995 258 1015 suo
285 989 414 1025 suffragio
438 998 490 1018 non
523 991 645 1025 probet?
664 991 748 1024 Majus
774 996 816 1019 est
844 999 908 1027 ergo

121 1033 266 1060 sacerdotii
281 1041 388 1066 munus,
403 1043 485 1070 quam
505 1036 587 1064 Deum
599 1044 660 1067 esse
672 1037 884 1072 omnipotentem
900 1046 907 1064 ι

121 1077 172 1105 hoc
192 1078 215 1106 si
235 1079 273 1110 ita
298 1084 351 1112 est.
374 1082 510 1115 quomodo
529 1083 575 1117 qui
602 1083 756 1111 sacerdotio
776 1083 908 1118 fungitur,

122 1124 260 1153 ministrat
288 1131 315 1153 et
340 1132 411 1153 astat
429 1133 458 1155 ut
485 1128 613 1156 minister
627 1129 693 1162 Deo,
715 1133 742 1157 el
753 1134 782 1156 ut
792 1128 910 1157 famulus

122 1169 245 1202 Domino.
277 1172 373 1203 solitas
394 1182 426 1201 ac
445 1179 530 1201 statas
559 1175 713 1203 oblationes
739 1174 866 1207 offerens,
882 1181 911 1202 et

122 1216 226 1244 hostias
241 1217 393 1252 imponens,
412 1220 458 1248 ille
469 1227 534 1247 vero
552 1225 678 1255 tanquam
689 1228 813 1255 suprema
829 1229 910 1248 orna-

124 1267 166 1289 tus
183 1262 270 1298 gloria
289 1265 528 1299 admittithnstias,
541 1273 567 1294 et
588 1267 736 1294 honoratur
759 1267 911 1302 obsequio?

122 1307 200 1341 illud,
217 1311 324 1344 opinor,
339 1311 421 1343 dices,
441 1312 523 1339 Deum
545 1313 758 1347 omnipotentem
786 1313 910 1341 eumdem

123 1355 226 1382 factum
256 1363 315 1384 esse
344 1358 511 1392 pontificem.
540 1358 611 1394 Ergo
636 1360 790 1386 exinanitus
813 1364 912 1395 estnet

124 1401 244 1435 seipsum
261 1402 423 1433 huuiiliavit.
443 1404 477 1431 ad
492 1405 597 1432 minora
616 1413 646 1432 se
668 1406 808 1440 dejiciens.
837 1407 911 1440 Quo-

124 1447 203 1475 modo
223 1448 304 1482 igitur
319 1449 352 1476 ad
370 1449 529 1485 dignitatem
553 1458 712 1486 progressus
729 1457 770 1480 est
785 1454 912 1480 sacerdos

125 1492 236 1522 factus?
252 1494 406 1522 Recordare
430 1496 487 1531 jam
509 1504 603 1525 rursus
622 1501 729 1524 tuorum
745 1499 888 1526 verborum
903 1508 910 1532 ;

958 898 1048 930 δόξαν,
1063 898 1112 932 τὴν
1121 898 1162 929 εἰς
1173 897 1207 924 τὰ
1219 897 1323 932 ἀμείνω
1330 895 1535 932 καὶπροῦχοντα
1548 896 1666 922 ποιεῖται
1677 893 1752 928 βάδι-

959 953 1012 975 σιν,
1019 944 1102 978 ἥγουν
1111 944 1231 971 ἐπίδοσιν
1238 943 1345 977 ;Καίτοι
1354 942 1411 974 πῶς
1421 942 1470 977 οὐχ
1478 939 1751 974 ἁπαστισοῦνὲπιψη-

959 991 1060 1024 φιείται
1066 989 1104 1025 τῷ
1113 990 1184 1026 λόγῳ
1189 989 1220 1016 τὸ
1227 989 1334 1024 ἀληθῶς
1341 988 1395 1024 [ῖσ.
1403 987 1525 1024 ἀληθέςῇ
1534 988 1633 1019 Μεῖζον
1642 984 1689 1013 οὖν
1697 986 1754 1022 ἄρα

959 1035 1008 1062 τοῦ
1019 1033 1159 1062 εἷναιΘεὺν
1167 1035 1386 1070 παντοκράτορα,
1393 1034 1441 1069 τῆς
1451 1033 1600 1070 ἱερωσύνης
1609 1033 1751 1068 τὸχρῆμα.

959 1079 1026 1109 Εἶτα
1037 1082 1105 1113 πῶς,
1119 1082 1134 1107 ὁ
1148 1081 1197 1117 μὲν
1210 1080 1334 1117 ἱερᾶσθαι
1354 1079 1446 1115 λαχὼν
1453 1079 1606 1115 λειτουργεῖ
1621 1079 1670 1105 καὶ
1680 1087 1754 1114 παρ-

960 1128 1074 1162 έστηκεν
1083 1127 1120 1158 ὠς
1127 1128 1177 1154 λάτ
1181 1136 1230 1163 ρης
1236 1127 1305 1162 Θεῷ.
1313 1127 1361 1153 καὶ
1367 1127 1404 1158 ὡς
1409 1126 1518 1160 οἰκέτης
1526 1125 1658 1160 Δεσπότῃ,
1671 1132 1756 1160 προσ-

961 1173 1081 1208 κομίζων
1091 1172 1125 1199 τὰ
1132 1173 1325 1208 νενομισμένα,
1335 1171 1482 1204 καιθυσίας
1495 1171 1640 1203 ἀνατιθείς·
1653 1170 1700 1197 όδὲ
1713 1170 1754 1201 ὠς

961 1219 1022 1254 δόξῃ
1036 1220 1068 1254 τῇ
1079 1218 1221 1254 ὑπερτάτῃ
1231 1218 1450 1253 κατεστεμμένος
1457 1218 1635 1253 προσδέχεται
1648 1216 1698 1247 τὰς
1704 1216 1755 1242 (lu--

963 1265 1034 1296 σίας,
1049 1265 1096 1291 καὶ
1110 1265 1224 1299 τιμᾶται
1233 1264 1450 1299 θεραπευόμενος
1459 1273 1467 1297 ;
1476 1263 1545 1290 Ἀλλ’
1553 1264 1653 1294 έκεῖνο,
1663 1260 1752 1297 οἶμαι,

963 1312 1025 1346 φής·
1043 1311 1083 1337 ὅτι
1092 1311 1158 1343 Θεὸς
1164 1311 1364 1346 παντοκράτωρ
1373 1311 1513 1347 ὑπάρχων,
1523 1312 1536 1337 ό
1545 1310 1626 1340 αὐτὸς
1640 1309 1754 1344 γέγονεν

962 1357 1039 1391 ἁρχιε
1045 1356 1116 1391 ρεύς.
1129 1356 1274 1383 Κεκένωκε
1283 1356 1315 1392 δὴ
1325 1354 1382 1387 οὖν,
1392 1358 1439 1383 καὶ
1446 1356 1644 1383 τεταπείνωκεν
1658 1355 1756 1382 ἑαυτὸν

963 1402 1056 1434 καθεὶς
1062 1404 1090 1429 ὲν
1100 1402 1199 1437 μείοσι.
1210 1402 1271 1434 Πῶς
1281 1399 1326 1429 οὖν
1334 1402 1374 1429 ἔτι
1383 1402 1533 1437 προέκοψεν
1544 1403 1583 1433 είς
1590 1401 1698 1436 ἀξίωμα
1708 1409 1757 1434 γε-

963 1447 1049 1482 γονὼς
1063 1448 1170 1484 ίερεύς;
1185 1449 1363 1484 Διαμέμνησο
1375 1449 1407 1483 δὴ
1427 1448 1508 1475 πάλιν
1523 1447 1577 1474 τῶν
1589 1447 1687 1474 σαυτοῦ
1713 1446 1758 1472 λό-

963 1503 1019 1528 γων
1030 1503 1036 1510 ·
1053 1494 1121 1530 ἔφης
1135 1495 1188 1529 γὰρ
1202 1494 1288 1527 οὕτως
1307 1496 1336 1521 ὲν
1346 1496 1402 1526 τοῖς
1416 1494 1544 1530 ἀνωτέρω
1563 1493 1649 1529 βραχύ
1663 1501 1670 1507 ·
1682 1493 1714 1519 El
1727 1493 1757 1518 δὲ

125 1538 164 1566 sic
182 1546 296 1575 namque
314 1541 392 1574 paulo
404 1542 530 1576 superius
557 1543 648 1571 dixisti
668 1552 675 1570 :
693 1543 803 1577 Quodsi
817 1552 868 1571 εοοι

1014 1541 1108 1576 μιερεὺς
1124 1542 1140 1577 ή
1153 1541 1264 1576 Θεότης,
1276 1541 1317 1573 τίς
1328 1541 1342 1568 ὁ
1354 1541 1430 1576 παρὰ
1440 1542 1472 1576 τῇ
1487 1541 1536 1575 τῆς
1551 1539 1757 1575 ἀρχιερωσύνης

126 1584 176 1611 dos
193 1589 234 1611 est
255 1585 310 1620 ipsa
328 1586 470 1619 Divinitas,
491 1588 616 1622 quisnam
635 1593 677 1616 est
704 1589 749 1623 qui
768 1589 912 1617 sacerdotii

126 1630 255 1664 obsequio
273 1631 371 1661 colitur
387 1633 398 1659 ?
413 1633 436 1660 si
453 1633 524 1662 Deus
537 1639 579 1661 est
593 1634 639 1668 qui
654 1634 744 1666 offert,
771 1643 850 1662 nemo
873 1640 914 1662 est

127 1676 170 1703 cui
193 1677 249 1713 86
265 1677 405 1705 offeratur.
418 1679 487 1712 Quid
502 1679 574 1707 enim
587 1680 623 1707 sit
636 1680 779 1707 Diviuitate
792 1680 913 1714 dignum,

127 1722 210 1749 utilia
230 1727 356 1757 tanquam
374 1723 488 1752 inferior
501 1725 594 1758 majori
612 1725 708 1752 offerat
723 1725 734 1751 ?
753 1726 824 1753 Siste
845 1733 915 1753 nunc

128 1768 224 1796 saltem
248 1769 274 1796 in
296 1769 348 1798 tuis
373 1770 459 1804 ipsius
479 1771 591 1798 vocibus
609 1780 616 1804 ;
633 1771 679 1798 sud
701 1772 725 1798 id
743 1771 832 1799 facere
845 1780 916 1799 nun-

128 1821 208 1847 quam
224 1814 335 1848 poteris,
353 1821 413 1842 cum
446 1816 519 1843 omni
543 1822 623 1843 vento
647 1817 863 1849 circumferaris,
888 1821 916 1844 et

129 1864 156 1886 te
168 1859 238 1886 ultro
249 1860 372 1894 citroque
388 1860 486 1895 jactari
501 1869 555 1888 nou
573 1863 688 1894 sentias.
712 1871 783 1890 nunc
810 1871 841 1891 ex
862 1863 916 1890 illis

129 1906 161 1932 ad
186 1905 254 1938 haec,
282 1914 355 1936 nunc
379 1907 498 1934 vicissim
513 1915 546 1935 ex
572 1908 614 1935 his
633 1909 666 1935 ad
680 1909 723 1935 illa
739 1909 914 1942 transiliens;

128 1959 218 1986 neque
242 1953 296 1980 ullo
315 1954 395 1981 modo
417 1954 588 1988 pertimescis
602 1955 677 1988 illud,
690 1957 762 1990 quod
781 1960 823 1984 est
840 1956 915 1984 Pauli

127 2005 195 2025 voce
224 1998 347 2026 dictum:
364 2008 375 2026 ι
395 1999 422 2027 Si
435 2001 507 2027 enim
528 2008 588 2036 quae
601 2001 734 2034 destruxi,
751 2002 808 2030 haec
822 2010 917 2030 rursus

128 2043 243 2075 aedifico,
257 2045 492 2078 praevaricatorem
505 2047 636 2081 meipsum
645 2048 782 2075 constituo
793 2048 826 2076 “.
844 2058 853 2074 ι
863 2048 917 2077 Sed

128 2088 243 2116 fortasse
258 2090 378 2118 dicturus
391 2098 421 2117 es
433 2090 497 2118 illud
511 2101 516 2118 :
536 2091 602 2118 Cum
618 2096 644 2118 tu
659 2093 717 2126 ipse
729 2094 828 2128 ubique
842 2094 918 2122 Chri-

128 2139 201 2163 stum
220 2144 301 2163 unum
325 2141 352 2164 et
369 2136 466 2164 Filium
495 2143 523 2164 et.
544 2138 686 2165 Dominum
711 2147 774 2167 esse
798 2139 918 2168 afﬁrmes

129 2184 194 2212 illud
213 2191 247 2211 ex
277 2185 331 2213 Deo
356 2185 438 2212 Patre
462 2185 577 2213 Verbum
595 2194 655 2213 cum
669 2194 717 2214 sua
733 2194 826 2220 carne,
845 2195 915 2222 quo-

128 2231 209 2258 modo
223 2231 324 2260 asseris
351 2231 505 2266 pontificem
521 2232 637 2266 positum
655 2233 740 2260 fuisse
753 2238 781 2260 et
808 2239 916 2267 aposto-

129 2276 200 2308 lum,
218 2277 254 2303 ita
270 2281 309 2310 ut,
324 2284 384 2304 cum
400 2277 425 2304 id
444 2278 528 2310 dicas,
544 2285 596 2305 non
615 2285 748 2306 summam
758 2280 816 2313 ejus
827 2279 916 2314 digni-

129 2327 212 2349 tatem
229 2323 329 2350 afﬁcias
344 2324 507 2351 contumelia
524 2324 535 2350 ἵ
553 2325 631 2358 Quia,
657 2325 778 2359 inquam,
791 2325 831 2352 vir
846 2325 917 2359 opti-

128 2376 183 2401 me,
196 2370 363 2404 unigenitum
377 2370 440 2397 illud
456 2371 500 2397 Dei
518 2370 633 2398 Verbum
654 2371 754 2398 factum
769 2377 811 2399 est
824 2372 915 2403 homo,

129 2420 157 2443 et
181 2417 327 2444 sacerdotii
348 2424 446 2444 munus
476 2417 652 2444 humanitatis
677 2425 830 2445 mensuram
844 2418 915 2445 baud

131 2462 253 2494 dedecet,
269 2467 297 2489 ut
315 2463 378 2491 item
405 2464 477 2498 quod
506 2464 605 2491 missus
629 2471 691 2491 esse
712 2465 819 2491 dicitur.
845 2464 917 2491 Con-

131 2507 266 2534 fusionem
282 2507 354 2534 enim
378 2509 550 2543 contempsit,
565 2514 594 2535 ut
611 2509 707 2536 beatus
715 2509 815 2536 Paulus
834 2509 916 2541 ait”,

131 2560 192 2579 cum
211 2553 254 2580 his
282 2553 361 2582 etiam
387 2554 494 2581 utiliora
510 2559 537 2581 et
563 2555 712 2590 indigniora
740 2562 848 2590 propter
870 2562 918 2581 nos

130 2598 284 2632 pertulerit.
296 2599 372 2626 Dedit
386 2600 458 2626 enim
476 2601 585 2627 dorsum
601 2601 628 2627 iu
648 2601 766 2636 ﬂagella,
779 2606 807 2627 et
820 2601 917 2628 faciem

131 2651 206 2670 suam
225 2651 278 2671 non
295 2644 394 2671 avertit
410 2652 425 2671 a
437 2646 596 2672 confusione
612 2651 751 2679 sputorum
768 2646 790 2661 ""
803 2665 810 2678 ,
834 2651 860 2673 ct
871 2645 918 2672 Ju-

132 2691 251 2717 daeorum
266 2692 442 2719 contumelias
456 2692 589 2726 patienter
604 2692 740 2719 sustinuit.
752 2692 804 2719 Sed
819 2692 920 2727 refugis

133 2737 301 2763 sacerdotem
315 2737 452 2765 dicere.ut
470 2738 513 2772 qui
528 2738 562 2764 sit
574 2738 642 2764 Deus
654 2738 665 2763 ?
681 2738 800 2765 Admitte
811 2738 917 2773 dispen-

168 2827 191 2843 "
210 2828 298 2856 Galat.
325 2837 353 2861 ιι,
372 2829 413 2856 i8.
454 2829 474 2843 ⁵³⁷
493 2828 578 2856 llcbr.
598 2835 646 2861 xu,
662 2827 688 2855 ‘2.

964 1585 1121 1621 λειτουργίᾳ
1148 1585 1385 1621 θεραπευόμενος;
1402 1587 1426 1612 εί
1451 1585 1517 1617 Θεὸς
1543 1586 1557 1611 ό
1580 1585 1756 1620 προσφέρων,

964 1630 1051 1661 οὐδεὶς
1067 1626 1089 1663 ᾧ
1104 1631 1288 1666 προσφέρεται
1299 1639 1306 1646 ·
1318 1631 1345 1657 τί
1358 1631 1413 1665 γὰρ
1429 1630 1561 1665 Θεότητος
1577 1630 1662 1662 ἄξιον,
1675 1629 1708 1655 ἶν’
1719 1629 1759 1660 ὼς

965 1677 1083 1703 ἐλάττων
1107 1679 1249 1714 προσφέρῃ
1264 1678 1304 1712 τῷ
1324 1678 1445 1713 μείζονι;
1464 1678 1547 1714 Στῆθι
1566 1677 1613 1704 νῦν
1631 1677 1677 1704 καί
1691 1676 1758 1711 γοῦν

965 1725 993 1750 ἐν
1007 1725 1072 1755 ταῖς
1088 1724 1185 1750 ἑαυτοῦ
1201 1725 1304 1758 φωναῖς
1315 1733 1321 1739 ·
1340 1724 1408 1751 ἀλλὰ
1421 1723 1499 1750 τοῦτο
1515 1723 1574 1759 μὲν,
1591 1723 1640 1758 οὑχ
1655 1719 1711 1754 οἷός
1727 1731 1758 1749 τε

966 1769 1015 1805 ἔσῃ
1040 1769 1122 1804 δρᾷν·
1143 1769 1280 1805 περιφέρῃ
1299 1769 1327 1795 δὲ
1353 1769 1447 1804 ὥσπερ
1473 1769 1567 1804 ἀνέμῳ
1593 1768 1690 1800 παντὶ,
1710 1768 1758 1794 καὶ

965 1815 1209 1851 διαρριπτούμενος
1225 1816 1275 1842 οὐκ
1290 1816 1417 1851 αἰσθάνῃ,
1440 1815 1504 1842 ποτὲ
1526 1815 1585 1850 μὲν,
1601 1815 1630 1847 ἐξ
1644 1814 1758 1840 ἐκείνων

966 1863 1006 1894 εἰς
1023 1861 1110 1888 ταῦτα
1121 1882 1127 1893 ,
1143 1863 1208 1888 ποτὲ
1225 1863 1252 1888 δὲ
1272 1862 1352 1889 πάλιν
1367 1863 1400 1889 ὲκ
1419 1861 1520 1888 τούτων
1537 1863 1575 1894 εἰς
1598 1862 1690 1888 ἐκεῖνα
1711 1870 1760 1896 με-

966 1908 1097 1942 ταπηδῶν
1108 1916 1115 1923 ·
1129 1908 1217 1939 δέδιας
1241 1908 1270 1935 δὲ
1291 1909 1352 1935 κατ’
1369 1908 1465 1934 οὐδένα
1482 1907 1582 1943 τρόπον
1599 1907 1628 1934 τὸ
1650 1907 1695 1934 διὰ
1709 1907 1758 1942 τῆς

966 1955 1014 1981 τοῦ
1030 1955 1134 1982 Παύλου
1145 1957 1235 1992 φωνῆς
1244 1965 1250 1971 “
1267 1967 1277 1983 ι
1293 1957 1323 1983 Ei.
1335 1956 1389 1992 γὰρ
1401 1956 1418 1982 ἃ
1432 1956 1582 1989 κατέλυσα,
1601 1955 1690 1983 ταῦτα
1703 1956 1758 1982 πά-

967 2002 1009 2028 λιν
1032 2003 1214 2039 οἰκοδομήσω,
1242 2004 1405 2040 παραΰάτην
1428 2005 1548 2040 ἐμαυτὸν
1566 2005 1729 2031 συνιστάνω.
1748 2014 1757 2029 ι

974 2048 1061 2084 Ἐρεῖς
1086 2048 1115 2075 δὲ
1135 2050 1200 2080 ἴσως
1217 2050 1317 2076 ὲκείνο’
1346 2050 1465 2085 Χριστὸν
1490 2050 1538 2077 ἕνα
1561 2050 1607 2076 καὶ
1626 2049 1690 2076 Υίὸν
1713 2050 1761 2076 καὶ

969 2094 1072 2128 Κύριον
1089 2094 1323 2130 διισχυριζόμενος
1339 2092 1409 2122 εἶναι
1427 2095 1562 2130 πανταχοῦ
1581 2095 1627 2122 τὸν
1644 2096 1676 2121 ὲκ
1690 2094 1759 2122 Θεοῦ

969 2142 1074 2177 nam;
1090 2141 1186 2175 Λόγον,
1207 2141 1276 2176 μετὰ
1295 2141 1344 2176 τῆς
1359 2141 1426 2172 ἰδίας
1449 2142 1560 2176 σαρκὸς,
1581 2141 1638 2173 πῶς
1655 2141 1688 2176 δὴ
1706 2141 1760 2176 φὴς

970 2189 1009 2219 είς
1024 2187 1155 2223 ἀρχιερέα
1182 2186 1320 2213 τεθεῖσθαι
1343 2187 1390 2213 καὶ
1415 2187 1581 2220 ἀπόστολον;
1595 2185 1655 2213 εἶτα
1678 2187 1759 2213 τοῦτο

969 2234 1065 2267 λέγων,
1083 2233 1131 2267 οὐχ
1147 2232 1273 2268 ὑϐριεῖ[ς]
1287 2233 1335 2267 τῆς
1350 2232 1424 2264 θείας
1439 2232 1522 2259 αὐτοῦ
1534 2233 1613 2267 δόξης
1628 2233 1657 2259 τὸ
1675 2233 1761 2268 ὑπερ-

971 2279 1052 2314 φερὲς
1065 2277 1188 2313 ἀξίωμα;
1206 2279 1276 2309 Ὅτι,
1292 2275 1314 2304 ὦ
1339 2278 1470 2313 βέλτιστε,
1487 2279 1569 2313 φαίην
1590 2278 1632 2310 ἂν,
1647 2278 1760 2313 γέγονεν

971 2325 1112 2359 ἄνθρωπος
1124 2325 1138 2349 ὁ
1154 2324 1301 2359 μονογενὴς
1315 2324 1362 2350 τοῦ
1375 2324 1443 2350 Θεοῦ
1461 2324 1558 2358 Λόγος,
1571 2324 1618 2351 καὶ
1632 2326 1689 2355 τοῖς
1711 2325 1761 2359 τῆς

971 2369 1180 2405 ἀνθρωπότητος
1205 2369 1313 2405 μέτροις
1324 2391 1332 2402 ,
1348 2370 1398 2396 οὐκ
1425 2370 1594 2405 ἀνάρμοστον
1612 2369 1645 2396 ἂν
1660 2370 1704 2404 εἴη
1731 2371 1761 2396 τὸ

971 2417 1066 2451 χρῆμα
1080 2416 1129 2450 τῆς
1153 2415 1311 2451 ἱερωσύνης,
1342 2415 1389 2441 καὶ
1410 2415 1462 2450 μὴν
1478 2415 1525 2441 καὶ
1545 2415 1575 2441 τὸ
1590 2415 1760 2441 ἀπεστάλθαι

971 2462 1061 2496 λέγειν
1077 2462 1168 2489 αὐτόν.
1189 2462 1383 2496 Κατεφρὸνησε
1399 2461 1452 2497 γὰρ
1477 2461 1616 2495 αἰσχύνης,
1628 2461 1666 2492 ὼς
1686 2461 1700 2486 ό
1715 2460 1760 2486 θε-
1774 2477 1778 2499 ί

972 2507 1082 2537 σπέσιος
1095 2507 1194 2541 γράφει
1207 2506 1321 2542 Παῦλος,
1339 2507 1385 2532 καὶ
1401 2506 1435 2532 τὰ
1452 2506 1491 2532 ἔτι
1507 2506 1575 2540 μείω
1585 2514 1614 2531 τε
1634 2507 1679 2532 καὶ
1705 2507 1759 2532 ἁπ-

971 2553 1108 2588 ηχέστερα
1122 2552 1155 2578 δι’
1169 2553 1241 2587 ἡμᾶς
1255 2552 1415 2587 ὑπομείνας.
1426 2552 1532 2578 Δέδωκε
1549 2552 1602 2587 γὰρ
1616 2552 1660 2579 τὸν
1676 2552 1760 2578 νῶτον

970 2600 1010 2630 εὶς
1027 2600 1171 2634 μάστιγας,
1184 2600 1214 2626 τὸ
1231 2599 1259 2625 δὲ
1275 2599 1421 2636 πρόσωπον
1435 2598 1516 2625 αὑτοῦ
1533 2600 1583 2625 οὐκ
1595 2599 1758 2634 ἀπεστράφη

971 2646 1026 2672 ἀπὸ
1047 2646 1177 2681 αἰσχύνης
1189 2646 1402 2680 ἐμπτυσμὼιων,
1420 2646 1466 2672 καὶ
1479 2646 1526 2677 τὰς
1543 2645 1677 2671 Ἰουδαίων
1688 2653 1759 2679 παρ-

971 2691 1055 2722 οινίας
1070 2691 1218 2726 τληπαθῶς
1233 2691 1370 2726 ἠνέσχετο.
1388 2690 1457 2716 Ἀλλ’
1468 2691 1518 2716 οὐκ
1531 2689 1615 2722 ἀξιοῖς
1630 2690 1705 2726 ἱερέα
1720 2690 1762 2716 λέ-

972 2745 1031 2771 γειν
1049 2737 1086 2768 ὡς
1098 2737 1256 2772 ὑπάρχοντα
1267 2737 1350 2770 Θεόν;
1365 2737 1449 2771 Δέχου
1464 2737 1513 2772 τῆς
1525 2736 1681 2771 οἰκονομίας
1696 2736 1759 2768 τοὺς

727 2828 750 2843 ⁸⁸
770 2828 819 2856 lsa.
839 2837 862 2861 L,
880 2828 911 2861 6;
928 2828 1021 2856 Matth.
1038 2837 1110 2862 un,
1130 2830 1173 2857 67.
