  <div class='ocr_page' id='page_1' title='image "/cluster/home/n/w/nwhite01/storage/ocr_20150623/76/njp.32101007590019/094.png"; bbox 0 0 1883 3054; ppageno 0'>
   <div class='ocr_carea' id='block_1_1' title="bbox 69 142 111 170">
    <p class='ocr_par' dir='ltr' id='par_1_1' title="bbox 69 142 111 170">
     <span class='ocr_line' id='line_1_1' title="bbox 69 142 111 170; baseline 0 -1"><span class='ocrx_word' id='word_1_1' title='bbox 69 142 111 170; x_wconf 66' lang='grc'><strong>155</strong></span> 
     </span>
    </p>
   </div>
   <div class='ocr_carea' id='block_1_2' title="bbox 587 144 1144 174">
    <p class='ocr_par' dir='ltr' id='par_1_2' title="bbox 587 144 1144 174">
     <span class='ocr_line' id='line_1_2' title="bbox 587 144 1144 174; baseline 0.004 -2"><span class='ocrx_word' id='word_1_2' title='bbox 587 144 776 173; x_wconf 74' lang='lat' dir='ltr'><strong>ADVERSUS</strong></span> <span class='ocrx_word' id='word_1_3' title='bbox 794 144 998 173; x_wconf 76' lang='lat' dir='ltr'><strong>NESTORIUM</strong></span> <span class='ocrx_word' id='word_1_4' title='bbox 1018 144 1083 174; x_wconf 85' lang='lat' dir='ltr'><strong>LIB.</strong></span> <span class='ocrx_word' id='word_1_5' title='bbox 1101 145 1144 174; x_wconf 88' lang='lat' dir='ltr'><strong>lli.</strong></span> 
     </span>
    </p>
   </div>
   <div class='ocr_carea' id='block_1_3' title="bbox 1635 148 1686 176">
    <p class='ocr_par' dir='ltr' id='par_1_3' title="bbox 1635 148 1686 176">
     <span class='ocr_line' id='line_1_3' title="bbox 1635 148 1686 176; baseline 0.02 -1"><span class='ocrx_word' id='word_1_6' title='bbox 1635 148 1686 176; x_wconf 69' lang='lat'><strong>154</strong></span> 
     </span>
    </p>
   </div>
   <div class='ocr_carea' id='block_1_4' title="bbox 64 203 842 243">
    <p class='ocr_par' dir='ltr' id='par_1_4' title="bbox 64 203 842 243">
     <span class='ocr_line' id='line_1_4' title="bbox 64 203 842 243; baseline 0.006 -14"><span class='ocrx_word' id='word_1_7' title='bbox 64 205 164 238; x_wconf 68' lang='grc' dir='ltr'>λόγους·</span> <span class='ocrx_word' id='word_1_8' title='bbox 187 203 342 238; x_wconf 79' lang='grc' dir='ltr'>διαλογίζου</span> <span class='ocrx_word' id='word_1_9' title='bbox 372 205 422 241; x_wconf 83' lang='grc' dir='ltr'><strong>τὴν</strong></span> <span class='ocrx_word' id='word_1_10' title='bbox 436 205 569 234; x_wconf 80' lang='grc' dir='ltr'><strong>κένωσιν·</strong></span> <span class='ocrx_word' id='word_1_11' title='bbox 596 206 646 243; x_wconf 82' lang='grc' dir='ltr'><strong>τὴν</strong></span> <span class='ocrx_word' id='word_1_12' title='bbox 672 208 711 238; x_wconf 85' lang='grc' dir='ltr'><strong>είς</strong></span> <span class='ocrx_word' id='word_1_13' title='bbox 727 210 777 243; x_wconf 82' lang='grc' dir='ltr'>τὴν</span> <span class='ocrx_word' id='word_1_14' title='bbox 800 206 842 235; x_wconf 80' lang='grc' dir='ltr'>τοῐ</span> 
     </span>
    </p>
   </div>
   <div class='ocr_carea' id='block_1_5' title="bbox 914 203 1685 243">
    <p class='ocr_par' dir='ltr' id='par_1_5' title="bbox 914 206 1685 241">
     <span class='ocr_line' id='line_1_5' title="bbox 914 206 1685 241; baseline -0.001 -6"><span class='ocrx_word' id='word_1_15' title='bbox 914 207 1013 236; x_wconf 81' lang='lat' dir='ltr'><strong>ationis</strong></span> <span class='ocrx_word' id='word_1_16' title='bbox 1043 207 1189 239; x_wconf 87' lang='lat' dir='ltr'><strong>rationem,</strong></span> <span class='ocrx_word' id='word_1_17' title='bbox 1218 206 1306 241; x_wconf 76' lang='lat' dir='ltr'><strong>cogita</strong></span> <span class='ocrx_word' id='word_1_18' title='bbox 1332 206 1555 239; x_wconf 83' lang='lat' dir='ltr'><strong>exinanitionem,</strong></span> <span class='ocrx_word' id='word_1_19' title='bbox 1573 207 1685 235; x_wconf 82' lang='lat' dir='ltr'><strong>descen-</strong></span> 
     </span>
    </p>
   </div>
   <div class='ocr_carea' id='block_1_6' title="bbox 65 249 844 289">
    <p class='ocr_par' dir='ltr' id='par_1_6' title="bbox 65 249 844 289">
     <span class='ocr_line' id='line_1_6' title="bbox 65 249 844 289; baseline 0.006 -14"><span class='ocrx_word' id='word_1_20' title='bbox 65 250 145 276; x_wconf 78' lang='grc' dir='ltr'>ᾰιύλου</span> <span class='ocrx_word' id='word_1_21' title='bbox 159 249 270 285; x_wconf 69' lang='grc' dir='ltr'>μορφὴν</span> <span class='ocrx_word' id='word_1_22' title='bbox 283 251 490 286; x_wconf 63' lang='grc' dir='ltr'>καταφοὴησιν.</span> <span class='ocrx_word' id='word_1_23' title='bbox 506 253 542 279; x_wconf 78' lang='grc' dir='ltr'><strong>Οὐ</strong></span> <span class='ocrx_word' id='word_1_24' title='bbox 555 252 588 287; x_wconf 84' lang='grc' dir='ltr'>δὴ</span> <span class='ocrx_word' id='word_1_25' title='bbox 602 253 737 289; x_wconf 80' lang='grc' dir='ltr'>προκόψαι</span> <span class='ocrx_word' id='word_1_26' title='bbox 753 253 844 288; x_wconf 78' lang='grc' dir='ltr'>φαμὲν</span> 
     </span>
    </p>
   </div>
   <div class='ocr_carea' id='block_1_7' title="bbox 65 295 845 334">
    <p class='ocr_par' dir='ltr' id='par_1_7' title="bbox 65 295 845 334">
     <span class='ocr_line' id='line_1_7' title="bbox 65 295 845 334; baseline 0.005 -12"><span class='ocrx_word' id='word_1_27' title='bbox 65 297 104 323; x_wconf 76' lang='grc' dir='ltr'>καὶ</span> <span class='ocrx_word' id='word_1_28' title='bbox 115 296 152 327; x_wconf 85' lang='grc' dir='ltr'>εἰς</span> <span class='ocrx_word' id='word_1_29' title='bbox 164 295 276 331; x_wconf 79' lang='grc' dir='ltr'>ἀξίωμα</span> <span class='ocrx_word' id='word_1_30' title='bbox 289 296 404 332; x_wconf 82' lang='grc' dir='ltr'><strong>δραμεῖν</strong></span> <span class='ocrx_word' id='word_1_31' title='bbox 426 298 472 325; x_wconf 77' lang='grc' dir='ltr'>τὸν</span> <span class='ocrx_word' id='word_1_32' title='bbox 488 298 536 325; x_wconf 81' lang='grc' dir='ltr'><strong>τοῦ</strong></span> <span class='ocrx_word' id='word_1_33' title='bbox 560 299 629 325; x_wconf 84' lang='grc' dir='ltr'><strong>Θεοῦ</strong></span> <span class='ocrx_word' id='word_1_34' title='bbox 649 299 748 334; x_wconf 82' lang='grc' dir='ltr'><strong>Λόγον,</strong></span> <span class='ocrx_word' id='word_1_35' title='bbox 762 300 787 326; x_wconf 84' lang='grc' dir='ltr'><strong>εί</strong></span> <span class='ocrx_word' id='word_1_36' title='bbox 799 308 845 326; x_wconf 85' lang='grc' dir='ltr'>κε-</span> 
     </span>
    </p>
   </div>
   <div class='ocr_carea' id='block_1_8' title="bbox 65 342 844 381">
    <p class='ocr_par' dir='ltr' id='par_1_8' title="bbox 65 342 844 381">
     <span class='ocr_line' id='line_1_8' title="bbox 65 342 844 381; baseline 0.008 -14"><span class='ocrx_word' id='word_1_37' title='bbox 65 342 223 377; x_wconf 71' lang='grc' dir='ltr'>χρημάτεκεν</span> <span class='ocrx_word' id='word_1_38' title='bbox 244 342 323 378; x_wconf 77' lang='grc' dir='ltr'>ἡμῶν</span> <span class='ocrx_word' id='word_1_39' title='bbox 344 343 506 380; x_wconf 73' lang='grc' dir='ltr'>ἀρχιερεὺς,</span> <span class='ocrx_word' id='word_1_40' title='bbox 523 345 686 372; x_wconf 72' lang='grc' dir='ltr'><strong>καθικέσθαι</strong></span> <span class='ocrx_word' id='word_1_41' title='bbox 700 345 729 372; x_wconf 82' lang='grc' dir='ltr'>δὲ</span> <span class='ocrx_word' id='word_1_42' title='bbox 743 346 844 381; x_wconf 79' lang='grc' dir='ltr'>μᾶλλον</span> 
     </span>
    </p>
   </div>
   <div class='ocr_carea' id='block_1_9' title="bbox 65 388 843 426">
    <p class='ocr_par' dir='ltr' id='par_1_9' title="bbox 65 388 843 426">
     <span class='ocr_line' id='line_1_9' title="bbox 65 388 843 426; baseline 0.008 -13"><span class='ocrx_word' id='word_1_43' title='bbox 65 389 105 414; x_wconf 71' lang='lat' dir='ltr'><strong>ut</strong></span> <span class='ocrx_word' id='word_1_44' title='bbox 115 388 156 413; x_wconf 72' lang='grc' dir='ltr'><strong>διὰ</strong></span> <span class='ocrx_word' id='word_1_45' title='bbox 174 388 274 415; x_wconf 76' lang='grc' dir='ltr'>τούτου</span> <span class='ocrx_word' id='word_1_46' title='bbox 294 389 363 424; x_wconf 78' lang='grc' dir='ltr'>πρὸς</span> <span class='ocrx_word' id='word_1_47' title='bbox 379 389 512 417; x_wconf 80' lang='grc' dir='ltr'><strong>κένωσιν·</strong></span> <span class='ocrx_word' id='word_1_48' title='bbox 529 391 591 418; x_wconf 76' lang='grc' dir='ltr'>ἐπεὶ</span> <span class='ocrx_word' id='word_1_49' title='bbox 609 392 667 424; x_wconf 87' lang='grc' dir='ltr'>πῶς</span> <span class='ocrx_word' id='word_1_50' title='bbox 681 393 843 426; x_wconf 78' lang='grc' dir='ltr'><strong>κεκένωται,</strong></span> 
     </span>
    </p>
   </div>
   <div class='ocr_carea' id='block_1_10' title="bbox 66 432 843 474">
    <p class='ocr_par' dir='ltr' id='par_1_10' title="bbox 66 432 843 474">
     <span class='ocr_line' id='line_1_10' title="bbox 66 432 843 474; baseline 0.009 -15"><span class='ocrx_word' id='word_1_51' title='bbox 66 434 104 461; x_wconf 63' lang='lat' dir='ltr'><strong>ui.</strong></span> <span class='ocrx_word' id='word_1_52' title='bbox 113 432 350 469; x_wconf 66' lang='grc' dir='ltr'>[π]ταπεινῶσθαι</span> <span class='ocrx_word' id='word_1_53' title='bbox 357 435 466 469; x_wconf 84' lang='grc' dir='ltr'>λέγεται</span> <span class='ocrx_word' id='word_1_54' title='bbox 473 436 571 467; x_wconf 76' lang='grc' dir='ltr'>,καίτοι</span> <span class='ocrx_word' id='word_1_55' title='bbox 578 437 608 463; x_wconf 79' lang='grc' dir='ltr'>τὸ</span> <span class='ocrx_word' id='word_1_56' title='bbox 617 437 753 472; x_wconf 78' lang='grc' dir='ltr'><strong>ἄτρεπτον</strong></span> <span class='ocrx_word' id='word_1_57' title='bbox 762 438 843 474; x_wconf 75' lang='grc' dir='ltr'><strong>ἔχων,</strong></span> 
     </span>
    </p>
   </div>
   <div class='ocr_carea' id='block_1_11' title="bbox 65 481 844 518">
    <p class='ocr_par' dir='ltr' id='par_1_11' title="bbox 65 481 844 518">
     <span class='ocr_line' id='line_1_11' title="bbox 65 481 844 518; baseline 0.006 -11"><span class='ocrx_word' id='word_1_58' title='bbox 65 482 104 507; x_wconf 81' lang='grc' dir='ltr'>καὶ</span> <span class='ocrx_word' id='word_1_59' title='bbox 117 481 246 516; x_wconf 78' lang='grc' dir='ltr'><strong>ὑπάρχων</strong></span> <span class='ocrx_word' id='word_1_60' title='bbox 264 482 294 508; x_wconf 82' lang='grc' dir='ltr'>ὲν</span> <span class='ocrx_word' id='word_1_61' title='bbox 311 483 404 517; x_wconf 74' lang='grc' dir='ltr'>μορφῇ</span> <span class='ocrx_word' id='word_1_62' title='bbox 417 483 464 509; x_wconf 83' lang='grc' dir='ltr'>καὶ</span> <span class='ocrx_word' id='word_1_63' title='bbox 479 483 582 518; x_wconf 84' lang='grc' dir='ltr'>ίσότητι</span> <span class='ocrx_word' id='word_1_64' title='bbox 596 484 668 511; x_wconf 79' lang='grc' dir='ltr'>κατὰ</span> <span class='ocrx_word' id='word_1_65' title='bbox 682 486 736 511; x_wconf 87' lang='grc' dir='ltr'><strong>πᾶν</strong></span> <span class='ocrx_word' id='word_1_66' title='bbox 755 485 844 512; x_wconf 79' lang='grc' dir='ltr'>ὁτιοῦν</span> 
     </span>
    </p>
   </div>
   <div class='ocr_carea' id='block_1_12' title="bbox 66 525 844 566">
    <p class='ocr_par' dir='ltr' id='par_1_12' title="bbox 66 525 844 566">
     <span class='ocr_line' id='line_1_12' title="bbox 66 525 844 566; baseline 0.009 -15"><span class='ocrx_word' id='word_1_67' title='bbox 66 525 123 561; x_wconf 76' lang='grc' dir='ltr'>πρὸς</span> <span class='ocrx_word' id='word_1_68' title='bbox 134 525 177 552; x_wconf 80' lang='grc' dir='ltr'><strong>τδν</strong></span> <span class='ocrx_word' id='word_1_69' title='bbox 198 525 300 553; x_wconf 81' lang='grc' dir='ltr'>ἑαυτοῦ</span> <span class='ocrx_word' id='word_1_70' title='bbox 317 527 490 563; x_wconf 86' lang='grc' dir='ltr'>Γεννήτορα;</span> <span class='ocrx_word' id='word_1_71' title='bbox 511 528 569 560; x_wconf 83' lang='grc' dir='ltr'>πῶς</span> <span class='ocrx_word' id='word_1_72' title='bbox 590 529 619 555; x_wconf 71' lang='grc' dir='ltr'>δὲ</span> <span class='ocrx_word' id='word_1_73' title='bbox 641 530 688 556; x_wconf 84' lang='grc' dir='ltr'>καὶ</span> <span class='ocrx_word' id='word_1_74' title='bbox 707 530 844 566; x_wconf 80' lang='grc' dir='ltr'><strong>προέκοψε</strong></span> 
     </span>
    </p>
   </div>
   <div class='ocr_carea' id='block_1_13' title="bbox 64 571 845 613">
    <p class='ocr_par' dir='ltr' id='par_1_13' title="bbox 64 571 845 613">
     <span class='ocr_line' id='line_1_13' title="bbox 64 571 845 613; baseline 0.009 -16"><span class='ocrx_word' id='word_1_75' title='bbox 64 571 125 598; x_wconf 79' lang='grc' dir='ltr'>κατὰ</span> <span class='ocrx_word' id='word_1_76' title='bbox 137 571 234 607; x_wconf 81' lang='grc' dir='ltr'>βραχὺ,</span> <span class='ocrx_word' id='word_1_77' title='bbox 254 573 304 599; x_wconf 75' lang='grc' dir='ltr'><strong>καὶ</strong></span> <span class='ocrx_word' id='word_1_78' title='bbox 324 572 416 605; x_wconf 84' lang='grc' dir='ltr'>τοῦτο,</span> <span class='ocrx_word' id='word_1_79' title='bbox 435 575 507 601; x_wconf 73' lang='grc' dir='ltr'>καθὰ</span> <span class='ocrx_word' id='word_1_80' title='bbox 521 575 573 610; x_wconf 81' lang='grc' dir='ltr'>φὴς</span> <span class='ocrx_word' id='word_1_81' title='bbox 591 576 683 609; x_wconf 82' lang='grc' dir='ltr'>αὐτὸς.</span> <span class='ocrx_word' id='word_1_82' title='bbox 699 577 739 608; x_wconf 82' lang='grc' dir='ltr'>εἰς</span> <span class='ocrx_word' id='word_1_83' title='bbox 749 577 780 603; x_wconf 79' lang='grc' dir='ltr'>τὸ</span> <span class='ocrx_word' id='word_1_84' title='bbox 793 577 845 613; x_wconf 86' lang='grc' dir='ltr'>τῆς</span> 
     </span>
    </p>
   </div>
   <div class='ocr_carea' id='block_1_14' title="bbox 64 618 844 659">
    <p class='ocr_par' dir='ltr' id='par_1_14' title="bbox 64 618 844 659">
     <span class='ocr_line' id='line_1_14' title="bbox 64 618 844 659; baseline 0.01 -16"><span class='ocrx_word' id='word_1_85' title='bbox 64 618 257 653; x_wconf 76' lang='grc' dir='ltr'><strong>ἀρχιερωσύνης</strong></span> <span class='ocrx_word' id='word_1_86' title='bbox 281 619 411 654; x_wconf 78' lang='grc' dir='ltr'>ἀξίωμα;</span> <span class='ocrx_word' id='word_1_87' title='bbox 435 620 515 647; x_wconf 82' lang='grc' dir='ltr'>ποίαν</span> <span class='ocrx_word' id='word_1_88' title='bbox 539 622 582 653; x_wconf 80' lang='grc' dir='ltr'><strong>είς</strong></span> <span class='ocrx_word' id='word_1_89' title='bbox 598 621 678 649; x_wconf 77' lang='grc' dir='ltr'>τοῦτο</span> <span class='ocrx_word' id='word_1_90' title='bbox 700 622 844 659; x_wconf 85' lang='grc' dir='ltr'>δεχόμενος</span> 
     </span>
    </p>
   </div>
   <div class='ocr_carea' id='block_1_15' title="bbox 63 664 843 705">
    <p class='ocr_par' dir='ltr' id='par_1_15' title="bbox 63 664 843 705">
     <span class='ocr_line' id='line_1_15' title="bbox 63 664 843 705; baseline 0.008 -15"><span class='ocrx_word' id='word_1_91' title='bbox 63 665 105 699; x_wconf 70' lang='grc' dir='ltr'>τὴν</span> <span class='ocrx_word' id='word_1_92' title='bbox 121 664 258 697; x_wconf 73' lang='grc' dir='ltr'>ἑπίδοσινς</span> <span class='ocrx_word' id='word_1_93' title='bbox 277 665 308 691; x_wconf 83' lang='grc' dir='ltr'>Εί</span> <span class='ocrx_word' id='word_1_94' title='bbox 327 666 377 700; x_wconf 76' lang='grc' dir='ltr'>μὲν</span> <span class='ocrx_word' id='word_1_95' title='bbox 404 664 452 693; x_wconf 83' lang='grc' dir='ltr'>οὖν</span> <span class='ocrx_word' id='word_1_96' title='bbox 473 667 523 701; x_wconf 79' lang='grc' dir='ltr'>τὴν</span> <span class='ocrx_word' id='word_1_97' title='bbox 547 666 690 702; x_wconf 81' lang='grc' dir='ltr'>σώματος,</span> <span class='ocrx_word' id='word_1_98' title='bbox 708 669 843 705; x_wconf 83' lang='grc' dir='ltr'>ἐρήσομαι</span> 
     </span>
    </p>
   </div>
   <div class='ocr_carea' id='block_1_16' title="bbox 65 707 844 751">
    <p class='ocr_par' dir='ltr' id='par_1_16' title="bbox 65 707 844 751">
     <span class='ocr_line' id='line_1_16' title="bbox 65 707 844 751; baseline 0.006 -15"><span class='ocrx_word' id='word_1_99' title='bbox 65 709 145 737; x_wconf 70' lang='grc' dir='ltr'>πάλιν·</span> <span class='ocrx_word' id='word_1_100' title='bbox 159 707 235 745; x_wconf 73' lang='grc' dir='ltr'><strong>1’Δρα</strong></span> <span class='ocrx_word' id='word_1_101' title='bbox 248 711 305 747; x_wconf 80' lang='grc' dir='ltr'>γὰρ</span> <span class='ocrx_word' id='word_1_102' title='bbox 325 712 342 747; x_wconf 83' lang='grc' dir='ltr'>ἡ</span> <span class='ocrx_word' id='word_1_103' title='bbox 363 712 489 747; x_wconf 80' lang='grc' dir='ltr'>σώματος</span> <span class='ocrx_word' id='word_1_104' title='bbox 499 712 613 748; x_wconf 76' lang='grc' dir='ltr'>αὔξησις</span> <span class='ocrx_word' id='word_1_105' title='bbox 636 715 706 749; x_wconf 78' lang='grc' dir='ltr'>πρὸς</span> <span class='ocrx_word' id='word_1_106' title='bbox 727 715 777 750; x_wconf 83' lang='grc' dir='ltr'>τὴν</span> <span class='ocrx_word' id='word_1_107' title='bbox 794 717 844 751; x_wconf 83' lang='grc' dir='ltr'>τῆς</span> 
     </span>
    </p>
   </div>
   <div class='ocr_carea' id='block_1_17' title="bbox 66 756 842 796">
    <p class='ocr_par' dir='ltr' id='par_1_17' title="bbox 66 756 842 796">
     <span class='ocr_line' id='line_1_17' title="bbox 66 756 842 796; baseline 0.008 -14"><span class='ocrx_word' id='word_1_108' title='bbox 66 756 201 791; x_wconf 77' lang='grc' dir='ltr'>ἱερωσύνης</span> <span class='ocrx_word' id='word_1_109' title='bbox 214 756 485 792; x_wconf 76' lang='grc' dir='ltr'>ἁνακομίζειδόξαν;</span> <span class='ocrx_word' id='word_1_110' title='bbox 503 759 608 786; x_wconf 84' lang='grc' dir='ltr'>Οὐκοῦν</span> <span class='ocrx_word' id='word_1_111' title='bbox 624 759 694 787; x_wconf 75' lang='grc' dir='ltr'>ἔστω</span> <span class='ocrx_word' id='word_1_112' title='bbox 707 760 736 787; x_wconf 78' lang='grc' dir='ltr'>τὸ</span> <span class='ocrx_word' id='word_1_113' title='bbox 748 761 842 796; x_wconf 81' lang='grc' dir='ltr'>χρῆμα</span> 
     </span>
    </p>
   </div>
   <div class='ocr_carea' id='block_1_18' title="bbox 65 801 841 840">
    <p class='ocr_par' dir='ltr' id='par_1_18' title="bbox 65 801 841 840">
     <span class='ocr_line' id='line_1_18' title="bbox 65 801 841 840; baseline 0.009 -13"><span class='ocrx_word' id='word_1_114' title='bbox 65 801 157 828; x_wconf 83' lang='grc' dir='ltr'>κοινόν·</span> <span class='ocrx_word' id='word_1_115' title='bbox 175 802 223 828; x_wconf 58' lang='grc' dir='ltr'><strong>καὶ⁸</strong></span> <span class='ocrx_word' id='word_1_116' title='bbox 239 803 255 828; x_wconf 81' lang='grc' dir='ltr'><strong>ὁ</strong></span> <span class='ocrx_word' id='word_1_117' title='bbox 272 802 321 834; x_wconf 87' lang='grc' dir='ltr'><strong>σὺς</strong></span> <span class='ocrx_word' id='word_1_118' title='bbox 341 804 432 830; x_wconf 80' lang='grc' dir='ltr'>οὑτοσὶ</span> <span class='ocrx_word' id='word_1_119' title='bbox 444 804 513 831; x_wconf 79' lang='grc' dir='ltr'>κατὰ</span> <span class='ocrx_word' id='word_1_120' title='bbox 528 805 627 837; x_wconf 79' lang='grc' dir='ltr'>παντὸς</span> <span class='ocrx_word' id='word_1_121' title='bbox 641 805 689 833; x_wconf 73' lang='grc' dir='ltr'>ἴτω</span> <span class='ocrx_word' id='word_1_122' title='bbox 705 806 783 840; x_wconf 81' lang='grc' dir='ltr'>λόγος</span> <span class='ocrx_word' id='word_1_123' title='bbox 794 808 841 834; x_wconf 86' lang='grc' dir='ltr'>τοῦ</span> 
     </span>
    </p>
   </div>
   <div class='ocr_carea' id='block_1_19' title="bbox 66 848 841 887">
    <p class='ocr_par' dir='ltr' id='par_1_19' title="bbox 66 848 841 887">
     <span class='ocr_line' id='line_1_19' title="bbox 66 848 841 887; baseline 0.008 -13"><span class='ocrx_word' id='word_1_124' title='bbox 66 848 252 884; x_wconf 79' lang='grc' dir='ltr'>προκόπτοντος</span> <span class='ocrx_word' id='word_1_125' title='bbox 285 850 468 884; x_wconf 84' lang='grc' dir='ltr'><strong>σωματικῶς·</strong></span> <span class='ocrx_word' id='word_1_126' title='bbox 494 850 562 877; x_wconf 81' lang='grc' dir='ltr'>ἀλλὰ</span> <span class='ocrx_word' id='word_1_127' title='bbox 594 851 647 886; x_wconf 81' lang='grc' dir='ltr'>μὴν</span> <span class='ocrx_word' id='word_1_128' title='bbox 674 852 724 887; x_wconf 83' lang='grc' dir='ltr'><strong>οὐχ</strong></span> <span class='ocrx_word' id='word_1_129' title='bbox 754 852 841 880; x_wconf 74' lang='grc' dir='ltr'>ἅπασι</span> 
     </span>
    </p>
   </div>
   <div class='ocr_carea' id='block_1_20' title="bbox 66 892 881 932">
    <p class='ocr_par' dir='ltr' id='par_1_20' title="bbox 66 892 881 932">
     <span class='ocr_line' id='line_1_20' title="bbox 66 892 881 932; baseline 0.007 -13"><span class='ocrx_word' id='word_1_130' title='bbox 66 894 112 924; x_wconf 80' lang='grc' dir='ltr'>τοῖς</span> <span class='ocrx_word' id='word_1_131' title='bbox 122 894 159 924; x_wconf 84' lang='grc' dir='ltr'><strong>είς</strong></span> <span class='ocrx_word' id='word_1_132' title='bbox 184 892 302 928; x_wconf 77' lang='grc' dir='ltr'>αῠξησιν</span> <span class='ocrx_word' id='word_1_133' title='bbox 320 894 371 930; x_wconf 84' lang='grc' dir='ltr'>τὴν</span> <span class='ocrx_word' id='word_1_134' title='bbox 392 895 549 931; x_wconf 81' lang='grc' dir='ltr'>σωματικὴν</span> <span class='ocrx_word' id='word_1_135' title='bbox 571 896 718 932; x_wconf 81' lang='grc' dir='ltr'>ἀναφοιτᾷν</span> <span class='ocrx_word' id='word_1_136' title='bbox 734 897 842 925; x_wconf 76' lang='grc' dir='ltr'><strong>εἰωθόσι</strong></span> <span class='ocrx_word' id='word_1_137' title='bbox 860 894 881 921; x_wconf 74' lang='grc' dir='ltr'><strong>Β</strong></span> 
     </span>
    </p>
   </div>
   <div class='ocr_carea' id='block_1_21' title="bbox 67 937 842 975">
    <p class='ocr_par' dir='ltr' id='par_1_21' title="bbox 67 937 842 975">
     <span class='ocr_line' id='line_1_21' title="bbox 67 937 842 975; baseline 0.005 -11"><span class='ocrx_word' id='word_1_138' title='bbox 67 939 91 964; x_wconf 72' lang='grc' dir='ltr'><strong>τὸ</strong></span> <span class='ocrx_word' id='word_1_139' title='bbox 113 939 229 974; x_wconf 74' lang='grc' dir='ltr'>ἱερᾶσθαι</span> <span class='ocrx_word' id='word_1_140' title='bbox 258 938 382 973; x_wconf 83' lang='grc' dir='ltr'><strong>πρέπει·</strong></span> <span class='ocrx_word' id='word_1_141' title='bbox 402 939 462 971; x_wconf 80' lang='grc' dir='ltr'>πῶς</span> <span class='ocrx_word' id='word_1_142' title='bbox 479 937 526 967; x_wconf 79' lang='grc' dir='ltr'>οὖν</span> <span class='ocrx_word' id='word_1_143' title='bbox 556 941 623 975; x_wconf 78' lang='grc' dir='ltr'>ἡμῖν</span> <span class='ocrx_word' id='word_1_144' title='bbox 646 941 686 972; x_wconf 85' lang='grc' dir='ltr'><strong>είς</strong></span> <span class='ocrx_word' id='word_1_145' title='bbox 706 941 842 974; x_wconf 80' lang='grc' dir='ltr'>ἀπόδειξιν</span> 
     </span>
    </p>
   </div>
   <div class='ocr_carea' id='block_1_22' title="bbox 65 981 843 1023">
    <p class='ocr_par' dir='ltr' id='par_1_22' title="bbox 65 981 843 1023">
     <span class='ocr_line' id='line_1_22' title="bbox 65 981 843 1023; baseline 0.005 -12"><span class='ocrx_word' id='word_1_146' title='bbox 65 981 96 1011; x_wconf 80' lang='grc' dir='ltr'>ὧν</span> <span class='ocrx_word' id='word_1_147' title='bbox 117 985 180 1020; x_wconf 69' lang='grc' dir='ltr'>ἔφης</span> <span class='ocrx_word' id='word_1_148' title='bbox 198 985 366 1020; x_wconf 72' lang='grc' dir='ltr'>παρατιθεὶς</span> <span class='ocrx_word' id='word_1_149' title='bbox 392 986 442 1013; x_wconf 76' lang='grc' dir='ltr'>οὐκ</span> <span class='ocrx_word' id='word_1_150' title='bbox 461 986 606 1022; x_wconf 81' lang='grc' dir='ltr'>ἐρυθριᾷς,</span> <span class='ocrx_word' id='word_1_151' title='bbox 627 987 658 1014; x_wconf 85' lang='grc' dir='ltr'><strong>τὸ</strong></span> <span class='ocrx_word' id='word_1_152' title='bbox 683 988 728 1014; x_wconf 76' lang='grc' dir='ltr'><strong>διὰ</strong></span> <span class='ocrx_word' id='word_1_153' title='bbox 750 988 843 1023; x_wconf 81' lang='grc' dir='ltr'><strong>φωνῆς</strong></span> 
     </span>
    </p>
   </div>
   <div class='ocr_carea' id='block_1_23' title="bbox 67 1030 842 1068">
    <p class='ocr_par' dir='ltr' id='par_1_23' title="bbox 67 1030 842 1068">
     <span class='ocr_line' id='line_1_23' title="bbox 67 1030 842 1068; baseline 0.005 -12"><span class='ocrx_word' id='word_1_154' title='bbox 67 1030 192 1065; x_wconf 79' lang='grc' dir='ltr'>εἰρημένον</span> <span class='ocrx_word' id='word_1_155' title='bbox 207 1030 256 1056; x_wconf 79' lang='grc' dir='ltr'>τοῦ</span> <span class='ocrx_word' id='word_1_156' title='bbox 280 1030 429 1058; x_wconf 78' lang='grc' dir='ltr'>θεσπεσίου</span> <span class='ocrx_word' id='word_1_157' title='bbox 445 1032 537 1058; x_wconf 76' lang='grc' dir='ltr'>Λουκᾶ</span> <span class='ocrx_word' id='word_1_158' title='bbox 549 1040 556 1046; x_wconf 70' lang='grc' dir='ltr'><strong>ο</strong></span> <span class='ocrx_word' id='word_1_159' title='bbox 583 1041 593 1058; x_wconf 77' lang='grc' dir='ltr'><strong>ι</strong></span> <span class='ocrx_word' id='word_1_160' title='bbox 613 1033 715 1068; x_wconf 82' lang='grc' dir='ltr'>Ἰησοῦς</span> <span class='ocrx_word' id='word_1_161' title='bbox 734 1033 762 1060; x_wconf 86' lang='grc' dir='ltr'>δὲ</span> <span class='ocrx_word' id='word_1_162' title='bbox 776 1042 842 1068; x_wconf 84' lang='grc' dir='ltr'>προ-</span> 
     </span>
    </p>
   </div>
   <div class='ocr_carea' id='block_1_24' title="bbox 65 1076 840 1116">
    <p class='ocr_par' dir='ltr' id='par_1_24' title="bbox 65 1076 840 1116">
     <span class='ocr_line' id='line_1_24' title="bbox 65 1076 840 1116; baseline 0.006 -15"><span class='ocrx_word' id='word_1_163' title='bbox 65 1076 163 1102; x_wconf 79' lang='grc' dir='ltr'>έκοπτεν</span> <span class='ocrx_word' id='word_1_164' title='bbox 174 1076 267 1111; x_wconf 78' lang='grc' dir='ltr'>ἡλικίᾳ</span> <span class='ocrx_word' id='word_1_165' title='bbox 280 1077 333 1103; x_wconf 80' lang='grc' dir='ltr'>καὶ</span> <span class='ocrx_word' id='word_1_166' title='bbox 348 1077 429 1113; x_wconf 82' lang='grc' dir='ltr'>σοφίᾳ</span> <span class='ocrx_word' id='word_1_167' title='bbox 440 1078 485 1104; x_wconf 80' lang='grc' dir='ltr'>καὶ</span> <span class='ocrx_word' id='word_1_168' title='bbox 496 1079 588 1114; x_wconf 82' lang='grc' dir='ltr'>χάριτι</span> <span class='ocrx_word' id='word_1_169' title='bbox 599 1087 607 1112; x_wconf 87' lang='lat'><strong>;</strong></span> <span class='ocrx_word' id='word_1_170' title='bbox 623 1088 632 1104; x_wconf 81' lang='grc' dir='ltr'><strong>ι</strong></span> <span class='ocrx_word' id='word_1_171' title='bbox 650 1079 718 1106; x_wconf 83' lang='grc' dir='ltr'>Ἀλλ’</span> <span class='ocrx_word' id='word_1_172' title='bbox 734 1079 772 1111; x_wconf 86' lang='grc' dir='ltr'>ὡς</span> <span class='ocrx_word' id='word_1_173' title='bbox 784 1079 840 1116; x_wconf 79' lang='grc' dir='ltr'><strong>[ἷσ.</strong></span> 
     </span>
    </p>
   </div>
   <div class='ocr_carea' id='block_1_25' title="bbox 66 1122 842 1160">
    <p class='ocr_par' dir='ltr' id='par_1_25' title="bbox 66 1122 842 1160">
     <span class='ocr_line' id='line_1_25' title="bbox 66 1122 842 1160; baseline 0.006 -11"><span class='ocrx_word' id='word_1_174' title='bbox 66 1122 108 1158; x_wconf 78' lang='grc' dir='ltr'>εἰς]</span> <span class='ocrx_word' id='word_1_175' title='bbox 125 1122 215 1157; x_wconf 76' lang='grc' dir='ltr'>σοφίαν</span> <span class='ocrx_word' id='word_1_176' title='bbox 230 1122 285 1158; x_wconf 78' lang='grc' dir='ltr'>φὴς</span> <span class='ocrx_word' id='word_1_177' title='bbox 304 1123 433 1157; x_wconf 80' lang='grc' dir='ltr'>γενέσθαι</span> <span class='ocrx_word' id='word_1_178' title='bbox 455 1124 502 1160; x_wconf 81' lang='grc' dir='ltr'>τὴν</span> <span class='ocrx_word' id='word_1_179' title='bbox 519 1125 652 1152; x_wconf 81' lang='grc' dir='ltr'>ἐπίδοσιν·</span> <span class='ocrx_word' id='word_1_180' title='bbox 670 1127 758 1153; x_wconf 85' lang='grc' dir='ltr'>καίτοι</span> <span class='ocrx_word' id='word_1_181' title='bbox 783 1127 842 1160; x_wconf 83' lang='grc' dir='ltr'>πῶς</span> 
     </span>
    </p>
   </div>
   <div class='ocr_carea' id='block_1_26' title="bbox 65 1167 842 1206">
    <p class='ocr_par' dir='ltr' id='par_1_26' title="bbox 65 1167 842 1206">
     <span class='ocr_line' id='line_1_26' title="bbox 65 1167 842 1206; baseline 0.006 -13"><span class='ocrx_word' id='word_1_182' title='bbox 65 1167 131 1193; x_wconf 79' lang='grc' dir='ltr'>τοῦτο</span> <span class='ocrx_word' id='word_1_183' title='bbox 145 1167 192 1194; x_wconf 86' lang='grc' dir='ltr'>οὐκ</span> <span class='ocrx_word' id='word_1_184' title='bbox 215 1167 347 1201; x_wconf 73' lang='grc' dir='ltr'>ἀμαθέςς</span> <span class='ocrx_word' id='word_1_185' title='bbox 372 1168 598 1205; x_wconf 86' lang='grc' dir='ltr'>Πεπιστεύκαμεν</span> <span class='ocrx_word' id='word_1_186' title='bbox 620 1170 674 1206; x_wconf 87' lang='grc' dir='ltr'><strong>γὰρ</strong></span> <span class='ocrx_word' id='word_1_187' title='bbox 698 1171 730 1198; x_wconf 82' lang='grc' dir='ltr'>ὲκ</span> <span class='ocrx_word' id='word_1_188' title='bbox 746 1171 842 1206; x_wconf 80' lang='grc' dir='ltr'><strong>νηδύος</strong></span> 
     </span>
    </p>
   </div>
   <div class='ocr_carea' id='block_1_27' title="bbox 67 1214 841 1252">
    <p class='ocr_par' dir='ltr' id='par_1_27' title="bbox 67 1214 841 1252">
     <span class='ocr_line' id='line_1_27' title="bbox 67 1214 841 1252; baseline 0.005 -11"><span class='ocrx_word' id='word_1_189' title='bbox 67 1214 137 1248; x_wconf 77' lang='grc' dir='ltr'>αὐτῆς</span> <span class='ocrx_word' id='word_1_190' title='bbox 159 1214 204 1240; x_wconf 65' lang='grc' dir='ltr'><strong>καὶ</strong></span> <span class='ocrx_word' id='word_1_191' title='bbox 227 1214 341 1249; x_wconf 76' lang='grc' dir='ltr'>μήτρας</span> <span class='ocrx_word' id='word_1_192' title='bbox 362 1214 411 1250; x_wconf 84' lang='grc' dir='ltr'>τῆς</span> <span class='ocrx_word' id='word_1_193' title='bbox 434 1215 600 1252; x_wconf 84' lang='grc' dir='ltr'>παρθενικῆς</span> <span class='ocrx_word' id='word_1_194' title='bbox 623 1217 688 1243; x_wconf 81' lang='grc' dir='ltr'>Θεὸν</span> <span class='ocrx_word' id='word_1_195' title='bbox 704 1217 768 1245; x_wconf 77' lang='grc' dir='ltr'>ὄντα</span> <span class='ocrx_word' id='word_1_196' title='bbox 795 1218 841 1245; x_wconf 67' lang='grc' dir='ltr'><strong>τὸν</strong></span> 
     </span>
    </p>
   </div>
   <div class='ocr_carea' id='block_1_28' title="bbox 71 1260 841 1299">
    <p class='ocr_par' dir='ltr' id='par_1_28' title="bbox 71 1260 841 1299">
     <span class='ocr_line' id='line_1_28' title="bbox 71 1260 841 1299; baseline 0.006 -13"><span class='ocrx_word' id='word_1_197' title='bbox 71 1260 236 1294; x_wconf 76' lang='grc' dir='ltr'>Ἐμμανουὴλ,</span> <span class='ocrx_word' id='word_1_198' title='bbox 255 1260 405 1295; x_wconf 80' lang='grc' dir='ltr'>ἄνθρωπον</span> <span class='ocrx_word' id='word_1_199' title='bbox 426 1261 576 1296; x_wconf 80' lang='grc' dir='ltr'>προελθεῖν,</span> <span class='ocrx_word' id='word_1_200' title='bbox 595 1263 685 1299; x_wconf 78' lang='grc' dir='ltr'>πλήρη</span> <span class='ocrx_word' id='word_1_201' title='bbox 698 1272 749 1290; x_wconf 75' lang='grc' dir='ltr'>που</span> <span class='ocrx_word' id='word_1_202' title='bbox 773 1265 841 1291; x_wconf 80' lang='grc' dir='ltr'>πάν-</span> 
     </span>
    </p>
   </div>
   <div class='ocr_carea' id='block_1_29' title="bbox 67 1305 839 1345">
    <p class='ocr_par' dir='ltr' id='par_1_29' title="bbox 67 1305 839 1345">
     <span class='ocr_line' id='line_1_29' title="bbox 67 1305 839 1345; baseline 0.006 -13"><span class='ocrx_word' id='word_1_203' title='bbox 67 1315 109 1337; x_wconf 77' lang='grc' dir='ltr'><strong>τως</strong></span> <span class='ocrx_word' id='word_1_204' title='bbox 121 1305 207 1341; x_wconf 70' lang='grc' dir='ltr'>σοφίας</span> <span class='ocrx_word' id='word_1_205' title='bbox 223 1308 270 1334; x_wconf 81' lang='grc' dir='ltr'>καὶ</span> <span class='ocrx_word' id='word_1_206' title='bbox 287 1307 405 1342; x_wconf 79' lang='grc' dir='ltr'>χάριτος</span> <span class='ocrx_word' id='word_1_207' title='bbox 423 1307 473 1342; x_wconf 81' lang='grc' dir='ltr'>τῆς</span> <span class='ocrx_word' id='word_1_208' title='bbox 489 1309 603 1344; x_wconf 75' lang='grc' dir='ltr'>ἐνούσης</span> <span class='ocrx_word' id='word_1_209' title='bbox 619 1310 694 1345; x_wconf 83' lang='grc' dir='ltr'><strong>αύτῷ</strong></span> <span class='ocrx_word' id='word_1_210' title='bbox 707 1311 839 1344; x_wconf 81' lang='grc' dir='ltr'>φυσικῶς.</span> 
     </span>
    </p>
   </div>
   <div class='ocr_carea' id='block_1_30' title="bbox 67 1352 840 1390">
    <p class='ocr_par' dir='ltr' id='par_1_30' title="bbox 67 1352 840 1390">
     <span class='ocr_line' id='line_1_30' title="bbox 67 1352 840 1390; baseline 0.005 -10"><span class='ocrx_word' id='word_1_211' title='bbox 67 1354 134 1381; x_wconf 77' lang='grc' dir='ltr'>Ποίαν</span> <span class='ocrx_word' id='word_1_212' title='bbox 145 1352 189 1380; x_wconf 75' lang='grc' dir='ltr'>οὖν</span> <span class='ocrx_word' id='word_1_213' title='bbox 197 1353 355 1386; x_wconf 76' lang='grc' dir='ltr'>ἐπιδέξαι-το</span> <span class='ocrx_word' id='word_1_214' title='bbox 366 1353 415 1390; x_wconf 86' lang='grc' dir='ltr'>τὴν</span> <span class='ocrx_word' id='word_1_215' title='bbox 426 1354 546 1381; x_wconf 77' lang='grc' dir='ltr'>ἐπίδοσιν</span> <span class='ocrx_word' id='word_1_216' title='bbox 559 1355 573 1381; x_wconf 85' lang='grc' dir='ltr'>ὁ</span> <span class='ocrx_word' id='word_1_217' title='bbox 586 1356 615 1381; x_wconf 81' lang='grc' dir='ltr'><strong>ἐν</strong></span> <span class='ocrx_word' id='word_1_218' title='bbox 627 1352 649 1389; x_wconf 84' lang='grc' dir='ltr'>ᾧ</span> <span class='ocrx_word' id='word_1_219' title='bbox 661 1357 761 1388; x_wconf 85' lang='grc' dir='ltr'>πάντες</span> <span class='ocrx_word' id='word_1_220' title='bbox 772 1358 840 1384; x_wconf 63' lang='lat' dir='ltr'><strong>statu</strong></span> 
     </span>
    </p>
   </div>
   <div class='ocr_carea' id='block_1_31' title="bbox 67 1400 841 1438">
    <p class='ocr_par' dir='ltr' id='par_1_31' title="bbox 67 1400 841 1438">
     <span class='ocr_line' id='line_1_31' title="bbox 67 1400 841 1438; baseline 0.004 -11"><span class='ocrx_word' id='word_1_221' title='bbox 67 1400 87 1427; x_wconf 75' lang='grc' dir='ltr'>οἱ</span> <span class='ocrx_word' id='word_1_222' title='bbox 101 1400 221 1435; x_wconf 73' lang='grc' dir='ltr'>θησαυροὶ</span> <span class='ocrx_word' id='word_1_223' title='bbox 242 1400 294 1434; x_wconf 85' lang='grc' dir='ltr'>τῆς</span> <span class='ocrx_word' id='word_1_224' title='bbox 314 1400 420 1434; x_wconf 82' lang='grc' dir='ltr'>σοφίας.</span> <span class='ocrx_word' id='word_1_225' title='bbox 435 1401 449 1427; x_wconf 82' lang='grc' dir='ltr'>ὁ</span> <span class='ocrx_word' id='word_1_226' title='bbox 461 1400 511 1435; x_wconf 81' lang='grc' dir='ltr'>τῆς</span> <span class='ocrx_word' id='word_1_227' title='bbox 531 1401 634 1428; x_wconf 80' lang='grc' dir='ltr'>ἀνωθεν</span> <span class='ocrx_word' id='word_1_228' title='bbox 649 1403 760 1438; x_wconf 81' lang='grc' dir='ltr'>χάριτος</span> <span class='ocrx_word' id='word_1_229' title='bbox 776 1412 841 1430; x_wconf 84' lang='grc' dir='ltr'>συν-</span> 
     </span>
    </p>
   </div>
   <div class='ocr_carea' id='block_1_32' title="bbox 68 1445 842 1483">
    <p class='ocr_par' dir='ltr' id='par_1_32' title="bbox 68 1445 842 1483">
     <span class='ocr_line' id='line_1_32' title="bbox 68 1445 842 1483; baseline 0.005 -11"><span class='ocrx_word' id='word_1_230' title='bbox 68 1447 134 1482; x_wconf 74' lang='grc' dir='ltr'>δοτὴρ</span> <span class='ocrx_word' id='word_1_231' title='bbox 148 1445 184 1481; x_wconf 78' lang='grc' dir='ltr'>τῷ</span> <span class='ocrx_word' id='word_1_232' title='bbox 202 1445 260 1481; x_wconf 88' lang='grc' dir='ltr'><strong>Θεῷ</strong></span> <span class='ocrx_word' id='word_1_233' title='bbox 280 1447 332 1473; x_wconf 79' lang='grc' dir='ltr'>καὶ</span> <span class='ocrx_word' id='word_1_234' title='bbox 347 1446 451 1482; x_wconf 72' lang='grc' dir='ltr'>Πατρίς</span> <span class='ocrx_word' id='word_1_235' title='bbox 467 1446 530 1478; x_wconf 85' lang='grc' dir='ltr'><strong>Πῶς</strong></span> <span class='ocrx_word' id='word_1_236' title='bbox 544 1445 589 1473; x_wconf 88' lang='grc' dir='ltr'><strong>οὗν</strong></span> <span class='ocrx_word' id='word_1_237' title='bbox 602 1448 656 1482; x_wconf 85' lang='grc' dir='ltr'>ἄρα</span> <span class='ocrx_word' id='word_1_238' title='bbox 675 1449 842 1483; x_wconf 77' lang='grc' dir='ltr'>προκόπτειν</span> 
     </span>
    </p>
   </div>
   <div class='ocr_carea' id='block_1_33' title="bbox 70 1491 841 1528">
    <p class='ocr_par' dir='ltr' id='par_1_33' title="bbox 70 1491 841 1528">
     <span class='ocr_line' id='line_1_33' title="bbox 70 1491 841 1528; baseline 0.004 -8"><span class='ocrx_word' id='word_1_239' title='bbox 70 1493 175 1528; x_wconf 75' lang='grc' dir='ltr'>εἰρηταις</span> <span class='ocrx_word' id='word_1_240' title='bbox 189 1493 430 1528; x_wconf 78' lang='grc' dir='ltr'>Συμμετροῦντος,</span> <span class='ocrx_word' id='word_1_241' title='bbox 442 1493 479 1525; x_wconf 86' lang='grc' dir='ltr'>ῶς</span> <span class='ocrx_word' id='word_1_242' title='bbox 495 1502 527 1527; x_wconf 87' lang='grc' dir='ltr'><strong>γε</strong></span> <span class='ocrx_word' id='word_1_243' title='bbox 540 1491 627 1528; x_wconf 79' lang='grc' dir='ltr'>οἶμαι,</span> <span class='ocrx_word' id='word_1_244' title='bbox 648 1494 693 1520; x_wconf 83' lang='grc' dir='ltr'>τοῦ</span> <span class='ocrx_word' id='word_1_245' title='bbox 711 1495 778 1521; x_wconf 82' lang='grc' dir='ltr'>Θεοῦ</span> <span class='ocrx_word' id='word_1_246' title='bbox 789 1496 841 1523; x_wconf 83' lang='grc' dir='ltr'>Λό-</span> 
     </span>
    </p>
   </div>
   <div class='ocr_carea' id='block_1_34' title="bbox 70 1539 839 1578">
    <p class='ocr_par' dir='ltr' id='par_1_34' title="bbox 70 1539 839 1578">
     <span class='ocr_line' id='line_1_34' title="bbox 70 1539 839 1578; baseline 0.007 -14"><span class='ocrx_word' id='word_1_247' title='bbox 70 1548 117 1573; x_wconf 76' lang='grc' dir='ltr'>γου,</span> <span class='ocrx_word' id='word_1_248' title='bbox 131 1541 160 1574; x_wconf 75' lang='grc' dir='ltr'>τῇ</span> <span class='ocrx_word' id='word_1_249' title='bbox 173 1539 217 1565; x_wconf 85' lang='grc' dir='ltr'><strong>τοῦ</strong></span> <span class='ocrx_word' id='word_1_250' title='bbox 243 1539 310 1566; x_wconf 81' lang='grc' dir='ltr'>ἰδίου</span> <span class='ocrx_word' id='word_1_251' title='bbox 329 1539 458 1574; x_wconf 84' lang='grc' dir='ltr'>σώματος</span> <span class='ocrx_word' id='word_1_252' title='bbox 472 1540 541 1576; x_wconf 78' lang='grc' dir='ltr'><strong>αὔξῃ</strong></span> <span class='ocrx_word' id='word_1_253' title='bbox 555 1549 585 1567; x_wconf 79' lang='grc' dir='ltr'><strong>τε</strong></span> <span class='ocrx_word' id='word_1_254' title='bbox 605 1541 653 1567; x_wconf 72' lang='grc' dir='ltr'>καὶ</span> <span class='ocrx_word' id='word_1_255' title='bbox 671 1541 773 1578; x_wconf 74' lang='grc' dir='ltr'>ἡλικίᾳ,</span> <span class='ocrx_word' id='word_1_256' title='bbox 785 1542 839 1570; x_wconf 87' lang='grc' dir='ltr'>τῶν</span> 
     </span>
    </p>
   </div>
   <div class='ocr_carea' id='block_1_35' title="bbox 71 1585 837 1623">
    <p class='ocr_par' dir='ltr' id='par_1_35' title="bbox 71 1585 837 1623">
     <span class='ocr_line' id='line_1_35' title="bbox 71 1585 837 1623; baseline 0.004 -10"><span class='ocrx_word' id='word_1_257' title='bbox 71 1585 164 1613; x_wconf 71' lang='grc' dir='ltr'>ἐνόντων</span> <span class='ocrx_word' id='word_1_258' title='bbox 174 1585 246 1620; x_wconf 81' lang='grc' dir='ltr'>αὑτῷ</span> <span class='ocrx_word' id='word_1_259' title='bbox 257 1585 504 1621; x_wconf 81' lang='grc' dir='ltr'>θεοπρεπεπάτων</span> <span class='ocrx_word' id='word_1_260' title='bbox 516 1587 625 1621; x_wconf 87' lang='grc' dir='ltr'>ἀγαθῶν</span> <span class='ocrx_word' id='word_1_261' title='bbox 638 1587 686 1623; x_wconf 84' lang='grc' dir='ltr'>τὴν</span> <span class='ocrx_word' id='word_1_262' title='bbox 697 1588 837 1623; x_wconf 77' lang='grc' dir='ltr'>ἐκφανσιν.</span> 
     </span>
    </p>
   </div>
   <div class='ocr_carea' id='block_1_36' title="bbox 76 1630 839 1668">
    <p class='ocr_par' dir='ltr' id='par_1_36' title="bbox 76 1630 839 1668">
     <span class='ocr_line' id='line_1_36' title="bbox 76 1630 839 1668; baseline 0.007 -11"><span class='ocrx_word' id='word_1_263' title='bbox 76 1631 204 1666; x_wconf 79' lang='grc' dir='ltr'>Ἐννοῶμεν</span> <span class='ocrx_word' id='word_1_264' title='bbox 226 1630 280 1666; x_wconf 74' lang='grc' dir='ltr'><strong>γὰρ</strong></span> <span class='ocrx_word' id='word_1_265' title='bbox 293 1631 348 1661; x_wconf 82' lang='grc' dir='ltr'>ὅτι,</span> <span class='ocrx_word' id='word_1_266' title='bbox 371 1631 460 1658; x_wconf 84' lang='grc' dir='ltr'>καίτοι</span> <span class='ocrx_word' id='word_1_267' title='bbox 485 1633 545 1659; x_wconf 86' lang='grc' dir='ltr'>καθ’</span> <span class='ocrx_word' id='word_1_268' title='bbox 567 1634 640 1668; x_wconf 82' lang='grc' dir='ltr'>ἡμᾶς</span> <span class='ocrx_word' id='word_1_269' title='bbox 659 1634 779 1668; x_wconf 87' lang='grc' dir='ltr'>γεγονὼς</span> <span class='ocrx_word' id='word_1_270' title='bbox 792 1635 839 1662; x_wconf 78' lang='grc' dir='ltr'><strong>ἄν-</strong></span> 
     </span>
    </p>
   </div>
   <div class='ocr_carea' id='block_1_37' title="bbox 71 1677 841 1714">
    <p class='ocr_par' dir='ltr' id='par_1_37' title="bbox 71 1677 841 1714">
     <span class='ocr_line' id='line_1_37' title="bbox 71 1677 841 1714; baseline 0.005 -10"><span class='ocrx_word' id='word_1_271' title='bbox 71 1677 169 1712; x_wconf 74' lang='grc' dir='ltr'>θρωπος,</span> <span class='ocrx_word' id='word_1_272' title='bbox 189 1677 333 1704; x_wconf 82' lang='grc' dir='ltr'>λανθάνειν</span> <span class='ocrx_word' id='word_1_273' title='bbox 357 1677 522 1710; x_wconf 75' lang='grc' dir='ltr'>ἐσπούδαζεν</span> <span class='ocrx_word' id='word_1_274' title='bbox 544 1679 573 1706; x_wconf 83' lang='grc' dir='ltr'><strong>ἐν</strong></span> <span class='ocrx_word' id='word_1_275' title='bbox 589 1680 688 1714; x_wconf 82' lang='grc' dir='ltr'><strong>ἀρχαῖς</strong></span> <span class='ocrx_word' id='word_1_276' title='bbox 699 1700 706 1711; x_wconf 88' lang='grc'><strong>.</strong></span> <span class='ocrx_word' id='word_1_277' title='bbox 723 1681 771 1708; x_wconf 85' lang='grc' dir='ltr'><strong>καὶ</strong></span> <span class='ocrx_word' id='word_1_278' title='bbox 784 1679 841 1708; x_wconf 73' lang='grc' dir='ltr'>οἷον</span> 
     </span>
    </p>
   </div>
   <div class='ocr_carea' id='block_1_38' title="bbox 73 1723 840 1761">
    <p class='ocr_par' dir='ltr' id='par_1_38' title="bbox 73 1723 840 1761">
     <span class='ocr_line' id='line_1_38' title="bbox 73 1723 840 1761; baseline 0.008 -13"><span class='ocrx_word' id='word_1_279' title='bbox 73 1723 173 1758; x_wconf 64' lang='grc' dir='ltr'>ἀψοφητὶ</span> <span class='ocrx_word' id='word_1_280' title='bbox 193 1723 239 1750; x_wconf 75' lang='grc' dir='ltr'>καὶ</span> <span class='ocrx_word' id='word_1_281' title='bbox 253 1723 447 1759; x_wconf 77' lang='grc' dir='ltr'>σεσιγημένως</span> <span class='ocrx_word' id='word_1_282' title='bbox 462 1724 510 1760; x_wconf 84' lang='grc' dir='ltr'>τὴν</span> <span class='ocrx_word' id='word_1_283' title='bbox 528 1724 574 1751; x_wconf 83' lang='grc' dir='ltr'>τοῦ</span> <span class='ocrx_word' id='word_1_284' title='bbox 591 1726 741 1761; x_wconf 82' lang='grc' dir='ltr'><strong>μυστηρίου</strong></span> <span class='ocrx_word' id='word_1_285' title='bbox 759 1727 840 1754; x_wconf 83' lang='grc' dir='ltr'>δύνα-</span> 
     </span>
    </p>
   </div>
   <div class='ocr_carea' id='block_1_39' title="bbox 73 1769 841 1806">
    <p class='ocr_par' dir='ltr' id='par_1_39' title="bbox 73 1769 841 1806">
     <span class='ocr_line' id='line_1_39' title="bbox 73 1769 841 1806; baseline 0.005 -10"><span class='ocrx_word' id='word_1_286' title='bbox 73 1778 108 1803; x_wconf 83' lang='grc' dir='ltr'><strong>μιν</strong></span> <span class='ocrx_word' id='word_1_287' title='bbox 124 1769 188 1796; x_wconf 82' lang='grc' dir='ltr'>κατὰ</span> <span class='ocrx_word' id='word_1_288' title='bbox 208 1769 293 1805; x_wconf 78' lang='grc' dir='ltr'>βραχὺ</span> <span class='ocrx_word' id='word_1_289' title='bbox 317 1769 522 1804; x_wconf 85' lang='grc' dir='ltr'>διοικούμενος·</span> <span class='ocrx_word' id='word_1_290' title='bbox 538 1771 585 1797; x_wconf 78' lang='grc' dir='ltr'><strong>καὶ</strong></span> <span class='ocrx_word' id='word_1_291' title='bbox 607 1771 676 1806; x_wconf 78' lang='grc' dir='ltr'>πρός</span> <span class='ocrx_word' id='word_1_292' title='bbox 703 1780 734 1806; x_wconf 85' lang='grc' dir='ltr'><strong>γε</strong></span> <span class='ocrx_word' id='word_1_293' title='bbox 762 1772 841 1800; x_wconf 80' lang='grc' dir='ltr'>τοῦτο</span> 
     </span>
    </p>
   </div>
   <div class='ocr_carea' id='block_1_40' title="bbox 71 1815 840 1852">
    <p class='ocr_par' dir='ltr' id='par_1_40' title="bbox 71 1815 840 1852">
     <span class='ocr_line' id='line_1_40' title="bbox 71 1815 840 1852; baseline 0.007 -11"><span class='ocrx_word' id='word_1_294' title='bbox 71 1816 131 1849; x_wconf 78' lang='grc' dir='ltr'>ἡμᾶς</span> <span class='ocrx_word' id='word_1_295' title='bbox 149 1815 224 1847; x_wconf 73' lang='grc' dir='ltr'>αὐτὸς</span> <span class='ocrx_word' id='word_1_296' title='bbox 247 1817 262 1842; x_wconf 85' lang='grc' dir='ltr'><strong>ὀ</strong></span> <span class='ocrx_word' id='word_1_297' title='bbox 276 1816 347 1848; x_wconf 82' lang='grc' dir='ltr'>Θεὸς</span> <span class='ocrx_word' id='word_1_298' title='bbox 364 1817 412 1843; x_wconf 80' lang='grc' dir='ltr'>καὶ</span> <span class='ocrx_word' id='word_1_299' title='bbox 427 1817 522 1852; x_wconf 87' lang='grc' dir='ltr'>Πατὴρ</span> <span class='ocrx_word' id='word_1_300' title='bbox 550 1817 717 1845; x_wconf 84' lang='grc' dir='ltr'>πιστώσεται</span> <span class='ocrx_word' id='word_1_301' title='bbox 733 1819 820 1852; x_wconf 84' lang='grc' dir='ltr'>λέγων</span> <span class='ocrx_word' id='word_1_302' title='bbox 831 1828 840 1835; x_wconf 71' lang='grc'>⁸</span> 
     </span>
    </p>
   </div>
   <div class='ocr_carea' id='block_1_41' title="bbox 74 1861 842 1900">
    <p class='ocr_par' dir='ltr' id='par_1_41' title="bbox 74 1861 842 1900">
     <span class='ocr_line' id='line_1_41' title="bbox 74 1861 842 1900; baseline 0.007 -13"><span class='ocrx_word' id='word_1_303' title='bbox 74 1870 81 1887; x_wconf 78' lang='grc' dir='ltr'><strong>ι</strong></span> <span class='ocrx_word' id='word_1_304' title='bbox 99 1861 185 1888; x_wconf 81' lang='grc' dir='ltr'>Ίακὼὸ</span> <span class='ocrx_word' id='word_1_305' title='bbox 200 1862 214 1888; x_wconf 85' lang='grc' dir='ltr'>ὁ</span> <span class='ocrx_word' id='word_1_306' title='bbox 233 1863 297 1894; x_wconf 86' lang='grc' dir='ltr'>παῖς</span> <span class='ocrx_word' id='word_1_307' title='bbox 320 1871 386 1897; x_wconf 75' lang='grc' dir='ltr'>μου,</span> <span class='ocrx_word' id='word_1_308' title='bbox 405 1863 587 1898; x_wconf 87' lang='grc' dir='ltr'>ἀντιλήψομαι</span> <span class='ocrx_word' id='word_1_309' title='bbox 610 1863 711 1890; x_wconf 83' lang='grc' dir='ltr'>αὐτοῦ·</span> <span class='ocrx_word' id='word_1_310' title='bbox 734 1865 842 1900; x_wconf 86' lang='grc' dir='ltr'>Ἰσραὴλ</span> 
     </span>
    </p>
   </div>
   <div class='ocr_carea' id='block_1_42' title="bbox 72 1910 840 1948">
    <p class='ocr_par' dir='ltr' id='par_1_42' title="bbox 72 1910 840 1948">
     <span class='ocr_line' id='line_1_42' title="bbox 72 1910 840 1948; baseline 0.003 -12"><span class='ocrx_word' id='word_1_311' title='bbox 72 1910 211 1941; x_wconf 77' lang='grc' dir='ltr'>ὁὲκλεκτός</span> <span class='ocrx_word' id='word_1_312' title='bbox 234 1919 296 1945; x_wconf 77' lang='grc' dir='ltr'>μου,</span> <span class='ocrx_word' id='word_1_313' title='bbox 329 1910 510 1948; x_wconf 74' lang='grc' dir='ltr'>προσεδέξατο</span> <span class='ocrx_word' id='word_1_314' title='bbox 533 1910 615 1937; x_wconf 75' lang='grc' dir='ltr'>αὐτὸν</span> <span class='ocrx_word' id='word_1_315' title='bbox 679 1911 752 1947; x_wconf 86' lang='grc' dir='ltr'>ψυχή</span> <span class='ocrx_word' id='word_1_316' title='bbox 771 1921 840 1947; x_wconf 85' lang='grc' dir='ltr'>μου·</span> 
     </span>
    </p>
   </div>
   <div class='ocr_carea' id='block_1_43' title="bbox 72 1956 842 1992">
    <p class='ocr_par' dir='ltr' id='par_1_43' title="bbox 72 1956 842 1992">
     <span class='ocr_line' id='line_1_43' title="bbox 72 1956 842 1992; baseline 0.005 -10"><span class='ocrx_word' id='word_1_317' title='bbox 72 1956 143 1982; x_wconf 76' lang='grc' dir='ltr'>ἔδωκα</span> <span class='ocrx_word' id='word_1_318' title='bbox 158 1956 185 1982; x_wconf 75' lang='grc' dir='ltr'><strong>τὸ</strong></span> <span class='ocrx_word' id='word_1_319' title='bbox 194 1957 302 1992; x_wconf 77' lang='grc' dir='ltr'>πνεῦμά</span> <span class='ocrx_word' id='word_1_320' title='bbox 325 1965 376 1991; x_wconf 82' lang='grc' dir='ltr'><strong>μου</strong></span> <span class='ocrx_word' id='word_1_321' title='bbox 387 1957 430 1982; x_wconf 78' lang='grc' dir='ltr'><strong>ἐπ’</strong></span> <span class='ocrx_word' id='word_1_322' title='bbox 447 1956 528 1983; x_wconf 82' lang='grc' dir='ltr'>αὐτόν</span> <span class='ocrx_word' id='word_1_323' title='bbox 539 1964 545 1970; x_wconf 89' lang='grc'><strong>·</strong></span> <span class='ocrx_word' id='word_1_324' title='bbox 562 1957 653 1992; x_wconf 81' lang='grc' dir='ltr'>κρίσιν</span> <span class='ocrx_word' id='word_1_325' title='bbox 667 1959 724 1989; x_wconf 80' lang='grc' dir='ltr'>τοῖς</span> <span class='ocrx_word' id='word_1_326' title='bbox 739 1959 842 1986; x_wconf 82' lang='grc' dir='ltr'>ἔθνεσιν</span> 
     </span>
    </p>
   </div>
   <div class='ocr_carea' id='block_1_44' title="bbox 73 2000 843 2039">
    <p class='ocr_par' dir='ltr' id='par_1_44' title="bbox 73 2000 843 2039">
     <span class='ocr_line' id='line_1_44' title="bbox 73 2000 843 2039; baseline 0.004 -12"><span class='ocrx_word' id='word_1_327' title='bbox 73 2000 166 2032; x_wconf 71' lang='grc' dir='ltr'>ἐξοίσει’</span> <span class='ocrx_word' id='word_1_328' title='bbox 177 2001 205 2027; x_wconf 80' lang='grc' dir='ltr'>οὐ</span> <span class='ocrx_word' id='word_1_329' title='bbox 226 2001 406 2036; x_wconf 77' lang='grc' dir='ltr'>κεκράξεται,</span> <span class='ocrx_word' id='word_1_330' title='bbox 423 2001 482 2027; x_wconf 77' lang='grc' dir='ltr'>οὐδὲ</span> <span class='ocrx_word' id='word_1_331' title='bbox 499 2001 611 2033; x_wconf 84' lang='grc' dir='ltr'>ἀνοίσει,</span> <span class='ocrx_word' id='word_1_332' title='bbox 627 2002 688 2029; x_wconf 76' lang='grc' dir='ltr'>οὐδὲ</span> <span class='ocrx_word' id='word_1_333' title='bbox 705 2003 843 2039; x_wconf 84' lang='grc' dir='ltr'>ἀκουσθή-</span> 
     </span>
    </p>
   </div>
   <div class='ocr_carea' id='block_1_45' title="bbox 74 2045 843 2084">
    <p class='ocr_par' dir='ltr' id='par_1_45' title="bbox 74 2045 843 2084">
     <span class='ocr_line' id='line_1_45' title="bbox 74 2045 843 2084; baseline 0.005 -12"><span class='ocrx_word' id='word_1_334' title='bbox 74 2048 161 2081; x_wconf 82' lang='grc' dir='ltr'>σεταιὴ</span> <span class='ocrx_word' id='word_1_335' title='bbox 180 2047 252 2082; x_wconf 81' lang='grc' dir='ltr'>φωνὴ</span> <span class='ocrx_word' id='word_1_336' title='bbox 276 2046 363 2074; x_wconf 80' lang='grc' dir='ltr'>αὑτοῦ</span> <span class='ocrx_word' id='word_1_337' title='bbox 383 2045 451 2079; x_wconf 73' lang='grc' dir='ltr'><strong>ἔξω·</strong></span> <span class='ocrx_word' id='word_1_338' title='bbox 468 2048 590 2082; x_wconf 79' lang='grc' dir='ltr'>κάλαμον</span> <span class='ocrx_word' id='word_1_339' title='bbox 612 2048 843 2084; x_wconf 73' lang='grc' dir='ltr'>συντεθλασμένον</span> 
     </span>
    </p>
   </div>
   <div class='ocr_carea' id='block_1_46' title="bbox 73 2091 844 2127">
    <p class='ocr_par' dir='ltr' id='par_1_46' title="bbox 73 2091 844 2127">
     <span class='ocr_line' id='line_1_46' title="bbox 73 2091 844 2127; baseline 0.008 -11"><span class='ocrx_word' id='word_1_340' title='bbox 73 2091 97 2117; x_wconf 77' lang='grc' dir='ltr'>οὔ</span> <span class='ocrx_word' id='word_1_341' title='bbox 107 2091 245 2127; x_wconf 68' lang='grc' dir='ltr'>συντρίψει·</span> <span class='ocrx_word' id='word_1_342' title='bbox 261 2092 309 2120; x_wconf 74' lang='grc' dir='ltr'><strong>καὶ</strong></span> <span class='ocrx_word' id='word_1_343' title='bbox 329 2092 402 2118; x_wconf 80' lang='grc' dir='ltr'>λίνον</span> <span class='ocrx_word' id='word_1_344' title='bbox 413 2092 565 2127; x_wconf 76' lang='grc' dir='ltr'>τυφόμενον</span> <span class='ocrx_word' id='word_1_345' title='bbox 588 2093 619 2119; x_wconf 84' lang='grc' dir='ltr'>οὺ</span> <span class='ocrx_word' id='word_1_346' title='bbox 632 2093 733 2121; x_wconf 75' lang='grc' dir='ltr'>σϐέσει.</span> <span class='ocrx_word' id='word_1_347' title='bbox 751 2104 761 2120; x_wconf 75' lang='grc' dir='ltr'><strong>ι</strong></span> <span class='ocrx_word' id='word_1_348' title='bbox 780 2095 844 2122; x_wconf 88' lang='grc' dir='ltr'><strong>Ἐπ-</strong></span> 
     </span>
    </p>
   </div>
   <div class='ocr_carea' id='block_1_47' title="bbox 73 2137 844 2173">
    <p class='ocr_par' dir='ltr' id='par_1_47' title="bbox 73 2137 844 2173">
     <span class='ocr_line' id='line_1_47' title="bbox 73 2137 844 2173; baseline 0.009 -11"><span class='ocrx_word' id='word_1_349' title='bbox 73 2137 141 2171; x_wconf 78' lang='grc' dir='ltr'>ετῐμα</span> <span class='ocrx_word' id='word_1_350' title='bbox 152 2137 177 2164; x_wconf 83' lang='grc' dir='ltr'><strong>δέ</strong></span> <span class='ocrx_word' id='word_1_351' title='bbox 193 2147 241 2165; x_wconf 83' lang='grc' dir='ltr'>που</span> <span class='ocrx_word' id='word_1_352' title='bbox 260 2139 308 2165; x_wconf 68' lang='grc' dir='ltr'>καὶ</span> <span class='ocrx_word' id='word_1_353' title='bbox 331 2139 426 2170; x_wconf 79' lang='grc' dir='ltr'>αὐτοῖς</span> <span class='ocrx_word' id='word_1_354' title='bbox 446 2141 502 2171; x_wconf 85' lang='grc' dir='ltr'>τοῖς</span> <span class='ocrx_word' id='word_1_355' title='bbox 517 2139 606 2173; x_wconf 83' lang='grc' dir='ltr'>ἁγίοις</span> <span class='ocrx_word' id='word_1_356' title='bbox 616 2140 785 2173; x_wconf 81' lang='grc' dir='ltr'>ἀποστόλοις,</span> <span class='ocrx_word' id='word_1_357' title='bbox 800 2142 844 2169; x_wconf 73' lang='grc' dir='ltr'><strong>ἵνα</strong></span> 
     </span>
    </p>
   </div>
   <div class='ocr_carea' id='block_1_48' title="bbox 76 2184 844 2221">
    <p class='ocr_par' dir='ltr' id='par_1_48' title="bbox 76 2184 844 2221">
     <span class='ocr_line' id='line_1_48' title="bbox 76 2184 844 2221; baseline 0.005 -11"><span class='ocrx_word' id='word_1_358' title='bbox 76 2184 106 2218; x_wconf 82' lang='grc' dir='ltr'>μὴ</span> <span class='ocrx_word' id='word_1_359' title='bbox 120 2185 224 2220; x_wconf 73' lang='grc' dir='ltr'>φανερὸν</span> <span class='ocrx_word' id='word_1_360' title='bbox 238 2185 320 2212; x_wconf 82' lang='grc' dir='ltr'>αὑτὸν</span> <span class='ocrx_word' id='word_1_361' title='bbox 338 2184 464 2213; x_wconf 80' lang='grc' dir='ltr'>ποιῶσιν.</span> <span class='ocrx_word' id='word_1_362' title='bbox 481 2185 586 2212; x_wconf 83' lang='grc' dir='ltr'>Οὐκοῦν</span> <span class='ocrx_word' id='word_1_363' title='bbox 600 2185 706 2221; x_wconf 83' lang='grc' dir='ltr'>ἐδείχθη</span> <span class='ocrx_word' id='word_1_364' title='bbox 727 2187 760 2214; x_wconf 85' lang='grc' dir='ltr'>ἂν</span> <span class='ocrx_word' id='word_1_365' title='bbox 773 2187 844 2214; x_wconf 85' lang='grc' dir='ltr'>ἃπα-</span> 
     </span>
    </p>
   </div>
   <div class='ocr_carea' id='block_1_49' title="bbox 74 2230 882 2274">
    <p class='ocr_par' dir='ltr' id='par_1_49' title="bbox 74 2230 882 2274">
     <span class='ocr_line' id='line_1_49' title="bbox 74 2230 882 2274; baseline 0.006 -19"><span class='ocrx_word' id='word_1_366' title='bbox 74 2238 108 2256; x_wconf 81' lang='grc' dir='ltr'><strong>σιν</strong></span> <span class='ocrx_word' id='word_1_367' title='bbox 120 2230 192 2264; x_wconf 78' lang='grc' dir='ltr'>ἄηθές</span> <span class='ocrx_word' id='word_1_368' title='bbox 204 2239 230 2257; x_wconf 86' lang='grc' dir='ltr'><strong>τε</strong></span> <span class='ocrx_word' id='word_1_369' title='bbox 243 2231 339 2266; x_wconf 83' lang='grc' dir='ltr'>χρῆμα</span> <span class='ocrx_word' id='word_1_370' title='bbox 357 2231 405 2257; x_wconf 77' lang='grc' dir='ltr'>καὶ</span> <span class='ocrx_word' id='word_1_371' title='bbox 420 2230 504 2263; x_wconf 76' lang='grc' dir='ltr'>ξένον,</span> <span class='ocrx_word' id='word_1_372' title='bbox 518 2233 566 2258; x_wconf 79' lang='grc' dir='ltr'>καὶ</span> <span class='ocrx_word' id='word_1_373' title='bbox 579 2233 740 2267; x_wconf 85' lang='grc' dir='ltr'>περιεργίας</span> <span class='ocrx_word' id='word_1_374' title='bbox 757 2233 842 2267; x_wconf 79' lang='grc' dir='ltr'>ἄξιον,</span> <span class='ocrx_word' id='word_1_375' title='bbox 861 2247 882 2274; x_wconf 76' lang='lat' dir='ltr'><strong>D</strong></span> 
     </span>
    </p>
   </div>
   <div class='ocr_carea' id='block_1_50' title="bbox 74 2275 843 2315">
    <p class='ocr_par' dir='ltr' id='par_1_50' title="bbox 74 2275 843 2315">
     <span class='ocr_line' id='line_1_50' title="bbox 74 2275 843 2315; baseline 0.005 -13"><span class='ocrx_word' id='word_1_376' title='bbox 74 2275 94 2302; x_wconf 75' lang='grc' dir='ltr'><strong>εί</strong></span> <span class='ocrx_word' id='word_1_377' title='bbox 106 2275 192 2310; x_wconf 77' lang='grc' dir='ltr'>βρέφος</span> <span class='ocrx_word' id='word_1_378' title='bbox 205 2277 241 2303; x_wconf 84' lang='grc' dir='ltr'>ὣν</span> <span class='ocrx_word' id='word_1_379' title='bbox 257 2277 308 2308; x_wconf 68' lang='grc' dir='ltr'>ἔτι,</span> <span class='ocrx_word' id='word_1_380' title='bbox 327 2277 470 2312; x_wconf 81' lang='grc' dir='ltr'>θεοπρεπῆ</span> <span class='ocrx_word' id='word_1_381' title='bbox 484 2277 534 2312; x_wconf 85' lang='grc' dir='ltr'>τῆς</span> <span class='ocrx_word' id='word_1_382' title='bbox 553 2278 649 2312; x_wconf 81' lang='grc' dir='ltr'>σοφίας</span> <span class='ocrx_word' id='word_1_383' title='bbox 666 2279 784 2306; x_wconf 82' lang='grc' dir='ltr'>ἐποιεῖτο</span> <span class='ocrx_word' id='word_1_384' title='bbox 794 2279 843 2315; x_wconf 83' lang='grc' dir='ltr'>τὴν</span> 
     </span>
    </p>
   </div>
   <div class='ocr_carea' id='block_1_51' title="bbox 74 2321 844 2360">
    <p class='ocr_par' dir='ltr' id='par_1_51' title="bbox 74 2321 844 2360">
     <span class='ocr_line' id='line_1_51' title="bbox 74 2321 844 2360; baseline 0.006 -13"><span class='ocrx_word' id='word_1_385' title='bbox 74 2321 182 2354; x_wconf 78' lang='grc' dir='ltr'>ἔνδειξιν·</span> <span class='ocrx_word' id='word_1_386' title='bbox 198 2323 266 2350; x_wconf 78' lang='grc' dir='ltr'>κατὰ</span> <span class='ocrx_word' id='word_1_387' title='bbox 279 2324 368 2359; x_wconf 81' lang='grc' dir='ltr'>βραχὺ</span> <span class='ocrx_word' id='word_1_388' title='bbox 382 2324 411 2350; x_wconf 82' lang='grc' dir='ltr'>δὲ</span> <span class='ocrx_word' id='word_1_389' title='bbox 427 2325 474 2350; x_wconf 76' lang='grc' dir='ltr'><strong>καὶ</strong></span> <span class='ocrx_word' id='word_1_390' title='bbox 487 2324 625 2358; x_wconf 80' lang='grc' dir='ltr'>ἀναλόγως</span> <span class='ocrx_word' id='word_1_391' title='bbox 638 2326 671 2360; x_wconf 88' lang='grc' dir='ltr'><strong>τῇ</strong></span> <span class='ocrx_word' id='word_1_392' title='bbox 687 2325 734 2352; x_wconf 76' lang='grc' dir='ltr'>τοῦ</span> <span class='ocrx_word' id='word_1_393' title='bbox 750 2325 844 2360; x_wconf 87' lang='grc' dir='ltr'>σώμα-</span> 
     </span>
    </p>
   </div>
   <div class='ocr_carea' id='block_1_52' title="bbox 75 2367 843 2405">
    <p class='ocr_par' dir='ltr' id='par_1_52' title="bbox 75 2367 843 2405">
     <span class='ocr_line' id='line_1_52' title="bbox 75 2367 843 2405; baseline 0.005 -12"><span class='ocrx_word' id='word_1_394' title='bbox 75 2375 111 2398; x_wconf 76' lang='grc' dir='ltr'><strong>τος</strong></span> <span class='ocrx_word' id='word_1_395' title='bbox 130 2367 214 2404; x_wconf 78' lang='grc' dir='ltr'>ἡλικίᾳ</span> <span class='ocrx_word' id='word_1_396' title='bbox 236 2369 414 2404; x_wconf 84' lang='grc' dir='ltr'>κατευρύνων</span> <span class='ocrx_word' id='word_1_397' title='bbox 442 2369 537 2404; x_wconf 80' lang='grc' dir='ltr'>αὐτὴν,</span> <span class='ocrx_word' id='word_1_398' title='bbox 567 2370 675 2405; x_wconf 79' lang='grc' dir='ltr'>ἐμφανῆ</span> <span class='ocrx_word' id='word_1_399' title='bbox 701 2379 732 2396; x_wconf 87' lang='grc' dir='ltr'><strong>τε</strong></span> <span class='ocrx_word' id='word_1_400' title='bbox 756 2370 843 2397; x_wconf 74' lang='grc' dir='ltr'>ἅπασι</span> 
     </span>
    </p>
   </div>
   <div class='ocr_carea' id='block_1_53' title="bbox 76 2411 841 2449">
    <p class='ocr_par' dir='ltr' id='par_1_53' title="bbox 76 2411 841 2449">
     <span class='ocr_line' id='line_1_53' title="bbox 76 2411 841 2449; baseline 0.008 -12"><span class='ocrx_word' id='word_1_401' title='bbox 76 2411 202 2444; x_wconf 62' lang='lat' dir='ltr'><strong>nemo»,</strong></span> <span class='ocrx_word' id='word_1_402' title='bbox 212 2414 378 2448; x_wconf 78' lang='grc' dir='ltr'>προκόπτειν</span> <span class='ocrx_word' id='word_1_403' title='bbox 395 2413 428 2440; x_wconf 84' lang='grc' dir='ltr'>ἂν</span> <span class='ocrx_word' id='word_1_404' title='bbox 438 2413 553 2447; x_wconf 80' lang='grc' dir='ltr'>λέγοιτο,</span> <span class='ocrx_word' id='word_1_405' title='bbox 567 2415 614 2441; x_wconf 83' lang='grc' dir='ltr'>καὶ</span> <span class='ocrx_word' id='word_1_406' title='bbox 630 2415 703 2449; x_wconf 83' lang='grc' dir='ltr'>μάλα</span> <span class='ocrx_word' id='word_1_407' title='bbox 718 2416 841 2448; x_wconf 75' lang='grc' dir='ltr'>εἰκότως.</span> 
     </span>
    </p>
   </div>
   <div class='ocr_carea' id='block_1_54' title="bbox 75 2456 840 2498">
    <p class='ocr_par' dir='ltr' id='par_1_54' title="bbox 75 2456 840 2498">
     <span class='ocr_line' id='line_1_54' title="bbox 75 2456 840 2498; baseline 0.008 -15"><span class='ocrx_word' id='word_1_408' title='bbox 75 2456 127 2488; x_wconf 78' lang='grc' dir='ltr'><strong>Πῶς</strong></span> <span class='ocrx_word' id='word_1_409' title='bbox 138 2456 179 2484; x_wconf 82' lang='grc' dir='ltr'>οὖν</span> <span class='ocrx_word' id='word_1_410' title='bbox 191 2459 240 2494; x_wconf 76' lang='grc' dir='ltr'>ἄρα</span> <span class='ocrx_word' id='word_1_411' title='bbox 258 2459 328 2486; x_wconf 81' lang='grc' dir='ltr'>κατὰ</span> <span class='ocrx_word' id='word_1_412' title='bbox 345 2460 443 2495; x_wconf 71' lang='grc' dir='ltr'>μικρὸν</span> <span class='ocrx_word' id='word_1_413' title='bbox 458 2460 611 2495; x_wconf 76' lang='grc' dir='ltr'>προέκοψεν</span> <span class='ocrx_word' id='word_1_414' title='bbox 625 2462 665 2492; x_wconf 79' lang='grc' dir='ltr'>εἰς</span> <span class='ocrx_word' id='word_1_415' title='bbox 680 2462 840 2498; x_wconf 80' lang='grc' dir='ltr'>ἱερωσύνην,</span> 
     </span>
    </p>
   </div>
   <div class='ocr_carea' id='block_1_55' title="bbox 77 2504 844 2541">
    <p class='ocr_par' dir='ltr' id='par_1_55' title="bbox 77 2504 844 2541">
     <span class='ocr_line' id='line_1_55' title="bbox 77 2504 844 2541; baseline 0.009 -13"><span class='ocrx_word' id='word_1_416' title='bbox 77 2505 134 2529; x_wconf 65' lang='grc' dir='ltr'>κατὰ</span> <span class='ocrx_word' id='word_1_417' title='bbox 147 2504 248 2540; x_wconf 78' lang='grc' dir='ltr'>ἀρετὴν,</span> <span class='ocrx_word' id='word_1_418' title='bbox 265 2507 326 2532; x_wconf 73' lang='grc' dir='ltr'>εἰπέ</span> <span class='ocrx_word' id='word_1_419' title='bbox 350 2515 407 2541; x_wconf 88' lang='grc' dir='ltr'>μοι,</span> <span class='ocrx_word' id='word_1_420' title='bbox 426 2505 615 2541; x_wconf 84' lang='grc' dir='ltr'>τελειοὺμενος</span> <span class='ocrx_word' id='word_1_421' title='bbox 629 2515 635 2539; x_wconf 83' lang='grc'>;</span> <span class='ocrx_word' id='word_1_422' title='bbox 658 2505 717 2534; x_wconf 81' lang='grc' dir='ltr'>εἶτα</span> <span class='ocrx_word' id='word_1_423' title='bbox 741 2508 799 2539; x_wconf 85' lang='grc' dir='ltr'><strong>πῶς</strong></span> <span class='ocrx_word' id='word_1_424' title='bbox 811 2508 844 2535; x_wconf 84' lang='grc' dir='ltr'>ἂν</span> 
     </span>
    </p>
   </div>
   <div class='ocr_carea' id='block_1_56' title="bbox 77 2547 846 2587">
    <p class='ocr_par' dir='ltr' id='par_1_56' title="bbox 77 2547 846 2587">
     <span class='ocr_line' id='line_1_56' title="bbox 77 2547 846 2587; baseline 0.009 -14"><span class='ocrx_word' id='word_1_425' title='bbox 77 2547 91 2581; x_wconf 78' lang='grc' dir='ltr'>ἦ</span> <span class='ocrx_word' id='word_1_426' title='bbox 104 2548 172 2575; x_wconf 76' lang='grc' dir='ltr'>πόθεν</span> <span class='ocrx_word' id='word_1_427' title='bbox 181 2550 320 2578; x_wconf 74' lang='grc' dir='ltr'>ἐνδοιάσειέ</span> <span class='ocrx_word' id='word_1_428' title='bbox 333 2561 386 2584; x_wconf 79' lang='grc' dir='ltr'>τις,</span> <span class='ocrx_word' id='word_1_429' title='bbox 399 2552 440 2579; x_wconf 82' lang='grc' dir='ltr'>ὅτι</span> <span class='ocrx_word' id='word_1_430' title='bbox 453 2552 483 2578; x_wconf 83' lang='grc' dir='ltr'>τὸ</span> <span class='ocrx_word' id='word_1_431' title='bbox 497 2552 665 2587; x_wconf 81' lang='grc' dir='ltr'>ήμαρτηκὸς,</span> <span class='ocrx_word' id='word_1_432' title='bbox 679 2553 726 2579; x_wconf 83' lang='grc' dir='ltr'>τοῦ</span> <span class='ocrx_word' id='word_1_433' title='bbox 736 2553 846 2585; x_wconf 86' lang='grc' dir='ltr'>τελείως</span> 
     </span>
    </p>
   </div>
   <div class='ocr_carea' id='block_1_57' title="bbox 79 2593 846 2633">
    <p class='ocr_par' dir='ltr' id='par_1_57' title="bbox 79 2593 846 2633">
     <span class='ocr_line' id='line_1_57' title="bbox 79 2593 846 2633; baseline 0.009 -14"><span class='ocrx_word' id='word_1_434' title='bbox 79 2593 167 2626; x_wconf 73' lang='grc' dir='ltr'>ἔχοντος</span> <span class='ocrx_word' id='word_1_435' title='bbox 181 2597 246 2624; x_wconf 81' lang='grc' dir='ltr'>κατὰ</span> <span class='ocrx_word' id='word_1_436' title='bbox 260 2598 371 2633; x_wconf 78' lang='grc' dir='ltr'>ἀρετὴν,</span> <span class='ocrx_word' id='word_1_437' title='bbox 388 2598 441 2624; x_wconf 82' lang='grc' dir='ltr'>ὑπὸ</span> <span class='ocrx_word' id='word_1_438' title='bbox 466 2598 560 2633; x_wconf 81' lang='grc' dir='ltr'>μῶμον</span> <span class='ocrx_word' id='word_1_439' title='bbox 574 2598 661 2630; x_wconf 77' lang='grc' dir='ltr'>ἔσται,</span> <span class='ocrx_word' id='word_1_440' title='bbox 678 2600 724 2626; x_wconf 73' lang='grc' dir='ltr'>καὶ</span> <span class='ocrx_word' id='word_1_441' title='bbox 738 2599 788 2626; x_wconf 83' lang='grc' dir='ltr'>οὐκ</span> <span class='ocrx_word' id='word_1_442' title='bbox 805 2600 846 2631; x_wconf 81' lang='grc' dir='ltr'><strong>εἰς</strong></span> 
     </span>
    </p>
   </div>
   <div class='ocr_carea' id='block_1_58' title="bbox 80 2637 846 2679">
    <p class='ocr_par' dir='ltr' id='par_1_58' title="bbox 80 2637 846 2679">
     <span class='ocr_line' id='line_1_58' title="bbox 80 2637 846 2679; baseline 0.01 -15"><span class='ocrx_word' id='word_1_443' title='bbox 80 2637 137 2664; x_wconf 71' lang='lat' dir='ltr'><strong>am</strong></span> <span class='ocrx_word' id='word_1_444' title='bbox 156 2641 370 2678; x_wconf 80' lang='grc' dir='ltr'>τεθαυμασμένον</span> <span class='ocrx_word' id='word_1_445' title='bbox 383 2664 389 2675; x_wconf 89' lang='lat'>,</span> <span class='ocrx_word' id='word_1_446' title='bbox 408 2644 508 2678; x_wconf 77' lang='grc' dir='ltr'>μᾶλλον</span> <span class='ocrx_word' id='word_1_447' title='bbox 521 2644 549 2671; x_wconf 77' lang='grc' dir='ltr'>δὲ</span> <span class='ocrx_word' id='word_1_448' title='bbox 568 2644 638 2679; x_wconf 81' lang='grc' dir='ltr'>τάχα</span> <span class='ocrx_word' id='word_1_449' title='bbox 656 2654 706 2671; x_wconf 84' lang='grc' dir='ltr'>που</span> <span class='ocrx_word' id='word_1_450' title='bbox 727 2645 774 2672; x_wconf 75' lang='grc' dir='ltr'>καὶ</span> <span class='ocrx_word' id='word_1_451' title='bbox 793 2646 846 2672; x_wconf 75' lang='grc' dir='ltr'>ὑπὸ</span> 
     </span>
    </p>
   </div>
   <div class='ocr_carea' id='block_1_59' title="bbox 80 2686 843 2726">
    <p class='ocr_par' dir='ltr' id='par_1_59' title="bbox 80 2686 843 2726">
     <span class='ocr_line' id='line_1_59' title="bbox 80 2686 843 2726; baseline 0.004 -11"><span class='ocrx_word' id='word_1_452' title='bbox 80 2686 169 2720; x_wconf 63' lang='grc' dir='ltr'>γραφήν</span> <span class='ocrx_word' id='word_1_453' title='bbox 194 2688 343 2723; x_wconf 80' lang='grc' dir='ltr'>ἀμαρτίας;</span> <span class='ocrx_word' id='word_1_454' title='bbox 367 2690 448 2716; x_wconf 78' lang='grc' dir='ltr'>Ἀλλὰ</span> <span class='ocrx_word' id='word_1_455' title='bbox 479 2689 532 2725; x_wconf 83' lang='grc' dir='ltr'>μὴν</span> <span class='ocrx_word' id='word_1_456' title='bbox 556 2690 666 2726; x_wconf 82' lang='grc' dir='ltr'>ἀληθὲς,</span> <span class='ocrx_word' id='word_1_457' title='bbox 688 2690 726 2723; x_wconf 89' lang='grc' dir='ltr'>ὡς</span> <span class='ocrx_word' id='word_1_458' title='bbox 743 2692 774 2718; x_wconf 84' lang='grc' dir='ltr'>οὐ</span> <span class='ocrx_word' id='word_1_459' title='bbox 794 2700 843 2718; x_wconf 87' lang='grc' dir='ltr'>πε-</span> 
     </span>
    </p>
   </div>
   <div class='ocr_carea' id='block_1_60' title="bbox 81 2729 843 2772">
    <p class='ocr_par' dir='ltr' id='par_1_60' title="bbox 81 2729 843 2772">
     <span class='ocr_line' id='line_1_60' title="bbox 81 2729 843 2772; baseline 0.009 -16"><span class='ocrx_word' id='word_1_460' title='bbox 81 2729 174 2766; x_wconf 65' lang='grc' dir='ltr'>ποίηκεν</span> <span class='ocrx_word' id='word_1_461' title='bbox 191 2733 334 2768; x_wconf 59' lang='grc' dir='ltr'>ἀμρτίαν,</span> <span class='ocrx_word' id='word_1_462' title='bbox 348 2735 408 2762; x_wconf 75' lang='grc' dir='ltr'>οὐδὲ</span> <span class='ocrx_word' id='word_1_463' title='bbox 428 2735 527 2768; x_wconf 60' lang='grc' dir='ltr'>εὑρέθη</span> <span class='ocrx_word' id='word_1_464' title='bbox 539 2736 612 2768; x_wconf 87' lang='grc' dir='ltr'>δόλος</span> <span class='ocrx_word' id='word_1_465' title='bbox 631 2737 660 2763; x_wconf 83' lang='grc' dir='ltr'><strong>ἐν</strong></span> <span class='ocrx_word' id='word_1_466' title='bbox 679 2737 713 2772; x_wconf 78' lang='grc' dir='ltr'>τῷ</span> <span class='ocrx_word' id='word_1_467' title='bbox 730 2736 843 2772; x_wconf 81' lang='grc' dir='ltr'>στόματι</span> 
     </span>
    </p>
   </div>
   <div class='ocr_carea' id='block_1_61' title="bbox 85 2827 588 2888">
    <p class='ocr_par' dir='ltr' id='par_1_61' title="bbox 85 2827 588 2888">
     <span class='ocr_line' id='line_1_61' title="bbox 85 2827 588 2888; baseline 0.012 -33"><span class='ocrx_word' id='word_1_468' title='bbox 85 2827 128 2888; x_wconf 64' lang='lat'><strong>30”</strong></span> <span class='ocrx_word' id='word_1_469' title='bbox 146 2827 201 2858; x_wconf 83' lang='lat' dir='ltr'><strong>Luc.</strong></span> <span class='ocrx_word' id='word_1_470' title='bbox 221 2839 250 2865; x_wconf 81' lang='grc' dir='ltr'>ιι,</span> <span class='ocrx_word' id='word_1_471' title='bbox 268 2832 311 2860; x_wconf 75' lang='lat'><strong>52.</strong></span> <span class='ocrx_word' id='word_1_472' title='bbox 349 2834 372 2849; x_wconf 82' lang='lat'><strong>’°</strong></span> <span class='ocrx_word' id='word_1_473' title='bbox 391 2833 498 2861; x_wconf 87' lang='lat' dir='ltr'><strong>Coloss.</strong></span> <span class='ocrx_word' id='word_1_474' title='bbox 517 2841 546 2866; x_wconf 85' lang='grc' dir='ltr'>ιι,</span> <span class='ocrx_word' id='word_1_475' title='bbox 563 2834 588 2861; x_wconf 74' lang='grc'><strong>’5,</strong></span> 
     </span>
    </p>
   </div>
   <div class='ocr_carea' id='block_1_62' title="bbox 629 2834 894 2867">
    <p class='ocr_par' dir='ltr' id='par_1_62' title="bbox 629 2834 894 2867">
     <span class='ocr_line' id='line_1_62' title="bbox 629 2834 894 2867; baseline -0.004 -5"><span class='ocrx_word' id='word_1_476' title='bbox 629 2835 653 2850; x_wconf 68' lang='grc'><strong>’⁸</strong></span> <span class='ocrx_word' id='word_1_477' title='bbox 673 2834 726 2862; x_wconf 81' lang='lat' dir='ltr'><strong>lsa.</strong></span> <span class='ocrx_word' id='word_1_478' title='bbox 746 2842 812 2867; x_wconf 74' lang='grc' dir='ltr'>χιιι,</span> <span class='ocrx_word' id='word_1_479' title='bbox 829 2834 894 2866; x_wconf 80' lang='lat' dir='ltr'><strong>l—5;</strong></span> 
     </span>
    </p>
   </div>
   <div class='ocr_carea' id='block_1_63' title="bbox 896 252 1685 288">
    <p class='ocr_par' dir='ltr' id='par_1_63' title="bbox 896 252 1685 288">
     <span class='ocr_line' id='line_1_63' title="bbox 896 252 1685 288; baseline -0.001 -7"><span class='ocrx_word' id='word_1_480' title='bbox 896 261 1011 288; x_wconf 81' lang='lat' dir='ltr'><strong>sumque</strong></span> <span class='ocrx_word' id='word_1_481' title='bbox 1034 253 1067 280; x_wconf 88' lang='lat' dir='ltr'><strong>ad</strong></span> <span class='ocrx_word' id='word_1_482' title='bbox 1094 252 1165 280; x_wconf 82' lang='lat' dir='ltr'><strong>servi</strong></span> <span class='ocrx_word' id='word_1_483' title='bbox 1192 252 1318 279; x_wconf 84' lang='lat' dir='ltr'><strong>fortnam.</strong></span> <span class='ocrx_word' id='word_1_484' title='bbox 1343 252 1399 280; x_wconf 78' lang='lat' dir='ltr'><strong>Non</strong></span> <span class='ocrx_word' id='word_1_485' title='bbox 1430 253 1512 287; x_wconf 80' lang='lat' dir='ltr'><strong>igitur</strong></span> <span class='ocrx_word' id='word_1_486' title='bbox 1538 253 1685 288; x_wconf 77' lang='lat' dir='ltr'><strong>profecisse</strong></span> 
     </span>
    </p>
   </div>
   <div class='ocr_carea' id='block_1_64' title="bbox 896 298 1683 334">
    <p class='ocr_par' dir='ltr' id='par_1_64' title="bbox 896 298 1683 334">
     <span class='ocr_line' id='line_1_64' title="bbox 896 298 1683 334; baseline -0.003 -6"><span class='ocrx_word' id='word_1_487' title='bbox 896 300 1022 332; x_wconf 79' lang='lat' dir='ltr'><strong>dicimus,</strong></span> <span class='ocrx_word' id='word_1_488' title='bbox 1051 303 1079 326; x_wconf 88' lang='lat' dir='ltr'><strong>et</strong></span> <span class='ocrx_word' id='word_1_489' title='bbox 1107 299 1141 325; x_wconf 88' lang='lat' dir='ltr'><strong>ad</strong></span> <span class='ocrx_word' id='word_1_490' title='bbox 1164 298 1323 332; x_wconf 75' lang='lat' dir='ltr'><strong>dignitatem</strong></span> <span class='ocrx_word' id='word_1_491' title='bbox 1349 298 1507 333; x_wconf 79' lang='lat' dir='ltr'><strong>pervenisse</strong></span> <span class='ocrx_word' id='word_1_492' title='bbox 1531 299 1618 334; x_wconf 90' lang='lat' dir='ltr'><strong>ipsum</strong></span> <span class='ocrx_word' id='word_1_493' title='bbox 1639 299 1683 326; x_wconf 83' lang='lat' dir='ltr'><strong>Dei</strong></span> 
     </span>
    </p>
   </div>
   <div class='ocr_carea' id='block_1_65' title="bbox 899 343 1684 380">
    <p class='ocr_par' dir='ltr' id='par_1_65' title="bbox 899 343 1684 380">
     <span class='ocr_line' id='line_1_65' title="bbox 899 343 1684 380; baseline -0.003 -7"><span class='ocrx_word' id='word_1_494' title='bbox 899 346 1026 378; x_wconf 84' lang='lat' dir='ltr'><strong>Verbum,</strong></span> <span class='ocrx_word' id='word_1_495' title='bbox 1041 353 1102 373; x_wconf 90' lang='lat' dir='ltr'><strong>cum</strong></span> <span class='ocrx_word' id='word_1_496' title='bbox 1118 344 1239 380; x_wconf 77' lang='lat' dir='ltr'><strong>pontifex</strong></span> <span class='ocrx_word' id='word_1_497' title='bbox 1257 350 1350 372; x_wconf 86' lang='lat' dir='ltr'><strong>noster</strong></span> <span class='ocrx_word' id='word_1_498' title='bbox 1364 349 1406 372; x_wconf 87' lang='lat' dir='ltr'><strong>est</strong></span> <span class='ocrx_word' id='word_1_499' title='bbox 1420 343 1518 377; x_wconf 76' lang='lat' dir='ltr'><strong>factus,</strong></span> <span class='ocrx_word' id='word_1_500' title='bbox 1536 345 1582 371; x_wconf 89' lang='lat' dir='ltr'><strong>sed</strong></span> <span class='ocrx_word' id='word_1_501' title='bbox 1594 345 1684 379; x_wconf 82' lang='lat' dir='ltr'><strong>potius</strong></span> 
     </span>
    </p>
   </div>
   <div class='ocr_carea' id='block_1_66' title="bbox 896 390 1682 426">
    <p class='ocr_par' dir='ltr' id='par_1_66' title="bbox 896 390 1682 426">
     <span class='ocr_line' id='line_1_66' title="bbox 896 390 1682 426; baseline -0.005 -6"><span class='ocrx_word' id='word_1_502' title='bbox 896 393 977 420; x_wconf 87' lang='lat' dir='ltr'><strong>etiam</strong></span> <span class='ocrx_word' id='word_1_503' title='bbox 994 400 1027 420; x_wconf 82' lang='lat' dir='ltr'><strong>ex</strong></span> <span class='ocrx_word' id='word_1_504' title='bbox 1041 392 1092 419; x_wconf 82' lang='lat' dir='ltr'><strong>ltac</strong></span> <span class='ocrx_word' id='word_1_505' title='bbox 1112 396 1190 426; x_wconf 84' lang='lat' dir='ltr'><strong>parte</strong></span> <span class='ocrx_word' id='word_1_506' title='bbox 1206 391 1240 418; x_wconf 79' lang='lat' dir='ltr'><strong>ad</strong></span> <span class='ocrx_word' id='word_1_507' title='bbox 1255 391 1471 417; x_wconf 80' lang='lat' dir='ltr'><strong>exinanitionem</strong></span> <span class='ocrx_word' id='word_1_508' title='bbox 1492 390 1682 417; x_wconf 76' lang='lat' dir='ltr'><strong>descendisse:</strong></span> 
     </span>
    </p>
   </div>
   <div class='ocr_carea' id='block_1_67' title="bbox 895 436 1683 473">
    <p class='ocr_par' dir='ltr' id='par_1_67' title="bbox 895 436 1683 473">
     <span class='ocr_line' id='line_1_67' title="bbox 895 436 1683 473; baseline -0.006 -7"><span class='ocrx_word' id='word_1_509' title='bbox 895 439 1007 473; x_wconf 80' lang='lat' dir='ltr'><strong>alioqui,</strong></span> <span class='ocrx_word' id='word_1_510' title='bbox 1033 438 1168 472; x_wconf 86' lang='lat' dir='ltr'><strong>quomodo</strong></span> <span class='ocrx_word' id='word_1_511' title='bbox 1185 437 1341 464; x_wconf 81' lang='lat' dir='ltr'><strong>exiuattitus</strong></span> <span class='ocrx_word' id='word_1_512' title='bbox 1357 441 1385 463; x_wconf 87' lang='lat' dir='ltr'><strong>ct</strong></span> <span class='ocrx_word' id='word_1_513' title='bbox 1401 436 1560 464; x_wconf 88' lang='lat' dir='ltr'><strong>humiliatus</strong></span> <span class='ocrx_word' id='word_1_514' title='bbox 1574 436 1683 468; x_wconf 88' lang='lat' dir='ltr'><strong>dicitur,</strong></span> 
     </span>
    </p>
   </div>
   <div class='ocr_carea' id='block_1_68' title="bbox 896 480 1684 515">
    <p class='ocr_par' dir='ltr' id='par_1_68' title="bbox 896 480 1684 515">
     <span class='ocr_line' id='line_1_68' title="bbox 896 480 1684 515; baseline -0.008 -3"><span class='ocrx_word' id='word_1_515' title='bbox 896 493 957 513; x_wconf 91' lang='lat' dir='ltr'><strong>cum</strong></span> <span class='ocrx_word' id='word_1_516' title='bbox 973 489 1046 512; x_wconf 80' lang='lat' dir='ltr'><strong>esset</strong></span> <span class='ocrx_word' id='word_1_517' title='bbox 1071 483 1251 511; x_wconf 87' lang='lat' dir='ltr'><strong>immutabilis</strong></span> <span class='ocrx_word' id='word_1_518' title='bbox 1265 487 1292 509; x_wconf 87' lang='lat' dir='ltr'><strong>et</strong></span> <span class='ocrx_word' id='word_1_519' title='bbox 1309 483 1335 509; x_wconf 95' lang='lat' dir='ltr'><strong>in</strong></span> <span class='ocrx_word' id='word_1_520' title='bbox 1354 481 1440 508; x_wconf 86' lang='lat' dir='ltr'><strong>forma</strong></span> <span class='ocrx_word' id='word_1_521' title='bbox 1455 481 1513 514; x_wconf 86' lang='lat' dir='ltr'><strong>Dei,</strong></span> <span class='ocrx_word' id='word_1_522' title='bbox 1531 485 1558 508; x_wconf 88' lang='lat' dir='ltr'><strong>et</strong></span> <span class='ocrx_word' id='word_1_523' title='bbox 1573 480 1684 515; x_wconf 68' lang='lat' dir='ltr'><strong>aequali-</strong></span> 
     </span>
    </p>
   </div>
   <div class='ocr_carea' id='block_1_69' title="bbox 897 525 1685 559">
    <p class='ocr_par' dir='ltr' id='par_1_69' title="bbox 897 525 1685 559">
     <span class='ocr_line' id='line_1_69' title="bbox 897 525 1685 559; baseline -0.009 0"><span class='ocrx_word' id='word_1_524' title='bbox 897 536 978 559; x_wconf 85' lang='lat' dir='ltr'><strong>tatem</strong></span> <span class='ocrx_word' id='word_1_525' title='bbox 989 530 1117 557; x_wconf 90' lang='lat' dir='ltr'><strong>omnibus</strong></span> <span class='ocrx_word' id='word_1_526' title='bbox 1132 529 1159 555; x_wconf 92' lang='lat' dir='ltr'><strong>in</strong></span> <span class='ocrx_word' id='word_1_527' title='bbox 1178 529 1258 556; x_wconf 83' lang='lat' dir='ltr'><strong>rebus</strong></span> <span class='ocrx_word' id='word_1_528' title='bbox 1267 535 1328 555; x_wconf 89' lang='lat' dir='ltr'><strong>cum</strong></span> <span class='ocrx_word' id='word_1_529' title='bbox 1344 535 1392 554; x_wconf 88' lang='lat' dir='ltr'><strong>suo</strong></span> <span class='ocrx_word' id='word_1_530' title='bbox 1404 527 1533 555; x_wconf 76' lang='lat' dir='ltr'><strong>Genitore</strong></span> <span class='ocrx_word' id='word_1_531' title='bbox 1545 525 1685 554; x_wconf 76' lang='lat' dir='ltr'><strong>servaret?</strong></span> 
     </span>
    </p>
   </div>
   <div class='ocr_carea' id='block_1_70' title="bbox 895 572 1682 611">
    <p class='ocr_par' dir='ltr' id='par_1_70' title="bbox 895 572 1682 611">
     <span class='ocr_line' id='line_1_70' title="bbox 895 572 1682 611; baseline -0.004 -10"><span class='ocrx_word' id='word_1_532' title='bbox 895 576 1032 611; x_wconf 85' lang='lat' dir='ltr'><strong>quomodo</strong></span> <span class='ocrx_word' id='word_1_533' title='bbox 1047 575 1127 603; x_wconf 84' lang='lat' dir='ltr'><strong>etiam</strong></span> <span class='ocrx_word' id='word_1_534' title='bbox 1150 574 1277 608; x_wconf 73' lang='lat' dir='ltr'><strong>paulatim</strong></span> <span class='ocrx_word' id='word_1_535' title='bbox 1292 573 1418 608; x_wconf 82' lang='lat' dir='ltr'><strong>profecit,</strong></span> <span class='ocrx_word' id='word_1_536' title='bbox 1430 573 1521 607; x_wconf 83' lang='lat' dir='ltr'><strong>idque,</strong></span> <span class='ocrx_word' id='word_1_537' title='bbox 1540 577 1570 599; x_wconf 93' lang='lat' dir='ltr'><strong>ut</strong></span> <span class='ocrx_word' id='word_1_538' title='bbox 1587 577 1615 599; x_wconf 90' lang='grc' dir='ltr'><strong>ιιι</strong></span> <span class='ocrx_word' id='word_1_539' title='bbox 1631 572 1682 604; x_wconf 85' lang='lat' dir='ltr'><strong>ais,</strong></span> 
     </span>
    </p>
   </div>
   <div class='ocr_carea' id='block_1_71' title="bbox 895 619 1684 655">
    <p class='ocr_par' dir='ltr' id='par_1_71' title="bbox 895 619 1684 655">
     <span class='ocr_line' id='line_1_71' title="bbox 895 619 1684 655; baseline -0.004 -7"><span class='ocrx_word' id='word_1_540' title='bbox 895 622 929 648; x_wconf 88' lang='lat' dir='ltr'><strong>ad</strong></span> <span class='ocrx_word' id='word_1_541' title='bbox 943 621 1087 649; x_wconf 83' lang='lat' dir='ltr'><strong>sacerdotii</strong></span> <span class='ocrx_word' id='word_1_542' title='bbox 1104 619 1262 655; x_wconf 71' lang='lat' dir='ltr'><strong>dignitatem</strong></span> <span class='ocrx_word' id='word_1_543' title='bbox 1278 620 1289 646; x_wconf 82' lang='lat'><strong>?</strong></span> <span class='ocrx_word' id='word_1_544' title='bbox 1303 620 1383 654; x_wconf 82' lang='lat' dir='ltr'><strong>quale</strong></span> <span class='ocrx_word' id='word_1_545' title='bbox 1395 619 1500 646; x_wconf 84' lang='lat' dir='ltr'><strong>adeam</strong></span> <span class='ocrx_word' id='word_1_546' title='bbox 1517 626 1572 646; x_wconf 89' lang='lat' dir='ltr'><strong>rem</strong></span> <span class='ocrx_word' id='word_1_547' title='bbox 1593 619 1684 645; x_wconf 89' lang='lat' dir='ltr'><strong>incre-</strong></span> 
     </span>
    </p>
   </div>
   <div class='ocr_carea' id='block_1_72' title="bbox 895 665 1683 701">
    <p class='ocr_par' dir='ltr' id='par_1_72' title="bbox 895 665 1683 701">
     <span class='ocr_line' id='line_1_72' title="bbox 895 665 1683 701; baseline -0.004 -6"><span class='ocrx_word' id='word_1_548' title='bbox 895 673 1018 696; x_wconf 90' lang='lat' dir='ltr'><strong>mentum</strong></span> <span class='ocrx_word' id='word_1_549' title='bbox 1033 669 1138 701; x_wconf 85' lang='lat' dir='ltr'><strong>accepit</strong></span> <span class='ocrx_word' id='word_1_550' title='bbox 1153 666 1164 693; x_wconf 81' lang='lat'><strong>?</strong></span> <span class='ocrx_word' id='word_1_551' title='bbox 1180 666 1245 693; x_wconf 87' lang='lat' dir='ltr'><strong>Nam</strong></span> <span class='ocrx_word' id='word_1_552' title='bbox 1267 667 1288 693; x_wconf 87' lang='lat' dir='ltr'><strong>si</strong></span> <span class='ocrx_word' id='word_1_553' title='bbox 1311 666 1434 701; x_wconf 89' lang='lat' dir='ltr'><strong>c0rporis</strong></span> <span class='ocrx_word' id='word_1_554' title='bbox 1464 666 1550 698; x_wconf 80' lang='lat' dir='ltr'><strong>dicas,</strong></span> <span class='ocrx_word' id='word_1_555' title='bbox 1582 665 1683 700; x_wconf 81' lang='lat' dir='ltr'><strong>rogabo</strong></span> 
     </span>
    </p>
   </div>
   <div class='ocr_carea' id='block_1_73' title="bbox 895 712 1682 747">
    <p class='ocr_par' dir='ltr' id='par_1_73' title="bbox 895 712 1682 747">
     <span class='ocr_line' id='line_1_73' title="bbox 895 712 1682 747; baseline -0.004 -6"><span class='ocrx_word' id='word_1_556' title='bbox 895 722 1016 741; x_wconf 82' lang='lat' dir='ltr'><strong>rursus:</strong></span> <span class='ocrx_word' id='word_1_557' title='bbox 1040 712 1109 740; x_wconf 82' lang='lat' dir='ltr'><strong>Nunt</strong></span> <span class='ocrx_word' id='word_1_558' title='bbox 1128 713 1251 747; x_wconf 82' lang='lat' dir='ltr'><strong>corporis</strong></span> <span class='ocrx_word' id='word_1_559' title='bbox 1277 717 1452 746; x_wconf 78' lang='lat' dir='ltr'><strong>augmentum</strong></span> <span class='ocrx_word' id='word_1_560' title='bbox 1480 713 1512 739; x_wconf 87' lang='lat' dir='ltr'><strong>ad</strong></span> <span class='ocrx_word' id='word_1_561' title='bbox 1537 712 1682 739; x_wconf 81' lang='lat' dir='ltr'><strong>sacerdotii</strong></span> 
     </span>
    </p>
   </div>
   <div class='ocr_carea' id='block_1_74' title="bbox 894 758 1681 797">
    <p class='ocr_par' dir='ltr' id='par_1_74' title="bbox 894 758 1681 797">
     <span class='ocr_line' id='line_1_74' title="bbox 894 758 1681 797; baseline -0.005 -9"><span class='ocrx_word' id='word_1_562' title='bbox 894 761 1007 797; x_wconf 73' lang='lat' dir='ltr'><strong>gloriam</strong></span> <span class='ocrx_word' id='word_1_563' title='bbox 1025 761 1147 795; x_wconf 87' lang='lat' dir='ltr'><strong>perducit</strong></span> <span class='ocrx_word' id='word_1_564' title='bbox 1163 759 1175 786; x_wconf 72' lang='grc' dir='ltr'><strong><em>τ</em></strong></span> <span class='ocrx_word' id='word_1_565' title='bbox 1191 759 1263 794; x_wconf 72' lang='lat' dir='ltr'><strong>Ergo</strong></span> <span class='ocrx_word' id='word_1_566' title='bbox 1283 759 1437 786; x_wconf 85' lang='lat' dir='ltr'><strong>communis</strong></span> <span class='ocrx_word' id='word_1_567' title='bbox 1453 759 1490 785; x_wconf 90' lang='lat' dir='ltr'><strong>sit</strong></span> <span class='ocrx_word' id='word_1_568' title='bbox 1505 766 1536 785; x_wconf 87' lang='lat' dir='ltr'><strong>ea</strong></span> <span class='ocrx_word' id='word_1_569' title='bbox 1554 758 1681 792; x_wconf 80' lang='lat' dir='ltr'><strong>dignitas,</strong></span> 
     </span>
    </p>
   </div>
   <div class='ocr_carea' id='block_1_75' title="bbox 893 803 1684 840">
    <p class='ocr_par' dir='ltr' id='par_1_75' title="bbox 893 803 1684 840">
     <span class='ocr_line' id='line_1_75' title="bbox 893 803 1684 840; baseline -0.006 -6"><span class='ocrx_word' id='word_1_570' title='bbox 893 813 921 834; x_wconf 89' lang='lat' dir='ltr'><strong>et</strong></span> <span class='ocrx_word' id='word_1_571' title='bbox 934 808 990 834; x_wconf 62' lang='lat' dir='ltr'><strong>haec</strong></span> <span class='ocrx_word' id='word_1_572' title='bbox 1006 812 1052 832; x_wconf 79' lang='lat' dir='ltr'><strong>tua</strong></span> <span class='ocrx_word' id='word_1_573' title='bbox 1079 806 1149 832; x_wconf 84' lang='lat' dir='ltr'><strong>ratio</strong></span> <span class='ocrx_word' id='word_1_574' title='bbox 1175 812 1223 840; x_wconf 87' lang='lat' dir='ltr'><strong>per</strong></span> <span class='ocrx_word' id='word_1_575' title='bbox 1253 811 1347 832; x_wconf 87' lang='lat' dir='ltr'><strong>omnes</strong></span> <span class='ocrx_word' id='word_1_576' title='bbox 1361 809 1406 830; x_wconf 85' lang='lat' dir='ltr'><strong>eat</strong></span> <span class='ocrx_word' id='word_1_577' title='bbox 1437 803 1483 837; x_wconf 81' lang='lat' dir='ltr'><strong>qui</strong></span> <span class='ocrx_word' id='word_1_578' title='bbox 1506 803 1684 837; x_wconf 83' lang='lat' dir='ltr'><strong>corporaliter</strong></span> 
     </span>
    </p>
   </div>
   <div class='ocr_carea' id='block_1_76' title="bbox 895 849 1682 888">
    <p class='ocr_par' dir='ltr' id='par_1_76' title="bbox 895 849 1682 888">
     <span class='ocr_line' id='line_1_76' title="bbox 895 849 1682 888; baseline -0.006 -8"><span class='ocrx_word' id='word_1_579' title='bbox 895 859 1039 888; x_wconf 75' lang='lat' dir='ltr'><strong>augentur,</strong></span> <span class='ocrx_word' id='word_1_580' title='bbox 1068 851 1144 886; x_wconf 80' lang='lat' dir='ltr'><strong>atqui</strong></span> <span class='ocrx_word' id='word_1_581' title='bbox 1174 859 1227 877; x_wconf 87' lang='lat' dir='ltr'><strong>non</strong></span> <span class='ocrx_word' id='word_1_582' title='bbox 1255 850 1381 877; x_wconf 88' lang='lat' dir='ltr'><strong>omnibus</strong></span> <span class='ocrx_word' id='word_1_583' title='bbox 1404 850 1448 883; x_wconf 93' lang='lat' dir='ltr'><strong>qui</strong></span> <span class='ocrx_word' id='word_1_584' title='bbox 1466 849 1499 876; x_wconf 87' lang='lat' dir='ltr'><strong>ad</strong></span> <span class='ocrx_word' id='word_1_585' title='bbox 1529 849 1682 876; x_wconf 88' lang='lat' dir='ltr'><strong>auctionem</strong></span> 
     </span>
    </p>
   </div>
   <div class='ocr_carea' id='block_1_77' title="bbox 893 895 1683 933">
    <p class='ocr_par' dir='ltr' id='par_1_77' title="bbox 893 895 1683 933">
     <span class='ocr_line' id='line_1_77' title="bbox 893 895 1683 933; baseline -0.005 -7"><span class='ocrx_word' id='word_1_586' title='bbox 893 897 1062 933; x_wconf 82' lang='lat' dir='ltr'><strong>corporalem</strong></span> <span class='ocrx_word' id='word_1_587' title='bbox 1081 897 1225 932; x_wconf 81' lang='lat' dir='ltr'><strong>pervenire</strong></span> <span class='ocrx_word' id='word_1_588' title='bbox 1236 896 1334 927; x_wconf 80' lang='lat' dir='ltr'><strong>solent.</strong></span> <span class='ocrx_word' id='word_1_589' title='bbox 1351 896 1503 922; x_wconf 81' lang='lat' dir='ltr'><strong>sacerdotio</strong></span> <span class='ocrx_word' id='word_1_590' title='bbox 1523 895 1597 930; x_wconf 81' lang='lat' dir='ltr'><strong>fungi</strong></span> <span class='ocrx_word' id='word_1_591' title='bbox 1618 902 1683 922; x_wconf 90' lang='lat' dir='ltr'><strong>con-</strong></span> 
     </span>
    </p>
   </div>
   <div class='ocr_carea' id='block_1_78' title="bbox 895 941 1684 978">
    <p class='ocr_par' dir='ltr' id='par_1_78' title="bbox 895 941 1684 978">
     <span class='ocr_line' id='line_1_78' title="bbox 895 941 1684 978; baseline -0.004 -7"><span class='ocrx_word' id='word_1_592' title='bbox 895 945 969 972; x_wconf 84' lang='lat' dir='ltr'><strong>venit</strong></span> <span class='ocrx_word' id='word_1_593' title='bbox 983 954 991 972; x_wconf 81' lang='lat'><strong><em>:</em></strong></span> <span class='ocrx_word' id='word_1_594' title='bbox 1006 944 1142 978; x_wconf 88' lang='lat' dir='ltr'><strong>quomodo</strong></span> <span class='ocrx_word' id='word_1_595' title='bbox 1159 942 1241 977; x_wconf 78' lang='lat' dir='ltr'><strong>igitur</strong></span> <span class='ocrx_word' id='word_1_596' title='bbox 1259 942 1291 969; x_wconf 88' lang='lat' dir='ltr'><strong>ad</strong></span> <span class='ocrx_word' id='word_1_597' title='bbox 1309 942 1354 969; x_wconf 83' lang='lat' dir='ltr'><strong>illa</strong></span> <span class='ocrx_word' id='word_1_598' title='bbox 1375 949 1436 976; x_wconf 63' lang='lat' dir='ltr'><strong>qua;</strong></span> <span class='ocrx_word' id='word_1_599' title='bbox 1464 941 1554 968; x_wconf 86' lang='lat' dir='ltr'><strong>dixisti</strong></span> <span class='ocrx_word' id='word_1_600' title='bbox 1570 941 1684 968; x_wconf 90' lang='lat' dir='ltr'><strong>demon-</strong></span> 
     </span>
    </p>
   </div>
   <div class='ocr_carea' id='block_1_79' title="bbox 893 986 1682 1023">
    <p class='ocr_par' dir='ltr' id='par_1_79' title="bbox 893 986 1682 1023">
     <span class='ocr_line' id='line_1_79' title="bbox 893 986 1682 1023; baseline -0.006 -5"><span class='ocrx_word' id='word_1_601' title='bbox 893 990 1018 1023; x_wconf 87' lang='lat' dir='ltr'><strong>stranda,</strong></span> <span class='ocrx_word' id='word_1_602' title='bbox 1031 998 1062 1017; x_wconf 90' lang='lat' dir='ltr'><strong>ea</strong></span> <span class='ocrx_word' id='word_1_603' title='bbox 1080 988 1392 1016; x_wconf 83' lang='lat' dir='ltr'><strong>afferrenonerubescis</strong></span> <span class='ocrx_word' id='word_1_604' title='bbox 1420 995 1479 1022; x_wconf 45' lang='lat' dir='ltr'><strong>quae</strong></span> <span class='ocrx_word' id='word_1_605' title='bbox 1501 987 1591 1014; x_wconf 85' lang='lat' dir='ltr'><strong>verbis</strong></span> <span class='ocrx_word' id='word_1_606' title='bbox 1611 986 1682 1014; x_wconf 86' lang='lat' dir='ltr'><strong>beati</strong></span> 
     </span>
    </p>
   </div>
   <div class='ocr_carea' id='block_1_80' title="bbox 893 1031 1684 1066">
    <p class='ocr_par' dir='ltr' id='par_1_80' title="bbox 893 1031 1684 1066">
     <span class='ocr_line' id='line_1_80' title="bbox 893 1031 1684 1066; baseline -0.008 -3"><span class='ocrx_word' id='word_1_607' title='bbox 893 1036 974 1063; x_wconf 78' lang='lat' dir='ltr'><strong>Luca:</strong></span> <span class='ocrx_word' id='word_1_608' title='bbox 991 1035 1063 1063; x_wconf 87' lang='lat' dir='ltr'><strong>dicta</strong></span> <span class='ocrx_word' id='word_1_609' title='bbox 1076 1039 1160 1062; x_wconf 90' lang='lat' dir='ltr'><strong>sunt:</strong></span> <span class='ocrx_word' id='word_1_610' title='bbox 1179 1043 1188 1059; x_wconf 86' lang='grc'><strong><em>‹</em></strong></span> <span class='ocrx_word' id='word_1_611' title='bbox 1207 1032 1287 1060; x_wconf 82' lang='lat' dir='ltr'><strong>Jesns</strong></span> <span class='ocrx_word' id='word_1_612' title='bbox 1310 1037 1399 1059; x_wconf 90' lang='lat' dir='ltr'><strong>autem</strong></span> <span class='ocrx_word' id='word_1_613' title='bbox 1425 1031 1582 1066; x_wconf 82' lang='lat' dir='ltr'><strong>proﬁciebat</strong></span> <span class='ocrx_word' id='word_1_614' title='bbox 1604 1035 1684 1057; x_wconf 74' lang='lat' dir='ltr'><strong>aetate</strong></span> 
     </span>
    </p>
   </div>
   <div class='ocr_carea' id='block_1_81' title="bbox 893 1076 1683 1117">
    <p class='ocr_par' dir='ltr' id='par_1_81' title="bbox 893 1076 1683 1117">
     <span class='ocr_line' id='line_1_81' title="bbox 893 1076 1683 1117; baseline -0.01 -7"><span class='ocrx_word' id='word_1_615' title='bbox 893 1089 920 1110; x_wconf 89' lang='lat' dir='ltr'><strong>et</strong></span> <span class='ocrx_word' id='word_1_616' title='bbox 947 1081 1080 1117; x_wconf 84' lang='lat' dir='ltr'><strong>sapientia</strong></span> <span class='ocrx_word' id='word_1_617' title='bbox 1108 1085 1135 1107; x_wconf 89' lang='lat' dir='ltr'><strong>et</strong></span> <span class='ocrx_word' id='word_1_618' title='bbox 1162 1080 1249 1113; x_wconf 77' lang='lat' dir='ltr'><strong>gratia</strong></span> <span class='ocrx_word' id='word_1_619' title='bbox 1263 1079 1286 1094; x_wconf 81' lang='grc'><strong>⁸¹</strong></span> <span class='ocrx_word' id='word_1_620' title='bbox 1301 1079 1311 1105; x_wconf 80' lang='grc' dir='ltr'>’ί</span> <span class='ocrx_word' id='word_1_621' title='bbox 1327 1088 1335 1104; x_wconf 79' lang='grc' dir='ltr'><strong>ι</strong></span> <span class='ocrx_word' id='word_1_622' title='bbox 1354 1077 1389 1104; x_wconf 80' lang='lat' dir='ltr'><strong>At</strong></span> <span class='ocrx_word' id='word_1_623' title='bbox 1402 1078 1473 1105; x_wconf 85' lang='lat' dir='ltr'><strong>enim</strong></span> <span class='ocrx_word' id='word_1_624' title='bbox 1499 1077 1526 1104; x_wconf 90' lang='lat' dir='ltr'><strong>in</strong></span> <span class='ocrx_word' id='word_1_625' title='bbox 1551 1076 1683 1111; x_wconf 82' lang='lat' dir='ltr'><strong>sapientia</strong></span> 
     </span>
    </p>
   </div>
   <div class='ocr_carea' id='block_1_82' title="bbox 892 1122 1684 1156">
    <p class='ocr_par' dir='ltr' id='par_1_82' title="bbox 892 1122 1684 1156">
     <span class='ocr_line' id='line_1_82' title="bbox 892 1122 1684 1156; baseline -0.009 -1"><span class='ocrx_word' id='word_1_626' title='bbox 892 1127 994 1155; x_wconf 81' lang='lat' dir='ltr'><strong>factum</strong></span> <span class='ocrx_word' id='word_1_627' title='bbox 1006 1134 1067 1154; x_wconf 87' lang='lat' dir='ltr'><strong>esse</strong></span> <span class='ocrx_word' id='word_1_628' title='bbox 1089 1126 1288 1153; x_wconf 88' lang='lat' dir='ltr'><strong>incrementum</strong></span> <span class='ocrx_word' id='word_1_629' title='bbox 1304 1124 1373 1151; x_wconf 89' lang='lat' dir='ltr'><strong>dicis</strong></span> <span class='ocrx_word' id='word_1_630' title='bbox 1390 1133 1396 1150; x_wconf 92' lang='lat'><strong>:</strong></span> <span class='ocrx_word' id='word_1_631' title='bbox 1419 1123 1527 1149; x_wconf 80' lang='lat' dir='ltr'><strong>tametsi</strong></span> <span class='ocrx_word' id='word_1_632' title='bbox 1549 1122 1684 1156; x_wconf 82' lang='lat' dir='ltr'><strong>quomodo</strong></span> 
     </span>
    </p>
   </div>
   <div class='ocr_carea' id='block_1_83' title="bbox 892 1170 1684 1210">
    <p class='ocr_par' dir='ltr' id='par_1_83' title="bbox 892 1170 1684 1210">
     <span class='ocr_line' id='line_1_83' title="bbox 892 1170 1684 1210; baseline -0.009 -9"><span class='ocrx_word' id='word_1_633' title='bbox 892 1175 946 1210; x_wconf 73' lang='lat'><strong>87</strong></span> <span class='ocrx_word' id='word_1_634' title='bbox 959 1175 983 1201; x_wconf 91' lang='lat' dir='ltr'><strong>id</strong></span> <span class='ocrx_word' id='word_1_635' title='bbox 999 1181 1050 1200; x_wconf 90' lang='lat' dir='ltr'><strong>nott</strong></span> <span class='ocrx_word' id='word_1_636' title='bbox 1062 1172 1172 1200; x_wconf 92' lang='lat' dir='ltr'><strong>stultum</strong></span> <span class='ocrx_word' id='word_1_637' title='bbox 1185 1172 1239 1198; x_wconf 83' lang='lat' dir='ltr'><strong>sit?</strong></span> <span class='ocrx_word' id='word_1_638' title='bbox 1248 1171 1385 1198; x_wconf 86' lang='lat' dir='ltr'><strong>credimus</strong></span> <span class='ocrx_word' id='word_1_639' title='bbox 1394 1170 1467 1198; x_wconf 90' lang='lat' dir='ltr'><strong>enim</strong></span> <span class='ocrx_word' id='word_1_640' title='bbox 1479 1177 1511 1196; x_wconf 82' lang='lat' dir='ltr'><strong>ex</strong></span> <span class='ocrx_word' id='word_1_641' title='bbox 1524 1170 1580 1203; x_wconf 88' lang='lat' dir='ltr'><strong>ipso</strong></span> <span class='ocrx_word' id='word_1_642' title='bbox 1590 1173 1684 1195; x_wconf 83' lang='lat' dir='ltr'><strong>ventre</strong></span> 
     </span>
    </p>
   </div>
   <div class='ocr_carea' id='block_1_84' title="bbox 892 1213 1684 1255">
    <p class='ocr_par' dir='ltr' id='par_1_84' title="bbox 892 1213 1684 1255">
     <span class='ocr_line' id='line_1_84' title="bbox 892 1213 1684 1255; baseline -0.01 -8"><span class='ocrx_word' id='word_1_643' title='bbox 892 1227 974 1255; x_wconf 82' lang='lat' dir='ltr'><strong>atque</strong></span> <span class='ocrx_word' id='word_1_644' title='bbox 995 1225 1072 1247; x_wconf 89' lang='lat' dir='ltr'><strong>utero</strong></span> <span class='ocrx_word' id='word_1_645' title='bbox 1091 1219 1223 1253; x_wconf 78' lang='lat' dir='ltr'><strong>virgineo,</strong></span> <span class='ocrx_word' id='word_1_646' title='bbox 1242 1217 1330 1252; x_wconf 86' lang='lat' dir='ltr'><strong>ipsum</strong></span> <span class='ocrx_word' id='word_1_647' title='bbox 1343 1215 1513 1247; x_wconf 78' lang='lat' dir='ltr'><strong>Emmanuel,</strong></span> <span class='ocrx_word' id='word_1_648' title='bbox 1535 1222 1595 1242; x_wconf 85' lang='lat' dir='ltr'><strong>cum</strong></span> <span class='ocrx_word' id='word_1_649' title='bbox 1613 1213 1684 1240; x_wconf 86' lang='lat' dir='ltr'><strong>Dens</strong></span> 
     </span>
    </p>
   </div>
   <div class='ocr_carea' id='block_1_85' title="bbox 891 1260 1685 1298">
    <p class='ocr_par' dir='ltr' id='par_1_85' title="bbox 891 1260 1685 1298">
     <span class='ocr_line' id='line_1_85' title="bbox 891 1260 1685 1298; baseline -0.011 -4"><span class='ocrx_word' id='word_1_650' title='bbox 891 1271 974 1297; x_wconf 79' lang='lat' dir='ltr'><strong>esset,</strong></span> <span class='ocrx_word' id='word_1_651' title='bbox 990 1265 1128 1292; x_wconf 80' lang='lat' dir='ltr'><strong>imminent</strong></span> <span class='ocrx_word' id='word_1_652' title='bbox 1147 1263 1291 1298; x_wconf 86' lang='lat' dir='ltr'><strong>prodiisse,</strong></span> <span class='ocrx_word' id='word_1_653' title='bbox 1308 1262 1417 1297; x_wconf 89' lang='lat' dir='ltr'><strong>plenutn</strong></span> <span class='ocrx_word' id='word_1_654' title='bbox 1434 1261 1527 1296; x_wconf 88' lang='lat' dir='ltr'><strong>procul</strong></span> <span class='ocrx_word' id='word_1_655' title='bbox 1543 1260 1624 1287; x_wconf 90' lang='lat' dir='ltr'><strong>dubio</strong></span> <span class='ocrx_word' id='word_1_656' title='bbox 1641 1266 1685 1286; x_wconf 88' lang='lat' dir='ltr'><strong>sa-</strong></span> 
     </span>
    </p>
   </div>
   <div class='ocr_carea' id='block_1_86' title="bbox 892 1305 1685 1345">
    <p class='ocr_par' dir='ltr' id='par_1_86' title="bbox 892 1305 1685 1345">
     <span class='ocr_line' id='line_1_86' title="bbox 892 1305 1685 1345; baseline -0.009 -8"><span class='ocrx_word' id='word_1_657' title='bbox 892 1310 992 1345; x_wconf 87' lang='lat' dir='ltr'><strong>pientia</strong></span> <span class='ocrx_word' id='word_1_658' title='bbox 1009 1315 1036 1336; x_wconf 87' lang='lat' dir='ltr'><strong>et</strong></span> <span class='ocrx_word' id='word_1_659' title='bbox 1049 1309 1136 1345; x_wconf 79' lang='lat' dir='ltr'><strong>gratia</strong></span> <span class='ocrx_word' id='word_1_660' title='bbox 1154 1316 1214 1343; x_wconf 65' lang='lat' dir='ltr'><strong>quae</strong></span> <span class='ocrx_word' id='word_1_661' title='bbox 1231 1307 1268 1334; x_wconf 93' lang='lat' dir='ltr'><strong>illi</strong></span> <span class='ocrx_word' id='word_1_662' title='bbox 1290 1306 1450 1334; x_wconf 84' lang='lat' dir='ltr'><strong>naturaliter</strong></span> <span class='ocrx_word' id='word_1_663' title='bbox 1472 1306 1569 1333; x_wconf 89' lang='lat' dir='ltr'><strong>inerat.</strong></span> <span class='ocrx_word' id='word_1_664' title='bbox 1595 1305 1685 1338; x_wconf 82' lang='lat' dir='ltr'><strong>Quod-</strong></span> 
     </span>
    </p>
   </div>
   <div class='ocr_carea' id='block_1_87' title="bbox 892 1352 1685 1391">
    <p class='ocr_par' dir='ltr' id='par_1_87' title="bbox 892 1352 1685 1391">
     <span class='ocr_line' id='line_1_87' title="bbox 892 1352 1685 1391; baseline -0.01 -7"><span class='ocrx_word' id='word_1_665' title='bbox 892 1365 954 1384; x_wconf 93' lang='lat' dir='ltr'><strong>nam</strong></span> <span class='ocrx_word' id='word_1_666' title='bbox 976 1357 1057 1391; x_wconf 75' lang='lat' dir='ltr'><strong>igitur</strong></span> <span class='ocrx_word' id='word_1_667' title='bbox 1072 1357 1094 1382; x_wconf 92' lang='lat' dir='ltr'><strong>is</strong></span> <span class='ocrx_word' id='word_1_668' title='bbox 1111 1355 1306 1382; x_wconf 86' lang='lat' dir='ltr'><strong>incrementum</strong></span> <span class='ocrx_word' id='word_1_669' title='bbox 1322 1352 1481 1387; x_wconf 76' lang='lat' dir='ltr'><strong>susciperet.</strong></span> <span class='ocrx_word' id='word_1_670' title='bbox 1501 1352 1527 1378; x_wconf 94' lang='lat' dir='ltr'><strong>in</strong></span> <span class='ocrx_word' id='word_1_671' title='bbox 1547 1358 1600 1386; x_wconf 89' lang='lat' dir='ltr'><strong>qtto</strong></span> <span class='ocrx_word' id='word_1_672' title='bbox 1623 1354 1685 1377; x_wconf 92' lang='lat' dir='ltr'><strong>sunt</strong></span> 
     </span>
    </p>
   </div>
   <div class='ocr_carea' id='block_1_88' title="bbox 891 1396 1684 1435">
    <p class='ocr_par' dir='ltr' id='par_1_88' title="bbox 891 1396 1684 1435">
     <span class='ocr_line' id='line_1_88' title="bbox 891 1396 1684 1435; baseline -0.01 -5"><span class='ocrx_word' id='word_1_673' title='bbox 891 1411 985 1431; x_wconf 89' lang='lat' dir='ltr'><strong>omnes</strong></span> <span class='ocrx_word' id='word_1_674' title='bbox 1001 1401 1118 1429; x_wconf 88' lang='lat' dir='ltr'><strong>tltesauri</strong></span> <span class='ocrx_word' id='word_1_675' title='bbox 1136 1400 1276 1435; x_wconf 74' lang='lat' dir='ltr'><strong>sapientia:</strong></span> <span class='ocrx_word' id='word_1_676' title='bbox 1288 1400 1324 1432; x_wconf 65' lang='lat'><strong>9°,</strong></span> <span class='ocrx_word' id='word_1_677' title='bbox 1338 1399 1383 1433; x_wconf 87' lang='lat' dir='ltr'><strong>qui</strong></span> <span class='ocrx_word' id='word_1_678' title='bbox 1404 1405 1526 1433; x_wconf 76' lang='lat' dir='ltr'><strong>superate</strong></span> <span class='ocrx_word' id='word_1_679' title='bbox 1540 1396 1634 1432; x_wconf 68' lang='lat' dir='ltr'><strong>gratiae</strong></span> <span class='ocrx_word' id='word_1_680' title='bbox 1647 1397 1684 1423; x_wconf 86' lang='lat' dir='ltr'><strong>si-</strong></span> 
     </span>
    </p>
   </div>
   <div class='ocr_carea' id='block_1_89' title="bbox 892 1441 1686 1479">
    <p class='ocr_par' dir='ltr' id='par_1_89' title="bbox 892 1441 1686 1479">
     <span class='ocr_line' id='line_1_89' title="bbox 892 1441 1686 1479; baseline -0.014 -3"><span class='ocrx_word' id='word_1_681' title='bbox 892 1449 945 1477; x_wconf 90' lang='lat' dir='ltr'><strong>mul</strong></span> <span class='ocrx_word' id='word_1_682' title='bbox 962 1456 1022 1475; x_wconf 88' lang='lat' dir='ltr'><strong>cum</strong></span> <span class='ocrx_word' id='word_1_683' title='bbox 1039 1447 1093 1474; x_wconf 78' lang='lat' dir='ltr'><strong>Deo</strong></span> <span class='ocrx_word' id='word_1_684' title='bbox 1109 1451 1137 1474; x_wconf 91' lang='lat' dir='ltr'><strong>et</strong></span> <span class='ocrx_word' id='word_1_685' title='bbox 1154 1446 1236 1472; x_wconf 80' lang='lat' dir='ltr'><strong>Patre</strong></span> <span class='ocrx_word' id='word_1_686' title='bbox 1250 1445 1365 1479; x_wconf 76' lang='lat' dir='ltr'><strong>largitor</strong></span> <span class='ocrx_word' id='word_1_687' title='bbox 1377 1443 1440 1471; x_wconf 87' lang='lat' dir='ltr'><strong>est?</strong></span> <span class='ocrx_word' id='word_1_688' title='bbox 1451 1441 1592 1474; x_wconf 88' lang='lat' dir='ltr'><strong>Ouomodo</strong></span> <span class='ocrx_word' id='word_1_689' title='bbox 1604 1441 1686 1473; x_wconf 67' lang='lat' dir='ltr'><strong>igitur</strong></span> 
     </span>
    </p>
   </div>
   <div class='ocr_carea' id='block_1_90' title="bbox 891 1486 1686 1530">
    <p class='ocr_par' dir='ltr' id='par_1_90' title="bbox 891 1486 1686 1530">
     <span class='ocr_line' id='line_1_90' title="bbox 891 1486 1686 1530; baseline -0.013 -9"><span class='ocrx_word' id='word_1_690' title='bbox 891 1494 1022 1530; x_wconf 85' lang='lat' dir='ltr'><strong>proficere</strong></span> <span class='ocrx_word' id='word_1_691' title='bbox 1047 1493 1136 1521; x_wconf 85' lang='lat' dir='ltr'><strong>dictus</strong></span> <span class='ocrx_word' id='word_1_692' title='bbox 1152 1492 1213 1520; x_wconf 87' lang='lat' dir='ltr'><strong>est?</strong></span> <span class='ocrx_word' id='word_1_693' title='bbox 1237 1490 1273 1519; x_wconf 84' lang='lat' dir='ltr'><strong>Ut</strong></span> <span class='ocrx_word' id='word_1_694' title='bbox 1296 1498 1345 1526; x_wconf 75' lang='lat' dir='ltr'><strong>ego</strong></span> <span class='ocrx_word' id='word_1_695' title='bbox 1372 1490 1498 1521; x_wconf 86' lang='lat' dir='ltr'><strong>arbitror,</strong></span> <span class='ocrx_word' id='word_1_696' title='bbox 1523 1487 1585 1522; x_wconf 87' lang='lat' dir='ltr'><strong>quia</strong></span> <span class='ocrx_word' id='word_1_697' title='bbox 1616 1486 1686 1513; x_wconf 87' lang='lat' dir='ltr'><strong>Dens</strong></span> 
     </span>
    </p>
   </div>
   <div class='ocr_carea' id='block_1_91' title="bbox 893 1531 1686 1574">
    <p class='ocr_par' dir='ltr' id='par_1_91' title="bbox 893 1531 1686 1574">
     <span class='ocr_line' id='line_1_91' title="bbox 893 1531 1686 1574; baseline -0.014 -7"><span class='ocrx_word' id='word_1_698' title='bbox 893 1539 1025 1570; x_wconf 81' lang='lat' dir='ltr'><strong>Verbum,</strong></span> <span class='ocrx_word' id='word_1_699' title='bbox 1044 1546 1093 1574; x_wconf 89' lang='lat' dir='ltr'><strong>pro</strong></span> <span class='ocrx_word' id='word_1_700' title='bbox 1107 1539 1277 1565; x_wconf 82' lang='lat' dir='ltr'><strong>incremento</strong></span> <span class='ocrx_word' id='word_1_701' title='bbox 1289 1540 1318 1562; x_wconf 90' lang='lat' dir='ltr'><strong>et</strong></span> <span class='ocrx_word' id='word_1_702' title='bbox 1328 1539 1409 1562; x_wconf 60' lang='lat' dir='ltr'><strong>aetate</strong></span> <span class='ocrx_word' id='word_1_703' title='bbox 1420 1532 1602 1567; x_wconf 78' lang='lat' dir='ltr'><strong>suicorporis,</strong></span> <span class='ocrx_word' id='word_1_704' title='bbox 1617 1531 1686 1557; x_wconf 89' lang='lat' dir='ltr'><strong>divi-</strong></span> 
     </span>
    </p>
   </div>
   <div class='ocr_carea' id='block_1_92' title="bbox 892 1576 1685 1616">
    <p class='ocr_par' dir='ltr' id='par_1_92' title="bbox 892 1576 1685 1616">
     <span class='ocr_line' id='line_1_92' title="bbox 892 1576 1685 1616; baseline -0.013 -3"><span class='ocrx_word' id='word_1_705' title='bbox 892 1593 987 1614; x_wconf 88' lang='lat' dir='ltr'><strong>normo</strong></span> <span class='ocrx_word' id='word_1_706' title='bbox 1009 1585 1114 1611; x_wconf 90' lang='lat' dir='ltr'><strong>illorutn</strong></span> <span class='ocrx_word' id='word_1_707' title='bbox 1135 1584 1266 1610; x_wconf 91' lang='lat' dir='ltr'><strong>bonorum</strong></span> <span class='ocrx_word' id='word_1_708' title='bbox 1290 1589 1349 1616; x_wconf 61' lang='lat' dir='ltr'><strong>quae</strong></span> <span class='ocrx_word' id='word_1_709' title='bbox 1365 1580 1416 1607; x_wconf 82' lang='lat' dir='ltr'><strong>sibi</strong></span> <span class='ocrx_word' id='word_1_710' title='bbox 1430 1580 1547 1610; x_wconf 87' lang='lat' dir='ltr'><strong>inerant,</strong></span> <span class='ocrx_word' id='word_1_711' title='bbox 1569 1576 1685 1604; x_wconf 88' lang='lat' dir='ltr'><strong>manife-</strong></span> 
     </span>
    </p>
   </div>
   <div class='ocr_carea' id='block_1_93' title="bbox 890 1623 1687 1659">
    <p class='ocr_par' dir='ltr' id='par_1_93' title="bbox 890 1623 1687 1659">
     <span class='ocr_line' id='line_1_93' title="bbox 890 1623 1687 1659; baseline -0.014 0"><span class='ocrx_word' id='word_1_712' title='bbox 890 1631 1034 1659; x_wconf 87' lang='lat' dir='ltr'><strong>stationetn</strong></span> <span class='ocrx_word' id='word_1_713' title='bbox 1064 1629 1289 1658; x_wconf 87' lang='lat' dir='ltr'><strong>admetiebantur.</strong></span> <span class='ocrx_word' id='word_1_714' title='bbox 1315 1626 1526 1654; x_wconf 87' lang='lat' dir='ltr'><strong>Cousideremus</strong></span> <span class='ocrx_word' id='word_1_715' title='bbox 1552 1623 1623 1650; x_wconf 91' lang='lat' dir='ltr'><strong>enim</strong></span> <span class='ocrx_word' id='word_1_716' title='bbox 1653 1623 1687 1649; x_wconf 87' lang='lat' dir='ltr'><strong>il-</strong></span> 
     </span>
    </p>
   </div>
   <div class='ocr_carea' id='block_1_94' title="bbox 891 1670 1686 1711">
    <p class='ocr_par' dir='ltr' id='par_1_94' title="bbox 891 1670 1686 1711">
     <span class='ocr_line' id='line_1_94' title="bbox 891 1670 1686 1711; baseline -0.014 -6"><span class='ocrx_word' id='word_1_717' title='bbox 891 1677 958 1708; x_wconf 87' lang='lat' dir='ltr'><strong>lum,</strong></span> <span class='ocrx_word' id='word_1_718' title='bbox 978 1675 1103 1711; x_wconf 79' lang='lat' dir='ltr'><strong>quamvis</strong></span> <span class='ocrx_word' id='word_1_719' title='bbox 1120 1675 1200 1702; x_wconf 89' lang='lat' dir='ltr'><strong>homo</strong></span> <span class='ocrx_word' id='word_1_720' title='bbox 1210 1674 1266 1709; x_wconf 87' lang='lat' dir='ltr'><strong>jam</strong></span> <span class='ocrx_word' id='word_1_721' title='bbox 1282 1672 1367 1700; x_wconf 80' lang='lat' dir='ltr'><strong>nostri</strong></span> <span class='ocrx_word' id='word_1_722' title='bbox 1383 1671 1482 1698; x_wconf 87' lang='lat' dir='ltr'><strong>similis</strong></span> <span class='ocrx_word' id='word_1_723' title='bbox 1502 1670 1589 1697; x_wconf 84' lang='lat' dir='ltr'><strong>factus</strong></span> <span class='ocrx_word' id='word_1_724' title='bbox 1603 1673 1686 1695; x_wconf 76' lang='lat' dir='ltr'><strong>esset.</strong></span> 
     </span>
    </p>
   </div>
   <div class='ocr_carea' id='block_1_95' title="bbox 891 1716 1687 1751">
    <p class='ocr_par' dir='ltr' id='par_1_95' title="bbox 891 1716 1687 1751">
     <span class='ocr_line' id='line_1_95' title="bbox 891 1716 1687 1751; baseline -0.011 -1"><span class='ocrx_word' id='word_1_725' title='bbox 891 1723 969 1751; x_wconf 89' lang='lat' dir='ltr'><strong>initio</strong></span> <span class='ocrx_word' id='word_1_726' title='bbox 998 1722 1082 1749; x_wconf 83' lang='lat' dir='ltr'><strong>latere</strong></span> <span class='ocrx_word' id='word_1_727' title='bbox 1110 1720 1265 1750; x_wconf 77' lang='lat' dir='ltr'><strong>studuisse.</strong></span> <span class='ocrx_word' id='word_1_728' title='bbox 1297 1718 1380 1746; x_wconf 90' lang='lat' dir='ltr'><strong>veluti</strong></span> <span class='ocrx_word' id='word_1_729' title='bbox 1417 1717 1475 1744; x_wconf 81' lang='lat' dir='ltr'><strong>sine</strong></span> <span class='ocrx_word' id='word_1_730' title='bbox 1508 1716 1622 1750; x_wconf 87' lang='lat' dir='ltr'><strong>strepitu</strong></span> <span class='ocrx_word' id='word_1_731' title='bbox 1654 1721 1687 1741; x_wconf 78' lang='lat' dir='ltr'><strong>ac</strong></span> 
     </span>
    </p>
   </div>
   <div class='ocr_carea' id='block_1_96' title="bbox 893 1763 1688 1802">
    <p class='ocr_par' dir='ltr' id='par_1_96' title="bbox 893 1763 1688 1802">
     <span class='ocr_line' id='line_1_96' title="bbox 893 1763 1688 1802; baseline -0.01 -6"><span class='ocrx_word' id='word_1_732' title='bbox 893 1769 976 1796; x_wconf 85' lang='lat' dir='ltr'><strong>tacite</strong></span> <span class='ocrx_word' id='word_1_733' title='bbox 1012 1767 1141 1802; x_wconf 88' lang='lat' dir='ltr'><strong>paulatim</strong></span> <span class='ocrx_word' id='word_1_734' title='bbox 1172 1764 1294 1800; x_wconf 89' lang='lat' dir='ltr'><strong>tnysterii</strong></span> <span class='ocrx_word' id='word_1_735' title='bbox 1329 1764 1382 1791; x_wconf 89' lang='lat' dir='ltr'><strong>vim</strong></span> <span class='ocrx_word' id='word_1_736' title='bbox 1418 1763 1605 1798; x_wconf 85' lang='lat' dir='ltr'><strong>disponentem</strong></span> <span class='ocrx_word' id='word_1_737' title='bbox 1629 1770 1636 1788; x_wconf 89' lang='lat'><strong>:</strong></span> <span class='ocrx_word' id='word_1_738' title='bbox 1660 1768 1688 1788; x_wconf 87' lang='lat' dir='ltr'><strong>ct</strong></span> 
     </span>
    </p>
   </div>
   <div class='ocr_carea' id='block_1_97' title="bbox 892 1805 1688 1846">
    <p class='ocr_par' dir='ltr' id='par_1_97' title="bbox 892 1805 1688 1846">
     <span class='ocr_line' id='line_1_97' title="bbox 892 1805 1688 1846; baseline -0.014 -4"><span class='ocrx_word' id='word_1_739' title='bbox 892 1814 927 1842; x_wconf 78' lang='lat' dir='ltr'><strong>ad</strong></span> <span class='ocrx_word' id='word_1_740' title='bbox 951 1813 1030 1846; x_wconf 82' lang='lat' dir='ltr'><strong>hujus</strong></span> <span class='ocrx_word' id='word_1_741' title='bbox 1058 1812 1095 1839; x_wconf 86' lang='lat' dir='ltr'><strong>rei</strong></span> <span class='ocrx_word' id='word_1_742' title='bbox 1121 1811 1201 1838; x_wconf 80' lang='lat' dir='ltr'><strong>[idem</strong></span> <span class='ocrx_word' id='word_1_743' title='bbox 1228 1810 1298 1837; x_wconf 89' lang='lat' dir='ltr'><strong>Deus</strong></span> <span class='ocrx_word' id='word_1_744' title='bbox 1324 1817 1355 1836; x_wconf 87' lang='lat' dir='ltr'><strong>ac</strong></span> <span class='ocrx_word' id='word_1_745' title='bbox 1379 1808 1459 1835; x_wconf 83' lang='lat' dir='ltr'><strong>Pater</strong></span> <span class='ocrx_word' id='word_1_746' title='bbox 1477 1806 1555 1834; x_wconf 86' lang='lat' dir='ltr'><strong>nobis</strong></span> <span class='ocrx_word' id='word_1_747' title='bbox 1571 1806 1623 1833; x_wconf 85' lang='lat' dir='ltr'><strong>erit</strong></span> <span class='ocrx_word' id='word_1_748' title='bbox 1646 1805 1688 1832; x_wconf 90' lang='lat' dir='ltr'><strong>lo-</strong></span> 
     </span>
    </p>
   </div>
   <div class='ocr_carea' id='block_1_98' title="bbox 893 1855 1686 1894">
    <p class='ocr_par' dir='ltr' id='par_1_98' title="bbox 893 1855 1686 1894">
     <span class='ocr_line' id='line_1_98' title="bbox 893 1855 1686 1894; baseline -0.011 -6"><span class='ocrx_word' id='word_1_749' title='bbox 893 1860 985 1894; x_wconf 83' lang='lat' dir='ltr'><strong>cuples</strong></span> <span class='ocrx_word' id='word_1_750' title='bbox 1000 1864 1096 1886; x_wconf 87' lang='lat' dir='ltr'><strong>auctor</strong></span> <span class='ocrx_word' id='word_1_751' title='bbox 1118 1865 1178 1885; x_wconf 90' lang='lat' dir='ltr'><strong>cum</strong></span> <span class='ocrx_word' id='word_1_752' title='bbox 1196 1857 1262 1885; x_wconf 89' lang='lat' dir='ltr'><strong>dicit</strong></span> <span class='ocrx_word' id='word_1_753' title='bbox 1277 1866 1285 1882; x_wconf 90' lang='lat'><strong>:</strong></span> <span class='ocrx_word' id='word_1_754' title='bbox 1305 1865 1314 1881; x_wconf 85' lang='lat' dir='ltr'><strong>I</strong></span> <span class='ocrx_word' id='word_1_755' title='bbox 1329 1855 1415 1882; x_wconf 82' lang='lat' dir='ltr'><strong>Jacob</strong></span> <span class='ocrx_word' id='word_1_756' title='bbox 1441 1861 1509 1889; x_wconf 89' lang='lat' dir='ltr'><strong>puer</strong></span> <span class='ocrx_word' id='word_1_757' title='bbox 1525 1861 1610 1884; x_wconf 83' lang='lat' dir='ltr'><strong>meus.</strong></span> <span class='ocrx_word' id='word_1_758' title='bbox 1626 1860 1686 1879; x_wconf 86' lang='lat' dir='ltr'><strong>sus-</strong></span> 
     </span>
    </p>
   </div>
   <div class='ocr_carea' id='block_1_99' title="bbox 893 1900 1686 1942">
    <p class='ocr_par' dir='ltr' id='par_1_99' title="bbox 893 1900 1686 1942">
     <span class='ocr_line' id='line_1_99' title="bbox 893 1900 1686 1942; baseline -0.013 -8"><span class='ocrx_word' id='word_1_759' title='bbox 893 1906 992 1942; x_wconf 85' lang='lat' dir='ltr'><strong>cipiam</strong></span> <span class='ocrx_word' id='word_1_760' title='bbox 1013 1912 1075 1932; x_wconf 92' lang='lat' dir='ltr'><strong>eum</strong></span> <span class='ocrx_word' id='word_1_761' title='bbox 1099 1913 1105 1932; x_wconf 93' lang='lat'>:</span> <span class='ocrx_word' id='word_1_762' title='bbox 1123 1903 1216 1938; x_wconf 79' lang='lat' dir='ltr'><strong>lIsrael</strong></span> <span class='ocrx_word' id='word_1_763' title='bbox 1236 1902 1339 1929; x_wconf 86' lang='lat' dir='ltr'><strong>electus</strong></span> <span class='ocrx_word' id='word_1_764' title='bbox 1363 1909 1455 1933; x_wconf 82' lang='lat' dir='ltr'><strong>meus,</strong></span> <span class='ocrx_word' id='word_1_765' title='bbox 1478 1900 1608 1934; x_wconf 85' lang='lat' dir='ltr'><strong>suscipiet</strong></span> <span class='ocrx_word' id='word_1_766' title='bbox 1623 1906 1686 1925; x_wconf 88' lang='lat' dir='ltr'><strong>eum</strong></span> 
     </span>
    </p>
   </div>
   <div class='ocr_carea' id='block_1_100' title="bbox 893 1943 1686 1983">
    <p class='ocr_par' dir='ltr' id='par_1_100' title="bbox 893 1943 1686 1983">
     <span class='ocr_line' id='line_1_100' title="bbox 893 1943 1686 1983; baseline -0.011 -4"><span class='ocrx_word' id='word_1_767' title='bbox 893 1952 982 1979; x_wconf 85' lang='lat' dir='ltr'><strong>anima</strong></span> <span class='ocrx_word' id='word_1_768' title='bbox 1000 1958 1058 1977; x_wconf 87' lang='lat' dir='ltr'><strong>mea</strong></span> <span class='ocrx_word' id='word_1_769' title='bbox 1072 1959 1078 1977; x_wconf 94' lang='lat'>:</span> <span class='ocrx_word' id='word_1_770' title='bbox 1091 1949 1152 1976; x_wconf 88' lang='lat' dir='ltr'><strong>dedi</strong></span> <span class='ocrx_word' id='word_1_771' title='bbox 1169 1948 1292 1983; x_wconf 87' lang='lat' dir='ltr'><strong>spiritum</strong></span> <span class='ocrx_word' id='word_1_772' title='bbox 1305 1955 1394 1974; x_wconf 85' lang='lat' dir='ltr'><strong>meum</strong></span> <span class='ocrx_word' id='word_1_773' title='bbox 1410 1954 1494 1980; x_wconf 88' lang='lat' dir='ltr'><strong>super</strong></span> <span class='ocrx_word' id='word_1_774' title='bbox 1521 1952 1583 1972; x_wconf 89' lang='lat' dir='ltr'><strong>eum</strong></span> <span class='ocrx_word' id='word_1_775' title='bbox 1598 1943 1686 1978; x_wconf 83' lang='lat' dir='ltr'><strong>:judi-</strong></span> 
     </span>
    </p>
   </div>
   <div class='ocr_carea' id='block_1_101' title="bbox 893 1992 1687 2032">
    <p class='ocr_par' dir='ltr' id='par_1_101' title="bbox 893 1992 1687 2032">
     <span class='ocr_line' id='line_1_101' title="bbox 893 1992 1687 2032; baseline -0.011 -7"><span class='ocrx_word' id='word_1_776' title='bbox 893 1998 964 2027; x_wconf 92' lang='lat' dir='ltr'><strong>cium</strong></span> <span class='ocrx_word' id='word_1_777' title='bbox 986 1997 1113 2032; x_wconf 75' lang='lat' dir='ltr'><strong>gentibus</strong></span> <span class='ocrx_word' id='word_1_778' title='bbox 1136 1995 1254 2030; x_wconf 87' lang='lat' dir='ltr'><strong>proferet</strong></span> <span class='ocrx_word' id='word_1_779' title='bbox 1276 2002 1283 2020; x_wconf 89' lang='lat'><strong>:</strong></span> <span class='ocrx_word' id='word_1_780' title='bbox 1302 2001 1354 2020; x_wconf 90' lang='lat' dir='ltr'><strong>non</strong></span> <span class='ocrx_word' id='word_1_781' title='bbox 1373 1992 1512 2024; x_wconf 77' lang='lat' dir='ltr'><strong>clamabit.</strong></span> <span class='ocrx_word' id='word_1_782' title='bbox 1534 1997 1622 2025; x_wconf 85' lang='lat' dir='ltr'><strong>neque</strong></span> <span class='ocrx_word' id='word_1_783' title='bbox 1637 1997 1687 2016; x_wconf 85' lang='lat' dir='ltr'><strong>vo-</strong></span> 
     </span>
    </p>
   </div>
   <div class='ocr_carea' id='block_1_102' title="bbox 894 2036 1686 2076">
    <p class='ocr_par' dir='ltr' id='par_1_102' title="bbox 894 2036 1686 2076">
     <span class='ocr_line' id='line_1_102' title="bbox 894 2036 1686 2076; baseline -0.011 -5"><span class='ocrx_word' id='word_1_784' title='bbox 894 2043 1060 2075; x_wconf 84' lang='lat' dir='ltr'><strong>ciferabitur,</strong></span> <span class='ocrx_word' id='word_1_785' title='bbox 1076 2049 1162 2076; x_wconf 89' lang='lat' dir='ltr'><strong>neque</strong></span> <span class='ocrx_word' id='word_1_786' title='bbox 1173 2041 1303 2068; x_wconf 88' lang='lat' dir='ltr'><strong>audietur</strong></span> <span class='ocrx_word' id='word_1_787' title='bbox 1313 2046 1364 2066; x_wconf 81' lang='lat' dir='ltr'><strong>vox</strong></span> <span class='ocrx_word' id='word_1_788' title='bbox 1377 2038 1435 2071; x_wconf 84' lang='lat' dir='ltr'><strong>ejus</strong></span> <span class='ocrx_word' id='word_1_789' title='bbox 1448 2038 1514 2065; x_wconf 90' lang='lat' dir='ltr'><strong>foris</strong></span> <span class='ocrx_word' id='word_1_790' title='bbox 1530 2046 1537 2064; x_wconf 87' lang='lat'><strong>:</strong></span> <span class='ocrx_word' id='word_1_791' title='bbox 1551 2036 1686 2063; x_wconf 80' lang='lat' dir='ltr'><strong>calamum</strong></span> 
     </span>
    </p>
   </div>
   <div class='ocr_carea' id='block_1_103' title="bbox 895 2083 1687 2125">
    <p class='ocr_par' dir='ltr' id='par_1_103' title="bbox 895 2083 1687 2125">
     <span class='ocr_line' id='line_1_103' title="bbox 895 2083 1687 2125; baseline -0.013 -8"><span class='ocrx_word' id='word_1_792' title='bbox 895 2094 1054 2125; x_wconf 81' lang='lat' dir='ltr'><strong>quassatum</strong></span> <span class='ocrx_word' id='word_1_793' title='bbox 1081 2095 1132 2115; x_wconf 91' lang='lat' dir='ltr'><strong>non</strong></span> <span class='ocrx_word' id='word_1_794' title='bbox 1158 2091 1294 2118; x_wconf 88' lang='lat' dir='ltr'><strong>conteret,</strong></span> <span class='ocrx_word' id='word_1_795' title='bbox 1315 2089 1343 2112; x_wconf 90' lang='lat' dir='ltr'><strong>et</strong></span> <span class='ocrx_word' id='word_1_796' title='bbox 1368 2085 1450 2111; x_wconf 90' lang='lat' dir='ltr'><strong>linum</strong></span> <span class='ocrx_word' id='word_1_797' title='bbox 1476 2083 1610 2117; x_wconf 77' lang='lat' dir='ltr'><strong>fumigans</strong></span> <span class='ocrx_word' id='word_1_798' title='bbox 1633 2088 1687 2108; x_wconf 91' lang='lat' dir='ltr'><strong>non</strong></span> 
     </span>
    </p>
   </div>
   <div class='ocr_carea' id='block_1_104' title="bbox 894 2129 1687 2170">
    <p class='ocr_par' dir='ltr' id='par_1_104' title="bbox 894 2129 1687 2170">
     <span class='ocr_line' id='line_1_104' title="bbox 894 2129 1687 2170; baseline -0.013 -7"><span class='ocrx_word' id='word_1_799' title='bbox 894 2135 1050 2170; x_wconf 73' lang='lat' dir='ltr'><strong>exstinguat</strong></span> <span class='ocrx_word' id='word_1_800' title='bbox 1061 2134 1095 2160; x_wconf 82' lang='grc'><strong>⁹¹.</strong></span> <span class='ocrx_word' id='word_1_801' title='bbox 1114 2142 1123 2158; x_wconf 84' lang='grc' dir='ltr'><strong>ι</strong></span> <span class='ocrx_word' id='word_1_802' title='bbox 1141 2132 1299 2166; x_wconf 89' lang='lat' dir='ltr'><strong>lncrepabat</strong></span> <span class='ocrx_word' id='word_1_803' title='bbox 1312 2131 1394 2157; x_wconf 85' lang='lat' dir='ltr'><strong>etiam</strong></span> <span class='ocrx_word' id='word_1_804' title='bbox 1411 2129 1485 2164; x_wconf 76' lang='lat' dir='ltr'><strong>ipsos</strong></span> <span class='ocrx_word' id='word_1_805' title='bbox 1499 2133 1608 2155; x_wconf 86' lang='lat' dir='ltr'><strong>sanctos</strong></span> <span class='ocrx_word' id='word_1_806' title='bbox 1623 2135 1687 2160; x_wconf 90' lang='lat' dir='ltr'><strong>apo-</strong></span> 
     </span>
    </p>
   </div>
   <div class='ocr_carea' id='block_1_105' title="bbox 895 2174 1687 2214">
    <p class='ocr_par' dir='ltr' id='par_1_105' title="bbox 895 2174 1687 2214">
     <span class='ocr_line' id='line_1_105' title="bbox 895 2174 1687 2214; baseline -0.01 -6"><span class='ocrx_word' id='word_1_807' title='bbox 895 2181 989 2214; x_wconf 83' lang='lat' dir='ltr'><strong>stolos,</strong></span> <span class='ocrx_word' id='word_1_808' title='bbox 1008 2188 1041 2207; x_wconf 83' lang='lat' dir='ltr'><strong>ne</strong></span> <span class='ocrx_word' id='word_1_809' title='bbox 1053 2187 1114 2207; x_wconf 88' lang='lat' dir='ltr'><strong>entn</strong></span> <span class='ocrx_word' id='word_1_810' title='bbox 1135 2178 1308 2206; x_wconf 86' lang='lat' dir='ltr'><strong>manifestum</strong></span> <span class='ocrx_word' id='word_1_811' title='bbox 1329 2176 1458 2204; x_wconf 86' lang='lat' dir='ltr'><strong>facerent.</strong></span> <span class='ocrx_word' id='word_1_812' title='bbox 1476 2174 1545 2209; x_wconf 72' lang='lat' dir='ltr'><strong>Ergo</strong></span> <span class='ocrx_word' id='word_1_813' title='bbox 1560 2181 1626 2200; x_wconf 90' lang='lat' dir='ltr'><strong>nova</strong></span> <span class='ocrx_word' id='word_1_814' title='bbox 1644 2181 1687 2200; x_wconf 83' lang='lat' dir='ltr'><strong>res</strong></span> 
     </span>
    </p>
   </div>
   <div class='ocr_carea' id='block_1_106' title="bbox 896 2221 1687 2257">
    <p class='ocr_par' dir='ltr' id='par_1_106' title="bbox 896 2221 1687 2257">
     <span class='ocr_line' id='line_1_106' title="bbox 896 2221 1687 2257; baseline -0.01 -4"><span class='ocrx_word' id='word_1_815' title='bbox 896 2231 923 2254; x_wconf 88' lang='lat' dir='ltr'><strong>et</strong></span> <span class='ocrx_word' id='word_1_816' title='bbox 939 2226 1046 2253; x_wconf 87' lang='lat' dir='ltr'><strong>insolita</strong></span> <span class='ocrx_word' id='word_1_817' title='bbox 1061 2229 1168 2253; x_wconf 87' lang='lat' dir='ltr'><strong>ostensa</strong></span> <span class='ocrx_word' id='word_1_818' title='bbox 1185 2228 1268 2255; x_wconf 81' lang='lat' dir='ltr'><strong>esset.</strong></span> <span class='ocrx_word' id='word_1_819' title='bbox 1283 2228 1310 2250; x_wconf 91' lang='lat' dir='ltr'><strong>et</strong></span> <span class='ocrx_word' id='word_1_820' title='bbox 1326 2230 1387 2257; x_wconf 64' lang='lat' dir='ltr'><strong>quae</strong></span> <span class='ocrx_word' id='word_1_821' title='bbox 1401 2221 1535 2248; x_wconf 84' lang='lat' dir='ltr'><strong>curiosius</strong></span> <span class='ocrx_word' id='word_1_822' title='bbox 1553 2224 1624 2247; x_wconf 89' lang='lat' dir='ltr'><strong>esset</strong></span> <span class='ocrx_word' id='word_1_823' title='bbox 1639 2227 1687 2245; x_wconf 73' lang='lat' dir='ltr'><strong>ex-</strong></span> 
     </span>
    </p>
   </div>
   <div class='ocr_carea' id='block_1_107' title="bbox 896 2266 1687 2308">
    <p class='ocr_par' dir='ltr' id='par_1_107' title="bbox 896 2266 1687 2308">
     <span class='ocr_line' id='line_1_107' title="bbox 896 2266 1687 2308; baseline -0.01 -9"><span class='ocrx_word' id='word_1_824' title='bbox 896 2272 1038 2308; x_wconf 87' lang='lat' dir='ltr'><strong>quirenda,</strong></span> <span class='ocrx_word' id='word_1_825' title='bbox 1049 2272 1071 2298; x_wconf 87' lang='lat' dir='ltr'><strong>si</strong></span> <span class='ocrx_word' id='word_1_826' title='bbox 1086 2271 1173 2298; x_wconf 89' lang='lat' dir='ltr'><strong>adhttc</strong></span> <span class='ocrx_word' id='word_1_827' title='bbox 1185 2270 1273 2297; x_wconf 86' lang='lat' dir='ltr'><strong>infans</strong></span> <span class='ocrx_word' id='word_1_828' title='bbox 1285 2270 1404 2297; x_wconf 82' lang='lat' dir='ltr'><strong>divinam</strong></span> <span class='ocrx_word' id='word_1_829' title='bbox 1416 2268 1556 2303; x_wconf 62' lang='lat' dir='ltr'><strong>sapientia:</strong></span> <span class='ocrx_word' id='word_1_830' title='bbox 1569 2266 1687 2301; x_wconf 87' lang='lat' dir='ltr'><strong>speciem</strong></span> 
     </span>
    </p>
   </div>
   <div class='ocr_carea' id='block_1_108' title="bbox 896 2315 1687 2349">
    <p class='ocr_par' dir='ltr' id='par_1_108' title="bbox 896 2315 1687 2349">
     <span class='ocr_line' id='line_1_108' title="bbox 896 2315 1687 2349; baseline -0.011 -3"><span class='ocrx_word' id='word_1_831' title='bbox 896 2319 1060 2346; x_wconf 81' lang='lat' dir='ltr'><strong>ostendisset</strong></span> <span class='ocrx_word' id='word_1_832' title='bbox 1073 2318 1106 2345; x_wconf 54' lang='grc' dir='ltr'><strong>θ’.</strong></span> <span class='ocrx_word' id='word_1_833' title='bbox 1122 2317 1175 2345; x_wconf 88' lang='lat' dir='ltr'><strong>Sed</strong></span> <span class='ocrx_word' id='word_1_834' title='bbox 1189 2324 1249 2344; x_wconf 87' lang='lat' dir='ltr'><strong>euttt</strong></span> <span class='ocrx_word' id='word_1_835' title='bbox 1262 2315 1390 2349; x_wconf 88' lang='lat' dir='ltr'><strong>paulatim</strong></span> <span class='ocrx_word' id='word_1_836' title='bbox 1405 2315 1477 2341; x_wconf 88' lang='lat' dir='ltr'><strong>illam</strong></span> <span class='ocrx_word' id='word_1_837' title='bbox 1490 2319 1517 2341; x_wconf 87' lang='lat' dir='ltr'><strong>ct</strong></span> <span class='ocrx_word' id='word_1_838' title='bbox 1531 2320 1579 2348; x_wconf 89' lang='lat' dir='ltr'><strong>pro</strong></span> <span class='ocrx_word' id='word_1_839' title='bbox 1590 2319 1687 2346; x_wconf 88' lang='lat' dir='ltr'><strong>corpo-</strong></span> 
     </span>
    </p>
   </div>
   <div class='ocr_carea' id='block_1_109' title="bbox 898 2358 1687 2397">
    <p class='ocr_par' dir='ltr' id='par_1_109' title="bbox 898 2358 1687 2397">
     <span class='ocr_line' id='line_1_109' title="bbox 898 2358 1687 2397; baseline -0.01 -6"><span class='ocrx_word' id='word_1_840' title='bbox 898 2373 950 2392; x_wconf 68' lang='lat' dir='ltr'><strong>reae</strong></span> <span class='ocrx_word' id='word_1_841' title='bbox 964 2364 1050 2391; x_wconf 62' lang='lat' dir='ltr'><strong>aetatis</strong></span> <span class='ocrx_word' id='word_1_842' title='bbox 1063 2364 1168 2391; x_wconf 80' lang='lat' dir='ltr'><strong>ratione</strong></span> <span class='ocrx_word' id='word_1_843' title='bbox 1184 2362 1374 2397; x_wconf 82' lang='lat' dir='ltr'><strong>amplificaret,</strong></span> <span class='ocrx_word' id='word_1_844' title='bbox 1389 2359 1566 2394; x_wconf 87' lang='lat' dir='ltr'><strong>omttibusque</strong></span> <span class='ocrx_word' id='word_1_845' title='bbox 1581 2358 1687 2392; x_wconf 84' lang='lat' dir='ltr'><strong>perspi-</strong></span> 
     </span>
    </p>
   </div>
   <div class='ocr_carea' id='block_1_110' title="bbox 896 2403 1688 2442">
    <p class='ocr_par' dir='ltr' id='par_1_110' title="bbox 896 2403 1688 2442">
     <span class='ocr_line' id='line_1_110' title="bbox 896 2403 1688 2442; baseline -0.01 -5"><span class='ocrx_word' id='word_1_846' title='bbox 896 2419 974 2438; x_wconf 88' lang='lat' dir='ltr'><strong>cuatn</strong></span> <span class='ocrx_word' id='word_1_847' title='bbox 1002 2410 1120 2442; x_wconf 82' lang='lat' dir='ltr'><strong>faceret,</strong></span> <span class='ocrx_word' id='word_1_848' title='bbox 1146 2409 1339 2436; x_wconf 86' lang='lat' dir='ltr'><strong>convenienter</strong></span> <span class='ocrx_word' id='word_1_849' title='bbox 1365 2406 1510 2434; x_wconf 90' lang='lat' dir='ltr'><strong>admodum</strong></span> <span class='ocrx_word' id='word_1_850' title='bbox 1538 2403 1688 2439; x_wconf 85' lang='lat' dir='ltr'><strong>profecisse</strong></span> 
     </span>
    </p>
   </div>
   <div class='ocr_carea' id='block_1_111' title="bbox 896 2451 1686 2492">
    <p class='ocr_par' dir='ltr' id='par_1_111' title="bbox 896 2451 1686 2492">
     <span class='ocr_line' id='line_1_111' title="bbox 896 2451 1686 2492; baseline -0.008 -8"><span class='ocrx_word' id='word_1_851' title='bbox 896 2458 948 2485; x_wconf 91' lang='lat' dir='ltr'><strong>dici</strong></span> <span class='ocrx_word' id='word_1_852' title='bbox 974 2461 1072 2492; x_wconf 84' lang='lat' dir='ltr'><strong>potest.</strong></span> <span class='ocrx_word' id='word_1_853' title='bbox 1092 2455 1232 2489; x_wconf 84' lang='lat' dir='ltr'><strong>Quomodo</strong></span> <span class='ocrx_word' id='word_1_854' title='bbox 1259 2455 1342 2489; x_wconf 79' lang='lat' dir='ltr'><strong>igitur</strong></span> <span class='ocrx_word' id='word_1_855' title='bbox 1365 2452 1496 2488; x_wconf 82' lang='lat' dir='ltr'><strong>paulatim</strong></span> <span class='ocrx_word' id='word_1_856' title='bbox 1521 2451 1636 2486; x_wconf 83' lang='lat' dir='ltr'><strong>profecit</strong></span> <span class='ocrx_word' id='word_1_857' title='bbox 1659 2451 1686 2478; x_wconf 88' lang='lat' dir='ltr'><strong>itt</strong></span> 
     </span>
    </p>
   </div>
   <div class='ocr_carea' id='block_1_112' title="bbox 895 2497 1689 2534">
    <p class='ocr_par' dir='ltr' id='par_1_112' title="bbox 895 2497 1689 2534">
     <span class='ocr_line' id='line_1_112' title="bbox 895 2497 1689 2534; baseline -0.009 -4"><span class='ocrx_word' id='word_1_858' title='bbox 895 2503 1092 2534; x_wconf 86' lang='lat' dir='ltr'><strong>sacerdotium,</strong></span> <span class='ocrx_word' id='word_1_859' title='bbox 1116 2502 1142 2528; x_wconf 90' lang='lat' dir='ltr'><strong>in</strong></span> <span class='ocrx_word' id='word_1_860' title='bbox 1159 2501 1304 2533; x_wconf 82' lang='lat' dir='ltr'><strong>virtutene,</strong></span> <span class='ocrx_word' id='word_1_861' title='bbox 1330 2506 1395 2534; x_wconf 76' lang='lat' dir='ltr'><strong>rogo</strong></span> <span class='ocrx_word' id='word_1_862' title='bbox 1411 2503 1447 2530; x_wconf 86' lang='lat' dir='ltr'><strong>te,</strong></span> <span class='ocrx_word' id='word_1_863' title='bbox 1464 2497 1689 2526; x_wconf 77' lang='lat' dir='ltr'><strong>consummatus?</strong></span> 
     </span>
    </p>
   </div>
   <div class='ocr_carea' id='block_1_113' title="bbox 895 2543 1688 2584">
    <p class='ocr_par' dir='ltr' id='par_1_113' title="bbox 895 2543 1688 2584">
     <span class='ocr_line' id='line_1_113' title="bbox 895 2543 1688 2584; baseline -0.008 -10"><span class='ocrx_word' id='word_1_864' title='bbox 895 2549 965 2584; x_wconf 86' lang='lat' dir='ltr'><strong>quod</strong></span> <span class='ocrx_word' id='word_1_865' title='bbox 984 2549 1005 2576; x_wconf 87' lang='lat' dir='ltr'><strong>si</strong></span> <span class='ocrx_word' id='word_1_866' title='bbox 1022 2553 1075 2580; x_wconf 86' lang='lat' dir='ltr'><strong>est.</strong></span> <span class='ocrx_word' id='word_1_867' title='bbox 1091 2555 1143 2582; x_wconf 87' lang='lat' dir='ltr'><strong>qua</strong></span> <span class='ocrx_word' id='word_1_868' title='bbox 1161 2547 1268 2574; x_wconf 84' lang='lat' dir='ltr'><strong>ratione</strong></span> <span class='ocrx_word' id='word_1_869' title='bbox 1284 2545 1427 2580; x_wconf 82' lang='lat' dir='ltr'><strong>quisquam</strong></span> <span class='ocrx_word' id='word_1_870' title='bbox 1442 2543 1571 2578; x_wconf 75' lang='lat' dir='ltr'><strong>ambiget,</strong></span> <span class='ocrx_word' id='word_1_871' title='bbox 1590 2543 1660 2577; x_wconf 85' lang='lat' dir='ltr'><strong>quod</strong></span> <span class='ocrx_word' id='word_1_872' title='bbox 1672 2549 1688 2569; x_wconf 88' lang='lat' dir='ltr'><strong>a</strong></span> 
     </span>
    </p>
   </div>
   <div class='ocr_carea' id='block_1_114' title="bbox 896 2588 1686 2628">
    <p class='ocr_par' dir='ltr' id='par_1_114' title="bbox 896 2588 1686 2628">
     <span class='ocr_line' id='line_1_114' title="bbox 896 2588 1686 2628; baseline -0.009 -7"><span class='ocrx_word' id='word_1_873' title='bbox 896 2594 1060 2628; x_wconf 81' lang='lat' dir='ltr'><strong>perfectione</strong></span> <span class='ocrx_word' id='word_1_874' title='bbox 1086 2593 1194 2620; x_wconf 89' lang='lat' dir='ltr'><strong>virtutis</strong></span> <span class='ocrx_word' id='word_1_875' title='bbox 1220 2593 1314 2624; x_wconf 81' lang='lat' dir='ltr'><strong>abest,</strong></span> <span class='ocrx_word' id='word_1_876' title='bbox 1342 2591 1367 2617; x_wconf 88' lang='lat' dir='ltr'><strong>id</strong></span> <span class='ocrx_word' id='word_1_877' title='bbox 1397 2597 1459 2617; x_wconf 87' lang='lat' dir='ltr'><strong>esse</strong></span> <span class='ocrx_word' id='word_1_878' title='bbox 1483 2588 1686 2624; x_wconf 85' lang='lat' dir='ltr'><strong>reprehensioni</strong></span> 
     </span>
    </p>
   </div>
   <div class='ocr_carea' id='block_1_115' title="bbox 896 2635 1688 2673">
    <p class='ocr_par' dir='ltr' id='par_1_115' title="bbox 896 2635 1688 2673">
     <span class='ocr_line' id='line_1_115' title="bbox 896 2635 1688 2673; baseline -0.009 -5"><span class='ocrx_word' id='word_1_879' title='bbox 896 2641 1054 2673; x_wconf 75' lang='lat' dir='ltr'><strong>obnoxium,</strong></span> <span class='ocrx_word' id='word_1_880' title='bbox 1078 2646 1165 2673; x_wconf 88' lang='lat' dir='ltr'><strong>neque</strong></span> <span class='ocrx_word' id='word_1_881' title='bbox 1183 2646 1232 2672; x_wconf 88' lang='lat' dir='ltr'><strong>per</strong></span> <span class='ocrx_word' id='word_1_882' title='bbox 1244 2638 1334 2664; x_wconf 81' lang='lat' dir='ltr'><strong>omnia</strong></span> <span class='ocrx_word' id='word_1_883' title='bbox 1356 2636 1531 2668; x_wconf 78' lang='lat' dir='ltr'><strong>laudandum,</strong></span> <span class='ocrx_word' id='word_1_884' title='bbox 1554 2635 1608 2662; x_wconf 89' lang='lat' dir='ltr'><strong>imo</strong></span> <span class='ocrx_word' id='word_1_885' title='bbox 1624 2641 1688 2662; x_wconf 88' lang='lat' dir='ltr'><strong>vero</strong></span> 
     </span>
    </p>
   </div>
   <div class='ocr_carea' id='block_1_116' title="bbox 897 2680 1686 2719">
    <p class='ocr_par' dir='ltr' id='par_1_116' title="bbox 897 2680 1686 2719">
     <span class='ocr_line' id='line_1_116' title="bbox 897 2680 1686 2719; baseline -0.008 -6"><span class='ocrx_word' id='word_1_886' title='bbox 897 2686 980 2714; x_wconf 85' lang='lat' dir='ltr'><strong>etiam</strong></span> <span class='ocrx_word' id='word_1_887' title='bbox 993 2686 1111 2713; x_wconf 82' lang='lat' dir='ltr'><strong>fortasse</strong></span> <span class='ocrx_word' id='word_1_888' title='bbox 1125 2685 1158 2711; x_wconf 85' lang='lat' dir='ltr'><strong>de</strong></span> <span class='ocrx_word' id='word_1_889' title='bbox 1171 2684 1276 2719; x_wconf 85' lang='lat' dir='ltr'><strong>peccati</strong></span> <span class='ocrx_word' id='word_1_890' title='bbox 1292 2684 1406 2710; x_wconf 83' lang='lat' dir='ltr'><strong>crimine</strong></span> <span class='ocrx_word' id='word_1_891' title='bbox 1416 2682 1589 2717; x_wconf 79' lang='lat' dir='ltr'><strong>culpandum.</strong></span> <span class='ocrx_word' id='word_1_892' title='bbox 1605 2680 1686 2715; x_wconf 85' lang='lat' dir='ltr'><strong>Atqui</strong></span> 
     </span>
    </p>
   </div>
   <div class='ocr_carea' id='block_1_117' title="bbox 896 2729 1687 2764">
    <p class='ocr_par' dir='ltr' id='par_1_117' title="bbox 896 2729 1687 2764">
     <span class='ocr_line' id='line_1_117' title="bbox 896 2729 1687 2764; baseline -0.01 -4"><span class='ocrx_word' id='word_1_893' title='bbox 896 2741 991 2761; x_wconf 80' lang='lat' dir='ltr'><strong>verum</strong></span> <span class='ocrx_word' id='word_1_894' title='bbox 1008 2737 1117 2760; x_wconf 85' lang='lat' dir='ltr'><strong>estnon</strong></span> <span class='ocrx_word' id='word_1_895' title='bbox 1141 2731 1238 2759; x_wconf 83' lang='lat' dir='ltr'><strong>fecisse</strong></span> <span class='ocrx_word' id='word_1_896' title='bbox 1259 2735 1411 2764; x_wconf 80' lang='lat' dir='ltr'><strong>peccatum,</strong></span> <span class='ocrx_word' id='word_1_897' title='bbox 1437 2737 1524 2764; x_wconf 87' lang='lat' dir='ltr'><strong>neque</strong></span> <span class='ocrx_word' id='word_1_898' title='bbox 1549 2729 1687 2754; x_wconf 80' lang='lat' dir='ltr'><strong>ittt&#39;enluln</strong></span> 
     </span>
    </p>
   </div>
   <div class='ocr_carea' id='block_1_118' title="bbox 914 2829 1687 2865">
    <p class='ocr_par' dir='ltr' id='par_1_118' title="bbox 914 2829 1687 2865">
     <span class='ocr_line' id='line_1_118' title="bbox 914 2829 1687 2865; baseline -0.005 -5"><span class='ocrx_word' id='word_1_899' title='bbox 914 2832 1010 2860; x_wconf 75' lang='lat' dir='ltr'><strong>Matth.</strong></span> <span class='ocrx_word' id='word_1_900' title='bbox 1026 2840 1076 2865; x_wconf 82' lang='lat' dir='ltr'><strong>xu.</strong></span> <span class='ocrx_word' id='word_1_901' title='bbox 1096 2831 1190 2860; x_wconf 69' lang='lat'><strong>18-20.</strong></span> <span class='ocrx_word' id='word_1_902' title='bbox 1228 2832 1252 2848; x_wconf 70' lang='grc' dir='ltr'>θ’</span> <span class='ocrx_word' id='word_1_903' title='bbox 1272 2830 1366 2858; x_wconf 83' lang='lat' dir='ltr'><strong>Matth.</strong></span> <span class='ocrx_word' id='word_1_904' title='bbox 1385 2838 1440 2862; x_wconf 70' lang='grc' dir='ltr'>ιιι-ι,</span> <span class='ocrx_word' id='word_1_905' title='bbox 1458 2830 1512 2863; x_wconf 66' lang='lat'><strong>2&#39;);</strong></span> <span class='ocrx_word' id='word_1_906' title='bbox 1530 2829 1613 2856; x_wconf 86' lang='lat' dir='ltr'><strong>Marc.</strong></span> <span class='ocrx_word' id='word_1_907' title='bbox 1628 2836 1687 2861; x_wconf 78' lang='lat' dir='ltr'><strong>nu,</strong></span> 
     </span>
    </p>
   </div>
  </div>
