1883 3054
171 128 223 157 155

172 189 255 217 fuisse
269 188 359 217 dolum
373 189 400 217 in
412 197 460 218 ore
473 190 540 224 ejus.
556 194 586 218 ut
607 191 737 226 scriptum
751 196 794 219 est
811 192 844 218 ’³.
864 191 959 219 Perfe-
974 195 996 223 Α

170 235 309 262 ctissimus
329 243 393 270 ergo
416 241 476 263 erat
496 237 569 264 omni
597 244 629 265 ex
648 241 725 271 parte
747 237 881 272 ejusmodi
905 238 958 270 vir,

172 289 259 316 neque
272 282 325 310 ullo
339 283 420 310 modo
435 283 581 318 quidquam
597 283 634 310 illi
650 285 744 311 deerat
761 285 795 312 ad
809 285 960 312 absolutam

172 327 372 362 perfectamque
392 329 528 356 virtutem.
553 329 668 363 Quando
689 335 779 358 atttem
800 331 850 359 fuit
873 332 961 359 minus

173 374 198 399 in
221 374 320 400 virtute
335 373 481 408 perfectus,
495 376 542 410 qui
556 376 638 403 etiam
657 377 682 404 in
699 381 776 405 utero
795 378 867 405 Deus
881 377 961 406 erat?

173 420 204 444 de
217 427 270 451 quo
284 420 365 446 etiam
389 422 518 454 propheta
542 422 608 449 dicit
627 423 710 450 Isaias
727 432 734 450 :
753 433 763 450 ι
779 423 908 460 Bntyrum
933 427 960 452 et

173 466 223 491 mel
239 466 379 494 comedet:
397 472 541 501 antequam
556 468 625 495 sciat
639 469 679 495 vel
690 469 772 504 eligat
785 470 866 500 mala.
881 470 962 505 eliget

172 511 326 538 bonum”:
347 521 356 537 ι
376 513 436 546 quia
454 519 599 548 antequam
630 516 698 542 sciat
714 523 782 550 puer
798 517 896 543 bonum
915 521 962 544 aut

172 559 282 590 malum,
303 560 464 593 repugnabit
496 561 672 595 improbitati,
692 568 723 590 ut
745 563 828 597 eligat
847 564 958 590 bonum.

172 603 309 630 Undenam
321 604 403 636 igitur
416 605 461 632 tibi
477 607 596 641 suppetit
610 608 716 636 virtutis
731 609 961 644 imperfectionem

171 649 197 674 in
212 649 319 675 Christo
330 649 389 685 88
403 650 609 679 demonstrare?
620 660 707 687 quave
721 654 763 682 ille
775 657 963 690 progressione

172 694 283 728 indiget,
301 697 346 729 qui
360 697 428 723 adeo
442 703 485 724 est
500 697 653 731 absolutus,
668 705 698 726 ut
713 701 847 728 universa;
862 702 963 736 impro-

171 739 248 766 bitati
276 745 416 774 repugnet,
445 741 624 777 praferatque
645 744 696 777 illi,
722 745 776 772 itno
798 754 862 774 vero
877 747 962 774 solam

171 785 253 819 eligat
268 786 414 813 virtutem?
431 786 483 814 Sed
504 789 597 816 nescio
611 797 662 823 qua
685 790 789 817 ratione
803 791 849 826 qui
866 794 963 819 asserit

172 838 204 857 ac
220 831 307 859 dicit:
327 832 375 858 llic
390 833 434 866 qui
460 833 588 868 paulatim
611 835 725 868 profecit
745 837 778 863 ad
795 838 892 864 summi
915 845 960 864 sa-

172 877 284 904 cerdoﬁi
306 878 474 912 dignitatem,
495 885 522 906 et
546 881 578 906 ad
603 888 651 907 sua
676 882 756 908 verba
780 883 964 910 conﬁrmanda

172 923 284 957 protulit
305 924 370 950 illud
390 933 398 952 :
418 934 426 950 t
442 924 521 953 .Icsus
538 931 626 953 antem
651 927 810 961 proﬁciebat
833 933 913 955 aetate
938 935 966 956 et

173 969 304 1002 sapientia
330 974 357 995 et
380 970 485 1003 gratia;
503 979 513 996 ι
541 972 734 1006 propemodum
759 981 806 1000 sua
830 973 912 1001 verba
937 980 965 1001 ut

173 1023 268 1049 parum
293 1015 420 1042 decenter
437 1016 508 1043 dicta
531 1018 727 1051 condemnatus,
750 1024 883 1047 eteorum
897 1019 965 1047 obli-

175 1065 218 1087 tus
229 1069 288 1095 quae
302 1061 369 1088 bene
384 1062 484 1090 habere
496 1068 649 1097 putaverat,
666 1065 842 1099 perfectionis
857 1066 965 1094 tnodum

174 1106 225 1132 alia
240 1107 343 1133 ratione
359 1107 511 1135 absolutum
535 1108 619 1136 fuisse
639 1109 764 1144 afﬁrmat,
780 1111 874 1139 dicens
889 1119 896 1138 :
917 1111 966 1139 llic

174 1152 218 1180 ille
237 1153 365 1188 temporis
382 1161 492 1182 accessu
511 1153 598 1182 factus
621 1155 753 1189 pontifex.
773 1156 818 1184 ille
835 1164 886 1191 per
900 1164 965 1192 pas-

174 1198 265 1226 siones
277 1206 494 1228 consummatus.
514 1200 611 1229 Nonne
627 1201 677 1229 hoc
697 1202 831 1237 perspicui
848 1203 967 1237 stuporis

174 1249 230 1276 est;
247 1244 301 1271 into
317 1252 382 1272 vero
395 1253 507 1273 summa:
522 1246 648 1274 versutia:
659 1247 804 1275 indicium?
822 1247 887 1275 Nam
900 1256 966 1276 con—

175 1296 326 1318 summatus
337 1296 378 1318 est
388 1291 497 1326 quidem
510 1301 557 1327 per
572 1293 713 1327 passiones
729 1294 856 1321 Dominus
874 1299 967 1322 noster

175 1335 254 1363 .Iesus
268 1337 393 1364 Christus
406 1347 412 1365 :
424 1340 474 1366 iste
490 1346 564 1371 vero,
582 1339 760 1366 liretmodum
774 1348 826 1374 quo
843 1345 884 1368 est
900 1348 966 1368 con-

175 1387 326 1409 summotus
358 1391 410 1410 non
438 1384 554 1419 ignoret,
580 1385 774 1420 sitnpliciorum
802 1387 907 1413 animos
933 1387 966 1415 ad

176 1433 294 1455 remotos
317 1429 446 1461 quosdam
469 1430 663 1465 cogitationum
682 1431 820 1459 anfractus
844 1433 964 1462 abducit.

176 1478 203 1501 et
217 1473 363 1508 profecisse
389 1475 454 1502 dicit
471 1475 495 1502 in
510 1477 688 1510 sacerdotem,
703 1484 731 1504 et
745 1479 771 1504 in
791 1479 842 1506 hoc
863 1480 888 1505 in
904 1487 965 1506 cum

177 1527 390 1548 consummatum
415 1521 509 1553 fuisse.
531 1523 602 1557 quod
619 1531 679 1550 cum
697 1523 784 1551 factus
801 1531 851 1555 est.
869 1525 967 1552 dicitur
980 1537 1001 1566 ρ

177 1567 340 1595 exinanitus.
368 1568 428 1596 1am
460 1577 524 1596 vero
554 1575 680 1604 tanquam
710 1571 776 1598 satis
803 1571 968 1598 ostendisset

177 1614 264 1649 ipsum
280 1614 325 1642 Dei
345 1614 461 1642 Verbum
477 1623 565 1650 neque
581 1624 691 1644 carnem
709 1617 808 1644 factum
826 1625 896 1649 esse.
916 1625 966 1646 ne-

177 1667 230 1694 que
247 1661 382 1688 hominem
399 1669 430 1688 ex
451 1662 563 1689 muliere
575 1663 717 1697 prodiisse,
731 1671 778 1690 eos
796 1664 841 1698 qui
863 1665 903 1692 sic
925 1672 970 1691 sa-

178 1707 256 1741 piunt
273 1707 402 1741 increpat,
417 1707 531 1736 dicens:
549 1708 618 1742 Quid
630 1717 694 1743 ergo
711 1710 841 1737 adversus
855 1710 968 1738 Paulum

179 1751 379 1785 interpretaris,
393 1753 456 1780 dum
475 1754 640 1788 intpassihile
662 1756 706 1783 Dei
726 1756 842 1784 Verbum
862 1763 969 1785 terreno

180 1798 318 1826 immisces
340 1800 456 1833 corpori,
479 1804 506 1827 et
522 1801 678 1834 passibiletn
704 1803 858 1837 pontiﬁcem
882 1803 970 1832 facis?

180 1844 250 1870 Audi
267 1844 350 1878 igitur
364 1853 378 1872 a
395 1845 482 1878 nobis,
498 1847 597 1880 quibus
616 1847 696 1874 etiam
718 1849 827 1875 charior
842 1853 884 1876 est
898 1849 970 1876 veri-

181 1895 244 1918 tas:
259 1899 308 1918 cur
329 1899 454 1926 perverse
477 1893 586 1921 Paulum
607 1894 806 1929 interpretaris,
830 1897 884 1924 imo
906 1905 971 1925 vero

182 1938 321 1965 universas
337 1938 453 1966 Litteras
464 1947 556 1967 sacras
568 1941 700 1968 calumnia
707 1942 752 1973 ris,
767 1943 828 1969 dum
844 1942 891 1970 Dei
904 1943 972 1971 Ver-

182 1985 246 2011 bum
265 1992 279 2010 a
298 1985 386 2011 carnis
403 1985 606 2019 dispensatione
629 1987 766 2019 subducis,
790 1992 817 2014 ct
835 1989 970 2016 hominem

183 2030 262 2057 nobis
279 2031 349 2056 nuda
361 2031 550 2066 conjunctione
565 2032 736 2060 honestatum
753 2034 869 2067 prmﬁcis
882 2043 971 2062 sacer-

183 2076 284 2109 dotem,
306 2076 368 2104 licet
390 2078 512 2104 enuntiem
534 2078 630 2106 audias
650 2079 807 2113 porttilicem
830 2080 920 2113 simul,
944 2086 972 2108 et

183 2129 243 2148 cum
260 2121 315 2149 Deo
336 2127 363 2149 et
378 2122 459 2149 Patre
481 2123 506 2149 in
528 2124 622 2150 eodem
640 2124 708 2151 solio
723 2126 919 2159 considentem,
943 2132 973 2154 nt

184 2167 263 2201 paulo
291 2172 353 2194 ante
377 2168 511 2201 diximus;
535 2177 596 2196 nam
620 2169 719 2198 Paulus
746 2170 834 2197 dixit:
854 2181 863 2196 ι
879 2171 971 2199 Talem

679 131 708 160 S.
729 131 867 160 CYRILIJ
888 131 1124 161 ALEXANDRINI
1142 134 1302 162 ARCllIEP.

1759 130 1818 159 150

1011 193 1104 226 αὐτοῦ,
1126 194 1197 220 καθὰ
1221 194 1384 230 γέγραπται.
1411 194 1571 226 Παντέλειος
1590 191 1637 221 οὖν
1660 193 1676 220 ὁ
1700 189 1815 218 τοιόσδε

1011 239 1079 274 πρὸς
1097 240 1150 266 πᾶν
1165 239 1263 271 ὁτιοῦν,
1281 241 1327 266 καὶ
1345 240 1406 266 κατ’
1432 240 1528 266 οὐδένα
1539 239 1639 274 τρόπον
1651 237 1685 265 ἂν
1700 237 1762 272 ἔχοι
1779 235 1815 261 τὺ

1011 285 1100 317 ἐνδεὲς
1120 286 1167 312 τοῦ
1185 286 1285 321 ἀρτίως
1305 286 1412 320 ἔχοντος
1435 286 1475 317 εις
1498 285 1666 320 κατόρθωσιν
1688 281 1812 317 ἀρετῆς.

1012 330 1080 356 Πότε
1094 330 1121 356 δὲ
1134 327 1168 365 ἦν
1184 330 1214 356 οὺ
1235 329 1335 361 τέλειος
1356 331 1396 361 εις
1409 329 1439 356 ea
1457 329 1558 363 ἀγαθὸν
1571 329 1586 355 ὁ
1597 329 1644 355 καὶ
1660 329 1690 354 ὲν
1710 327 1812 363 μήτρᾳ

1011 375 1087 407 Θεὸς,
1101 376 1165 411 περὶ
1177 371 1208 402 οὗ
1220 376 1291 402 καὶὸ
1304 377 1446 412 προφήτης
1461 375 1544 410 φησὶν
1562 375 1675 405 Ἡσαΐας
1688 382 1695 389 ·
1711 383 1721 399 ε
1738 371 1810 399 Βού-

1011 430 1093 455 τυρον
1110 422 1157 449 καὶ
1172 422 1233 457 μέλι
1248 422 1374 456 φάγεται·
1391 421 1474 457 πρινὴ
1485 421 1585 455 γνῶναι
1600 420 1682 447 αὐτὸν
1699 419 1715 454 ἢ
1736 426 1811 453 προ-

1012 468 1120 495 ελέσθαι
1145 468 1261 503 πονηρὰ,
1281 466 1419 500 ὲκλέεεται
1439 467 1470 493 τδ
1484 466 1600 501 ἀγαθόν;
1617 475 1625 491 ι
1636 465 1705 492 διότι
1718 463 1809 500 πρινὴ

1011 514 1113 548 γνῶναι
1128 514 1159 540 τὸ
1178 513 1282 540 παιδίον
1304 513 1415 546 ἀγαθὸν,
1433 513 1450 548 ἢ
1466 512 1561 544 κακὸν,
1587 511 1697 538 ἀπειθεῖ
1717 518 1810 544 πονη-

1013 561 1074 596 ρίᾳ,
1089 559 1134 586 τοῦ
1151 559 1312 592 ἐκλέξασθαι
1326 559 1356 586 τὸ
1371 559 1482 593 ἀγαθόν.
1503 558 1558 585 Ποῦ
1573 557 1663 584 τοίνυν
1681 557 1715 584 ἂν
1737 557 1808 592 ἔχῃς

1012 605 1144 638 ἐπιδεῖξαι
1164 605 1282 640 Χριστοῦ
1303 605 1333 631 τὸ
1354 605 1448 636 ἀτελὲς
1469 604 1508 631 ἔτι
1540 604 1607 639 πρὸς
1629 604 1659 630 τὸ
1678 602 1806 635 ἀγαθόν;

1012 652 1029 688 ἢ
1046 653 1125 683 ποίας
1144 652 1177 679 ἂν
1189 651 1275 678 δέοιτο
1296 650 1446 686 προκοπῆς,
1462 652 1476 677 ὁ
1496 650 1582 680 οὕτως
1597 649 1698 684 ἀρτίως
1721 647 1806 682 ἔχων,

1012 697 1050 729 ὡς
1065 698 1157 733 ἁπάσῃ
1173 698 1222 732 μὲν
1242 697 1365 724 ἀπειθεῖν
1385 696 1513 731 πονηρίᾳ,
1533 696 1695 731 προτάττειν
1710 694 1740 720 δὲ
1757 693 1808 720 αὑ-

1012 743 1072 778 τῆς.
1089 743 1135 769 καὶ
1159 743 1212 778 μὴν
1229 743 1275 769 καὶ
1290 742 1369 777 μόνον
1392 741 1529 776 αἱρεῖσθαι
1546 741 1575 767 τὸ
1591 740 1710 774 ἀγαθὸν;
1733 737 1807 765 Ἀλλ’

1013 789 1063 815 οὐκ
1079 787 1127 815 οἷδ’
1140 788 1215 820 ὅπως
1226 789 1240 814 ὁ
1255 787 1491 822 διαΰεὸαιούμενός
1501 795 1530 813 τε
1544 786 1591 813 κα)⁵
1604 786 1703 820 λέγων,
1718 781 1806 814 Οὗτος

1015 835 1029 860 ὁ
1040 833 1109 861 κατὰ
1125 833 1223 869 μικρὸν
1246 833 1386 869 προκόψας
1400 834 1439 864 εἰς
1454 832 1603 868 ἀρχιερέως
1623 831 1741 866 ἀξίωμα,
1757 829 1807 856 καὶ

1016 879 1193 914 παρενεγκὼν
1218 880 1258 910 εις
1280 879 1417 912 ἀπόδειξιν
1442 879 1497 905 τῶν
1523 878 1619 905 ἑαυτοῦ
1639 877 1738 910 λόγων,
1761 875 1804 904 τὸ.

1020 936 1029 952 ι
1044 926 1148 962 Ἰησοῦς
1162 926 1189 953 δὲ
1205 926 1371 962 προέκοπτεν
1385 925 1477 960 ἡλικίᾳ
1487 925 1533 951 καὶ
1542 924 1623 959 σοφίᾳ
1632 922 1786 957 καὶχάριτι,
1794 930 1804 946 ι

1018 974 1158 1009 μονονουχὶ
1183 973 1237 999 τῶν
1260 972 1357 1000 ἑαυτοῦ
1379 973 1466 1006 λόγων
1494 970 1646 1005 καθορίζων
1667 969 1698 995 τὺ
1722 969 1808 1003 dup—

1017 1020 1066 1051 πὲς
1074 1019 1127 1055 [Ζσ.
1140 1018 1282 1055 ἀπρεπὲς],
1294 1020 1340 1045 καὶ
1351 1015 1387 1045 ὧν
1396 1016 1425 1045 εὖ
1435 1018 1506 1053 ἔχειν
1515 1017 1663 1052 ὑπείληφεν
1671 1016 1711 1046 εἰς
1718 1013 1807 1048 λήθην

1016 1065 1184 1100 ὑπενεχθεὶς,
1198 1065 1243 1091 τὸν
1256 1064 1306 1099 τῆς
1327 1063 1492 1094 τελειώσεως
1509 1062 1607 1097 τρόπον
1627 1060 1726 1095 ἑτέρως
1739 1059 1807 1094 ἡμῖν

1017 1111 1174 1146 πεπρᾶχθαι
1196 1110 1390 1146 διισχυρίζεται
1411 1109 1497 1143 λέγων
1508 1117 1514 1122 ·
1534 1104 1617 1138 Οὗτος
1628 1106 1644 1132 ὁ
1655 1105 1743 1141 χρόνῳ
1756 1111 1808 1138 γε-

1016 1156 1167 1191 γενημένος
1190 1155 1342 1192 ἀρχιερεὺς,
1358 1154 1426 1181 όδιά
1446 1152 1616 1188 παθημάτων
1638 1149 1805 1180 τελειωθεις.

1016 1200 1078 1237 ⁷Λρ*
1091 1202 1140 1229 οὐκ
1151 1201 1267 1236 ἐναργὴς
1276 1200 1432 1235 ἀποπληξία
1445 1199 1522 1227 τοῦτό
1535 1208 1565 1234 γε
1577 1208 1584 1232 ;
1601 1198 1700 1234 μᾶλλον
1713 1197 1742 1223 δὲ
1752 1196 1804 1231 οὐχ

1017 1249 1125 1284 ἁπάσης
1141 1247 1314 1283 ῥᾳδιουργίας
1329 1247 1453 1282 ἔλεγχος;
1481 1245 1658 1272 Τετελείωται
1680 1244 1729 1278 μὲν
1749 1242 1807 1277 γὰρ

1015 1295 1060 1322 διὰ
1074 1294 1242 1330 παθημάτων
1261 1294 1275 1320 ὁ
1298 1293 1399 1329 Κύριος
1422 1292 1501 1328 ἡμῶν
1520 1290 1624 1326 Ἰησοῦς
1640 1288 1773 1324 Χριστός⁸
1791 1287 1808 1314 ὁ

1016 1341 1056 1372 δὲ,
1072 1341 1160 1367 καίτοι
1173 1340 1221 1367 τοῦ
1240 1339 1399 1366 τελειῶσθαι
1412 1336 1630 1374 [τετελειῶσθαι]
1644 1337 1691 1362 τὸν
1704 1334 1808 1371 τρόπον

1017 1387 1067 1414 οὐκ
1080 1386 1234 1422 ἡγνοηκὼς,
1244 1386 1290 1413 τὸν
1303 1385 1357 1412 τῶν
1368 1384 1559 1420 ἁπλουστέρων
1570 1381 1731 1417 ἀποκομιζει
1745 1379 1808 1407 νοῦν

1017 1435 1057 1466 εις
1069 1433 1201 1464 ἐκτύπους
1215 1433 1291 1464 τινὰς
1322 1431 1431 1458 ἐννοιῶν
1453 1429 1641 1465 περιαγωγὰς,
1667 1427 1716 1454 καὶ
1742 1434 1808 1461 προ-

1017 1480 1099 1515 κόψαι
1115 1479 1197 1514 φησιν
1208 1479 1247 1509 εις
1259 1478 1399 1513 ἀρχιερέα,
1409 1477 1457 1503 καὶ
1470 1475 1627 1503 τελειῶσθαι
1641 1474 1710 1509 πρὸς
1718 1473 1807 1505 τοῦτο,

1018 1526 1073 1556 τὸν,
1085 1526 1125 1551 ὅτι
1137 1524 1216 1551 τοῦτο
1227 1524 1334 1558 γέγονε,
1350 1522 1516 1551 κεκενῶσθαι
1534 1522 1688 1556 λεγόμενον.
1703 1520 1808 1568 Ὠσπερ

1019 1570 1046 1597 δὲ
1058 1569 1177 1605 διαρκῶς
1200 1570 1354 1604 ἀποφήνας,
1368 1569 1408 1595 ὃτι
1436 1568 1502 1603 μηδὲ
1524 1567 1619 1602 γέγονε
1639 1565 1710 1600 σὰρξ
1732 1565 1746 1591 ὸ
1760 1565 1808 1590 τοῦ

1019 1617 1088 1643 Θεοῦ
1106 1616 1201 1650 Λόγος,
1217 1617 1284 1651 μήτε
1301 1615 1354 1650 μὴν
1370 1614 1489 1650 προῆλθε
1506 1613 1647 1648 ἄνθρωπος
1663 1613 1695 1638 ὲκ
1713 1619 1807 1645 γυναι-

1020 1662 1079 1694 κὸς,
1095 1663 1151 1693 τοῖς
1166 1661 1198 1688 τὰ
1218 1662 1306 1689 τοιάδε
1324 1662 1433 1698 φρονεῖν
1453 1659 1601 1696 ᾑρημένοις
1621 1659 1747 1693 ἐπιτιμᾷ.
1763 1657 1808 1684 καί

1021 1716 1102 1743 φησι·
1122 1708 1155 1734 Τί
1166 1706 1212 1734 οὖν
1233 1708 1424 1744 ἀνθερμηνεύῃ
1446 1707 1486 1744 τῷ
1511 1706 1621 1742 Παύλῳ,
1647 1705 1694 1734 τὴν
1718 1703 1808 1744 ἀπαθῆ

1020 1754 1086 1780 Θεὸν
1099 1755 1185 1788 Λόγον
1209 1755 1321 1790 ὲπιγείῳ
1337 1755 1507 1789 καταμιγνὺς
1526 1755 1642 1790 σώματι,
1656 1755 1704 1781 καὶ
1719 1755 1806 1790 παθη-

1020 1801 1066 1827 τὸν
1081 1801 1210 1837 ἀρχιερέα
1231 1801 1332 1833 ποιῶνς
1348 1801 1452 1828 Οὐκοῦν
1470 1801 1550 1828 ἄκουε
1570 1801 1616 1827 καὶ
1636 1801 1705 1836 πρὸς
1720 1801 1806 1836 ἡμῶν,

1020 1842 1060 1876 οἷς
1074 1845 1105 1879 δὴ
1120 1845 1165 1871 καὶ
1181 1845 1279 1880 μᾶλλον
1292 1845 1434 1880 ήιὰλήῡεια
1445 1846 1525 1880 φίλη·
1542 1846 1574 1872 Τί
1590 1846 1807 1881 παρερμηνεύεις

1020 1891 1065 1918 τὸν
1093 1891 1215 1923 Παῦλον,
1243 1891 1342 1926 μᾶλλον
1369 1891 1397 1917 δὲ
1422 1892 1530 1918 ἃπασαν
1555 1893 1732 1926 συκοφαντεῖς
1758 1892 1806 1926 τὴν

1022 1937 1197 1963 θεόπνευστον
1212 1936 1330 1971 Γραφὴν,
1348 1936 1490 1969 ὑπεξάγων
1505 1937 1554 1971 τῆς
1572 1936 1640 1971 μετὰ
1657 1936 1756 1972 σαρκὸς
1767 1938 1806 1963 οἰ-

1022 1983 1149 2018 κονομίας
1159 1983 1204 2009 τὸν
1211 1983 1257 2009 τοῦ
1267 1982 1334 2008 Θεοῦ
1342 1983 1436 2016 Λόγον,
1448 1982 1495 2008 καὶ
1508 1982 1648 2017 ἄνθρωπον
1671 1983 1736 2017 ἡμῖν
1746 1990 1792 2008 συν
1800 1996 1807 2002 -

1023 2030 1106 2064 αφεία
1120 2029 1184 2063 ψιλῇ
1199 2028 1353 2063 τιμώμενον
1365 2029 1477 2063 ἐφιστᾷς
1500 2028 1586 2063 ἱερέα,
1600 2028 1688 2055 καίτοι
1703 2027 1748 2054 τὸν
1761 2028 1807 2054 αὑ-

1022 2076 1067 2102 τὸν
1081 2075 1188 2102 ἁκούων
1204 2074 1335 2110 ἀρχιερέα
1349 2083 1378 2100 τε
1392 2075 1460 2109 ὁμοῦ
1480 2075 1526 2100 καὶ
1540 2073 1684 2110 σύνθρονον
1697 2074 1759 2100 ὄντα
1770 2073 1806 2109 τῷ

1022 2121 1081 2157 Θεῷ
1107 2122 1152 2148 καὶ
1165 2122 1262 2156 Πατρὶ,
1280 2121 1404 2156 καθάπερ
1426 2121 1476 2156 ἤδη
1504 2121 1656 2155 φθάσαντες
1679 2120 1804 2154 εἴπομενς

1024 2166 1076 2201 ἔφη
1092 2167 1145 2202 γὰρ
1156 2167 1169 2192 ὁ
1178 2166 1292 2198 Παῦλος,
1306 2167 1347 2192 ὃτι
1357 2176 1365 2192 ι
1377 2166 1502 2192 Τοιοῦτον
1517 2165 1614 2201 ἔχομεν
1630 2166 1768 2201 ἀρχιερέα,
1779 2166 1807 2197 ὃς

185 2212 315 2239 habemus
342 2212 508 2246 pontiﬁcem,
535 2214 580 2246 qui
609 2214 679 2240 sedit
705 2215 731 2241 ln
763 2215 874 2242 dextera
898 2223 927 2243 se

1063 2213 1148 2239 ὶοισεν
1163 2214 1191 2238 ὲν
1216 2212 1291 2246 δεξιᾷ
1310 2211 1357 2238 τοῦ
1371 2212 1467 2248 θρόνου
1490 2212 1539 2246 τῆς
1562 2211 1755 2246 μεγαλωσύνης
1779 2212 1806 2237 ἑν

185 2257 414 2290 magnitudinisin
427 2257 504 2284 cmlis
515 2258 577 2284 "1h
594 2257 661 2284 Nam
677 2259 731 2293 ipse
747 2259 896 2293 impatibile
909 2260 972 2288 illud

184 2310 217 2328 ex
234 2302 288 2328 Deo
306 2302 385 2329 Patre
401 2301 529 2334 Verbum.
545 2304 632 2331 cuivis
649 2305 741 2339 utique
764 2311 888 2339 apertum
908 2311 948 2334 est
963 2317 970 2334 :

185 2355 292 2378 passum
312 2354 375 2374 vero
390 2355 471 2374 carne
487 2355 535 2382 pro
551 2349 627 2375 nobis
646 2350 701 2384 ipsa
719 2357 769 2377 vox
785 2351 971 2386 theologorum

185 2400 247 2419 vere
262 2393 314 2420 dici
334 2393 513 2422 conﬁrmabit.
527 2394 602 2427 Quod
618 2395 639 2422 si
660 2396 704 2422 Dei
719 2395 836 2424 Verbum
854 2398 946 2425 aufers
957 2406 971 2424 a

187 2443 293 2464 terreno
311 2446 435 2473 corpore,
458 2440 582 2466 universa
605 2441 637 2467 ad
662 2441 774 2469 nihilum
798 2443 942 2470 concident
965 2453 971 2470 :

187 2491 246 2509 nam
267 2483 289 2510 si
314 2484 394 2511 homo
413 2485 500 2512 factus
523 2493 575 2512 non
591 2491 644 2517 est.
670 2495 702 2513 ne
719 2493 841 2514 mortuus
862 2484 989 2523 quidem‘

186 2534 227 2555 est
239 2536 287 2562 pro
303 2530 394 2563 nobis;
412 2530 472 2558 etsi
490 2531 569 2558 morti
585 2532 723 2567 proprium
742 2541 840 2567 corpus
857 2543 909 2561 non
924 2535 972 2562 de—

187 2574 234 2604 dit,
253 2577 386 2609 quomodo
410 2577 509 2604 dicitur
532 2578 729 2612 primogenitus
742 2587 774 2606 ex
793 2580 907 2608 mortuis
930 2581 952 2596 "
964 2581 976 2600 9

189 2620 258 2655 Ergo
270 2629 356 2654 neque
369 2627 490 2650 mortuus
503 2629 554 2656 est,
568 2631 654 2659 neque
666 2624 723 2660 89
733 2625 881 2652 resurrexit
894 2625 974 2653 Chri-

188 2671 256 2694 stus.
281 2666 394 2694 Prodeat
411 2676 476 2703 ergo
500 2669 526 2696 in
552 2670 669 2696 medium
695 2671 789 2697 beatus
808 2670 918 2702 Paulus,
945 2676 974 2698 et

189 2713 285 2740 clamet
303 2720 334 2740 ac
350 2714 440 2741 dicat:
463 2724 472 2740 ι
488 2715 515 2742 Si
529 2715 626 2742 mortui
644 2723 696 2743 non
715 2723 868 2752 resurgunt,
886 2725 973 2752 neque

189 2758 314 2787 Christus
336 2760 499 2794 resurrexit;
522 2768 589 2788 vana
612 2766 655 2789 est
679 2761 745 2790 ﬁdes
762 2768 862 2796 vestra,
884 2763 973 2791 adhuc

1023 2260 1079 2290 τοῖς
1092 2259 1232 2293 οὐρανοῖς
1247 2267 1256 2284 ι
1272 2259 1332 2284 ’Ὁτι
1347 2257 1396 2292 μὲν
1412 2257 1466 2292 γὰρ
1477 2257 1584 2292 ἀπαθὴς
1599 2257 1614 2283 ὁ
1628 2257 1660 2283 ἐκ
1673 2256 1740 2283 Θεοῦ
1755 2257 1808 2283 Πα-

1023 2305 1086 2339 τρὸς
1104 2305 1199 2337 Λόγος,
1218 2304 1299 2331 παντὶ
1325 2313 1377 2330 που
1390 2304 1468 2338 δῆλον
1490 2303 1523 2330 ἂν
1545 2303 1586 2338 εἴη
1604 2302 1752 2337 δήπουθεν·
1769 2303 1808 2329 ὅτι

1023 2349 1052 2375 δὲ
1067 2349 1200 2375 πέπονθεν
1217 2349 1287 2384 ὑπὲρ
1307 2348 1388 2383 ἡμῶν
1403 2348 1497 2383 σαρκὶ,
1521 2348 1721 2382 κατασφραγιεί
1743 2347 1808 2382 πρὸς

1023 2394 1152 2428 ἀλήθειαν
1164 2395 1180 2428 ἡ
1191 2394 1245 2420 τῶν
1262 2394 1400 2428 θεηγόρων
1413 2394 1499 2428 φωνή.
1513 2393 1543 2418 Εἰ
1560 2392 1589 2419 δὲ
1602 2393 1751 2428 ἀποφέρεις
1761 2392 1808 2418 αὐ-

1022 2441 1067 2472 τὸς
1082 2441 1202 2474 ἐπιγείου
1224 2440 1348 2474 σώματος
1362 2440 1408 2466 τὴν
1428 2440 1460 2466 ἐκ
1478 2439 1545 2465 Θεοῦ
1559 2439 1654 2473 Λόγον,
1674 2438 1807 2473 οἰχήσεταί

1024 2495 1065 2513 σοι
1083 2486 1112 2512 τὺ
1127 2486 1236 2521 σύμπαν
1253 2486 1292 2517 εἰς
1308 2485 1339 2511 τὺ
1355 2485 1454 2519 μηδέν·
1470 2485 1493 2511 ει
1511 2485 1566 2519 γὰρ
1582 2485 1618 2519 μὴ
1640 2484 1750 2518 γέγονεν
1763 2484 1807 2511 ἇν-

1024 2532 1142 2567 θρωπος,
1167 2532 1227 2558 οὐδὲ
1248 2531 1383 2558 ἀπέθανεν
1409 2531 1480 2566 ὑπὲρ
1495 2530 1589 2566 ἡμῶν·
1605 2530 1652 2557 καὶ
1676 2531 1699 2556 εὶ
1715 2530 1751 2565 μὴ
1765 2530 1806 2556 δέ-

1023 2579 1092 2605 δωκε
1105 2579 1144 2613 τῷ
1167 2578 1274 2613 θανάτῳ
1290 2578 1320 2604 τὸ
1338 2578 1402 2604 tam
1428 2578 1517 2611 σῶμα,
1532 2576 1590 2608 πῶς
1609 2575 1679 2603 εἶναι
1704 2576 1807 2610 λέγεται

1027 2624 1197 2659 πρωτότοκος
1210 2624 1241 2650 ἐκ
1254 2623 1374 2657 νεκρῶν;
1392 2622 1496 2649 Οὐκοῦν
1513 2621 1574 2648 οὔτε
1589 2621 1734 2653 ἀπέθανεν,
1749 2620 1806 2647 οὔτε

1025 2670 1126 2696 ἀνεϐίω
1148 2669 1276 2704 Χριστός.
1295 2670 1358 2695 Ίτω
1373 2668 1405 2703 δὴ
1419 2665 1465 2694 οὖν
1484 2669 1523 2699 εις
1539 2667 1620 2703 μέσον
1638 2668 1652 2693 ό
1669 2667 1807 2698 θεσπέσιος

1026 2716 1142 2748 Παῦλος,
1171 2716 1391 2750 άνακεκραγέτω,
1419 2714 1521 2747 λέγων·
1548 2723 1557 2738 ι
1580 2713 1611 2739 Εἰ
1640 2713 1731 2748 νεκροὶ
1761 2712 1806 2738 οὐκ

1025 2763 1188 2798 ἐγείρονται,
1205 2758 1265 2788 οὐδὲ
1291 2760 1406 2796 Χριστὸς
1427 2759 1590 2795 ἐγήγερται·
1606 2759 1630 2785 εἰ
1647 2758 1676 2785 δὲ
1696 2758 1806 2793 Χριστὸς

223 2851 246 2868 ’³
266 2850 316 2878 lsa.
335 2859 392 2885 Litt,
407 2851 441 2885 9;
460 2851 469 2878 l
487 2851 558 2880 Petr.
577 2859 605 2885 n,
620 2850 665 2878 22.
703 2851 726 2869 νδ
744 2850 796 2880 lsa.
809 2859 856 2886 VII,
875 2851 919 2887 15,
937 2852 966 2881 16

792 2859 856 2886 .vu,
875 2851 919 2887 15,
937 2852 980 2881 16.
1018 2852 1040 2869 ’⁸
1062 2850 1143 2880 llcbr.
1161 2858 1219 2884 vnt,
1234 2850 1258 2878 Ι.
1296 2850 1319 2867 ⁹⁶
1336 2848 1440 2878 Coloss.
1456 2856 1475 2881 t,
1493 2848 1535 2875 l8.
