1883 3054
78 126 122 154 l5?

608 129 796 158 ADVERSUS
814 130 1015 160 NESTOlllUM
1035 132 1098 161 LIB.
1121 133 1164 161 lll.

1662 131 1712 160 l58

75 185 121 212 οὐκ
148 184 314 221 ἐγήγερται.
338 187 443 222 ματαία
468 188 486 223 ἡ
504 187 596 220 πίστις
621 188 716 224 ὑμῶν’
744 189 784 216 έτι
810 190 857 217 ἐστ

950 192 988 219 ills
1005 192 1030 219 in
1052 192 1170 227 peccatis
1190 192 1296 219 vestris.
1319 190 1391 226 Ergo
1417 190 1464 225 qui
1488 189 1656 217 dormierunt
1684 191 1710 216 in

76 234 102 259 ὲν
112 233 169 263 ταῖς
187 232 342 268 ἁμαρτίαις
352 233 441 268 ὑμῶν.
459 231 533 270 Ἀρα
548 235 596 262 καὶ
609 236 634 262 οι
645 236 822 271 κοιμηθέντες
839 237 868 264 ἐν

77 278 180 315 Χριστῷ
208 279 371 312 ἀπώλοντο;
394 289 403 306 ι
428 280 499 307 Ἀλλ’
522 281 670 317 ἐγήγερται
696 282 814 317 Χριστὸς
835 283 868 310 ἐκ

78 325 188 360 νεκρῶν·
205 325 308 358 γέγονε
323 326 377 361 γὰρ
396 326 541 362 ἄνθρωπος
553 328 567 355 6
585 329 730 364 μονογενὴς
741 329 788 355 τοῦ
800 329 867 356 Θεοῦ

78 371 165 404 Λόγος,
183 371 232 396 καὶ
248 371 347 406 γήϊνον
362 371 442 407 σῶμα
456 372 557 404 λαὸὼν,
569 373 672 405 ένώσας
685 382 714 400 τε
726 374 787 400 καθ’
800 374 867 400 ὑπό-

79 426 164 444 στασιν
186 418 290 452 ἑαυτῷ,
310 417 402 453 χάριτι
422 419 500 451 Θεοῦ,
524 420 594 448 κατὰ
609 420 640 446 τὸ
663 420 866 456 γεγραμμένον,

78 464 139 499 ὑπὲρ
152 463 256 495 παντὸς
271 464 407 498 ἐγεύσατο
419 465 535 492 θανάτου
546 475 552 481 ·
570 466 756 501 κεχρημάτικε
773 466 802 493 δὲ
819 466 868 493 καὶ

78 510 180 545 ἀπαρχὴ
196 511 254 536 τῶν
271 511 494 546 κεκοιμημένων,
508 512 694 547 ἐγηγερμένος
706 512 738 538 ὲκ
749 511 866 547 νεκρῶν.

83 553 211 589 Ἄσφαλὴς
229 552 281 581 οὖν
307 555 361 590 ἄρα
376 556 423 582 καὶ
442 555 472 582 οὐ
498 556 598 591 ματαία
624 556 716 582 λοιπὸν
735 557 751 591 ἡ
776 556 867 589 πίστις

77 600 157 635 ἡμῶν,
173 600 207 634 ἣν
220 599 260 632 ὡς
281 601 409 637 ἄγκυραν
422 601 520 637 ἔχομεν
536 602 586 637 τῆς
602 601 691 637 ψυχῆς
709 602 818 637 ἀσφαλῆ
838 612 867 629 τε

77 646 117 672 καὶ
134 645 260 680 βεϐαίαν,
279 646 354 673 κατὰ
375 646 406 673 τὺ
421 647 624 682 γεγραμμένον.
639 648 744 683 Ὥσπερ
756 648 784 674 δὲ
807 649 867 674 κατ’

77 692 162 718 οὐδένα
175 693 280 727 τρόπον
297 693 438 728 ἠδικηκὼς
453 694 502 728 τῆς
519 693 587 729 μετὰ
602 695 702 729 σαρκὸς
712 695 867 730 οἰκονομίας

76 738 132 769 τοὺς
144 738 251 771 λόγους.
267 738 316 766 διά
330 747 363 773 γε
388 740 435 766 τοῦ
459 740 542 774 φάναι
564 740 653 772 ταυτὶ,
670 741 718 767 καὶ
739 740 793 767 τῶν
817 741 867 776 τῆς

78 783 194 819 ἀληθείας
210 783 362 819 δογμάτων
387 785 494 821 ἀκρατῆ
510 794 539 812 τε
551 786 598 813 καὶ
609 786 801 822 βδελυρότατον
816 796 865 814 και

78 829 163 862 ταχέαι
183 828 229 854 τὸν
244 829 357 864 ἔμετον,
377 830 421 865 ἐφ’
444 830 540 866 ἑτέραν
560 830 670 865 ἔρχεται
692 830 863 864 δυσϐουλίαν,

80 873 169 909 μᾶλλον
182 874 211 900 δὲ
227 874 394 902 δυσσέϐειαν
412 876 526 911 ἐναργῆ,
542 877 589 903 καί
603 885 685 912 φησιν
695 885 701 892 ·

110 920 119 954 [
133 920 225 951 Ὀντος
241 918 292 947 οὖν
311 922 381 956 ἡμῖν
396 921 491 948 τούτου
515 922 596 957 μόνου
618 922 778 957 ἀρχιερέως,
795 930 864 957 συμ-

79 966 181 999 παθοῦς,
200 968 249 993 καὶ
274 967 439 1001 συγγενοῦς,
456 968 503 995 καὶ
519 968 640 1004 βεϐαιου,
659 970 707 1003 τῆς
727 969 766 1000 εἰς
782 969 864 995 αὑτὸν

81 1013 113 1047 μὴ
144 1013 357 1048 παρατρέπεσθε
390 1014 522 1046 πίστεως·
546 1014 627 1046 αὐτὸς
651 1014 706 1050 γὰρ
735 1015 801 1049 ἡμῖν
815 1014 865 1049 τῆς

80 1058 280 1094 ἐπηγγελμένης
293 1060 424 1094 εὐλογίας
439 1061 471 1087 ἐκ
488 1060 644 1096 σπέρματος
661 1060 786 1095 Ἀϐραὰμ
812 1061 865 1087 ἁπ-

81 1106 183 1140 εστάλη,
200 1105 238 1137 ὡς
261 1106 336 1141 ὑπὲρ
362 1107 462 1133 ἑαυτοῦ
477 1107 524 1133 καὶ
546 1106 593 1134 τοῦ
619 1107 724 1142 γένους,
742 1107 793 1143 τὴν
815 1106 863 1134 τοῦ

81 1150 193 1185 σώματος
210 1150 310 1178 θυσίαν
327 1152 559 1187 συνεπαγόμενος.
575 1151 586 1188 ]

371 1207 496 1233 ΚΕΦᾹΛ.
518 1207 555 1234 E'.

115 1249 252 1285 Ἀρχιερέα
268 1251 362 1277 τοίνυν
384 1252 451 1287 ἡμῖν
472 1252 603 1288 συμπαθῆ
627 1261 658 1279 τε
675 1253 721 1280 καὶ
741 1253 862 1290 συγγενῆ

82 1296 121 1322 καὶ
139 1296 251 1331 βέϐαιον,
272 1297 323 1323 καὶ
344 1297 458 1332 προσέτι
481 1297 560 1332 μόνον
584 1299 687 1325 ἐκεῖνον
703 1298 773 1326 εἶναι
797 1300 861 1335 φὴς,

81 1342 106 1368 ὅν
119 1342 213 1377 ἀρτίως
229 1343 297 1378 ἡμῖν
311 1344 325 1369 ὀ
341 1343 386 1375 σὸς
403 1344 525 1380 ἐναργῶς
539 1344 668 1379 διεδιδαξε
682 1345 760 1380 λόγος
770 1353 778 1362 ⁸
794 1345 862 1381 έφης

83 1387 142 1422 γάρ·
159 1387 271 1422 Σπέρμα
288 1387 418 1423 Ἀϐραὰμ
428 1389 442 1415 6
454 1388 518 1423 χθὲς
531 1390 578 1416 καὶ
593 1390 714 1425 σήμερον
727 1390 798 1417 κατὰ
811 1391 861 1425 τὴν

82 1433 120 1459 τοῦ
143 1433 244 1460 Παύλου
259 1435 372 1469 φωνήν
389 1435 439 1470 οὑχ
460 1435 474 1461 6
497 1435 599 1469 λέγων·
617 1445 626 1461 t
650 1436 718 1471 Πρὶν
737 1436 862 1472 Ἀϐραὰμ

83 1479 193 1513 γενέσθαι
207 1480 262 1514 ἐγώ
273 1481 334 1516 ειμι
343 1489 350 1495 ·
359 1490 368 1505 ›
382 1481 476 1516 ὅμοιος
487 1482 543 1513 τοῖς
552 1481 675 1516 ἀδελφοῖς
684 1481 754 1508 κατὰ
761 1483 859 1515 πάντα,

83 1526 182 1561 ὸψυῇς
205 1527 383 1562 ἀνθρωπίνης
403 1528 451 1555 καὶ
468 1528 569 1564 σαρκὸς
586 1528 728 1556 ἀναλαϐὼν
750 1529 862 1564 ἀδελφός

921 236 1040 270 Christo,
1065 238 1204 272 perierunt
1214 237 1283 263 ‘7?)
1308 236 1361 264 Sed
1387 235 1534 263 resurrexit
1552 235 1674 262 Christus
1695 242 1711 262 a

922 284 1046 315 mortuis,
1060 284 1121 318 quia
1138 283 1239 310 factum
1253 287 1295 310 est
1309 283 1391 310 homo
1406 281 1470 308 illud
1484 281 1651 314 unigenitum
1663 280 1710 308 Dei

921 327 1051 361 Verbum,
1070 335 1106 359 et.
1127 333 1235 363 sutnpto
1251 333 1359 355 terreno
1373 334 1488 362 corpore
1505 327 1635 361 unitoque
1659 325 1710 353 sibi

919 375 1068 401 secundum
1096 375 1273 410 hypostasint,
1295 375 1382 409 gratia
1412 373 1470 405 Dei,
1488 373 1558 400 sicut
1579 372 1710 407 scriptum

908 424 974 450 .est,
991 427 1039 453 pro
1052 421 1177 446 omnibus
1195 420 1311 454 gustavit
1324 424 1438 445 mortem
1452 426 1458 444 :
1473 418 1559 444 factus
1571 422 1613 444 est
1628 417 1709 444 etiam

922 465 1048 499 primitize
1061 465 1253 492 dormientium
1265 464 1300 498 ⁸⁸,
1314 473 1375 492 cum
1396 464 1590 491 resurrexisset
1605 471 1620 490 a
1638 470 1710 490 mor-

922 511 985 538 tuis.
1004 511 1094 538 Firma
1113 511 1205 545 igitur.
1229 519 1280 538 non
1298 519 1366 537 vana
1379 515 1420 537 est
1434 511 1488 543 jatn
1514 509 1581 536 fides
1604 513 1708 541 nostra,

919 565 1001 590 quam
1024 557 1096 583 velut
1115 558 1261 583 anchoram
1290 557 1419 583 habemus
1446 556 1543 582 animae
1568 560 1652 582 tntatn
1678 562 1711 581 ac

919 602 1035 633 lirmam.
1053 607 1081 628 ut
1112 607 1153 630 est
1168 602 1195 630 in
1220 603 1305 629 sacris
1322 602 1431 630 Litteris
1443 602 1466 618 ⁹⁹
1494 601 1553 629 Jam
1573 609 1635 628 vero
1647 609 1708 628 cum

918 648 976 675 haec
988 648 1097 680 dixerit,
1112 653 1139 675 et
1158 649 1183 676 iu
1200 649 1324 683 dogmata
1345 649 1467 676 veritatis
1484 648 1708 682 intemperantem

917 699 945 720 et
956 693 1151 721 exsecrandum
1167 695 1192 720 in
1212 694 1308 728 primis
1324 695 1453 721 vomitum
1475 693 1610 725 eﬁ’ttderit,
1630 694 1707 728 quasi

918 739 992 766 nullo
1005 740 1084 766 modo
1099 740 1216 766 rationes
1234 739 1305 766 illitts
1321 747 1382 766 cum
1399 746 1480 766 carne
1499 739 1707 773 dispensationis

917 785 1055 818 violasset,
1068 785 1101 812 ad
1115 786 1193 812 aliam
1206 785 1350 817 insaniam,
1369 785 1422 812 into
1439 793 1502 813 vero
1515 791 1638 820 apertam
1658 785 1708 812 im-

918 833 1045 867 pietatem
1060 833 1168 864 transit,
1181 837 1207 859 et
1226 833 1282 859 ait:

951 921 1084 957 [Νιςετοιι.
1101 921 1167 948 Cum
1182 921 1263 956 igitur
1278 920 1353 948 solus
1373 921 1416 947 hic
1439 919 1518 947 nobis
1536 925 1572 947 stt
1587 919 1706 954 pontifex

915 968 1082 1000 misericors,
1098 973 1124 994 ct
1137 972 1276 1002 cognatus.
1290 973 1318 994 et
1330 967 1436 998 ﬁrmus,
1448 971 1542 993 cavete
1555 974 1588 993 ne
1601 965 1634 992 ab
1647 966 1706 1000 ejus

915 1014 967 1041 lide
982 1013 1171 1041 dimoveamini
1187 1023 1193 1040 :
1211 1013 1269 1048 ipse
1286 1020 1402 1047 namque
1414 1013 1492 1039 nobis
1508 1012 1648 1045 promissae
1662 1013 1708 1038 be-

914 1060 1078 1087 nedictionis
1089 1067 1121 1086 ex
1135 1059 1238 1087 semine
1251 1059 1385 1086 Abraham
1400 1063 1442 1085 est
1454 1059 1563 1090 missus,
1578 1063 1704 1092 tanquam

914 1114 964 1141 pro
979 1107 1068 1140 seipso
1083 1111 1110 1133 et
1125 1113 1174 1140 pro
1187 1113 1286 1141 genere
1299 1113 1348 1132 suo
1364 1104 1487 1138 corporis
1499 1103 1540 1131 sui
1567 1103 1705 1130 victimam

913 1153 994 1181 simul
1008 1153 1135 1180 allereus.
1149 1151 1159 1188 ἶ

1245 1208 1321 1236 CAP.
1340 1207 1373 1235 ν.

949 1256 1020 1291 Ergo
1038 1255 1198 1283 Pontiﬁcem
1220 1255 1436 1285 misericordem,
1455 1258 1483 1281 et
1502 1257 1660 1288 cognatum,
1677 1256 1705 1279 et

913 1301 1030 1335 ﬁrtnum,
1054 1307 1080 1329 et
1106 1308 1236 1336 praeterea
1260 1301 1357 1334 solum,
1382 1301 1456 1328 illum
1477 1307 1538 1327 esse
1561 1299 1602 1326 ais
1622 1306 1704 1334 quem

912 1356 998 1383 nuper
1009 1348 1085 1375 nobis
1094 1353 1188 1384 aperte
1199 1354 1242 1375 tua
1256 1347 1374 1375 ostendit
1387 1347 1474 1374 oratio
1485 1354 1493 1378 ς
1506 1345 1596 1372 dixisti
1611 1345 1682 1372 enim
1695 1352 1702 1371 :

913 1394 1009 1422 Semen
1025 1395 1162 1423 Abraham
1187 1394 1231 1421 ille
1247 1393 1304 1420 heri
1321 1397 1346 1420 et
1368 1393 1447 1420 hodie
1463 1391 1539 1426 juxta
1561 1390 1636 1417 Pauli
1658 1397 1705 1416 vo-

912 1448 969 1468 cetu
980 1442 999 1474 ¹,
1011 1449 1062 1468 non
1076 1441 1120 1469 ille
1129 1441 1174 1475 qui
1186 1440 1271 1467 dixit:
1286 1449 1295 1465 (
1306 1439 1457 1474 Antequam
1467 1438 1602 1465 Abraham
1616 1436 1702 1468 ﬁeret,

911 1495 961 1522 ego
983 1495 1041 1515 sum
1055 1489 1083 1520 ’ς
1101 1497 1110 1514 ι
1129 1487 1227 1515 similis
1245 1486 1376 1514 fratribus
1399 1492 1447 1520 per
1469 1483 1580 1512 omnia'
1600 1483 1645 1510 ille
1657 1482 1703 1516 qui

912 1535 1009 1562 auium
1029 1535 1153 1561 humana:
1167 1533 1314 1567 carnisque
1332 1530 1530 1559 fraternitatem
1544 1528 1702 1562 assumpsit;

84 1582 154 1607 τητα·
166 1574 212 1608 οὺχ
225 1574 238 1600 ὁ
257 1573 347 1607 λέγων
358 1582 365 1589 ι
384 1583 394 1599 t
418 1574 447 1601 Ὀ
462 1575 592 1610 ἑωρακὼς
612 1575 672 1609 ἐμὲ,
694 1576 799 1611 ἑώρακε
814 1576 858 1602 τὸν

950 1590 964 1609 n
981 1582 1025 1616 qui
1047 1581 1133 1608 dicit:
1155 1589 1164 1606 t
1179 1579 1230 1613 Qui
1245 1579 1313 1606 vidit
1327 1586 1381 1610 me,
1398 1577 1465 1604 vi'dit
1478 1581 1505 1604 et
1518 1576 1626 1603 Patrem
1639 1574 1670 1602 δε
1690 1584 1700 1600 ι

85 1620 193 1655 Πατέρα·
215 1630 224 1647 ι
241 1620 383 1656 ἀπεστάλη
408 1622 422 1648 6
437 1622 503 1657 ἡμῖν
525 1621 676 1656 ὀμοοὺσιος,
695 1622 742 1649 καὶ
766 1622 859 1657 κέχρι-

87 1673 136 1692 cm
157 1666 300 1701 κηρύσσων
328 1667 514 1702 αἰχμαλώτοις
537 1667 649 1701 ἄφεσιν,
674 1668 720 1695 καὶ
746 1668 858 1703 τυφλοῖς

86 1711 224 1746 ἀνάϐλεψιν.
246 1709 334 1744 Οὗτος
358 1711 406 1739 οὖν
421 1713 475 1748 ἄρα
491 1713 538 1739 καὶ
565 1713 697 1748 συγγενὴς
712 1713 745 1740 ἂν
773 1715 859 1741 νοοῖτο

86 1758 132 1787 τοῖς
144 1758 187 1784 ἐπὶ
198 1758 248 1792 τῆς
257 1759 320 1794 γῆς,
344 1760 392 1786 καὶ
405 1760 454 1794 οὐχ
467 1759 504 1791 ὡς
522 1760 554 1786 σὺ
572 1760 634 1795 φὴς,
647 1761 661 1786 6
673 1760 760 1794 λέγων
771 1770 777 1776 -
792 1770 801 1786 ‹
829 1761 858 1787 '0

87 1804 200 1838 ἑωρακὼς
220 1805 282 1838 ἐμὲ,
298 1804 406 1840 ἑώρακε
423 1806 468 1832 τὸν
484 1806 603 1842 Πατέρα.
615 1816 624 1831 ι
639 1807 670 1833 El
685 1807 734 1842 μὲν
749 1807 803 1843 γὰρ
819 1807 860 1838 εἰς

87 1849 111 1875 ἓν
122 1849 196 1884 ἄμφω
208 1850 347 1885 συλλέγων
360 1851 421 1878 καθ’
432 1851 527 1878 ἕνωσιν
537 1851 636 1887 ἀληθῆ,
647 1852 695 1878 ἕνα
708 1852 765 1888 μεθ’
781 1852 859 1888 ήμῶν

87 1896 208 1930 ὁμολογεῖς
235 1897 310 1929 Υῐὸν,
327 1897 480 1932 πεποίηκας
497 1898 585 1934 μάτην
611 1898 665 1933 ἰδίᾳ
688 1907 718 1924 τε
736 1898 783 1924 καὶ
807 1897 860 1925 ἀνὰ

172 1943 297 1978 ἑκάτερον
318 1944 475 1979 ἀποφέρων,
490 1944 655 1971 ὑποστάσεσί
668 1953 698 1971 τε
712 1944 760 1971 καὶ
773 1952 859 1980 προσ-

89 1987 160 2019 ώποις
180 1988 279 2021 διιστὰς
294 1989 469 2025 ἀλλοτρόπως
479 1999 485 2005 ·
502 1990 562 2025 οὐχὶ
576 1990 606 2016 τὸ
622 1989 676 2026 [Ζσ.
694 1990 745 2026 τῷ]
758 1990 859 2016 εἰδέναι

90 2033 158 2066 μόνον
168 2034 204 2060 ὅτι
217 2035 318 2069 σαρκὸς
347 2035 395 2069 μὲν
416 2035 496 2070 φύσις
511 2036 592 2071 ἑτέρα
610 2036 685 2071 παρά
707 2036 756 2070 τὴν
771 2036 857 2069 θείαν,

90 2079 176 2114 συνόδῳ
188 2088 219 2113 γε
236 2081 289 2115 μὴν
307 2082 342 2116 τῇ
357 2081 418 2108 καθ’
439 2082 537 2108 ’ένωσιν
551 2081 649 2117 ἀληθῆ,
671 2082 724 2109 ἰδία
746 2082 859 2116 γέγονεν

88 2123 168 2158 αὐτῆς.
184 2125 212 2150 Εἰ
229 2125 257 2151 δὲ
275 2125 434 2160 ἀσύμϐατος
448 2125 503 2162 [Ion
518 2126 687 2163 ἀσύμϐατον]
707 2128 772 2163 ἡμῖν
789 2127 859 2154 κατὰ

89 2169 131 2204 τὴν
143 2169 214 2202 δόξαν
229 2171 344 2204 ὁρᾶσθαι
368 2171 463 2204 θέλων,
479 2172 526 2199 καὶ
544 2173 761 2208 παραιτούμενος
788 2181 856 2200 παν-

88 2215 149 2250 ταχῆ
164 2216 210 2252 τὴν
223 2217 330 2250 ἕνωσιν,
345 2218 439 2254 ἕτερον
454 2216 524 2245 εἶναι
539 2219 592 2254 φὴς
615 2218 662 2245 καὶ
676 2218 769 2254 ἕτερον
782 2227 789 2234 ·
809 2219 857 2246 καὶ

89 2261 128 2286 τὸν
149 2262 202 2296 μὲν,
215 2265 245 2289 ὲκ
257 2263 325 2290 Θεοῦ
346 2264 527 2300 γεγεννῆσθαι
544 2265 665 2299 Πατρός·
680 2264 726 2292 τὸν
740 2265 778 2297 δὲ,
796 2273 858 2299 συγ-

89 2305 146 2340 γενῆ
155 2314 182 2332 τε
193 2307 323 2343 ὑπάρχειν
332 2310 398 2344 ἡμῖν
409 2309 456 2336 καὶ
465 2309 608 2344 ὁμοούσιον
617 2317 624 2324 ⁸
643 2309 702 2341 πῶς
713 2309 745 2345 δὴ
758 2310 857 2344 χρῆναι

91 2351 135 2386 φὴς
147 2353 190 2387 τῆς
201 2354 238 2384 εἰς
253 2354 334 2381 αὐτὸν
350 2355 388 2390 μὴ
408 2356 636 2390 παρατρέπεσθαι
650 2356 778 2388 πίστεως,
795 2356 856 2382 εἰπέ

93 2405 139 2430 μοι,
154 2398 196 2425 καὶ
207 2401 320 2435 συγγενῆ
336 2400 529 2436 πιστεύσομεν.
548 2401 662 2435 ἀφέντες
673 2401 718 2428 τὸν
731 2401 854 2435 λέγοντα·

96 2443 174 2477 «Πρὶν
190 2444 309 2481 ’Ᾱῦραάμ
327 2445 463 2479 γενέσθαι,
489 2446 544 2481 ἐγώ
563 2448 631 2482 ειμι.
650 2456 660 2472 ι
683 2447 857 2482 Ἐπιγραψώ-

95 2488 152 2521 μεϐα
163 2488 222 2516 Θεὸν
235 2491 279 2518 τὸν
293 2491 383 2526 ψυχῆς
405 2491 578 2527 ἀνθρωπίνης
596 2492 643 2519 καὶ
665 2493 766 2528 σαρκὸς
791 2492 856 2519 ἀνα-

94 2531 192 2561 λιεόντα
213 2535 276 2570 πρὸς
301 2536 373 2571 ἡμᾶς
395 2536 574 2571 ἀδελφότητα,
599 2537 732 2572 παρέντες
749 2537 793 2563 τὸν
816 2536 857 2563 λέ-

95 2585 172 2610 γονται
190 2589 199 2605 ‹
224 2580 251 2607 ’0
274 2581 404 2616 ἑωρακὼς
428 2582 488 2616 ἐμὲ,
509 2581 615 2618 ἑώρακε
634 2582 680 2609 τὸν
703 2582 822 2618 Πατέρα.
843 2592 853 2609 ›

97 2623 176 2652 Καίτοι
193 2626 268 2661 φησὶν
284 2627 364 2658 αὐτός
374 2635 381 2642 ·
400 2636 410 2652 ι
430 2627 508 2654 Οὕτω
520 2627 575 2663 γὰρ
599 2628 743 2664 ἠγάπησεν
762 2630 776 2656 6
790 2629 856 2661 Θεὸς

98 2669 133 2695 τὸν
144 2672 243 2707 κόσμον,
257 2672 325 2700 ὥστε
341 2673 389 2700 τὸν
406 2674 470 2701 Υἰδν
484 2674 566 2702 αὑτοῦ
581 2675 628 2702 τὸν
642 2677 773 2712 μονογενῆ
794 2675 857 2703 έδω‹

910 1628 1009 1655 missus
1024 1631 1065 1654 est
1079 1626 1123 1653 ille
1139 1626 1217 1653 nobis
1234 1623 1484 1655 cousubstantialis,
1500 1626 1527 1649 et
1546 1626 1643 1648 unctus
1660 1624 1703 1647 est

908 1673 1058 1708 praedicans
1072 1672 1187 1707 captivis
1212 1671 1383 1702 libertatem,
1404 1673 1432 1697 et
1453 1669 1533 1696 caecis
1557 1667 1642 1694 visum
1653 1667 1675 1694 ⁸.
1689 1675 1699 1692 ι

910 1719 959 1746 Hie
971 1726 1034 1753 ergo
1045 1718 1128 1745 etiam
1142 1722 1275 1752 cognatus
1290 1715 1449 1750 intelligitur
1464 1713 1507 1741 his
1521 1713 1566 1748 qui
1584 1713 1610 1740 in
1622 1712 1701 1740 terris

909 1770 983 1797 sunt,
1001 1772 1054 1792 non
1072 1769 1101 1791 ιιι
1121 1768 1147 1790 tu
1176 1763 1285 1796 asseris,
1305 1762 1350 1790 ille
1365 1762 1410 1796 qui
1431 1761 1496 1788 dicit
1516 1769 1523 1787 :
1543 1769 1553 1786 t
1567 1759 1617 1792 ()ui
1635 1759 1702 1786 vidit

910 1818 964 1842 me,
981 1810 1050 1837 vidit
1071 1813 1098 1836 et
1121 1808 1240 1837 Patrem.
1259 1817 1269 1835 ι
1288 1807 1355 1835 Nam
1378 1807 1400 1835 si
1422 1811 1564 1840 utrumque
1579 1806 1605 1832 in
1619 1813 1700 1832 unum

909 1864 958 1892 per
969 1864 1060 1884 veram
1073 1856 1199 1883 unionem
1211 1853 1373 1888 colligendo,
1387 1861 1469 1880 ttnum
1484 1852 1624 1879 nobiscum
1635 1857 1700 1878 con-

909 1902 995 1930 ﬁteris
1010 1902 1093 1929 Deum
1115 1901 1226 1934 Filium,
1249 1900 1336 1927 fecisti
1359 1904 1460 1927 temere
1481 1903 1510 1925 ut
1529 1898 1653 1932 privatim
1668 1905 1701 1924 ac

909 1949 1023 1976 seorsim
1045 1948 1206 1975 alterutrum
1228 1946 1400 1981 adjungeres,
1420 1949 1447 1972 et
1468 1944 1659 1979 bypostasihus
1673 1948 1700 1970 et

909 1993 1033 2029 personis
1048 1993 1157 2020 diverso
1172 1991 1252 2019 modo
1269 1990 1461 2025 distingueres,
1484 1996 1535 2016 non
1557 1993 1587 2014 ut
1600 1987 1700 2014 intelli-

910 2046 988 2074 geres
1008 2038 1196 2064 tantutmnodo
1216 2035 1296 2062 aliatn
1316 2034 1424 2068 quidem
1453 2041 1515 2061 esse
1538 2033 1629 2060 carnis
1651 2040 1699 2058 ua~

909 2088 998 2110 turam
1013 2090 1027 2109 a
1041 2082 1142 2112 divina.
1160 2081 1207 2108 sed
1221 2087 1269 2115 per
1280 2087 1371 2106 veram
1387 2079 1512 2106 unionem
1526 2085 1585 2105 esse
1601 2077 1698 2104 factam

910 2129 980 2156 illius
1002 2128 1150 2163 propriam.
1168 2126 1215 2153 Sin
1232 2125 1317 2153 videri
1340 2125 1452 2152 studens
1465 2123 1540 2150 nullo
1556 2123 1635 2150 modo
1649 2129 1699 2149 no-

909 2174 1012 2202 biscum
1026 2174 1052 2200 in
1070 2172 1203 2200 sententia
1217 2171 1365 2199 convenire
1379 2170 1429 2206 (l),
1447 2174 1474 2196 et
1492 2170 1592 2204 ubique
1609 2168 1699 2195 unita-

911 2224 963 2246 tem
981 2219 1126 2254 refugiens.
1141 2218 1254 2245 alterum
1269 2223 1349 2252 atque
1375 2216 1488 2243 alterum
1509 2223 1569 2242 esse
1587 2214 1697 2247 asseris,

910 2270 937 2293 et
950 2273 1031 2292 unum
1047 2273 1079 2292 ex
1102 2265 1155 2292 Deo
1175 2263 1232 2299 90
1255 2263 1334 2290 Patre
1353 2263 1483 2297 genitum,
1506 2261 1621 2288 alterum
1650 2268 1698 2287 co-

910 2316 1021 2346 gnatum
1035 2318 1094 2338 esse
1109 2310 1187 2337 nobis
1200 2315 1227 2336 et
1241 2307 1516 2338 consubstantialem,
1527 2313 1632 2341 expone
1645 2305 1697 2332 mi-

910 2358 948 2389 hi,
963 2365 1065 2392 quaeso,
1089 2364 1205 2392 quonam
1219 2355 1298 2383 modo
1308 2355 1382 2382 dicas
1393 2361 1444 2380 non
1459 2351 1559 2380 esseab
1577 2351 1635 2385 eius
1645 2350 1699 2377 ﬁde

908 2404 1107 2435 declinandum,
1130 2408 1157 2430 et
1177 2406 1320 2437 cognatum
1343 2400 1497 2431 credemus,
1519 2398 1564 2425 illo
1585 2397 1698 2424 dimisso

909 2450 953 2483 qui
977 2450 1015 2476 ait
1034 2459 1041 2477 :
1058 2458 1067 2475 t
1085 2450 1235 2483 Antequam
1254 2447 1391 2475 Abraham
1407 2446 1495 2477 ﬁeret,
1521 2452 1571 2479 ego
1597 2451 1667 2470 sum.
1683 2452 1694 2467 ι

907 2494 984 2522 illum
1002 2495 1169 2521 ascribemus
1186 2492 1264 2520 nobis
1289 2492 1372 2519 Deum
1394 2490 1439 2526 qui
1460 2489 1557 2516 animae
1573 2488 1697 2515 humana:

908 2539 1053 2574 carnisque
1075 2539 1215 2567 nobiscum
1246 2537 1446 2565 fraternitatem
1474 2534 1604 2567 suscepit,
1628 2533 1696 2566 abji-

907 2585 1009 2612 cientes
1025 2592 1085 2612 eutn
1103 2584 1148 2619 qui
1167 2584 1234 2610 dixit
1250 2592 1256 2610 :
1277 2592 1287 2608 ί
1302 2582 1351 2616 Qui
1369 2581 1434 2608 vidit
1451 2588 1504 2612 me,
1522 2579 1587 2606 vidit
1601 2584 1628 2606 et
1645 2578 1696 2604 Pa-

908 2635 994 2664 trem;
1014 2639 1024 2656 »
1043 2630 1169 2664 quamvis
1192 2630 1249 2663 ipse
1273 2628 1372 2656 dixerit
1392 2636 1399 2654 :
1416 2636 1425 2653 ε
1442 2627 1488 2653 Sic
1513 2626 1582 2653 Deus
1604 2624 1696 2652 dilexit

910 2675 1052 2709 mundum,
1064 2680 1094 2703 ut
1106 2675 1204 2703 Filium
1218 2682 1295 2702 suum
1315 2674 1481 2708 unigenitum
1499 2673 1584 2704 daret,
1597 2675 1625 2698 ut
1637 2679 1696 2698 om-

114 2740 207 2781 _"C_or.
216 2751 258 2776 xv,
275 2744 315 2778 16,
331 2743 376 2781 ιδ.
405 2744 428 2781 ’ξ
442 2744 458 2781 γι
476 2744 538 2772 Cor.
556 2752 595 2777 ιι,
610 2744 656 2781 29.
668 2779 679 2781 _
693 2746 717 2761 "
737 2744 818 2772 Hebr.
838 2753 858 2772 Vl

976 2745 985 2761 ‘
1006 2745 1089 2774 llebr.
1104 2753 1164 2779 xm,
1183 2745 1210 2773 8.
1248 2746 1258 2761 ‘
1278 2743 1357 2772 Joan.
1373 2751 1431 2778 vnt,
1449 2743 1494 2772 58.
1532 2742 1542 2758 ³
1563 2741 1645 2768 llcbr.
1661 2747 1694 2774 tt,

102 2774 135 2801 Π-
166 2776 176 2791 δ
190 2774 261 2806 «Ιοσιιζ
277 2774 331 2812 τιν,
345 2779 375 2807 9.
411 2779 422 2794 ⁸
442 2779 492 2807 lsa.
505 2787 560 2813 ιιι,
579 2774 606 2813 ἱ,
621 2780 654 2813 2;
668 2779 733 2808 Luc.
751 2788 788 2814 tv,
807 2781 850 2811 l8.
865 2774 909 2809 l9.

131 2844 161 2879 ll)
175 2845 226 2874 νει.
243 2847 288 2876 Sin
305 2847 401 2876 volens
417 2847 488 2876 nullo
501 2849 579 2878 ntodo
595 2850 664 2879 inter
675 2857 705 2879 se
719 2849 746 2878 in
761 2849 847 2889 gloria
866 2850 1022 2879 convenire.
