1883 3054
165 166 219 194 159

664 161 694 187 S.
716 157 852 186 CYRILLI
872 153 1105 183 ALEXANDBINI
1126 151 1286 179 ARCHIEP.

1761 143 1816 171 160

168 223 209 250 nis
223 222 268 256 qui
283 221 370 249 credit
388 222 414 248 in
434 221 533 256 ipsum,
554 227 606 247 non
621 223 725 254 pereat,
741 218 787 245 sed
807 218 903 244 habeat
923 215 951 242 vi

1050 222 1072 245 ν,
1089 213 1132 239 ἵνα
1152 213 1206 244 πᾶς
1224 213 1239 238 ὀ
1261 210 1399 237 πιστεύων
1417 209 1458 240 εἰς
1481 208 1572 240 αὑτὸν,
1595 207 1633 243 μὴ
1657 206 1814 241 ἀπόληται,

111 269 118 274 ’
169 275 222 294 tam
237 272 366 294 :eternam
381 266 408 299 ⁶;
425 276 434 291 ι
446 270 473 293 et
486 273 593 292 rursum
608 275 614 292 :
634 274 643 290 ι
654 265 704 298 Qui
720 263 805 290 credit
822 263 848 289 in
861 262 959 296 ipsum,

169 321 221 340 non
236 313 388 346 judicatur;
405 311 450 346 qui
468 315 557 338 autem
574 318 626 337 non
642 309 738 341 credit,
753 308 808 342 jam
824 307 961 342 judicatus

167 365 224 391 est,
250 358 311 393 quia
337 365 389 385 non
415 357 531 384 credidit
555 357 581 383 in
609 356 717 383 nomine
741 354 871 389 nnigeuiti
899 353 961 380 Filii

170 404 215 432 Dei
232 405 252 430 ⁷.
270 413 279 430 ι
299 403 367 430 Num
392 411 456 438 ergo
475 403 590 430 seorsim
606 410 638 429 ac
653 401 727 428 solus
744 400 789 428 ille
804 408 837 427 ex
858 399 961 427 semine

168 449 305 476 Abraham
327 457 387 476 esse
414 448 575 482 intelligitur
592 448 758 483 unigenitus.
784 454 845 474 ctltu
869 451 962 480 aperte

170 496 309 530 scripserit
324 495 442 523 Joannes
466 504 473 522 :
503 504 511 520 ι
530 494 690 529 Unigenitus
708 493 793 520 Filius
813 492 858 528 qui
877 498 918 519 est
935 492 961 519 in

169 541 230 568 sinu
247 541 346 572 Patris,
360 541 405 568 ille
419 540 558 567 enarravit
570 540 598 572 ’ς
615 549 624 565 ι
638 547 669 566 ac
682 543 810 574 praeterea
825 538 875 564 alia
891 545 960 572 quo-

170 594 223 622 que
237 594 313 613 sacra
332 586 472 621 Scriptura
491 595 497 613 :
516 595 524 611 ι
541 586 608 612 Cum
624 589 714 612 autem
735 584 885 611 introducit
902 584 962 611 Pri-

171 632 337 666 tnogenilum
355 633 381 659 in
404 632 496 659 orbem
511 636 590 659 teme
612 631 677 659 dicit
698 640 705 657 :
723 631 756 657 Et
771 631 883 657 adorent
899 638 960 657 eum

170 683 266 703 omnes
281 677 367 711 angeli
389 677 434 704 Dei
447 677 476 709 ³;
494 686 503 702 ι
521 676 716 710 primogenitns
738 681 828 702 autem
852 683 962 710 prorsus

170 729 211 750 est
233 723 276 750 ille
296 724 322 750 in
347 724 437 751 multis
461 723 602 755 fratribus,
622 732 674 750 non
695 723 739 750 ille
758 723 832 750 solus
851 731 883 750 ex
905 723 962 750 solo

171 768 225 796 Deo
239 777 270 796 ac
284 769 363 796 Patre
377 770 494 804 genitus.
512 769 657 804 Sequimur
673 770 745 796 enim
764 770 871 796 interim
890 775 961 802 tuas,

170 815 213 841 vir
233 816 351 850 egregie.
376 816 576 848 distinctiones,
598 822 629 841 ac
651 822 806 849 spectamus
827 816 962 848 consulto,

169 868 223 894 quo
240 862 345 888 tandem
360 863 438 888 verba
456 863 609 889 deveniant.
632 862 703 897 Ergo
726 863 796 897 (jam
814 863 885 889 enim
900 870 962 889 ora-

172 906 271 933 tionem
293 907 324 932 ad
349 907 423 933 initia
444 908 595 942 revocabo)
615 909 660 942 qni
684 908 807 935 humana:
821 909 916 936 animm
936 914 964 936 ct

169 953 261 979 carnis
274 953 473 980 l'ralernitatem
492 954 632 981 nobiswm
646 954 775 989 suscepit,
788 958 814 981 et
829 958 909 981 natus
920 960 964 982 est

170 1006 202 1024 rx
223 998 327 1025 semine
346 1000 493 1031 Abraham,
520 1000 542 1026 is
567 1001 763 1034 primogenitus
783 1000 836 1027 erit
858 1001 960 1035 utique,

171 1044 240 1071 utin
258 1045 349 1071 nudtis
361 1045 491 1074 fratribus
510 1054 516 1073 :
532 1046 576 1072 ille
591 1054 654 1073 vero
670 1047 695 1072 in
719 1047 779 1073 sinu
802 1047 847 1073 Dei
863 1051 891 1073 et
910 1046 962 1073 Pa-

171 1090 231 1121 tris,
251 1091 404 1124 unigenitns
431 1091 502 1118 Dens
528 1091 657 1118 Verbum.
688 1092 768 1126 Atqui
797 1101 857 1120 cum
884 1101 961 1120 sacra

171 1135 310 1170 Scriptura
326 1137 398 1163 dicat
420 1137 445 1164 in
461 1137 557 1164 Filium
579 1137 624 1164 Dei
641 1137 808 1171 unigenitum
826 1146 886 1166 esse
901 1146 961 1166 cre~

169 1180 299 1213 demtum,
317 1188 369 1214 qua
387 1181 420 1208 de
437 1189 518 1208 causa
540 1182 618 1210 nobis
635 1188 779 1217 cognatum
796 1188 877 1218 atque
895 1192 962 1211 con-

169 1225 376 1252 substantialem
397 1234 457 1253 cum
479 1229 665 1262 proposueris,
682 1229 749 1256 dicis
765 1238 817 1256 non
835 1235 962 1264 oportere

169 1270 203 1296 ab
214 1269 273 1304 ejus
289 1271 418 1298 dimoveri
437 1272 511 1300 fide?
529 1273 600 1308 Ergo
612 1282 724 1302 necesse
736 1281 777 1302 est
799 1276 962 1310 conjungere

170 1315 196 1342 in
210 1323 292 1342 untun
310 1317 451 1344 Dominum
465 1323 491 1344 et
506 1317 656 1351 Christum,
671 1321 865 1354 conjunctione
879 1323 961 1348 uimi-

170 1368 229 1387 rutn
243 1362 391 1388 secundum
407 1363 574 1398 hypostasiu,
594 1369 622 1392 ut
637 1365 664 1392 in
679 1367 775 1393 eodem
797 1367 962 1402 intelligatur

170 1406 335 1441 tmigenitus.
355 1413 382 1434 et
396 1409 593 1443 primogenitus
623 1411 714 1444 idem;
735 1420 768 1440 eo
785 1414 855 1447 quod
874 1414 961 1448 ipsum

168 1460 202 1479 ex
224 1453 277 1480 Deo
301 1454 380 1481 Patre
397 1455 513 1482 Verbum
529 1465 590 1484 cunt
615 1463 688 1486 esset
708 1467 741 1486 ex
766 1465 862 1487 natura
880 1460 960 1493 Dens,

170 1502 270 1529 factum
287 1509 327 1529 est
345 1504 426 1531 homo
442 1505 527 1532 nostri
541 1506 650 1539 similis,
665 1511 694 1534 et
709 1515 741 1534 ex
759 1508 864 1535 semine
875 1509 960 1535 Abra-

169 1548 243 1575 ham.
270 1547 376 1576 Etenim
400 1556 508 1578 acutum
525 1553 575 1579 sibi
592 1555 719 1587 quiddam
736 1554 872 1581 invenisse
885 1556 960 1582 vide—

171 1599 222 1625 tnr.
238 1595 328 1630 itaque
341 1597 380 1624 sic
398 1606 490 1625 rursus
504 1599 543 1625 ait
558 1607 564 1625 :

205 1730 337 1766 [Νεετοιι.
357 1731 520 1759 Meministis
542 1737 630 1760 autem
654 1741 766 1768 prorsus
789 1742 881 1761 eorum
901 1743 961 1769 qme

169 1784 241 1810 saepe
255 1777 309 1804 dixi
322 1777 408 1809 vobis,
424 1785 484 1804 cum
499 1781 566 1805 duas
579 1778 605 1805 in
620 1778 729 1806 Christo
741 1785 851 1807 naturas
865 1781 961 1808 distin-

169 1831 280 1858 guerent
295 1833 302 1850 :
319 1824 378 1850 time
389 1829 454 1850 sunt
467 1824 550 1856 enim,
567 1825 589 1851 si
603 1830 726 1852 naturam
744 1830 863 1860 spectes;
881 1827 903 1854 si
921 1828 962 1854 di-

169 1870 310 1901 gnitatem,
325 1869 459 1903 simplex:
477 1874 636 1897 naturarum
653 1871 724 1897 enim
740 1872 891 1899 auctoritas
908 1880 960 1899 una

169 1920 211 1943 est
235 1921 344 1950 propter
365 1916 605 1951 conjunctéouem,
633 1917 685 1952 91
717 1919 822 1945 naturis
851 1920 959 1950 quidem

170 1960 277 1996 lelnper
295 1963 321 1990 in
335 1971 384 1990 suo
398 1963 493 1990 ordine
513 1965 745 1998 permanantibus,
766 1965 813 1991 sed
830 1965 962 1999 dignitate

170 2009 324 2044 conjuncta,
340 2013 369 2036 ut
383 2009 439 2042 jam
460 2009 527 2041 dixi,
543 2009 570 2035 in
589 2010 777 2036 auctoritatem
790 2010 909 2039 unicam.
925 2011 932 2046 ]

496 2077 572 2105 CAP.
592 2077 636 2105 VI.

206 2144 260 2172 Sed
272 2144 350 2172 facile
359 2152 472 2180 prorsus
484 2145 672 2175 intellexisses,
690 2146 711 2172 si
725 2146 832 2173 divinus
844 2146 962 2174 Litteras

169 2191 245 2226 sequi
258 2192 418 2224 statuisses,
431 2199 492 2226 qua:
507 2199 588 2218 unum
602 2192 695 2218 dicunt
708 2192 851 2219 Dominum
868 2192 960 2220 Jesnm

980 893 1001 922 Β

1013 260 1070 286 ἀλλ’
1083 259 1132 294 ἔχῃ
1150 258 1222 294 ζωὴν
1237 257 1361 284 αἰώνιον*
1384 265 1392 281 ι
1417 255 1464 281 καὶ
1483 254 1574 286 πάλιν,
1591 264 1599 279 ι
1624 254 1654 280 '0
1670 251 1816 279 πιστεύων

1011 307 1051 336 εἰς
1066 305 1158 333 αὑιὸν.
1174 304 1206 330 οὺ
1232 304 1373 338 κρίνεται·
1388 302 1401 328 ὁ
1415 301 1443 328 δὲ
1469 300 1506 336 μὴ
1530 299 1676 330 πιστεύων,
1696 298 1749 333 ἤδη
1766 297 1817 324 κέ-

1012 360 1119 386 κριται-
1135 352 1176 377 ὅτι
1200 350 1237 384 μὴ
1253 348 1436 376 πεπίστευκεν
1451 347 1491 378 εἰς
1504 346 1534 372 τὸ
1552 346 1636 380 δνομα
1657 343 1707 371 τοῦ
1728 352 1815 378 μονο-

1012 396 1106 430 γενοῦς
1116 395 1182 422 Υἱοῦ
1192 394 1241 421 τοῦ
1254 393 1349 421 Θεοῦ.»
1362 391 1427 428 Ἆρ’
1439 390 1485 419 οὖν
1499 391 1630 427 ὑπάρχειν
1642 391 1745 419 νοεῖται
1763 397 1816 423 μο-

1013 441 1125 476 νογενὴς
1140 440 1193 476 ἰδίᾳ
1208 449 1239 466 τε
1260 439 1307 466 καὶ
1322 439 1402 474 μόνος
1418 439 1432 464 ὀ
1442 438 1475 463 ὲκ
1492 437 1651 471 σπέρματος
1668 434 1814 469 Ἀϐραὰμ,

1012 487 1100 514 καίτοι
1126 486 1293 520 γεγραφότος
1311 484 1436 511 Ἰωάννου
1454 482 1549 517 σαφῶς
1561 491 1567 498 ·
1582 492 1591 508 ‹
1617 482 1646 508 '0
1660 480 1815 516 μονογενὴς

1014 533 1087 566 Υἱὸς,
1103 533 1117 559 ὁ
1132 532 1170 559 ὢν
1189 532 1228 563 εἰς
1244 531 1291 558 τὸν
1311 530 1411 557 κόλπον
1431 528 1479 556 τοῦ
1496 527 1611 562 Πατρὸς,
1637 527 1742 558 ἐκεῖνος
1766 524 1815 556 ὲξ-

1013 579 1150 614 ηγήσατο·
1170 587 1180 604 ι
1206 577 1254 604 καὶ
1272 576 1325 612 μὴν
1341 576 1388 602 καὶ
1404 575 1500 610 ἐτέρου
1521 574 1689 610 Γράμματος
1712 571 1789 607 ἱεροῦ
1804 579 1811 585 ·

1015 634 1025 650 ι
1045 625 1129 651 Ὅταν
1147 624 1176 650 δὲ
1192 624 1327 657 εἰσαγάγῃ
1347 622 1393 648 τὸν
1406 621 1583 657 Πρωτότοκον
1597 621 1637 651 εις
1653 618 1703 654 τὴν
1718 619 1815 645 οἰκου-

1016 671 1114 706 μένην,
1140 670 1229 704 λέγει·
1249 669 1303 696 Καὶ
1316 666 1587 703 προσκυνησάτωσαν
1609 665 1684 699 αὐτῷ
1707 663 1815 694 πάντες

1013 716 1124 750 ἄγγελοι
1137 714 1216 742 Θεοῦ.
1231 724 1240 740 ι
1254 713 1430 750 Πρωτότοκος
1441 712 1470 739 δὲ
1483 711 1572 746 πάντη
1583 719 1613 737 τε
1625 709 1674 736 καὶ
1701 710 1813 739 πάντως

1014 764 1057 798 εἴη
1072 763 1106 790 ἂν
1122 764 1136 789 ὁ
1148 762 1177 789 ιν
1196 762 1301 793 πολλοῖς
1323 760 1459 794 ἀδελφοῖς,
1472 759 1522 794 οὐχ
1543 759 1558 784 ὁ
1575 758 1654 793 μόνος
1669 757 1702 783 ἐκ
1728 755 1813 787 μόνου

1014 809 1212 845 γεγεννημένος
1229 807 1276 834 τοῦ
1290 805 1359 833 Θεοῦ
1383 806 1429 832 καὶ
1454 803 1570 840 Πατρός.
1592 802 1732 838 Ἐψόμεθα
1755 801 1814 836 γὰρ

1014 856 1084 887 τέως
1100 856 1160 886 ταῖς
1177 855 1247 885 σαῖς,
1263 851 1286 880 ὣ
1301 849 1390 884 οὗτος,
1405 850 1576 882 διαστολαῐς,
1592 848 1814 886 καραδοκοῦντες

1015 901 1195 936 οἰκονομικῶς
1214 901 1276 926 ὅποι
1301 899 1366 926 ποτὲ
1382 900 1448 933 ἡμῖν
1468 897 1656 923 διεκπαίουσιν
1677 895 1703 922 οἱ
1723 894 1812 928 λόγοι.

1014 947 1119 975 Οὐκοῦν
1135 946 1307 981 (ἀνακομισω
1323 945 1377 980 γὰρ
1392 944 1439 971 τὸν
1453 944 1532 977 λόγον
1547 943 1588 973 εἰς
1599 942 1628 968 τὸ
1644 941 1693 968 ἀπ’
1707 941 1811 976 ἀρχῆς)

1013 997 1027 1022 ὁ
1041 994 1132 1029 ψυχῆς
1149 992 1324 1028 ἀνθρωπίνης
1346 991 1394 1018 καὶ
1412 990 1514 1025 σαρκὸς
1531 988 1600 1024 πρὸς
1615 989 1689 1023 ἡμᾶς
1710 987 1813 1013 ἀναλα-

1014 1041 1069 1067 ϐὼν
1080 1039 1260 1074 ἀδελφότητα.
1274 1036 1395 1072 γεγονὼς
1408 1036 1437 1062 δὲ
1450 1037 1481 1062 ὲκ
1495 1035 1652 1069 σπέρματος
1672 1032 1811 1067 ’Δὸραὰμ,

1012 1086 1184 1122 πρωτότοκος
1199 1085 1241 1118 εἴη
1255 1084 1287 1110 ἂν
1303 1083 1342 1113 ὡς
1352 1083 1380 1108 ὲν
1397 1082 1506 1112 πολλοῖς
1521 1080 1647 1114 ἀδελφοῖς
1660 1087 1667 1094 ⁸
1680 1079 1694 1105 ὃ
1705 1087 1738 1112 γε
1757 1077 1812 1113 μὴν

1013 1132 1043 1158 ἐν
1057 1132 1150 1166 κόλπῳ
1163 1130 1211 1157 τοῦ
1225 1129 1294 1156 Θεοῦ
1308 1129 1355 1155 καὶ
1372 1127 1489 1163 Πατρδς,
1508 1126 1656 1162 μονογενὴς
1673 1124 1740 1151 Θεοῦ
1756 1124 1811 1150 Λό-

1013 1187 1069 1212 γος.
1083 1175 1149 1204 Εἶτα
1164 1177 1213 1211 τῆς
1229 1175 1410 1202 θεοπνεύστου
1426 1173 1551 1208 Γραφῆς,
1567 1173 1608 1203 εἰς
1625 1171 1671 1197 τὸν
1688 1171 1751 1196 Υἱὸν
1761 1169 1810 1195 τοῦ

1013 1223 1080 1250 Θεοῦ
1094 1223 1138 1249 τὸν
1164 1220 1298 1257 μονογενῆ
1322 1220 1422 1255 χρῆναι
1440 1217 1574 1253 λεγούσης
1602 1217 1740 1244 ποιεῖσοαι
1758 1215 1811 1249 τὴν

1014 1271 1117 1301 πίστιν,
1134 1271 1179 1297 τὸν
1195 1267 1316 1302 συγγενῆ
1336 1276 1365 1293 τε
1380 1267 1428 1293 καὶ
1442 1266 1509 1300 ἡμῖν
1523 1264 1677 1300 ὁμοούσιον,
1695 1262 1810 1290 ἀνοὸτου

1013 1315 1183 1351 παρατιθεὶς,
1201 1315 1238 1350 μὴ
1252 1314 1284 1349 δὴ
1307 1313 1406 1349 χρῆναι
1425 1312 1479 1348 φὴς
1495 1311 1544 1346 τῆς
1564 1312 1604 1342 εις
1622 1310 1704 1336 αὺτὸν
1720 1317 1812 1343 παρα-

1012 1362 1162 1399 τρέπεσθαι
1182 1361 1316 1393 πίστεως;
1335 1359 1439 1386 Οὐκοῦν
1455 1359 1563 1392 ἀνάγκη
1580 1357 1686 1383 συνδεῖν
1704 1356 1743 1386 εἰς
1762 1354 1812 1380 ἕνα

1013 1409 1117 1445 Κύριον
1132 1409 1179 1435 καὶ
1204 1407 1337 1444 Χριστόν·
1359 1407 1419 1433 κατ’
1435 1406 1542 1440 ἔνδησιν
1572 1404 1600 1431 δὲ
1621 1403 1744 1439 δηλονότι
1761 1402 1812 1438 τὴν

1012 1456 1074 1483 καθ’
1089 1456 1250 1485 ὑπόστασιν.
1268 1454 1313 1481 ἶνα
1326 1454 1355 1480 ὲν
1377 1452 1469 1487 ταυτῷ
1490 1452 1576 1478 νοοῖτο
1597 1449 1747 1486 μονογενὴς
1764 1450 1811 1475 καὶ

1012 1502 1184 1538 πρωτότοκος
1199 1501 1213 1527 ὁ
1227 1500 1318 1533 αὐτὸς,
1339 1498 1407 1526 καθὸ
1421 1498 1500 1533 φύσει
1515 1497 1582 1529 Θεὸς
1602 1497 1736 1532 ὑπάρχων
1747 1497 1761 1522 ὁ
1778 1497 1812 1521 ἐκ

1012 1548 1081 1575 Θεοῦ
1099 1547 1204 1582 [ἰατρὸς
1224 1547 1322 1580 Λόγος,
1347 1545 1459 1580 γέγονεν
1480 1544 1623 1579 ἄνθρωπος
1636 1542 1699 1569 καθ’
1724 1543 1809 1577 ἡμᾶς,

1013 1596 1059 1622 καὶ
1076 1596 1108 1621 ὲκ
1133 1595 1289 1628 σπέρματος
1315 1593 1454 1628 Ἀϐραάμ.
1481 1591 1561 1618 Ἀλλὰ
1585 1590 1639 1624 γὰρ
1659 1588 1812 1624 ἐξηύρηταί

1014 1651 1038 1668 τι
1053 1641 1134 1676 σοφὸν
1149 1640 1234 1674 αὐτῷ,
1254 1639 1379 1674 καθάπερ
1400 1636 1447 1664 οὖν
1470 1637 1557 1664 οἴεται
1579 1636 1626 1662 καί
1642 1643 1726 1670 φησιν
1740 1634 1810 1660 οὕτω

1013 1687 1094 1713 πάλιν
1110 1694 1117 1701 ⁶

1048 1732 1213 1769 [Μέμνησθε
1229 1732 1258 1758 δέ
1283 1739 1335 1757 που
1352 1730 1461 1760 πάντως
1476 1729 1524 1756 καὶ
1548 1728 1583 1754 τὰ
1606 1726 1741 1757 πολλάκις
1762 1734 1808 1760 μοι

1013 1779 1082 1814 πρὸς
1096 1779 1168 1814 ὑμᾶς
1182 1778 1326 1813 εἰρημένα,
1342 1776 1392 1807 τὰς
1408 1775 1506 1806 διπλᾶς
1521 1774 1589 1810 πρὸς
1607 1773 1653 1800 τὸν
1667 1772 1811 1806 Δεσπότην

1012 1824 1131 1859 Χριστὸν
1147 1824 1313 1859 διακρίνοντι
1330 1821 1425 1856 φύσεις
1437 1829 1443 1834 ·
1460 1820 1553 1846 διπλαῖ
1569 1819 1618 1854 μὲν
1633 1818 1688 1854 γὰρ
1711 1819 1744 1853 τῇ
1761 1817 1810 1851 Ψύ-

1013 1876 1064 1898 σει,
1078 1869 1111 1902 τῇ
1128 1868 1156 1894 δὲ
1173 1867 1236 1902 ἀξίᾳ
1261 1865 1422 1901 μοναδικαὶ’
1441 1865 1457 1899 ἠ
1477 1865 1531 1899 γὰρ
1555 1864 1609 1890 τῶν
1625 1864 1736 1898 φύσεων
1760 1863 1809 1889 αὐ-

1013 1913 1116 1945 θεντία,
1130 1913 1175 1939 διὰ
1189 1912 1241 1948 τὴν
1257 1912 1415 1945 συνάφειαν,
1432 1910 1497 1946 μία·
1517 1910 1570 1936 τῶν
1586 1909 1636 1945 μὲν
1656 1909 1766 1943 φύσεων
1780 1911 1809 1935 ὲν

1013 1961 1046 1995 τῇ
1066 1960 1156 1995 οἰκείᾳ
1167 1959 1243 1992 τάξει
1259 1958 1302 1984 διὰ
1323 1957 1424 1988 παντὸς
1445 1956 1600 1991 μενουσῶν·
1613 1955 1664 1990 τῆς
1684 1955 1714 1981 δὲ
1731 1954 1810 1988 ἀξίας

1014 2005 1200 2041 συνημμένης,
1212 2005 1249 2036 ὡς
1265 2005 1405 2039 προεῖπον,
1423 2003 1465 2034 εις
1477 2001 1620 2030 αὐθεντίαν
1637 2000 1808 2036 μοναδικήν]

1314 2073 1438 2098 amart.
1461 2073 1506 2105 ς’.

1052 2143 1121 2169 Ἀλλ’
1136 2141 1209 2178 ἦσοά
1225 2150 1276 2168 που
1304 2141 1414 2173 πάντως
1435 2140 1568 2176 εὐμαθὴς,
1583 2142 1616 2175 τῇ
1637 2141 1809 2175 θεοπνεύστῳ

1014 2189 1109 2224 Γραφῇ
1139 2186 1350 2214 κατακολουθεῖν
1374 2187 1522 2221 ᾑρημένος,
1543 2185 1590 2212 ἕνα
1614 2185 1733 2222 λεγούσῃ
1754 2185 1809 2212 Κύ-

169 2239 323 2270 Christum,
336 2245 389 2265 non
411 2237 583 2272 sejungentes
609 2238 681 2264 illum
697 2246 729 2265 ex
753 2240 856 2266 semine
874 2240 951 2265 Abra-

1050 2244 1072 2260 ιν
1096 2234 1199 2269 Ἰησοῦν
1220 2232 1347 2267 Χριστὸν,
1368 2232 1415 2258 καὶ
1440 2233 1489 2258 οὐκ
1515 2232 1567 2258 ἀνὰ
1595 2232 1679 2267 μέρος
1703 2232 1809 2267 τιθείσῃ

169 2285 243 2315 ham,
252 2283 392 2310 etilludcx
402 2284 455 2310 Deo
463 2283 543 2310 Patre
557 2283 681 2310 Verbum.
693 2284 731 2310 Ad
743 2284 870 2311 barcillud
879 2285 961 2312 etiam

168 2330 341 2356 considerare
351 2330 488 2364 oportuit:
504 2329 553 2356 alia
565 2335 606 2356 est
620 2330 690 2356 enim
707 2338 748 2356 res
756 2331 893 2361 divinitas,
908 2330 959 2357 alia

169 2380 268 2402 nustrre
281 2375 378 2403 similis
390 2376 560 2406 lnnnanitas,
574 2377 646 2410 quod
658 2377 690 2402 ad
709 2377 840 2404 rationem
861 2377 960 2404 attinet

169 2428 229 2455 qum
237 2421 342 2448 naturis
355 2422 424 2449 inest
436 2431 442 2449 τ
453 2429 599 2456 congressu
610 2427 699 2448 autem
710 2422 857 2449 secundum
866 2430 959 2449 veram

170 2468 306 2499 unionem,
315 2476 383 2495 ututs
397 2473 435 2495 est
450 2476 482 2495 ex
493 2469 614 2503 utrisque
622 2468 758 2500 Christus,
770 2474 797 2494 ut
809 2469 960 2503 smpcdixi-

172 2521 248 2541 mus:
261 2514 451 2549 bypostasibus
465 2522 537 2546 vero,
554 2520 582 2541 ut,
597 2520 624 2540 tu
641 2515 690 2543 ais.
708 2515 732 2539 in
748 2515 800 2541 duo
816 2515 920 2545 divisis,
934 2518 962 2541 et

172 2560 285 2587 seorsim
302 2567 333 2587 ac
348 2561 470 2594 privatim
496 2561 628 2587 exsistere
648 2560 790 2586 intellectis
801 2580 808 2591 ,
823 2560 960 2593 quomodo

173 2613 331 2640 congressus
342 2607 368 2633 in
378 2613 458 2633 unam
470 2615 613 2641 personam
628 2606 683 2638 tiet,
698 2606 747 2632 nisi
761 2613 842 2632 unum
853 2605 964 2632 alterius

174 2659 234 2679 esse
258 2653 453 2687 quadammodo
480 2653 616 2687 proprium
637 2653 741 2680 dicatur
755 2672 762 2684 ,
780 2658 809 2678 ut
834 2652 960 2678 nimirqu

175 2697 299 2724 humanae
321 2698 416 2724 animat!
430 2699 566 2732 proprium
593 2699 750 2732 intelligitur
772 2698 831 2731 ejus
853 2706 963 2732 corpus,

175 2742 299 2776 quamvis
325 2743 437 2770 diversae
462 2743 497 2769 sit
512 2743 546 2770 ab
571 2751 602 2770 ea
622 2748 725 2770 natura:
743 2751 750 2769 :
771 2751 859 2777 neque
891 2743 964 2769 enim

177 2789 246 2815 idem
257 2795 296 2815 vst
311 2791 398 2816 anima
410 2795 436 2815 et
447 2797 555 2822 corpus.
575 2788 627 2816 Sed
639 2790 709 2816 dicet
721 2788 835 2815 fortasse
850 2789 964 2823 aliquis:

214 2879 225 2895 ‘
243 2879 320 2908 Joan.
345 2887 384 2912 In,
403 2879 444 2906 l6.
483 2879 493 2894 ⁷
515 2878 579 2907 ibid.
598 2878 638 2906 18.
679 2878 688 2892 *³
710 2877 785 2906 ιιυίιιι.
802 2885 820 2910 ι,
842 2878 884 2905 18.

1016 2281 1062 2308 τὸν
1077 2281 1109 2306 ἐκ
1122 2279 1279 2315 σπέρματος
1303 2278 1440 2314 Ἀϐραὰμ,
1453 2278 1499 2304 καὶ
1515 2278 1560 2304 τὸν
1576 2279 1608 2305 ὲκ
1623 2278 1691 2304 Θεοῦ
1704 2278 1808 2313 [ἰατρὸς

1015 2327 1113 2360 Λόγον.
1132 2326 1186 2351 Καὶ
1205 2324 1273 2360 πρός
1293 2333 1325 2358 γε
1343 2324 1375 2359 δὴ
1398 2324 1494 2358 τούτῳ,
1513 2324 1624 2350 κάκεῖνο
1643 2323 1808 2349 διανοεῖσθαι

1014 2375 1082 2408 χρὴ·
1097 2371 1191 2405 ἕτερον
1210 2371 1259 2403 μὲν
1278 2370 1332 2404 γάρ
1349 2379 1375 2396 τι
1388 2369 1484 2404 χρῆμα
1507 2368 1613 2403 Θεότης,
1638 2368 1732 2403 ἕτερον
1747 2368 1776 2394 δὲ
1790 2369 1806 2403 ὴ

1015 2418 1075 2445 καθ’
1091 2418 1164 2452 ἡμᾶς
1179 2415 1368 2451 ἀνθρωπότης.
1380 2415 1452 2442 κατά
1469 2423 1500 2448 γε
1513 2416 1559 2441 τὸν
1572 2415 1666 2441 ἐνόντα
1678 2416 1740 2446 ταῖς
1756 2415 1806 2448 φύ-

1015 2472 1074 2490 σεσι
1089 2463 1183 2497 λόγον·
1209 2462 1345 2496 συμὸάσει
1361 2461 1390 2487 δὲ
1403 2463 1436 2496 τῇ
1457 2460 1518 2487 καθ’
1538 2460 1635 2487 ἕνωσιν
1653 2461 1753 2495 ἀληθῆ,
1768 2459 1807 2492 εἷς

1015 2508 1045 2540 ἐξ
1067 2509 1168 2543 ἀμφοῖν
1188 2508 1202 2533 ὁ
1219 2507 1345 2542 Χριστὸς,
1361 2506 1432 2532 καθὰ
1455 2505 1615 2537 πλειστάκις
1639 2507 1806 2542 εἰρήκαμεν·

1014 2554 1068 2580 τῶν
1081 2563 1112 2588 γε
1132 2553 1183 2589 μὴν
1194 2553 1381 2584 ὺποστάσεων,
1396 2552 1432 2584 ὡς
1449 2553 1480 2578 σὺ
1492 2552 1556 2587 φὴς,
1574 2553 1750 2588 διῃρημένων
1768 2553 1807 2584 εἰς

1011 2601 1070 2630 δύο,
1091 2601 1138 2627 καὶ
1158 2599 1312 2634 νοουμένων
1327 2599 1461 2633 ὑπάρχειν
1477 2598 1530 2625 ἀνὰ
1550 2598 1633 2633 μέρος
1653 2607 1683 2624 τε
1696 2599 1744 2625 καὶ
1761 2599 1807 2625 ιδι-

1015 2647 1081 2678 κῶς,
1099 2646 1157 2678 πῶς
1175 2647 1206 2672 ἂν
1224 2645 1329 2679 γένοιτο
1350 2644 1485 2679 σύμϐασις
1506 2645 1546 2676 εἰς
1563 2645 1710 2679 πρόσωπον
1725 2645 1766 2677 ἓν,
1784 2645 1807 2671 εἰ

1017 2693 1054 2728 μὴ
1068 2693 1122 2728 ἄρα
1135 2701 1192 2724 πως
1209 2692 1274 2718 ἴδιον
1294 2692 1324 2718 ἓν
1345 2691 1403 2722 ἐνὸς
1417 2689 1539 2724 λέγοιτο·
1561 2689 1688 2724 καθάπερ
1711 2691 1807 2725 ἀμέλει

1015 2740 1065 2774 τῆς
1080 2738 1223 2774 ἀνθρώπου
1239 2737 1329 2772 ψυχῆς
1345 2737 1410 2763 ἴδιον
1426 2736 1458 2762 ἂν
1473 2737 1557 2762 νοοῖτο
1571 2735 1601 2762 τὸ
1615 2736 1694 2770 σῶμα
1712 2736 1805 2770 αὐτῆς,

1019 2785 1108 2812 καίτοι
1124 2783 1192 2819 πρὸς
1211 2783 1293 2818 αὐτὴν
1308 2781 1428 2817 ὑπάρχον
1444 2780 1586 2815 ἐτεροφυές
1599 2788 1606 2795 ’
1625 2781 1655 2806 οὐ
1677 2781 1733 2816 γάρ
1756 2789 1806 2807 που

925 2878 933 2892 ’δ
957 2877 1038 2904 llcbr.
1057 2884 1074 2910 t,
1092 2876 1118 2902 ϐ.
