1886 3056
166 161 219 190 165

663 156 692 184 S.
713 154 850 183 CYRILLI
871 155 1109 184 ALEXANDRINI
1127 154 1288 184 ARClllEl’.

1753 153 1806 181 l6!-

165 225 268 247 ιιιιπιυι.
284 217 374 252 Argue
390 215 473 251 igitur
487 214 563 243 illum
577 214 610 242 de
627 219 738 249 peccato
755 223 762 241 :
780 214 804 241 si
814 214 908 241 nobisc

1061 214 1088 241 ὒν
1103 214 1204 247 αὐτῶν,
1224 214 1271 241 καὶ
1288 215 1401 250 προσέτι
1420 215 1468 241 καὶ
1481 214 1590 246 ἑαυτοῦ,
1609 215 1736 250 δεδέηται
1753 225 1805 243 που

166 262 339 294 sacriﬁcavit,
350 261 463 288 ostende
477 260 555 288 simul
569 260 650 287 etiam
663 260 803 287 nobiscum
818 267 955 294 peccasse.

167 310 262 337 Pastor
271 308 315 336 ille
325 309 411 335 bonus
423 314 471 342 pro
478 313 595 341 quonam
609 305 697 340 posuit
710 305 826 332 animam
838 312 914 332 suam
923 305 956 338 ⁸⁸,

167 363 215 390 pro
229 362 275 386 se,
292 362 325 380 an
341 360 390 388 pro
408 352 464 380 suis
478 352 574 379 ovibus
587 351 600 378 ’ἔ
614 350 704 378 Audio
722 351 796 378 Illum
823 351 956 378 dicentem

166 402 198 428 de
214 399 291 428 nobis
308 409 314 427 :
334 408 344 425 ί
358 397 408 425 Pro
424 398 489 432 ipsis
507 404 558 432 ego
576 397 716 424 sanctiﬁco
737 397 868 431 meipsum
883 396 906 412 ¹⁶
920 404 928 430 ;
945 405 955 422 ι

167 452 209 478 et,
227 451 256 474 ut
268 445 355 480 inquit
370 444 570 473 beatusPaulns
585 452 592 470 ι
608 452 617 469 ‹
635 442 729 470 Gratia
747 443 793 470 Dei
807 451 855 478 pro
872 442 959 470 omni-

167 493 217 520 bus
243 491 360 525 gustavit
379 495 493 518 mortem
511 490 532 505 "’
550 498 557 522 ;
577 498 586 515 ι
611 494 636 516 et
659 488 756 516 iterum
775 497 782 515 :
804 498 813 514 ι
832 488 959 515 Traditus

167 542 210 565 est
234 541 344 571 propter
365 535 464 563 delicta
491 540 602 565 nostra,
618 539 646 561 et
673 534 824 561 resurrexit
849 538 960 569 propter

165 582 386 618 iustiﬁcationem
417 585 538 608 nostram
560 580 581 596 ¹³
599 588 606 612 ;
630 589 639 605 ν
658 585 685 606 et
699 580 769 607 sicut
783 580 848 606 dicit
876 579 960 606 Isaias

169 629 299 663 propheta
315 634 325 654 :
343 636 352 652 t
372 625 519 660 Disciplina
545 626 618 660 pacis
633 631 735 653 nostra:
752 633 833 660 super
845 633 917 658 eum,
933 631 960 653 et

168 673 255 700 livore
271 673 331 706 ejus
347 672 436 699 sanati
450 679 544 699 sumus
559 671 581 687 ¹⁹
599 680 606 705 ;
627 680 637 696 ι
657 679 710 698 non
732 672 790 706 ipse
806 678 861 698 suae
876 670 960 705 ipsius

169 719 257 746 carnis
287 719 413 753 passione
443 717 531 746 obiter
555 723 596 745 est
617 722 740 744 curatus.
764 717 892 744 Traditus
920 721 961 744 est

169 769 280 800 propter
304 763 402 792 delicta
425 769 533 795 nostra,
551 771 604 790 non
629 767 739 798 propter
761 770 808 789 sua
827 771 835 795 ;
852 763 961 789 minime

168 809 289 838 Omnium
310 821 316 838 :
337 815 461 837 naturam
481 817 596 843 namque
610 809 727 836 hominis
737 816 832 835 omnes
844 807 962 834 fatemur

169 863 203 883 ex
217 855 262 882 illa
278 855 304 882 in
327 855 412 882 Atiam
429 855 643 888 transgressione
654 855 679 881 in
698 854 913 880 maledictionem
929 860 961 880 ac

169 905 286 928 mortem
316 900 399 928 fuisse
423 900 587 933 devolutum,
603 900 637 927 ad
653 900 710 927 haec
726 899 863 926 laborasse
879 900 960 926 etiam

169 946 302 974 facilitate
335 947 463 982 peccandi
495 947 522 973 in
547 953 648 977 carne.
664 951 693 972 ut
716 946 876 980 iustiﬁcatio
898 946 964 981 legis

170 993 225 1029 93
242 993 400 1028 impleretur
415 993 443 1020 in
468 993 557 1025 nobis,
582 993 626 1027 qui
655 1000 708 1020 non
728 994 877 1020 secundum
900 1000 963 1020 car~

173 1048 234 1067 nem
253 1039 434 1072 ambulamus,
457 1039 503 1066 sed
526 1039 675 1066 secundum
700 1039 823 1074 spiritum
837 1039 860 1054 "
875 1047 882 1065 :
900 1047 962 1066 nam

172 1091 316 1120 propterea
344 1085 508 1112 "Ovissimus
533 1085 617 1112 Adam
645 1089 687 1112 est
716 1085 881 1120 appellatus,
910 1092 962 1111 non

173 1132 246 1166 quod
262 1131 363 1166 prioris
383 1131 455 1158 illius
471 1131 544 1158 vitiis
567 1131 709 1164 laborarit,
723 1133 770 1158 sed
785 1131 857 1166 quod
876 1132 901 1158 in
919 1139 962 1158 se-

173 1177 242 1212 ἥρω,
260 1181 288 1203 et
300 1177 407 1211 quidem
422 1178 520 1212 primo,
536 1177 653 1204 hominis
664 1183 789 1204 naturam
807 1182 963 1213 transgres-

173 1223 259 1250 sionis
269 1222 341 1250 illius
353 1224 453 1250 veteris
466 1223 579 1250 crimine
594 1223 714 1250 liberarit
730 1231 737 1250 :
752 1223 876 1258 quamvis
891 1224 963 1250 enirn

173 1268 218 1296 illa
232 1268 314 1296 luerit
332 1268 357 1295 in
384 1268 468 1295 Adam
496 1268 635 1300 damnata,
661 1273 689 1294 at
710 1273 784 1296 certe
809 1268 835 1295 in
854 1268 964 1295 Christo

173 1315 366 1350 probatissima
378 1319 404 1341 et
422 1313 558 1349 imprimis
570 1314 739 1341 admirabilis
760 1315 896 1349 apparuit.
916 1314 964 1342 Est

173 1367 240 1396 ergo
250 1360 296 1388 ille
308 1361 416 1395 quidem
429 1365 563 1392 terrenus,
577 1360 703 1387 Christus
716 1367 779 1387 vero
791 1361 911 1388 cmlcstis
921 1361 943 1376 “
955 1369 962 1387 :

173 1411 201 1435 et
213 1407 278 1434 licet
292 1406 364 1441 lapsa
380 1405 416 1434 sit
431 1406 458 1433 in
479 1406 524 1433 illo
539 1406 641 1440 priore,
658 1410 686 1432 et
703 1406 736 1433 ad
753 1406 962 1432 inobedientiam

173 1451 290 1487 deiecta,
302 1453 374 1487 quod
388 1457 431 1479 est
451 1456 602 1486 peccatum,
619 1456 708 1478 tatttelt
727 1456 827 1478 statum
843 1460 858 1477 a
874 1455 963 1479 trans-

173 1499 315 1534 gressione
335 1497 448 1525 liberum
467 1499 493 1525 ln
511 1497 620 1526 Christo
635 1498 754 1525 servat-it
766 1516 774 1529 ,
790 1502 817 1525 et
835 1503 962 1533 tanquam

173 1545 202 1573 in
217 1545 302 1573 altero
319 1545 402 1572 nostri
417 1545 526 1580 generis
546 1545 625 1572 initio
639 1551 654 1571 a
672 1545 776 1579 peccati
794 1544 905 1572 vulnere
922 1545 964 1572 in-

1011 260 1120 292 πάντως
1143 260 1301 294 ἀναγκαίως
1323 261 1419 295 αὐτῆς,
1443 260 1514 287 καθὰ
1540 263 1587 288 καὶ
1603 262 1683 297 ἡμεῖς
1707 263 1731 288 οἱ
1754 263 1809 288 ore

1011 306 1093 340 ζυγὸν
1108 306 1257 342 ἁμαρτίας.
1276 306 1406 339 Ἔλεγξον
1422 306 1511 333 τοίνυν
1531 307 1613 334 αὐτὸν
1634 308 1701 343 περὶ
1714 309 1809 343 ἁμαρ-

1011 353 1071 384 τίας
1083 360 1089 366 ·
1107 353 1130 379 εί
1145 352 1243 379 τέθυκε
1254 352 1282 378 δὲ
1299 352 1358 387 μεθ’
1373 352 1462 388 ἡμῶν.
1480 353 1566 386 δεῖξον
1581 354 1646 388 ἡμῖν
1663 362 1808 388 συνημαρλ

1011 398 1126 433 τηκότα.
1140 398 1248 434 Ποιμήν
1260 397 1389 433 ὑπάρχων
1403 397 1513 432 ἀγαθὸς.
1527 398 1598 433 ὑπὲρ
1610 398 1682 430 τίνος
1697 399 1811 424 τέθεικε

1012 443 1062 479 τὴν
1080 444 1148 470 ἰδίαν
1167 444 1272 479 ψυχήν;
1286 444 1356 478 ὑπὲρ
1372 443 1468 470 ἑαυτοῦ
1492 444 1602 478 μᾶλλον,
1618 444 1634 480 ἢ
1651 445 1722 480 ὑπὲρ
1750 444 1812 470 τῶν

1014 490 1157 524 προὸἀτων
1169 497 1175 522 ;
1192 489 1296 516 Ἀκούω
1309 489 1434 523 λέγοντος
1447 498 1478 515 πε
1484 490 1510 524 pi.
1526 489 1618 524 ἡμῶν·
1634 499 1644 515 ί
1659 490 1745 525 ’Υπὲρ
1757 490 1814 516 αὑ-

1012 537 1066 563 τῶν
1082 535 1138 570 ἐγὼ
1151 536 1257 570 ἁγιάζω
1279 535 1415 571 ὲμαυτόνυ
1437 545 1446 561 ›
1464 535 1511 562 καὶ
1528 535 1600 562 καθά
1625 544 1707 570 φησιν
1728 537 1743 562 ὁ
1763 536 1814 562 θε-

1014 583 1124 614 σπέσιος
1149 582 1266 613 Παῦλος.
1283 591 1291 607 I
1311 582 1410 616 Χάριτι
1429 581 1496 607 Θεοῦ
1513 582 1584 616 ὑπὲρ
1604 581 1703 613 παντὸς
1726 580 1814 615 ἐγεύ-

1015 637 1081 655 σατο
1105 628 1240 655 θανάτου·
1263 638 1272 653 ι
1299 627 1348 654 καὶ
1375 626 1473 659 πάλιν,
1496 637 1505 653 t
1532 627 1670 662 Παρεδόθη
1698 627 1742 654 διὰ
1771 627 1813 654 τὰ

1014 672 1226 709 παραπτώματα
1244 672 1330 708 ἡμῶν,
1346 673 1394 698 καὶ
1413 672 1518 708 ἠγέρθη
1537 672 1580 699 διὰ
1601 673 1649 708 τὴν
1662 672 1813 699 δικαίωσιν

1014 718 1109 753 ἡμῶνσ
1129 728 1137 744 ι
1155 718 1202 744 καὶ
1214 717 1285 744 καθά
1295 725 1376 752 φησιν
1387 718 1401 743 ὀ
1414 719 1556 752 προφήτης
1573 717 1697 749 Ἡσαΐας,
1714 727 1723 743 l
1743 718 1814 744 Παι-

1014 764 1072 791 δεία
1097 764 1207 798 εἰρήνης
1226 763 1304 798 ἡμῶν
1331 763 1375 789 ἐπ’
1397 763 1488 794 αὐτὸν,
1514 762 1552 798 τῷ
1578 762 1692 798 μώλωπι
1720 763 1811 789 αὑτοῦ

1013 811 1095 844 ἡμεῖς
1118 809 1250 844 ίάθημεν·
1271 818 1280 834 ι
1302 809 1352 835 οὑκ
1376 809 1456 840 avi-.6;
1471 809 1502 835 τὸ
1517 808 1571 844 [Ion
1593 808 1643 844 τῷ]
1670 808 1720 844 τῆς
1737 809 1814 840 ἱδξας

1016 855 1117 891 σαρκὸς
1127 854 1388 890 παραθεραπεύεται
1403 854 1494 881 πάθει.
1508 854 1646 890 Παρεδόθη
1657 854 1700 881 διὰ
1711 855 1745 880 τὰ
1758 864 1815 880 πα-

978 921 999 947 B
1017 900 1188 936 ραπτώματα
1209 900 1288 934 ἡμῶν
1299 907 1306 914 ⁴
1320 900 1350 926 οὺ
1365 899 1409 926 διά
1424 908 1455 934 γε
1471 900 1506 926 τὰ
1528 900 1625 926 ἑαυτοῦ
1635 908 1642 914 '
1659 900 1759 926 πολλοῦ
1774 908 1813 933 γε

1015 947 1062 972 καὶ
1072 946 1111 972 δεῖ
1121 954 1128 960 '
1141 947 1339 980 κατενήνεκται
1354 946 1402 980 μὲν
1418 946 1472 981 γὰρ
1486 946 1710 981 ὁμολογουμένως
1728 947 1744 980 ή
1761 947 1815 972 ἀν-

1014 992 1124 1027 Θρὼπου
1139 992 1220 1027 φύσις
1231 993 1263 1018 ὲκ
1275 994 1324 1028 τῆς
1339 993 1368 1018 ὲν
1387 993 1472 1027 Ἀδὰμ
1487 993 1669 1026 παραϐάσεως
1683 994 1723 1023 εἰς
1736 993 1814 1026 ἀρὰν

1014 1039 1061 1065 καὶ
1076 1039 1191 1065 θάνατον
1201 1046 1207 1053 ·
1225 1038 1440 1074 κατηρρώστησε
1454 1038 1482 1064 δὲ
1500 1037 1570 1074 πρὸς
1584 1038 1689 1069 τούτοις
1714 1039 1761 1064 καὶ
1776 1038 1814 1064 τὸ

1013 1084 1168 1115 εῠκολονείς
1181 1085 1317 1119 ἁμαρτίαν
1327 1085 1355 1110 ἐν
1365 1086 1397 1119 τῇ
1406 1084 1487 1119 σαρκί
1497 1092 1503 1098 '
1517 1084 1560 1110 ἵνα
1570 1084 1600 1110 τὸ
1609 1084 1746 1119 δικαίωμα
1759 1084 1813 1110 τοῦ

1014 1131 1098 1165 νόμου
1112 1130 1244 1165 πληρωθῇ
1258 1131 1287 1155 ἐν
1299 1130 1364 1164 ἡμῖν
1378 1132 1433 1161 τοῖς
1447 1130 1483 1166 μὴ
1499 1130 1570 1156 κατά
1580 1131 1669 1165 σάρκα
1688 1139 1812 1165 περιπα-

1013 1176 1192 1210 mammam:
1202 1176 1272 1202 κατὰ
1285 1176 1604 1211 πνεῦμα.Κεχρημάτικε
1614 1176 1667 1212 γὰρ
1675 1177 1718 1203 διὰ
1731 1177 1813 1203 τοῦτο

1014 1223 1061 1249 καὶ
1075 1222 1189 1256 ἔσχατος
1210 1222 1296 1256 ’Λδάμ
1306 1230 1312 1236 ·
1325 1223 1355 1248 οὑ
1372 1223 1405 1247 τὰ
1422 1222 1468 1248 τοῦ
1486 1221 1594 1257 πρώτου
1608 1223 1696 1248 νοσεῖν
1711 1223 1813 1257 ἀνεχό-

1015 1276 1105 1303 μενος,
1123 1267 1303 1294 ἀπαλλάττων
1324 1267 1352 1294 δὲ
1377 1267 1476 1302 μᾶλλον
1500 1267 1538 1299 ὡς
1560 1269 1588 1294 ὲν
1602 1268 1692 1303 ἑαυτῷ
1708 1277 1737 1294 τε
1753 1269 1812 1296 ,καὶ

1015 1313 1115 1349 πρώτῳ
1141 1313 1190 1349 τὴν
1211 1313 1357 1349 ἀνθρώπου
1382 1313 1462 1348 φύσιν
1483 1314 1538 1340 τῶν
1562 1314 1594 1340 ὲκ
1620 1314 1812 1349 παραϐάσεως

1013 1359 1129 1395 ἀρχαίας
1144 1359 1251 1394 ἐκείνης
1268 1359 1455 1394 αίτιαμάτων·
1479 1359 1658 1395 κατεγνώσθη
1683 1361 1734 1395 μὲν
1750 1361 1811 1396 γὰρ

1015 1406 1119 1440 ’Δδαμο
1152 1406 1210 1432 ἀλλ’
1232 1405 1312 1441 ὤφθη
1332 1406 1506 1442 δοκιμωτάτη
1521 1407 1569 1433 καὶ
1589 1406 1758 1441 ἀξιάγαστος
1778 1408 1811 1434 ὲν

1013 1451 1137 1487 Χριστῷ.
1153 1451 1251 1483 Χοῖκὸς
1273 1450 1320 1479 οὖν
1339 1453 1459 1486 ἐκεῖνος,
1483 1453 1644 1488 ἐπουράνιος
1662 1453 1691 1480 δὲ
1707 1455 1721 1480 ὁ
1739 1454 1812 1489 Χρι-

1015 1498 1087 1529 στός.
1105 1498 1161 1524 Καὶ
1182 1498 1317 1534 ὲνετράπη
1345 1499 1394 1534 μὲν
1416 1500 1445 1525 ὲν
1466 1499 1505 1534 τῷ
1522 1499 1632 1534 πρώτῳ.
1653 1508 1812 1534 κατακομι-

1016 1543 1109 1570 σθεῖσα
1125 1544 1194 1578 πρὸς
1209 1545 1362 1580 παρακοὴν,
1385 1545 1454 1580 ὅπερ
1470 1545 1545 1571 ἐστὶν
1569 1546 1692 1581 ἁμαρτία
1703 1555 1709 1560 ·
1727 1549 1812 1580 τετή-

173 1596 249 1627 tegra
265 1591 408 1626 apparuit.
424 1596 452 1618 et
474 1591 663 1618 maledictione
684 1591 914 1626 damnationeque

1068 1597 1086 1614 ξε
1100 1589 1128 1616 δὲ
1146 1589 1179 1616 τὸ
1200 1589 1378 1625 ἀπαράὁατον
1393 1590 1422 1616 ὲν
1445 1590 1565 1626 Χριστῷ,
1588 1591 1635 1617 καὶ
1651 1590 1689 1622 ὡς
1711 1591 1741 1618 ὲν
1756 1593 1812 1618 ἁπ-

174 1643 260 1666 nturte
273 1642 354 1672 atque
365 1637 538 1672 corruptione
553 1637 695 1664 valentior.
711 1637 859 1664 Conﬁrmat
871 1641 961 1664 autem

175 1691 226 1712 nos
246 1685 341 1710 beatus
357 1683 467 1715 Paulus,
484 1683 529 1716 qui
552 1683 592 1710 sic
617 1683 748 1718 scripsit:
767 1692 776 1708 ε
795 1683 870 1710 Sicut
892 1684 963 1711 enim

174 1738 223 1765 per
238 1729 448 1756 inobedientiam
463 1729 543 1755 unius
560 1728 677 1756 hominis
690 1734 846 1763 peccatores
861 1729 964 1756 consti-

176 1776 224 1802 tuti
240 1780 304 1802 snnt
321 1775 414 1802 multi:
431 1775 468 1801 ita
483 1780 510 1801 et
528 1783 575 1810 per
589 1775 671 1802 unius
699 1775 880 1802 obedientiam
898 1775 963 1810 justi

175 1822 377 1849 constituentur
394 1820 470 1847 multi
491 1821 524 1847 ’¹.
543 1830 552 1845 ι
568 1820 673 1855 lndiget
697 1821 778 1855 igitur
803 1820 890 1848 hostia
915 1828 965 1856 pro

175 1868 231 1894 suis
261 1867 366 1894 delictis
392 1867 516 1902 quisquis
544 1866 646 1901 peccati
678 1871 753 1893 reatu
780 1871 906 1894 tenetur:
936 1872 964 1894 et

175 1912 271 1940 obtulit
284 1914 401 1946 seipsum
419 1911 544 1939 Christus
561 1918 609 1944 pro
625 1918 724 1946 genere
737 1911 885 1938 secundum
901 1919 964 1939 car-

176 1957 246 1992 nem,
275 1960 325 1986 hoc
342 1963 393 1991 est.
419 1966 467 1992 pro
491 1959 579 1990 nobis,
605 1966 658 1986 non
684 1964 774 1985 autem
792 1966 840 1992 pro
863 1959 964 1993 seipso.

175 2014 236 2033 cum
257 2010 368 2039 peccato
387 2006 510 2039 superior
528 2009 617 2036 esset,
636 2009 728 2039 utpote
747 2006 817 2031 Deus
833 2024 839 2030 .
861 2012 922 2031 nam
941 2004 965 2031 si

175 2055 284 2085 propter
307 2057 336 2077 se
360 2055 403 2076 est
419 2049 590 2082 immolatus,
611 2055 675 2084 ergo
695 2056 748 2075 non
768 2048 818 2075 soli
839 2055 888 2075 nos
906 2046 965 2081 ejus

175 2097 306 2131 sanguine
322 2096 404 2130 empti
418 2103 511 2122 sumus
522 2096 556 2128 ",
574 2097 721 2122 secundum
737 2094 903 2128 Scripturas,
917 2093 965 2120 sed

176 2144 315 2170 nobiscum
330 2143 382 2170 erit
397 2142 478 2169 simul
499 2142 557 2177 ipse
584 2142 754 2176 redemptus;
779 2147 866 2174 neque
886 2139 964 2174 juxta

176 2189 250 2216 Isaia:
262 2196 368 2221 vocem,
387 2188 515 2215 Dominus
535 2187 647 2214 tradidit
670 2188 756 2222 ipsum
773 2187 892 2221 peccatis
917 2193 966 2213 no-

177 2234 242 2261 stris
256 2234 296 2267 ’⁸,
312 2235 358 2261 sed
373 2241 422 2268 pro
438 2234 493 2261 suis
508 2233 588 2261 etiam
605 2238 648 2261 est
662 2234 750 2260 datus.
768 2232 821 2260 Ubi
835 2232 907 2259 enim
924 2236 966 2259 est

1016 1635 1087 1669 αρχῇ
1101 1634 1216 1670 δευτέρα
1234 1634 1281 1661 τοῦ
1298 1636 1405 1669 γένους,
1422 1635 1500 1670 ὤφθη
1522 1644 1552 1662 τε
1569 1636 1694 1671 ἄτρωτος
1715 1638 1811 1673 ἀμαρ-

1015 1679 1098 1710 τίαις,
1117 1680 1164 1706 καὶ
1178 1680 1311 1714 κρείττων
1324 1681 1394 1716 ἀρᾶς
1406 1681 1453 1706 καὶ
1471 1680 1549 1715 δίκης
1564 1682 1612 1707 καὶ
1627 1681 1745 1708 θανάτου
1762 1683 1812 1709 καὶ

1016 1726 1130 1761 φθορᾶς.
1148 1727 1336 1762 Προσεμπεδοῐ
1352 1727 1380 1754 δὲ
1395 1728 1468 1762 ἡμᾶς
1481 1728 1495 1754 ὁ
1513 1727 1669 1762 σοφώτατος
1683 1728 1791 1760 Παῦλος
1801 1749 1810 1760 ,

1016 1771 1065 1798 ὡδὶ
1077 1772 1225 1806 γεγραφώς
1236 1779 1242 1786 ·
1263 1782 1273 1798 σ
1291 1773 1397 1808 ’Ὠσπερ
1411 1773 1465 1808 γὰρ
1479 1773 1524 1800 διὰ
1538 1774 1588 1809 τῆς
1603 1775 1750 1810 παρακοῆς
1760 1775 1810 1802 τοῦ

1016 1817 1074 1849 ἑνὸς
1089 1818 1235 1854 ἀνθρώπου
1261 1819 1421 1854 ἁμαρτωλοὶ
1444 1821 1650 1855 κατεστάθησαν
1664 1821 1690 1846 οι
1704 1821 1809 1854 πολλοὶ,

1014 1863 1087 1890 οὕτω
1100 1866 1149 1891 καὶ
1174 1865 1220 1891 διὰ
1243 1865 1292 1900 τῆς
1309 1866 1433 1900 ὑπακοῆς
1455 1865 1501 1892 τοῦ
1523 1866 1592 1900 ἐνὸς,
1610 1867 1709 1894 δίκαιοι
1725 1876 1812 1894 κατα-ι

1017 1910 1196 1946 σταθήσονται
1216 1913 1240 1938 cl
1258 1912 1361 1939 πολλοί.
1379 1923 1388 1938 ι
1407 1914 1497 1939 Δείται
1517 1913 1549 1949 δὴ
1566 1911 1612 1940 οὖν
1630 1915 1739 1947 θυσίας,
1761 1915 1811 1950 τῆς

1016 1957 1086 1992 ὑπέρ
1100 1966 1132 1992 γε
1144 1958 1198 1984 τῶν
1214 1958 1287 1985 ίδίων
1298 1959 1558 1995 πλημμελημάτων,
1569 1961 1621 1992 πᾶς
1633 1961 1660 1986 εἴ
1671 1969 1714 1992 τις
1731 1961 1810 1995 γέγο-

1015 2012 1060 2030 νεν
1076 2004 1215 2040 ἁμαρτίας
1232 2005 1322 2040 ἔνοχος
1334 2013 1341 2020 '
1357 2006 1404 2032 καὶ
1425 2006 1629 2042 προσκεκόμικε
1646 2008 1698 2041 μὲν
1713 2007 1811 2033 ἑαυτὸν

1014 2051 1028 2077 ὸ
1044 2050 1160 2085 Χριστὸς
1174 2051 1244 2086 ὑπὲρ
1260 2051 1307 2078 τοῦ
1331 2051 1403 2078 κατὰ
1420 2052 1510 2088 σάρκα
1525 2053 1620 2087 γένους
1633 2072 1640 2085 ,
1655 2054 1810 2084 τουτέστιν,

1015 2096 1087 2132 ὑπὲρ
1115 2097 1210 2131 ήμῶνσ
1248 2097 1318 2132 ὑπὲρ
1352 2096 1450 2123 ἑαυτοῦ
1482 2097 1520 2129 δὲ,
1544 2098 1647 2129 οὐκέτι,
1675 2098 1810 2133 κρείττων

1016 2142 1153 2178 ἁμαρτίας
1177 2143 1318 2178 ὑπάρχων,
1342 2143 1380 2175 ὡς
1410 2143 1486 2175 Θεός.
1510 2144 1541 2170 Εἰ
1559 2144 1621 2179 γὰρ
1641 2144 1754 2170 τέθυται
1776 2144 1810 2170 δι’

1016 2189 1123 2222 ἑαυτὸν,
1149 2189 1199 2224 οὐχ
1225 2191 1305 2224 ἡμεῖς
1330 2189 1526 2225 ὴγοράσθημεν
1551 2190 1627 2225 μόνοι
1649 2190 1688 2226 τῷ
1712 2191 1811 2225 αἵματι

1017 2235 1111 2266 αὑτοῦ,
1137 2236 1207 2262 κατὰ
1224 2235 1274 2268 τὰς
1298 2236 1426 2272 Γραφάς·
1442 2236 1499 2263 ἀλλ’
1517 2237 1560 2271 εἴη
1575 2237 1597 2263 δ’
1611 2236 1644 2263 ἃν
1659 2238 1708 2264 καὶ
1728 2238 1811 2269 αὐτὸς

177 2280 264 2307 hostia
276 2285 303 2307 et
316 2267 429 2312 oblatio.
447 2279 482 2307 ibi
503 2287 615 2314 prorsus
637 2279 764 2306 remissio
779 2283 921 2313 peccatoru

1065 2283 1084 2308 ἲν
1099 2282 1352 2317 συνηγορασμένος,
1367 2283 1459 2310 οὐκέτι
1476 2283 1546 2309 κατά
1563 2284 1613 2317 τὴν
1626 2283 1673 2309 τοῦ
1697 2283 1809 2309 Ἡσαΐου

178 2326 288 2360 Decepit
304 2325 388 2361 igitur
406 2331 490 2353 totum
511 2326 604 2353 orbem
624 2330 758 2352 terrarum
780 2325 875 2351 beatus
893 2324 964 2350 Pau-

177 2371 229 2404 lus.
242 2372 288 2406 qui
304 2373 337 2399 de
353 2371 399 2399 illo
410 2371 519 2407 scripsit
533 2380 541 2398 :
563 2381 572 2397 ι
588 2371 661 2398 Talis
676 2371 748 2398 enim
763 2372 840 2398 nobis
853 2371 966 2398 decebat

177 2423 207 2444 ut
222 2422 293 2445 esset
316 2417 453 2453 pontifex,
479 2421 602 2450 sanctus,
631 2418 771 2450 innocens,
797 2416 963 2452 impollutus,

177 2469 333 2499 segregatus
344 2473 358 2490 ει
372 2464 571 2499 peccatoribus,
583 2470 612 2491 et
624 2464 759 2492 excelsior
770 2464 846 2491 ctelis
859 2463 963 2495 factus;

177 2511 221 2544 qui
238 2518 291 2536 non
317 2511 398 2537 habet
418 2511 539 2545 quotidie
564 2510 964 2545 necessitatem,.quemadmo-

177 2555 240 2581 dum
263 2556 427 2587 sacerdotes.
446 2556 521 2591 prius
538 2564 586 2590 pro
604 2557 660 2583 suis
675 2556 781 2583 delictis
799 2557 900 2583 hostias
921 2556 964 2583 of-

177 2601 258 2633 ferre,
276 2602 372 2628 deinde
386 2609 434 2636 pro
449 2603 538 2636 populi
554 2611 561 2629 :
581 2603 631 2630 hoc
644 2604 716 2629 enim
732 2603 797 2629 fecit
813 2602 896 2630 semel
920 2610 965 2630 se-

177 2648 264 2682 ipsum
277 2648 405 2675 ollerens.
421 2648 476 2675 Lex
486 2649 557 2676 enim
572 2649 695 2676 homines
709 2649 853 2676 constituit
865 2656 965 2676 sacer-

177 2694 253 2721 dotes
268 2694 452 2721 inlirmitatem
470 2695 602 2721 lmhentes
618 2703 625 2720 :
641 2702 730 2722 sermo
747 2700 839 2722 autem
851 2694 966 2729 iurisiu-

176 2739 253 2766 randi
269 2740 340 2773 quod
356 2743 417 2772 post
433 2739 518 2774 legem
538 2745 590 2772 est,
605 2739 703 2768 Filium
718 2740 745 2767 in
759 2745 889 2767 :eternum
904 2747 966 2775 per-

212 2839 234 2855 “
252 2838 329 2866 antn.
349 2848 374 2870 κ,
392 2840 434 2867 13.

176 2874 254 2902 Rom.
276 2883 333 2908 vttt,
351 2876 374 2902 ι.

475 2841 496 2856 ¹⁶
515 2840 591 2868 Joan.
611 2849 675 2870 uti.
692 2841 734 2867 lli.
775 2841 795 2858 ³⁷
817 2841 898 2868 llcbr.
922 2849 951 2874 tt,
968 2841 994 2868 9.
1036 2841 1057 2857 "'
1078 2840 1130 2869 lsa.
1147 2850 1205 2868 LIII.
1223 2841 1256 2872 5;
1273 2840 1350 2867 nm".
1371 2850 1407 2871 IV,
1427 2841 1471 2867 ~23}.

414 2876 434 2890 "
457 2876 463 2902 l
484 2876 547 2902 Cor.
563 2885 606 2908 λν,
623 2877 666 2904 i7.
706 2878 727 2892 ’ν
748 2876 826 2904 llum.
845 2885 869 2909 v,
888 2877 929 2904 l9.
969 2877 992 2892 "
1012 2877 1077 2904 ibid.
1093 2878 1119 2904 9.
1162 2878 1184 2892 "
1201 2877 1253 2904 lsa.
1268 2884 1326 2908 LIII,
1349 2877 1396 2911 lii;
1420 2877 1426 2903 Ι
1451 2878 1503 2903 (lor
1533 2884 1577 2908 μ’,
1592 2876 1618 2902 5.

1018 2329 1121 2362 φωνὴν,
1147 2337 1157 2352 σ
1172 2328 1273 2362 Κύριος
1300 2328 1457 2363 παρέδωκεν
1482 2329 1563 2355 αὐτὸν
1582 2331 1641 2360 ταῖς
1658 2329 1810 2363 ἁμαρτίαις

1017 2374 1097 2410 ἡμῶν
1107 2383 1113 2389 ·
1134 2383 1143 2400 t
1161 2373 1265 2400 δέδοται
1278 2374 1306 2400 δὲ
1321 2373 1422 2408 μᾶλλον
1436 2375 1483 2401 καὶ
1498 2374 1567 2410 ὑπὲρ
1583 2375 1639 2401 τῶν
1658 2375 1748 2402 ἰδίων.
1770 2372 1808 2401 Οὗ

1016 2420 1072 2456 γὰρ
1086 2420 1153 2452 ὅλως
1175 2420 1255 2447 θυσία
1279 2421 1326 2446 καὶ
1343 2420 1512 2456 προσαγωγὴ
1525 2441 1532 2453 ,
1551 2422 1609 2447 ἐκεῖ
1630 2431 1681 2447 που
1699 2423 1809 2453 πάντως

1017 2467 1064 2493 καὶ
1078 2467 1175 2501 ἄφεσις
1186 2466 1339 2502 ἁμαρτιῶν.
1352 2466 1539 2501 Πεφενάκικεν
1551 2465 1598 2493 οὖν
1612 2468 1666 2501 ἄρα
1680 2469 1745 2499 τοὺς
1757 2467 1810 2494 ἀνὰ

1018 2515 1109 2540 πᾶσαν
1131 2513 1181 2548 τὴν
1196 2514 1241 2540 ὑπ’
1262 2512 1376 2548 οὐρανὸν
1398 2513 1412 2539 ὁ
1435 2512 1579 2543 θεσπέσιος
1602 2512 1726 2544 Παῦλος,
1745 2513 1809 2546 περὶ

1019 2559 1101 2586 αὑτοῦ
1116 2558 1278 2594 γεγραφώς·
1298 2568 1307 2583 t
1325 2557 1452 2588 Τοιοῦτος
1467 2557 1521 2592 γὰρ
1538 2558 1604 2592 ἡμῖν
1623 2556 1744 2591 ἔπρεπεν
1759 2558 1809 2592 ἁρ-

1017 2605 1135 2640 χιερεὺς,
1151 2605 1233 2637 ὅσιος,
1250 2604 1364 2635 ἄκακος,
1381 2603 1524 2638 ἀμίαντος,
1539 2603 1743 2638 κεχωρισμένος
1756 2603 1811 2628 ἀπὸ

1016 2651 1070 2677 τῶν
1091 2650 1272 2686 ἁμαρτωλῶν,
1287 2651 1334 2677 καὶ
1349 2649 1514 2685 ὑψηλότερος
1529 2649 1582 2676 τῶν
1593 2648 1718 2684 οὐρανῶν
1735 2649 1811 2683 γενό-

1019 2703 1113 2731 μενος·
1126 2696 1155 2727 ὃς
1167 2696 1217 2722 οὐκ
1232 2695 1289 2730 ἔχει
1310 2695 1371 2721 καθ’
1393 2694 1499 2730 ἡμέραν
1513 2694 1646 2729 ἀνάγκην,
1669 2693 1767 2728 ὥσπερ
1785 2694 1810 2720 οί

1017 2741 1155 2776 ἀρχιερεῖς
1165 2759 1173 2773 ,
1188 2740 1321 2776 πρότερον
1337 2740 1407 2775 ὑπὲρ
1422 2739 1476 2766 τῶν
1503 2739 1575 2765 ἰδίων
1600 2739 1810 2775 ἁμαρτημάτων

1513 2841 1533 2855 ι’
1554 2841 1604 2866 Isa.
1622 2848 1679 2872 LIII,
1693 2839 1723 2867 5.
