1886 3056
72 151 123 179 165

618 151 803 181 ADVERSUS
820 153 1026 182 NESTORIUM
1043 155 1108 183 LIB.
1129 154 1172 183 III.

1658 161 1710 189 166

73 210 166 242 θυσίας
181 209 345 245 ἀναφέρειν,
360 210 463 239 ἔπειτα
481 211 537 239 τῶν
556 211 604 240 τοῦ
618 212 683 239 λαοῦ
693 222 700 228 ·
720 213 799 240 τοῦτο
817 213 872 250 γὰρ

924 214 1023 243 fectum
1037 216 1070 243 ³⁵.
1090 225 1100 242 ι
1123 215 1263 249 Quomodo
1287 216 1370 252 igitur
1391 222 1503 245 sanctus
1525 223 1567 246 est
1589 221 1709 254 pontifex

26 277 27 281 η
74 256 201 291 ἐποίησεν
217 256 332 290 ἐφάπαξ
345 257 448 285 ἑαυτὸν
461 258 657 294 προσενέγκας.
677 258 706 285 Ὀ
720 259 801 294 νόμος
817 259 872 295 γὰρ

75 303 237 338 ἀνθρώπους
253 302 422 338 καθίστησιν
436 304 575 339 ἀρχιερεῖς
589 304 699 340 ἔχοντας
713 305 854 337 ἀσθενείας
863 313 871 321 ο

76 351 90 376 ό
103 350 184 384 λόγος
200 349 229 376 δὲ
244 349 296 384 τῆς
311 349 493 384 ὁρκωμοσίας
507 350 557 385 τῆς
571 350 640 385 μετὰ
652 351 697 377 τὸν
712 351 873 386 νόμον,Υίδν

76 395 115 427 είς
137 395 184 421 τὸν
210 394 299 421 αἰῶνα
318 395 543 431 τετελειωμένον.
561 405 571 421 ι
587 395 648 428 Πῶς
667 394 713 423 οὖν
735 397 806 428 ὅσιος
820 397 871 432 ἅρ-

77 441 186 476 χιερεὺς
199 442 214 467 ὁ
230 441 353 475 Χριστός
367 449 375 473 ;
392 441 410 476 ἢ
425 441 497 468 κατά
510 441 570 468 τίνα
582 441 683 477 τρόπον
698 442 801 474 ἄκακος
825 443 873 469 καὶ

76 488 218 522 ἀμίαντος,
235 488 261 513 εί
275 487 367 514 δέεται
384 487 446 522 μεθ’
459 487 537 522 ἡμῶν
548 487 597 522 τῆς
613 487 706 520 θυσίας
723 497 873 524 προσκεκο-

80 533 201 568 μημὲνος
226 532 290 569 [ισ.
315 533 614 569 προσκεκομισμένης]
635 535 675 566 εἰς
698 535 796 569 ἄφεσιν
818 535 872 562 τῶν

80 578 343 614 πλημμελημάτων,
366 579 415 606 καὶ
439 580 480 610 είς
496 578 636 606 δικαίωσιν
648 580 703 606 τῶν
716 581 873 616 ἡμαρτηκό-

79 633 148 657 των;
163 624 229 656 Πῶς
244 624 412 660 κεχώρισται
421 625 475 651 τῶν
489 625 668 660 ἁμαρτωλῶν,
681 626 706 652 εί
720 625 872 653 δικαιοῦται

81 672 129 698 σὺν
145 671 255 704 αὺτοῖς,
270 672 321 707 οὑχ
336 672 432 708 ἐτέρου
446 680 494 698 του
524 671 604 707 χάριν
615 672 664 707 τῆς
677 672 772 704 θυσίας
786 681 871 707 προσ-

80 717 289 752 κεκομισμένης
302 737 310 749 ,
334 717 352 752 ἦ
373 717 477 744 τούτων
493 718 597 751 αὐτῶν;
615 719 752 754 Θαυμάζω
772 719 812 751 δὲ,
830 720 872 745 ὅτι

79 763 298 799 διακεκραγότος
318 764 366 790 τοῦ
391 764 511 797 Παύλου,
534 765 580 791 καὶ
598 764 671 800 μάλα
695 764 800 798 σαφῶς,
821 765 872 792 οὐκ

80 807 152 835 εἶναι
173 809 369 844 παραπλήσιον
387 810 445 841 τοῖς
461 810 530 846 ὑπὲρ
548 810 602 837 τῶν
623 810 696 837 ίδίων
712 810 871 846 πλημμελη-

82 854 177 890 μάτων
191 855 391 890 προσκομίζειν
402 855 636 891 κεκελευσμένοις,
649 856 744 883 ἔπειτα
756 857 810 883 τῶν
822 856 869 883 τοῦ

923 260 1065 289 Christus?
1086 261 1128 289 vel
1144 262 1278 296 quomodo
1299 262 1430 290 innocens
1448 267 1475 291 et
1492 263 1666 299 impollutus,
1689 268 1711 292 si

923 307 1065 334 nobiseum
1081 307 1182 342 indiget
1195 308 1282 336 hostia
1299 317 1346 343 pro
1359 310 1478 344 peccatis
1496 310 1664 339 remittendis
1686 317 1712 338 ct

924 351 956 378 ad
978 357 1135 386 peccatores
1151 352 1339 386 iustificandos
1360 353 1484 381 oblatus?
1505 354 1646 388 Quomodo
1668 363 1713 383 se-

924 401 1049 431 gregatus
1062 404 1076 423 a
1093 398 1289 431 peccatoribus,
1304 399 1327 426 si
1341 406 1393 425 una
1407 407 1467 426 cum
1483 401 1547 434 ipsis
1565 400 1620 436 94
1631 401 1697 435 justi

923 442 1059 475 ficabitur,
1079 450 1140 470 cum
1165 443 1254 471 hostia
1268 451 1320 470 non
1343 444 1394 471 alia
1417 446 1449 472 de
1464 453 1544 472 causa
1569 446 1711 480 offeratur,

922 495 1002 522 quam
1015 496 1062 523 pro
1080 489 1137 516 istis
1156 489 1241 523 ipsis?
1262 489 1345 517 Miror
1364 494 1455 518 autem
1474 493 1556 526 quod,
1577 493 1711 520 clamante

921 533 1016 566 Paulo,
1029 539 1055 561 et
1068 535 1176 568 quidem
1192 536 1375 568 apertissime,
1392 544 1445 563 non
1461 544 1521 564 esse
1535 538 1608 565 illum
1624 546 1710 573 persp
1756 566 1758 569 ,

923 579 1012 606 milem
1044 579 1085 607 his
1106 580 1204 615 quibus
1223 588 1272 615 pro
1292 582 1350 608 suis
1370 582 1475 609 delictis
1494 582 1596 611 hostias
1614 584 1711 612 offerre

922 626 958 653 sit
970 626 1089 660 jussum,
1118 627 1215 654 deinde
1231 635 1279 661 pro
1294 627 1401 655 delictis
1420 630 1528 663 populi,
1547 637 1599 657 non
1615 630 1710 658 timeas

922 670 1057 697 contraria
1069 671 1216 705 praedicare
1232 671 1264 697 iis
1278 679 1337 706 qua;
1358 671 1402 697 ille
1422 672 1499 704 dixit,
1515 673 1560 699 sed
1587 679 1710 700 asserere

922 715 1032 748 audeas,
1046 722 1094 750 pro
1110 715 1216 742 illorum
1234 715 1412 742 similitudine
1434 716 1480 750 qui
1506 716 1654 742 secundum
1672 715 1710 742 le-

922 768 980 796 gem
996 760 1104 787 fuerunt
1115 761 1280 792 sacerdotes,
1292 761 1372 787 etiam
1388 761 1473 794 ipsum
1488 768 1535 794 pro
1549 769 1579 789 se
1594 761 1708 789 hostiam

921 806 1028 834 oﬂ‘erre.
1051 805 1086 833 Et
1111 806 1133 832 si
1152 813 1244 832 verum
1260 811 1300 833 est
1317 800 1375 841 lege
1399 807 1528 833 constitui
1554 808 1709 834 sacerdotes

923 851 1053 878 habentes
1070 850 1264 881 infirmitatem,
1285 858 1410 878 sermone
1426 857 1514 878 autem
1531 850 1710 886 jurisjurandi

80 899 147 926 λειοῦ
161 900 338 934 πρεσϐεύειν,
357 901 388 927 οὐ
402 901 491 933 δέδιας
502 921 510 933 ,
525 899 565 933 οἷς
577 901 629 937 ἔφη
644 902 772 929 τάναντία
787 903 870 937 φάναι

924 897 992 931 quod
1008 901 1068 931 post
1083 895 1169 930 legem
1184 901 1235 927 est,
1250 894 1347 922 Filium
1360 896 1386 922 in
1400 901 1532 923 :eleruum
1547 896 1708 930 perfectum,

80 953 110 972 τε
126 945 234 980 τολμᾷς
257 945 326 982 [τοῦ
341 946 418 978 λαοῦ,
441 947 603 983 πρεσϐεύειν
615 948 645 974 οὐ
658 948 745 980 δέδιας
759 946 799 980 οἷς
818 949 869 985 ἔφη

80 992 213 1018 τάναντία
226 1011 235 1024 ,
255 992 339 1027 φάναι
356 1000 385 1018 τε
402 992 504 1029 τολμᾷς
516 993 541 1029 ],
568 993 629 1021 καθ’
654 994 801 1030 ὁμοιότητα
820 996 871 1030 τὴν

81 1036 207 1068 ἐκείνων,
225 1037 251 1064 οἶ
274 1037 345 1064 κατά
356 1037 439 1072 νόμον
459 1039 602 1072 γεγόνασιν
618 1040 710 1074 ίερεϊς,
730 1041 774 1067 καὶ
789 1040 871 1068 αὐτὸν

82 1082 152 1117 ὑπὲρ
177 1083 277 1109 ἑαυτου
302 1083 452 1118 προσάγειν
483 1083 588 1111 θυσίαν.
617 1085 672 1111 Καὶ
696 1085 775 1119 είπερ
798 1085 871 1113 ἐστὶν

81 1127 193 1163 ἀληθὲς,
201 1127 241 1159 ὡς
253 1129 268 1154 ὁ
278 1128 360 1163 νόμος
375 1129 426 1164 μὲν
440 1129 599 1165 καθίστησιν
609 1131 747 1167 ἀρχιερεῖς
759 1132 871 1167 ἔχοντας

81 1173 226 1204 ἀσθενείας
235 1182 242 1188 ·
258 1174 273 1199 ὁ
284 1173 364 1208 λόγος
383 1173 411 1201 δέ
425 1175 476 1209 τῆς
491 1176 664 1210 ὁρκωμοσίας
678 1177 727 1212 τῆς
745 1177 815 1213 μετὰ
826 1178 872 1205 τὸν

81 1219 176 1254 νόμον,
192 1219 260 1246 Υἱδν
283 1219 324 1251 εἰς
348 1219 394 1246 τὸν
415 1220 501 1247 αἰῶνα
521 1221 744 1257 τετελειωμένον·
769 1223 796 1249 τί
816 1224 872 1255 τοῖς

80 1263 206 1290 ἀσθενεῖν
220 1263 331 1291 εἰωθόσι
345 1265 434 1291 ποιεῖν
449 1264 502 1300 Ῐίσ.
521 1265 619 1301 ποιεῖς]
633 1266 809 1302 ωναρίθμιον
827 1267 872 1294 τὸν

80 1309 129 1345 τῆς
145 1309 262 1337 ἐκείνων
284 1309 405 1346 πληθύος
420 1310 599 1347 ἐξῃρημένον,
615 1311 662 1338 καὶ
678 1311 727 1348 τὴν
744 1313 814 1349 ὑπὲρ
831 1313 873 1340 νό-

82 1364 131 1391 μον
153 1356 254 1390 ἔχοντα
267 1356 420 1389 τελείωσιν,
445 1357 550 1384 οἴκοθέν
571 1367 600 1385 τε
625 1359 757 1386 καὶκατὰ
780 1360 871 1394 φύσιν,

80 1400 161 1436 εἴπερ
175 1402 253 1428 ἐστὶν
266 1401 333 1433 Υἱὸς
347 1401 467 1436 ἀληθῶς,
483 1403 529 1429 καὶ
542 1402 586 1430 διὰ
601 1403 680 1430 τοῦτο
698 1404 780 1438 Θεός;
799 1405 874 1432 ’Ἱδω-

79 1454 132 1480 μεν
147 1446 177 1472 δὲ
188 1447 239 1473 καὶ
254 1447 288 1472 ἐκ
301 1446 348 1473 τοῦ
365 1447 480 1482 νομικοῦ
494 1448 541 1475 καὶ
551 1449 728 1485 ἀρχαιοτέρου
743 1451 874 1487 γράμμα-

77 1499 137 1524 10;,
156 1492 222 1518 τίνα
239 1492 272 1527 δὴ
292 1492 394 1527 τρόπον
418 1493 464 1520 καὶ
487 1493 556 1529 ὑπὲρ
580 1495 661 1521 τίνων
683 1496 874 1531 είσκεκόμικεν

78 1537 178 1564 ἑαυτὸν
190 1538 206 1564 ὁ
226 1538 404 1574 Ἐμμανουήλ
415 1540 455 1570 εἰς
468 1539 555 1575 ὀσμὴν
568 1540 680 1572 εὐωδίας
694 1541 734 1577 τῷ
756 1541 814 1577 Θεῷ
827 1544 873 1569 καὶ

76 1583 180 1618 Πατρί.
203 1583 274 1609 Σκιά
295 1583 345 1618 μὲν
373 1584 428 1619 γὰρ
448 1585 668 1620 ὁμολογουμένως
691 1588 705 1613 ό
728 1587 809 1622 νόμος
828 1586 872 1624 ἦν,

76 1627 151 1662 πλὴν
167 1627 348 1655 ὑποτύπωσιν
363 1628 420 1664 ἔχει
434 1630 584 1665 μυστηρίου
601 1631 647 1657 τοῦ
665 1632 736 1658 κατὰ
746 1633 873 1669 Χριστὸν,

77 1672 128 1698 καὶ
144 1672 198 1707 τῆς
210 1672 340 1708 ἀληθείας
353 1673 444 1700 ὠδίνει
456 1675 506 1710 τὴν
521 1675 671 1710 μόρφωσιν.
680 1677 732 1703 Καὶ
745 1678 809 1712 γοῦν
822 1679 874 1715 ἔφη

78 1726 133 1744 που
158 1718 282 1753 Χριστὸς
306 1721 362 1751 τοῖς
380 1720 518 1752 Ἰουδαίοις
543 1721 702 1758 προσλαλῶν
714 1732 720 1739 ·
740 1733 749 1749 ι
764 1724 795 1751 Et
813 1725 875 1751 ἐπι-

79 1763 195 1790 στεύετε
210 1764 298 1800 Monii
312 1786 321 1798 ,
344 1765 502 1792 ἐπιστεύετε
520 1766 553 1793 ἂν
567 1767 644 1802 ἐμοί·
660 1769 724 1804 περὶ
738 1769 792 1805 γὰρ
807 1770 874 1806 ἐμοῦ

78 1811 189 1841 ἐκεῖνος
212 1810 327 1845 ἔγραψε.
342 1820 351 1836 ι
369 1811 431 1843 Πῶς
444 1809 489 1838 οὖν
501 1811 556 1847 ἄρα
574 1813 704 1841 τεθύκασι
717 1815 762 1841 τὸν
778 1816 873 1851 ἀμνὸν,

81 1854 230 1890 μέλλοντες
258 1856 308 1891 τῆς
331 1857 488 1891 Αἰγυπτίων
510 1858 638 1893 ἀπαίρειν
658 1860 682 1886 οί
705 1859 735 1893 ὲξ
760 1861 875 1897 αἳματος

87 1900 221 1936 Ίσραήλ;
246 1901 318 1936 ὑπὲρ
332 1902 438 1928 ἑαυτῶν
457 1901 511 1938 ἄρα
526 1904 573 1930 καὶ
589 1904 688 1939 μόνων,
713 1905 729 1940 ἢ
744 1907 790 1933 καὶ
805 1907 875 1943 ὑπὲρ

81 1947 212 1984 [ε]αὺτοῦ
223 1949 270 1975 τοῦ
279 1948 368 1983 ἀμ.νοῦ
377 1958 384 1981 ;
395 1950 476 1981 Τίνας
485 1950 629 1986 ἐλυτροῦτο
637 1951 680 1979 διὰ
688 1952 734 1979 τοῦ
744 1953 874 1989 αἴματος;

82 1990 138 2028 ἆρα
151 1992 218 2024 τοὺς
233 1993 286 2019 ὑπὸ
299 1994 382 2027 ζυγὸν
396 1994 526 2027 δουλείας,
546 1997 592 2022 καὶ
605 1996 744 2024 δύσοιστον
757 1999 875 2035 ἀνατλᾷν

82 2036 140 2073 [Im
159 2037 343 2073 ἀνατλάντας]
361 2037 408 2073 τὴν
423 2039 454 2065 ὲκ
465 2039 518 2066 τῶν
533 2040 689 2074 Αἰγυπτίων
707 2042 873 2077 πλεονεξίαν,

82 2082 100 2117 ἢ
116 2083 165 2110 καὶ
181 2083 298 2115 ὲαυτόν;
315 2083 388 2116 τίνος
403 2083 532 2111 ἀπεσόϐει
543 2085 589 2112 τὸν
606 2086 786 2123 ὀλοθρευτήν;
804 2089 875 2116 τίσιν

82 2127 207 2162 ἔφασκεν
226 2125 242 2155 ὃ
259 2128 314 2156 τῶν
340 2128 409 2156 ὅλων
427 2130 512 2163 Θεὸς,
530 2140 539 2157 ι
558 2132 613 2158 Καὶ
631 2133 731 2169 ὂψομαι
745 2135 776 2162 τὺ
793 2133 873 2172 αἷμα,

85 2174 133 2200 καὶ
148 2174 281 2201 σκεπάσω
292 2175 382 2210 ὑμᾶς
399 2184 409 2201 ι
423 2173 477 2211 ἄρα
491 2177 547 2209 τοῖς
563 2177 731 2215 δεδεημένοις
747 2182 796 2217 τῆς
810 2184 874 2218 παρ’

921 949 970 970 cur
985 942 1010 969 in
1030 949 1124 969 eorum
1146 949 1259 969 numero
1282 941 1328 976 qui
1354 941 1453 968 intirmi
1480 949 1539 969 esse
1561 950 1709 970 consueve-

922 993 996 1022 runt,
1012 996 1137 1016 recenses
1151 989 1237 1022 illum,
1251 990 1285 1016 ab
1300 996 1395 1016 eorum
1415 990 1491 1016 turba
1505 993 1646 1024 exceptum
1657 1008 1665 1021 ,
1681 993 1710 1016 et

921 1035 1088 1070 perfectione
1109 1042 1170 1069 quae
1185 1042 1266 1070 supra
1289 1035 1374 1070 legent
1397 1040 1439 1062 est
1458 1039 1485 1062 et
1511 1035 1655 1062 intrinseca
1682 1039 1710 1062 et

921 1081 1069 1109 secundant
1089 1086 1212 1108 naturam
1237 1081 1318 1108 insita
1345 1081 1503 1115 praeditum,
1519 1088 1579 1108 cum
1597 1081 1631 1107 sit
1646 1087 1711 1108 vere

922 1127 1016 1159 Filius,
1036 1132 1064 1154 et
1087 1127 1122 1154 ob
1149 1135 1208 1154 eam
1232 1134 1341 1154 causam
1369 1126 1458 1154 Deus?
1483 1126 1536 1154 Sed
1568 1127 1708 1154 videamus

922 1173 1003 1200 etiam
1021 1180 1053 1200 ex
1068 1173 1145 1207 legali
1159 1177 1186 1200 et
1204 1173 1287 1200 reteri
1303 1172 1407 1207 scripto
1417 1193 1425 1206 ,
1441 1173 1668 1207 quemadmodum
1683 1178 1711 1200 et.

923 1226 972 1254 pro
988 1219 1085 1253 quibus
1104 1219 1158 1246 Deo
1173 1223 1200 1245 et
1215 1219 1287 1245 Patri
1309 1218 1428 1252 seipsum
1451 1218 1580 1245 obtulerit
1602 1218 1711 1244 Emma-

923 1264 985 1292 nuel
1012 1265 1038 1292 in
1061 1266 1171 1292 odorem
1192 1264 1333 1292 suavitatis
1343 1265 1376 1291 “.
1401 1263 1503 1292 Umbra
1527 1271 1642 1299 namque
1666 1264 1710 1291 lex

923 1316 981 1338 erat
1001 1311 1093 1345 procul
1109 1311 1201 1343 dubio,
1218 1312 1264 1338 sed
1288 1315 1377 1337 tamen
1400 1309 1501 1337 Christi
1525 1310 1646 1345 mysterii
1669 1309 1712 1336 in-

923 1356 1112 1385 formationem
1139 1355 1220 1383 habet
1242 1356 1281 1388 "’,
1311 1363 1342 1382 ac
1369 1355 1490 1382 veritatis
1519 1354 1708 1381 formationem

924 1404 1048 1438 parturit.
1065 1403 1156 1438 Itaque
1169 1401 1306 1432 Christus,
1323 1409 1384 1428 cum
1399 1400 1506 1428 Iudaeos
1517 1401 1710 1436 alloqucretur,

924 1448 992 1476 dixit
1009 1457 1016 1475 :
1033 1456 1043 1473 ‹
1062 1447 1089 1473 Si
1103 1446 1252 1474 crederetis
1267 1445 1343 1476 Mosi,
1359 1446 1506 1472 crederetis
1522 1445 1604 1472 etiam
1622 1446 1688 1472 mihi
1702 1454 1709 1472 :

924 1495 957 1521 de
972 1501 1013 1521 me
1024 1494 1097 1521 enim
1116 1493 1158 1520 ille
1169 1493 1279 1528 scripsit
1293 1492 1326 1518 ".
1343 1501 1352 1517 ι
1369 1492 1508 1525 Quomodo
1527 1491 1608 1526 igitur
1625 1490 1712 1518 Israe-

926 1540 979 1567 lita:
993 1541 1026 1566 de
1037 1539 1226 1575 [Egyptiorum
1241 1538 1322 1566 terris
1338 1537 1477 1573 migraturi
1498 1545 1596 1572 agnum
1614 1537 1711 1564 immo-

927 1586 1070 1613 laverunt?
1092 1593 1153 1612 num
1169 1593 1216 1619 pro
1232 1592 1260 1612 se
1285 1584 1350 1618 ipsis
1369 1589 1482 1617 tantutn,
1501 1591 1533 1610 an
1559 1583 1640 1610 etiam
1664 1590 1712 1616 pro

926 1632 984 1666 ipso
998 1631 1088 1666 agno?
1103 1638 1233 1665 quosnam
1258 1630 1408 1657 redimebat
1429 1637 1476 1664 per
1500 1637 1578 1656 suum
1603 1629 1713 1663 sangui-

926 1677 1007 1704 nem?
1021 1684 1083 1703 nuut
1098 1683 1144 1703 eos
1156 1676 1201 1710 qui
1218 1676 1268 1702 sub
1279 1675 1345 1710 jugo
1360 1676 1499 1703 servitutis
1511 1680 1598 1708 erant,
1612 1679 1639 1702 et
1651 1683 1714 1710 gra-

926 1723 1036 1750 vissimo
1051 1721 1244 1757 premebantur
1258 1721 1448 1756 Egyptiorum
1465 1721 1614 1755 dominatu,
1632 1729 1666 1748 an
1684 1728 1714 1748 se

926 1768 1013 1804 ipsum
1026 1768 1108 1796 etiam
1119 1767 1130 1794 ’ί
1143 1775 1158 1794 a
1169 1775 1287 1802 quonam
1300 1767 1439 1794 avertebat
1451 1767 1714 1802 :exterminatorcm?

926 1814 1056 1849 quibusve
1075 1813 1142 1840 dixit
1158 1813 1202 1840 ille
1221 1813 1292 1840 Deus
1311 1813 1500 1840 universorum
1516 1822 1522 1839 :
1544 1822 1553 1838 ‹
1569 1812 1601 1839 Ει
1616 1813 1713 1839 videbo

926 1860 1095 1896 sanguinem,
1110 1864 1137 1887 et
1153 1863 1291 1894 protegam
1308 1865 1355 1886 vos
1367 1859 1409 1885 "?
1427 1868 1435 1884 ι
1453 1858 1520 1885 Num
1537 1859 1579 1885 his
1593 1859 1636 1893 qui
1652 1867 1714 1892 pro-

927 1908 1043 1935 tectione
1067 1905 1233 1940 indigebant,
1258 1913 1291 1932 an
1314 1905 1363 1939 ipsi
1388 1904 1469 1931 etiam
1495 1905 1586 1939 agno?
1603 1904 1712 1931 Ilostius

926 1953 997 1980 enim
1016 1959 1063 1987 pro
1076 1956 1187 1986 peccato
1202 1950 1390 1983 immolandas,
1407 1950 1434 1977 in
1455 1950 1513 1985 lege
1535 1955 1662 1984 tanquam
1686 1951 1711 1977 in

927 1999 1016 2026 tabula
1031 1997 1188 2033 designabat
1202 1997 1272 2024 Deus
1287 2004 1319 2023 ac
1333 1996 1424 2028 Pater,
1443 1996 1530 2023 adhuc
1547 1997 1712 2023 adumbratis

926 2045 1027 2073 Christi
1045 2043 1222 2079 mysterium;
1241 2042 1309 2069 dixit
1328 2046 1417 2069 autem
1443 2041 1482 2069 sic
1499 2042 1532 2069 ad
1556 2041 1646 2069 Mosen
1670 2050 1714 2068 sa-

926 2097 1034 2117 crorum
1049 2090 1222 2124 interpretem
1239 2095 1247 2114 :
1266 2098 1275 2114 ‹
1294 2088 1322 2115 Si
1340 2095 1405 2115 vero
1420 2089 1545 2115 universa
1564 2095 1713 2123 congrega-

927 2136 965 2163 tio
980 2135 1094 2162 liliorum
1109 2134 1191 2162 Israel
1210 2133 1374 2169 ignoraverit
1389 2141 1440 2160 non
1454 2138 1549 2168 sponte
1560 2153 1568 2166 ,
1583 2139 1609 2160 et
1626 2133 1714 2160 latue-

926 2182 962 2209 rit
988 2181 1099 2209 verbum
1120 2180 1212 2208 oculos
1229 2179 1387 2215 Synagogze,
1403 2184 1430 2206 et
1445 2179 1560 2206 fecerint
1581 2186 1662 2205 unum
1680 2179 1714 2206 ab

84 2219 170 2247 αὑτοῦ
192 2220 308 2257 σκέπης,
331 2221 415 2256 ἡγουν
428 2222 474 2249 καὶ
488 2223 562 2259 αὐτῷ
578 2225 616 2261 τῷ
631 2226 726 2262 άμνῷ;
744 2229 874 2256 Διετύπου

927 2227 1053 2254 omnibus
1074 2225 1208 2253 mandatis
1231 2225 1338 2252 Domini
1359 2224 1430 2259 quod
1452 2231 1504 2250 non
1520 2223 1581 2255 ﬁet,
1602 2228 1629 2251 et
1649 2223 1714 2250 deli—

88 2266 137 2301 μὲν
151 2267 207 2301 γὰρ
221 2266 271 2299 τάς
288 2268 359 2304 ὑπὲρ
381 2270 436 2295 τῶν
455 2269 598 2305 ἁμαρτιῶν
620 2273 755 2300 ποιεῖσθαι
769 2273 874 2308 θυσίας,

87 2311 213 2348 καθάπερ
235 2312 265 2338 ὲν
287 2312 382 2339 πίνακι
404 2313 444 2348 τῷ
468 2314 553 2350 νόμῳ,
577 2317 755 2351 σκιαγραφῶν
782 2318 822 2345 ἔτι
844 2320 876 2346 τδ

87 2356 206 2391 Χριστοῦ
225 2357 375 2393 μυστήριον
389 2359 403 2385 ό
419 2358 486 2390 Θεὸς
498 2360 545 2386 καὶ
562 2362 657 2398 Πατήρ
667 2370 674 2377 ·
694 2362 746 2398 ἔφη
763 2363 790 2390 δὲ
805 2364 876 2391 οὕτω

89 2402 156 2437 πρὸς
172 2402 217 2429 τὸν
241 2402 407 2438 ἱεροφάντην
427 2404 529 2431 Munia
540 2413 546 2420 ο
565 2415 575 2431 «
601 2406 665 2433 Ἐὰν
681 2407 710 2434 δὲ
726 2409 800 2436 πᾶσα
813 2419 876 2437 συν-

91 2447 182 2483 αγωγὴ
200 2448 266 2474 υίῶν
291 2449 402 2484 Ἰσραὴλ
427 2450 548 2487 ἀγνοήσῃ
570 2451 724 2486 ἀκουσίως,
744 2455 791 2481 καὶ
806 2455 874 2492 λάθῃ

93 2496 164 2531 ῥῆμα
180 2495 209 2529 ἐξ
224 2495 377 2532 ὀφθαλμῶν
399 2497 449 2532 τῆς
471 2498 652 2535 Συναγωγῆς,
669 2501 716 2528 καὶ
739 2503 875 2538 ποιήσωσι

96 2541 152 2576 μίαν
164 2541 216 2568 ἀπὸ
231 2542 329 2568 πασῶν
342 2541 400 2568 τῶν
414 2543 530 2570 ἐντολῶν
547 2544 594 2571 τοῦ
609 2545 722 2582 Κυρίου,
739 2547 756 2582 ἢ
774 2547 829 2583 [lca
844 2548 875 2585 ἠ]

96 2587 121 2613 οὗ
141 2587 330 2623 ποιηθήσεται,
366 2587 416 2614 καὶ
442 2588 669 2625 πλημμελήσωσι,
696 2591 743 2618 καὶ
768 2593 875 2629 γνωσθῇ

95 2631 171 2664 αὐτοῖς
184 2633 200 2668 η
217 2631 357 2668 ἁμαρτία,
373 2631 410 2667 ἢν
426 2631 547 2668 ἥμαρτον
558 2633 627 2670 αὐτῇ
638 2642 645 2649 ’
660 2635 707 2662 καὶ
719 2636 874 2673 προσάξειὴ

93 2678 221 2715 συναγωγὴ
235 2679 346 2714 μόσχον
361 2677 396 2703 ὲκ
411 2677 481 2712 βοῶν
495 2678 610 2714 ἄμωμον
625 2681 688 2716 περὶ
699 2681 846 2717 ἁμαρτίας.
865 2692 874 2709 ι

89 2726 141 2754 Τίνα
163 2725 191 2753 δὲ
215 2726 327 2760 τρόπον
352 2722 391 2749 τὰ
413 2722 465 2758 τῆς
487 2723 583 2756 θυσίας
605 2725 784 2754 ὲπιτελεϊσθαι
811 2729 874 2764 χρὴ,

927 2273 1045 2308 querint,
1060 2276 1087 2299 et
1104 2276 1195 2298 notum
1211 2271 1310 2297 factum
1327 2269 1408 2297 fuerit
1423 2269 1475 2296 illis
1486 2274 1626 2304 peccatum
1642 2272 1713 2303 quod

927 2322 1120 2352 peccaverunt;
1147 2321 1174 2344 et
1201 2315 1316 2343 adducet
1348 2314 1523 2349 congregatio
1543 2314 1655 2340 vitulum
1681 2322 1714 2340 cx

927 2363 1013 2391 bobus
1049 2362 1252 2390 immaculatum
1280 2368 1330 2396 pro
1345 2365 1457 2395 peccato
1476 2359 1509 2386 ³⁸.
1530 2369 1539 2385 ι
1560 2359 1613 2386 Sed
1640 2365 1715 2394 pest-

926 2417 1040 2444 eaquam
1065 2409 1190 2444 exposmt
1211 2415 1328 2442 quonatn
1355 2407 1434 2434 modo
1457 2406 1545 2433 hostia
1572 2405 1608 2432 sit
1647 2414 1714 2432 con-

929 2454 1100 2487 summanda,
1129 2454 1266 2489 subjungit
1296 2457 1322 2480 et
1346 2453 1402 2479 ait:
1436 2460 1446 2477 ‹
1465 2451 1498 2478 Et
1525 2451 1715 2486 propitiabitur

927 2501 981 2537 95
1010 2508 1059 2536 pro
1086 2500 1151 2535 ipsis
1173 2500 1313 2531 sacerdos,
1329 2504 1357 2526 et
1383 2497 1536 2525 remittetur
1555 2497 1594 2524 eis
1620 2505 1715 2531 peccs-

929 2552 985 2574 tum
999 2547 1032 2574 ³¹.
1054 2556 1063 2572 ι
1081 2545 1142 2573 Jam
1165 2553 1230 2580 ergo
1241 2545 1397 2572 consideres
1418 2543 1516 2576 velim,
1539 2543 1628 2570 afferri
1653 2543 1714 2577 qui-

930 2594 990 2621 dem
1012 2593 1124 2620 vitulum
1145 2592 1171 2619 iit
1192 2596 1254 2627 typo
1272 2590 1374 2618 Christi
1392 2589 1464 2617 illius
1484 2588 1670 2620 mundissimi,
1688 2592 1716 2615 et

930 2639 1061 2667 maculam
1078 2638 1178 2665 nullam
1191 2638 1326 2668 habentis,
1343 2637 1389 2664 sed
1410 2636 1554 2664 afferentes
1569 2643 1582 2662 a
1595 2635 1650 2662 suis
1661 2635 1715 2662 cri-

931 2684 1049 2712 minibus
1065 2682 1191 2715 liberari,
1213 2690 1266 2709 non
1284 2681 1395 2708 vitulum
1417 2689 1536 2716 prorsus.
1558 2680 1714 2707 Immolatus

931 2737 1048 2764 namque
1061 2734 1103 2757 est
1119 2736 1170 2756 non
1191 2735 1239 2764 pro
1258 2735 1299 2760 se,
1316 2732 1345 2754 ut
1362 2732 1389 2754 tu
1407 2727 1484 2759 dicis,
1503 2726 1548 2754 sed
1573 2734 1621 2760 pro
1640 2725 1715 2753 inlir-

111 2828 128 2844 ³³
148 2825 230 2853 Hebr.
249 2819 432 2860 11535738.
472 2821 495 2837 ¹⁶
515 2821 613 2856 Ephes.
630 2830 656 2857 ν,
670 2823 696 2851 2.
718 2825 739 2840 ³⁷
761 2825 843 2854 llebr.
858 2834 872 2853 κ

924 2846 927 2854 ,
965 2827 988 2843 ’³
1008 2825 1086 2855 Joan.
1108 2834 1133 2860 v,
1157 2825 1202 2854 46.
1240 2825 1262 2842 ¹⁹
1281 2824 1368 2854 Exod.
1385 2832 1436 2859 xu,
1452 2825 1493 2852 l5.
1533 2823 1555 2840 ³ο
1576 2823 1712 2856 Lcrit.tv,

84 2863 116 2894 Ii,
132 2862 168 2889 H.
215 2860 241 2876 ³¹
269 2857 348 2886 ibid.
367 2855 419 2882 20.
