1886 3056
179 134 229 161 167

681 135 709 161 S.
731 133 871 162 (ZYRILLI
892 133 1127 162 ALEXANDRINI
1146 133 1306 162 ARCIIIEP.

1767 133 1818 159 168

179 193 241 225 mis,
256 198 305 226 pro
326 191 425 226 quibus
445 191 541 226 iegalis
563 191 608 220 ille
633 192 754 227 pontifex
780 192 896 220 faciebat
915 200 975 228 pre-

1069 192 1138 219 ιπὼν
1163 190 1195 220 εὖ
1221 193 1313 228 μάλα,
1338 192 1527 228 προσεπάγει,
1550 191 1598 218 καί
1622 199 1705 226 φησι·
1734 200 1742 215 ε
1763 191 1819 218 Καὶ

178 246 246 266 ces:
272 243 300 265 ut
316 245 411 266 rursus
431 238 633 265 animadvertas
648 239 808 265 advocatmn
829 238 902 265 illum
924 246 973 273 pro

179 284 258 311 nobis
270 283 371 310 factum
384 284 418 316 ³’,
435 283 665 319 innocentemque
687 289 714 311 et
735 289 861 311 sanctum
885 284 974 318 ponti-

179 330 275 360 (ιι-ειη,
295 333 466 363 segregatum
493 337 508 356 a
534 329 722 363 peccatoribus
745 329 779 358 ³³.
803 329 887 364 Igitur
910 337 972 357 cum

177 383 269 401 sermo
284 374 434 401 adversarii
459 375 578 409 undique
601 375 770 402 absurditate
789 375 903 408 laboret,
925 382 973 403 nos

179 419 336 453 pontiﬁcem
348 425 376 447 et
394 421 546 455 apostolum
561 421 741 448 cat-fessionis
756 426 855 448 nostrae
872 420 973 448 factum

178 474 239 493 esse
255 465 371 493 dicimus
386 466 476 501 ipsqu
494 474 526 494 ex
550 467 604 494 Deo
628 466 708 494 l’atre
726 466 844 494 Verbum
858 466 891 499 “,
909 475 972 494 cum

132 545 137 552 .
179 511 268 539 factus
288 512 380 543 homo.
399 519 429 539 se
440 513 474 539 ad
490 513 704 540 ninanilionem
724 513 823 548 dcjecit
837 513 870 544 ³⁵,
885 517 911 540 et
927 521 974 540 uo-

179 562 236 585 stra
252 558 411 593 assumpsit,
429 564 458 585 ut
471 559 590 594 seipsum
608 561 689 587 etiam
706 567 755 594 pro
770 559 896 587 oumibus
912 559 975 587 υπε-

179 612 242 631 rens
257 604 331 632 Patri
351 606 377 632 iu
397 606 510 633 odorem
536 607 680 634 suavitatis
695 607 730 638 ³⁸,
754 607 908 642 acquireret
929 614 975 634 or-

179 651 240 678 betn
268 657 412 685 terrarum,
440 653 574 681 eximeret
593 654 733 681 veteribus
760 654 857 689 culpis,
888 653 975 689 gratia

177 697 343 731 jnstilicaret
359 707 407 733 per
424 699 504 726 lidem
520 700 555 731 ³⁷,
577 701 672 727 mortis
692 705 773 735 atque
792 699 976 735 corruptionis

181 745 444 776 victoreselliceret.
465 754 560 774 sacros
579 749 661 774 etiam
680 752 762 782 atque
780 747 974 778 sanctificatos.

180 796 207 817 et
223 791 250 818 in
265 792 338 819 onmi
357 792 467 820 virtutis
486 801 585 828 genere
600 793 736 828 perfectos
753 794 888 825 redderet,
901 793 975 820 illum

181 836 352 864 Salvatorem
368 846 400 864 ac
416 837 628 874 Redemptorcm
644 840 816 870 conﬁtentes,
829 846 879 874 per
893 846 974 873 quem

1023 239 1180 271 ἐξιλάσεται
1194 239 1259 274 περί
1277 239 1367 266 αὐτῶν
1381 240 1395 265 6
1410 239 1509 274 ἱερεὺς,
1525 238 1573 264 καὶ
1584 237 1756 273 ἀφεθήσεται
1770 237 1820 263 αὑ-

1023 286 1079 316 τοῖς
1099 285 1115 320 ὴ
1132 284 1264 320 ἁμαρτία.
1283 294 1292 310 ι
1310 284 1406 320 Ἀθρει
1420 284 1453 319 δὴ
1465 282 1522 316 οὖν,
1538 283 1579 310 ὅτι
1598 281 1821 319 προσεκομιζετο

1024 330 1076 366 μὲν
1095 331 1109 357 6
1136 330 1237 366 μόσχος
1255 331 1284 357 ὲν
1299 330 1378 364 τύπῳ
1393 329 1511 366 Χριστοῦ
1534 329 1580 355 τοῦ
1601 328 1755 363 πανάγνου,
1771 327 1821 354 καὶ

1025 377 1122 412 μῶμον
1141 376 1188 403 τοῦ
1208 376 1263 412 (25)
1291 375 1329 411 μὴ
1353 375 1477 411 ἔχοντος⁹
1495 374 1699 410 ἀπηλλάττοντο
1715 373 1745 399 δὲ
1764 372 1822 399 τῶν

1025 421 1100 448 ἰδίων
1124 421 1293 456 αιτιαμάτων
1308 422 1333 447 οἰ
1348 420 1596 456 προσκομίξοντες,
1617 419 1664 446 καὶ
1687 418 1746 445 οὔτι
1767 426 1821 444 που

1026 467 1100 503 μάλα
1122 467 1136 493 6
1160 467 1270 502 μόσχος.
1286 467 1403 493 Τέθυται
1418 467 1472 502 γὰρ
1496 467 1546 500 οὐχ
1568 466 1638 501 ὑπέρ
1660 474 1691 500 γε
1717 464 1822 500 μᾶλλον

1024 513 1214 546 ὲαυτοῦ,καθά
1229 514 1261 541 σὺ
1276 513 1404 548 φὴς,ἀλλῖ
1416 513 1486 548 ὺπέρ
1500 521 1532 547 γε
1543 512 1599 538 τῶν
1613 511 1821 548 ὴσθενηκότων,

1025 562 1096 597 ὑπὲρ
1107 558 1145 588 ὧν
1158 562 1275 588 ἐποιεῖτο
1287 561 1336 593 τὰς
1346 560 1422 592 λιτὰς
1438 560 1452 586 6
1467 560 1537 586 κατὰ
1551 559 1651 594 νόμους
1659 557 1820 594 ἀρχιερεύς.

1026 609 1070 635 ἴνα
1098 608 1180 635 πάλιν
1201 609 1294 643 ὲννοῇς
1315 607 1360 634 τὸν
1385 606 1455 642 ὑπὲρ
1472 606 1552 642 ἡμῶν
1573 605 1708 640 γεγονότα
1730 605 1824 640 παρά-

1026 655 1136 690 κλητον,
1145 654 1262 690 ἄμωμόν
1272 663 1302 680 τε
1314 654 1362 681 καὶ
1375 654 1448 680 ὅσιον
1462 652 1604 689 ἀρχιερέα,
1614 651 1824 688 κεχωρισμένον

1026 701 1081 729 τῶν
1096 700 1279 737 ἁμαρτωλῶν.
1295 700 1468 735 Πανταχόθεν
1485 698 1630 734 τοιγαροῦν
1642 699 1824 734 ὴρρωστηκόν

1025 755 1072 779 τος
1090 746 1138 774 τοῦ
1150 747 1231 781 λόγου
1253 746 1283 772 τὸ
1302 746 1420 777 ἀκαλλὲς
1436 745 1475 780 τῷ
1490 745 1523 771 δι’
1536 744 1672 776 ἐναντίας,
1687 743 1822 779 ἀρχιερέα

1027 791 1076 818 καὶ
1100 790 1250 818 ἀπόστολον
1265 790 1315 825 τῆς
1330 789 1476 825 ὁμολογίας
1489 788 1567 824 ἡμῶν
1588 788 1715 822 γενέσθαι
1731 787 1823 822 φαμὲν

1027 837 1110 864 αὐτὸν
1133 837 1179 863 τὺν
1201 837 1234 863 ὲκ
1248 836 1316 863 Θεοῦ
1337 835 1445 870 Πατρδς
1467 835 1565 869 Λόγον,
1580 835 1626 861 ὅτε
1640 833 1755 868 γέγονεν
1774 832 1824 859 ἇν-

180 888 208 910 et
221 891 282 910 cum
295 892 349 917 quo
370 885 424 911 Deo
437 889 464 913 et
479 885 553 913 Patri
574 886 659 922 gloria
675 894 736 914 cum
755 892 850 914 sancto
870 886 973 921 Spiritu

1069 892 1148 916 υπος,
1164 882 1259 914 καθεὶς
1274 881 1370 909 ἑαυτὸν
1385 882 1426 913 είς
1440 881 1569 912 κένωσιν,
1580 881 1628 907 καί
1643 880 1672 906 ἐν
1688 880 1746 910 τοῖς
1760 877 1823 905 καθ’

181 928 207 956 ill
219 929 326 957 saecula.
350 931 448 959 Arnen,

1028 930 1113 965 ἡμᾶς,
1128 930 1172 956 ἵνα
1185 929 1232 956 καὶ
1244 929 1314 964 ὑπὲρ
1328 927 1436 955 πάντων
1447 927 1486 959 εἰς
1499 926 1587 962 ὀσμὴν
1597 926 1711 958 εὐωδίας
1725 925 1823 952 ἑαυτὸν

181 977 290 1011 ἀναθεὶς
304 979 343 1015 τῷ
360 980 464 1015 Πατρὶ,
481 979 690 1015 χατακτήσηται
714 979 765 1015 τὴν
787 980 834 1006 ὑπ’
859 978 985 1014 οὐρανὸν,
1007 978 1135 1013 ἐξέληται
1153 978 1210 1004 τῶν
1225 976 1348 1012 ἀρχαίων
1379 975 1562 1011 αίτιαμάτων,
1577 973 1711 1008 δικαιώσῃ
1724 973 1759 1007 τῇ
1773 971 1824 1007 χὰ-

183 1032 237 1058 ριτι
260 1026 306 1053 διὰ
335 1027 463 1058 πίστεως,
491 1026 609 1054 θανάτου
636 1027 684 1054 καὶ
712 1026 816 1062 φθορᾶς
844 1027 972 1062 ἀποφήνῃ
1011 1024 1190 1060 κρείττονας,
1217 1023 1306 1059 ἱερούς
1329 1031 1360 1050 τε
1386 1023 1435 1050 καὶ
1457 1020 1653 1057 ήγιασμένους,
1692 1019 1741 1046 καὶ
1768 1018 1824 1044 πᾶν

181 1070 252 1104 εἶδος
273 1073 374 1108 ἀρετῆς
399 1071 428 1099 εὖ
448 1074 520 1108 μάλα
537 1061 772 1108 κατωρθωκότας,
795 1073 910 1108 Σωτῆρα
947 1072 995 1099 καὶ
1033 1071 1185 1106 Λυτρωτὴν
1207 1069 1407 1105 ὁμολογοῦντας
1422 1069 1522 1095 αὐτόν·
1542 1068 1576 1095 δι’
1597 1064 1629 1094 οὗ
1651 1067 1700 1094 καὶ
1716 1066 1776 1102 μεθ’
1792 1061 1823 1091 οὗ

180 1118 220 1154 τῷ
238 1119 298 1154 6εῴ
315 1119 361 1145 καὶ
379 1119 466 1154 [la-.91
483 1120 500 1154 ὴ
515 1119 588 1152 δόξα,
614 1120 663 1146 σὺν
681 1119 753 1155 ἁγίῳ
776 1119 916 1154 Πνεύματι
936 1120 976 1151 εις
994 1119 1058 1150 τοὺς
1072 1118 1182 1157 αἱῷνας.
1206 1116 1303 1152 Ἀμήν.

306 1195 508 1241 TOMUS
550 1195 845 1247 QUARTUS.

218 1282 315 1309 Beatus
330 1281 429 1308 Paulus
450 1289 511 1308 cum
527 1281 596 1317 legis
612 1289 734 1309 umnram
761 1282 831 1309 haud
852 1282 974 1309 inutilem

183 1328 340 1356 hominibus
357 1328 400 1361 pie
414 1328 505 1354 vivere
528 1328 734 1356 instituentibus
757 1329 913 1356 ostenderet
924 1348 931 1359 ,
948 1335 975 1355 et

181 1383 212 1403 ea
228 1383 288 1409 qum
312 1374 376 1401 olitn
401 1374 498 1409 priscis
520 1375 675 1402 hominibus
698 1376 885 1410 contigissent,
903 1375 976 1402 vellit

183 1421 302 1448 tabulam
323 1420 468 1455 quamdam
489 1425 517 1447 et
541 1429 630 1448 rerum
650 1421 786 1449 veriorum
814 1421 976 1456 descriptio—

1159 1187 1353 1231 TOMOZ
1389 1185 1688 1229 ΤΕΤΑΡΤΟΣ.

1069 1280 1100 1307 ’0
1115 1279 1258 1309 Θεσπέσιος
1282 1276 1399 1308 Παῦλος,
1425 1277 1476 1303 οὐκ
1491 1275 1623 1310 ἀσυντελῆ
1644 1274 1714 1309 πρὸς
1729 1274 1823 1309 ὄνησιν

1027 1328 1083 1358 τοῖς
1105 1325 1228 1352 εὐσεϐεῖν
1242 1324 1402 1360 ᾑρημένοις,
1423 1323 1473 1359 τὴν
1490 1322 1519 1349 ἐν
1535 1331 1567 1356 γε
1588 1322 1627 1357 τῷ
1649 1322 1728 1356 νόμῳ
1744 1321 1824 1347 σκιὰν

1029 1372 1201 1409 ἀποφαίνων,
1227 1371 1274 1397 καὶ
1299 1370 1352 1404 μὴν
1379 1369 1426 1395 καὶ
1447 1368 1482 1395 τὰ
1505 1369 1591 1394 πάλαι
1615 1368 1672 1399 τοῖς
1697 1366 1824 1402 ἀρχαίοις

1031 1418 1233 1452 συμῆεῧηκότα,
1248 1416 1374 1450 καθάπερ
1387 1415 1447 1441 τινὰ
1469 1415 1571 1440 πίνακα
1583 1414 1629 1439 καὶ
1643 1412 1753 1448 γραφὴν
1769 1412 1824 1438 τῶν

182 1474 244 1494 nem
281 1467 402 1494 omnium
437 1466 535 1493 nuituis
572 1467 744 1501 apertissime
781 1472 974 1503 proponeret:

1069 1465 1219 1500 ηῢεστέρων
1234 1464 1294 1494 ταῖς
1310 1463 1438 1488 ἁπάντων
1451 1461 1581 1491 διανοίαις
1601 1457 1630 1486 εὖ
1645 1459 1719 1495 μάλα
1734 1467 1825 1494 παρα-

185 1522 194 1538 ι
215 1513 288 1546 llzec,
311 1506 408 1546 inquit,
423 1513 513 1539 omnia
534 1513 559 1540 in
584 1514 669 1548 ligura
693 1514 890 1549 contingebant
911 1514 975 1547 illis,

182 1559 282 1594 scripta
308 1563 371 1586 sunt
392 1564 480 1586 autent
509 1559 542 1585 ad
569 1559 767 1593 correptiouem
793 1565 924 1592 noslram,
949 1560 975 1586 in

182 1614 251 1641 quos
269 1606 336 1632 lines
358 1605 518 1632 seculorum
541 1605 708 1631 devenerunt
723 1605 754 1631 ³⁸.
774 1614 783 1630 ι
804 1605 860 1638 Age
883 1605 975 1640 igitur,

183 1661 215 1679 cx
234 1653 363 1687 legalibus
383 1651 493 1678 Litteris
508 1651 651 1685 desumpto
670 1651 729 1678 loco
749 1651 888 1683 dicamus,
905 1651 976 1678 lilios

183 1698 266 1725 Israel
277 1697 341 1723 olim
357 1705 389 1724 ex
405 1695 596 1731 Egypliorum
613 1696 694 1723 terris
716 1696 897 1727 cxcedentes,
914 1703 974 1723 ctnn

185 1744 211 1770 in
232 1749 331 1770 terram
349 1742 539 1776 promissionis
559 1746 754 1776 properarent,
774 1741 801 1768 in
819 1748 911 1768 eremo
936 1741 976 1767 di-

183 1793 308 1817 versatos
325 1787 429 1815 fuisse:
445 1795 564 1823 cumque
586 1793 724 1823 gestorum
743 1788 769 1814 in
791 1787 908 1823 Egypto
927 1789 978 1814 tui-

184 1835 338 1862 raculornm
355 1834 477 1861 infelices
489 1833 577 1866 obliti,
593 1839 621 1861 et
639 1835 771 1861 memoria
788 1834 932 1861 cliaritalis
949 1834 975 1861 in

185 1881 269 1908 Deum
293 1880 396 1914 alrjecta
418 1879 500 1914 impie
516 1885 729 1912 murmurarent,
752 1887 767 1906 a
792 1881 975 1914 serpentibus,

168 1931 215 1953 vut
231 1927 361 1960 scriptum
380 1930 433 1957 est.
453 1926 592 1960 perierunt
605 1925 639 1951 ".
658 1925 712 1952 Sed
735 1933 840 1953 morsus
857 1934 976 1953 venena-

185 1977 272 1999 tarum
286 1972 403 1998 l'erarum
416 1970 592 2005 eﬂ'ugieliant,
609 1977 670 1996 cum
688 1970 734 1997 Dei
747 1971 868 1998 omnium
883 1970 976 1997 Salva—

185 2017 253 2045 toris
265 2016 377 2044 oraculo
400 2017 519 2043 monitus
535 2015 622 2044 Moses
634 2020 787 2050 serpentem
803 2015 856 2043 illis
870 2023 976 2043 aeneum

184 2063 283 2090 erexit.
294 2061 371 2097 96¢
388 2061 443 2088 Fac
457 2061 516 2094 tibi,
544 2061 643 2096 inquit,
675 2067 840 2096 serpentem,
863 2067 891 2089 et
907 2069 978 2097 pone

186 2109 259 2136 illum
284 2109 310 2135 in
332 2108 463 2142 signum:
488 2111 516 2134 et
540 2108 604 2140 erit,
623 2107 646 2134 si
675 2107 851 2134 momorderit
865 2114 978 2142 serpens

1030 1510 1131 1541 τιθείς·
1164 1507 1278 1534 «Ταῦτα
1301 1507 1329 1532 δὲ
1350 1505 1415 1542 [Tox
1438 1506 1547 1536 λείπει,
1571 1502 1670 1538 φησὶ,]
1700 1501 1826 1532 τυπικῶς

1032 1555 1190 1582 συνέϐαινεν
1224 1553 1355 1584 ἐκείνοις⁰
1380 1550 1490 1586 ἐγράφη
1522 1549 1549 1576 δὲ
1580 1549 1649 1584 πρὸς
1680 1548 1826 1574 νουθεσίαν

1031 1601 1119 1638 ἡμῶν,
1140 1602 1180 1631 εἰς
1204 1599 1250 1631 οὓς
1271 1599 1305 1625 τὰ
1328 1598 1392 1633 τέλη
1416 1597 1470 1624 τῶν
1493 1597 1599 1623 αἰώνων
1625 1598 1798 1631 κατήντηκε.
1815 1604 1824 1620 ι

1029 1648 1098 1682 Φέρε
1111 1647 1144 1681 δὴ
1160 1644 1206 1671 οὖν
1227 1646 1258 1671 ἐκ
1278 1643 1399 1679 νομικῶν
1413 1642 1588 1677 Γραμμάτων
1603 1641 1722 1672 ἑλόντες,
1738 1640 1827 1674 λέγω·

1031 1693 1137 1728 μεν,ὡς
1150 1691 1344 1726 κατηυλίζοντο
1360 1690 1409 1725 μὲν
1420 1690 1469 1725 ὲρή
1475 1698 1517 1724 μῳ
1528 1689 1593 1714 ποτὲ
1604 1687 1655 1722 τῆς
1664 1687 1827 1721 Αἰγυπτίων

1031 1740 1198 1774 ἀπαίροντες
1212 1739 1237 1765 οἱ
1251 1737 1280 1770 ἐξ
1299 1736 1420 1772 Ἰσραὴλ,
1443 1736 1491 1762 καὶ
1505 1737 1545 1766 είς
1567 1735 1616 1769 τὴν
1631 1735 1684 1770 τῆς
1706 1736 1828 1768 ἐπαγγε-

1031 1787 1090 1817 λίας
1108 1784 1314 1815 διασπεύδοντες
1332 1783 1399 1818 γῆν⁶
1416 1781 1509 1816 ἐπειδὴ
1525 1781 1553 1808 δὲ
1568 1780 1622 1807 τῶν
1641 1782 1669 1807 έν
1693 1780 1828 1815 Αἰγύπτῳ

1032 1833 1178 1868 Θαυμάτων
1195 1829 1417 1866 ἀμνημονοῦντες
1441 1827 1465 1855 οἱ
1488 1827 1621 1858 τάλανες,
1646 1827 1695 1853 καὶ
1717 1827 1767 1862 τῆς
1787 1828 1829 1858 εὶς

1031 1880 1099 1907 Θεὸν
1117 1879 1227 1913 ἀγάπης
1242 1875 1498 1912 ἀμνημονήσαντες,
1508 1872 1684 1907 διεγόγγυζον
1698 1873 1827 1903 ἀνοσίως,

1032 1926 1084 1953 ὑπὸ
1099 1925 1153 1952 τῶν
1170 1925 1258 1959 ὅτεων
1275 1922 1435 1949 ἀπώλλυντο
1448 1942 1454 1953 ,
1473 1919 1545 1947 κατά
1569 1920 1599 1946 τὸ
1618 1920 1827 1954 γεγραμμένον.

1032 1971 1150 2005 Διέδρων
1165 1979 1197 2004 γε
1213 1969 1267 2004 μὴν
1284 1968 1318 1994 τὰ
1339 1968 1393 1994 τῶν
1411 1967 1520 1994 ἰοϐόλων
1535 1966 1682 2001 δήγματα,
1700 1965 1747 1991 τὸν
1763 1965 1828 1999 ὄφιν

1032 2017 1122 2048 αὐτοῖς
1145 2016 1191 2042 τὸν
1217 2013 1335 2050 χαλκοῦν
1356 2012 1597 2047 ἀναστηλώσαντος
1621 2011 1669 2038 τοῦ
1690 2011 1826 2043 Μωσέως,

1031 2064 1078 2090 τοῦ
1091 2064 1201 2090 πάντων
1212 2063 1339 2096 Σωτῆρος
1350 2060 1418 2087 Θεοῦ
1429 2058 1708 2095 κεχρησμῳδηχότος·
1722 2068 1731 2084 ι
1744 2058 1829 2093 Ποίη-

1034 2119 1079 2136 σον
1094 2108 1186 2144 σαυτῷ
1199 2108 1271 2143 ὅφιν,
1283 2108 1330 2134 καὶ
1341 2107 1386 2138 θὲς
1402 2106 1483 2132 αὑτὸν
1498 2105 1544 2130 ἐπὶ
1558 2106 1681 2140 σημεῖον
1690 2105 1739 2130 καὶ
1749 2105 1828 2130 ἔσται

187 2154 335 2185 hominem,
355 2154 480 2187 quisquis
495 2160 601 2180 morsus
619 2153 709 2183 fuerit.
729 2153 823 2180 videns
843 2153 917 2180 illmu
938 2154 977 2180 vi-

1069 2165 1078 2181 ν
1092 2155 1162 2190 δάκῃ
1174 2154 1236 2189 δφις
1251 2153 1406 2189 ἄνθρωπον,
1424 2152 1477 2183 πᾶς
1494 2152 1508 2177 6
1523 2150 1688 2186 δεδηγμένος
1705 2150 1768 2177 ἰδὼν
1779 2151 1829 2177 αὺ-

186 2199 273 2226 vet‘“.
291 2208 300 2224 ι
318 2197 381 2226 Haec
405 2205 470 2234 ergo
493 2197 579 2233 ﬁgura
605 2199 763 2233 mysterium
787 2198 887 2226 Christi
907 2203 978 2227 erat.

185 2246 252 2270 (lum
268 2244 340 2270 enim
361 2245 431 2272 Deus
455 2249 530 2271 esset
545 2244 712 2278 unigenitum
735 2243 780 2270 Dei
802 2243 935 2277 Verbum,
952 2250 979 2271 et

185 2296 232 2321 per
253 2294 378 2315 naturam
395 2289 495 2316 bonum
522 2296 554 2315 ex
574 2289 644 2316 bono
667 2289 764 2321 Patre.
782 2289 917 2324 particeps
940 2289 980 2318 l'a-

185 2339 258 2360 ctum
283 2339 324 2362 est
348 2335 490 2368 sanguinis
504 2339 532 2362 et
557 2336 658 2366 carnis,
678 2335 729 2362 hoc
748 2341 798 2366 est.
819 2336 920 2363 factum
939 2341 980 2364 est

186 2381 277 2413 homo,
294 2387 321 2408 et
338 2381 416 2408 nobis
431 2382 477 2416 qui
493 2382 555 2409 mali
572 2390 695 2416 eramus,
712 2382 799 2410 amnis
812 2404 821 2416 ,
844 2390 980 2419 quatenus

186 2433 260 2453 certe
279 2428 360 2454 homo
378 2428 465 2455 nostri
481 2428 580 2455 similis
598 2428 649 2455 fuit
664 2437 671 2456 :
694 2430 810 2463 positutu
833 2435 875 2457 est
895 2430 978 2458 etiam

186 2472 213 2499 in
238 2473 363 2506 sublime,
392 2474 444 2501 hoc
463 2479 516 2506 est,
545 2481 653 2502 crucem
681 2475 788 2508 pertulit
814 2476 839 2502 in
855 2476 938 2511 ligno,
952 2480 981 2504 et

187 2522 300 2545 mortem
321 2521 471 2546 secundum
489 2527 610 2553 carnem,
633 2521 683 2548 etsi
707 2521 805 2548 revixu
823 2521 868 2548 die
887 2520 978 2555 tertia,

187 2564 291 2592 calcato
310 2566 404 2593 mortis
421 2567 534 2600 imperio
549 2567 581 2594 “.
603 2567 670 2594 Cum
686 2569 767 2603 igitur
779 2570 910 2598 adversus
924 2571 980 2598 dis-

187 2611 373 2643 pensationem
400 2613 492 2640 carnis
521 2614 704 2642 stultissime.
722 2615 915 2650 obloquimur,
952 2621 980 2644 et

222 2681 244 2719 ‘f
264 2681 343 2719 ,loan.
359 2682 431 2719 n._l.
470 2682 493 2719 ³³
515 2681 595 2719 [lt-lyr.
617 2691 664 2716 vn,
678 2684 724 2712 26.
764 2685 786 2700 ³⁸
808 2685 890 2712 llcbr.
908 2693 948 2719 ιιι,
965 2687 990 2714 1.

1031 2201 1077 2228 τὸν
1093 2201 1216 2236 ζήσεται.
1239 2209 1247 2226 ι
1265 2199 1423 2234 Μυστήριον
1435 2195 1463 2224 δὲ
1477 2197 1532 2232 ἄρα
1547 2197 1576 2223 τὺ
1590 2196 1661 2223 κατὰ
1677 2196 1797 2232 Χριστὸν
1812 2198 1828 2231 ἠ

1031 2247 1154 2279 τύπωσις
1165 2244 1209 2282 ἧν,
1219 2246 1285 2278 Θεὸς
1296 2248 1351 2283 γὰρ
1364 2248 1495 2284 ὑπάρχων
1509 2248 1523 2274 6
1538 2248 1687 2283 μονογενὴς
1698 2247 1747 2274 τοῦ
1759 2247 1830 2274 Θεοῦ

1031 2294 1129 2328 Λόγος,
1152 2293 1200 2320 καὶ⁹
1223 2293 1253 2327 ἐξ
1272 2294 1376 2328 ἀγαθοῦ
1392 2294 1500 2330 Πατρὺς
1523 2294 1625 2328 ἀγαθὸς
1645 2293 1719 2320 κατὰ
1734 2294 1830 2328 φύσιν,

1033 2339 1166 2374 μετέσχεν
1177 2340 1295 2374 αἵματος
1309 2340 1357 2366 καὶ
1370 2340 1480 2376 σαρκὸς,
1505 2340 1638 2372 τουτέστι,
1655 2340 1770 2374 γέγονεν
1783 2340 1830 2366 ἄν·

1032 2385 1151 2421 θρωπος,
1165 2387 1230 2421 ἡμῖν
1245 2395 1274 2413 τε
1290 2388 1346 2418 τοῖς
1362 2389 1490 2422 πονηροῖς
1501 2387 1704 2422 παραπλήσιος,
1714 2387 1788 2413 κατά
1798 2395 1829 2420 γε

1031 2432 1062 2459 τὸ
1073 2429 1143 2458 εἶναι
1157 2432 1219 2459 καθ’
1235 2433 1309 2468 ἡμᾶς
1331 2432 1477 2468 ἄνθρωπος
1498 2433 1630 2468 δηλονότι.
1652 2432 1781 2459 Τὲθειται
1802 2433 1830 2459 δὲ

1031 2479 1079 2506 καὶ
1092 2479 1135 2514 ἐφ’
1151 2479 1272 2516 ὑψηλοῦ’
1292 2481 1428 2514 τουτέστι,
1443 2481 1562 2516 σταυρον
1584 2480 1684 2515 ἀνέτλη
1709 2479 1757 2506 τὸν
1782 2481 1830 2506 ἐπὶ

1033 2525 1123 2558 ξύλου,
1138 2527 1186 2554 καὶ
1208 2527 1254 2553 τὸν
1270 2527 1341 2555 κατὰ
1367 2527 1457 2564 σάρκα
1472 2527 1597 2558 θάνατον.
1611 2528 1636 2554 εί
1660 2527 1708 2553 καὶ
1727 2526 1830 2553 ἀνεϐίω

1030 2573 1181 2608 τριήμερος
1193 2593 1201 2604 ,
1215 2573 1245 2600 τὸ
1263 2573 1310 2600 τοῦ
1324 2573 1442 2600 Θανάτου
1460 2574 1586 2609 πατήσας
1611 2573 1726 2608 κράτος.
1741 2573 1831 2599 Ὅταν

1031 2619 1122 2646 τοίνυν
1139 2620 1171 2646 ὲκ
1187 2620 1287 2654 πολλῆς
1302 2620 1372 2655 ἄγαν
1386 2621 1533 2652 ἀσυνεσίας
1543 2640 1550 2652 ,
1571 2621 1621 2654 τῆς
1640 2620 1711 2656 μετά
1726 2620 1830 2656 σαρκὸς

1031 2687 1054 2724 ³³
1074 2688 1190 2724 Philipp.
1207 2697 1238 2721 tt,
1252 2690 1267 2715 7
1317 2691 1340 2706 “
1361 2690 1460 2723 Ephes.
1478 2699 1504 2721 ν,
1519 2690 1547 2716 2.
1587 2688 1608 2705 ³⁷
1632 2690 1724 2724 Epltes
1755 2697 1785 2722 tt,
1801 2687 1827 2715 8-

188 2715 210 2730 "
230 2716 239 2742 l
261 2717 322 2743 Cor.
345 2725 371 2750 ιι,
391 2717 433 2744 ll.
472 2718 494 2734 "
515 2717 595 2746 Num.
613 2727 670 2752 xxi,
689 2722 815 2755 Useqq.;
834 2721 842 2748 l
861 2722 924 2750 Cor.
941 2715 967 2755 it,

1069 2725 1072 2737 ›
1094 2715 1175 2751 Num:
1194 2715 1249 2758 ui,
1269 2725 1296 2759 3,
1315 2725 1342 2753 9.
1361 2715 1508 2753 ’ἶῖιιέιηιζ
1522 2715 1562 2758 ᾖ,
1583 2725 1626 2752 ιι.

819 2798 898 2827 ANT.
920 2799 1058 2829 AGELLII
1079 2801 1183 2830 NOTAE

221 2861 278 2898 (‘25)
291 2861 370 2890 Forte
388 2863 483 2898 μῶμον
496 2871 546 2889 που
