1886 3056
77 114 116 144 169
615 116 797 145 ADVERSUS
817 116 1017 146 NESTORIUM
1035 117 1100 145 LIB.
1121 117 1164 145 lV.

1641 119 1691 147 {70

76 173 219 210 οἰκονομίας
236 176 499 210 καταγογγύζοντες
513 197 519 207 ,
538 176 585 203 καὶ
602 176 631 202 τὸ
644 177 761 208 ἀκαλλὲς
779 177 863 212 αὐτῆς

919 182 1020 212 turpem
1038 178 1109 204 illam
1124 179 1249 211 putantes
1270 175 1454 204 erubescimus
1469 178 1515 202 aut
1531 177 1630 203 sentire
1649 180 1693 203 aut

77 220 270 256 καθορίζοντες,
283 221 485 256 αἰσχυνώμεθα
500 222 607 257 φρονεῖν
622 222 637 256 ἢ
651 221 863 257 λέγειν,ἄνθρω-

79 276 123 293 πον
144 264 269 300 γενέσθαι
289 266 356 293 καθ’
380 268 455 303 ἡμᾶς
473 267 518 293 τὸν
543 267 589 294 τοῦ
611 267 678 293 Θεοῦ
700 267 796 301 Λόγον,
816 268 864 294 καὶ

78 313 203 347 ἑνωθῆναι
226 312 312 348 σαρκὶ
337 314 412 339 κατὰ
441 312 584 348 ἀλήθειαν,
603 313 663 340 τότε
687 315 733 340 mi.
756 313 863 348 δρᾶκων

78 359 146 394 ἡμᾶς
157 359 172 385 ὁ
183 358 339 394 ἁρχέκακος
358 359 514 390 ἀποκτενεῖ,
523 358 572 393 τῆς
588 358 686 385 ἑαυτοῦ
699 359 863 392 δυστροπίας

78 406 114 431 ἱὸν
129 405 226 439 ὥσπερ
237 403 301 431 τινὰ
314 405 377 435 ταῖς
399 404 549 439 ἡμετέραις
563 403 692 435 διανοίαις
713 404 795 435 ἐνιεὶς

77 450 223 485 πλάνησιν*
245 447 450 483 διαφευξόμεθα
476 447 523 480 δὲ,
548 447 595 474 καὶ
622 447 656 473 τὰ
683 447 733 481 τῆς
759 447 862 474 ἐκείνου

78 495 237 531 σκαιότητος
254 493 476 529 διακῳυσόμεθα
491 491 588 528 βλάϐη,
611 493 664 524 τοῖς
688 493 736 528 τῆς
751 492 863 528 καρδίας

76 543 197 577 ὄμμασιν
220 540 370 576 ἐνορῶντες
386 539 426 574 τῷ
439 539 517 572 ὃφει·
534 537 669 570 τουτέστι,
693 538 724 564 τὸ
745 537 863 573 Χριστοῦ

76 588 229 623 μυστήριον
251 586 362 623 ἀκριϐεῖ
384 584 489 620 διανοίᾳ.
515 583 776 619 κατασκεπτόμενοι.
796 583 863 609 Τότε

74 635 138 669 γὰρ,
153 634 218 660 τότε
233 633 396 668 φρονοῦντες
406 631 485 667 ὀρθὰ,
498 630 692 661 ἀνενδοιάστως
703 629 864 664 ὁμολογήσο-

75 689 125 715 μεν
134 680 178 706 ὅτι
195 679 291 713 γέγονε
308 678 377 713 σὰρξ
390 679 405 704 ὁ
419 676 466 703 τοῦ
480 676 547 703 Θεοῦ
558 675 654 709 Λόγος,
666 675 714 701 καὶ
723 674 860 710 προῆλθεν

74 727 105 752 ὲκ
124 724 260 759 γυναικὸς
275 723 345 759 μετὰ
357 722 405 749 τοῦ
423 724 512 758 μεῖναι
524 721 600 754 Θεὸς,
615 722 662 748 καὶ
672 721 744 747 ἐστιν
755 722 769 747 ὁ
784 720 865 752 αὐτὸς

72 771 141 803 θεός
155 779 186 798 τε
206 770 275 805 ὁμοῦ
299 770 346 796 καὶ
361 769 502 804 ἄνθρωπος
513 776 519 783 ·
545 767 607 794 οὔτε
621 768 675 798 τοῖς
691 767 741 802 τῆς
758 766 863 801 ἀνθρω-

75 817 194 851 ﬁlim-ro;
214 815 327 851 μέτροις
339 814 510 850 ὲπερυθριῶν
533 814 577 841 διά
595 822 624 840 τε
642 813 700 849 [ῖσ.
718 812 763 839 διά
775 812 817 848 γε]
835 812 866 838 τὺ

914 223 1005 251 dicere
1023 224 1107 258 ipsum
1125 223 1170 250 Dei
1183 221 1300 249 Verbum
1321 221 1421 249 factum
1437 228 1498 249 esse
1517 221 1601 248 nostri
1620 222 1695 248 simi-

914 268 966 295 lem
982 267 1130 299 hominem,
1147 271 1174 294 et
1198 267 1273 294 carui
1301 265 1446 293 secundum
1475 265 1617 292 veritatem
1635 265 1695 292 tini-

915 318 982 344 tum.
1006 319 1061 340 tum
1083 312 1197 348 denique
1219 313 1299 339 draco
1321 311 1364 339 ille
1391 311 1521 339 malorum
1545 312 1621 346 origo
1646 317 1695 337 nos

914 358 1029 389 occidet,
1046 358 1073 385 in
1099 361 1207 385 nostros
1224 357 1329 384 animos
1352 355 1527 391 malignitatis
1541 362 1596 383 sua:
1616 355 1695 382 sedu-

914 403 1031 431 ctionem
1047 402 1123 436 quasi
1139 409 1271 430 venenum
1292 401 1455 434 infundens;
1469 400 1629 436 eti‘ugiemus
1647 406 1696 426 au-

916 453 980 481 tem,
1009 452 1037 475 et
1062 447 1163 475 illatam
1191 447 1225 474 ab
1253 446 1324 474 illius
1344 446 1523 481 perversitate
1549 446 1693 480 perniciem

915 493 1082 525 amoliemur.
1101 493 1123 520 si
1138 492 1227 520 cordis
1241 492 1333 520 oculos
1350 493 1376 518 in
1400 497 1552 527 serpentem
1572 490 1695 525 coniece-

916 541 1009 572 l'illlllS,
1027 540 1078 567 hoc
1092 544 1142 571 est,
1152 540 1174 567 si
1185 538 1285 566 Christi
1298 538 1454 573 mysterium
1471 537 1592 574 diligenti
1606 538 1694 565 anim-

915 587 1072 614 adversione
1091 586 1370 619 eonsideraverimus.,
1384 584 1452 611 Tum
1474 584 1590 618 denique
1620 589 1695 611 recte

915 634 1065 662 sentientes
1094 632 1166 660 omni
1194 633 1363 659 dubitatione
1389 635 1492 658 remota
1509 630 1695 658 conﬁtebimur

915 679 1002 714 ipsum
1024 677 1068 705 Dei
1087 677 1203 704 Verbum
1224 677 1323 704 factum
1339 683 1400 704 esse
1418 683 1540 708 carnem,
1556 678 1583 702 et
1604 675 1639 702 ita
1661 682 1694 702 ex

915 724 1026 751 muliere
1047 723 1190 758 prodiisse,
1205 727 1234 749 ut
1263 727 1386 749 maneret
1414 721 1495 753 Deus,
1517 720 1695 755 eamdemque

915 768 1000 796 Deum
1015 768 1094 795 simul
1107 772 1134 795 et
1150 768 1287 795 hominem
1302 774 1373 800 esse,
1387 774 1474 801 neque
1491 767 1524 793 de
1540 766 1694 794 humanita-

917 814 950 841 tis
966 814 1100 841 mensuris
1116 814 1320 841 erubescentem
1339 817 1447 847 propter
1468 811 1634 839 excellentia:
1656 811 1695 840 di~

75 864 123 899 τῆς
148 863 287 899 ὑπεροχῆς
311 862 434 898 ἀξίωμα·
458 862 520 888 οὔτε
544 862 597 897 μὴν
619 861 669 896 τῆς
696 860 864 896 θεοπρεποῦς

919 861 1055 895 gnitatem,
1072 866 1158 894 neque
1173 866 1266 886 rursus
1287 859 1386 886 divinze
1409 858 1480 885 illius
1505 858 1648 893 potestatis
1668 864 1695 885 et

74 909 214 943 ἐξουσίας,
240 909 287 936 καὶ
309 908 465 944 ὑπερτάτης
480 907 604 939 εὐκλείας
626 907 804 943 ἐστερημένος
820 906 864 933 διὰ

74 958 105 983 τὸ
122 955 305 990 ἀνθρώπινον.
329 955 362 982 Ol
385 954 414 981 δὲ
438 954 469 989 δὴ
490 954 525 980 τὰ
549 953 637 980 τοιάδε
662 951 810 988 διακρίνειν
833 948 863 978 εὖ

76 1002 151 1038 μάλα
171 1000 379 1037 κατηθισμένοι,
393 1000 427 1026 δι’
438 1000 539 1035 ἀμφοῖν
563 999 609 1025 τὸν
630 998 689 1030 ἕνα,
703 997 750 1024 καὶ
772 996 801 1023 τὸ
820 997 863 1023 ἐπ’

76 1048 152 1084 αὑτῷ
171 1048 321 1083 μυστήριον
338 1046 436 1081 ἰσχνῶς
453 1046 499 1072 καὶ
511 1043 701 1080 ὲξητασμένως
717 1043 862 1074 συνιέντες,

77 1095 218 1128 λέγουσιν·
238 1102 248 1118 ι
266 1093 298 1119 Ὤ
313 1092 395 1127 βάθος
418 1090 533 1117 πλούτου
551 1089 597 1116 καὶ
612 1089 708 1124 σοφίας
732 1088 779 1115 καὶ
796 1088 864 1122 γνὼ-

78 1149 146 1171 σεως
160 1139 241 1172 Θεοῦ,
256 1138 295 1170 ὡς
308 1137 507 1173 άνεξερεύνητα
521 1135 556 1162 τὰ
568 1134 689 1171 κρίματα
705 1133 798 1166 αὑτοῦ,
818 1133 866 1160 καὶ

77 1185 281 1220 ἀνεξιχνίαστοι
292 1185 322 1211 αἱ
334 1183 389 1210 ὁδοὶ
403 1182 497 1209 αὑτοῦ.
516 1181 564 1212 Τίς
579 1180 632 1216 γὰρ
646 1180 716 1214 ἔγνω
733 1179 796 1206 νοῦν
806 1180 865 1206 Κυ-

78 1231 153 1265 piou;
171 1239 181 1256 ι
207 1229 277 1256 Ἀλλ’
303 1229 354 1255 οὐκ
375 1225 424 1255 οἷδ’
448 1228 521 1258 ὅπως
544 1226 582 1258 ὡς
606 1225 740 1260 ἀνέφικτα
764 1233 794 1251 τε
819 1224 866 1251 καί¹

78 1276 184 1311 ἀκαλλῆ
202 1276 284 1303 ταυτὶ
307 1273 485 1309 διωθούμενος
496 1293 503 1306 ,
520 1273 571 1308 τῆς
586 1271 632 1299 τοῦ
646 1271 770 1306 Σωτῆρος
788 1270 866 1306 ἡμῶν

77 1323 206 1354 εὐκλείας
217 1323 266 1349 καὶ
282 1321 432 1356 ὑπεροχῆς,
447 1320 477 1346 οὐ
495 1318 612 1354 μετρίως
625 1317 717 1344 οὑτοσὶ
730 1316 867 1343 ποιεῖσθαι

79 1369 239 1404 κατατολμᾷ
259 1367 309 1403 τὴν
331 1367 498 1402 κατάρρυσιν
515 1365 578 1401 [ian
595 1362 783 1400 κατάῤῥησιν]
794 1371 800 1378 ·
819 1362 866 1390 καὶ

78 1417 178 1452 μέτρον
198 1415 296 1449 ὥσπερ
322 1412 396 1448 αὖτῷ
418 1412 449 1439 τὸ
471 1412 530 1439 καθ’
554 1411 627 1447 ἡμᾶς
648 1409 801 1445 ἀπονέμων,
820 1408 867 1436 καὶ

77 1463 169 1498 ἕτερον
180 1461 270 1492 οὐδὲν,
284 1458 442 1492 δεδοξάσθαι
457 1458 538 1493 φησὶν
548 1456 628 1483 αὑτὸν
642 1455 717 1491 παρὰ
732 1454 777 1481 τοῦ
790 1454 865 1489 ἁγίου

77 1507 250 1543 Πνεὺματος,
273 1506 322 1540 οὐχ
341 1505 380 1537 ὡς
406 1504 459 1540 ἰδίᾳ
484 1503 595 1539 δυνάμει
616 1500 865 1552 χρώμενον,-τῇ“δι’
880 1522 902 1552 c

76 1554 172 1585 αὑτοῦ,
188 1553 237 1580 καὶ
254 1551 374 1586 πληροῦν
387 1550 422 1577 τὰ
434 1550 483 1585 τῆς
500 1547 673 1584 θεοσημείας,
696 1546 753 1574 ἀλλ’
768 1546 866 1579 ἔξωθεν

77 1600 125 1627 καὶ
140 1597 360 1633 είσκεκριμένως
377 1596 566 1630 κερδαίνοντα,
577 1594 608 1620 τὸ
622 1593 771 1629 κατορθοῦν
786 1592 867 1619 δύνα-

78 1645 140 1673 σθαί
158 1653 188 1671 τι
207 1643 264 1670 τῶν
288 1641 534 1677 τεθαυμασμένων·
556 1641 600 1667 ἵνα
615 1640 648 1676 δὴ
665 1640 786 1674 φαίνοιτο
807 1639 868 1665 καθ“

76 1692 151 1726 ἡμᾶς
173 1690 299 1725 ἰαμάτων
314 1697 366 1714 που
381 1688 451 1722 τάχα
472 1686 595 1722 χάρισμα
618 1685 718 1718 λαϐὼν,
739 1686 822 1720 φάναι
838 1693 867 1711 τε

77 1736 205 1771 ὀφείλων,
229 1734 301 1761 κατά
326 1733 371 1759 τὸν
398 1732 531 1768 μακάριον
551 1731 670 1758 Παῦλον·
693 1739 704 1756 ι
721 1731 819 1765 Χάριτι
839 1729 869 1755 δὲ

77 1781 146 1807 Θεοῦ
161 1781 223 1816 είμι
239 1780 334 1814 ὅείμι.
353 1788 362 1804 ι
381 1775 428 1809 Οἷς
440 1777 494 1812 γὰρ
510 1776 627 1803 ἐπακτὸν
644 1776 690 1802 καὶ
708 1774 823 1810 θύραθεν
838 1775 868 1800 τὸ

78 1825 149 1854 εἷναί
170 1835 199 1853 τι
215 1826 264 1852 καὶ
282 1824 413 1851 δύνασθαι
427 1822 586 1858 κατορθοῦν,
602 1820 675 1849 οὗτοι
691 1823 769 1856 φαῖεν
786 1821 820 1847 ἃν
834 1821 869 1846 εί-

80 1874 168 1905 κότως
176 1872 225 1898 καὶ
239 1871 290 1907 τὴν
298 1870 403 1897 τοιάνδε
418 1870 520 1905 φωνήν.
539 1868 629 1901 Δεῐξαι
648 1868 711 1903 γὰρ,
725 1867 762 1898 ὡς
771 1867 869 1898 οἴεται,

81 1918 225 1954 βουληθεὶς
246 1916 375 1951 ίσουργὸν
390 1916 429 1947 είς
452 1915 560 1943 ἅπαντα
586 1914 635 1950 τὴν
650 1913 731 1947 ἁγίαν
752 1912 866 1948 Τριάδα,

81 1965 163 1991 πάλιν
179 1960 233 1990 ὧδέ
250 1971 342 1997 φησιν·

116 2009 127 2045 [
141 2009 172 2036 '0
184 2008 252 2040 Θεὸς
274 2007 361 2042 Λόγος
382 2007 489 2040 ἐγένετο
515 2004 592 2040 σὰρξ,
611 2003 659 2030 καὶ
670 2003 823 2038 ἐσκήνωσεν
839 2002 868 2028 ὲν

79 2056 160 2091 ἡμῖν.
176 2053 358 2081 Συνεκάθισεν
369 2051 457 2087 ἐαυτῷ
467 2051 515 2087 τὴν
530 2049 731 2085 ἀναληφθεῖσαν
745 2050 759 2075 ὁ
773 2047 869 2083 Πατὴρ

80 2103 292 2137 ἀνθωπότητα.
309 2110 318 2126 ι
339 2098 405 2127 Eine
419 2100 482 2134 γὰρ,
503 2098 595 2133 φησὶν,
610 2098 624 2123 ὸ
641 2096 741 2132 Κύριος
760 2095 798 2130 τῷ
811 2095 868 2121 Κυ-

80 2148 133 2184 ρίῳ
146 2155 208 2182 μου·
216 2146 309 2174 Κάθου
320 2146 353 2171 ὲκ
359 2143 454 2176 δεξιῶν
464 2152 524 2179 μου.
537 2152 546 2168 ι
557 2141 663 2176 Τὴντοῦ
670 2139 869 2176 ἀναληφθέντος

915 912 1025 932 summae
1041 905 1132 940 gloria:
1146 910 1284 939 expertem
1302 908 1410 939 propter
1425 903 1629 931 humanitatem.
1643 903 1695 937 Qui

916 951 996 986 igitur
1009 949 1140 984 eiusmodi
1154 959 1196 978 res
1207 951 1290 986 probe
1309 950 1466 978 discernere
1484 955 1694 982 consueverunt,

915 1000 945 1023 ut
956 1003 1004 1031 per
1019 1001 1162 1031 ntrmnque
1176 1003 1269 1029 unum,
1286 1001 1312 1023 et
1329 995 1388 1029 ejus
1411 996 1567 1030 mysterium
1591 995 1696 1023 subtili-

917 1045 957 1068 ter
969 1046 997 1068 et
1011 1044 1137 1068 accurate
1153 1041 1316 1075 intelligant,
1331 1040 1423 1068 dicunt
1438 1049 1445 1067 :
1466 1049 1476 1066 ι
1494 1039 1516 1067 0
1530 1039 1644 1067 altitudo
1655 1040 1696 1067 di-

915 1085 1039 1113 vitiarum
1052 1091 1079 1113 et
1091 1086 1228 1121 sapientia:
1242 1091 1270 1113 et
1283 1085 1401 1114 scientia:
1414 1085 1461 1113 Dei
1475 1093 1483 1112 :
1499 1093 1580 1121 quam
1595 1085 1697 1113 incom-

915 1131 1105 1166 prehensibilia
1136 1137 1198 1159 sunt
1219 1131 1321 1167 judicia
1346 1131 1416 1166 ejus,
1442 1136 1470 1159 et
1496 1130 1696 1165 investigabiles

916 1177 965 1204 via:
979 1177 1052 1212 eius!
1072 1177 1137 1211 Quis
1152 1178 1224 1205 enim
1241 1178 1366 1212 cognovit
1380 1185 1489 1206 sensum
1512 1176 1664 1205 Domini“?
1685 1187 1694 1203 I

916 1223 969 1251 Sed
983 1224 1071 1251 nescio
1085 1231 1137 1258 qua
1150 1224 1184 1251 de
1195 1231 1276 1251 causa
1289 1224 1340 1251 iste
1354 1224 1434 1251 homo
1450 1223 1490 1251 his
1507 1224 1604 1256 rebus,
1620 1223 1697 1258 quasi

916 1270 1095 1306 impossibiles
1106 1270 1193 1298 sintet
1201 1269 1335 1304 absurdae,
1345 1270 1461 1305 rejectis,
1475 1271 1590 1304 superbe
1600 1269 1699 1298 audeat

917 1317 1065 1344 Salvatoris
1077 1316 1162 1344 nostri
1180 1316 1273 1352 gloria
1288 1321 1315 1344 et
1326 1316 1491 1343 excellentiae
1503 1316 1658 1347 detrahere,
1669 1320 1698 1342 et

917 1370 1070 1390 mensuram
1088 1362 1125 1389 illi
1144 1366 1265 1389 nostram
1281 1361 1412 1395 tribuens,
1429 1365 1456 1388 et
1470 1365 1600 1396 praeterea
1618 1360 1697 1393 nihil,

916 1407 1094 1442 glorillcalutn
1107 1413 1169 1434 eum
1182 1406 1279 1434 dicata
1295 1405 1396 1442 Spiritu
1408 1411 1513 1439 sancto,
1527 1406 1586 1442 ejus
1600 1406 1698 1434 virtute.

916 1461 969 1481 non
985 1458 1013 1480 ut
1028 1454 1135 1488 propria
1148 1457 1277 1486 utentem,
1295 1457 1322 1480 et
1338 1452 1428 1481 divina
1447 1452 1523 1487 signa
1536 1452 1635 1485 iacere,
1650 1453 1697 1480 sed

917 1500 949 1527 ad
979 1500 1107 1526 miracula
1137 1499 1251 1532 edenda,
1277 1499 1429 1526 extrinseca
1448 1504 1476 1526 et
1498 1499 1646 1526 adventitia
1669 1499 1697 1525 vi

918 1544 1071 1580 praeditum,
1088 1550 1117 1571 ut
1136 1544 1190 1579 jam
1205 1544 1329 1572 videatur
1344 1548 1437 1572 nostro
1451 1543 1504 1579 97
1525 1550 1599 1571 more
1615 1550 1697 1571 cura-

919 1591 1019 1618 tionum
1033 1589 1147 1624 gratiam
1168 1589 1318 1624 accepisse,
1338 1593 1440 1616 etcum
1457 1589 1535 1616 beato
1556 1587 1640 1616 Paulo
1657 1588 1697 1615 di-

917 1643 980 1664 cere
994 1636 1092 1663 debere
1104 1644 1111 1662 ;
1123 1645 1132 1661 ι
1143 1634 1234 1662 Gratia
1253 1635 1298 1662 Dei
1310 1642 1369 1662 sum
1387 1634 1413 1662 id
1429 1634 1501 1669 quod
1519 1642 1579 1662 sum
1595 1633 1663 1661 “-“.
1686 1643 1695 1659 ι

917 1681 1019 1714 Quibus
1041 1680 1115 1708 enim
1132 1679 1308 1707 adventitium
1324 1683 1409 1707 estet
1432 1679 1508 1714 quasi
1530 1679 1698 1707 extrinsecus

917 1725 1084 1760 impertitum
1098 1730 1127 1752 ut
1141 1725 1240 1759 aliquid
1260 1725 1325 1758 sint,
1347 1731 1379 1752 ac
1395 1725 1524 1760 perlicere
1543 1724 1660 1759 possint,
1679 1725 1699 1752 ii

919 1772 1014 1799 merito
1034 1772 1102 1799 hanc
1113 1779 1206 1799 vocem
1222 1772 1347 1799 emittere
1362 1775 1496 1806 poterunt.
1513 1771 1612 1799 Valens
1623 1770 1696 1798 enim

918 1818 1071 1849 ostendere.
1086 1821 1115 1844 ut
1128 1822 1215 1851 putat,
1238 1817 1272 1844 ad
1292 1817 1382 1844 omnia
1405 1816 1478 1850 paris
1501 1822 1562 1844 esse
1574 1815 1700 1844 eliicaciz

918 1867 1039 1890 sanctam
1066 1861 1224 1889 Trinitatem
1239 1881 1247 1895 ,
1263 1868 1359 1889 rursus
1377 1861 1404 1888 in
1430 1862 1500 1889 hunc
1527 1861 1635 1888 modum
1659 1860 1700 1889 di-

918 1915 972 1936 CII:

954 1998 1071 2026 Nesron.
1089 1997 1172 2034 [Deus
1187 1997 1301 2025 Verbum
1327 1997 1426 2024 factum
1450 2000 1492 2024 est
1512 2003 1586 2028 caro,
1601 1999 1630 2023 et
1651 1997 1701 2024 ha-

920 2045 1015 2073 bitavit
1033 2045 1058 2072 in
1074 2044 1152 2071 nobis
1161 2043 1195 2070 ⁸⁵.
1210 2043 1307 2071 Secum
1322 2043 1464 2070 considere
1478 2041 1542 2069 fecit
1562 2042 1641 2069 Pater
1654 2050 1698 2069 as-

920 2095 1054 2125 sumptam
1070 2089 1264 2116 humanitatem
1280 2096 1287 2114 :
1306 2098 1315 2113 ι
1335 2088 1406 2115 Dixit
1422 2088 1492 2115 enim
1504 2107 1512 2120 ,
1527 2087 1633 2122 inquit,
1649 2087 1699 2114 Dm

921 2136 1010 2163 minus
1023 2133 1136 2162 Domino
1149 2141 1211 2161 meo
1225 2145 1230 2160 :
1249 2133 1318 2160 Sede
1335 2140 1349 2160 a
1364 2133 1467 2160 dextris
1480 2133 1547 2160 meis
1558 2132 1591 2160 ⁸⁸.
1609 2141 1619 2158 ι
1635 2131 1700 2160 Glo-

80 2177 252 2228 τὺΙΙλνεῦμα
276 2190 412 2218 κατελθὼν
440 2177 619 2224 σῦνεκρὸτησε
645 2186 734 2218 δόξαν.
759 2195 768 2211 ι
787 2186 867 2212 Ὅταν

922 2182 989 2209 riam
1015 2180 1145 2215 assumpti
1173 2179 1291 2213 Spiritus
1317 2178 1483 2205 descendens
1514 2177 1700 2211 comparavit:

81 2240 149 2274 γὰρ,
167 2239 261 2273 φησιν,
278 2237 342 2272 ἔλθῃ
362 2236 393 2262 τὺ
411 2235 522 2270 Πνεῦμα
542 2234 591 2269 τῆς
608 2232 747 2269 ἀληθείας,
766 2232 867 2262 ἐκεῖνος

82 2286 134 2320 ἐμὲ
146 2284 265 2317 δοξάσει.
284 2292 294 2309 ι
314 2282 407 2309 Βούλει
426 2282 472 2308 καὶ
490 2280 573 2316 ἄλλην
585 2280 633 2306 ἐπὶ
655 2278 761 2310 τούτοις
777 2277 867 2308 αὐτοῖς

82 2331 130 2366 τῆς
144 2329 259 2365 Τριάδος
275 2329 433 2365 ὲνέργειανς
447 2326 597 2362 Ἐνῲκησεν
612 2326 627 2352 ὀ
639 2325 701 2356 Υἱὸς
716 2326 744 2351 ἐν
761 2323 801 2359 τῷ
814 2322 867 2349 σώ-

83 2385 151 2411 ματι
161 2384 168 2391 ·
187 2376 350 2410 συνέστησεν
363 2375 377 2401 ὁ
391 2372 485 2408 Πατὴρ
499 2371 693 2408 βαπτιζόμενον
703 2379 709 2385 ⁸
726 2369 868 2396 διέπλασεν

82 2423 112 2448 ἐν
122 2421 254 2456 Παρθένῳ
262 2421 293 2447 τὸ
304 2418 441 2455 Πνεῦμα.]
456 2416 528 2446 Εἶτα
538 2417 633 2444 πάλιν
642 2416 717 2451 φησι
729 2414 794 2448 περὶ
805 2413 864 2441 τῶν

84 2468 176 2502 ἁγίων·
192 2466 371 2494 ἀποστόλων
381 2473 389 2481 ο
404 2464 450 2501 ['0
460 2465 524 2496 Υἱὸς
534 2462 684 2496 ἐξελέξατο.
697 2472 705 2488 ι
717 2461 787 2495 Ἐγὼ
800 2460 865 2496 γὰρ,

85 2513 180 2548 φησιν,
188 2514 259 2548 ὑμᾶς
267 2511 447 2547 ἐξελεξάμην.
463 2521 473 2537 ι
489 2512 518 2537 '0
526 2510 620 2545 Πατὴρ
628 2509 662 2544 ἠγ
667 2509 725 2536 ίασε
735 2517 742 2523 ·
754 2517 764 2533 ι
776 2508 867 2543 Πάτερ

87 2560 151 2594 τὰρ,
167 2560 258 2594 φησὶν,
277 2558 393 2593 ἁγίασον
410 2557 508 2588 αὐτοὺς
521 2557 550 2583 ἐν
564 2557 598 2591 τῇ
613 2554 726 2590 ἀληθείᾳ
736 2562 792 2580 σου.
807 2563 815 2578 ι
833 2553 870 2579 Τὸ

89 2603 196 2640 Πνεῦμα
212 2603 400 2631 κατεσκεύασε
417 2599 558 2638 ῥήτορας]

385 2658 510 2685 ΚΕΦΑΛ.
531 2657 571 2684 A'.

118 2717 175 2744 Ὅτι
191 2717 242 2752 μὲν
252 2713 302 2743 οὖν
312 2714 416 2750 ama;
427 2722 457 2740 τε
471 2713 519 2740 καὶ
529 2711 652 2747 ἀτερπὴς
666 2711 681 2737 ὁ
698 2709 807 2745 σύμπας
820 2709 869 2735 αὺ-

924 2239 933 2254 ι
949 2228 1016 2256 Cum
1031 2226 1146 2259 venerit,
1166 2225 1262 2260 inquit,
1287 2223 1402 2258 Spiritus
1425 2223 1558 2254 veritatis,
1587 2219 1631 2249 ille
1658 2230 1702 2249 me

921 2272 1125 2309 gloriﬁcabit".
1145 2281 1156 2298 ι
1174 2271 1256 2298 Visne
1278 2269 1361 2297 etiam
1377 2268 1456 2295 aliam
1474 2268 1507 2295 ad
1519 2268 1575 2295 haec
1592 2268 1701 2302 adjicia-

923 2327 982 2348 mus
993 2318 1135 2346 Trinitatis
1149 2315 1338 2345 eﬂicientiam?
1349 2313 1485 2341 Habitavit
1498 2313 1582 2341 Filius
1598 2314 1624 2340 in
1639 2321 1701 2341 eor-

922 2371 1007 2400 pore:
1025 2362 1223 2392 commendavit
1245 2360 1407 2395 baptizatum
1429 2358 1527 2392 Pater;
1550 2357 1703 2385 eﬂ‘ormavit

922 2418 982 2438 eum
997 2410 1023 2438 in
1040 2408 1147 2444 Virgine
1163 2405 1303 2442 Spiritus.]
1317 2404 1414 2432 Deinde
1431 2411 1522 2430 rursus
1539 2404 1577 2430 ait
1591 2403 1623 2431 de
1638 2411 1700 2431 san-

920 2457 969 2484 clis
983 2455 1127 2491 apustolis:
1143 2452 1239 2490 [Filius
1255 2451 1358 2486 elegit:
1376 2459 1386 2476 ι
1405 2450 1460 2485 Ego
1483 2449 1574 2481 enim,
1595 2450 1700 2485 inquit,

921 2502 989 2537 elegi
999 2504 1046 2528 vos
1056 2500 1079 2516 ⁸⁸
1088 2518 1097 2526 .
1109 2509 1118 2525 ι
1132 2497 1211 2525 Pater
1222 2495 1414 2524 sanctillcavit:
1425 2493 1703 2528 «Pater,inquit,san-

922 2548 1012 2575 ctiliea
1028 2553 1076 2574 eos
1088 2545 1115 2572 in
1131 2545 1243 2572 veritate
1256 2547 1299 2570 tua
1315 2541 1349 2570 λ’.
1367 2551 1377 2567 ι
1399 2540 1517 2576 Spiritus
1536 2539 1625 2567 ell‘eeit
1642 2549 1704 2568 ora-

923 2599 1005 2622 tores.
1015 2591 1026 2628 ]

1253 2642 1330 2671 CAP.
1351 2642 1372 2670 1.

959 2705 1055 2733 Totum
1085 2702 1193 2738 quidem
1224 2705 1376 2728 sermonem
1395 2698 1430 2727 ab
1455 2705 1490 2727 eo
1513 2697 1652 2729 habitum,
1675 2700 1702 2722 et

115 2796 136 2812 “
154 2795 234 2823 Rom.
250 2801 290 2824 xl,
305 2793 352 2820 55.
393 2791 452 2808 ⁸³³⁸*
470 2791 480 2818 l
499 2791 562 2818 Cor.
583 2798 628 2822 xv,
645 2789 685 2816 Ιθ.
725 2789 748 2804 ⁸⁵
766 2787 842 2816 Joan.
865 2795 867 2813 ι

919 2785 942 2813 ι,
981 2783 1004 2800 ⁸⁸
1024 2781 1092 2809 l'sal.
1111 2788 1164 2812 cut,
1179 2781 1204 2807 l.
1243 2777 1264 2796 "
1284 2777 1360 2806 Joan.
1378 2773 1546 2810 “1,13,”.
1585 2774 1607 2789 ⁸⁸
1625 2772 1702 2800 Joan.

97 2839 135 2863 xv,
151 2832 192 2858 lti.
230 2831 253 2846 δ’
271 2830 355 2856 Joan.
373 2835 441 2858 xvii,
456 2826 500 2852 l7.

195 2878 339 2908 Pnnot.
364 2873 426 2904 Gs.
446 2871 583 2902 LXXVI.

1491 2852 1508 2883 li
