  <div class='ocr_page' id='page_1' title='image "/cluster/home/n/w/nwhite01/storage/ocr_20150623/76/njp.32101007590019/103.png"; bbox 0 0 1886 3056; ppageno 0'>
   <div class='ocr_carea' id='block_1_1' title="bbox 177 139 228 169">
    <p class='ocr_par' dir='ltr' id='par_1_1' title="bbox 177 139 228 169">
     <span class='ocr_line' id='line_1_1' title="bbox 177 139 228 169; baseline -0.02 0"><span class='ocrx_word' id='word_1_1' title='bbox 177 139 228 169; x_wconf 77' lang='lat' dir='ltr'><strong>Hi</strong></span> 
     </span>
    </p>
   </div>
   <div class='ocr_carea' id='block_1_2' title="bbox 691 127 1316 164">
    <p class='ocr_par' dir='ltr' id='par_1_2' title="bbox 691 127 1316 164">
     <span class='ocr_line' id='line_1_2' title="bbox 691 127 1316 164; baseline -0.014 0"><span class='ocrx_word' id='word_1_2' title='bbox 691 135 720 164; x_wconf 75' lang='grc' dir='ltr'><strong>Ξ.</strong></span> <span class='ocrx_word' id='word_1_3' title='bbox 741 134 880 163; x_wconf 73' lang='lat' dir='ltr'><strong>CVRILLI</strong></span> <span class='ocrx_word' id='word_1_4' title='bbox 901 130 1137 160; x_wconf 74' lang='lat' dir='ltr'><strong>ALEXANDRIN!</strong></span> <span class='ocrx_word' id='word_1_5' title='bbox 1158 127 1316 156; x_wconf 73' lang='lat' dir='ltr'><strong>ARCIHEP.</strong></span> 
     </span>
    </p>
   </div>
   <div class='ocr_carea' id='block_1_3' title="bbox 1749 124 1808 153">
    <p class='ocr_par' dir='ltr' id='par_1_3' title="bbox 1749 124 1808 153">
     <span class='ocr_line' id='line_1_3' title="bbox 1749 124 1808 153; baseline -0.017 0"><span class='ocrx_word' id='word_1_6' title='bbox 1749 124 1808 153; x_wconf 73' lang='grc'><strong>172</strong></span> 
     </span>
    </p>
   </div>
   <div class='ocr_carea' id='block_1_4' title="bbox 178 182 922 235">
    <p class='ocr_par' dir='ltr' id='par_1_4' title="bbox 178 196 922 235">
     <span class='ocr_line' id='line_1_4' title="bbox 178 196 922 235; baseline -0.008 -7"><span class='ocrx_word' id='word_1_7' title='bbox 178 199 333 235; x_wconf 88' lang='lat' dir='ltr'><strong>imperitum</strong></span> <span class='ocrx_word' id='word_1_8' title='bbox 347 207 407 227; x_wconf 86' lang='lat' dir='ltr'><strong>esse</strong></span> <span class='ocrx_word' id='word_1_9' title='bbox 433 203 460 227; x_wconf 89' lang='lat' dir='ltr'><strong>et</strong></span> <span class='ocrx_word' id='word_1_10' title='bbox 480 198 644 231; x_wconf 88' lang='lat' dir='ltr'><strong>molestum,</strong></span> <span class='ocrx_word' id='word_1_11' title='bbox 671 196 828 225; x_wconf 80' lang='lat' dir='ltr'><strong>laciilimum</strong></span> <span class='ocrx_word' id='word_1_12' title='bbox 851 199 892 223; x_wconf 80' lang='lat' dir='ltr'><strong>est</strong></span> <span class='ocrx_word' id='word_1_13' title='bbox 914 203 922 223; x_wconf 84' lang='lat'><strong>(</strong></span> 
     </span>
    </p>
   </div>
   <div class='ocr_carea' id='block_1_5' title="bbox 1061 182 1805 235">
    <p class='ocr_par' dir='ltr' id='par_1_5' title="bbox 1066 182 1805 235">
     <span class='ocr_line' id='line_1_5' title="bbox 1066 182 1805 235; baseline -0.011 -16"><span class='ocrx_word' id='word_1_14' title='bbox 1066 188 1215 227; x_wconf 70' lang='grc' dir='ltr'>πεποίηται</span> <span class='ocrx_word' id='word_1_15' title='bbox 1226 190 1315 225; x_wconf 71' lang='grc' dir='ltr'>λόγος,</span> <span class='ocrx_word' id='word_1_16' title='bbox 1331 187 1487 220; x_wconf 75' lang='grc' dir='ltr'>καταδεῖξαι</span> <span class='ocrx_word' id='word_1_17' title='bbox 1507 183 1582 222; x_wconf 77' lang='grc' dir='ltr'>ρᾷον·</span> <span class='ocrx_word' id='word_1_18' title='bbox 1602 182 1757 235; x_wconf 47' lang='lat' dir='ltr'><strong>Rapa-atq!“</strong></span> <span class='ocrx_word' id='word_1_19' title='bbox 1773 183 1805 211; x_wconf 82' lang='grc' dir='ltr'>δὲ</span> 
     </span>
    </p>
   </div>
   <div class='ocr_carea' id='block_1_6' title="bbox 178 242 959 278">
    <p class='ocr_par' dir='ltr' id='par_1_6' title="bbox 178 242 959 278">
     <span class='ocr_line' id='line_1_6' title="bbox 178 242 959 278; baseline -0.008 -5"><span class='ocrx_word' id='word_1_20' title='bbox 178 246 314 273; x_wconf 89' lang='lat' dir='ltr'><strong>tendere:</strong></span> <span class='ocrx_word' id='word_1_21' title='bbox 336 245 384 273; x_wconf 89' lang='lat' dir='ltr'><strong>sed</strong></span> <span class='ocrx_word' id='word_1_22' title='bbox 397 245 425 272; x_wconf 90' lang='lat' dir='ltr'><strong>in</strong></span> <span class='ocrx_word' id='word_1_23' title='bbox 452 251 485 271; x_wconf 84' lang='lat' dir='ltr'><strong>eo</strong></span> <span class='ocrx_word' id='word_1_24' title='bbox 511 243 645 278; x_wconf 91' lang='lat' dir='ltr'><strong>quomodo</strong></span> <span class='ocrx_word' id='word_1_25' title='bbox 668 243 752 270; x_wconf 87' lang='lat' dir='ltr'><strong>etiam</strong></span> <span class='ocrx_word' id='word_1_26' title='bbox 775 242 892 269; x_wconf 85' lang='lat' dir='ltr'><strong>insaniat</strong></span> <span class='ocrx_word' id='word_1_27' title='bbox 912 249 959 268; x_wconf 77' lang='lat' dir='ltr'><strong>cx-</strong></span> 
     </span>
    </p>
   </div>
   <div class='ocr_carea' id='block_1_7' title="bbox 178 288 959 326">
    <p class='ocr_par' dir='ltr' id='par_1_7' title="bbox 178 288 959 326">
     <span class='ocr_line' id='line_1_7' title="bbox 178 288 959 326; baseline -0.006 -7"><span class='ocrx_word' id='word_1_28' title='bbox 178 299 289 326; x_wconf 87' lang='lat' dir='ltr'><strong>ponam.</strong></span> <span class='ocrx_word' id='word_1_29' title='bbox 307 288 366 319; x_wconf 86' lang='lat' dir='ltr'><strong>Una</strong></span> <span class='ocrx_word' id='word_1_30' title='bbox 378 295 420 319; x_wconf 90' lang='lat' dir='ltr'><strong>est</strong></span> <span class='ocrx_word' id='word_1_31' title='bbox 434 290 506 318; x_wconf 88' lang='lat' dir='ltr'><strong>enim</strong></span> <span class='ocrx_word' id='word_1_32' title='bbox 522 289 672 317; x_wconf 72' lang='lat' dir='ltr'><strong>divinitatis</strong></span> <span class='ocrx_word' id='word_1_33' title='bbox 687 293 795 321; x_wconf 87' lang='lat' dir='ltr'><strong>natura,</strong></span> <span class='ocrx_word' id='word_1_34' title='bbox 813 288 859 315; x_wconf 92' lang='lat' dir='ltr'><strong>scd</strong></span> <span class='ocrx_word' id='word_1_35' title='bbox 872 288 959 314; x_wconf 88' lang='lat' dir='ltr'><strong>subsi-</strong></span> 
     </span>
    </p>
   </div>
   <div class='ocr_carea' id='block_1_8' title="bbox 178 331 960 372">
    <p class='ocr_par' dir='ltr' id='par_1_8' title="bbox 178 331 960 372">
     <span class='ocr_line' id='line_1_8' title="bbox 178 331 960 372; baseline -0.008 -7"><span class='ocrx_word' id='word_1_36' title='bbox 178 337 226 365; x_wconf 80' lang='lat' dir='ltr'><strong>stit</strong></span> <span class='ocrx_word' id='word_1_37' title='bbox 241 337 350 372; x_wconf 86' lang='lat' dir='ltr'><strong>proprie</strong></span> <span class='ocrx_word' id='word_1_38' title='bbox 367 344 398 364; x_wconf 89' lang='lat' dir='ltr'><strong>ac</strong></span> <span class='ocrx_word' id='word_1_39' title='bbox 414 335 586 370; x_wconf 78' lang='lat' dir='ltr'><strong>singulariter</strong></span> <span class='ocrx_word' id='word_1_40' title='bbox 597 334 689 368; x_wconf 86' lang='lat' dir='ltr'><strong>Pater,</strong></span> <span class='ocrx_word' id='word_1_41' title='bbox 700 336 728 361; x_wconf 78' lang='lat' dir='ltr'><strong>et</strong></span> <span class='ocrx_word' id='word_1_42' title='bbox 740 331 837 365; x_wconf 83' lang='lat' dir='ltr'><strong>Filius,</strong></span> <span class='ocrx_word' id='word_1_43' title='bbox 854 333 960 360; x_wconf 89' lang='lat' dir='ltr'><strong>itidem-</strong></span> 
     </span>
    </p>
   </div>
   <div class='ocr_carea' id='block_1_9' title="bbox 179 376 962 418">
    <p class='ocr_par' dir='ltr' id='par_1_9' title="bbox 179 376 962 418">
     <span class='ocr_line' id='line_1_9' title="bbox 179 376 962 418; baseline -0.006 -8"><span class='ocrx_word' id='word_1_44' title='bbox 179 391 232 418; x_wconf 89' lang='lat' dir='ltr'><strong>que</strong></span> <span class='ocrx_word' id='word_1_45' title='bbox 247 380 367 418; x_wconf 79' lang='lat' dir='ltr'><strong>Spiritus</strong></span> <span class='ocrx_word' id='word_1_46' title='bbox 382 391 389 410; x_wconf 87' lang='lat'><strong>:</strong></span> <span class='ocrx_word' id='word_1_47' title='bbox 403 382 556 410; x_wconf 71' lang='lat' dir='ltr'><strong>efﬁciuntur</strong></span> <span class='ocrx_word' id='word_1_48' title='bbox 569 385 660 408; x_wconf 82' lang='lat' dir='ltr'><strong>autem</strong></span> <span class='ocrx_word' id='word_1_49' title='bbox 678 380 770 408; x_wconf 83' lang='lat' dir='ltr'><strong>omnia</strong></span> <span class='ocrx_word' id='word_1_50' title='bbox 784 387 799 407; x_wconf 94' lang='lat' dir='ltr'><strong>a</strong></span> <span class='ocrx_word' id='word_1_51' title='bbox 821 376 915 412; x_wconf 78' lang='lat' dir='ltr'><strong>Patre,</strong></span> <span class='ocrx_word' id='word_1_52' title='bbox 934 383 962 406; x_wconf 90' lang='lat' dir='ltr'><strong>et</strong></span> 
     </span>
    </p>
   </div>
   <div class='ocr_carea' id='block_1_10' title="bbox 179 423 962 463">
    <p class='ocr_par' dir='ltr' id='par_1_10' title="bbox 179 423 962 463">
     <span class='ocr_line' id='line_1_10' title="bbox 179 423 962 463; baseline -0.005 -7"><span class='ocrx_word' id='word_1_53' title='bbox 179 436 228 463; x_wconf 89' lang='lat' dir='ltr'><strong>per</strong></span> <span class='ocrx_word' id='word_1_54' title='bbox 240 428 338 456; x_wconf 81' lang='lat' dir='ltr'><strong>Filium</strong></span> <span class='ocrx_word' id='word_1_55' title='bbox 362 429 389 455; x_wconf 92' lang='lat' dir='ltr'><strong>in</strong></span> <span class='ocrx_word' id='word_1_56' title='bbox 411 427 532 463; x_wconf 82' lang='lat' dir='ltr'><strong>Spiritu;</strong></span> <span class='ocrx_word' id='word_1_57' title='bbox 556 431 584 455; x_wconf 88' lang='lat' dir='ltr'><strong>et</strong></span> <span class='ocrx_word' id='word_1_58' title='bbox 603 427 666 454; x_wconf 89' lang='lat' dir='ltr'><strong>dum</strong></span> <span class='ocrx_word' id='word_1_59' title='bbox 679 424 759 454; x_wconf 87' lang='lat' dir='ltr'><strong>Pater</strong></span> <span class='ocrx_word' id='word_1_60' title='bbox 784 429 908 452; x_wconf 79' lang='lat' dir='ltr'><strong>movetur</strong></span> <span class='ocrx_word' id='word_1_61' title='bbox 927 423 962 452; x_wconf 89' lang='lat' dir='ltr'><strong>ad</strong></span> 
     </span>
    </p>
   </div>
   <div class='ocr_carea' id='block_1_11' title="bbox 179 465 963 508">
    <p class='ocr_par' dir='ltr' id='par_1_11' title="bbox 179 465 963 508">
     <span class='ocr_line' id='line_1_11' title="bbox 179 465 963 508; baseline -0.004 -9"><span class='ocrx_word' id='word_1_62' title='bbox 179 473 518 508; x_wconf 80' lang='lat' dir='ltr'><strong>ellicientiamaliquorum,</strong></span> <span class='ocrx_word' id='word_1_63' title='bbox 529 468 624 506; x_wconf 79' lang='lat' dir='ltr'><strong>procul</strong></span> <span class='ocrx_word' id='word_1_64' title='bbox 640 471 721 499; x_wconf 89' lang='lat' dir='ltr'><strong>dubio</strong></span> <span class='ocrx_word' id='word_1_65' title='bbox 737 469 816 497; x_wconf 81' lang='lat' dir='ltr'><strong>eﬂicit</strong></span> <span class='ocrx_word' id='word_1_66' title='bbox 836 465 921 497; x_wconf 80' lang='lat' dir='ltr'><strong>Filius</strong></span> <span class='ocrx_word' id='word_1_67' title='bbox 935 468 963 496; x_wconf 86' lang='lat' dir='ltr'><strong>in</strong></span> 
     </span>
    </p>
   </div>
   <div class='ocr_carea' id='block_1_12' title="bbox 181 515 963 553">
    <p class='ocr_par' dir='ltr' id='par_1_12' title="bbox 181 515 963 553">
     <span class='ocr_line' id='line_1_12' title="bbox 181 515 963 553; baseline -0.003 -9"><span class='ocrx_word' id='word_1_68' title='bbox 181 518 284 553; x_wconf 87' lang='lat' dir='ltr'><strong>Spiritu</strong></span> <span class='ocrx_word' id='word_1_69' title='bbox 305 527 311 545; x_wconf 90' lang='lat'><strong>:</strong></span> <span class='ocrx_word' id='word_1_70' title='bbox 325 522 353 545; x_wconf 91' lang='lat' dir='ltr'><strong>et</strong></span> <span class='ocrx_word' id='word_1_71' title='bbox 365 517 388 546; x_wconf 84' lang='lat' dir='ltr'><strong>si</strong></span> <span class='ocrx_word' id='word_1_72' title='bbox 402 517 466 553; x_wconf 87' lang='lat' dir='ltr'><strong>quid</strong></span> <span class='ocrx_word' id='word_1_73' title='bbox 479 517 564 546; x_wconf 89' lang='lat' dir='ltr'><strong>Filius</strong></span> <span class='ocrx_word' id='word_1_74' title='bbox 576 517 712 552; x_wconf 87' lang='lat' dir='ltr'><strong>complere</strong></span> <span class='ocrx_word' id='word_1_75' title='bbox 722 516 821 544; x_wconf 89' lang='lat' dir='ltr'><strong>dicitur</strong></span> <span class='ocrx_word' id='word_1_76' title='bbox 839 519 886 542; x_wconf 91' lang='lat' dir='ltr'><strong>aut</strong></span> <span class='ocrx_word' id='word_1_77' title='bbox 901 515 963 549; x_wconf 81' lang='lat' dir='ltr'><strong>Spi-</strong></span> 
     </span>
    </p>
   </div>
   <div class='ocr_carea' id='block_1_13' title="bbox 180 561 962 598">
    <p class='ocr_par' dir='ltr' id='par_1_13' title="bbox 180 561 962 598">
     <span class='ocr_line' id='line_1_13' title="bbox 180 561 962 598; baseline -0.003 -8"><span class='ocrx_word' id='word_1_78' title='bbox 180 564 261 596; x_wconf 86' lang='lat' dir='ltr'><strong>ritus,</strong></span> <span class='ocrx_word' id='word_1_79' title='bbox 278 564 329 590; x_wconf 90' lang='lat' dir='ltr'><strong>hoc</strong></span> <span class='ocrx_word' id='word_1_80' title='bbox 345 570 411 591; x_wconf 83' lang='lat' dir='ltr'><strong>sane</strong></span> <span class='ocrx_word' id='word_1_81' title='bbox 424 570 536 598; x_wconf 88' lang='lat' dir='ltr'><strong>prorsus</strong></span> <span class='ocrx_word' id='word_1_82' title='bbox 550 567 637 591; x_wconf 81' lang='lat' dir='ltr'><strong>estex</strong></span> <span class='ocrx_word' id='word_1_83' title='bbox 650 561 739 598; x_wconf 59' lang='lat' dir='ltr'><strong>Eatre,</strong></span> <span class='ocrx_word' id='word_1_84' title='bbox 764 569 796 589; x_wconf 91' lang='lat' dir='ltr'><strong>ac</strong></span> <span class='ocrx_word' id='word_1_85' title='bbox 816 569 863 597; x_wconf 86' lang='lat' dir='ltr'><strong>per</strong></span> <span class='ocrx_word' id='word_1_86' title='bbox 878 566 962 589; x_wconf 89' lang='lat' dir='ltr'><strong>totam</strong></span> 
     </span>
    </p>
   </div>
   <div class='ocr_carea' id='block_1_14' title="bbox 181 607 962 643">
    <p class='ocr_par' dir='ltr' id='par_1_14' title="bbox 181 607 962 643">
     <span class='ocr_line' id='line_1_14' title="bbox 181 607 962 643; baseline -0.001 -8"><span class='ocrx_word' id='word_1_87' title='bbox 181 607 270 643; x_wconf 76' lang='lat' dir='ltr'><strong>pergit</strong></span> <span class='ocrx_word' id='word_1_88' title='bbox 288 613 410 636; x_wconf 87' lang='lat' dir='ltr'><strong>sanctam</strong></span> <span class='ocrx_word' id='word_1_89' title='bbox 428 613 455 636; x_wconf 88' lang='lat' dir='ltr'><strong>et</strong></span> <span class='ocrx_word' id='word_1_90' title='bbox 479 608 736 636; x_wconf 84' lang='lat' dir='ltr'><strong>consubstantialem</strong></span> <span class='ocrx_word' id='word_1_91' title='bbox 757 608 916 635; x_wconf 84' lang='lat' dir='ltr'><strong>Trinitatem</strong></span> <span class='ocrx_word' id='word_1_92' title='bbox 934 608 962 634; x_wconf 95' lang='lat' dir='ltr'><strong>in</strong></span> 
     </span>
    </p>
   </div>
   <div class='ocr_carea' id='block_1_15' title="bbox 180 653 962 690">
    <p class='ocr_par' dir='ltr' id='par_1_15' title="bbox 180 653 962 690">
     <span class='ocr_line' id='line_1_15' title="bbox 180 653 962 690; baseline 0 -10"><span class='ocrx_word' id='word_1_93' title='bbox 180 661 371 689; x_wconf 80' lang='lat' dir='ltr'><strong>quamcunque</strong></span> <span class='ocrx_word' id='word_1_94' title='bbox 389 662 446 682; x_wconf 90' lang='lat' dir='ltr'><strong>rem</strong></span> <span class='ocrx_word' id='word_1_95' title='bbox 462 655 575 682; x_wconf 84' lang='lat' dir='ltr'><strong>tendens</strong></span> <span class='ocrx_word' id='word_1_96' title='bbox 590 655 710 690; x_wconf 82' lang='lat' dir='ltr'><strong>operatio</strong></span> <span class='ocrx_word' id='word_1_97' title='bbox 726 659 807 689; x_wconf 88' lang='lat' dir='ltr'><strong>atque</strong></span> <span class='ocrx_word' id='word_1_98' title='bbox 828 653 962 682; x_wconf 88' lang='lat' dir='ltr'><strong>voluntas.</strong></span> 
     </span>
    </p>
   </div>
   <div class='ocr_carea' id='block_1_16' title="bbox 182 696 964 728">
    <p class='ocr_par' dir='ltr' id='par_1_16' title="bbox 182 696 964 728">
     <span class='ocr_line' id='line_1_16' title="bbox 182 696 964 728; baseline 0 -2"><span class='ocrx_word' id='word_1_99' title='bbox 182 699 374 727; x_wconf 78' lang='lat' dir='ltr'><strong>Verumtamen</strong></span> <span class='ocrx_word' id='word_1_100' title='bbox 388 700 416 727; x_wconf 90' lang='lat' dir='ltr'><strong>in</strong></span> <span class='ocrx_word' id='word_1_101' title='bbox 432 700 475 727; x_wconf 93' lang='lat' dir='ltr'><strong>his</strong></span> <span class='ocrx_word' id='word_1_102' title='bbox 493 700 557 727; x_wconf 92' lang='lat' dir='ltr'><strong>illud</strong></span> <span class='ocrx_word' id='word_1_103' title='bbox 573 700 717 728; x_wconf 92' lang='lat' dir='ltr'><strong>dicendum</strong></span> <span class='ocrx_word' id='word_1_104' title='bbox 740 704 791 728; x_wconf 88' lang='lat' dir='ltr'><strong>est.</strong></span> <span class='ocrx_word' id='word_1_105' title='bbox 814 696 882 727; x_wconf 82' lang='lat' dir='ltr'><strong>Vide</strong></span> <span class='ocrx_word' id='word_1_106' title='bbox 905 706 964 726; x_wconf 87' lang='lat' dir='ltr'><strong>rur-</strong></span> 
     </span>
    </p>
   </div>
   <div class='ocr_carea' id='block_1_17' title="bbox 181 745 964 780">
    <p class='ocr_par' dir='ltr' id='par_1_17' title="bbox 181 745 964 780">
     <span class='ocr_line' id='line_1_17' title="bbox 181 745 964 780; baseline 0.001 -9"><span class='ocrx_word' id='word_1_107' title='bbox 181 753 239 771; x_wconf 84' lang='lat' dir='ltr'><strong>sum</strong></span> <span class='ocrx_word' id='word_1_108' title='bbox 257 750 287 772; x_wconf 88' lang='lat' dir='ltr'><strong>ut</strong></span> <span class='ocrx_word' id='word_1_109' title='bbox 303 750 396 779; x_wconf 89' lang='lat' dir='ltr'><strong>aperte</strong></span> <span class='ocrx_word' id='word_1_110' title='bbox 420 749 447 772; x_wconf 90' lang='lat' dir='ltr'><strong>et</strong></span> <span class='ocrx_word' id='word_1_111' title='bbox 462 745 612 778; x_wconf 88' lang='lat' dir='ltr'><strong>evidenter,</strong></span> <span class='ocrx_word' id='word_1_112' title='bbox 630 746 755 780; x_wconf 82' lang='lat' dir='ltr'><strong>quamvis</strong></span> <span class='ocrx_word' id='word_1_113' title='bbox 777 745 842 773; x_wconf 90' lang='lat' dir='ltr'><strong>illud</strong></span> <span class='ocrx_word' id='word_1_114' title='bbox 854 753 887 773; x_wconf 79' lang='lat' dir='ltr'><strong>ex</strong></span> <span class='ocrx_word' id='word_1_115' title='bbox 911 745 964 772; x_wconf 87' lang='lat' dir='ltr'><strong>Deo</strong></span> 
     </span>
    </p>
   </div>
   <div class='ocr_carea' id='block_1_18' title="bbox 181 790 963 824">
    <p class='ocr_par' dir='ltr' id='par_1_18' title="bbox 181 790 963 824">
     <span class='ocr_line' id='line_1_18' title="bbox 181 790 963 824; baseline 0.003 -8"><span class='ocrx_word' id='word_1_116' title='bbox 181 790 260 817; x_wconf 75' lang='lat' dir='ltr'><strong>l‘atre</strong></span> <span class='ocrx_word' id='word_1_117' title='bbox 275 791 391 818; x_wconf 88' lang='lat' dir='ltr'><strong>Verbum</strong></span> <span class='ocrx_word' id='word_1_118' title='bbox 419 791 520 818; x_wconf 82' lang='lat' dir='ltr'><strong>factum</strong></span> <span class='ocrx_word' id='word_1_119' title='bbox 547 799 608 819; x_wconf 87' lang='lat' dir='ltr'><strong>esse</strong></span> <span class='ocrx_word' id='word_1_120' title='bbox 630 799 738 819; x_wconf 89' lang='lat' dir='ltr'><strong>carnem</strong></span> <span class='ocrx_word' id='word_1_121' title='bbox 761 792 851 824; x_wconf 84' lang='lat' dir='ltr'><strong>dicat,</strong></span> <span class='ocrx_word' id='word_1_122' title='bbox 875 796 963 819; x_wconf 87' lang='lat' dir='ltr'><strong>tamen</strong></span> 
     </span>
    </p>
   </div>
   <div class='ocr_carea' id='block_1_19' title="bbox 181 836 965 870">
    <p class='ocr_par' dir='ltr' id='par_1_19' title="bbox 181 836 965 870">
     <span class='ocr_line' id='line_1_19' title="bbox 181 836 965 870; baseline 0.004 -9"><span class='ocrx_word' id='word_1_123' title='bbox 181 840 337 870; x_wconf 67' lang='lat' dir='ltr'><strong>corrumpat</strong></span> <span class='ocrx_word' id='word_1_124' title='bbox 360 836 414 863; x_wconf 89' lang='lat' dir='ltr'><strong>vim</strong></span> <span class='ocrx_word' id='word_1_125' title='bbox 441 837 637 865; x_wconf 83' lang='lat' dir='ltr'><strong>sententiarum</strong></span> <span class='ocrx_word' id='word_1_126' title='bbox 665 841 693 864; x_wconf 90' lang='lat' dir='ltr'><strong>et</strong></span> <span class='ocrx_word' id='word_1_127' title='bbox 718 844 734 864; x_wconf 93' lang='lat' dir='ltr'><strong>a</strong></span> <span class='ocrx_word' id='word_1_128' title='bbox 758 843 833 865; x_wconf 90' lang='lat' dir='ltr'><strong>recto</strong></span> <span class='ocrx_word' id='word_1_129' title='bbox 857 837 965 865; x_wconf 87' lang='lat' dir='ltr'><strong>tramite</strong></span> 
     </span>
    </p>
   </div>
   <div class='ocr_carea' id='block_1_20' title="bbox 1011 229 1806 274">
    <p class='ocr_par' dir='ltr' id='par_1_20' title="bbox 1011 229 1806 274">
     <span class='ocr_line' id='line_1_20' title="bbox 1011 229 1806 274; baseline -0.018 -6"><span class='ocrx_word' id='word_1_130' title='bbox 1011 241 1062 269; x_wconf 74' lang='grc' dir='ltr'>κάν</span> <span class='ocrx_word' id='word_1_131' title='bbox 1079 239 1177 274; x_wconf 81' lang='grc' dir='ltr'>τούτῳ,</span> <span class='ocrx_word' id='word_1_132' title='bbox 1197 237 1245 264; x_wconf 78' lang='grc' dir='ltr'>καὶ</span> <span class='ocrx_word' id='word_1_133' title='bbox 1259 237 1344 268; x_wconf 80' lang='grc' dir='ltr'>ὅπως,</span> <span class='ocrx_word' id='word_1_134' title='bbox 1361 233 1426 269; x_wconf 80' lang='grc' dir='ltr'><strong>ὲρῶ.</strong></span> <span class='ocrx_word' id='word_1_135' title='bbox 1443 231 1502 260; x_wconf 74' lang='grc' dir='ltr'>Μία</span> <span class='ocrx_word' id='word_1_136' title='bbox 1525 231 1574 267; x_wconf 81' lang='grc' dir='ltr'>μὲν</span> <span class='ocrx_word' id='word_1_137' title='bbox 1594 231 1649 266; x_wconf 84' lang='grc' dir='ltr'><strong>γὰρ</strong></span> <span class='ocrx_word' id='word_1_138' title='bbox 1673 229 1806 274; x_wconf 68' lang='grc' dir='ltr'>θεότητος</span> 
     </span>
    </p>
   </div>
   <div class='ocr_carea' id='block_1_21' title="bbox 1011 273 1807 321">
    <p class='ocr_par' dir='ltr' id='par_1_21' title="bbox 1011 273 1807 321">
     <span class='ocr_line' id='line_1_21' title="bbox 1011 273 1807 321; baseline -0.018 -9"><span class='ocrx_word' id='word_1_139' title='bbox 1011 286 1102 321; x_wconf 74' lang='grc' dir='ltr'>φύσις,</span> <span class='ocrx_word' id='word_1_140' title='bbox 1118 283 1255 317; x_wconf 72' lang='grc' dir='ltr'><strong>ὑφέστηκε</strong></span> <span class='ocrx_word' id='word_1_141' title='bbox 1270 280 1298 307; x_wconf 82' lang='grc' dir='ltr'>δὲ</span> <span class='ocrx_word' id='word_1_142' title='bbox 1317 277 1409 310; x_wconf 84' lang='grc' dir='ltr'>ίδικῶς</span> <span class='ocrx_word' id='word_1_143' title='bbox 1426 277 1440 303; x_wconf 86' lang='grc' dir='ltr'><strong><em>ὸ</em></strong></span> <span class='ocrx_word' id='word_1_144' title='bbox 1455 276 1561 311; x_wconf 81' lang='grc' dir='ltr'>Πατὴρ,</span> <span class='ocrx_word' id='word_1_145' title='bbox 1574 275 1623 302; x_wconf 73' lang='grc' dir='ltr'><strong>καὶ</strong></span> <span class='ocrx_word' id='word_1_146' title='bbox 1648 273 1740 321; x_wconf 50' lang='lat' dir='ltr'><strong>ptem</strong></span> <span class='ocrx_word' id='word_1_147' title='bbox 1756 273 1807 321; x_wconf 65' lang='grc' dir='ltr'>καὶ</span> 
     </span>
    </p>
   </div>
   <div class='ocr_carea' id='block_1_22' title="bbox 1011 317 1808 364">
    <p class='ocr_par' dir='ltr' id='par_1_22' title="bbox 1011 317 1808 364">
     <span class='ocr_line' id='line_1_22' title="bbox 1011 317 1808 364; baseline -0.019 -6"><span class='ocrx_word' id='word_1_148' title='bbox 1011 317 1025 359; x_wconf 70' lang='grc' dir='ltr'><strong>δ</strong></span> <span class='ocrx_word' id='word_1_149' title='bbox 1038 327 1111 362; x_wconf 72' lang='grc' dir='ltr'>Υἱὸς,</span> <span class='ocrx_word' id='word_1_150' title='bbox 1131 327 1232 364; x_wconf 79' lang='grc' dir='ltr'>ὁμοίως</span> <span class='ocrx_word' id='word_1_151' title='bbox 1245 326 1274 353; x_wconf 77' lang='grc' dir='ltr'>δὲ</span> <span class='ocrx_word' id='word_1_152' title='bbox 1288 325 1335 352; x_wconf 77' lang='grc' dir='ltr'>καὶ</span> <span class='ocrx_word' id='word_1_153' title='bbox 1348 323 1379 351; x_wconf 74' lang='grc' dir='ltr'><strong>τὺ</strong></span> <span class='ocrx_word' id='word_1_154' title='bbox 1394 322 1516 358; x_wconf 78' lang='grc' dir='ltr'>Πνεῦμα.</span> <span class='ocrx_word' id='word_1_155' title='bbox 1533 319 1688 357; x_wconf 78' lang='grc' dir='ltr'>Πράττεταε</span> <span class='ocrx_word' id='word_1_156' title='bbox 1700 327 1732 353; x_wconf 86' lang='grc' dir='ltr'><strong>γε</strong></span> <span class='ocrx_word' id='word_1_157' title='bbox 1747 317 1808 354; x_wconf 81' lang='grc' dir='ltr'>μὴν</span> 
     </span>
    </p>
   </div>
   <div class='ocr_carea' id='block_1_23' title="bbox 1011 365 1806 409">
    <p class='ocr_par' dir='ltr' id='par_1_23' title="bbox 1011 365 1806 409">
     <span class='ocr_line' id='line_1_23' title="bbox 1011 365 1806 409; baseline -0.019 -5"><span class='ocrx_word' id='word_1_158' title='bbox 1011 377 1046 404; x_wconf 82' lang='grc' dir='ltr'>τὰ</span> <span class='ocrx_word' id='word_1_159' title='bbox 1061 376 1150 403; x_wconf 79' lang='grc' dir='ltr'>πάντα</span> <span class='ocrx_word' id='word_1_160' title='bbox 1167 372 1243 409; x_wconf 80' lang='grc' dir='ltr'>παρὰ</span> <span class='ocrx_word' id='word_1_161' title='bbox 1264 371 1383 407; x_wconf 76' lang='grc' dir='ltr'>Πατρὸς,</span> <span class='ocrx_word' id='word_1_162' title='bbox 1396 368 1444 396; x_wconf 73' lang='grc' dir='ltr'>καὶ</span> <span class='ocrx_word' id='word_1_163' title='bbox 1461 369 1494 395; x_wconf 89' lang='grc' dir='ltr'><strong>δι’</strong></span> <span class='ocrx_word' id='word_1_164' title='bbox 1510 367 1576 394; x_wconf 82' lang='grc' dir='ltr'><strong>Υἱοῦ</strong></span> <span class='ocrx_word' id='word_1_165' title='bbox 1600 367 1629 393; x_wconf 74' lang='grc' dir='ltr'>ἐν</span> <span class='ocrx_word' id='word_1_166' title='bbox 1644 365 1806 400; x_wconf 82' lang='grc' dir='ltr'>Πνεύματι-</span> 
     </span>
    </p>
   </div>
   <div class='ocr_carea' id='block_1_24' title="bbox 1012 409 1808 453">
    <p class='ocr_par' dir='ltr' id='par_1_24' title="bbox 1012 409 1808 453">
     <span class='ocr_line' id='line_1_24' title="bbox 1012 409 1808 453; baseline -0.019 -3"><span class='ocrx_word' id='word_1_167' title='bbox 1012 422 1060 450; x_wconf 83' lang='grc' dir='ltr'>καὶ</span> <span class='ocrx_word' id='word_1_168' title='bbox 1076 418 1132 448; x_wconf 79' lang='grc' dir='ltr'>οἷον</span> <span class='ocrx_word' id='word_1_169' title='bbox 1156 417 1339 453; x_wconf 81' lang='grc' dir='ltr'><strong>κεκινημένου</strong></span> <span class='ocrx_word' id='word_1_170' title='bbox 1354 415 1402 442; x_wconf 84' lang='grc' dir='ltr'>τοῦ</span> <span class='ocrx_word' id='word_1_171' title='bbox 1419 413 1527 449; x_wconf 61' lang='lat' dir='ltr'><strong>Harpe;</strong></span> <span class='ocrx_word' id='word_1_172' title='bbox 1541 413 1582 444; x_wconf 82' lang='grc' dir='ltr'><strong>εἰς</strong></span> <span class='ocrx_word' id='word_1_173' title='bbox 1599 411 1741 447; x_wconf 72' lang='grc' dir='ltr'><strong>ἐνέργειαν</strong></span> <span class='ocrx_word' id='word_1_174' title='bbox 1752 409 1808 444; x_wconf 71' lang='grc' dir='ltr'><strong>τὴν</strong></span> 
     </span>
    </p>
   </div>
   <div class='ocr_carea' id='block_1_25' title="bbox 1013 457 1806 501">
    <p class='ocr_par' dir='ltr' id='par_1_25' title="bbox 1013 457 1806 501">
     <span class='ocr_line' id='line_1_25' title="bbox 1013 457 1806 501; baseline -0.018 -5"><span class='ocrx_word' id='word_1_175' title='bbox 1013 469 1059 496; x_wconf 80' lang='grc' dir='ltr'><strong>ὲπί</strong></span> <span class='ocrx_word' id='word_1_176' title='bbox 1078 475 1160 501; x_wconf 88' lang='grc' dir='ltr'>τισιν,</span> <span class='ocrx_word' id='word_1_177' title='bbox 1181 465 1290 501; x_wconf 76' lang='grc' dir='ltr'><strong>ἐνεργεῖ</strong></span> <span class='ocrx_word' id='word_1_178' title='bbox 1305 464 1333 490; x_wconf 76' lang='grc' dir='ltr'>δὲ</span> <span class='ocrx_word' id='word_1_179' title='bbox 1354 463 1461 494; x_wconf 80' lang='grc' dir='ltr'>πάντως</span> <span class='ocrx_word' id='word_1_180' title='bbox 1482 461 1496 487; x_wconf 85' lang='grc' dir='ltr'><strong>ὸ</strong></span> <span class='ocrx_word' id='word_1_181' title='bbox 1511 459 1574 491; x_wconf 77' lang='grc' dir='ltr'>Υἱὸς</span> <span class='ocrx_word' id='word_1_182' title='bbox 1594 459 1624 486; x_wconf 74' lang='grc' dir='ltr'>ἒν</span> <span class='ocrx_word' id='word_1_183' title='bbox 1640 457 1782 492; x_wconf 86' lang='grc' dir='ltr'>Πνεύματι</span> <span class='ocrx_word' id='word_1_184' title='bbox 1796 462 1806 472; x_wconf 74' lang='grc'><em>³</em></span> 
     </span>
    </p>
   </div>
   <div class='ocr_carea' id='block_1_26' title="bbox 1012 503 1806 546">
    <p class='ocr_par' dir='ltr' id='par_1_26' title="bbox 1012 503 1806 546">
     <span class='ocr_line' id='line_1_26' title="bbox 1012 503 1806 546; baseline -0.016 -4"><span class='ocrx_word' id='word_1_185' title='bbox 1012 515 1065 543; x_wconf 69' lang='grc' dir='ltr'>κᾶν</span> <span class='ocrx_word' id='word_1_186' title='bbox 1088 514 1115 540; x_wconf 72' lang='grc' dir='ltr'>εἴ</span> <span class='ocrx_word' id='word_1_187' title='bbox 1137 521 1166 540; x_wconf 85' lang='grc' dir='ltr'><strong>τι</strong></span> <span class='ocrx_word' id='word_1_188' title='bbox 1186 511 1292 546; x_wconf 70' lang='grc' dir='ltr'>λέγοιτο</span> <span class='ocrx_word' id='word_1_189' title='bbox 1310 508 1432 546; x_wconf 81' lang='grc' dir='ltr'><strong>πληροῦν</strong></span> <span class='ocrx_word' id='word_1_190' title='bbox 1458 507 1472 533; x_wconf 83' lang='grc'>6</span> <span class='ocrx_word' id='word_1_191' title='bbox 1490 506 1556 538; x_wconf 80' lang='grc' dir='ltr'>Υίὺς</span> <span class='ocrx_word' id='word_1_192' title='bbox 1577 505 1595 541; x_wconf 81' lang='grc' dir='ltr'>ἢ</span> <span class='ocrx_word' id='word_1_193' title='bbox 1619 504 1650 532; x_wconf 82' lang='grc' dir='ltr'><strong>τὺ</strong></span> <span class='ocrx_word' id='word_1_194' title='bbox 1676 503 1806 538; x_wconf 66' lang='grc' dir='ltr'>Πνεῦμα,</span> 
     </span>
    </p>
   </div>
   <div class='ocr_carea' id='block_1_27' title="bbox 1012 553 1808 597">
    <p class='ocr_par' dir='ltr' id='par_1_27' title="bbox 1012 553 1808 597">
     <span class='ocr_line' id='line_1_27' title="bbox 1012 553 1808 597; baseline -0.015 -7"><span class='ocrx_word' id='word_1_195' title='bbox 1012 559 1091 590; x_wconf 72' lang='grc' dir='ltr'>τοῦτο</span> <span class='ocrx_word' id='word_1_196' title='bbox 1114 557 1147 597; x_wconf 81' lang='grc' dir='ltr'>δὴ</span> <span class='ocrx_word' id='word_1_197' title='bbox 1161 560 1270 591; x_wconf 81' lang='grc' dir='ltr'>πάντως</span> <span class='ocrx_word' id='word_1_198' title='bbox 1292 557 1367 585; x_wconf 76' lang='grc' dir='ltr'>ἐστὶν</span> <span class='ocrx_word' id='word_1_199' title='bbox 1385 557 1418 584; x_wconf 78' lang='grc' dir='ltr'>ἐκ</span> <span class='ocrx_word' id='word_1_200' title='bbox 1437 556 1554 593; x_wconf 78' lang='grc' dir='ltr'>Πατρδς,</span> <span class='ocrx_word' id='word_1_201' title='bbox 1574 554 1620 582; x_wconf 79' lang='grc' dir='ltr'>καὶ</span> <span class='ocrx_word' id='word_1_202' title='bbox 1643 554 1687 581; x_wconf 75' lang='grc' dir='ltr'><strong>διὰ</strong></span> <span class='ocrx_word' id='word_1_203' title='bbox 1710 553 1808 587; x_wconf 79' lang='grc' dir='ltr'>πάσης</span> 
     </span>
    </p>
   </div>
   <div class='ocr_carea' id='block_1_28' title="bbox 1013 598 1807 642">
    <p class='ocr_par' dir='ltr' id='par_1_28' title="bbox 1013 598 1807 642">
     <span class='ocr_line' id='line_1_28' title="bbox 1013 598 1807 642; baseline -0.014 -8"><span class='ocrx_word' id='word_1_204' title='bbox 1013 607 1125 642; x_wconf 70' lang='grc' dir='ltr'>ἔρχεται</span> <span class='ocrx_word' id='word_1_205' title='bbox 1151 606 1201 641; x_wconf 84' lang='grc' dir='ltr'>τῆς</span> <span class='ocrx_word' id='word_1_206' title='bbox 1228 601 1310 639; x_wconf 81' lang='grc' dir='ltr'>ἁγίας</span> <span class='ocrx_word' id='word_1_207' title='bbox 1333 602 1382 630; x_wconf 77' lang='grc' dir='ltr'>καὶ</span> <span class='ocrx_word' id='word_1_208' title='bbox 1407 602 1550 638; x_wconf 82' lang='grc' dir='ltr'>ὀμοουσίου</span> <span class='ocrx_word' id='word_1_209' title='bbox 1568 600 1698 636; x_wconf 81' lang='grc' dir='ltr'>Τριάδος,</span> <span class='ocrx_word' id='word_1_210' title='bbox 1719 599 1738 634; x_wconf 84' lang='grc' dir='ltr'>ἡ</span> <span class='ocrx_word' id='word_1_211' title='bbox 1763 598 1807 629; x_wconf 79' lang='grc' dir='ltr'><strong>εἰς</strong></span> 
     </span>
    </p>
   </div>
   <div class='ocr_carea' id='block_1_29' title="bbox 1017 644 1807 686">
    <p class='ocr_par' dir='ltr' id='par_1_29' title="bbox 1017 644 1807 686">
     <span class='ocr_line' id='line_1_29' title="bbox 1017 644 1807 686; baseline -0.014 -6"><span class='ocrx_word' id='word_1_212' title='bbox 1017 655 1070 681; x_wconf 83' lang='grc' dir='ltr'><strong>πᾶν</strong></span> <span class='ocrx_word' id='word_1_213' title='bbox 1093 652 1183 680; x_wconf 73' lang='grc' dir='ltr'>ὁτιοῦν</span> <span class='ocrx_word' id='word_1_214' title='bbox 1197 649 1322 686; x_wconf 77' lang='grc' dir='ltr'>ἐνέργειά</span> <span class='ocrx_word' id='word_1_215' title='bbox 1348 658 1378 676; x_wconf 87' lang='grc' dir='ltr'><strong>τε</strong></span> <span class='ocrx_word' id='word_1_216' title='bbox 1400 649 1448 676; x_wconf 80' lang='grc' dir='ltr'>καὶ</span> <span class='ocrx_word' id='word_1_217' title='bbox 1472 648 1608 684; x_wconf 84' lang='grc' dir='ltr'>βούλησις.</span> <span class='ocrx_word' id='word_1_218' title='bbox 1625 646 1699 681; x_wconf 79' lang='grc' dir='ltr'><strong>Πλὴν</strong></span> <span class='ocrx_word' id='word_1_219' title='bbox 1722 644 1752 670; x_wconf 76' lang='grc' dir='ltr'>ἐν</span> <span class='ocrx_word' id='word_1_220' title='bbox 1772 652 1807 677; x_wconf 86' lang='grc' dir='ltr'><strong>γε</strong></span> 
     </span>
    </p>
   </div>
   <div class='ocr_carea' id='block_1_30' title="bbox 1014 689 1806 731">
    <p class='ocr_par' dir='ltr' id='par_1_30' title="bbox 1014 689 1806 731">
     <span class='ocr_line' id='line_1_30' title="bbox 1014 689 1806 731; baseline -0.014 -5"><span class='ocrx_word' id='word_1_221' title='bbox 1014 699 1118 730; x_wconf 76' lang='grc' dir='ltr'><strong>τούτοις</strong></span> <span class='ocrx_word' id='word_1_222' title='bbox 1137 696 1225 724; x_wconf 78' lang='grc' dir='ltr'>ἐκεῖνό</span> <span class='ocrx_word' id='word_1_223' title='bbox 1248 703 1348 731; x_wconf 85' lang='grc' dir='ltr'>φαμεν.</span> <span class='ocrx_word' id='word_1_224' title='bbox 1367 694 1462 729; x_wconf 74' lang='grc' dir='ltr'>’Λθρει</span> <span class='ocrx_word' id='word_1_225' title='bbox 1481 693 1513 729; x_wconf 84' lang='grc' dir='ltr'>δὴ</span> <span class='ocrx_word' id='word_1_226' title='bbox 1528 692 1627 723; x_wconf 79' lang='grc' dir='ltr'>πάλιν,</span> <span class='ocrx_word' id='word_1_227' title='bbox 1650 691 1688 722; x_wconf 85' lang='grc' dir='ltr'>ὡς</span> <span class='ocrx_word' id='word_1_228' title='bbox 1709 689 1806 723; x_wconf 60' lang='grc' dir='ltr'>σαφῶς</span> 
     </span>
    </p>
   </div>
   <div class='ocr_carea' id='block_1_31' title="bbox 1014 734 1809 778">
    <p class='ocr_par' dir='ltr' id='par_1_31' title="bbox 1014 734 1809 778">
     <span class='ocr_line' id='line_1_31' title="bbox 1014 734 1809 778; baseline -0.014 -7"><span class='ocrx_word' id='word_1_229' title='bbox 1014 754 1044 771; x_wconf 87' lang='grc' dir='ltr'><strong>τε</strong></span> <span class='ocrx_word' id='word_1_230' title='bbox 1066 744 1112 771; x_wconf 67' lang='grc' dir='ltr'>καὶ</span> <span class='ocrx_word' id='word_1_231' title='bbox 1134 741 1274 778; x_wconf 81' lang='grc' dir='ltr'>ἐναργῶς,</span> <span class='ocrx_word' id='word_1_232' title='bbox 1293 741 1382 768; x_wconf 86' lang='grc' dir='ltr'>καίτοι</span> <span class='ocrx_word' id='word_1_233' title='bbox 1400 739 1490 775; x_wconf 75' lang='grc' dir='ltr'>σάρκα</span> <span class='ocrx_word' id='word_1_234' title='bbox 1510 738 1597 772; x_wconf 86' lang='grc' dir='ltr'>λέγων</span> <span class='ocrx_word' id='word_1_235' title='bbox 1619 737 1664 764; x_wconf 72' lang='grc' dir='ltr'><strong>τδν</strong></span> <span class='ocrx_word' id='word_1_236' title='bbox 1687 737 1718 762; x_wconf 83' lang='grc' dir='ltr'>ὲκ</span> <span class='ocrx_word' id='word_1_237' title='bbox 1734 734 1809 761; x_wconf 80' lang='grc' dir='ltr'>Θεοῦ</span> 
     </span>
    </p>
   </div>
   <div class='ocr_carea' id='block_1_32' title="bbox 1015 780 1807 824">
    <p class='ocr_par' dir='ltr' id='par_1_32' title="bbox 1015 780 1807 824">
     <span class='ocr_line' id='line_1_32' title="bbox 1015 780 1807 824; baseline -0.011 -9"><span class='ocrx_word' id='word_1_238' title='bbox 1015 788 1179 824; x_wconf 74' lang='grc' dir='ltr'>γεγενῆσθαι</span> <span class='ocrx_word' id='word_1_239' title='bbox 1203 787 1298 821; x_wconf 83' lang='grc' dir='ltr'>Λόγον,</span> <span class='ocrx_word' id='word_1_240' title='bbox 1314 785 1364 821; x_wconf 82' lang='grc' dir='ltr'>τὴν</span> <span class='ocrx_word' id='word_1_241' title='bbox 1382 785 1436 811; x_wconf 88' lang='grc' dir='ltr'>τῶν</span> <span class='ocrx_word' id='word_1_242' title='bbox 1462 783 1570 811; x_wconf 72' lang='grc' dir='ltr'>ἐννοιῶν</span> <span class='ocrx_word' id='word_1_243' title='bbox 1598 780 1807 818; x_wconf 81' lang='grc' dir='ltr'>παρασημαίνει</span> 
     </span>
    </p>
   </div>
   <div class='ocr_carea' id='block_1_33' title="bbox 1015 827 1807 871">
    <p class='ocr_par' dir='ltr' id='par_1_33' title="bbox 1015 827 1807 871">
     <span class='ocr_line' id='line_1_33' title="bbox 1015 827 1807 871; baseline -0.013 -9"><span class='ocrx_word' id='word_1_244' title='bbox 1015 835 1140 871; x_wconf 81' lang='grc' dir='ltr'>δύναμιν,</span> <span class='ocrx_word' id='word_1_245' title='bbox 1153 833 1260 868; x_wconf 74' lang='grc' dir='ltr'>καὶτῆς</span> <span class='ocrx_word' id='word_1_246' title='bbox 1271 831 1416 868; x_wconf 83' lang='grc' dir='ltr'>ὀρθότητος</span> <span class='ocrx_word' id='word_1_247' title='bbox 1430 830 1562 865; x_wconf 72' lang='grc' dir='ltr'>ἀποφέρει</span> <span class='ocrx_word' id='word_1_248' title='bbox 1578 828 1697 864; x_wconf 74' lang='grc' dir='ltr'>μακράψ</span> <span class='ocrx_word' id='word_1_249' title='bbox 1714 827 1807 860; x_wconf 73' lang='grc' dir='ltr'>ὠςὲν-</span> 
     </span>
    </p>
   </div>
   <div class='ocr_carea' id='block_1_34' title="bbox 181 873 925 918">
    <p class='ocr_par' dir='ltr' id='par_1_34' title="bbox 181 881 925 917">
     <span class='ocr_line' id='line_1_34' title="bbox 181 881 925 917; baseline 0.004 -9"><span class='ocrx_word' id='word_1_250' title='bbox 181 881 287 916; x_wconf 79' lang='lat' dir='ltr'><strong>longius</strong></span> <span class='ocrx_word' id='word_1_251' title='bbox 312 882 447 914; x_wconf 86' lang='lat' dir='ltr'><strong>abducat,</strong></span> <span class='ocrx_word' id='word_1_252' title='bbox 471 882 533 910; x_wconf 90' lang='lat' dir='ltr'><strong>dum</strong></span> <span class='ocrx_word' id='word_1_253' title='bbox 557 882 642 917; x_wconf 85' lang='lat' dir='ltr'><strong>ipsam</strong></span> <span class='ocrx_word' id='word_1_254' title='bbox 664 882 879 910; x_wconf 85' lang='lat' dir='ltr'><strong>incarnationem</strong></span> <span class='ocrx_word' id='word_1_255' title='bbox 900 891 925 911; x_wconf 74' lang='lat' dir='ltr'><strong>‘e:</strong></span> 
     </span>
    </p>
   </div>
   <div class='ocr_carea' id='block_1_35' title="bbox 1064 873 1808 918">
    <p class='ocr_par' dir='ltr' id='par_1_35' title="bbox 1065 873 1808 915">
     <span class='ocr_line' id='line_1_35' title="bbox 1065 873 1808 915; baseline -0.013 -7"><span class='ocrx_word' id='word_1_256' title='bbox 1065 880 1212 908; x_wconf 82' lang='grc' dir='ltr'>ειαναύτοῦ</span> <span class='ocrx_word' id='word_1_257' title='bbox 1221 879 1269 915; x_wconf 86' lang='grc' dir='ltr'>τὴν</span> <span class='ocrx_word' id='word_1_258' title='bbox 1279 879 1415 914; x_wconf 84' lang='grc' dir='ltr'>σάρκωσιν</span> <span class='ocrx_word' id='word_1_259' title='bbox 1424 876 1591 911; x_wconf 80' lang='grc' dir='ltr'>ἀποφαίνων.</span> <span class='ocrx_word' id='word_1_260' title='bbox 1601 873 1742 909; x_wconf 82' lang='grc' dir='ltr'>Ἐπιφέρει</span> <span class='ocrx_word' id='word_1_261' title='bbox 1750 873 1808 908; x_wconf 74' lang='grc' dir='ltr'><strong>γὰρ</strong></span> 
     </span>
    </p>
   </div>
   <div class='ocr_carea' id='block_1_36' title="bbox 182 927 963 963">
    <p class='ocr_par' dir='ltr' id='par_1_36' title="bbox 182 927 963 963">
     <span class='ocr_line' id='line_1_36' title="bbox 182 927 963 963; baseline 0.003 -10"><span class='ocrx_word' id='word_1_262' title='bbox 182 931 308 961; x_wconf 87' lang='lat' dir='ltr'><strong>tanquam</strong></span> <span class='ocrx_word' id='word_1_263' title='bbox 322 927 380 962; x_wconf 83' lang='lat' dir='ltr'><strong>ejus</strong></span> <span class='ocrx_word' id='word_1_264' title='bbox 397 927 568 954; x_wconf 82' lang='lat' dir='ltr'><strong>cilicientiam</strong></span> <span class='ocrx_word' id='word_1_265' title='bbox 582 927 753 962; x_wconf 86' lang='lat' dir='ltr'><strong>pronuntiat;</strong></span> <span class='ocrx_word' id='word_1_266' title='bbox 769 927 878 963; x_wconf 83' lang='lat' dir='ltr'><strong>subjieit</strong></span> <span class='ocrx_word' id='word_1_267' title='bbox 891 929 963 955; x_wconf 90' lang='lat' dir='ltr'><strong>enim</strong></span> 
     </span>
    </p>
   </div>
   <div class='ocr_carea' id='block_1_37' title="bbox 181 972 965 1010">
    <p class='ocr_par' dir='ltr' id='par_1_37' title="bbox 181 972 965 1010">
     <span class='ocr_line' id='line_1_37' title="bbox 181 972 965 1010; baseline 0.004 -11"><span class='ocrx_word' id='word_1_268' title='bbox 181 973 253 1000; x_wconf 87' lang='lat' dir='ltr'><strong>illico</strong></span> <span class='ocrx_word' id='word_1_269' title='bbox 269 982 276 999; x_wconf 88' lang='lat'><strong>:</strong></span> <span class='ocrx_word' id='word_1_270' title='bbox 295 982 304 998; x_wconf 82' lang='grc' dir='ltr'><strong>ι</strong></span> <span class='ocrx_word' id='word_1_271' title='bbox 321 972 401 1000; x_wconf 90' lang='lat' dir='ltr'><strong>Visne</strong></span> <span class='ocrx_word' id='word_1_272' title='bbox 415 973 497 1000; x_wconf 90' lang='lat' dir='ltr'><strong>etiam</strong></span> <span class='ocrx_word' id='word_1_273' title='bbox 513 973 594 1000; x_wconf 88' lang='lat' dir='ltr'><strong>aliam</strong></span> <span class='ocrx_word' id='word_1_274' title='bbox 605 974 639 1001; x_wconf 85' lang='lat' dir='ltr'><strong>ad</strong></span> <span class='ocrx_word' id='word_1_275' title='bbox 660 974 718 1001; x_wconf 73' lang='lat' dir='ltr'><strong>hzec</strong></span> <span class='ocrx_word' id='word_1_276' title='bbox 732 974 817 1010; x_wconf 87' lang='lat' dir='ltr'><strong>ipsius</strong></span> <span class='ocrx_word' id='word_1_277' title='bbox 825 974 965 1002; x_wconf 88' lang='lat' dir='ltr'><strong>Trinitatis</strong></span> 
     </span>
    </p>
   </div>
   <div class='ocr_carea' id='block_1_38' title="bbox 181 1018 966 1054">
    <p class='ocr_par' dir='ltr' id='par_1_38' title="bbox 181 1018 966 1054">
     <span class='ocr_line' id='line_1_38' title="bbox 181 1018 966 1054; baseline 0.005 -10"><span class='ocrx_word' id='word_1_278' title='bbox 181 1018 518 1054; x_wconf 68' lang='lat' dir='ltr'><strong>eﬂicientiam?»quasijam</strong></span> <span class='ocrx_word' id='word_1_279' title='bbox 527 1019 644 1053; x_wconf 87' lang='lat' dir='ltr'><strong>priorem</strong></span> <span class='ocrx_word' id='word_1_280' title='bbox 650 1019 779 1048; x_wconf 87' lang='lat' dir='ltr'><strong>DeiVerbi</strong></span> <span class='ocrx_word' id='word_1_281' title='bbox 787 1019 869 1048; x_wconf 80' lang='lat' dir='ltr'><strong>fuisse</strong></span> <span class='ocrx_word' id='word_1_282' title='bbox 876 1026 966 1048; x_wconf 86' lang='lat' dir='ltr'><strong>osten-</strong></span> 
     </span>
    </p>
   </div>
   <div class='ocr_carea' id='block_1_39' title="bbox 181 1063 964 1100">
    <p class='ocr_par' dir='ltr' id='par_1_39' title="bbox 181 1063 964 1100">
     <span class='ocr_line' id='line_1_39' title="bbox 181 1063 964 1100; baseline 0.004 -10"><span class='ocrx_word' id='word_1_283' title='bbox 181 1065 251 1091; x_wconf 91' lang='lat' dir='ltr'><strong>derit</strong></span> <span class='ocrx_word' id='word_1_284' title='bbox 268 1063 454 1097; x_wconf 72' lang='lat' dir='ltr'><strong>efﬁcientiam,</strong></span> <span class='ocrx_word' id='word_1_285' title='bbox 468 1065 494 1091; x_wconf 87' lang='lat' dir='ltr'><strong>id</strong></span> <span class='ocrx_word' id='word_1_286' title='bbox 508 1065 596 1100; x_wconf 89' lang='lat' dir='ltr'><strong>ipsum</strong></span> <span class='ocrx_word' id='word_1_287' title='bbox 619 1065 689 1100; x_wconf 89' lang='lat' dir='ltr'><strong>quod</strong></span> <span class='ocrx_word' id='word_1_288' title='bbox 717 1073 782 1093; x_wconf 89' lang='lat' dir='ltr'><strong>caro</strong></span> <span class='ocrx_word' id='word_1_289' title='bbox 798 1065 898 1093; x_wconf 79' lang='lat' dir='ltr'><strong>factum</strong></span> <span class='ocrx_word' id='word_1_290' title='bbox 912 1071 964 1100; x_wconf 89' lang='lat' dir='ltr'><strong>est,</strong></span> 
     </span>
    </p>
   </div>
   <div class='ocr_carea' id='block_1_40' title="bbox 182 1111 966 1148">
    <p class='ocr_par' dir='ltr' id='par_1_40' title="bbox 182 1111 966 1148">
     <span class='ocr_line' id='line_1_40' title="bbox 182 1111 966 1148; baseline 0.003 -10"><span class='ocrx_word' id='word_1_291' title='bbox 182 1111 330 1138; x_wconf 83' lang='lat' dir='ltr'><strong>secundum</strong></span> <span class='ocrx_word' id='word_1_292' title='bbox 339 1111 495 1145; x_wconf 88' lang='lat' dir='ltr'><strong>Scripturas</strong></span> <span class='ocrx_word' id='word_1_293' title='bbox 505 1118 512 1137; x_wconf 92' lang='lat'><strong>:</strong></span> <span class='ocrx_word' id='word_1_294' title='bbox 523 1116 550 1138; x_wconf 89' lang='lat' dir='ltr'><strong>et</strong></span> <span class='ocrx_word' id='word_1_295' title='bbox 561 1119 686 1147; x_wconf 77' lang='lat' dir='ltr'><strong>quamam</strong></span> <span class='ocrx_word' id='word_1_296' title='bbox 699 1112 734 1139; x_wconf 87' lang='lat' dir='ltr'><strong>sit</strong></span> <span class='ocrx_word' id='word_1_297' title='bbox 750 1112 793 1139; x_wconf 90' lang='lat' dir='ltr'><strong>illa</strong></span> <span class='ocrx_word' id='word_1_298' title='bbox 804 1112 889 1139; x_wconf 87' lang='lat' dir='ltr'><strong>altera</strong></span> <span class='ocrx_word' id='word_1_299' title='bbox 905 1118 966 1148; x_wconf 87' lang='lat' dir='ltr'><strong>post</strong></span> 
     </span>
    </p>
   </div>
   <div class='ocr_carea' id='block_1_41' title="bbox 183 1155 964 1194">
    <p class='ocr_par' dir='ltr' id='par_1_41' title="bbox 183 1155 964 1194">
     <span class='ocr_line' id='line_1_41' title="bbox 183 1155 964 1194; baseline 0.005 -12"><span class='ocrx_word' id='word_1_300' title='bbox 183 1155 255 1183; x_wconf 91' lang='lat' dir='ltr'><strong>illam</strong></span> <span class='ocrx_word' id='word_1_301' title='bbox 269 1156 392 1191; x_wconf 86' lang='lat' dir='ltr'><strong>priorem</strong></span> <span class='ocrx_word' id='word_1_302' title='bbox 406 1156 562 1189; x_wconf 84' lang='lat' dir='ltr'><strong>eilicicntia,</strong></span> <span class='ocrx_word' id='word_1_303' title='bbox 577 1157 756 1192; x_wconf 88' lang='lat' dir='ltr'><strong>demonstrat,</strong></span> <span class='ocrx_word' id='word_1_304' title='bbox 770 1164 799 1186; x_wconf 90' lang='lat' dir='ltr'><strong>ut</strong></span> <span class='ocrx_word' id='word_1_305' title='bbox 810 1159 866 1194; x_wconf 89' lang='lat' dir='ltr'><strong>ipse</strong></span> <span class='ocrx_word' id='word_1_306' title='bbox 878 1165 964 1193; x_wconf 87' lang='lat' dir='ltr'><strong>putat,</strong></span> 
     </span>
    </p>
   </div>
   <div class='ocr_carea' id='block_1_42' title="bbox 183 1199 967 1240">
    <p class='ocr_par' dir='ltr' id='par_1_42' title="bbox 183 1199 967 1240">
     <span class='ocr_line' id='line_1_42' title="bbox 183 1199 967 1240; baseline 0.006 -12"><span class='ocrx_word' id='word_1_307' title='bbox 183 1209 215 1229; x_wconf 88' lang='lat' dir='ltr'><strong>ac</strong></span> <span class='ocrx_word' id='word_1_308' title='bbox 231 1202 306 1230; x_wconf 89' lang='lat' dir='ltr'><strong>dicit:</strong></span> <span class='ocrx_word' id='word_1_309' title='bbox 317 1211 327 1227; x_wconf 77' lang='grc' dir='ltr'><strong>ι</strong></span> <span class='ocrx_word' id='word_1_310' title='bbox 341 1199 481 1230; x_wconf 79' lang='lat' dir='ltr'><strong>Habitavit</strong></span> <span class='ocrx_word' id='word_1_311' title='bbox 494 1202 578 1231; x_wconf 89' lang='lat' dir='ltr'><strong>Filius</strong></span> <span class='ocrx_word' id='word_1_312' title='bbox 593 1204 621 1230; x_wconf 94' lang='lat' dir='ltr'><strong>in</strong></span> <span class='ocrx_word' id='word_1_313' title='bbox 636 1211 758 1240; x_wconf 86' lang='lat' dir='ltr'><strong>corpore.</strong></span> <span class='ocrx_word' id='word_1_314' title='bbox 774 1214 784 1231; x_wconf 69' lang='grc' dir='ltr'><strong>ι</strong></span> <span class='ocrx_word' id='word_1_315' title='bbox 797 1204 867 1240; x_wconf 76' lang='lat' dir='ltr'><strong>Ergo</strong></span> <span class='ocrx_word' id='word_1_316' title='bbox 877 1205 967 1233; x_wconf 82' lang='lat' dir='ltr'><strong>Deifer</strong></span> 
     </span>
    </p>
   </div>
   <div class='ocr_carea' id='block_1_43' title="bbox 183 1248 967 1281">
    <p class='ocr_par' dir='ltr' id='par_1_43' title="bbox 183 1248 967 1281">
     <span class='ocr_line' id='line_1_43' title="bbox 183 1248 967 1281; baseline 0.008 -6"><span class='ocrx_word' id='word_1_317' title='bbox 183 1249 263 1275; x_wconf 89' lang='lat' dir='ltr'><strong>homo</strong></span> <span class='ocrx_word' id='word_1_318' title='bbox 283 1248 335 1275; x_wconf 87' lang='lat' dir='ltr'><strong>erit</strong></span> <span class='ocrx_word' id='word_1_319' title='bbox 356 1248 480 1276; x_wconf 84' lang='lat' dir='ltr'><strong>Christus</strong></span> <span class='ocrx_word' id='word_1_320' title='bbox 496 1256 503 1276; x_wconf 86' lang='lat'><strong>:</strong></span> <span class='ocrx_word' id='word_1_321' title='bbox 520 1250 617 1277; x_wconf 85' lang='lat' dir='ltr'><strong>deinde</strong></span> <span class='ocrx_word' id='word_1_322' title='bbox 640 1249 667 1277; x_wconf 89' lang='lat' dir='ltr'><strong>id</strong></span> <span class='ocrx_word' id='word_1_323' title='bbox 694 1250 782 1279; x_wconf 90' lang='lat' dir='ltr'><strong>solum</strong></span> <span class='ocrx_word' id='word_1_324' title='bbox 804 1252 831 1279; x_wconf 87' lang='lat' dir='ltr'><strong>in</strong></span> <span class='ocrx_word' id='word_1_325' title='bbox 857 1252 967 1281; x_wconf 72' lang='lat' dir='ltr'><strong>homine</strong></span> 
     </span>
    </p>
   </div>
   <div class='ocr_carea' id='block_1_44' title="bbox 182 1291 966 1332">
    <p class='ocr_par' dir='ltr' id='par_1_44' title="bbox 182 1291 966 1332">
     <span class='ocr_line' id='line_1_44' title="bbox 182 1291 966 1332; baseline 0.008 -12"><span class='ocrx_word' id='word_1_326' title='bbox 182 1291 364 1321; x_wconf 72' lang='lat' dir='ltr'><strong>etl‘ecisse&#39;Dei</strong></span> <span class='ocrx_word' id='word_1_327' title='bbox 378 1294 520 1330; x_wconf 83' lang='lat' dir='ltr'><strong>Patrisque</strong></span> <span class='ocrx_word' id='word_1_328' title='bbox 535 1294 656 1324; x_wconf 87' lang='lat' dir='ltr'><strong>Verbum</strong></span> <span class='ocrx_word' id='word_1_329' title='bbox 667 1317 676 1329; x_wconf 92' lang='lat'><strong>,</strong></span> <span class='ocrx_word' id='word_1_330' title='bbox 703 1297 874 1332; x_wconf 89' lang='lat' dir='ltr'><strong>perspicuum</strong></span> <span class='ocrx_word' id='word_1_331' title='bbox 892 1299 966 1332; x_wconf 85' lang='lat' dir='ltr'><strong>erit;</strong></span> 
     </span>
    </p>
   </div>
   <div class='ocr_carea' id='block_1_45' title="bbox 183 1340 967 1379">
    <p class='ocr_par' dir='ltr' id='par_1_45' title="bbox 183 1340 967 1379">
     <span class='ocr_line' id='line_1_45' title="bbox 183 1340 967 1379; baseline 0.006 -13"><span class='ocrx_word' id='word_1_332' title='bbox 183 1340 274 1374; x_wconf 87' lang='lat' dir='ltr'><strong>itaque</strong></span> <span class='ocrx_word' id='word_1_333' title='bbox 285 1340 408 1374; x_wconf 78' lang='lat' dir='ltr'><strong>quamvis</strong></span> <span class='ocrx_word' id='word_1_334' title='bbox 422 1340 493 1368; x_wconf 83' lang='lat' dir='ltr'><strong>dicat</strong></span> <span class='ocrx_word' id='word_1_335' title='bbox 507 1341 601 1369; x_wconf 87' lang='lat' dir='ltr'><strong>beatus</strong></span> <span class='ocrx_word' id='word_1_336' title='bbox 612 1342 794 1377; x_wconf 75' lang='lat' dir='ltr'><strong>evangelista:</strong></span> <span class='ocrx_word' id='word_1_337' title='bbox 806 1343 862 1379; x_wconf 78' lang='lat'><strong>93</strong></span> <span class='ocrx_word' id='word_1_338' title='bbox 878 1354 886 1370; x_wconf 84' lang='grc' dir='ltr'><strong>ι</strong></span> <span class='ocrx_word' id='word_1_339' title='bbox 902 1343 967 1371; x_wconf 88' lang='lat' dir='ltr'><strong>Ver-</strong></span> 
     </span>
    </p>
   </div>
   <div class='ocr_carea' id='block_1_46' title="bbox 183 1384 966 1421">
    <p class='ocr_par' dir='ltr' id='par_1_46' title="bbox 183 1384 966 1421">
     <span class='ocr_line' id='line_1_46' title="bbox 183 1384 966 1421; baseline 0.008 -10"><span class='ocrx_word' id='word_1_340' title='bbox 183 1384 246 1411; x_wconf 87' lang='lat' dir='ltr'><strong>bum</strong></span> <span class='ocrx_word' id='word_1_341' title='bbox 264 1392 328 1412; x_wconf 88' lang='lat' dir='ltr'><strong>caro</strong></span> <span class='ocrx_word' id='word_1_342' title='bbox 345 1385 444 1412; x_wconf 80' lang='lat' dir='ltr'><strong>factum</strong></span> <span class='ocrx_word' id='word_1_343' title='bbox 463 1391 516 1420; x_wconf 87' lang='lat' dir='ltr'><strong>cst,</strong></span> <span class='ocrx_word' id='word_1_344' title='bbox 544 1391 573 1414; x_wconf 89' lang='lat' dir='ltr'><strong>et</strong></span> <span class='ocrx_word' id='word_1_345' title='bbox 597 1387 729 1415; x_wconf 82' lang='lat' dir='ltr'><strong>habitavit</strong></span> <span class='ocrx_word' id='word_1_346' title='bbox 755 1388 781 1416; x_wconf 94' lang='lat' dir='ltr'><strong>in</strong></span> <span class='ocrx_word' id='word_1_347' title='bbox 796 1390 884 1421; x_wconf 83' lang='lat' dir='ltr'><strong>nobis,</strong></span> <span class='ocrx_word' id='word_1_348' title='bbox 901 1399 910 1416; x_wconf 75' lang='grc' dir='ltr'><strong>ι</strong></span> <span class='ocrx_word' id='word_1_349' title='bbox 930 1390 966 1417; x_wconf 91' lang='lat' dir='ltr'><strong>nil</strong></span> 
     </span>
    </p>
   </div>
   <div class='ocr_carea' id='block_1_47' title="bbox 184 1431 965 1471">
    <p class='ocr_par' dir='ltr' id='par_1_47' title="bbox 184 1431 965 1471">
     <span class='ocr_line' id='line_1_47' title="bbox 184 1431 965 1471; baseline 0.009 -14"><span class='ocrx_word' id='word_1_350' title='bbox 184 1431 255 1458; x_wconf 77' lang='lat' dir='ltr'><strong>aliud</strong></span> <span class='ocrx_word' id='word_1_351' title='bbox 271 1431 372 1458; x_wconf 85' lang='lat' dir='ltr'><strong>indicat</strong></span> <span class='ocrx_word' id='word_1_352' title='bbox 383 1432 435 1460; x_wconf 88' lang='lat' dir='ltr'><strong>nisi</strong></span> <span class='ocrx_word' id='word_1_353' title='bbox 452 1432 624 1466; x_wconf 74' lang='lat' dir='ltr'><strong>illuulsolum,</strong></span> <span class='ocrx_word' id='word_1_354' title='bbox 642 1434 770 1462; x_wconf 89' lang='lat' dir='ltr'><strong>nimirum</strong></span> <span class='ocrx_word' id='word_1_355' title='bbox 785 1436 871 1471; x_wconf 88' lang='lat' dir='ltr'><strong>ipsum</strong></span> <span class='ocrx_word' id='word_1_356' title='bbox 884 1436 965 1464; x_wconf 90' lang='lat' dir='ltr'><strong>Deum</strong></span> 
     </span>
    </p>
   </div>
   <div class='ocr_carea' id='block_1_48' title="bbox 182 1476 967 1514">
    <p class='ocr_par' dir='ltr' id='par_1_48' title="bbox 182 1476 967 1514">
     <span class='ocr_line' id='line_1_48' title="bbox 182 1476 967 1514; baseline 0.009 -11"><span class='ocrx_word' id='word_1_357' title='bbox 182 1476 303 1504; x_wconf 82' lang='lat' dir='ltr'><strong>Verbum</strong></span> <span class='ocrx_word' id='word_1_358' title='bbox 324 1477 351 1504; x_wconf 90' lang='lat' dir='ltr'><strong>in</strong></span> <span class='ocrx_word' id='word_1_359' title='bbox 375 1477 486 1506; x_wconf 88' lang='lat' dir='ltr'><strong>homine</strong></span> <span class='ocrx_word' id='word_1_360' title='bbox 512 1479 660 1514; x_wconf 85' lang='lat' dir='ltr'><strong>habitasse,</strong></span> <span class='ocrx_word' id='word_1_361' title='bbox 685 1485 714 1507; x_wconf 87' lang='lat' dir='ltr'><strong>ut</strong></span> <span class='ocrx_word' id='word_1_362' title='bbox 732 1481 813 1508; x_wconf 88' lang='lat' dir='ltr'><strong>etiam</strong></span> <span class='ocrx_word' id='word_1_363' title='bbox 839 1482 865 1509; x_wconf 90' lang='lat' dir='ltr'><strong>in</strong></span> <span class='ocrx_word' id='word_1_364' title='bbox 889 1483 967 1510; x_wconf 84' lang='lat' dir='ltr'><strong>nobis</strong></span> 
     </span>
    </p>
   </div>
   <div class='ocr_carea' id='block_1_49' title="bbox 183 1521 964 1561">
    <p class='ocr_par' dir='ltr' id='par_1_49' title="bbox 183 1521 964 1561">
     <span class='ocr_line' id='line_1_49' title="bbox 183 1521 964 1561; baseline 0.012 -14"><span class='ocrx_word' id='word_1_365' title='bbox 183 1521 260 1556; x_wconf 88' lang='lat' dir='ltr'><strong>ipsis.</strong></span> <span class='ocrx_word' id='word_1_366' title='bbox 289 1521 399 1556; x_wconf 80' lang='lat' dir='ltr'><strong>Templa</strong></span> <span class='ocrx_word' id='word_1_367' title='bbox 427 1530 542 1558; x_wconf 89' lang='lat' dir='ltr'><strong>natnque</strong></span> <span class='ocrx_word' id='word_1_368' title='bbox 569 1532 664 1552; x_wconf 90' lang='lat' dir='ltr'><strong>sumus</strong></span> <span class='ocrx_word' id='word_1_369' title='bbox 691 1525 736 1553; x_wconf 89' lang='lat' dir='ltr'><strong>Dei</strong></span> <span class='ocrx_word' id='word_1_370' title='bbox 755 1527 868 1555; x_wconf 83' lang='lat' dir='ltr'><strong>viventis</strong></span> <span class='ocrx_word' id='word_1_371' title='bbox 883 1528 964 1561; x_wconf 81' lang='lat' dir='ltr'><strong>&quot;;el</strong></span> 
     </span>
    </p>
   </div>
   <div class='ocr_carea' id='block_1_50' title="bbox 1015 918 1808 959">
    <p class='ocr_par' dir='ltr' id='par_1_50' title="bbox 1015 918 1808 959">
     <span class='ocr_line' id='line_1_50' title="bbox 1015 918 1808 959; baseline -0.011 -5"><span class='ocrx_word' id='word_1_372' title='bbox 1015 927 1120 959; x_wconf 83' lang='grc' dir='ltr'>εὐθύςί</span> <span class='ocrx_word' id='word_1_373' title='bbox 1127 925 1274 952; x_wconf 69' lang='grc' dir='ltr'>Βούλεικαὶ</span> <span class='ocrx_word' id='word_1_374' title='bbox 1280 924 1362 958; x_wconf 78' lang='grc' dir='ltr'>ἄλλην</span> <span class='ocrx_word' id='word_1_375' title='bbox 1370 923 1415 949; x_wconf 74' lang='grc' dir='ltr'><strong>ἐπὶ</strong></span> <span class='ocrx_word' id='word_1_376' title='bbox 1421 922 1526 953; x_wconf 81' lang='grc' dir='ltr'>τούτοις</span> <span class='ocrx_word' id='word_1_377' title='bbox 1535 921 1626 952; x_wconf 81' lang='grc' dir='ltr'>αὐτοῖς</span> <span class='ocrx_word' id='word_1_378' title='bbox 1632 920 1682 955; x_wconf 79' lang='grc' dir='ltr'>τῆς</span> <span class='ocrx_word' id='word_1_379' title='bbox 1689 918 1808 955; x_wconf 82' lang='grc' dir='ltr'>Τριάδος</span> 
     </span>
    </p>
   </div>
   <div class='ocr_carea' id='block_1_51' title="bbox 1015 966 1808 1009">
    <p class='ocr_par' dir='ltr' id='par_1_51' title="bbox 1015 966 1808 1009">
     <span class='ocr_line' id='line_1_51' title="bbox 1015 966 1808 1009; baseline -0.009 -11"><span class='ocrx_word' id='word_1_380' title='bbox 1015 974 1171 1009; x_wconf 83' lang='grc' dir='ltr'>ὲνέργειοιν;</span> <span class='ocrx_word' id='word_1_381' title='bbox 1193 981 1202 997; x_wconf 73' lang='grc' dir='ltr'><strong>ι</strong></span> <span class='ocrx_word' id='word_1_382' title='bbox 1216 971 1253 1002; x_wconf 87' lang='grc' dir='ltr'>ὡς</span> <span class='ocrx_word' id='word_1_383' title='bbox 1268 970 1319 1006; x_wconf 69' lang='grc' dir='ltr'>ἤδη</span> <span class='ocrx_word' id='word_1_384' title='bbox 1336 969 1446 1005; x_wconf 84' lang='grc' dir='ltr'>πρώτην</span> <span class='ocrx_word' id='word_1_385' title='bbox 1468 967 1646 1002; x_wconf 75' lang='grc' dir='ltr'>ἁποδεδειχὼς</span> <span class='ocrx_word' id='word_1_386' title='bbox 1662 966 1808 1001; x_wconf 78' lang='grc' dir='ltr'>ἐνέργειαν</span> 
     </span>
    </p>
   </div>
   <div class='ocr_carea' id='block_1_52' title="bbox 1015 1011 1806 1051">
    <p class='ocr_par' dir='ltr' id='par_1_52' title="bbox 1015 1011 1806 1051">
     <span class='ocr_line' id='line_1_52' title="bbox 1015 1011 1806 1051; baseline -0.01 -6"><span class='ocrx_word' id='word_1_387' title='bbox 1015 1019 1062 1045; x_wconf 82' lang='grc' dir='ltr'>τοῦ</span> <span class='ocrx_word' id='word_1_388' title='bbox 1072 1018 1139 1045; x_wconf 70' lang='grc' dir='ltr'>θεοῦ</span> <span class='ocrx_word' id='word_1_389' title='bbox 1150 1018 1248 1051; x_wconf 76' lang='grc' dir='ltr'>Λόγου,</span> <span class='ocrx_word' id='word_1_390' title='bbox 1260 1016 1289 1043; x_wconf 80' lang='grc' dir='ltr'><strong>τί)</strong></span> <span class='ocrx_word' id='word_1_391' title='bbox 1299 1016 1386 1051; x_wconf 82' lang='grc' dir='ltr'>σάρκα</span> <span class='ocrx_word' id='word_1_392' title='bbox 1398 1014 1536 1049; x_wconf 83' lang='grc' dir='ltr'>γενέσθαι,</span> <span class='ocrx_word' id='word_1_393' title='bbox 1545 1013 1614 1040; x_wconf 77' lang='grc' dir='ltr'>κατὰ</span> <span class='ocrx_word' id='word_1_394' title='bbox 1622 1012 1672 1044; x_wconf 79' lang='grc' dir='ltr'><strong>τὰς</strong></span> <span class='ocrx_word' id='word_1_395' title='bbox 1679 1011 1806 1047; x_wconf 80' lang='grc' dir='ltr'>Γραφάς.</span> 
     </span>
    </p>
   </div>
   <div class='ocr_carea' id='block_1_53' title="bbox 1016 1055 1807 1098">
    <p class='ocr_par' dir='ltr' id='par_1_53' title="bbox 1016 1055 1807 1098">
     <span class='ocr_line' id='line_1_53' title="bbox 1016 1055 1807 1098; baseline -0.01 -8"><span class='ocrx_word' id='word_1_396' title='bbox 1016 1064 1121 1095; x_wconf 76' lang='grc' dir='ltr'>Καὶτίς</span> <span class='ocrx_word' id='word_1_397' title='bbox 1138 1064 1154 1098; x_wconf 85' lang='grc' dir='ltr'><strong>ή</strong></span> <span class='ocrx_word' id='word_1_398' title='bbox 1169 1055 1250 1098; x_wconf 64' lang='grc' dir='ltr'>ἑτέρα</span> <span class='ocrx_word' id='word_1_399' title='bbox 1268 1061 1337 1096; x_wconf 74' lang='grc' dir='ltr'>μετὰ</span> <span class='ocrx_word' id='word_1_400' title='bbox 1348 1061 1397 1096; x_wconf 82' lang='grc' dir='ltr'>τὴν</span> <span class='ocrx_word' id='word_1_401' title='bbox 1409 1059 1520 1096; x_wconf 78' lang='grc' dir='ltr'>πρώτην</span> <span class='ocrx_word' id='word_1_402' title='bbox 1528 1059 1669 1094; x_wconf 74' lang='grc' dir='ltr'>ἐνέργειαν</span> <span class='ocrx_word' id='word_1_403' title='bbox 1684 1057 1807 1084; x_wconf 79' lang='grc' dir='ltr'>διαδείκ-</span> 
     </span>
    </p>
   </div>
   <div class='ocr_carea' id='block_1_54' title="bbox 1016 1103 1808 1146">
    <p class='ocr_par' dir='ltr' id='par_1_54' title="bbox 1016 1103 1808 1146">
     <span class='ocr_line' id='line_1_54' title="bbox 1016 1103 1808 1146; baseline -0.009 -10"><span class='ocrx_word' id='word_1_404' title='bbox 1016 1118 1093 1137; x_wconf 87' lang='grc' dir='ltr'>νυσιν</span> <span class='ocrx_word' id='word_1_405' title='bbox 1105 1109 1161 1146; x_wconf 82' lang='grc' dir='ltr'><strong>[ισ.</strong></span> <span class='ocrx_word' id='word_1_406' title='bbox 1173 1107 1302 1144; x_wconf 83' lang='grc' dir='ltr'>δεικνύς],</span> <span class='ocrx_word' id='word_1_407' title='bbox 1314 1106 1406 1142; x_wconf 83' lang='grc' dir='ltr'>ὥσπερ</span> <span class='ocrx_word' id='word_1_408' title='bbox 1418 1106 1513 1138; x_wconf 79' lang='grc' dir='ltr'>οἴεται,</span> <span class='ocrx_word' id='word_1_409' title='bbox 1528 1105 1620 1140; x_wconf 67' lang='grc' dir='ltr'>φησίνε</span> <span class='ocrx_word' id='word_1_410' title='bbox 1630 1113 1640 1130; x_wconf 82' lang='grc' dir='ltr'><strong>ι</strong></span> <span class='ocrx_word' id='word_1_411' title='bbox 1651 1103 1808 1139; x_wconf 80' lang='grc' dir='ltr'>Ὲνῴκησεν</span> 
     </span>
    </p>
   </div>
   <div class='ocr_carea' id='block_1_55' title="bbox 1015 1150 1807 1190">
    <p class='ocr_par' dir='ltr' id='par_1_55' title="bbox 1015 1150 1807 1190">
     <span class='ocr_line' id='line_1_55' title="bbox 1015 1150 1807 1190; baseline -0.009 -7"><span class='ocrx_word' id='word_1_412' title='bbox 1015 1157 1029 1183; x_wconf 81' lang='grc' dir='ltr'>ὁ</span> <span class='ocrx_word' id='word_1_413' title='bbox 1040 1157 1102 1188; x_wconf 76' lang='grc' dir='ltr'>Υἱὸς</span> <span class='ocrx_word' id='word_1_414' title='bbox 1112 1157 1141 1182; x_wconf 82' lang='grc' dir='ltr'>ὲν</span> <span class='ocrx_word' id='word_1_415' title='bbox 1148 1155 1187 1190; x_wconf 83' lang='grc' dir='ltr'>τῷ</span> <span class='ocrx_word' id='word_1_416' title='bbox 1198 1155 1314 1190; x_wconf 83' lang='grc' dir='ltr'>σώματι.</span> <span class='ocrx_word' id='word_1_417' title='bbox 1331 1163 1340 1179; x_wconf 73' lang='grc' dir='ltr'><strong>ι</strong></span> <span class='ocrx_word' id='word_1_418' title='bbox 1353 1153 1486 1188; x_wconf 75' lang='grc' dir='ltr'>Θεοφόρος</span> <span class='ocrx_word' id='word_1_419' title='bbox 1498 1150 1545 1178; x_wconf 76' lang='grc' dir='ltr'>οὖν</span> <span class='ocrx_word' id='word_1_420' title='bbox 1560 1151 1703 1186; x_wconf 77' lang='grc' dir='ltr'>ἄνθρωπος</span> <span class='ocrx_word' id='word_1_421' title='bbox 1711 1151 1725 1176; x_wconf 79' lang='grc' dir='ltr'>ὁ</span> <span class='ocrx_word' id='word_1_422' title='bbox 1736 1150 1807 1185; x_wconf 81' lang='grc' dir='ltr'>Χρι-</span> 
     </span>
    </p>
   </div>
   <div class='ocr_carea' id='block_1_56' title="bbox 1016 1196 1807 1235">
    <p class='ocr_par' dir='ltr' id='par_1_56' title="bbox 1016 1196 1807 1235">
     <span class='ocr_line' id='line_1_56' title="bbox 1016 1196 1807 1235; baseline -0.01 -6"><span class='ocrx_word' id='word_1_423' title='bbox 1016 1202 1088 1234; x_wconf 85' lang='grc' dir='ltr'>στός.</span> <span class='ocrx_word' id='word_1_424' title='bbox 1101 1199 1167 1228; x_wconf 74' lang='grc' dir='ltr'>Εἶτα</span> <span class='ocrx_word' id='word_1_425' title='bbox 1177 1200 1225 1227; x_wconf 77' lang='grc' dir='ltr'>καὶ</span> <span class='ocrx_word' id='word_1_426' title='bbox 1237 1199 1316 1235; x_wconf 83' lang='grc' dir='ltr'>μόνον</span> <span class='ocrx_word' id='word_1_427' title='bbox 1333 1198 1412 1225; x_wconf 83' lang='grc' dir='ltr'>τοῦτο</span> <span class='ocrx_word' id='word_1_428' title='bbox 1428 1198 1579 1233; x_wconf 76' lang='grc' dir='ltr'><strong>ἐνεργήσας</strong></span> <span class='ocrx_word' id='word_1_429' title='bbox 1600 1197 1639 1228; x_wconf 84' lang='grc' dir='ltr'><strong>είς</strong></span> <span class='ocrx_word' id='word_1_430' title='bbox 1660 1196 1807 1231; x_wconf 75' lang='grc' dir='ltr'>ἄνθρωπον</span> 
     </span>
    </p>
   </div>
   <div class='ocr_carea' id='block_1_57' title="bbox 1016 1240 1807 1280">
    <p class='ocr_par' dir='ltr' id='par_1_57' title="bbox 1016 1240 1807 1280">
     <span class='ocr_line' id='line_1_57' title="bbox 1016 1240 1807 1280; baseline -0.01 -6"><span class='ocrx_word' id='word_1_431' title='bbox 1016 1248 1030 1274; x_wconf 80' lang='grc' dir='ltr'>ὁ</span> <span class='ocrx_word' id='word_1_432' title='bbox 1042 1246 1089 1274; x_wconf 78' lang='grc' dir='ltr'>τοῦ</span> <span class='ocrx_word' id='word_1_433' title='bbox 1102 1245 1170 1273; x_wconf 75' lang='grc' dir='ltr'>Θεοῦ</span> <span class='ocrx_word' id='word_1_434' title='bbox 1186 1244 1233 1272; x_wconf 75' lang='grc' dir='ltr'><strong>καὶ</strong></span> <span class='ocrx_word' id='word_1_435' title='bbox 1248 1243 1353 1280; x_wconf 86' lang='grc' dir='ltr'>Πατρδς</span> <span class='ocrx_word' id='word_1_436' title='bbox 1362 1242 1532 1277; x_wconf 82' lang='grc' dir='ltr'><strong>διαφαίνεται</strong></span> <span class='ocrx_word' id='word_1_437' title='bbox 1546 1241 1643 1276; x_wconf 82' lang='grc' dir='ltr'>Λόγος-</span> <span class='ocrx_word' id='word_1_438' title='bbox 1654 1240 1735 1272; x_wconf 84' lang='grc' dir='ltr'>ὥστε,</span> <span class='ocrx_word' id='word_1_439' title='bbox 1751 1241 1807 1267; x_wconf 74' lang='grc' dir='ltr'>κᾶν</span> 
     </span>
    </p>
   </div>
   <div class='ocr_carea' id='block_1_58' title="bbox 1016 1285 1807 1326">
    <p class='ocr_par' dir='ltr' id='par_1_58' title="bbox 1016 1285 1807 1326">
     <span class='ocr_line' id='line_1_58' title="bbox 1016 1285 1807 1326; baseline -0.011 -6"><span class='ocrx_word' id='word_1_440' title='bbox 1016 1294 1041 1320; x_wconf 76' lang='grc' dir='ltr'>εἰ</span> <span class='ocrx_word' id='word_1_441' title='bbox 1055 1292 1129 1326; x_wconf 82' lang='grc' dir='ltr'>λέγοι</span> <span class='ocrx_word' id='word_1_442' title='bbox 1146 1291 1226 1326; x_wconf 64' lang='lat' dir='ltr'><strong>mawa</strong></span> <span class='ocrx_word' id='word_1_443' title='bbox 1240 1291 1254 1316; x_wconf 83' lang='grc' dir='ltr'>ὁ</span> <span class='ocrx_word' id='word_1_444' title='bbox 1275 1289 1409 1325; x_wconf 82' lang='grc' dir='ltr'>μακάριος</span> <span class='ocrx_word' id='word_1_445' title='bbox 1425 1287 1629 1323; x_wconf 74' lang='grc' dir='ltr'>εὐαγγελιστὴς,</span> <span class='ocrx_word' id='word_1_446' title='bbox 1648 1296 1657 1312; x_wconf 87' lang='grc' dir='ltr'><strong>ι</strong></span> <span class='ocrx_word' id='word_1_447' title='bbox 1674 1286 1704 1312; x_wconf 92' lang='lat'><strong>&#39;0</strong></span> <span class='ocrx_word' id='word_1_448' title='bbox 1717 1285 1807 1320; x_wconf 82' lang='grc' dir='ltr'>Λόγος</span> 
     </span>
    </p>
   </div>
   <div class='ocr_carea' id='block_1_59' title="bbox 1018 1331 1808 1374">
    <p class='ocr_par' dir='ltr' id='par_1_59' title="bbox 1018 1331 1808 1374">
     <span class='ocr_line' id='line_1_59' title="bbox 1018 1331 1808 1374; baseline -0.01 -9"><span class='ocrx_word' id='word_1_449' title='bbox 1018 1338 1087 1374; x_wconf 77' lang='grc' dir='ltr'>σὰρξ</span> <span class='ocrx_word' id='word_1_450' title='bbox 1097 1337 1216 1372; x_wconf 79' lang='grc' dir='ltr'>ἐγένετο,</span> <span class='ocrx_word' id='word_1_451' title='bbox 1234 1335 1281 1362; x_wconf 76' lang='grc' dir='ltr'>καὶ</span> <span class='ocrx_word' id='word_1_452' title='bbox 1292 1335 1446 1370; x_wconf 74' lang='grc' dir='ltr'><strong>ἐσκήνωσεν</strong></span> <span class='ocrx_word' id='word_1_453' title='bbox 1463 1335 1491 1360; x_wconf 80' lang='grc' dir='ltr'>ὲν</span> <span class='ocrx_word' id='word_1_454' title='bbox 1515 1334 1592 1368; x_wconf 80' lang='grc' dir='ltr'>ἡμῖν,</span> <span class='ocrx_word' id='word_1_455' title='bbox 1609 1342 1618 1358; x_wconf 77' lang='grc' dir='ltr'><strong>ι</strong></span> <span class='ocrx_word' id='word_1_456' title='bbox 1636 1331 1808 1367; x_wconf 71' lang='grc' dir='ltr'>καταδηλοῦν</span> 
     </span>
    </p>
   </div>
   <div class='ocr_carea' id='block_1_60' title="bbox 1017 1378 1807 1419">
    <p class='ocr_par' dir='ltr' id='par_1_60' title="bbox 1017 1378 1807 1419">
     <span class='ocr_line' id='line_1_60' title="bbox 1017 1378 1807 1419; baseline -0.009 -9"><span class='ocrx_word' id='word_1_457' title='bbox 1017 1384 1083 1419; x_wconf 83' lang='grc' dir='ltr'>ἡμῖν</span> <span class='ocrx_word' id='word_1_458' title='bbox 1102 1383 1196 1418; x_wconf 73' lang='grc' dir='ltr'>ἕτερον</span> <span class='ocrx_word' id='word_1_459' title='bbox 1213 1382 1298 1414; x_wconf 79' lang='grc' dir='ltr'>οὐδὲν,</span> <span class='ocrx_word' id='word_1_460' title='bbox 1313 1380 1382 1415; x_wconf 80' lang='grc' dir='ltr'>πλὴν</span> <span class='ocrx_word' id='word_1_461' title='bbox 1399 1380 1487 1406; x_wconf 76' lang='grc' dir='ltr'>ἐκεῖνο</span> <span class='ocrx_word' id='word_1_462' title='bbox 1512 1378 1559 1406; x_wconf 75' lang='grc' dir='ltr'>καὶ</span> <span class='ocrx_word' id='word_1_463' title='bbox 1578 1378 1667 1414; x_wconf 80' lang='grc' dir='ltr'>μόνον,</span> <span class='ocrx_word' id='word_1_464' title='bbox 1681 1378 1721 1404; x_wconf 80' lang='grc' dir='ltr'>ὅτι</span> <span class='ocrx_word' id='word_1_465' title='bbox 1736 1385 1807 1404; x_wconf 65' lang='grc' dir='ltr'>κατι</span> 
     </span>
    </p>
   </div>
   <div class='ocr_carea' id='block_1_61' title="bbox 1017 1424 1807 1465">
    <p class='ocr_par' dir='ltr' id='par_1_61' title="bbox 1017 1424 1807 1465">
     <span class='ocr_line' id='line_1_61' title="bbox 1017 1424 1807 1465; baseline -0.009 -9"><span class='ocrx_word' id='word_1_466' title='bbox 1017 1430 1125 1465; x_wconf 76' lang='grc' dir='ltr'>ᾤκησεν</span> <span class='ocrx_word' id='word_1_467' title='bbox 1140 1429 1169 1454; x_wconf 82' lang='grc' dir='ltr'>ὲν</span> <span class='ocrx_word' id='word_1_468' title='bbox 1179 1427 1315 1463; x_wconf 77' lang='grc' dir='ltr'>ἀνθρώπῳ</span> <span class='ocrx_word' id='word_1_469' title='bbox 1331 1426 1397 1457; x_wconf 82' lang='grc' dir='ltr'><strong>Θεὸς</strong></span> <span class='ocrx_word' id='word_1_470' title='bbox 1412 1425 1450 1452; x_wconf 84' lang='grc' dir='ltr'>ὢν</span> <span class='ocrx_word' id='word_1_471' title='bbox 1466 1425 1480 1452; x_wconf 82' lang='grc' dir='ltr'><strong>ὁ</strong></span> <span class='ocrx_word' id='word_1_472' title='bbox 1499 1425 1595 1459; x_wconf 82' lang='grc' dir='ltr'>Λόγος,</span> <span class='ocrx_word' id='word_1_473' title='bbox 1616 1424 1688 1451; x_wconf 82' lang='grc' dir='ltr'>καθὰ</span> <span class='ocrx_word' id='word_1_474' title='bbox 1707 1424 1752 1450; x_wconf 72' lang='grc' dir='ltr'>καὶ</span> <span class='ocrx_word' id='word_1_475' title='bbox 1774 1424 1807 1450; x_wconf 81' lang='grc' dir='ltr'>ὲν</span> 
     </span>
    </p>
   </div>
   <div class='ocr_carea' id='block_1_62' title="bbox 1017 1469 1808 1512">
    <p class='ocr_par' dir='ltr' id='par_1_62' title="bbox 1017 1469 1808 1512">
     <span class='ocr_line' id='line_1_62' title="bbox 1017 1469 1808 1512; baseline -0.01 -9"><span class='ocrx_word' id='word_1_476' title='bbox 1017 1477 1084 1512; x_wconf 82' lang='grc' dir='ltr'>ἡμῖν</span> <span class='ocrx_word' id='word_1_477' title='bbox 1110 1475 1212 1506; x_wconf 83' lang='grc' dir='ltr'>αὐτοῖς.</span> <span class='ocrx_word' id='word_1_478' title='bbox 1231 1473 1300 1501; x_wconf 76' lang='grc' dir='ltr'>Ναοὶ</span> <span class='ocrx_word' id='word_1_479' title='bbox 1315 1471 1370 1508; x_wconf 81' lang='grc' dir='ltr'>γάρ</span> <span class='ocrx_word' id='word_1_480' title='bbox 1389 1473 1472 1506; x_wconf 71' lang='grc' dir='ltr'>ἐσμεν</span> <span class='ocrx_word' id='word_1_481' title='bbox 1488 1470 1556 1497; x_wconf 87' lang='grc' dir='ltr'><strong>Θεοῦ</strong></span> <span class='ocrx_word' id='word_1_482' title='bbox 1580 1469 1680 1502; x_wconf 78' lang='grc' dir='ltr'>ζῶντος</span> <span class='ocrx_word' id='word_1_483' title='bbox 1691 1490 1698 1502; x_wconf 84' lang='grc'><strong>,</strong></span> <span class='ocrx_word' id='word_1_484' title='bbox 1715 1470 1763 1496; x_wconf 83' lang='grc' dir='ltr'>καὶ</span> <span class='ocrx_word' id='word_1_485' title='bbox 1775 1469 1808 1495; x_wconf 82' lang='grc' dir='ltr'>ὲν</span> 
     </span>
    </p>
   </div>
   <div class='ocr_carea' id='block_1_63' title="bbox 1018 1512 1808 1556">
    <p class='ocr_par' dir='ltr' id='par_1_63' title="bbox 1018 1512 1808 1556">
     <span class='ocr_line' id='line_1_63' title="bbox 1018 1512 1808 1556; baseline -0.009 -8"><span class='ocrx_word' id='word_1_486' title='bbox 1018 1522 1107 1556; x_wconf 83' lang='grc' dir='ltr'>τούτῳ</span> <span class='ocrx_word' id='word_1_487' title='bbox 1133 1520 1304 1555; x_wconf 83' lang='grc' dir='ltr'>γινώσκομεν</span> <span class='ocrx_word' id='word_1_488' title='bbox 1327 1518 1367 1545; x_wconf 79' lang='grc' dir='ltr'>ὅτι</span> <span class='ocrx_word' id='word_1_489' title='bbox 1394 1518 1423 1544; x_wconf 81' lang='grc' dir='ltr'>ὲν</span> <span class='ocrx_word' id='word_1_490' title='bbox 1446 1518 1514 1553; x_wconf 80' lang='grc' dir='ltr'>ἡμῖν</span> <span class='ocrx_word' id='word_1_491' title='bbox 1531 1517 1614 1549; x_wconf 77' lang='grc' dir='ltr'>ἔστιν,</span> <span class='ocrx_word' id='word_1_492' title='bbox 1629 1516 1670 1543; x_wconf 79' lang='grc' dir='ltr'>ὅτι</span> <span class='ocrx_word' id='word_1_493' title='bbox 1696 1516 1728 1542; x_wconf 79' lang='grc' dir='ltr'>ὲκ</span> <span class='ocrx_word' id='word_1_494' title='bbox 1757 1512 1808 1541; x_wconf 78' lang='grc' dir='ltr'>τοῦ</span> 
     </span>
    </p>
   </div>
   <div class='ocr_carea' id='block_1_64' title="bbox 185 1561 929 1608">
    <p class='ocr_par' dir='ltr' id='par_1_64' title="bbox 185 1567 929 1608">
     <span class='ocr_line' id='line_1_64' title="bbox 185 1567 929 1608; baseline 0.011 -15"><span class='ocrx_word' id='word_1_495' title='bbox 185 1567 212 1594; x_wconf 92' lang='lat' dir='ltr'><strong>in</strong></span> <span class='ocrx_word' id='word_1_496' title='bbox 227 1567 277 1594; x_wconf 92' lang='lat' dir='ltr'><strong>hoc</strong></span> <span class='ocrx_word' id='word_1_497' title='bbox 291 1569 482 1602; x_wconf 80' lang='lat' dir='ltr'><strong>cognoscimus</strong></span> <span class='ocrx_word' id='word_1_498' title='bbox 494 1570 564 1603; x_wconf 88' lang='lat' dir='ltr'><strong>quod</strong></span> <span class='ocrx_word' id='word_1_499' title='bbox 579 1570 605 1597; x_wconf 93' lang='lat' dir='ltr'><strong>in</strong></span> <span class='ocrx_word' id='word_1_500' title='bbox 618 1570 695 1598; x_wconf 89' lang='lat' dir='ltr'><strong>nobis</strong></span> <span class='ocrx_word' id='word_1_501' title='bbox 710 1576 762 1604; x_wconf 86' lang='lat' dir='ltr'><strong>est,</strong></span> <span class='ocrx_word' id='word_1_502' title='bbox 776 1573 840 1607; x_wconf 87' lang='lat' dir='ltr'><strong>quia</strong></span> <span class='ocrx_word' id='word_1_503' title='bbox 855 1580 888 1600; x_wconf 82' lang='lat' dir='ltr'><strong>ex</strong></span> <span class='ocrx_word' id='word_1_504' title='bbox 906 1574 929 1608; x_wconf 59' lang='lat' dir='ltr'><strong>Si</strong></span> 
     </span>
    </p>
   </div>
   <div class='ocr_carea' id='block_1_65' title="bbox 1064 1561 1808 1608">
    <p class='ocr_par' dir='ltr' id='par_1_65' title="bbox 1064 1561 1808 1602">
     <span class='ocr_line' id='line_1_65' title="bbox 1064 1561 1808 1602; baseline -0.009 -8"><span class='ocrx_word' id='word_1_505' title='bbox 1064 1567 1177 1602; x_wconf 77' lang='grc' dir='ltr'>εὐματος</span> <span class='ocrx_word' id='word_1_506' title='bbox 1204 1564 1286 1592; x_wconf 81' lang='grc' dir='ltr'>αὑτοῦ</span> <span class='ocrx_word' id='word_1_507' title='bbox 1309 1563 1510 1591; x_wconf 78' lang='grc' dir='ltr'><strong>ξδωκεν.¹Ἀλλ’</strong></span> <span class='ocrx_word' id='word_1_508' title='bbox 1525 1563 1554 1589; x_wconf 81' lang='grc' dir='ltr'>οὗ</span> <span class='ocrx_word' id='word_1_509' title='bbox 1571 1562 1650 1590; x_wconf 82' lang='grc' dir='ltr'>τοῦτο</span> <span class='ocrx_word' id='word_1_510' title='bbox 1670 1562 1720 1597; x_wconf 82' lang='grc' dir='ltr'>μὲν</span> <span class='ocrx_word' id='word_1_511' title='bbox 1741 1561 1808 1593; x_wconf 81' lang='grc' dir='ltr'>ἴσως</span> 
     </span>
    </p>
   </div>
   <div class='ocr_carea' id='block_1_66' title="bbox 185 1612 969 1647">
    <p class='ocr_par' dir='ltr' id='par_1_66' title="bbox 185 1612 969 1647">
     <span class='ocr_line' id='line_1_66' title="bbox 185 1612 969 1647; baseline 0.01 -9"><span class='ocrx_word' id='word_1_512' title='bbox 185 1612 239 1639; x_wconf 89' lang='lat' dir='ltr'><strong>ritu</strong></span> <span class='ocrx_word' id='word_1_513' title='bbox 267 1620 316 1639; x_wconf 88' lang='lat' dir='ltr'><strong>suo</strong></span> <span class='ocrx_word' id='word_1_514' title='bbox 334 1614 408 1640; x_wconf 86' lang='lat' dir='ltr'><strong>dedit</strong></span> <span class='ocrx_word' id='word_1_515' title='bbox 436 1614 515 1642; x_wconf 86' lang='lat' dir='ltr'><strong>nobis</strong></span> <span class='ocrx_word' id='word_1_516' title='bbox 543 1614 577 1642; x_wconf 80' lang='grc'><strong>³¹.</strong></span> <span class='ocrx_word' id='word_1_517' title='bbox 596 1614 648 1642; x_wconf 88' lang='lat' dir='ltr'><strong>Sed</strong></span> <span class='ocrx_word' id='word_1_518' title='bbox 675 1615 703 1643; x_wconf 88' lang='lat' dir='ltr'><strong>id</strong></span> <span class='ocrx_word' id='word_1_519' title='bbox 722 1616 837 1645; x_wconf 85' lang='lat' dir='ltr'><strong>fortasse</strong></span> <span class='ocrx_word' id='word_1_520' title='bbox 859 1619 969 1647; x_wconf 89' lang='lat' dir='ltr'><strong>mininte</strong></span> 
     </span>
    </p>
   </div>
   <div class='ocr_carea' id='block_1_67' title="bbox 184 1657 968 1694">
    <p class='ocr_par' dir='ltr' id='par_1_67' title="bbox 184 1657 968 1694">
     <span class='ocr_line' id='line_1_67' title="bbox 184 1657 968 1694; baseline 0.011 -10"><span class='ocrx_word' id='word_1_521' title='bbox 184 1657 257 1686; x_wconf 89' lang='lat' dir='ltr'><strong>dices</strong></span> <span class='ocrx_word' id='word_1_522' title='bbox 271 1679 280 1691; x_wconf 88' lang='lat'><strong>,</strong></span> <span class='ocrx_word' id='word_1_523' title='bbox 309 1659 508 1694; x_wconf 89' lang='lat' dir='ltr'><strong>blasphemiam</strong></span> <span class='ocrx_word' id='word_1_524' title='bbox 531 1661 713 1690; x_wconf 79' lang='lat' dir='ltr'><strong>reformidans</strong></span> <span class='ocrx_word' id='word_1_525' title='bbox 738 1671 746 1690; x_wconf 87' lang='lat'><strong>:</strong></span> <span class='ocrx_word' id='word_1_526' title='bbox 767 1671 800 1691; x_wconf 89' lang='lat' dir='ltr'><strong>ac</strong></span> <span class='ocrx_word' id='word_1_527' title='bbox 828 1665 968 1692; x_wconf 87' lang='lat' dir='ltr'><strong>nobiscum</strong></span> 
     </span>
    </p>
   </div>
   <div class='ocr_carea' id='block_1_68' title="bbox 185 1703 967 1739">
    <p class='ocr_par' dir='ltr' id='par_1_68' title="bbox 185 1703 967 1739">
     <span class='ocr_line' id='line_1_68' title="bbox 185 1703 967 1739; baseline 0.012 -10"><span class='ocrx_word' id='word_1_528' title='bbox 185 1703 358 1731; x_wconf 79' lang='lat' dir='ltr'><strong>conﬁteberis</strong></span> <span class='ocrx_word' id='word_1_529' title='bbox 377 1706 463 1739; x_wconf 86' lang='lat' dir='ltr'><strong>ipsum</strong></span> <span class='ocrx_word' id='word_1_530' title='bbox 479 1706 525 1733; x_wconf 89' lang='lat' dir='ltr'><strong>Dei</strong></span> <span class='ocrx_word' id='word_1_531' title='bbox 543 1704 663 1733; x_wconf 85' lang='lat' dir='ltr'><strong>Verbum</strong></span> <span class='ocrx_word' id='word_1_532' title='bbox 683 1708 819 1736; x_wconf 89' lang='lat' dir='ltr'><strong>hominem</strong></span> <span class='ocrx_word' id='word_1_533' title='bbox 837 1710 938 1738; x_wconf 81' lang='lat' dir='ltr'><strong>factum</strong></span> <span class='ocrx_word' id='word_1_534' title='bbox 960 1720 967 1738; x_wconf 88' lang='lat'><strong>:</strong></span> 
     </span>
    </p>
   </div>
   <div class='ocr_carea' id='block_1_69' title="bbox 186 1749 969 1784">
    <p class='ocr_par' dir='ltr' id='par_1_69' title="bbox 186 1749 969 1784">
     <span class='ocr_line' id='line_1_69' title="bbox 186 1749 969 1784; baseline 0.01 -8"><span class='ocrx_word' id='word_1_535' title='bbox 186 1749 266 1783; x_wconf 90' lang='lat' dir='ltr'><strong>idque</strong></span> <span class='ocrx_word' id='word_1_536' title='bbox 280 1757 341 1777; x_wconf 78' lang='lat' dir='ltr'><strong>esse</strong></span> <span class='ocrx_word' id='word_1_537' title='bbox 356 1751 569 1779; x_wconf 87' lang='lat' dir='ltr'><strong>incarnationem</strong></span> <span class='ocrx_word' id='word_1_538' title='bbox 593 1761 600 1780; x_wconf 90' lang='lat'>:</span> <span class='ocrx_word' id='word_1_539' title='bbox 623 1755 775 1782; x_wconf 88' lang='lat' dir='ltr'><strong>eonsenties</strong></span> <span class='ocrx_word' id='word_1_540' title='bbox 791 1757 873 1783; x_wconf 86' lang='lat' dir='ltr'><strong>etiam</strong></span> <span class='ocrx_word' id='word_1_541' title='bbox 893 1765 969 1784; x_wconf 84' lang='lat' dir='ltr'><strong>man-</strong></span> 
     </span>
    </p>
   </div>
   <div class='ocr_carea' id='block_1_70' title="bbox 187 1795 969 1837">
    <p class='ocr_par' dir='ltr' id='par_1_70' title="bbox 187 1795 969 1837">
     <span class='ocr_line' id='line_1_70' title="bbox 187 1795 969 1837; baseline 0.012 -16"><span class='ocrx_word' id='word_1_542' title='bbox 187 1795 255 1822; x_wconf 87' lang='lat' dir='ltr'><strong>sisse</strong></span> <span class='ocrx_word' id='word_1_543' title='bbox 269 1796 365 1828; x_wconf 85' lang='lat' dir='ltr'><strong>Deum,</strong></span> <span class='ocrx_word' id='word_1_544' title='bbox 383 1800 408 1822; x_wconf 84' lang='lat' dir='ltr'><strong>et</strong></span> <span class='ocrx_word' id='word_1_545' title='bbox 425 1804 480 1823; x_wconf 72' lang='lat' dir='ltr'><strong>sua:</strong></span> <span class='ocrx_word' id='word_1_546' title='bbox 495 1802 597 1825; x_wconf 72' lang='lat' dir='ltr'><strong>natura:</strong></span> <span class='ocrx_word' id='word_1_547' title='bbox 612 1799 696 1827; x_wconf 87' lang='lat' dir='ltr'><strong>decus</strong></span> <span class='ocrx_word' id='word_1_548' title='bbox 721 1807 855 1835; x_wconf 83' lang='lat' dir='ltr'><strong>servasse,</strong></span> <span class='ocrx_word' id='word_1_549' title='bbox 873 1810 969 1837; x_wconf 89' lang='lat' dir='ltr'><strong>quam-</strong></span> 
     </span>
    </p>
   </div>
   <div class='ocr_carea' id='block_1_71' title="bbox 186 1839 969 1882">
    <p class='ocr_par' dir='ltr' id='par_1_71' title="bbox 186 1839 969 1882">
     <span class='ocr_line' id='line_1_71' title="bbox 186 1839 969 1882; baseline 0.013 -16"><span class='ocrx_word' id='word_1_550' title='bbox 186 1840 228 1867; x_wconf 83' lang='lat' dir='ltr'><strong>vis</strong></span> <span class='ocrx_word' id='word_1_551' title='bbox 245 1841 396 1875; x_wconf 86' lang='lat' dir='ltr'><strong>appellatus</strong></span> <span class='ocrx_word' id='word_1_552' title='bbox 411 1842 445 1868; x_wconf 86' lang='lat' dir='ltr'><strong>sit</strong></span> <span class='ocrx_word' id='word_1_553' title='bbox 459 1839 546 1870; x_wconf 84' lang='lat' dir='ltr'><strong>Filius</strong></span> <span class='ocrx_word' id='word_1_554' title='bbox 569 1844 696 1878; x_wconf 84' lang='lat' dir='ltr'><strong>hominis,</strong></span> <span class='ocrx_word' id='word_1_555' title='bbox 720 1845 799 1882; x_wconf 88' lang='lat' dir='ltr'><strong>idque</strong></span> <span class='ocrx_word' id='word_1_556' title='bbox 821 1849 969 1876; x_wconf 87' lang='lat' dir='ltr'><strong>secundutn</strong></span> 
     </span>
    </p>
   </div>
   <div class='ocr_carea' id='block_1_72' title="bbox 185 1886 970 1926">
    <p class='ocr_par' dir='ltr' id='par_1_72' title="bbox 185 1886 970 1926">
     <span class='ocr_line' id='line_1_72' title="bbox 185 1886 970 1926; baseline 0.011 -14"><span class='ocrx_word' id='word_1_557' title='bbox 185 1886 327 1913; x_wconf 81' lang='lat' dir='ltr'><strong>veritatem</strong></span> <span class='ocrx_word' id='word_1_558' title='bbox 340 1886 433 1913; x_wconf 71' lang='lat' dir='ltr'><strong>fuerit.</strong></span> <span class='ocrx_word' id='word_1_559' title='bbox 451 1888 520 1920; x_wconf 83' lang='lat' dir='ltr'><strong>Quid</strong></span> <span class='ocrx_word' id='word_1_560' title='bbox 534 1888 680 1923; x_wconf 75' lang='lat' dir='ltr'><strong>igiturjam</strong></span> <span class='ocrx_word' id='word_1_561' title='bbox 697 1890 743 1917; x_wconf 90' lang='lat' dir='ltr'><strong>tibi</strong></span> <span class='ocrx_word' id='word_1_562' title='bbox 762 1892 870 1926; x_wconf 86' lang='lat' dir='ltr'><strong>accidit,</strong></span> <span class='ocrx_word' id='word_1_563' title='bbox 887 1898 917 1920; x_wconf 91' lang='lat' dir='ltr'><strong>ut</strong></span> <span class='ocrx_word' id='word_1_564' title='bbox 929 1893 970 1920; x_wconf 94' lang='lat' dir='ltr'><strong>di-</strong></span> 
     </span>
    </p>
   </div>
   <div class='ocr_carea' id='block_1_73' title="bbox 187 1929 970 1966">
    <p class='ocr_par' dir='ltr' id='par_1_73' title="bbox 187 1929 970 1966">
     <span class='ocr_line' id='line_1_73' title="bbox 187 1929 970 1966; baseline 0.01 -8"><span class='ocrx_word' id='word_1_565' title='bbox 187 1929 263 1964; x_wconf 81' lang='lat' dir='ltr'><strong>ceres</strong></span> <span class='ocrx_word' id='word_1_566' title='bbox 278 1931 364 1966; x_wconf 89' lang='lat' dir='ltr'><strong>ipsum</strong></span> <span class='ocrx_word' id='word_1_567' title='bbox 379 1931 488 1960; x_wconf 79' lang='lat' dir='ltr'><strong>Patrem</strong></span> <span class='ocrx_word' id='word_1_568' title='bbox 504 1933 583 1961; x_wconf 89' lang='lat' dir='ltr'><strong>simul</strong></span> <span class='ocrx_word' id='word_1_569' title='bbox 599 1941 691 1962; x_wconf 88' lang='lat' dir='ltr'><strong>secum</strong></span> <span class='ocrx_word' id='word_1_570' title='bbox 709 1937 851 1965; x_wconf 87' lang='lat' dir='ltr'><strong>considere</strong></span> <span class='ocrx_word' id='word_1_571' title='bbox 871 1937 970 1966; x_wconf 78' lang='lat' dir='ltr'><strong>fecisse</strong></span> 
     </span>
    </p>
   </div>
   <div class='ocr_carea' id='block_1_74' title="bbox 187 1977 971 2017">
    <p class='ocr_par' dir='ltr' id='par_1_74' title="bbox 187 1977 971 2017">
     <span class='ocr_line' id='line_1_74' title="bbox 187 1977 971 2017; baseline 0.011 -14"><span class='ocrx_word' id='word_1_572' title='bbox 187 1977 384 2004; x_wconf 88' lang='lat' dir='ltr'><strong>humanitatem</strong></span> <span class='ocrx_word' id='word_1_573' title='bbox 406 1983 594 2014; x_wconf 74' lang='lat' dir='ltr'><strong>assumptum,</strong></span> <span class='ocrx_word' id='word_1_574' title='bbox 612 1988 644 2008; x_wconf 87' lang='lat' dir='ltr'><strong>ac</strong></span> <span class='ocrx_word' id='word_1_575' title='bbox 670 1989 725 2009; x_wconf 91' lang='lat' dir='ltr'><strong>non</strong></span> <span class='ocrx_word' id='word_1_576' title='bbox 749 1983 837 2017; x_wconf 88' lang='lat' dir='ltr'><strong>potius</strong></span> <span class='ocrx_word' id='word_1_577' title='bbox 860 1984 887 2012; x_wconf 90' lang='lat' dir='ltr'><strong>in</strong></span> <span class='ocrx_word' id='word_1_578' title='bbox 915 1992 971 2012; x_wconf 75' lang='lat' dir='ltr'><strong>sua:</strong></span> 
     </span>
    </p>
   </div>
   <div class='ocr_carea' id='block_1_75' title="bbox 186 2022 971 2059">
    <p class='ocr_par' dir='ltr' id='par_1_75' title="bbox 186 2022 971 2059">
     <span class='ocr_line' id='line_1_75' title="bbox 186 2022 971 2059; baseline 0.014 -12"><span class='ocrx_word' id='word_1_579' title='bbox 186 2022 270 2057; x_wconf 87' lang='lat' dir='ltr'><strong>ipsius</strong></span> <span class='ocrx_word' id='word_1_580' title='bbox 286 2023 442 2050; x_wconf 68' lang='lat' dir='ltr'><strong>divinitatis&quot;</strong></span> <span class='ocrx_word' id='word_1_581' title='bbox 451 2024 560 2052; x_wconf 88' lang='lat' dir='ltr'><strong>sedibus</strong></span> <span class='ocrx_word' id='word_1_582' title='bbox 584 2026 738 2055; x_wconf 83' lang='lat' dir='ltr'><strong>constitisse</strong></span> <span class='ocrx_word' id='word_1_583' title='bbox 760 2036 792 2055; x_wconf 82' lang='lat' dir='ltr'><strong>ex</strong></span> <span class='ocrx_word' id='word_1_584' title='bbox 810 2029 854 2057; x_wconf 88' lang='lat' dir='ltr'><strong>Dei</strong></span> <span class='ocrx_word' id='word_1_585' title='bbox 870 2030 971 2059; x_wconf 87' lang='lat' dir='ltr'><strong>Patris-</strong></span> 
     </span>
    </p>
   </div>
   <div class='ocr_carea' id='block_1_76' title="bbox 187 2068 971 2110">
    <p class='ocr_par' dir='ltr' id='par_1_76' title="bbox 187 2068 971 2110">
     <span class='ocr_line' id='line_1_76' title="bbox 187 2068 971 2110; baseline 0.013 -17"><span class='ocrx_word' id='word_1_586' title='bbox 187 2076 238 2102; x_wconf 88' lang='lat' dir='ltr'><strong>que</strong></span> <span class='ocrx_word' id='word_1_587' title='bbox 250 2068 427 2102; x_wconf 82' lang='lat' dir='ltr'><strong>beneplaclto,</strong></span> <span class='ocrx_word' id='word_1_588' title='bbox 445 2075 533 2097; x_wconf 86' lang='lat' dir='ltr'><strong>ortum</strong></span> <span class='ocrx_word' id='word_1_589' title='bbox 545 2078 578 2098; x_wconf 80' lang='lat' dir='ltr'><strong>ex</strong></span> <span class='ocrx_word' id='word_1_590' title='bbox 592 2079 623 2099; x_wconf 96' lang='lat' dir='ltr'><strong>eo</strong></span> <span class='ocrx_word' id='word_1_591' title='bbox 641 2072 756 2100; x_wconf 89' lang='lat' dir='ltr'><strong>Verbum</strong></span> <span class='ocrx_word' id='word_1_592' title='bbox 768 2075 850 2101; x_wconf 89' lang='lat' dir='ltr'><strong>etiam</strong></span> <span class='ocrx_word' id='word_1_593' title='bbox 863 2082 971 2110; x_wconf 81' lang='lat' dir='ltr'><strong>postea-</strong></span> 
     </span>
    </p>
   </div>
   <div class='ocr_carea' id='block_1_77' title="bbox 186 2111 971 2149">
    <p class='ocr_par' dir='ltr' id='par_1_77' title="bbox 186 2111 971 2149">
     <span class='ocr_line' id='line_1_77' title="bbox 186 2111 971 2149; baseline 0.013 -13"><span class='ocrx_word' id='word_1_594' title='bbox 186 2119 268 2145; x_wconf 89' lang='lat' dir='ltr'><strong>quam</strong></span> <span class='ocrx_word' id='word_1_595' title='bbox 286 2111 390 2138; x_wconf 73' lang='lat' dir='ltr'><strong>factum</strong></span> <span class='ocrx_word' id='word_1_596' title='bbox 401 2117 443 2139; x_wconf 81' lang='lat' dir='ltr'><strong>est</strong></span> <span class='ocrx_word' id='word_1_597' title='bbox 457 2113 538 2140; x_wconf 87' lang='lat' dir='ltr'><strong>homo</strong></span> <span class='ocrx_word' id='word_1_598' title='bbox 551 2132 559 2145; x_wconf 90' lang='lat'><strong>,</strong></span> <span class='ocrx_word' id='word_1_599' title='bbox 575 2122 610 2141; x_wconf 88' lang='lat' dir='ltr'><strong>ne</strong></span> <span class='ocrx_word' id='word_1_600' title='bbox 629 2114 714 2149; x_wconf 86' lang='lat' dir='ltr'><strong>ipsius</strong></span> <span class='ocrx_word' id='word_1_601' title='bbox 733 2117 887 2145; x_wconf 86' lang='lat' dir='ltr'><strong>humanitas</strong></span> <span class='ocrx_word' id='word_1_602' title='bbox 911 2124 971 2146; x_wconf 86' lang='lat' dir='ltr'><strong>tan-</strong></span> 
     </span>
    </p>
   </div>
   <div class='ocr_carea' id='block_1_78' title="bbox 186 2158 968 2197">
    <p class='ocr_par' dir='ltr' id='par_1_78' title="bbox 186 2158 968 2197">
     <span class='ocr_line' id='line_1_78' title="bbox 186 2158 968 2197; baseline 0.013 -15"><span class='ocrx_word' id='word_1_603' title='bbox 186 2164 268 2191; x_wconf 88' lang='lat' dir='ltr'><strong>quam</strong></span> <span class='ocrx_word' id='word_1_604' title='bbox 282 2158 316 2184; x_wconf 85' lang='lat' dir='ltr'><strong>ab</strong></span> <span class='ocrx_word' id='word_1_605' title='bbox 324 2165 356 2185; x_wconf 91' lang='lat' dir='ltr'><strong>co</strong></span> <span class='ocrx_word' id='word_1_606' title='bbox 368 2159 473 2186; x_wconf 88' lang='lat' dir='ltr'><strong>diversa</strong></span> <span class='ocrx_word' id='word_1_607' title='bbox 489 2159 657 2195; x_wconf 79' lang='lat' dir='ltr'><strong>intelligatur</strong></span> <span class='ocrx_word' id='word_1_608' title='bbox 669 2167 716 2189; x_wconf 78' lang='lat' dir='ltr'><strong>aut</strong></span> <span class='ocrx_word' id='word_1_609' title='bbox 730 2162 839 2190; x_wconf 87' lang='lat' dir='ltr'><strong>dicatur</strong></span> <span class='ocrx_word' id='word_1_610' title='bbox 852 2171 867 2191; x_wconf 86' lang='lat' dir='ltr'><strong>a</strong></span> <span class='ocrx_word' id='word_1_611' title='bbox 880 2165 968 2197; x_wconf 87' lang='lat' dir='ltr'><strong>nobis,</strong></span> 
     </span>
    </p>
   </div>
   <div class='ocr_carea' id='block_1_79' title="bbox 186 2204 971 2238">
    <p class='ocr_par' dir='ltr' id='par_1_79' title="bbox 186 2204 971 2238">
     <span class='ocr_line' id='line_1_79' title="bbox 186 2204 971 2238; baseline 0.011 -10"><span class='ocrx_word' id='word_1_612' title='bbox 186 2210 246 2229; x_wconf 87' lang='lat' dir='ltr'><strong>eum</strong></span> <span class='ocrx_word' id='word_1_613' title='bbox 267 2210 328 2231; x_wconf 89' lang='lat' dir='ltr'><strong>vera</strong></span> <span class='ocrx_word' id='word_1_614' title='bbox 345 2204 410 2231; x_wconf 87' lang='lat' dir='ltr'><strong>unio</strong></span> <span class='ocrx_word' id='word_1_615' title='bbox 424 2209 451 2232; x_wconf 88' lang='lat' dir='ltr'><strong>et</strong></span> <span class='ocrx_word' id='word_1_616' title='bbox 471 2213 552 2233; x_wconf 89' lang='lat' dir='ltr'><strong>unum</strong></span> <span class='ocrx_word' id='word_1_617' title='bbox 566 2214 627 2234; x_wconf 90' lang='lat' dir='ltr'><strong>esse</strong></span> <span class='ocrx_word' id='word_1_618' title='bbox 646 2207 722 2235; x_wconf 90' lang='lat' dir='ltr'><strong>illum</strong></span> <span class='ocrx_word' id='word_1_619' title='bbox 745 2210 871 2236; x_wconf 83' lang='lat' dir='ltr'><strong>ostendat</strong></span> <span class='ocrx_word' id='word_1_620' title='bbox 893 2211 971 2238; x_wconf 92' lang='lat' dir='ltr'><strong>nobis</strong></span> 
     </span>
    </p>
   </div>
   <div class='ocr_carea' id='block_1_80' title="bbox 185 2239 1009 2284">
    <p class='ocr_par' dir='ltr' id='par_1_80' title="bbox 185 2239 1009 2284">
     <span class='ocr_line' id='line_1_80' title="bbox 185 2239 1009 2284; baseline 0.012 -10"><span class='ocrx_word' id='word_1_621' title='bbox 185 2253 213 2275; x_wconf 90' lang='lat' dir='ltr'><strong>ct</strong></span> <span class='ocrx_word' id='word_1_622' title='bbox 229 2248 288 2282; x_wconf 90' lang='lat' dir='ltr'><strong>ejus</strong></span> <span class='ocrx_word' id='word_1_623' title='bbox 306 2256 415 2277; x_wconf 86' lang='lat' dir='ltr'><strong>carnem</strong></span> <span class='ocrx_word' id='word_1_624' title='bbox 431 2258 483 2278; x_wconf 88' lang='lat' dir='ltr'><strong>non</strong></span> <span class='ocrx_word' id='word_1_625' title='bbox 506 2259 566 2279; x_wconf 87' lang='lat' dir='ltr'><strong>esse</strong></span> <span class='ocrx_word' id='word_1_626' title='bbox 582 2253 616 2280; x_wconf 84' lang='lat' dir='ltr'><strong>ab</strong></span> <span class='ocrx_word' id='word_1_627' title='bbox 630 2261 663 2280; x_wconf 89' lang='lat' dir='ltr'><strong>eo</strong></span> <span class='ocrx_word' id='word_1_628' title='bbox 686 2254 826 2282; x_wconf 83' lang='lat' dir='ltr'><strong>alienant?</strong></span> <span class='ocrx_word' id='word_1_629' title='bbox 849 2256 968 2284; x_wconf 85' lang='lat' dir='ltr'><strong>Convin-</strong></span> <span class='ocrx_word' id='word_1_630' title='bbox 987 2239 1009 2267; x_wconf 70' lang='grc' dir='ltr'>ί)</span> 
     </span>
    </p>
   </div>
   <div class='ocr_carea' id='block_1_81' title="bbox 186 2294 970 2332">
    <p class='ocr_par' dir='ltr' id='par_1_81' title="bbox 186 2294 970 2332">
     <span class='ocr_line' id='line_1_81' title="bbox 186 2294 970 2332; baseline 0.011 -12"><span class='ocrx_word' id='word_1_631' title='bbox 186 2294 257 2322; x_wconf 86' lang='lat' dir='ltr'><strong>ceris</strong></span> <span class='ocrx_word' id='word_1_632' title='bbox 271 2302 335 2329; x_wconf 83' lang='lat' dir='ltr'><strong>ergo</strong></span> <span class='ocrx_word' id='word_1_633' title='bbox 350 2295 375 2322; x_wconf 92' lang='lat' dir='ltr'><strong>in</strong></span> <span class='ocrx_word' id='word_1_634' title='bbox 388 2296 438 2322; x_wconf 87' lang='lat' dir='ltr'><strong>hoc</strong></span> <span class='ocrx_word' id='word_1_635' title='bbox 452 2303 562 2332; x_wconf 87' lang='lat' dir='ltr'><strong>quoque</strong></span> <span class='ocrx_word' id='word_1_636' title='bbox 579 2298 708 2331; x_wconf 80' lang='lat' dir='ltr'><strong>mendax,</strong></span> <span class='ocrx_word' id='word_1_637' title='bbox 724 2304 751 2327; x_wconf 86' lang='lat' dir='ltr'><strong>et</strong></span> <span class='ocrx_word' id='word_1_638' title='bbox 765 2308 780 2327; x_wconf 89' lang='lat' dir='ltr'><strong>a</strong></span> <span class='ocrx_word' id='word_1_639' title='bbox 796 2306 870 2328; x_wconf 84' lang='lat' dir='ltr'><strong>recta</strong></span> <span class='ocrx_word' id='word_1_640' title='bbox 885 2303 970 2329; x_wconf 84' lang='lat' dir='ltr'><strong>ratio-</strong></span> 
     </span>
    </p>
   </div>
   <div class='ocr_carea' id='block_1_82' title="bbox 187 2339 969 2376">
    <p class='ocr_par' dir='ltr' id='par_1_82' title="bbox 187 2339 969 2376">
     <span class='ocr_line' id='line_1_82' title="bbox 187 2339 969 2376; baseline 0.013 -11"><span class='ocrx_word' id='word_1_641' title='bbox 187 2339 323 2367; x_wconf 88' lang='lat' dir='ltr'><strong>cinatione</strong></span> <span class='ocrx_word' id='word_1_642' title='bbox 347 2348 400 2367; x_wconf 89' lang='lat' dir='ltr'><strong>non</strong></span> <span class='ocrx_word' id='word_1_643' title='bbox 420 2346 515 2376; x_wconf 81' lang='lat' dir='ltr'><strong>parum</strong></span> <span class='ocrx_word' id='word_1_644' title='bbox 538 2343 680 2370; x_wconf 87' lang='lat' dir='ltr'><strong>aberrans.</strong></span> <span class='ocrx_word' id='word_1_645' title='bbox 701 2344 741 2371; x_wconf 82' lang='lat' dir='ltr'><strong>Ac</strong></span> <span class='ocrx_word' id='word_1_646' title='bbox 762 2345 785 2372; x_wconf 87' lang='lat' dir='ltr'><strong>si</strong></span> <span class='ocrx_word' id='word_1_647' title='bbox 809 2346 876 2373; x_wconf 84' lang='lat' dir='ltr'><strong>nihil</strong></span> <span class='ocrx_word' id='word_1_648' title='bbox 898 2347 969 2374; x_wconf 87' lang='lat' dir='ltr'><strong>aliud</strong></span> 
     </span>
    </p>
   </div>
   <div class='ocr_carea' id='block_1_83' title="bbox 186 2385 970 2427">
    <p class='ocr_par' dir='ltr' id='par_1_83' title="bbox 186 2385 970 2427">
     <span class='ocr_line' id='line_1_83' title="bbox 186 2385 970 2427; baseline 0.011 -16"><span class='ocrx_word' id='word_1_649' title='bbox 186 2389 227 2411; x_wconf 81' lang='lat' dir='ltr'><strong>est</strong></span> <span class='ocrx_word' id='word_1_650' title='bbox 243 2385 334 2412; x_wconf 87' lang='lat' dir='ltr'><strong>dicere</strong></span> <span class='ocrx_word' id='word_1_651' title='bbox 348 2385 464 2414; x_wconf 79' lang='lat' dir='ltr'><strong>Verbum</strong></span> <span class='ocrx_word' id='word_1_652' title='bbox 485 2387 584 2414; x_wconf 79' lang='lat' dir='ltr'><strong>factum</strong></span> <span class='ocrx_word' id='word_1_653' title='bbox 607 2396 668 2416; x_wconf 87' lang='lat' dir='ltr'><strong>esse</strong></span> <span class='ocrx_word' id='word_1_654' title='bbox 680 2396 789 2417; x_wconf 89' lang='lat' dir='ltr'><strong>carnem</strong></span> <span class='ocrx_word' id='word_1_655' title='bbox 803 2411 810 2424; x_wconf 93' lang='lat'><strong>,</strong></span> <span class='ocrx_word' id='word_1_656' title='bbox 833 2392 884 2419; x_wconf 88' lang='lat' dir='ltr'><strong>nisi</strong></span> <span class='ocrx_word' id='word_1_657' title='bbox 899 2394 970 2427; x_wconf 91' lang='lat' dir='ltr'><strong>quod</strong></span> 
     </span>
    </p>
   </div>
   <div class='ocr_carea' id='block_1_84' title="bbox 188 2430 970 2472">
    <p class='ocr_par' dir='ltr' id='par_1_84' title="bbox 188 2430 970 2472">
     <span class='ocr_line' id='line_1_84' title="bbox 188 2430 970 2472; baseline 0.012 -16"><span class='ocrx_word' id='word_1_658' title='bbox 188 2430 289 2458; x_wconf 82' lang='lat' dir='ltr'><strong>factum</strong></span> <span class='ocrx_word' id='word_1_659' title='bbox 302 2437 343 2459; x_wconf 87' lang='lat' dir='ltr'><strong>est</strong></span> <span class='ocrx_word' id='word_1_660' title='bbox 368 2433 469 2465; x_wconf 91' lang='lat' dir='ltr'><strong>homo,</strong></span> <span class='ocrx_word' id='word_1_661' title='bbox 496 2439 602 2461; x_wconf 88' lang='lat' dir='ltr'><strong>servata</strong></span> <span class='ocrx_word' id='word_1_662' title='bbox 629 2435 789 2464; x_wconf 79' lang='lat' dir='ltr'><strong>excellentia</strong></span> <span class='ocrx_word' id='word_1_663' title='bbox 812 2438 970 2472; x_wconf 86' lang='lat' dir='ltr'><strong>divinitatis,</strong></span> 
     </span>
    </p>
   </div>
   <div class='ocr_carea' id='block_1_85' title="bbox 189 2477 969 2517">
    <p class='ocr_par' dir='ltr' id='par_1_85' title="bbox 189 2477 969 2517">
     <span class='ocr_line' id='line_1_85' title="bbox 189 2477 969 2517; baseline 0.013 -17"><span class='ocrx_word' id='word_1_664' title='bbox 189 2481 353 2510; x_wconf 87' lang='lat' dir='ltr'><strong>manensque</strong></span> <span class='ocrx_word' id='word_1_665' title='bbox 365 2477 436 2511; x_wconf 89' lang='lat' dir='ltr'><strong>quod</strong></span> <span class='ocrx_word' id='word_1_666' title='bbox 451 2482 520 2510; x_wconf 86' lang='lat' dir='ltr'><strong>erat,</strong></span> <span class='ocrx_word' id='word_1_667' title='bbox 537 2486 654 2513; x_wconf 88' lang='lat' dir='ltr'><strong>quanatn</strong></span> <span class='ocrx_word' id='word_1_668' title='bbox 671 2485 784 2508; x_wconf 81' lang='lat' dir='ltr'><strong>externa</strong></span> <span class='ocrx_word' id='word_1_669' title='bbox 798 2481 883 2516; x_wconf 81' lang='lat' dir='ltr'><strong>gloria</strong></span> <span class='ocrx_word' id='word_1_670' title='bbox 901 2490 969 2517; x_wconf 89' lang='lat' dir='ltr'><strong>opus</strong></span> 
     </span>
    </p>
   </div>
   <div class='ocr_carea' id='block_1_86' title="bbox 189 2519 969 2560">
    <p class='ocr_par' dir='ltr' id='par_1_86' title="bbox 189 2519 969 2560">
     <span class='ocr_line' id='line_1_86' title="bbox 189 2519 969 2560; baseline 0.013 -15"><span class='ocrx_word' id='word_1_671' title='bbox 189 2519 290 2552; x_wconf 85' lang='lat' dir='ltr'><strong>habuit,</strong></span> <span class='ocrx_word' id='word_1_672' title='bbox 301 2529 361 2548; x_wconf 91' lang='lat' dir='ltr'><strong>eum</strong></span> <span class='ocrx_word' id='word_1_673' title='bbox 376 2522 432 2556; x_wconf 87' lang='lat' dir='ltr'><strong>ipse</strong></span> <span class='ocrx_word' id='word_1_674' title='bbox 446 2523 575 2551; x_wconf 90' lang='lat' dir='ltr'><strong>Dominus</strong></span> <span class='ocrx_word' id='word_1_675' title='bbox 590 2529 661 2552; x_wconf 87' lang='lat' dir='ltr'><strong>esset</strong></span> <span class='ocrx_word' id='word_1_676' title='bbox 672 2526 763 2560; x_wconf 68' lang='lat' dir='ltr'><strong>gloria:</strong></span> <span class='ocrx_word' id='word_1_677' title='bbox 773 2526 784 2553; x_wconf 77' lang='grc' dir='ltr'><strong>’Ζ</strong></span> <span class='ocrx_word' id='word_1_678' title='bbox 794 2526 969 2555; x_wconf 84' lang='lat' dir='ltr'><strong>Glorilicaba-</strong></span> 
     </span>
    </p>
   </div>
   <div class='ocr_carea' id='block_1_87' title="bbox 190 2566 968 2610">
    <p class='ocr_par' dir='ltr' id='par_1_87' title="bbox 190 2566 968 2610">
     <span class='ocr_line' id='line_1_87' title="bbox 190 2566 968 2610; baseline 0.014 -20"><span class='ocrx_word' id='word_1_679' title='bbox 190 2570 233 2591; x_wconf 89' lang='lat' dir='ltr'><strong>tur</strong></span> <span class='ocrx_word' id='word_1_680' title='bbox 242 2566 314 2592; x_wconf 87' lang='lat' dir='ltr'><strong>enim</strong></span> <span class='ocrx_word' id='word_1_681' title='bbox 329 2567 388 2594; x_wconf 92' lang='lat' dir='ltr'><strong>sine</strong></span> <span class='ocrx_word' id='word_1_682' title='bbox 400 2567 492 2601; x_wconf 87' lang='lat' dir='ltr'><strong>dubio,</strong></span> <span class='ocrx_word' id='word_1_683' title='bbox 506 2569 609 2603; x_wconf 82' lang='lat' dir='ltr'><strong>Spiritu</strong></span> <span class='ocrx_word' id='word_1_684' title='bbox 623 2571 714 2598; x_wconf 88' lang='lat' dir='ltr'><strong>divina</strong></span> <span class='ocrx_word' id='word_1_685' title='bbox 727 2572 860 2601; x_wconf 82' lang='lat' dir='ltr'><strong>ellieiente</strong></span> <span class='ocrx_word' id='word_1_686' title='bbox 877 2575 968 2610; x_wconf 78' lang='lat' dir='ltr'><strong>signa,</strong></span> 
     </span>
    </p>
   </div>
   <div class='ocr_carea' id='block_1_88' title="bbox 190 2612 969 2653">
    <p class='ocr_par' dir='ltr' id='par_1_88' title="bbox 190 2612 969 2653">
     <span class='ocr_line' id='line_1_88' title="bbox 190 2612 969 2653; baseline 0.014 -17"><span class='ocrx_word' id='word_1_687' title='bbox 190 2617 241 2637; x_wconf 92' lang='lat' dir='ltr'><strong>non</strong></span> <span class='ocrx_word' id='word_1_688' title='bbox 259 2615 288 2638; x_wconf 87' lang='lat' dir='ltr'><strong>ut</strong></span> <span class='ocrx_word' id='word_1_689' title='bbox 305 2612 393 2639; x_wconf 83' lang='lat' dir='ltr'><strong>Deifer</strong></span> <span class='ocrx_word' id='word_1_690' title='bbox 410 2613 500 2646; x_wconf 88' lang='lat' dir='ltr'><strong>homo,</strong></span> <span class='ocrx_word' id='word_1_691' title='bbox 518 2616 552 2642; x_wconf 92' lang='lat' dir='ltr'><strong>ab</strong></span> <span class='ocrx_word' id='word_1_692' title='bbox 570 2621 684 2643; x_wconf 82' lang='lat' dir='ltr'><strong>externa</strong></span> <span class='ocrx_word' id='word_1_693' title='bbox 705 2618 899 2653; x_wconf 88' lang='lat' dir='ltr'><strong>superioreque</strong></span> <span class='ocrx_word' id='word_1_694' title='bbox 923 2628 969 2646; x_wconf 83' lang='lat' dir='ltr'><strong>na-</strong></span> 
     </span>
    </p>
   </div>
   <div class='ocr_carea' id='block_1_89' title="bbox 191 2662 971 2697">
    <p class='ocr_par' dir='ltr' id='par_1_89' title="bbox 191 2662 971 2697">
     <span class='ocr_line' id='line_1_89' title="bbox 191 2662 971 2697; baseline 0.012 -15"><span class='ocrx_word' id='word_1_695' title='bbox 191 2662 250 2683; x_wconf 88' lang='lat' dir='ltr'><strong>tura</strong></span> <span class='ocrx_word' id='word_1_696' title='bbox 264 2664 297 2684; x_wconf 87' lang='lat' dir='ltr'><strong>eo</strong></span> <span class='ocrx_word' id='word_1_697' title='bbox 313 2665 425 2686; x_wconf 87' lang='lat' dir='ltr'><strong>munere</strong></span> <span class='ocrx_word' id='word_1_698' title='bbox 447 2665 602 2694; x_wconf 86' lang='lat' dir='ltr'><strong>comparato</strong></span> <span class='ocrx_word' id='word_1_699' title='bbox 617 2683 625 2695; x_wconf 85' lang='lat'><strong>,</strong></span> <span class='ocrx_word' id='word_1_700' title='bbox 643 2668 672 2690; x_wconf 89' lang='lat' dir='ltr'><strong>ut</strong></span> <span class='ocrx_word' id='word_1_701' title='bbox 696 2663 773 2690; x_wconf 84' lang='lat' dir='ltr'><strong>nobis</strong></span> <span class='ocrx_word' id='word_1_702' title='bbox 793 2665 906 2697; x_wconf 85' lang='lat' dir='ltr'><strong>accidit,</strong></span> <span class='ocrx_word' id='word_1_703' title='bbox 925 2667 971 2693; x_wconf 82' lang='lat' dir='ltr'><strong>sed</strong></span> 
     </span>
    </p>
   </div>
   <div class='ocr_carea' id='block_1_90' title="bbox 191 2701 971 2739">
    <p class='ocr_par' dir='ltr' id='par_1_90' title="bbox 191 2701 971 2739">
     <span class='ocr_line' id='line_1_90' title="bbox 191 2701 971 2739; baseline 0.015 -13"><span class='ocrx_word' id='word_1_704' title='bbox 191 2701 292 2736; x_wconf 76' lang='lat' dir='ltr'><strong>Spiritu</strong></span> <span class='ocrx_word' id='word_1_705' title='bbox 308 2708 432 2736; x_wconf 89' lang='lat' dir='ltr'><strong>tanquam</strong></span> <span class='ocrx_word' id='word_1_706' title='bbox 450 2706 558 2739; x_wconf 87' lang='lat' dir='ltr'><strong>proprio</strong></span> <span class='ocrx_word' id='word_1_707' title='bbox 570 2713 645 2734; x_wconf 85' lang='lat' dir='ltr'><strong>usus.</strong></span> <span class='ocrx_word' id='word_1_708' title='bbox 673 2708 742 2735; x_wconf 84' lang='lat' dir='ltr'><strong>Deus</strong></span> <span class='ocrx_word' id='word_1_709' title='bbox 767 2709 839 2736; x_wconf 89' lang='lat' dir='ltr'><strong>enim</strong></span> <span class='ocrx_word' id='word_1_710' title='bbox 858 2716 917 2737; x_wconf 86' lang='lat' dir='ltr'><strong>erat</strong></span> <span class='ocrx_word' id='word_1_711' title='bbox 938 2719 971 2738; x_wconf 78' lang='lat' dir='ltr'><strong>ex</strong></span> 
     </span>
    </p>
   </div>
   <div class='ocr_carea' id='block_1_91' title="bbox 191 2747 969 2786">
    <p class='ocr_par' dir='ltr' id='par_1_91' title="bbox 191 2747 969 2786">
     <span class='ocr_line' id='line_1_91' title="bbox 191 2747 969 2786; baseline 0.015 -14"><span class='ocrx_word' id='word_1_712' title='bbox 191 2751 300 2780; x_wconf 85' lang='lat' dir='ltr'><strong>natura;</strong></span> <span class='ocrx_word' id='word_1_713' title='bbox 314 2747 427 2783; x_wconf 83' lang='lat' dir='ltr'><strong>ideoque</strong></span> <span class='ocrx_word' id='word_1_714' title='bbox 443 2749 557 2784; x_wconf 87' lang='lat' dir='ltr'><strong>Spiritus</strong></span> <span class='ocrx_word' id='word_1_715' title='bbox 573 2751 629 2786; x_wconf 83' lang='lat' dir='ltr'><strong>ejus</strong></span> <span class='ocrx_word' id='word_1_716' title='bbox 647 2754 678 2780; x_wconf 80' lang='lat' dir='ltr'><strong>ab</strong></span> <span class='ocrx_word' id='word_1_717' title='bbox 693 2762 726 2781; x_wconf 89' lang='lat' dir='ltr'><strong>co</strong></span> <span class='ocrx_word' id='word_1_718' title='bbox 748 2763 801 2782; x_wconf 92' lang='lat' dir='ltr'><strong>non</strong></span> <span class='ocrx_word' id='word_1_719' title='bbox 823 2761 881 2783; x_wconf 89' lang='lat' dir='ltr'><strong>erat</strong></span> <span class='ocrx_word' id='word_1_720' title='bbox 904 2757 969 2784; x_wconf 82' lang='lat' dir='ltr'><strong>alie-</strong></span> 
     </span>
    </p>
   </div>
   <div class='ocr_carea' id='block_1_92' title="bbox 224 2826 754 2865">
    <p class='ocr_par' dir='ltr' id='par_1_92' title="bbox 224 2826 754 2865">
     <span class='ocr_line' id='line_1_92' title="bbox 224 2826 754 2865; baseline 0.013 -12"><span class='ocrx_word' id='word_1_721' title='bbox 224 2826 248 2842; x_wconf 72' lang='grc' dir='ltr'><strong>⁸ο</strong></span> <span class='ocrx_word' id='word_1_722' title='bbox 267 2826 276 2853; x_wconf 89' lang='lat' dir='ltr'><strong>l</strong></span> <span class='ocrx_word' id='word_1_723' title='bbox 295 2826 356 2855; x_wconf 90' lang='lat' dir='ltr'><strong>Cor.</strong></span> <span class='ocrx_word' id='word_1_724' title='bbox 370 2835 407 2864; x_wconf 87' lang='lat' dir='ltr'><strong>vt,</strong></span> <span class='ocrx_word' id='word_1_725' title='bbox 420 2829 462 2856; x_wconf 85' lang='lat' dir='ltr'><strong>l6.</strong></span> <span class='ocrx_word' id='word_1_726' title='bbox 500 2831 520 2846; x_wconf 72' lang='grc' dir='ltr'>δι</span> <span class='ocrx_word' id='word_1_727' title='bbox 541 2829 551 2856; x_wconf 93' lang='lat' dir='ltr'><strong>l</strong></span> <span class='ocrx_word' id='word_1_728' title='bbox 567 2830 644 2858; x_wconf 81' lang='lat' dir='ltr'><strong>Joan.</strong></span> <span class='ocrx_word' id='word_1_729' title='bbox 658 2840 692 2865; x_wconf 84' lang='lat' dir='ltr'><strong>IV,</strong></span> <span class='ocrx_word' id='word_1_730' title='bbox 711 2833 754 2860; x_wconf 76' lang='grc'><strong>13.</strong></span> 
     </span>
    </p>
   </div>
   <div class='ocr_carea' id='block_1_93' title="bbox 1019 1607 1809 1647">
    <p class='ocr_par' dir='ltr' id='par_1_93' title="bbox 1019 1607 1809 1647">
     <span class='ocr_line' id='line_1_93' title="bbox 1019 1607 1809 1647; baseline -0.008 -8"><span class='ocrx_word' id='word_1_731' title='bbox 1019 1613 1100 1647; x_wconf 81' lang='grc' dir='ltr'>ἐρεῖς,</span> <span class='ocrx_word' id='word_1_732' title='bbox 1123 1611 1335 1646; x_wconf 80' lang='grc' dir='ltr'>καταναρκήσας</span> <span class='ocrx_word' id='word_1_733' title='bbox 1361 1609 1412 1645; x_wconf 82' lang='grc' dir='ltr'>τὴν</span> <span class='ocrx_word' id='word_1_734' title='bbox 1432 1609 1608 1644; x_wconf 61' lang='grc' dir='ltr'>δυσφημίαν</span> <span class='ocrx_word' id='word_1_735' title='bbox 1625 1607 1809 1643; x_wconf 78' lang='grc' dir='ltr'>ὁμολογήσεις</span> 
     </span>
    </p>
   </div>
   <div class='ocr_carea' id='block_1_94' title="bbox 1018 1654 1808 1693">
    <p class='ocr_par' dir='ltr' id='par_1_94' title="bbox 1018 1654 1808 1693">
     <span class='ocr_line' id='line_1_94' title="bbox 1018 1654 1808 1693; baseline -0.005 -9"><span class='ocrx_word' id='word_1_736' title='bbox 1018 1657 1046 1684; x_wconf 82' lang='grc' dir='ltr'>δὲ</span> <span class='ocrx_word' id='word_1_737' title='bbox 1064 1657 1123 1693; x_wconf 81' lang='grc' dir='ltr'>μεθ’</span> <span class='ocrx_word' id='word_1_738' title='bbox 1133 1657 1223 1693; x_wconf 81' lang='grc' dir='ltr'>ἡμῶν,</span> <span class='ocrx_word' id='word_1_739' title='bbox 1238 1658 1278 1684; x_wconf 84' lang='grc' dir='ltr'>ὃτι</span> <span class='ocrx_word' id='word_1_740' title='bbox 1293 1657 1404 1692; x_wconf 85' lang='grc' dir='ltr'>γέγονεν</span> <span class='ocrx_word' id='word_1_741' title='bbox 1418 1656 1561 1692; x_wconf 75' lang='grc' dir='ltr'>ἅνθρωπος</span> <span class='ocrx_word' id='word_1_742' title='bbox 1574 1656 1588 1681; x_wconf 84' lang='grc' dir='ltr'>ὁ</span> <span class='ocrx_word' id='word_1_743' title='bbox 1602 1655 1650 1682; x_wconf 84' lang='grc' dir='ltr'>τοῦ</span> <span class='ocrx_word' id='word_1_744' title='bbox 1665 1654 1734 1681; x_wconf 85' lang='grc' dir='ltr'>Θεοῦ</span> <span class='ocrx_word' id='word_1_745' title='bbox 1753 1654 1808 1681; x_wconf 86' lang='lat' dir='ltr'><strong>A6-</strong></span> 
     </span>
    </p>
   </div>
   <div class='ocr_carea' id='block_1_95' title="bbox 1019 1700 1809 1738">
    <p class='ocr_par' dir='ltr' id='par_1_95' title="bbox 1019 1700 1809 1738">
     <span class='ocr_line' id='line_1_95' title="bbox 1019 1700 1809 1738; baseline -0.003 -10"><span class='ocrx_word' id='word_1_746' title='bbox 1019 1710 1084 1736; x_wconf 87' lang='grc' dir='ltr'>γος·</span> <span class='ocrx_word' id='word_1_747' title='bbox 1100 1704 1146 1729; x_wconf 75' lang='grc' dir='ltr'>καὶ</span> <span class='ocrx_word' id='word_1_748' title='bbox 1176 1702 1254 1730; x_wconf 75' lang='grc' dir='ltr'>τοῦτό</span> <span class='ocrx_word' id='word_1_749' title='bbox 1275 1703 1348 1729; x_wconf 76' lang='grc' dir='ltr'>ἐστιν</span> <span class='ocrx_word' id='word_1_750' title='bbox 1361 1703 1378 1738; x_wconf 84' lang='grc' dir='ltr'><strong>ἡ</strong></span> <span class='ocrx_word' id='word_1_751' title='bbox 1398 1703 1547 1738; x_wconf 83' lang='grc' dir='ltr'>σάρκωσις.</span> <span class='ocrx_word' id='word_1_752' title='bbox 1569 1701 1694 1736; x_wconf 80' lang='grc' dir='ltr'>Συνθήσῃ</span> <span class='ocrx_word' id='word_1_753' title='bbox 1713 1700 1751 1733; x_wconf 83' lang='grc' dir='ltr'>δὲ,</span> <span class='ocrx_word' id='word_1_754' title='bbox 1765 1701 1809 1727; x_wconf 81' lang='grc' dir='ltr'>ὃτι</span> 
     </span>
    </p>
   </div>
   <div class='ocr_carea' id='block_1_96' title="bbox 1021 1746 1809 1784">
    <p class='ocr_par' dir='ltr' id='par_1_96' title="bbox 1021 1746 1809 1784">
     <span class='ocr_line' id='line_1_96' title="bbox 1021 1746 1809 1784; baseline -0.001 -11"><span class='ocrx_word' id='word_1_755' title='bbox 1021 1748 1160 1783; x_wconf 76' lang='grc' dir='ltr'>μεμένηκε</span> <span class='ocrx_word' id='word_1_756' title='bbox 1176 1748 1253 1781; x_wconf 83' lang='grc' dir='ltr'><strong>Θεὸς,</strong></span> <span class='ocrx_word' id='word_1_757' title='bbox 1269 1749 1316 1775; x_wconf 71' lang='grc' dir='ltr'><strong>καὶ</strong></span> <span class='ocrx_word' id='word_1_758' title='bbox 1331 1749 1361 1775; x_wconf 83' lang='grc' dir='ltr'><strong>τὺ</strong></span> <span class='ocrx_word' id='word_1_759' title='bbox 1378 1749 1428 1784; x_wconf 83' lang='grc' dir='ltr'><strong>τῆς</strong></span> <span class='ocrx_word' id='word_1_760' title='bbox 1451 1748 1519 1779; x_wconf 72' lang='grc' dir='ltr'>ιδίας</span> <span class='ocrx_word' id='word_1_761' title='bbox 1538 1748 1645 1782; x_wconf 77' lang='grc' dir='ltr'>φύσεως</span> <span class='ocrx_word' id='word_1_762' title='bbox 1658 1746 1809 1773; x_wconf 79' lang='grc' dir='ltr'>διεσώσατο</span> 
     </span>
    </p>
   </div>
   <div class='ocr_carea' id='block_1_97' title="bbox 1019 1792 1808 1830">
    <p class='ocr_par' dir='ltr' id='par_1_97' title="bbox 1019 1792 1808 1830">
     <span class='ocr_line' id='line_1_97' title="bbox 1019 1792 1808 1830; baseline -0.003 -11"><span class='ocrx_word' id='word_1_763' title='bbox 1019 1792 1134 1826; x_wconf 81' lang='grc' dir='ltr'>κάλλος·</span> <span class='ocrx_word' id='word_1_764' title='bbox 1152 1794 1204 1820; x_wconf 83' lang='grc' dir='ltr'>κᾶν</span> <span class='ocrx_word' id='word_1_765' title='bbox 1225 1795 1249 1820; x_wconf 82' lang='grc' dir='ltr'><strong>εί</strong></span> <span class='ocrx_word' id='word_1_766' title='bbox 1275 1795 1478 1830; x_wconf 84' lang='grc' dir='ltr'>κεχρημάτικεν</span> <span class='ocrx_word' id='word_1_767' title='bbox 1501 1794 1565 1825; x_wconf 83' lang='grc' dir='ltr'>Υἱὸς</span> <span class='ocrx_word' id='word_1_768' title='bbox 1586 1792 1744 1828; x_wconf 78' lang='grc' dir='ltr'>ἀνθρώπου,</span> <span class='ocrx_word' id='word_1_769' title='bbox 1759 1792 1808 1826; x_wconf 87' lang='grc' dir='ltr'>γέ-</span> 
     </span>
    </p>
   </div>
   <div class='ocr_carea' id='block_1_98' title="bbox 1019 1837 1809 1875">
    <p class='ocr_par' dir='ltr' id='par_1_98' title="bbox 1019 1837 1809 1875">
     <span class='ocr_line' id='line_1_98' title="bbox 1019 1837 1809 1875; baseline -0.003 -9"><span class='ocrx_word' id='word_1_770' title='bbox 1019 1839 1081 1873; x_wconf 85' lang='grc' dir='ltr'>γονέ</span> <span class='ocrx_word' id='word_1_771' title='bbox 1095 1848 1124 1866; x_wconf 85' lang='grc' dir='ltr'><strong>τε</strong></span> <span class='ocrx_word' id='word_1_772' title='bbox 1136 1839 1214 1866; x_wconf 81' lang='grc' dir='ltr'>τοῦτο</span> <span class='ocrx_word' id='word_1_773' title='bbox 1225 1840 1295 1867; x_wconf 82' lang='grc' dir='ltr'>κατὰ</span> <span class='ocrx_word' id='word_1_774' title='bbox 1304 1837 1518 1875; x_wconf 78' lang='grc' dir='ltr'>ἀλήθειαν.Εἷτα</span> <span class='ocrx_word' id='word_1_775' title='bbox 1534 1839 1560 1865; x_wconf 81' lang='grc' dir='ltr'><strong>τί</strong></span> <span class='ocrx_word' id='word_1_776' title='bbox 1576 1838 1669 1874; x_wconf 84' lang='grc' dir='ltr'>μαθὼν</span> <span class='ocrx_word' id='word_1_777' title='bbox 1684 1838 1740 1874; x_wconf 81' lang='grc' dir='ltr'><strong>[ισ.</strong></span> <span class='ocrx_word' id='word_1_778' title='bbox 1753 1847 1809 1864; x_wconf 80' lang='grc' dir='ltr'>πα-</span> 
     </span>
    </p>
   </div>
   <div class='ocr_carea' id='block_1_99' title="bbox 1021 1883 1809 1920">
    <p class='ocr_par' dir='ltr' id='par_1_99' title="bbox 1021 1883 1809 1920">
     <span class='ocr_line' id='line_1_99' title="bbox 1021 1883 1809 1920; baseline -0.001 -10"><span class='ocrx_word' id='word_1_779' title='bbox 1021 1883 1097 1919; x_wconf 86' lang='grc' dir='ltr'>θὼν],</span> <span class='ocrx_word' id='word_1_780' title='bbox 1118 1885 1281 1919; x_wconf 82' lang='grc' dir='ltr'>συγκαθίσαι</span> <span class='ocrx_word' id='word_1_781' title='bbox 1299 1885 1352 1920; x_wconf 75' lang='grc' dir='ltr'>φὴς</span> <span class='ocrx_word' id='word_1_782' title='bbox 1369 1885 1458 1920; x_wconf 80' lang='grc' dir='ltr'>ἐαυτῷ</span> <span class='ocrx_word' id='word_1_783' title='bbox 1478 1884 1523 1911; x_wconf 78' lang='grc' dir='ltr'>τὸν</span> <span class='ocrx_word' id='word_1_784' title='bbox 1541 1884 1662 1920; x_wconf 78' lang='grc' dir='ltr'>Πατέρα,</span> <span class='ocrx_word' id='word_1_785' title='bbox 1676 1884 1728 1918; x_wconf 82' lang='grc' dir='ltr'>τὴν</span> <span class='ocrx_word' id='word_1_786' title='bbox 1743 1884 1809 1910; x_wconf 80' lang='grc' dir='ltr'>ἀνα-</span> 
     </span>
    </p>
   </div>
   <div class='ocr_carea' id='block_1_100' title="bbox 1020 1928 1809 1965">
    <p class='ocr_par' dir='ltr' id='par_1_100' title="bbox 1020 1928 1809 1965">
     <span class='ocr_line' id='line_1_100' title="bbox 1020 1928 1809 1965; baseline 0.001 -11"><span class='ocrx_word' id='word_1_787' title='bbox 1020 1928 1169 1962; x_wconf 55' lang='grc' dir='ltr'>ληιρθεῖσαν</span> <span class='ocrx_word' id='word_1_788' title='bbox 1190 1930 1397 1965; x_wconf 78' lang='grc' dir='ltr'>ἀνθρωπότητα,</span> <span class='ocrx_word' id='word_1_789' title='bbox 1416 1930 1463 1956; x_wconf 78' lang='grc' dir='ltr'>καὶ</span> <span class='ocrx_word' id='word_1_790' title='bbox 1488 1929 1548 1964; x_wconf 70' lang='grc' dir='ltr'><strong>οὐχὶ</strong></span> <span class='ocrx_word' id='word_1_791' title='bbox 1564 1929 1596 1965; x_wconf 85' lang='grc' dir='ltr'>δὴ</span> <span class='ocrx_word' id='word_1_792' title='bbox 1613 1929 1724 1964; x_wconf 82' lang='grc' dir='ltr'>μᾶλλον,</span> <span class='ocrx_word' id='word_1_793' title='bbox 1751 1931 1809 1961; x_wconf 62' lang='grc' dir='ltr'>τοῖς</span> 
     </span>
    </p>
   </div>
   <div class='ocr_carea' id='block_1_101' title="bbox 1020 1974 1809 2010">
    <p class='ocr_par' dir='ltr' id='par_1_101' title="bbox 1020 1974 1809 2010">
     <span class='ocr_line' id='line_1_101' title="bbox 1020 1974 1809 2010; baseline 0.001 -10"><span class='ocrx_word' id='word_1_794' title='bbox 1020 1975 1068 2009; x_wconf 84' lang='grc' dir='ltr'>τῆς</span> <span class='ocrx_word' id='word_1_795' title='bbox 1085 1974 1152 2006; x_wconf 73' lang='grc' dir='ltr'>ἰδίοις</span> <span class='ocrx_word' id='word_1_796' title='bbox 1168 1975 1296 2010; x_wconf 77' lang='grc' dir='ltr'><strong>θεότητος</strong></span> <span class='ocrx_word' id='word_1_797' title='bbox 1306 1975 1459 2010; x_wconf 78' lang='grc' dir='ltr'>ὲνιδρύσθαι</span> <span class='ocrx_word' id='word_1_798' title='bbox 1474 1975 1583 2006; x_wconf 77' lang='grc' dir='ltr'>θώκοις,</span> <span class='ocrx_word' id='word_1_799' title='bbox 1597 1975 1626 2000; x_wconf 84' lang='grc' dir='ltr'>ὲν</span> <span class='ocrx_word' id='word_1_800' title='bbox 1637 1974 1749 2010; x_wconf 77' lang='grc' dir='ltr'>εὐδοκίᾳ</span> <span class='ocrx_word' id='word_1_801' title='bbox 1759 1974 1809 2001; x_wconf 79' lang='grc' dir='ltr'>τοῦ</span> 
     </span>
    </p>
   </div>
   <div class='ocr_carea' id='block_1_102' title="bbox 1021 2019 1809 2055">
    <p class='ocr_par' dir='ltr' id='par_1_102' title="bbox 1021 2019 1809 2055">
     <span class='ocr_line' id='line_1_102' title="bbox 1021 2019 1809 2055; baseline 0 -10"><span class='ocrx_word' id='word_1_802' title='bbox 1021 2019 1088 2045; x_wconf 79' lang='grc' dir='ltr'>Θεοῦ</span> <span class='ocrx_word' id='word_1_803' title='bbox 1116 2020 1161 2046; x_wconf 71' lang='grc' dir='ltr'>καὶ</span> <span class='ocrx_word' id='word_1_804' title='bbox 1179 2019 1285 2055; x_wconf 82' lang='grc' dir='ltr'>Πατρὺς</span> <span class='ocrx_word' id='word_1_805' title='bbox 1298 2040 1305 2052; x_wconf 93' lang='grc'><strong>,</strong></span> <span class='ocrx_word' id='word_1_806' title='bbox 1324 2020 1370 2046; x_wconf 52' lang='grc' dir='ltr'><strong>καὶ¹</strong></span> <span class='ocrx_word' id='word_1_807' title='bbox 1389 2020 1532 2055; x_wconf 84' lang='grc' dir='ltr'>ἄνθρωπον</span> <span class='ocrx_word' id='word_1_808' title='bbox 1552 2019 1682 2053; x_wconf 78' lang='grc' dir='ltr'>γεγονότα</span> <span class='ocrx_word' id='word_1_809' title='bbox 1708 2019 1755 2046; x_wconf 74' lang='grc' dir='ltr'><strong>τὸν</strong></span> <span class='ocrx_word' id='word_1_810' title='bbox 1778 2020 1809 2052; x_wconf 76' lang='grc' dir='ltr'><strong>ἐξ</strong></span> 
     </span>
    </p>
   </div>
   <div class='ocr_carea' id='block_1_103' title="bbox 1021 2065 1809 2101">
    <p class='ocr_par' dir='ltr' id='par_1_103' title="bbox 1021 2065 1809 2101">
     <span class='ocr_line' id='line_1_103' title="bbox 1021 2065 1809 2101; baseline -0.001 -9"><span class='ocrx_word' id='word_1_811' title='bbox 1021 2065 1105 2092; x_wconf 84' lang='grc' dir='ltr'>αὑτοῦ</span> <span class='ocrx_word' id='word_1_812' title='bbox 1118 2065 1204 2100; x_wconf 79' lang='grc' dir='ltr'>φύντα</span> <span class='ocrx_word' id='word_1_813' title='bbox 1221 2065 1317 2099; x_wconf 86' lang='grc' dir='ltr'>Λόγον,</span> <span class='ocrx_word' id='word_1_814' title='bbox 1335 2066 1378 2092; x_wconf 84' lang='grc' dir='ltr'><strong>ἴνα</strong></span> <span class='ocrx_word' id='word_1_815' title='bbox 1396 2065 1433 2101; x_wconf 82' lang='grc' dir='ltr'>μὴ</span> <span class='ocrx_word' id='word_1_816' title='bbox 1445 2065 1483 2097; x_wconf 81' lang='grc' dir='ltr'>ὡς</span> <span class='ocrx_word' id='word_1_817' title='bbox 1495 2065 1576 2100; x_wconf 75' lang='grc' dir='ltr'>ἑτέρα</span> <span class='ocrx_word' id='word_1_818' title='bbox 1590 2073 1631 2096; x_wconf 82' lang='grc' dir='ltr'><strong>τις</strong></span> <span class='ocrx_word' id='word_1_819' title='bbox 1646 2066 1713 2099; x_wconf 79' lang='grc' dir='ltr'>παρ’</span> <span class='ocrx_word' id='word_1_820' title='bbox 1726 2065 1809 2092; x_wconf 76' lang='grc' dir='ltr'>αὐτὸν</span> 
     </span>
    </p>
   </div>
   <div class='ocr_carea' id='block_1_104' title="bbox 1022 2110 1808 2146">
    <p class='ocr_par' dir='ltr' id='par_1_104' title="bbox 1022 2110 1808 2146">
     <span class='ocr_line' id='line_1_104' title="bbox 1022 2110 1808 2146; baseline 0.001 -10"><span class='ocrx_word' id='word_1_821' title='bbox 1022 2110 1038 2145; x_wconf 83' lang='grc' dir='ltr'><strong>ἡ</strong></span> <span class='ocrx_word' id='word_1_822' title='bbox 1052 2110 1228 2146; x_wconf 77' lang='grc' dir='ltr'>ἀνθρωπότης</span> <span class='ocrx_word' id='word_1_823' title='bbox 1241 2110 1323 2136; x_wconf 81' lang='grc' dir='ltr'>αὐτοῦ</span> <span class='ocrx_word' id='word_1_824' title='bbox 1343 2111 1412 2146; x_wconf 84' lang='grc' dir='ltr'>πρὸς</span> <span class='ocrx_word' id='word_1_825' title='bbox 1431 2110 1509 2146; x_wconf 82' lang='grc' dir='ltr'>ἡμῶν</span> <span class='ocrx_word' id='word_1_826' title='bbox 1525 2112 1610 2137; x_wconf 84' lang='grc' dir='ltr'>νοοῖτο</span> <span class='ocrx_word' id='word_1_827' title='bbox 1627 2111 1673 2136; x_wconf 75' lang='grc' dir='ltr'>καὶ</span> <span class='ocrx_word' id='word_1_828' title='bbox 1690 2110 1808 2145; x_wconf 79' lang='grc' dir='ltr'>λέγοιτο,</span> 
     </span>
    </p>
   </div>
   <div class='ocr_carea' id='block_1_105' title="bbox 1021 2155 1811 2191">
    <p class='ocr_par' dir='ltr' id='par_1_105' title="bbox 1021 2155 1811 2191">
     <span class='ocr_line' id='line_1_105' title="bbox 1021 2155 1811 2191; baseline 0 -9"><span class='ocrx_word' id='word_1_829' title='bbox 1021 2155 1109 2182; x_wconf 76' lang='grc' dir='ltr'>καίτοι</span> <span class='ocrx_word' id='word_1_830' title='bbox 1118 2155 1168 2190; x_wconf 82' lang='grc' dir='ltr'>τῆς</span> <span class='ocrx_word' id='word_1_831' title='bbox 1179 2156 1249 2182; x_wconf 71' lang='grc' dir='ltr'>κατὰ</span> <span class='ocrx_word' id='word_1_832' title='bbox 1266 2157 1396 2191; x_wconf 87' lang='grc' dir='ltr'>ἀλήθειαν</span> <span class='ocrx_word' id='word_1_833' title='bbox 1413 2156 1544 2188; x_wconf 82' lang='grc' dir='ltr'>ἑνώσεως,</span> <span class='ocrx_word' id='word_1_834' title='bbox 1559 2156 1607 2183; x_wconf 75' lang='grc' dir='ltr'>ἕνα</span> <span class='ocrx_word' id='word_1_835' title='bbox 1618 2164 1649 2182; x_wconf 80' lang='grc' dir='ltr'><strong>τε</strong></span> <span class='ocrx_word' id='word_1_836' title='bbox 1661 2157 1729 2191; x_wconf 80' lang='grc' dir='ltr'>ἡμῖν</span> <span class='ocrx_word' id='word_1_837' title='bbox 1742 2157 1811 2183; x_wconf 71' lang='grc' dir='ltr'><strong>ἀπο-</strong></span> 
     </span>
    </p>
   </div>
   <div class='ocr_carea' id='block_1_106' title="bbox 1022 2201 1811 2238">
    <p class='ocr_par' dir='ltr' id='par_1_106' title="bbox 1022 2201 1811 2238">
     <span class='ocr_line' id='line_1_106' title="bbox 1022 2201 1811 2238; baseline 0.001 -11"><span class='ocrx_word' id='word_1_838' title='bbox 1022 2201 1170 2236; x_wconf 72' lang='grc' dir='ltr'>φαινούσης</span> <span class='ocrx_word' id='word_1_839' title='bbox 1181 2201 1273 2233; x_wconf 74' lang='grc' dir='ltr'>αὐτὸν,</span> <span class='ocrx_word' id='word_1_840' title='bbox 1285 2202 1332 2228; x_wconf 79' lang='grc' dir='ltr'>καὶ</span> <span class='ocrx_word' id='word_1_841' title='bbox 1343 2201 1393 2228; x_wconf 82' lang='grc' dir='ltr'>οὐκ</span> <span class='ocrx_word' id='word_1_842' title='bbox 1404 2201 1544 2237; x_wconf 82' lang='grc' dir='ltr'>ἀλλότριον</span> <span class='ocrx_word' id='word_1_843' title='bbox 1559 2201 1642 2228; x_wconf 77' lang='grc' dir='ltr'>αὐτοῦ</span> <span class='ocrx_word' id='word_1_844' title='bbox 1657 2202 1708 2238; x_wconf 86' lang='grc' dir='ltr'>τὴν</span> <span class='ocrx_word' id='word_1_845' title='bbox 1720 2202 1811 2237; x_wconf 75' lang='grc' dir='ltr'>σάρκα</span> 
     </span>
    </p>
   </div>
   <div class='ocr_carea' id='block_1_107' title="bbox 1023 2245 1811 2282">
    <p class='ocr_par' dir='ltr' id='par_1_107' title="bbox 1023 2245 1811 2282">
     <span class='ocr_line' id='line_1_107' title="bbox 1023 2245 1811 2282; baseline 0 -9"><span class='ocrx_word' id='word_1_846' title='bbox 1023 2247 1121 2280; x_wconf 71' lang='grc' dir='ltr'><strong>ω)τοῦ;</strong></span> <span class='ocrx_word' id='word_1_847' title='bbox 1139 2247 1298 2282; x_wconf 76' lang='grc' dir='ltr'>Ψευδοεπὴς</span> <span class='ocrx_word' id='word_1_848' title='bbox 1310 2245 1357 2274; x_wconf 86' lang='grc' dir='ltr'>οὖν</span> <span class='ocrx_word' id='word_1_849' title='bbox 1379 2247 1444 2282; x_wconf 81' lang='grc' dir='ltr'>ἄρα,</span> <span class='ocrx_word' id='word_1_850' title='bbox 1461 2247 1508 2274; x_wconf 72' lang='grc' dir='ltr'>καὶ</span> <span class='ocrx_word' id='word_1_851' title='bbox 1527 2247 1659 2282; x_wconf 80' lang='grc' dir='ltr'>λογισμοῦ</span> <span class='ocrx_word' id='word_1_852' title='bbox 1678 2246 1728 2273; x_wconf 82' lang='grc' dir='ltr'>τοῦ</span> <span class='ocrx_word' id='word_1_853' title='bbox 1743 2247 1811 2274; x_wconf 79' lang='grc' dir='ltr'>καθ-</span> 
     </span>
    </p>
   </div>
   <div class='ocr_carea' id='block_1_108' title="bbox 1022 2292 1808 2328">
    <p class='ocr_par' dir='ltr' id='par_1_108' title="bbox 1022 2292 1808 2328">
     <span class='ocr_line' id='line_1_108' title="bbox 1022 2292 1808 2328; baseline 0 -9"><span class='ocrx_word' id='word_1_854' title='bbox 1022 2293 1135 2328; x_wconf 79' lang='grc' dir='ltr'>ήκοντος</span> <span class='ocrx_word' id='word_1_855' title='bbox 1145 2293 1175 2319; x_wconf 79' lang='grc' dir='ltr'>οὺ</span> <span class='ocrx_word' id='word_1_856' title='bbox 1193 2293 1311 2328; x_wconf 77' lang='grc' dir='ltr'>μετρίως</span> <span class='ocrx_word' id='word_1_857' title='bbox 1324 2292 1504 2328; x_wconf 77' lang='grc' dir='ltr'>ἡμαρτηκὼς,</span> <span class='ocrx_word' id='word_1_858' title='bbox 1525 2293 1623 2328; x_wconf 75' lang='grc' dir='ltr'>ἁλίσκῃ</span> <span class='ocrx_word' id='word_1_859' title='bbox 1640 2293 1693 2319; x_wconf 78' lang='grc' dir='ltr'>κάν</span> <span class='ocrx_word' id='word_1_860' title='bbox 1708 2292 1808 2328; x_wconf 82' lang='grc' dir='ltr'>τούτῳ.</span> 
     </span>
    </p>
   </div>
   <div class='ocr_carea' id='block_1_109' title="bbox 1022 2337 1812 2374">
    <p class='ocr_par' dir='ltr' id='par_1_109' title="bbox 1022 2337 1812 2374">
     <span class='ocr_line' id='line_1_109' title="bbox 1022 2337 1812 2374; baseline -0.001 -9"><span class='ocrx_word' id='word_1_861' title='bbox 1022 2339 1076 2365; x_wconf 77' lang='grc' dir='ltr'><strong>Καὶ</strong></span> <span class='ocrx_word' id='word_1_862' title='bbox 1090 2340 1114 2364; x_wconf 84' lang='grc' dir='ltr'><strong>εί</strong></span> <span class='ocrx_word' id='word_1_863' title='bbox 1137 2339 1220 2374; x_wconf 80' lang='grc' dir='ltr'>μηδὲν</span> <span class='ocrx_word' id='word_1_864' title='bbox 1237 2338 1329 2374; x_wconf 69' lang='grc' dir='ltr'>ἕτερόν</span> <span class='ocrx_word' id='word_1_865' title='bbox 1349 2339 1407 2365; x_wconf 71' lang='grc' dir='ltr'>ἐστι</span> <span class='ocrx_word' id='word_1_866' title='bbox 1428 2338 1458 2364; x_wconf 79' lang='grc' dir='ltr'>τὸ</span> <span class='ocrx_word' id='word_1_867' title='bbox 1482 2337 1604 2373; x_wconf 77' lang='grc' dir='ltr'>φάναιδὴ</span> <span class='ocrx_word' id='word_1_868' title='bbox 1623 2339 1713 2373; x_wconf 81' lang='grc' dir='ltr'>σάρκα</span> <span class='ocrx_word' id='word_1_869' title='bbox 1728 2347 1812 2372; x_wconf 76' lang='grc' dir='ltr'>γεγεο</span> 
     </span>
    </p>
   </div>
   <div class='ocr_carea' id='block_1_110' title="bbox 1021 2384 1810 2420">
    <p class='ocr_par' dir='ltr' id='par_1_110' title="bbox 1021 2384 1810 2420">
     <span class='ocr_line' id='line_1_110' title="bbox 1021 2384 1810 2420; baseline 0 -9"><span class='ocrx_word' id='word_1_870' title='bbox 1021 2384 1118 2420; x_wconf 80' lang='grc' dir='ltr'>νῆσθαι</span> <span class='ocrx_word' id='word_1_871' title='bbox 1131 2385 1176 2412; x_wconf 77' lang='grc' dir='ltr'>τὸν</span> <span class='ocrx_word' id='word_1_872' title='bbox 1194 2385 1290 2419; x_wconf 85' lang='grc' dir='ltr'>Λόγον,</span> <span class='ocrx_word' id='word_1_873' title='bbox 1306 2385 1322 2420; x_wconf 79' lang='grc' dir='ltr'><strong>ἥ</strong></span> <span class='ocrx_word' id='word_1_874' title='bbox 1336 2385 1377 2411; x_wconf 79' lang='grc' dir='ltr'>ὅτι</span> <span class='ocrx_word' id='word_1_875' title='bbox 1393 2384 1506 2419; x_wconf 86' lang='grc' dir='ltr'>γέγονεν</span> <span class='ocrx_word' id='word_1_876' title='bbox 1520 2384 1664 2420; x_wconf 79' lang='grc' dir='ltr'>ἄνθρωπος</span> <span class='ocrx_word' id='word_1_877' title='bbox 1677 2386 1707 2412; x_wconf 83' lang='grc' dir='ltr'>ἐν</span> <span class='ocrx_word' id='word_1_878' title='bbox 1723 2385 1810 2420; x_wconf 84' lang='grc' dir='ltr'>ὑπερ-</span> 
     </span>
    </p>
   </div>
   <div class='ocr_carea' id='block_1_111' title="bbox 1021 2428 1812 2466">
    <p class='ocr_par' dir='ltr' id='par_1_111' title="bbox 1021 2428 1812 2466">
     <span class='ocr_line' id='line_1_111' title="bbox 1021 2428 1812 2466; baseline 0 -9"><span class='ocrx_word' id='word_1_879' title='bbox 1021 2433 1070 2466; x_wconf 83' lang='grc' dir='ltr'>οχῇ</span> <span class='ocrx_word' id='word_1_880' title='bbox 1083 2431 1208 2465; x_wconf 81' lang='grc' dir='ltr'>θεότητος</span> <span class='ocrx_word' id='word_1_881' title='bbox 1220 2430 1269 2464; x_wconf 83' lang='grc' dir='ltr'>ὢν,</span> <span class='ocrx_word' id='word_1_882' title='bbox 1285 2431 1332 2457; x_wconf 74' lang='grc' dir='ltr'>καὶ</span> <span class='ocrx_word' id='word_1_883' title='bbox 1353 2429 1515 2466; x_wconf 83' lang='grc' dir='ltr'>μεμενηκὼς</span> <span class='ocrx_word' id='word_1_884' title='bbox 1539 2431 1607 2465; x_wconf 78' lang='grc' dir='ltr'>ὅπερ</span> <span class='ocrx_word' id='word_1_885' title='bbox 1620 2428 1666 2465; x_wconf 82' lang='grc' dir='ltr'>ἦν,</span> <span class='ocrx_word' id='word_1_886' title='bbox 1679 2431 1762 2462; x_wconf 82' lang='grc' dir='ltr'>ποίας</span> <span class='ocrx_word' id='word_1_887' title='bbox 1777 2430 1812 2457; x_wconf 83' lang='grc' dir='ltr'>ἂν</span> 
     </span>
    </p>
   </div>
   <div class='ocr_carea' id='block_1_112' title="bbox 1023 2474 1811 2511">
    <p class='ocr_par' dir='ltr' id='par_1_112' title="bbox 1023 2474 1811 2511">
     <span class='ocr_line' id='line_1_112' title="bbox 1023 2474 1811 2511; baseline 0 -10"><span class='ocrx_word' id='word_1_888' title='bbox 1023 2475 1120 2511; x_wconf 80' lang='grc' dir='ltr'><strong>ἐδεήθη</strong></span> <span class='ocrx_word' id='word_1_889' title='bbox 1138 2475 1187 2510; x_wconf 82' lang='grc' dir='ltr'>τῆς</span> <span class='ocrx_word' id='word_1_890' title='bbox 1203 2475 1302 2508; x_wconf 75' lang='grc' dir='ltr'>ἔξωθεν</span> <span class='ocrx_word' id='word_1_891' title='bbox 1324 2475 1411 2510; x_wconf 76' lang='grc' dir='ltr'>δόξης,</span> <span class='ocrx_word' id='word_1_892' title='bbox 1432 2475 1520 2502; x_wconf 73' lang='grc' dir='ltr'>καίτοι</span> <span class='ocrx_word' id='word_1_893' title='bbox 1545 2474 1595 2509; x_wconf 86' lang='grc' dir='ltr'>τῆς</span> <span class='ocrx_word' id='word_1_894' title='bbox 1610 2475 1690 2510; x_wconf 71' lang='grc' dir='ltr'>δῦξης</span> <span class='ocrx_word' id='word_1_895' title='bbox 1707 2476 1811 2511; x_wconf 79' lang='grc' dir='ltr'>Κύριος</span> 
     </span>
    </p>
   </div>
   <div class='ocr_carea' id='block_1_113' title="bbox 1024 2518 1812 2555">
    <p class='ocr_par' dir='ltr' id='par_1_113' title="bbox 1024 2518 1812 2555">
     <span class='ocr_line' id='line_1_113' title="bbox 1024 2518 1812 2555; baseline 0.001 -10"><span class='ocrx_word' id='word_1_896' title='bbox 1024 2518 1061 2546; x_wconf 81' lang='grc' dir='ltr'>ὢν</span> <span class='ocrx_word' id='word_1_897' title='bbox 1075 2519 1172 2552; x_wconf 82' lang='grc' dir='ltr'>αὑτ6ς;</span> <span class='ocrx_word' id='word_1_898' title='bbox 1187 2519 1340 2553; x_wconf 79' lang='grc' dir='ltr'>Ἐδοξάζετο</span> <span class='ocrx_word' id='word_1_899' title='bbox 1353 2520 1401 2555; x_wconf 80' lang='grc' dir='ltr'>μὲν</span> <span class='ocrx_word' id='word_1_900' title='bbox 1415 2519 1470 2554; x_wconf 84' lang='grc' dir='ltr'><strong>γὰρ</strong></span> <span class='ocrx_word' id='word_1_901' title='bbox 1488 2519 1724 2554; x_wconf 82' lang='grc' dir='ltr'>ὁμολογουμένως,</span> <span class='ocrx_word' id='word_1_902' title='bbox 1736 2521 1812 2554; x_wconf 76' lang='grc' dir='ltr'>ἐνερ-</span> 
     </span>
    </p>
   </div>
   <div class='ocr_carea' id='block_1_114' title="bbox 1024 2564 1812 2601">
    <p class='ocr_par' dir='ltr' id='par_1_114' title="bbox 1024 2564 1812 2601">
     <span class='ocr_line' id='line_1_114' title="bbox 1024 2564 1812 2601; baseline 0.001 -11"><span class='ocrx_word' id='word_1_903' title='bbox 1024 2564 1135 2599; x_wconf 85' lang='grc' dir='ltr'>γοῦντος</span> <span class='ocrx_word' id='word_1_904' title='bbox 1147 2565 1194 2590; x_wconf 81' lang='grc' dir='ltr'>τοῦ</span> <span class='ocrx_word' id='word_1_905' title='bbox 1214 2565 1372 2600; x_wconf 83' lang='grc' dir='ltr'>Πνεύματος</span> <span class='ocrx_word' id='word_1_906' title='bbox 1385 2565 1433 2596; x_wconf 83' lang='grc' dir='ltr'>τὰς</span> <span class='ocrx_word' id='word_1_907' title='bbox 1450 2565 1615 2601; x_wconf 79' lang='grc' dir='ltr'>θεοσημίας’</span> <span class='ocrx_word' id='word_1_908' title='bbox 1632 2565 1690 2591; x_wconf 78' lang='grc' dir='ltr'><strong>ἀλλ’</strong></span> <span class='ocrx_word' id='word_1_909' title='bbox 1707 2566 1756 2600; x_wconf 83' lang='grc' dir='ltr'><strong>οὺχ</strong></span> <span class='ocrx_word' id='word_1_910' title='bbox 1773 2565 1812 2596; x_wconf 87' lang='grc' dir='ltr'>ὡς</span> 
     </span>
    </p>
   </div>
   <div class='ocr_carea' id='block_1_115' title="bbox 1025 2610 1812 2646">
    <p class='ocr_par' dir='ltr' id='par_1_115' title="bbox 1025 2610 1812 2646">
     <span class='ocr_line' id='line_1_115' title="bbox 1025 2610 1812 2646; baseline 0.001 -10"><span class='ocrx_word' id='word_1_911' title='bbox 1025 2610 1165 2645; x_wconf 80' lang='grc' dir='ltr'>ἅνθρωπος</span> <span class='ocrx_word' id='word_1_912' title='bbox 1179 2610 1316 2646; x_wconf 78' lang='grc' dir='ltr'>θεοφόρος,</span> <span class='ocrx_word' id='word_1_913' title='bbox 1334 2610 1364 2643; x_wconf 77' lang='grc' dir='ltr'><strong>ἐξ</strong></span> <span class='ocrx_word' id='word_1_914' title='bbox 1379 2611 1486 2642; x_wconf 75' lang='grc' dir='ltr'>ὀθνείας</span> <span class='ocrx_word' id='word_1_915' title='bbox 1498 2619 1527 2637; x_wconf 80' lang='grc' dir='ltr'><strong>τε</strong></span> <span class='ocrx_word' id='word_1_916' title='bbox 1542 2611 1588 2636; x_wconf 75' lang='grc' dir='ltr'>καὶ</span> <span class='ocrx_word' id='word_1_917' title='bbox 1606 2611 1812 2646; x_wconf 77' lang='grc' dir='ltr'>ὑπερκειμένης</span> 
     </span>
    </p>
   </div>
   <div class='ocr_carea' id='block_1_116' title="bbox 1026 2655 1814 2692">
    <p class='ocr_par' dir='ltr' id='par_1_116' title="bbox 1026 2655 1814 2692">
     <span class='ocr_line' id='line_1_116' title="bbox 1026 2655 1814 2692; baseline 0.001 -11"><span class='ocrx_word' id='word_1_918' title='bbox 1026 2655 1132 2690; x_wconf 73' lang='grc' dir='ltr'>φύσεως</span> <span class='ocrx_word' id='word_1_919' title='bbox 1151 2656 1182 2681; x_wconf 74' lang='grc' dir='ltr'>τὸ</span> <span class='ocrx_word' id='word_1_920' title='bbox 1203 2656 1297 2692; x_wconf 84' lang='grc' dir='ltr'>χρῆμα</span> <span class='ocrx_word' id='word_1_921' title='bbox 1325 2656 1483 2692; x_wconf 82' lang='grc' dir='ltr'>κερδαίνων,</span> <span class='ocrx_word' id='word_1_922' title='bbox 1511 2656 1581 2682; x_wconf 72' lang='grc' dir='ltr'>καθὰ</span> <span class='ocrx_word' id='word_1_923' title='bbox 1597 2656 1642 2682; x_wconf 76' lang='grc' dir='ltr'><strong>καὶ</strong></span> <span class='ocrx_word' id='word_1_924' title='bbox 1660 2657 1757 2691; x_wconf 85' lang='grc' dir='ltr'>ἡμεῖς·</span> <span class='ocrx_word' id='word_1_925' title='bbox 1775 2656 1814 2687; x_wconf 83' lang='grc' dir='ltr'>ὡς</span> 
     </span>
    </p>
   </div>
   <div class='ocr_carea' id='block_1_117' title="bbox 1027 2701 1814 2738">
    <p class='ocr_par' dir='ltr' id='par_1_117' title="bbox 1027 2701 1814 2738">
     <span class='ocr_line' id='line_1_117' title="bbox 1027 2701 1814 2738; baseline 0.003 -12"><span class='ocrx_word' id='word_1_926' title='bbox 1027 2701 1084 2736; x_wconf 81' lang='grc' dir='ltr'>ἰδίῳ</span> <span class='ocrx_word' id='word_1_927' title='bbox 1098 2701 1126 2728; x_wconf 80' lang='grc' dir='ltr'>δὲ</span> <span class='ocrx_word' id='word_1_928' title='bbox 1146 2701 1245 2736; x_wconf 78' lang='grc' dir='ltr'>μᾶλλον</span> <span class='ocrx_word' id='word_1_929' title='bbox 1261 2702 1432 2738; x_wconf 79' lang='grc' dir='ltr'>κεχρημένος</span> <span class='ocrx_word' id='word_1_930' title='bbox 1450 2702 1488 2737; x_wconf 83' lang='grc' dir='ltr'>τῷ</span> <span class='ocrx_word' id='word_1_931' title='bbox 1508 2702 1660 2736; x_wconf 81' lang='grc' dir='ltr'>Πνεύματι.</span> <span class='ocrx_word' id='word_1_932' title='bbox 1676 2702 1744 2734; x_wconf 79' lang='grc' dir='ltr'>Θεὸς</span> <span class='ocrx_word' id='word_1_933' title='bbox 1760 2702 1814 2736; x_wconf 79' lang='grc' dir='ltr'>γὰρ</span> 
     </span>
    </p>
   </div>
   <div class='ocr_carea' id='block_1_118' title="bbox 1025 2745 1815 2784">
    <p class='ocr_par' dir='ltr' id='par_1_118' title="bbox 1025 2745 1815 2784">
     <span class='ocr_line' id='line_1_118' title="bbox 1025 2745 1815 2784; baseline 0.001 -11"><span class='ocrx_word' id='word_1_934' title='bbox 1025 2745 1058 2782; x_wconf 82' lang='grc' dir='ltr'>ἦν</span> <span class='ocrx_word' id='word_1_935' title='bbox 1082 2747 1182 2782; x_wconf 81' lang='grc' dir='ltr'>φύσει,</span> <span class='ocrx_word' id='word_1_936' title='bbox 1215 2749 1262 2775; x_wconf 72' lang='grc' dir='ltr'><strong>καὶ</strong></span> <span class='ocrx_word' id='word_1_937' title='bbox 1282 2749 1332 2776; x_wconf 76' lang='grc' dir='ltr'>οὐκ</span> <span class='ocrx_word' id='word_1_938' title='bbox 1358 2749 1496 2784; x_wconf 78' lang='grc' dir='ltr'>ἀλλότριον</span> <span class='ocrx_word' id='word_1_939' title='bbox 1525 2748 1607 2775; x_wconf 74' lang='grc' dir='ltr'>αὑτοῦ</span> <span class='ocrx_word' id='word_1_940' title='bbox 1636 2749 1667 2775; x_wconf 80' lang='grc' dir='ltr'>τὸ</span> <span class='ocrx_word' id='word_1_941' title='bbox 1699 2747 1815 2776; x_wconf 65' lang='grc' dir='ltr'>Πνεῦμα</span> 
     </span>
    </p>
   </div>
  </div>
