1886 3056
64 158 109 188 [13

623 161 809 190 ADVERSUS
828 162 1030 192 NESTORIUM
1050 161 1115 191 LIB.
1138 160 1182 192 IV.

1646 172 1696 201 174

68 217 154 246 αὐτοῦ.
169 216 277 244 Οὐκοῦν
296 218 351 246 οὑκ
365 219 481 253 ἔξωθεν,
496 220 554 247 οὐδὲ
567 221 721 256 εἰσποίητον
734 221 808 256 αὐτῷ
820 221 843 247 δε

917 230 977 250 nus.
991 223 1048 250 Non
1060 223 1141 258 igitur
1155 225 1333 259 extrinsecus,
1352 234 1440 262 neque
1461 229 1572 257 ascitam
1588 232 1697 263 aliunde

70 265 156 292 ὄὸσοαι
175 264 265 299 φαμὲν
285 264 337 291 τοῦ
355 266 521 301 Πνεύματος
542 266 592 301 τὴν
615 266 771 301 ἐνέργειαν,
791 266 862 293 καθὰ

71 312 115 337 καὶ
129 311 196 346 ἡμῖν
222 310 330 343 αὐτοῖς,
345 311 436 347 ἦγουν
452 313 508 343 τοῖς
523 312 611 346 ἁγίοις
626 312 796 344 ἀποστόλοις.
813 312 860 338 Δε-

70 357 187 392 δὼρηται
202 357 258 393 γὰρ
272 357 369 389 αὐτοῖς
380 357 507 390 ἐξουσίαν
521 359 535 384 ὁ
550 358 666 393 Χριστὸς
686 357 757 384 κατὰ
777 366 860 384 πνευ-

73 403 163 438 μάτων
174 402 352 438 ἀκαθάρτων,
360 403 434 430 ὥστε
448 403 588 430 ἐκϐάλλειν
597 403 682 430 αὑτά·
694 403 861 438 προστέταχε

70 449 99 475 δὲ
116 448 293 484 Θεραπεύειν,
313 448 362 475 καὶ
382 449 475 475 πᾶσαν
488 448 581 482 νόσον,
600 449 648 476 καὶ
668 450 758 476 πᾶσαν
775 449 861 484 μαλα-

72 495 132 520 κίαν
146 494 177 520 ὲν
190 494 232 529 τῷ
245 493 316 529 λαῷ.
332 493 447 521 Οἰκοθεν
460 491 506 521 οὖν
521 494 575 530 ἄρα
588 494 635 522 καὶ
650 495 716 530 παρ’
732 494 816 521 αὐτοῦ
829 494 860 521 τὸ

71 539 184 575 Πνεῦμα
199 539 297 568 αὑτοῦ.
311 540 368 567 Καὶ
382 539 479 566 τούτου
497 539 585 575 σαφὴς
597 540 733 573 ἀπόδειξις
756 541 799 575 εἴη
814 540 858 572 ἂν,

69 586 99 612 τὸ
113 585 162 611 καὶ
175 585 283 620 ἑτέροις
307 585 439 612 δύνασθαι
455 586 582 621 χορηγεῖν
599 585 675 617 αὐτὸ,
694 586 742 612 καὶ
760 586 811 612 οὐκ
827 586 859 612 ὲκ

70 631 182 667 μέτρου,
198 631 275 658 καθά
292 639 375 667 φησιν
392 631 407 658 ὁ
425 630 559 667 μακάριος
580 630 792 666 εὑαγγελιστής·
811 631 859 657 ἐπ-

68 677 207 712 εμέτρησε
226 677 277 712 μὲν
292 677 348 712 γὰρ
359 677 416 708 τοῖς
424 676 511 711 ἁγίοις
519 676 568 711 τὴν
583 675 627 703 διὰ
641 675 687 702 τοῦ
699 676 858 711 Πνεύματος

69 721 149 757 χάριν
162 722 177 748 6
189 721 247 748 τῶν
259 721 329 748 ὅλων
340 721 407 753 Θεός
418 729 426 736 ·
441 721 488 747 καὶ
501 718 523 754 ᾦ
543 721 591 756 μὲν
610 721 694 748 ἔδωκε
716 721 794 755 λόγον
814 730 857 747 σο-

69 769 148 802 φίας·
169 767 246 802 ἄλλῳ
265 767 295 794 δὲ
318 767 397 802 λόγον
416 766 558 801 γνώσεως·
577 767 665 802 ἑτέρῳ
680 767 708 793 δὲ
734 767 857 802 χάρισμα

71 813 195 848 ἰαμάτων
208 821 217 828 ·
229 813 278 839 καὶ
290 811 379 845 τοῦτο,
393 810 482 848 οἴμαι,
493 811 550 838 ἐστι
562 811 643 844 τὸὼς
658 812 690 838 ἐκ
704 812 803 847 μέτρου
811 812 857 839 δύ-

68 859 166 886 νασθαι
176 859 242 891 τοὺς
253 858 364 894 ἔχοντας
378 858 528 894 ἐνέργειαν.
537 858 566 884 ’0
577 857 605 884 δέ
618 866 650 892 γε
662 857 763 893 Κύριος
777 858 855 894 ἡμῶν

915 268 1030 295 dicimus
1052 269 1102 303 ipsi
1127 270 1217 296 datam
1238 270 1356 305 Spiritus
1375 273 1546 302 ellicientiatn
1571 278 1698 308 similiter

915 318 947 338 at:
962 313 1040 339 nobis
1065 313 1139 347 ipsis,
1167 319 1214 341 aut
1235 315 1315 343 etiam
1339 318 1441 345 sanctis
1459 321 1598 354 apostolis.
1617 323 1697 352 Dedit

914 354 985 381 enim
1000 354 1054 382 illis
1069 356 1194 384 Christus
1206 363 1366 392 potestatem
1377 362 1506 391 adversus
1524 365 1636 399 spiritus
1649 368 1697 396 inr-

915 401 1029 428 mundos
1053 406 1082 427 ut
1104 409 1151 430 eos
1165 402 1294 436 ejicerent
1309 414 1316 432 :
1330 406 1411 440 jussit
1426 409 1508 436 etiam
1524 416 1554 438 ut
1567 419 1697 444 curarent

914 453 1021 473 omnem
1043 447 1225 476 infirmitatem
1241 456 1269 477 et
1279 458 1385 480 omnem
1416 453 1573 490 languorem
1597 459 1624 487 in
1647 469 1696 496 poo

913 494 976 528 pulo
990 494 1023 520 ".
1038 494 1205 524 lntrinsecus
1219 497 1301 532 igitur
1325 503 1352 526 et
1377 500 1411 527 ab
1437 502 1495 536 ipso
1514 509 1556 532 est
1576 494 1695 540 Spiritus

912 538 970 572 ejus
984 549 990 566 :
1007 541 1084 575 cujus
1100 542 1138 568 rei
1153 543 1329 578 perspicuum
1351 551 1393 574 est
1407 538 1607 584 argumentum,
1621 555 1693 587 quod

912 585 993 611 etiam
1008 585 1068 613 aliis
1090 587 1163 614 illum
1176 589 1295 617 tribuere
1310 595 1409 625 potest,
1437 599 1464 621 et
1485 603 1537 622 non
1557 605 1591 624 ex
1615 585 1694 627 mem

911 638 985 663 sura,
1005 636 1034 658 ut
1056 633 1094 659 ait
1117 633 1211 661 beatus
1240 638 1404 672 evangelista
1417 640 1460 673 ⁵³;
1489 649 1550 670 nam
1569 644 1613 672 ille
1636 653 1695 673 0m-

913 676 986 703 nium
998 677 1068 705 Deus
1078 679 1111 706 ad
1119 687 1270 708 mensuram
1283 683 1390 716 quidem
1405 686 1498 714 tribuit
1510 691 1611 718 sanctis
1624 692 1692 720 viris

913 722 1030 756 Spiritus
1046 725 1131 752 sancti
1143 726 1268 760 gratiam,
1283 733 1310 754 et
1321 729 1366 756 alii
1384 731 1492 765 quidem
1503 734 1575 762 dedit
1585 743 1691 766 sermo-

911 774 970 793 nem
980 769 1125 802 sapientiae,
1136 769 1181 796 alii
1190 777 1339 800 sermonem
1348 774 1477 809 scientiae,
1486 777 1563 805 alteri
1573 781 1689 814 gratiam

909 812 1078 840 curationum
1094 814 1118 829 ⁵⁵
1142 822 1148 840 :
1169 814 1251 850 idque
1265 821 1316 850 est,
1345 823 1374 845 ut
1402 821 1508 855 opinor,
1534 812 1606 858 quod
1630 830 1692 854 tan-

909 865 988 891 quam
1003 866 1036 886 ex
1045 866 1171 887 mensura
1181 867 1293 895 possunt
1308 863 1326 890 ii
1340 865 1386 898 qui
1398 865 1498 894 habent
1508 868 1690 900 eliicientiam.

75 904 181 939 Ἰησοῦς
201 904 334 940 Χριστὸς,
361 903 392 935 ἐξ
420 903 485 930 ἰδίου
501 902 685 938 πληρώματος
702 903 807 938 προῖεὶς
826 913 842 930 τ

907 903 963 938 99
976 904 1010 931 At
1024 912 1088 932 vero
1105 905 1236 935 Dominus
1251 914 1342 937 noster
1356 910 1435 939 Iesus
1449 912 1575 943 Christus
1586 923 1618 943 ex
1642 925 1692 945 sua

68 949 191 985 Πνεῦμα,
205 949 280 976 καθὰ
295 949 344 976 καὶ
354 948 436 980 αὐτὸς
451 948 466 974 ὁ
481 948 587 984 Πατὴρ,
600 948 649 983 οὐχ
664 948 701 980 ὼς
712 949 745 975 ὲκ
758 948 857 984 μέτρου

68 996 175 1022 δίδωσιν
189 996 258 1022 αὐτὸ
276 996 334 1027 τοῖς
357 994 445 1027 ἀξίοις
469 994 548 1021 ἑλεῖν.
568 994 691 1021 Ἀνοότου
708 995 739 1030 δὴ
757 993 815 1028 οὖν,
835 992 858 1022 ὦ

69 1042 203 1077 βέλτιστε,
218 1042 266 1069 τὸν
283 1041 333 1068 οὒκ
349 1042 381 1068 ἐκ
397 1041 499 1077 μέτρου
513 1040 618 1068 διδόντα
627 1040 657 1067 τὸ
673 1041 785 1076 Πνεῦμα
801 1043 858 1074 τοῖς

71 1089 280 1125 μεμετρημένον
293 1088 402 1124 ἔχουσιν
419 1089 485 1116 αὐτὸ
501 1090 587 1120 ποιεῖς
601 1087 778 1124 ὲναρίθμιον;
793 1096 859 1122 συγ-

69 1132 254 1168 κεκροτῆσθαι
269 1132 357 1167 λέγων
373 1133 450 1168 παρὰ
467 1131 513 1159 τοῦ
533 1132 692 1168 Πνεύματος
707 1133 757 1168 τὴν
777 1133 858 1166 δόξαν

69 1178 163 1210 αὑτοῦ,
172 1178 222 1205 καὶ
234 1178 406 1214 ἐνηργῆσθαι
418 1178 527 1214 μᾶλλον,
534 1178 571 1210 ὼς
580 1178 628 1205 ένα
638 1178 693 1205 τῶν
702 1178 763 1206 καθ’
772 1179 856 1214 ἡμᾶς,

69 1225 100 1250 ἐν
112 1223 228 1259 χάριτος
250 1224 330 1256 τάξει
351 1224 469 1251 λαϐόντα
487 1224 537 1259 τὴν
555 1224 621 1259 παρ’
636 1223 719 1250 αὐτοῦ
739 1224 857 1259 συγκρό-

69 1278 157 1305 τησιν,
175 1270 264 1305 ἤγουν
282 1270 431 1305 ἐνεργῆσαι
453 1269 552 1305 μᾶλλον
564 1270 603 1301 ὡς
628 1269 661 1296 δι’
680 1270 746 1296 ἰδίου
769 1268 858 1297 Πνεύ-

69 1323 152 1350 ματος
166 1315 220 1347 τὰς
235 1315 398 1350 θεοσημίας.
423 1315 544 1343 Ἰουδαῖοι
562 1315 612 1350 μὲν
633 1315 687 1350 γὰρ
704 1316 728 1342 οἱ
741 1315 856 1342 πάντολ-

68 1369 123 1396 pm,
140 1360 248 1396 πικρὰν
265 1361 309 1388 ἐπ’
328 1360 404 1396 αὒτῷ
426 1361 626 1397 καταθήγοντες
642 1362 775 1395 γλῶτταν,
795 1363 856 1389 ἀνο-

67 1406 132 1438 σίως
148 1406 289 1440 ἔφασκον*
307 1416 317 1432 ι
332 1404 415 1438 Οὗτος
430 1407 481 1433 οὐκ
493 1407 620 1434 ἐκϐάλλει
631 1407 666 1434 τὰ
678 1408 815 1444 δαιμόνια,
831 1408 856 1435 ει

67 1451 104 1486 μὴ
116 1451 146 1477 ἐν
156 1450 198 1486 τῷ
218 1450 386 1483 Βεελζεϐοὺλ
400 1451 509 1488 ἄρχοντι
526 1452 580 1479 τῶν
595 1452 752 1488 δαιμονίων·
770 1463 780 1479 ι
798 1454 812 1480 ὁ
827 1453 856 1480 δέ

65 1505 96 1530 γε
109 1496 215 1531 Κύριος
225 1496 307 1531 ἡμῶν
324 1496 429 1532 Ἰησοῦς
443 1498 456 1524 ὁ
468 1497 597 1533 Χριστὸς,
612 1498 810 1533 ἀμαθαίνοντας
824 1499 854 1525 οὐ

65 1542 183 1578 μικρῶς,
205 1542 309 1577 μᾶλλον
323 1542 353 1568 δὲ
373 1543 421 1569 καὶ
441 1543 636 1576 δυσσεϐοὗντας
657 1542 784 1580 ἐλέγχων.
801 1554 810 1570 ι
823 1545 854 1572 Εἰ

64 1587 130 1622 ἐγὼ,
144 1588 242 1623 φησὶν,
259 1590 289 1615 ὲν
314 1587 479 1621 Βεελςεϐοὒλ
498 1588 609 1625 ἄρχοντι
632 1589 686 1616 τῶν
708 1588 853 1625 δαιμονίων

64 1634 189 1661 ἐκϐάλλω
211 1634 248 1661 τὰ
269 1634 408 1670 δαιμόνια,
430 1636 454 1662 οἰ
471 1636 523 1662 υἱοὶ
546 1636 623 1671 ὑμῶν
647 1636 676 1662 ὲν
696 1636 748 1663 τίνι
771 1636 852 1663 ἐκϐα-

63 1679 158 1712 λοῦσι;
173 1689 183 1706 ι
196 1679 392 1715 Τεθαύμασται
405 1680 460 1715 γὰρ
471 1681 485 1707 ὁ
495 1680 620 1716 λαμπρὸς
635 1682 682 1708 καὶ
699 1681 785 1717 μέγας
798 1681 852 1708 τῶν

64 1725 150 1758 ἁγίων
164 1724 323 1752 ἀποστόλων
345 1725 438 1761 χορὸς,
454 1726 483 1752 ὲν
496 1726 609 1761 ὀνόματι
630 1726 716 1762 Ἰησοῦ
732 1726 851 1761 Χριστοῦ

64 1769 109 1796 τοῦ
119 1769 288 1805 Ναζωραίου
302 1770 413 1805 πληρῶν
425 1770 460 1797 τὰ
485 1771 638 1806 παράδοξα·
659 1772 707 1798 καὶ
722 1771 787 1806 γοῦν
801 1772 852 1799 ὑπ-

63 1815 196 1850 έστρεφον
208 1815 353 1851 χαίροντές
366 1824 395 1842 τε
412 1817 458 1843 καὶ
469 1816 595 1851 λέγοντες
604 1826 610 1832 ·
624 1826 633 1842 ι
644 1817 741 1852 Κύριε,
756 1819 804 1844 καὶ
815 1818 850 1846 τὰ

63 1860 191 1895 δαιμόνια
213 1861 280 1896 ἡμῖν
301 1861 485 1889 ὑποτάσσεται
504 1862 550 1888 ἐπὶ
568 1862 608 1898 τῷ
628 1863 740 1898 ὀνόματί
763 1872 820 1891 σου.
837 1874 847 1891 ι

69 1906 138 1931 Ἀλλ’
151 1905 233 1942 εἰπερ
247 1906 321 1933 ἐστὶν
334 1907 445 1940 ἐφικτὸν
458 1907 486 1933 ὲν
499 1907 611 1943 ὀνόματί
624 1917 696 1940 τινος
707 1909 761 1936 τῶν
774 1910 850 1946 ἐνερ-

62 1951 215 1987 γουμένων,
236 1952 284 1979 καὶ
304 1953 419 1986 ἐτέρους
439 1953 569 1980 δύνασθαι
591 1954 625 1981 τὰ
650 1954 695 1981 ἶσα
715 1956 848 1991 πληροῦν,

62 1997 152 2032 ἡκέτω
163 2005 170 2012 ·
186 1997 314 2032 φραζέτω
336 1997 380 2024 διὰ
392 1997 471 2024 ποίαν
487 1998 575 2024 αἰτίαν
591 1998 678 2030 οὐδεὶς
693 1999 721 2025 ὲν
736 1999 848 2034 ὀνόματι

61 2043 115 2069 τῶν
127 2043 215 2077 ἁγίων
231 2043 312 2075 τινὸς,
327 2043 345 2078 ἢ
360 2042 526 2079 ἀκαθάρτοις
536 2043 671 2079 πνεύμασι
681 2045 847 2080 ἐπιτιμήσας

62 2085 245 2121 Θαυμὰξεται,
263 2087 349 2122 ἤγουν
363 2086 457 2122 ἕτερόν
471 2096 498 2113 τι
510 2087 564 2114 τῶν
585 2087 656 2123 πέρα
677 2088 755 2122 λόγου
769 2097 846 2116 τετε-

60 2132 158 2164 λεκώς.
177 2132 247 2159 Ἀλλ’
262 2133 287 2158 οι
310 2133 362 2168 μὲν
379 2133 543 2169 ὲνήργηνται
558 2133 634 2168 παρὰ
658 2133 704 2160 τοῦ
720 2134 847 2170 Πνεύμα-

60 2186 115 2209 τος,
131 2179 180 2204 καὶ
197 2178 410 2214 μεμετρημένην
431 2179 523 2213 ἔχουσι
539 2178 632 2213 χάριν·
644 2179 658 2205 ὁ
670 2179 708 2210 δὲ,
721 2179 758 2210 ὡς
779 2179 846 2212 Θεὸς

908 950 1074 984 plenitudine
1083 952 1250 986 profundens
1259 954 1438 990 Spiritum,ut
1452 959 1534 986 etiam
1550 961 1587 996 (l)
1600 961 1690 996 Pater.

908 1003 962 1023 non
976 996 1049 1023 illttm
1067 999 1113 1024 dat
1137 1003 1262 1034 tanquam
1292 1008 1324 1028 ex
1345 1010 1471 1032 mensura
1496 1005 1529 1033 iis
1548 1008 1592 1042 qui
1618 1010 1691 1044 digni

906 1045 971 1067 sunt
984 1041 1117 1076 accipere.
1131 1043 1251 1076 Quanam
1267 1046 1349 1080 igitur
1361 1049 1395 1076 de
1408 1057 1502 1083 causa,
1514 1041 1690 1090 virregreg—ie,

906 1093 967 1112 eum
981 1087 1026 1121 qui
1044 1094 1096 1114 non
1112 1095 1145 1115 ex
1169 1097 1294 1118 mensura
1318 1092 1366 1119 dat
1387 1093 1529 1129 Spiritum,
1556 1097 1582 1124 in
1591 1087 1690 1127 eorum

907 1138 1048 1159 numerum
1065 1133 1152 1161 refers
1166 1135 1211 1169 qui
1230 1135 1382 1166 dimensum
1399 1139 1474 1167 illum
1489 1141 1610 1177 habent,
1626 1145 1688 1173 dtttn

907 1183 1090 1212 cornparatam
1111 1187 1126 1207 a
1146 1180 1249 1215 Spiritu
1266 1183 1323 1217 ejus
1337 1184 1449 1219 gloriam
1468 1187 1547 1222 dicis,
1571 1195 1600 1216 et
1617 1191 1690 1219 illius

906 1223 1056 1252 eﬂicientiae
1082 1225 1232 1261 subjectum
1243 1229 1342 1262 potius,
1360 1235 1389 1258 ut
1402 1239 1484 1259 unum
1508 1241 1523 1260 e
1535 1235 1612 1264 nobis
1626 1244 1690 1271 gra-

908 1269 953 1296 tiae
967 1269 1025 1297 loco
1036 1270 1094 1305 ejus
1117 1273 1334 1306 cooperationem
1354 1278 1491 1311 accepisse
1504 1299 1512 1312 ,
1531 1288 1612 1315 quam
1626 1269 1689 1317 pro-

906 1314 966 1347 prio
982 1313 1082 1348 Spiritu
1098 1316 1187 1344 divina
1205 1318 1283 1353 signa
1301 1319 1442 1350 eﬂ‘ecisse?
1458 1313 1548 1352 Iudaei
1559 1313 1687 1362 namque,

906 1359 938 1385 ad
953 1359 1043 1387 omnia
1061 1361 1236 1390 audacissimi
1252 1371 1315 1392 cum
1329 1372 1489 1396 venenatam
1504 1359 1688 1406 linguam-ad-

906 1411 1001 1433 versus
1018 1405 1092 1433 illum
1100 1414 1277 1442 exacuerent,
1291 1410 1373 1446 impie
1384 1413 1526 1442 dicebant:
1542 1405 1555 1442 ἑ
1570 1416 1618 1445 Hic
1635 1426 1688 1446 non

905 1450 980 1485 ejicit
1008 1452 1140 1480 daamonia
1161 1454 1212 1481 nisi
1224 1456 1250 1482 in
1269 1455 1430 1492 Beelzebub,
1445 1460 1567 1497 principe
1589 1463 1687 1492 daemo-

906 1496 1013 1524 niorum
1029 1497 1062 1524 ".
1084 1508 1093 1524 ι
1111 1499 1241 1529 Dominus
1261 1510 1326 1530 vero
1350 1509 1442 1532 noster
1465 1496 1543 1535 Jesus
1564 1507 1688 1538 Christus

905 1541 966 1569 illos
981 1549 1033 1570 non
1049 1544 1153 1572 modica
1171 1546 1289 1579 inscitia.
1306 1548 1360 1576 imo
1373 1557 1438 1577 vero
1451 1552 1533 1579 etiam
1547 1553 1686 1589 impietate

867 1579 888 1608 (ἶ-
905 1586 1028 1616 laborare
1044 1597 1194 1625 coarguens
1208 1601 1214 1619 :
1232 1602 1242 1618 ι
1262 1592 1290 1621 Si
1304 1601 1365 1630 ego,
1383 1595 1480 1631 inquit,
1495 1597 1522 1625 in
1534 1579 1687 1629 Beelzebub

903 1633 983 1668 ejicio
998 1635 1141 1671 daemonia,
1158 1637 1206 1665 ﬁlii
1230 1640 1312 1666 vestri
1333 1641 1361 1668 in
1389 1649 1443 1676 quo
1469 1643 1581 1677 ejiciunt
1601 1646 1652 1674 "‘2
1671 1655 1681 1673 ι

903 1677 967 1705 Erat
987 1679 1059 1706 enim
1083 1681 1110 1707 in
1135 1682 1313 1712 admiratione
1336 1685 1425 1714 clarus
1449 1687 1494 1715 ille
1519 1693 1544 1715 et
1570 1697 1684 1726 magnus

902 1729 1056 1752 sanctorum
1080 1727 1263 1761 apostolorum
1290 1731 1401 1765 chorus,
1425 1740 1486 1760 cum
1517 1735 1544 1762 in
1575 1737 1686 1765 nomine

902 1769 967 1797 Jesu
983 1770 1083 1798 Christi
1100 1772 1231 1801 Nazareni
1247 1775 1339 1803 ederet
1362 1778 1492 1806 miracula
1509 1788 1516 1806 :
1534 1781 1625 1816 itaque
1642 1790 1685 1810 re-

901 1816 1078 1844 vertebantur
1092 1818 1240 1852 gaudentes
1265 1827 1296 1847 ac
1312 1821 1454 1850 dicentes:
1474 1832 1485 1849 ι
1507 1823 1630 1858 Domine,
1657 1827 1684 1854 in

900 1861 1008 1888 nomine
1024 1865 1068 1889 tuo
1086 1863 1166 1890 etiam
1182 1864 1314 1892 daemonia
1329 1867 1513 1901 subjiciuntur
1529 1871 1608 1899 nobis
1621 1872 1655 1899 ’".
1671 1882 1680 1899 ι

906 1905 958 1933 Sed
977 1907 998 1933 si
1015 1907 1072 1934 ﬁeri
1089 1913 1178 1942 potest
1192 1914 1220 1936 ut
1238 1910 1264 1937 in
1279 1911 1387 1938 nomine
1402 1913 1517 1948 alicujus
1529 1923 1624 1944 eorum
1637 1919 1682 1952 qui

899 1951 930 1977 ad
937 1951 1104 1980 efﬁciendum
1114 1954 1147 1980 ab
1156 1954 1208 1982 alio
1216 1962 1366 1990 moventur,
1374 1958 1455 1986 etiam
1463 1960 1507 1988 alii
1517 1961 1615 1990 similia
1625 1951 1684 1998 pos-

898 1997 951 2023 sint
965 1997 1078 2030 efﬁcere,
1088 2000 1199 2033 prodeat
1212 2008 1244 2028 ac
1257 2001 1340 2036 dicat,
1351 2011 1431 2038 quam
1439 2005 1473 2033 ob
1484 2013 1593 2036 causam
1604 1997 1683 2038 nemo

897 2042 1047 2070 celebretur
1058 2044 1127 2078 quod
1138 2046 1163 2072 in
1171 2046 1240 2074 illius
1248 2049 1333 2076 sancti
1342 2049 1392 2076 viri
1403 2051 1510 2079 nomine
1520 2053 1562 2080 vel
1570 2054 1683 2088 spiritus

897 2087 1016 2122 impuros
1028 2089 1181 2125 increparit,
1193 2092 1234 2119 vel
1245 2093 1315 2120 aliud
1325 2095 1460 2130 quidpiam
1474 2099 1545 2132 quod
1554 2087 1634 2134 supra
1643 2109 1683 2127 ra-

897 2135 995 2162 tionem
1012 2136 1056 2169 sit,
1075 2137 1226 2171 perfecerit.
1248 2139 1300 2167 Sed
1326 2141 1364 2169 illi
1383 2143 1492 2177 quidem
1508 2152 1523 2170 a
1535 2144 1636 2180 Spiritu
1650 2148 1682 2174 ad

895 2187 962 2215 opus
972 2181 1140 2210 elliciendum
1170 2184 1350 2220 impelluntur,
1374 2188 1400 2214 e't
1413 2188 1562 2217 dimensam
1584 2191 1682 2220 habent

61 2223 177 2257 ἐνεργεῖ,
200 2222 246 2248 καὶ
263 2222 300 2253 ὡς
313 2222 347 2248 δι’
365 2221 429 2248 ἰδίου
446 2222 604 2257 Πνεύματος
615 2223 734 2258 ἀμογητὶ
747 2232 843 2260 κατορ-

905 2227 1025 2261 gratiam;
1037 2229 1081 2255 hic
1093 2236 1156 2257 vero
1171 2235 1200 2257 ut
1213 2231 1282 2259 Deus
1297 2238 1434 2267 operatur,
1447 2240 1475 2262 et
1493 2240 1617 2271 tanquam
1636 2246 1681 2272 per

60 2268 101 2294 Θοῖ
116 2268 150 2294 τὰ
162 2268 196 2294 δι’
208 2264 245 2294 ὧν
257 2267 438 2302 οαυμάςεται.
454 2268 509 2294 Καὶ
526 2267 590 2302 γοῦν
605 2269 622 2304 ἡ
636 2270 684 2304 τὴν
697 2269 742 2296 τοῦ
758 2269 842 2304 αἵμα-

59 2322 102 2344 τος
128 2313 208 2348 ῥύσιν
234 2313 438 2348 ἀρῤωστήσασα
468 2314 536 2348 γυνὴ
567 2314 755 2349 προσελθοῦσα
778 2323 844 2342 ποτε

59 2358 210 2394 ὶεληθάτως
223 2359 277 2385 ἀπὸ
286 2358 399 2385 ὄπισθεν
409 2358 502 2393 αὑτοῦ,
522 2359 675 2395 γέγραπται
688 2360 744 2392 ὡδὶ,
756 2361 844 2396 ἥψατο

57 2405 104 2431 τοῦ
125 2405 281 2441 κρασπέδου
305 2404 352 2431 τοῦ
381 2405 488 2440 ἱματίου
502 2405 595 2437 αὐτοῦ,
609 2407 656 2432 καὶ
672 2408 844 2442 παραχρῆμα

58 2452 122 2487 ἔστη
138 2451 156 2487 ἠ
177 2449 257 2487 ῥύσις
277 2451 326 2477 τοῦ
346 2451 463 2486 αἵματος
479 2450 574 2486 αὐτῆς.
599 2453 631 2478 ’0
654 2452 687 2487 δὴ
712 2453 758 2479 καὶ
783 2461 843 2480 συν-

59 2499 108 2531 ιεὶς
132 2499 147 2526 ὁ
167 2498 307 2535 Χριστὸς,
330 2508 340 2525 ι
360 2499 409 2530 Τίς
430 2499 444 2525 ὁ
469 2499 607 2535 ἁψάμενός
625 2509 696 2535 μου;
714 2510 724 2526 ι
750 2501 842 2536 φησίν.

65 2543 171 2580 Ἐπειδὴ
183 2544 252 2580 πρὸς
266 2544 347 2571 τοῦτο
364 2544 484 2579 ἔφασκον
508 2545 531 2571 οἱ
549 2543 690 2572 θεσπέσιοι
706 2547 841 2581 μαθηταί·

60 2599 69 2615 ι
84 2590 242 2621 Ἐπιστάτα,
259 2590 382 2624 βλέπεις,
397 2590 422 2616 οἱ
435 2589 508 2625 ὄχλοι
519 2591 659 2626 συνέχουσί
670 2600 700 2618 σε
715 2592 763 2618 καὶ
773 2593 842 2619 ἀπο-

60 2635 187 2661 Θλίϐουσι*
200 2645 209 2660 ι
225 2635 310 2661 πάλιν
320 2635 442 2669 ἔφασκεν
455 2636 533 2668 αὐτός
544 2644 550 2650 ·
565 2646 574 2662 ι
587 2637 695 2671 ’Ἥψατό
707 2637 757 2672 μού
783 2645 840 2669 τις*

60 2680 109 2714 ἐγὼ
118 2681 170 2716 γὰρ
187 2681 274 2716 ἔγνων
287 2680 407 2716 δύναμιν
423 2681 582 2713 ἐξελθοῦσαν
599 2683 646 2709 ἀπ’
660 2683 738 2717 ἐμοῦ.
754 2692 764 2709 ι
781 2684 842 2711 Συν-

896 2274 1033 2307 proprium
1042 2274 1171 2310 Spiritum
1183 2277 1240 2304 sine
1251 2277 1342 2306 labore
1356 2279 1485 2307 miracula
1501 2281 1613 2315 perlicit.
1629 2284 1680 2310 De-

897 2319 977 2353 nique
989 2319 1033 2347 illa
1042 2321 1139 2349 mulier
1151 2330 1210 2357 qua:
1220 2324 1359 2357 sanguinis
1370 2324 1444 2352 ﬂuxu
1455 2326 1606 2362 laborabat,
1620 2337 1680 2357 cntn

897 2366 1056 2394 accessisset
1068 2367 1137 2394 clam
1151 2376 1166 2395 a
1179 2373 1263 2403 tergo,
1277 2363 1347 2397 sicut
1360 2371 1489 2406 scriptum
1500 2373 1579 2406 est",
1593 2375 1681 2410 tetigit

897 2411 1031 2438 limbriam
1044 2413 1196 2440 vestimenti
1210 2414 1267 2449 ejus
1284 2423 1290 2441 :
1305 2419 1331 2442 et
1348 2417 1476 2444 continuo
1493 2419 1567 2445 stetit
1591 2418 1680 2448 ﬂuxus

897 2457 1035 2490 sanguinis
1057 2457 1123 2491 ejus.
1138 2459 1196 2492 Quo
1217 2460 1326 2495 cognito
1345 2462 1469 2490 Christus
1486 2471 1493 2489 :
1519 2473 1528 2490 ι
1542 2465 1607 2498 Quis
1626 2474 1679 2499 me,

899 2501 1002 2536 inquit,
1028 2504 1138 2539 tetigit?
1161 2514 1171 2530 ι
1194 2513 1310 2540 cumque
1333 2507 1367 2534 ad
1391 2508 1416 2534 id
1445 2509 1567 2537 dicerent
1591 2514 1679 2540 sancti

896 2548 1009 2581 apostoli
1024 2556 1030 2574 :
1049 2558 1057 2574 ι
1071 2548 1233 2585 Ριωοεριοι,
1250 2552 1335 2584 vides.
1352 2553 1436 2581 turba
1453 2559 1479 2585 te
1494 2557 1677 2590 comprimunt

895 2598 921 2619 et
938 2593 1078 2628 allliguut;
1098 2605 1107 2621 ι
1126 2604 1232 2623 rursum
1253 2597 1310 2631 ipse
1322 2598 1412 2625 dixit:
1431 2608 1441 2625 ι
1459 2600 1558 2635 Tetigit
1576 2610 1619 2630 me
1631 2604 1679 2630 ali-

895 2639 967 2673 quis.
981 2647 1031 2673 ego
1045 2641 1116 2667 enim
1133 2642 1193 2668 novi
1210 2642 1336 2670 virtutem
1354 2651 1368 2671 a
1395 2653 1437 2672 tne
1459 2646 1534 2673 exire
1554 2647 1586 2674 ".
1612 2657 1622 2673 ι
1642 2649 1678 2674 lu-

896 2685 997 2720 telligis
1015 2693 1079 2720 ergo
1103 2688 1330 2721 quemadmodum
1353 2697 1406 2718 non
1428 2691 1481 2719 vim
1505 2694 1674 2722 extrinsecus

86 2762 107 2803 ξ’
126 2761 267 2803 Matth-3,
285 2759 366 2803 8L5};
380 2760 446 2787 Luc.
462 2761 547 2803 ubi.
560 2796 566 2803 Ι
577 2762 607 2803 ,⁵³
625 2761 843 2803 Ιηιιιιιιηιιιηξέκλ

925 2764 986 2792 Cor.
1006 2773 1054 2797 xtl,
1068 2765 1144 2793 8-10.
1183 2768 1205 2784 ⁵⁵
1217 2767 1309 2797 Matth.
1321 2777 1371 2803 xu,
1386 2769 1430 2799 24.
1474 2771 1497 2787 ⁵⁸
1510 2771 1576 2800 ibid.
1589 2772 1636 2801 27.

56 2796 73 2810 "
87 2795 150 2825 Luc.
170 2804 197 2830 ι,
212 2797 258 2823 17.
297 2796 322 2811 ⁸⁸
335 2795 404 2823 Luc.
419 2803 479 2828 vttt,
492 2796 537 2829 45,
553 2796 598 2824 44.
636 2797 659 2813 ³³
677 2798 741 2824 ibid.
753 2797 797 2831 45,
813 2797 857 2825 46.

82 2874 116 2909 (1)
134 2875 166 2903 Et
183 2875 228 2903 hic
247 2874 327 2902 locus
341 2877 438 2908 aperte
453 2872 571 2901 declarat
584 2873 713 2908 Spiritum
726 2881 757 2902 ex
772 2874 838 2902 Filio
858 2875 938 2902 etiam
958 2875 1113 2909 procedere.
