1886 3056
72 151 116 180 ΓΠ
621 156 812 186 ADVERSUS
830 157 1034 186 NESTORIUM
1055 157 1117 185 LIB.
1141 156 1185 185 IV.

1677 159 1728 187 I78

80 213 124 241 κει
147 213 213 248 εικῆ
235 215 440 251 παραρῤίπτει
456 217 561 252 λόγους,
575 218 621 244 καὶ
644 219 694 254 τῆς
716 218 772 245 τῶν
795 227 824 253 ιρι

981 222 1038 246 )nte
1055 225 1137 246 carne
1154 224 1249 252 passus
1265 220 1315 244 est.
1334 216 1418 243 Porro
1434 215 1507 242 illum
1526 219 1629 242 temere
1646 219 1725 244 verba

85 260 196 293 ἀτοπίας
217 260 302 295 ὀλίγα
320 263 530 298 πεφροντικὼς,
551 264 673 298 σημείοις
691 264 758 298 φησὶ
776 265 831 295 τοῖς
845 264 889 290 διὰ

88 306 134 333 τοῦ
153 306 316 342 “vetitum;
333 307 592 344 κατασεμνύνεσθαι
608 308 654 336 τὸν
668 309 795 345 Χριστὸν,
812 309 826 336 ό
841 317 888 343 γε-

92 353 175 387 γονὼς
184 353 250 388 ἡμῖν
263 353 398 389 ἑναγχος,
411 355 461 382 καὶ
472 354 603 391 διαρκῶς,
618 354 656 387 ὥς
664 363 696 389 γε
705 353 792 390 οἶμαι,
804 355 887 387 ἔδειξε

90 399 181 433 λόγος’
202 399 414 435 βασανίζωμεν,
429 401 454 428 εἰ
468 401 550 434 δοκεῖ,
562 401 611 432 τὰς
625 401 723 436 ἑτέρας
736 401 819 428 αὑτοῦ
833 409 888 436 φω-

89 447 148 478 νάς.
162 455 171 472 ι
192 447 223 473 'O
235 447 344 483 Πατὴρ,
362 449 443 483 φησὶ,
458 447 622 482 συνέστησε·
637 457 646 473 ι
660 448 690 474 τὺ
703 448 752 482 μὲν
760 445 817 480 οὖν,
828 455 889 474 συν-

89 494 216 528 έστησεν,
230 493 245 520 ὅ
261 493 372 520 τίποτὲ
394 494 470 521 ἐστιν
491 494 521 520 ὲν
539 494 643 526 τούτοις
664 494 716 520 οὐκ
739 492 773 520 ἂν
799 493 888 528 ἔχοιμι

87 537 241 564 νοεῖν·,καὶ
252 539 309 574 γάρ
323 539 398 566 ἐστιν
411 538 635 574 ὁμολογουμένως
662 539 779 574 ἀγοραία
796 548 827 565 τε
841 539 888 565 καὶ

86 582 265 618 ἀγυρτώδης,
289 584 338 610 καὶ.
359 584 506 620 τερθρείας
534 585 671 620 ἰδιωτικῆς
695 585 848 621 ἀνάμεστος
871 585 887 619 ἡ

85 628 164 663 φωνή
175 636 182 643 ·
200 628 274 664 πλὴν
287 627 367 665 οἶμαι
376 629 476 666 δηλοῦν
495 630 599 657 ἐθέλειν
609 631 686 664 αὐτὸ,
694 630 735 663 τδ,
745 630 886 666 παρέθετο,

84 673 156 708 φέρε
170 674 274 705 είτπῖν,
289 675 375 709 ἤγουν
391 674 599 711 μεμαρτύρηκε.
611 675 674 707 Πῶς
685 673 742 707 οὖν,
757 676 817 702 είπέ
831 683 886 710 μοι,

86 719 259 754 συνέστησεν
273 721 288 747 ὁ
303 720 410 756 Πατὴρ,
425 721 587 756 ἐνοικήσεως
600 720 676 751 θείας
692 721 857 755 ὴξιωμένον;
870 720 886 755 ἦ

84 764 169 791 τοῦτο
186 765 238 800 μὲν
251 766 354 800 ἥκιστά
370 774 421 800 γε’
438 766 574 798 κατέδειξε
593 766 621 792 δὲ
638 766 738 801 μᾶλλον
756 766 888 802 ὲνανθρω-

86 811 218 845 πήσαντα
231 811 279 838 τὸν
294 812 359 838 [διον
370 812 445 844 Υἱὸν,
460 812 633 847 μεμενηκότα
647 812 676 838 δὲ
691 812 738 838 καὶ
751 813 780 838 ἐν
794 812 887 845 σαρκὶ,

86 855 163 882 τοῦθ’
180 857 255 892 ὅπερ
276 855 312 892 ἦν
330 865 372 888 τε,
392 857 440 884 καὶ
458 858 525 890 ἔστι,
543 858 590 884 καί
607 857 695 888 ἕσται,
711 857 779 884 Θεὺν
793 857 886 893 δηλον-

87 903 143 928 ότι.
160 912 171 928 ι
185 902 293 937 Ἰησοῦς
318 903 372 939 γὰρ
393 904 509 939 Χριστὸς
529 905 543 931 ό
566 904 640 940 χθὲς,
660 904 708 931 καὶ
731 905 860 940 σήμερον,
873 905 888 931 ὸ

86 948 172 980 αὐτὸς
185 949 236 975 καὶ
250 949 291 981 εἰς
302 949 366 981 τοὺς
375 950 486 982 αίῶνας.
498 959 507 976 ι
520 951 587 986 Φέρε
599 950 690 977 τοίνυν
702 951 750 982 τὰς
763 951 888 986 ὲπάὐτῴ

89 994 372 1031 πολυπραγμονῶμεν
388 996 489 1031 φωνάς.
506 997 538 1023 Τί
555 1006 638 1033 φησιν
649 998 885 1034 όεὺαγγελιστής;

92 1049 102 1064 ι
117 1040 174 1066 Καὶ
189 1041 387 1076 ἐμαρτύρησεν
398 1043 413 1068 ὁ
426 1042 551 1078 Ἰωάννης
565 1043 668 1077 λέγων·
681 1044 743 1071 Ὀτι
754 1044 887 1079 τεθέαμαι

90 1086 120 1111 τὸ
138 1085 255 1121 Πνεῦμα
271 1087 440 1114 καταϐαῖνον
459 1087 526 1114 ὡσεὶ
542 1088 706 1124 περιστερὰν
719 1089 749 1122 ἑξ
760 1090 886 1125 οὐρανοῦ,

92 1132 139 1157 καὶ
167 1131 251 1166 μένον
276 1132 321 1158 ἐπ’
334 1133 431 1160 αὐτόν’
456 1131 532 1165 οὗτός
555 1135 628 1161 ἐστιν
653 1136 668 1162 ὁ
696 1135 832 1170 βαπτίζων
859 1137 887 1162 ὲν

93 1176 237 1212 Πνεῦματι
259 1178 349 1213 ἁγίῳ-
374 1179 454 1214 κάγὼ
477 1180 588 1215 ἑώρακα
611 1181 658 1208 καὶ
672 1182 886 1218 μεμαρτύρηκα,

92 1223 134 1249 ὅτι
150 1220 232 1256 οὗτός
246 1225 320 1251 ἐστιν
331 1225 348 1251 δ
363 1225 428 1257 Υἱὸς
440 1226 487 1252 τοῦ
501 1226 579 1254 Θεοῦ.
593 1237 602 1253 ι
617 1228 667 1262 Εἴη
684 1229 733 1264 μὲν
748 1228 802 1265 γὰρ
816 1230 888 1256 οίκο-

94 1268 216 1302 νομικῶς
238 1269 361 1303 ἀγιάσων
374 1270 421 1296 τὸν
439 1271 574 1307 Ἰορδάνην
590 1273 605 1298 ὁ
618 1273 720 1307 Κύριος
734 1273 813 1308 ἡμῶν
835 1274 888 1309 Ἰη-

94 1313 157 1345 σοῦς
171 1314 186 1339 ὁ
201 1314 320 1350 Χριστός
330 1323 338 1331 ·
358 1316 487 1351 κατηξίου
499 1317 531 1344 δὲ
544 1318 593 1345 σὺν
615 1319 681 1354 ἡμῖν
697 1319 887 1354 βαπτίζεσθαι,

93 1359 141 1394 τῆς
165 1360 239 1387 κατὰ
264 1361 356 1396 σάρκα
371 1363 529 1398 οἰκονομίας
550 1363 581 1390 τὸ
603 1366 755 1400 μυστήριον
774 1365 818 1392 διὰ
833 1365 887 1393 τῶν

94 1406 162 1440 αὐτῇ
178 1407 338 1440 πρεπόντων
361 1407 546 1444 διοικούμενος
560 1410 758 1445 τρόπων,”Εδει
772 1411 826 1446 γὰρ
841 1411 888 1438 ἄν-

94 1450 203 1485 θρωπον
222 1453 355 1486 γεγονότα
371 1453 552 1487 γινώσκεσθαι
569 1455 614 1482 τὸν
639 1457 672 1483 ὲκ
692 1456 760 1483 Θεοῦ
782 1457 887 1492 Πατρὺς

94 1496 180 1530 Λόγον
191 1505 198 1513 ·
213 1497 272 1524 ἀλλ’
287 1498 448 1530 ὲὸαπτίζετο
463 1500 523 1535 μὲν,
538 1501 576 1532 ὡς
589 1501 741 1537 ἄνθρωπος,
757 1502 886 1535 ἐϐάπτιζε

131 1543 239 1589 Ῠθεῖκῶς
253 1544 284 1589 ὲν
297 1544 368 1580 ἁγίῳ
384 1545 532 1580 Πνεύματι.
554 1546 609 1573 Καὶ
623 1547 652 1573 οὺ
667 1547 700 1582 δή
718 1547 769 1574 πού
787 1557 886 1584 φαμεν,
901 1561 922 1589 C

95 1587 110 1620 ἦ
126 1588 317 1624 ῦπουργικῶς,
333 1589 351 1624 ἢ
363 1589 401 1622 ὡς
417 1591 482 1625 παρ’
495 1591 589 1627 ἑτέρου
604 1592 676 1624 τινὸς
691 1594 748 1625 τοῖς
763 1593 888 1628 βαπτιζο-

95 1635 188 1667 μένοις
204 1633 254 1669 τὴν
268 1634 316 1661 τοῦ
333 1635 412 1669 ἁγίου
425 1635 581 1671 “vetitum;
594 1637 745 1672 διηκονεῖτο
759 1639 867 1674 μέθεξιν
879 1647 884 1654 ·

92 1677 220 1705 ἀπετέλει
234 1679 262 1705 δὲ
281 1680 383 1715 μᾶλλον
403 1682 597 1717 ἡγιασμένους,
611 1683 649 1714 ὡς
665 1683 746 1718 φύσει
759 1684 827 1716 Θεὸς
843 1685 887 1711 ὲν-

95 1723 146 1756 ιεὶς
161 1724 245 1757 αὐτὸς
256 1725 288 1758 ἐξ
303 1726 370 1753 ἰδίου
386 1727 580 1763 πληρώματος.
599 1729 660 1761 Πῶς
677 1727 723 1756 οὖν
738 1730 887 1766 ἀφειδήσας

94 1770 148 1796 τῶν
168 1770 209 1802 είς
233 1771 370 1808 ὀρθότητα
393 1773 492 1808 λόγων,
507 1774 555 1801 καὶ
577 1775 628 1810 μέν
644 1784 684 1802 τοι
702 1776 749 1803 καὶ
765 1776 888 1808 ἐννοιῶν,

94 1817 262 1852 ὲηργῆσθαι
278 1818 332 1854 φὴς
348 1819 378 1845 ὲν
388 1819 523 1856 ἀνθρώπῳ
536 1820 586 1856 τὴν
598 1820 735 1857 ἐνοίκησιν
751 1822 827 1857 παρὰ
840 1822 887 1848 τοῦ

93 1859 163 1886 Θεοῦ
177 1860 284 1894 Λόγους
303 1862 392 1889 καίτοι
414 1863 548 1891 πλείστων
564 1874 595 1891 τε
615 1865 686 1892 ὅσων
699 1866 795 1901 ἁγίων,
811 1866 842 1894 ἐν
856 1875 888 1901 γε

94 1905 126 1940 δὴ
152 1905 246 1940 σφίσιν
267 1907 359 1940 αὐτοῖς
381 1909 537 1944 ἐσχηκότων
560 1910 664 1939 ἕνοικον
686 1912 732 1940 τὸν
749 1913 804 1940 τῶν
819 1913 888 1940 ὅλων

94 1951 176 1978 Θεὰν·
201 1951 385 1987 βαπτίσαντος
411 1955 440 1982 δὲ
467 1956 573 1989 οὐδενὸς
598 1958 627 1984 ὲν
652 1957 709 1993 ίδίῳ
734 1959 886 1994 πνεύματι,

94 1998 180 2032 ῆγουν
195 1999 296 2032 θεῖκὼς
308 2001 449 2036 ἐνοικῆσαί
463 2011 532 2030 τισιν
547 2004 694 2040 εἰρημένου
720 2007 767 2033 καὶ
781 2007 886 2043 ἐνῳκη-

96 2044 189 2075 ιιὸτος⁸
203 2045 250 2071 καὶ
260 2046 342 2078 αὐτὸς
355 2047 370 2074 ὁ
382 2048 500 2082 Χριστὸς
514 2049 544 2076 ὲν
558 2050 624 2085 ἡμῖν
635 2051 775 2084 αὐλίζεται
786 2052 829 2079 διὰ
840 2053 887 2080 τοῦ

97 2090 177 2123 ἁγεου
192 2090 363 2126 Πνεύματος,
373 2093 443 2129 ὅπερ
455 2094 514 2120 ἐστὶ
526 2095 572 2121 καὶ
584 2095 648 2122 ἴδιον
661 2096 754 2130 αὐτοῦ,
764 2098 888 2134 καθάπερ

95 2137 193 2173 ἀμέλει
217 2138 264 2165 τοῦ
287 2140 356 2166 Θεοῦ
379 2141 425 2167 καὶ
449 2141 572 2176 Πατρός;
594 2143 649 2170 Καὶ
667 2144 735 2178 πρός
758 2153 789 2178 γε
811 2145 889 2172 τοῦτο

98 2184 175 2218 ἡμᾶς
189 2185 305 2220 ἐμπεδοῑ
321 2186 410 2220 λέγων
421 2187 503 2218 αὑτός
512 2197 518 2202 ·
535 2189 635 2216 (Ὅταν
648 2189 675 2216 δὲ
694 2190 759 2226 ἔλθῃ
770 2191 784 2216 ὁ
797 2191 888 2227 Παρά-

939 265 1054 299 jactare,
1065 269 1093 291 et
1105 263 1139 290 de
1151 270 1245 290 vocum
1258 262 1426 290 absurditate
1438 268 1532 296 parum
1545 269 1654 293 curare,
1667 270 1726 289 cum

940 311 1017 342 dicit,
1027 310 1111 344 signis
1125 317 1172 344 per
1183 309 1314 343 Spiritum
1326 308 1406 336 editis
1418 308 1556 335 honestari
1569 307 1726 341 Christum;

941 356 1063 389 proximo
1079 355 1211 389 superiori
1229 361 1355 382 sermone
1372 353 1450 384 satis,
1468 358 1497 380 ut
1513 354 1619 388 opinor,
1637 358 1726 381 osten-

940 402 1028 428 dimus
1047 409 1054 427 :
1073 401 1164 434 itaque
1181 400 1298 434 reliquas
1315 400 1374 433 ejus
1391 407 1484 432 voces,
1503 400 1525 426 si
1544 400 1647 434 placet,
1663 407 1727 427 exa-

941 445 1193 479 minemus.¢Pater,
1205 442 1526 480 inquit,co'inmeudavit;
1541 455 1550 471 ι
1567 453 1598 473 ac
1614 447 1725 473 verbum

940 494 1155 525 eommendandi,
1171 493 1298 528 quidnam
1312 493 1363 520 hoc
1376 494 1435 521 loco
1449 494 1494 526 sit,
1510 493 1660 529 intelligere
1673 503 1724 521 non

940 545 1047 572 possunt
1065 547 1072 565 :
1090 545 1150 564 nam
1167 545 1198 565 ea
1213 545 1265 565 vox
1280 545 1296 564 ο
1312 538 1408 565 mediis
1426 538 1552 566 nundinis
1568 543 1623 571 est,
1640 544 1668 566 et
1681 540 1728 565 vili

941 584 1069 612 concinne
1089 589 1117 610 ct
1148 583 1253 618 plebeia
1282 585 1426 619 nugatione
1447 584 1543 619 plena;
1567 586 1613 613 sed
1635 590 1727 613 tamen

940 634 1003 662 puto
1018 628 1183 663 significare,
1199 629 1334 663 deposuit,
1348 629 1424 657 verbi
1436 631 1533 663 gratia,
1548 631 1600 663 vel,
1613 635 1727 658 testatus

911 701 916 708 _
939 679 990 702 est.
1009 675 1149 708 Quomodo
1170 674 1261 710 igitur,
1283 682 1347 710 rogo
1368 680 1405 708 te,
1425 677 1626 704 commendavit
1647 677 1726 704 Pater

939 720 1075 747 hominem
1091 720 1286 748 inhabitatione
1298 721 1388 748 divina
1403 722 1562 756 dignatum?
1575 730 1608 750 an
1622 730 1685 750 ναι-ο
1700 723 1726 750 id

939 766 1061 798 minime,
1074 766 1122 793 sed
1136 766 1255 794 ostendit
1271 767 1360 801 potius
1375 768 1513 802 proprium
1528 767 1623 795 Filium
1638 768 1726 796 homi-

939 818 998 837 nem
1021 810 1137 843 factum,
1159 816 1312 839 manentem
1335 816 1422 840 tamen
1445 813 1527 840 etiam
1549 812 1575 840 in
1598 820 1680 840 carne
1700 813 1726 840 id

939 855 1027 890 ipsum
1047 856 1117 889 quod
1138 860 1214 887 erat,
1237 860 1262 884 et
1285 861 1342 889 est,
1363 861 1391 884 et
1414 857 1482 888 erit,
1505 864 1601 891 nempe
1623 857 1726 884 Deum?

904 891 924 919 Π
941 911 951 928 ε
967 901 1046 929 Jesus
1059 902 1184 930 Christus
1199 902 1272 929 etum
1287 902 1344 930 heri
1360 906 1387 929 et
1403 902 1494 935 hodie,
1509 902 1578 929 idem
1593 905 1621 929 et
1634 902 1660 928 in
1675 909 1726 929 5:1:-

938 949 998 975 cula
1009 949 1042 976 ".
1060 958 1069 974 ι
1084 949 1139 984 Age
1152 948 1245 982 igitur,
1258 956 1338 976 voces
1349 948 1383 975 de
1395 955 1428 975 eo
1441 948 1527 976 dictas
1541 947 1722 982 exquiramus.

939 994 1007 1027 Quid
1024 1001 1089 1028 ergo
1104 995 1142 1021 ait
1155 993 1336 1029 evangelista?
1354 1002 1362 1019 ι
1383 992 1416 1019 Ει
1432 992 1617 1020 testimonium
1633 993 1724 1026 perhi-

939 1040 996 1068 huit
1010 1041 1136 1073 Joannes,
1161 1041 1271 1073 dicens,
1297 1049 1306 1065 ι
1322 1039 1383 1066 Vidi
1405 1039 1535 1074 Spiritum
1560 1037 1725 1066 descenden-

940 1092 992 1114 tem
1017 1087 1088 1114 sicut
1109 1087 1261 1114 columbam
1285 1093 1301 1114 e
1322 1085 1402 1118 ccclo,
1425 1089 1453 1112 et
1474 1088 1626 1111 manentem
1643 1091 1725 1118 super

938 1142 999 1161 eum
1015 1142 1023 1161 :
1038 1134 1083 1160 hic
1097 1138 1139 1161 est
1153 1133 1199 1168 qui
1215 1133 1335 1168 baptizat
1350 1133 1376 1160 in
1393 1132 1496 1167 Spiritu
1512 1133 1622 1163 saneto;
1637 1134 1664 1156 et
1676 1137 1725 1164 ego

939 1180 1004 1212 vidi,
1024 1184 1052 1207 et
1071 1179 1255 1207 testimonium
1276 1178 1413 1213 pcrhibui,
1433 1179 1497 1212 quia
1518 1177 1561 1203 hic
1581 1180 1624 1204 est
1642 1175 1726 1202 Filius

940 1226 985 1254 Dei
997 1227 1030 1253 “.
1055 1234 1064 1252 ι
1087 1225 1146 1253 ibat
1164 1226 1235 1254 enim
1255 1224 1451 1259 dispensatoria
1473 1223 1576 1250 ratione
1596 1222 1725 1249 Dominus

939 1275 1030 1298 noster
1044 1270 1123 1298 Jesus
1136 1270 1262 1297 Christus
1277 1273 1306 1297 ut
1318 1268 1463 1297 .Iordanem
1479 1267 1672 1298 sanetilicaret,
1685 1267 1725 1293 di—

939 1322 1089 1352 gnatusque
1102 1320 1144 1344 est
1156 1316 1287 1351 baptizari
1305 1315 1456 1346 nobiscum,
1471 1318 1500 1341 ut
1516 1313 1675 1349 mysterium
1692 1311 1724 1338 il—

939 1363 990 1391 lius
1003 1364 1150 1391 secundum
1163 1369 1274 1390 carnem
1288 1361 1497 1396 dispensationis
1511 1360 1597 1388 modis
1611 1359 1647 1387 illi
1661 1367 1724 1386 cou-

939 1410 1109 1437 vcnientihus
1127 1413 1323 1444 exsequeretur
1342 1417 1349 1435 :
1366 1407 1508 1442 oportebat
1525 1407 1597 1434 enim
1616 1411 1644 1433 ut
1661 1405 1725 1432 illud

938 1463 972 1483 ex
988 1455 1044 1484 Deo
1061 1455 1140 1482 Patre
1154 1455 1271 1482 Verbum
1290 1454 1427 1481 hominem
1444 1460 1504 1480 esse
1522 1452 1620 1479 factum
1639 1459 1724 1486 agnu~

939 1506 1062 1529 sceretur
1076 1511 1083 1529 :
1098 1501 1144 1528 sed
1160 1500 1348 1535 baptizabatur
1361 1499 1470 1533 quidem
1486 1503 1515 1525 ut
1530 1498 1620 1530 homo,
1636 1497 1723 1531 bapti-

940 1549 1019 1575 zabat
1033 1552 1121 1575 autent
1139 1551 1169 1574 ut
1185 1546 1255 1574 Deus
1272 1547 1298 1573 in
1316 1545 1418 1580 Spiritu
1435 1550 1540 1573 sancto.
1557 1543 1648 1578 Neque
1662 1552 1725 1571 vero

939 1593 1054 1620 dicimus
1070 1592 1112 1620 vel
1132 1599 1207 1619 more
1223 1590 1467 1622 subservicntium,
1488 1588 1528 1616 vel
1546 1593 1673 1623 tanquam
1691 1589 1724 1614 ah

939 1640 992 1667 alio
1011 1639 1137 1674 quopiam
1160 1638 1279 1672 Spiritus
1298 1636 1385 1665 sancti
1406 1636 1641 1672 participationem
1662 1635 1724 1662 sub--

939 1685 1118 1718 ministrasse,
1140 1683 1188 1711 sed
1208 1683 1298 1718 potius
1321 1688 1446 1718 tanquam
1469 1690 1502 1710 ex
1524 1686 1619 1709 natura
1641 1681 1724 1708 Deum

938 1738 971 1757 ex
986 1730 1150 1764 plenitudine
1165 1737 1213 1757 sna
1228 1728 1425 1760 inl'undentem,
1439 1728 1622 1755 sanctiﬁcatos
1637 1727 1723 1754 reddi»

939 1776 1020 1803 diSse.
1033 1776 1087 1803 Cur
1098 1783 1163 1809 ergo
1178 1775 1258 1802 rectis
1271 1774 1360 1802 verbis
1373 1774 1569 1808 sententiisque
1583 1772 1724 1808 neglectis,

939 1821 1059 1852 cti'ectum
1077 1828 1137 1848 esse
1155 1820 1255 1848 asscris
1273 1819 1498 1847 inhabitationem
1520 1819 1545 1846 in
1567 1819 1675 1846 homine
1691 1818 1724 1845 ab

939 1868 996 1902 ipso
1019 1867 1063 1894 Dei
1085 1866 1188 1899 Verbo;
1212 1865 1336 1900 quamvis
1355 1865 1547 1901 quamplurimi
1568 1865 1656 1892 sancti
1674 1864 1725 1891 viri

939 1914 1135 1941 iuhabitantcm
1155 1913 1181 1940 in
1200 1919 1230 1940 se
1250 1912 1316 1947 ipsis
1333 1912 1476 1939 habuerint
1493 1911 1566 1938 illum
1586 1911 1725 1938 universo—

939 1968 997 1988 rum
1014 1961 1108 1992 Deum,
1122 1964 1150 1986 ct
1162 1967 1195 1986 ex
1210 1958 1244 1986 iis
1258 1965 1340 1986 nemo
1355 1958 1380 1985 in
1397 1965 1446 1985 suo
1459 1958 1556 1991 spiritu
1571 1956 1725 1992 baptizave-

940 2007 989 2038 rit,
1007 2010 1051 2033 aut
1073 2006 1165 2033 divino
1186 2012 1260 2032 more
1281 2005 1307 2033 in
1327 2004 1463 2040 aliquibus
1483 2003 1658 2036 habitaverit,
1678 2008 1725 2030 aut

940 2052 1106 2080 inhabitasse
1126 2051 1215 2078 dictus
1236 2051 1282 2084 sit,
1299 2057 1360 2078 cum
1381 2051 1438 2085 ipse
1458 2050 1583 2077 Christus
1601 2049 1679 2084 102
1698 2049 1724 2076 in

940 2098 1018 2125 nobis
1039 2097 1142 2124 habitet
1160 2104 1209 2131 per
1227 2103 1350 2124 sanctum
1372 2096 1519 2130 Spiritum,
1539 2095 1584 2130 qui
1605 2099 1648 2122 cst
1666 2094 1724 2128 ejus

939 2149 1046 2177 quoque
1061 2143 1198 2177 proprius,
1214 2146 1244 2169 ut
1259 2142 1341 2169 etiam
1357 2141 1450 2177 procul
1465 2141 1546 2168 dubio
1562 2141 1608 2168 Dei
1625 2147 1657 2167 ac
1672 2139 1724 2166 Pa—

941 2188 1007 2215 tris?
1019 2188 1052 2215 Et
1064 2189 1091 2215 in
1104 2189 1153 2215 hac
1164 2188 1295 2215 sententia
1310 2188 1368 2223 ipse
1381 2195 1430 2215 nos
1443 2187 1596 2219 confirmat,
1610 2187 1702 2213 dicens
1716 2194 1723 2212 :

97 2229 205 2264 κλητος,
218 2230 248 2256 ὃν
273 2230 328 2265 ἐγὼ
354 2231 455 2268 πέμψω
474 2233 538 2268 ὑμῖν
553 2234 629 2269 παρᾶ
651 2235 698 2262 τοῦ
725 2236 841 2271 Πατρδς,

979 2234 1032 2261 ium
1045 2234 1150 2261 venerit
1164 2233 1330 2265 Paracletus,
1345 2240 1424 2268 quem
1439 2240 1489 2267 ego
1503 2233 1605 2259 mittam
1620 2232 1695 2259 vobis
1709 2240 1723 2258 ιι

96 2275 210 2310 Πνεῦμα
221 2276 270 2311 τῆς
287 2276 427 2312 ἀληθείας,
439 2278 453 2304 ὃ
468 2279 543 2314 παρὰ
554 2280 601 2306 τοῦ
616 2281 723 2316 [ἰατρὸς
738 2283 885 2317 ἐκπορεύε-

94 2329 150 2353 ται,
164 2322 270 2353 ἐκεῖνος
292 2324 464 2358 μαρτυρήσει
483 2325 547 2360 περὶ
567 2325 646 2360 ἐμοῦ.
665 2326 776 2362 ι’Λθρει
790 2327 823 2362 δὴ
838 2325 884 2354 οὖν

94 2368 169 2398 Erue;
193 2367 224 2394 τὺ
248 2367 324 2402 παρὰ
340 2368 388 2394 τοῦ
406 2368 473 2395 Θεοῦ
490 2370 536 2396 καὶ
551 2370 658 2405 nam;
669 2371 887 2407 ἐκπορευόμενον

96 2413 221 2447 Πνεῦμα,
237 2413 318 2441 τοῦτο
331 2415 380 2441 καὶ
393 2415 443 2450 τῆς
456 2415 584 2451 ἀληθείας
602 2417 667 2443 ἴδιον
680 2411 748 2444 εἶναι
762 2418 816 2454 φής
831 2418 885 2454 [ἴθ’.

96 2458 201 2494 φησίν1.
219 2459 308 2492 Αὐτὸς
320 2459 350 2487 δέ
369 2469 423 2486 που
439 2461 546 2493 πάντως
560 2462 634 2489 ἐστὶν
650 2463 666 2498 ἡ
683 2463 805 2499 ἀλήθεια.
821 2462 887 2491 Εἶτα

97 2503 164 2536 πῶς,
177 2504 260 2540 ειπερ
283 2506 360 2533 ἐστὶν
383 2506 492 2541 ἀληθῶς
508 2508 558 2535 οὐκ
576 2509 789 2545 ἐνανθρωπήσας
809 2511 886 2544 Θεὸς,

97 2550 240 2586 ἄνθρωπος
258 2551 288 2578 δὲ
306 2551 419 2586 μᾶλλον,
434 2552 484 2588 τὴν
503 2553 577 2581 θείαν
593 2555 740 2590 ἐνοίκησιν,
755 2555 793 2588 ὡς
811 2556 887 2592 ἐνέρ-

97 2605 171 2630 γειαν
184 2596 267 2632 ἔχων,
275 2597 315 2628 ὡς
327 2597 394 2624 [διον
408 2598 519 2632 Πνεῦμα
529 2599 560 2626 τὸ
572 2599 620 2627 τοῦ
634 2601 700 2627 Θεοῦ
715 2601 762 2628 καὶ
770 2602 885 2638 Πατρδς,

98 2643 150 2673 τοῖς
162 2642 340 2670 πιστεύουσιν
358 2644 400 2675 είς
418 2644 499 2671 αὐτὸν
516 2646 705 2681 καταπέμψειν
724 2648 887 2682 ἐπαγγέλλε-

99 2695 155 2718 ται;
178 2687 261 2714 Ἀλλὰ
274 2687 343 2723 γὰρ,
358 2687 397 2719 ὡς
417 2688 496 2723 ἔφην,
508 2689 557 2725 τὴν
574 2690 621 2717 τοῦ
645 2692 794 2727 μυστηρίου
809 2693 887 2726 δόξαν

100 2734 232 2760 κατασείει
250 2734 321 2770 πρὸς
339 2735 372 2760 τὸ
387 2735 483 2770 μηδὲν,
499 2736 616 2771 μερίζων
630 2737 724 2773 ὥσπερ
737 2739 786 2774 τῆς
808 2739 887 2773 ἁγίας

101 2779 205 2814 Τριάδος
220 2780 270 2815 τὴν
292 2780 340 2806 ἐπί
355 2789 410 2806 τισι
426 2781 480 2808 τῶν
494 2782 638 2818 δρωμένων
656 2784 804 2819 ἐνέργειαν,
824 2785 887 2812 ἐκά-

132 2869 151 2883 ⁶¹
163 2868 245 2897 llcbr.
263 2877 328 2902 xm,
345 2869 372 2897 8.

415 2869 437 2885 "
451 2869 526 2897 Juan.
541 2878 558 2901 ι,
576 2872 671 2905 53,5!“
711 2873 733 2889 ⁸³
747 2873 825 2901 Joan.
849 2882 891 2908 xv,
909 2874 952 2901 2t).

940 2279 1033 2312 Patre,
1049 2279 1168 2313 Spiritus
1181 2279 1317 2311 veritatis,
1336 2279 1380 2313 qui
1398 2285 1413 2305 a
1430 2279 1510 2306 Patre
1527 2278 1664 2312 procedit,
1680 2277 1724 2304 ille

943 2326 1126 2354 testimonium
1143 2325 1296 2360 perhibebit
1311 2325 1345 2352 de
1358 2332 1401 2352 me
1409 2325 1441 2351 '“.
1459 2334 1468 2350 ι
1481 2325 1628 2352 Considera
1645 2324 1725 2358 igitur

937 2373 1164 2408 quemadmodum
1181 2372 1311 2407 Spiritum
1328 2379 1342 2399 a
1361 2371 1417 2399 Deo
1432 2376 1459 2399 et
1476 2371 1556 2398 Patre
1575 2372 1723 2405 proceden-

939 2423 1010 2450 tem,
1027 2418 1150 2446 eumdem
1167 2418 1249 2445 etiam
1267 2417 1388 2444 veritatis
1406 2417 1542 2452 proprium
1562 2423 1622 2443 esse
1640 2416 1722 2447 dicit;

938 2465 994 2499 ipse
1013 2468 1103 2491 autem
1124 2471 1236 2499 prorsus
1255 2469 1297 2490 est
1318 2464 1418 2491 veritas
1429 2463 1462 2489 ".
1483 2462 1563 2496 Atqui
1585 2462 1607 2489 si
1630 2469 1723 2489 revera

938 2518 991 2537 non
1007 2509 1077 2538 Deus
1093 2510 1174 2538 homo
1189 2510 1279 2537 iactus
1292 2515 1348 2543 est,
1363 2509 1411 2537 sed
1427 2510 1506 2536 homo
1523 2508 1612 2543 potius
1625 2513 1669 2536 est
1683 2508 1721 2535 di-

937 2557 1027 2583 vinam
1041 2556 1264 2584 inhabitationem
1277 2560 1408 2591 tanquam
1421 2555 1607 2590 operationem
1619 2562 1671 2588 qua
1686 2555 1723 2580 ci-

937 2607 1016 2630 eatur
1042 2602 1156 2636 habens,
1172 2602 1306 2637 quomodo
1325 2602 1351 2629 in
1371 2608 1401 2628 se
1417 2601 1590 2628 credentibus
1610 2600 1655 2628 Dei
1675 2599 1724 2627 Pa—

938 2648 1039 2682 trisque
1060 2647 1190 2683 Spiritum
1215 2652 1341 2682 tanquam
1364 2648 1501 2681 proprium
1525 2654 1554 2674 se
1577 2647 1723 2673 missurum

937 2693 1098 2728 pollicetur?
1111 2693 1180 2727 Sed,
1196 2698 1224 2720 ut
1235 2693 1291 2727 jam
1305 2693 1375 2725 dixi,
1393 2693 1460 2720 tanti
1477 2693 1598 2728 mystcrii
1616 2693 1721 2727 magni-

938 2740 1058 2767 tudinem
1076 2740 1109 2767 ad
1127 2740 1241 2767 nihilum
1260 2740 1369 2774 dejieit,
1385 2739 1508 2766 dividens
1525 2738 1722 2773 quodammodo

939 2794 985 2820 per
1001 2787 1122 2821 quatdam
1139 2794 1219 2821 opera
1238 2787 1309 2813 illun
1329 2791 1430 2814 sancta:
1446 2785 1588 2813 Trinitatis
1604 2783 1721 2813 ciiicicn—

993 2873 1015 2889 ’⁵⁷
1028 2868 1104 2901 Ιυξιιι.
1123 2881 1177 2907 xtv,
1194 2874 1218 2900 tj.
