1886 3056
145 154 198 182 179

663 153 693 182 S.
714 152 853 181 CYRILLI
871 152 1106 182 ALEXANDRINI
1127 151 1286 180 ARCHIEP.

1728 145 1784 178 ISO

146 213 222 243 tiam,
241 215 267 238 et
288 211 386 246 cuique
404 209 542 246 hyposlasi
564 209 690 243 privatim
713 210 844 242 tribuens.
864 217 890 244 qt

1037 223 1038 245 γ
1055 218 1084 236 τε
1103 210 1157 236 τῶν
1173 209 1348 236 ὑποστάσεων
1364 206 1508 242 ἀπονέμων
1524 206 1625 238 ἰδικῶς,
1641 205 1656 232 ὃ
1677 206 1714 242 μὴ
1731 207 1781 233 πέ-

146 266 198 284 uou
221 256 285 284 fecit
307 257 402 284 altera.
423 256 527 283 Rursus
548 256 583 283 ita
604 256 672 282 dixit
690 265 697 283 :
718 255 813 291 [Filius
833 255 929 289 elegit;

147 312 155 326 ‹
174 302 228 336 Ego
241 302 324 332 enim,
338 300 436 335 inquit,
449 308 499 327 vos
513 300 592 334 elegi.
610 310 619 326 ι
635 300 715 328 Pater
727 301 907 328 sanetiiicavit
922 309 928 327 :

147 347 262 380 Spiritus
272 345 360 374 eil'ecit
372 345 517 381 oratorem]
530 346 551 374 Ο
563 346 736 373 immodicam
749 351 844 374 emotte
857 354 931 374 tuen-

146 392 182 418 tis
199 391 348 418 insaniam!
367 391 396 418 Si
413 391 503 418 omnia
522 391 590 419 facta
610 397 674 419 sttnt
691 400 707 419 a
724 392 804 420 Patre
822 400 869 427 per
884 392 931 419 Fi-

145 436 209 464 lium
226 437 255 464 in
269 437 370 471 Spiritu
380 456 388 469 .
403 444 493 472 neque
507 437 608 472 aliquid
625 437 683 465 ﬁeri
701 439 833 472 contingit
847 447 861 466 a
876 438 931 466 Deo

144 487 172 508 ct
185 482 274 514 Patre,
290 481 340 509 nisi
356 482 408 510 hoc
421 482 481 517 ipso
496 483 584 516 modo,
597 483 642 516 qui
659 482 716 510 ﬁeri
732 488 821 517 potest
833 488 862 510 ιιι
877 491 929 510 non

144 528 180 554 sit
194 527 273 562 plane
286 527 423 562 stupidus,
435 528 481 562 qui
495 528 656 556 immortalis
673 529 743 556 illius
756 533 784 556 et
798 530 876 556 unius
891 530 931 556 di-

144 574 267 601 vinitatis
280 574 442 609 quibusdam
457 574 482 602 in
497 575 578 602 rebus
591 574 765 609 operationes
779 574 931 609 hypostasi-

143 619 195 648 bus
211 619 339 654 privatim
357 627 389 647 ac
406 620 516 655 proprie
534 619 698 655 itnpertitur,
716 628 765 647 nec
781 621 870 654 potius
888 619 929 646 af-

144 665 235 693 ﬁrmat
250 666 355 701 singula
370 674 430 701 quae
446 671 588 701 geruntur,
603 674 617 693 a
635 666 714 694 Patre
729 674 775 700 per
790 665 886 693 Filium
904 667 929 693 iu

144 711 247 746 Spiritu
264 719 324 739 esse
340 711 432 739 facta?
448 712 515 739 Nam
533 713 554 739 si
573 717 615 739 est
631 712 715 739 Filius
731 717 758 739 et
775 712 929 744 consilium,

142 760 170 784 et
183 756 326 790 sapientia,
339 761 366 784 et
378 756 463 784 virtus
476 756 565 784 Patris
575 757 608 789 “,
623 765 733 792 prorsus
746 758 837 784 omnia
851 757 931 785 Pater

144 809 193 836 per
207 801 306 830 Filium
323 807 451 837 tanquam
468 811 515 838 per
529 803 669 831 consilium
686 809 713 831 et
727 804 887 837 sapientiam
904 807 931 830 et

143 847 272 875 virtutem
291 848 461 882 operabitur.
475 847 520 876 Sic
537 849 699 883 eptimorum
718 849 808 876 habita
826 850 930 876 ratione

144 892 290 927 discipulos
304 892 394 928 elegit,
409 893 449 920 sic
458 892 513 926 jam
529 893 629 921 electos
642 893 757 920 dicimus
771 893 854 920 fuisse
867 901 930 920 san-
946 886 965 912 Β

144 938 289 969 ctilicatos.
303 938 341 965 sic
355 939 440 965 factos
452 943 585 970 oratores.
600 943 726 972 tanquam
741 946 773 964 ex
788 945 839 965 una
854 939 930 964 vide-

145 983 207 1010 licet
221 984 336 1016 deitate,
349 991 363 1010 a
379 983 459 1011 Patre
472 991 519 1017 per
530 983 626 1010 Filium
642 985 667 1010 in
682 984 795 1018 Spiritu.
814 993 822 1008 ι
840 983 929 1016 Pater,

146 1030 247 1064 inquit,
269 1035 376 1063 sancte,
399 1030 537 1057 sanctiﬁca
564 1030 624 1057 illos
649 1030 674 1057 in
698 1030 811 1056 veritate
835 1035 890 1058 tua.
916 1039 926 1055 ι

145 1075 303 1103 Sauctiiicat
319 1084 384 1110 ergo
403 1076 459 1111 ipsa
476 1075 592 1108 Veritas,
612 1076 662 1103 hoc
679 1081 729 1107 cst,
749 1075 834 1103 Filius
851 1084 860 1103 :
878 1076 929 1102 itu—

145 1120 227 1148 tuittit
248 1121 331 1148 etiam
350 1126 476 1148 sanctum
497 1121 627 1155 Spiritum
650 1121 785 1153 similiter,
803 1126 830 1148 et
848 1120 930 1147 ellicit

145 1167 297 1201 sapientes,
313 1174 344 1194 ac
361 1174 408 1201 per
423 1167 510 1194 sancti
529 1167 645 1201 Spiritus
661 1167 846 1201 operationem
866 1166 929 1193 reli-

144 1212 219 1245 giose
233 1213 398 1247 eloquentes.
414 1213 506 1247 Itaque
522 1213 548 1239 in
565 1212 684 1239 Mattltmi
701 1212 846 1247 Evangelio
861 1212 930 1239 dixit

144 1257 284 1292 discipulis
299 1257 355 1285 suis
371 1267 378 1286 :
396 1267 406 1283 ί
423 1258 490 1285 Cum
506 1258 666 1285 tradiderint
680 1265 743 1289 vos.
759 1258 840 1285 nolite
855 1258 930 1292 cogi-

145 1307 202 1329 tare
212 1304 345 1338 quomodo
357 1304 477 1339 autquid
488 1304 650 1339 loquamini;
661 1305 768 1331 dabitur
775 1305 845 1331 euim
855 1304 930 1331 vobis

145 1348 172 1374 iu
188 1348 230 1376 illa
247 1349 312 1376 hora
327 1350 392 1384 quid
408 1350 565 1385 loquamini.
578 1350 635 1377 Non
653 1351 725 1377 enim
740 1359 787 1378 vos
802 1351 869 1377 estis
882 1350 930 1384 qui

147 1394 305 1428 loquimini,
320 1396 366 1423 sed
383 1396 499 1430 Spiritus
515 1396 602 1424 Patris
614 1398 696 1424 vestri
712 1397 756 1432 qui
773 1397 889 1432 loquitur
903 1399 930 1423 in

147 1441 224 1476 103
237 1441 311 1468 vobis
320 1442 352 1468 ⁵⁷.
369 1451 378 1468 ι
393 1442 420 1469 ltt
435 1441 514 1470 Lucas
528 1448 616 1470 autem
632 1442 777 1478 Evangelio
790 1453 797 1470 :
811 1453 820 1469 ι
837 1443 930 1470 Ponite

144 1495 209 1521 ergo
226 1487 252 1515 in
270 1488 397 1515 cordibus
416 1489 512 1517 vestris
532 1497 584 1517 non
604 1490 783 1524 przenteditari
800 1491 927 1525 quemad’

145 1532 252 1560 modum
267 1534 464 1568 respondeatis.
476 1534 532 1571 Ego
544 1535 615 1563 enim
631 1536 699 1563 dabo
711 1536 787 1563 vobis
801 1545 832 1564 os
845 1541 872 1564 et
885 1544 929 1564 sa-

144 1579 283 1612 pientiam,
296 1579 338 1607 cui
353 1588 406 1608 non
421 1586 546 1615 poterunt
560 1583 748 1610 contradicere
761 1588 789 1609 et
803 1583 929 1610 resistere

143 1631 237 1651 omnes
257 1625 405 1654 adversarii
426 1627 509 1654 vestri
522 1627 554 1654 “‘.
582 1637 592 1654 ι
614 1628 733 1655 Audisue
754 1629 929 1662 quemadmo-

143 1671 218 1702 dum,
237 1670 363 1705 loquente
380 1671 406 1698 in
425 1672 490 1707 ipsis
507 1678 601 1700 sancto
620 1673 733 1707 Spiritu,
748 1675 804 1709 ipse
820 1676 865 1701 dat
881 1675 930 1701 0s?

143 1721 184 1744 est
201 1716 273 1743 euim
290 1717 425 1744 sermonis
441 1717 519 1745 dator
536 1723 628 1752 utpote
651 1719 769 1746 Verbum
793 1724 822 1746 ct
841 1719 929 1754 Spiri-

145 1766 188 1788 tus
208 1761 336 1794 tributor,
354 1767 384 1788 ut.
401 1762 446 1796 qui
465 1762 539 1790 illum
557 1764 693 1798 proprium
705 1765 865 1792 naturaliter
882 1766 929 1792 ltu—

145 1807 217 1840 beat,
234 1807 305 1834 sicut
320 1808 401 1835 etiam
418 1807 474 1842 ipse
489 1807 580 1835 Pater.
596 1808 694 1836 Eadem
710 1810 790 1844 igitur
803 1816 930 1845 operatur

143 1857 238 1880 sancta
255 1852 386 1885 Trinitas,
402 1858 428 1881 et
445 1861 612 1888 quaecunque
638 1856 752 1889 gesserit
768 1864 800 1883 ac
817 1857 930 1884 voluerit

143 1897 224 1925 Pater
240 1898 361 1930 elIicere,
379 1900 472 1927 eadem
491 1905 518 1927 et
535 1899 619 1927 Filitts
637 1902 732 1928 eodem
751 1902 830 1929 tuodo
847 1902 930 1935 facit,

144 1943 323 1980 similiterque
345 1944 462 1980 Spiritus
481 1951 604 1974 sanctus.
624 1948 742 1982 Singulis
761 1956 825 1975 vero
846 1949 931 1984 hypo-

144 1990 263 2017 stasibus
283 1991 402 2019 tribuere
422 1993 537 2020 seorsim
559 1994 731 2028 operationcs
751 1995 848 2029 cuique
868 2003 931 2030 pro-

143 2035 230 2068 prias,
244 2036 312 2063 nihil
329 2041 371 2064 est
386 2037 459 2065 aliud
474 2046 555 2073 quam
573 2044 627 2066 tres
645 2040 758 2067 seorsitu
775 2046 802 2068 et
819 2048 930 2075 prorsus

144 2081 214 2108 inter
228 2089 258 2108 se
273 2080 420 2116 disiunctus
434 2084 498 2111 deos
512 2085 696 2119 pronuntiare.
713 2085 780 2112 Nam
795 2086 820 2113 iu
837 2091 930 2114 sancta

144 2126 287 2160 Trinitate,
303 2127 347 2155 illa
364 2128 496 2158 naturalis
511 2129 624 2158 unitatis
639 2131 708 2157 ratio
721 2139 800 2158 unam
818 2139 930 2166 prorsus

145 2173 173 2200 itt
184 2173 310 2201 omnibus
322 2175 450 2209 operibus
464 2175 610 2204 motionem
624 2177 751 2204 ostendit.
764 2178 840 2211 Quod
853 2179 875 2205 si
890 2179 932 2206 di-

944 1560 964 1588 C

985 265 1090 291 πραχεν
1106 257 1122 291 ὴ
1141 257 1232 289 ἑτέρα.
1244 255 1328 281 Πάλιν
1342 251 1392 280 ὦδέ
1407 253 1538 288 φησιτῇο
1549 253 1612 284 Υἱὸς
1622 252 1781 285 ἐξελέξατο·

985 302 1077 336 «Ἐγὼ
1104 302 1170 337 γὰρ,
1193 301 1286 337 φησὶν,
1307 301 1379 334 ὑμᾶς
1405 299 1587 333 ἐξελεξάμην
1603 308 1612 324 ι
1640 299 1654 324 ὁ
1681 298 1783 332 Πατὴρ

983 349 1098 385 ἡγίασεο
1124 347 1155 373 τδ
1178 346 1290 382 Πνεῦμα
1313 345 1499 372 κατεσκεύασε
1523 345 1651 380 ῥήτορας.
1665 345 1698 370 Ὢ
1725 344 1781 378 τῆς

983 395 1104 430 ἀμέτρου
1123 392 1343 428 φρενοϐλαϐείας.
1361 392 1394 418 Ei
1411 391 1501 418 πάντα
1517 390 1613 424 γέγονε
1631 390 1709 424 παρᾶ
1727 389 1781 416 τοῦ

984 440 1090 475 Πατρὸς
1108 440 1142 466 δι’
1159 439 1223 466 Υἱοῦ
1239 439 1268 465 ἐν
1288 437 1437 471 Πνεύματι,
1454 437 1504 463 καὶ
1518 436 1568 462 οὐκ
1589 436 1622 463 ἂν
1639 445 1665 462 τι
1687 435 1781 471 ὁρῷτο

984 486 1062 522 ’παρά
1082 485 1130 512 τοῦ
1152 485 1219 511 Θεοῦ
1242 484 1289 511 καὶ
1311 483 1429 518 Πατρδς,
1448 482 1519 517 πλὴν
1532 482 1573 508 ὅτι
1595 481 1665 508 κατὰ
1680 482 1780 507 τοῦτον

984 533 1065 560 αὑτὸν
1079 532 1125 559 τὸν
1143 531 1254 567 τρόπον,
1269 530 1328 561 πῶς
1345 530 1396 556 οὐκ
1418 529 1593 564 ἀπόπληκτος
1612 528 1654 563 εἴη
1677 527 1712 554 ἂν
1727 527 1779 553 καὶ

983 580 1055 615 μάλα
1067 579 1189 609 εἰκότως,
1201 579 1214 604 ὁ
1227 579 1285 608 ταῖς
1300 576 1463 603 ὑποστάσεσι
1476 574 1667 609 καταμερίζων
1681 573 1779 604 ἰδικῶς

980 625 1029 655 τὰς
1044 623 1089 650 ἐπί
1105 623 1137 657 γέ
1151 631 1220 648 τισιν
1235 620 1384 656 ἐνεργείας,
1401 620 1452 655 τῆς
1476 619 1615 655 ἀκηράτου
1639 619 1685 644 καὶ
1708 619 1779 652 μιᾶς

981 668 1106 702 θεότητος
1117 673 1123 680 ⁸
1142 667 1187 693 καὶ
1206 667 1265 700 οὐχὶ
1275 667 1306 701 δὴ
1325 665 1425 700 μᾶλλον
1438 665 1543 691 ἕκαστα
1559 664 1613 689 τῶν
1624 663 1778 698 δρωμένων

981 713 1137 749 πεπράχθαι
1154 711 1393 746 διαϐεϐαιούμενος
1413 710 1487 745 παρὰ
1498 709 1605 744 Πατρὺς
1618 709 1651 735 δι’
1666 708 1733 735 Υἱοῦ
1746 709 1779 734 ἐν

981 759 1138 794 Πνεύματι;
1157 759 1188 785 Εἰ
1203 758 1257 792 γάρ
1273 758 1345 783 ἐστιν
1363 757 1379 782 ὁ
1397 756 1461 787 Υἱὸς
1474 755 1521 782 καὶ
1537 754 1619 789 βουλὴ
1633 754 1678 780 καὶ
1693 753 1778 788 σοφία

980 805 1028 832 καὶ
1045 804 1157 840 δύναμις
1174 803 1218 830 τοῦ
1238 803 1353 838 Πατρδς,
1371 802 1462 828 πάντα
1477 809 1527 827 που
1545 799 1666 830 πάντως,
1678 799 1716 830 ὡς
1730 798 1780 825 δυὲ

982 851 1079 886 βουλῆς
1092 850 1140 877 καὶ
1156 849 1251 883 σοφέας
1266 849 1313 875 καὶ
1328 848 1469 882 δυνάμεως
1485 847 1499 872 ὁ
1517 845 1608 880 Πατὴρ
1625 844 1780 879 ἐργάσεται

981 899 1013 925 δι’
1027 897 1102 924 Υἰοῦ.
1115 896 1208 928 Οὕτως
1231 895 1361 932 ἁριστίνδ’
1384 894 1551 924 ἀπολέκτους
1573 893 1692 918 ἐποιεῖτο
1711 892 1779 922 τοὺς

983 943 1105 978 μαθητάς
1114 950 1121 957 ’
1136 942 1222 973 οὕτως
1236 940 1366 975 ἡγιάσθαι
1377 939 1467 974 φαμὲν
1477 939 1540 969 τοὺς
1551 937 1776 972 ἐξειλεγμένους·

980 990 1052 1016 οὓτω
1065 987 1228 1023 γεγενῆσθαι
1245 987 1372 1022 ῥήτορας,
1388 985 1426 1016 ὡς
1442 985 1474 1011 ὲκ
1493 986 1557 1019 μιᾶς
1574 983 1699 1018 δηλονότι
1715 982 1779 1009 θεό-

980 1044 1071 1071 τητος,
1085 1034 1160 1070 παρὰ
1176 1033 1282 1068 Πατρὸς
1304 1032 1337 1058 δι’
1351 1031 1417 1058 Υἱοῦ
1438 1032 1467 1057 ὲν
1488 1030 1638 1065 Πνεύματι.
1658 1039 1667 1055 t
1685 1029 1781 1064 Πάτερ

980 1082 1034 1116 ’γὰρ
1049 1081 1122 1113 ἅγιε,
1135 1079 1229 1115 φησὶν,
1241 1078 1353 1112 ἁγίασον
1366 1077 1465 1108 αὐτοὺς
1481 1077 1510 1102 ὲν
1520 1077 1553 1112 τῇ
1565 1075 1680 1111 ἀληθείᾳ
1693 1084 1750 1101 σου.
1765 1084 1777 1099 ι

986 1126 1106 1162 Ἀγιάζει
1126 1126 1216 1152 τοίνυν
1229 1126 1246 1161 ὴ
1267 1124 1391 1159 ἀλήθεια,
1409 1122 1547 1149 τουτέστιν
1562 1123 1576 1149 ὁ
1591 1121 1654 1153 Υἱός
1665 1129 1672 1136 θ
1689 1121 1781 1156 ἐνίησι

980 1173 1009 1200 δὲ
1024 1173 1070 1200 καὶ
1083 1172 1182 1208 ὁμοίως
1197 1171 1245 1198 καὶ
1259 1169 1405 1204 ἀποφαίνει
1423 1168 1532 1203 σοφοὺς,
1549 1169 1595 1195 καὶ
1610 1168 1655 1194 διὰ
1666 1167 1715 1202 τῆς
1729 1166 1782 1193 τοῦ

979 1219 1058 1254 ἁγίου
1074 1218 1231 1253 Πνεύματος
1254 1215 1310 1252 [ῖσ.
1324 1215 1355 1241 τὸ
1377 1215 1454 1249 ἅγιον
1467 1214 1591 1251 Πνεῦμα]
1622 1213 1776 1249 ἐνεργείας,

980 1264 1112 1299 θεοφιλῶς
1129 1261 1415 1297 κατεγλωττισμένους
1440 1261 1504 1296 [Ian
1522 1259 1780 1294 κατευγλωττισμὲ-

980 1311 1144 1347 νους].Ἔφη
1158 1310 1222 1344 γοῦν
1241 1311 1269 1336 ὲν
1287 1309 1337 1344 μὲν
1351 1309 1384 1343 τῇ
1405 1307 1451 1334 τοῦ
1465 1307 1605 1334 Ματοαίου
1625 1307 1776 1341 συγγραφῇ

981 1358 1049 1393 πρὸς
1062 1358 1124 1389 τοὺς
1140 1356 1239 1383 ἑαυτοῦ
1256 1354 1392 1391 μαθητὰς,
1414 1364 1423 1380 ι
1436 1354 1521 1380 Ὀταν
1540 1353 1569 1380 δὲ
1589 1352 1777 1388 παραδίδωσιν

982 1404 1036 1431 rlu'.
1055 1401 1254 1439 παραδιδῶσιν]
1280 1402 1368 1437 ὑμᾶς,
1388 1400 1424 1436 μὴ
1448 1400 1636 1436 μεριμνήσητε
1661 1398 1733 1430 πῶς,
1758 1397 1777 1433 ῆ

980 1451 1006 1476 τί
1021 1450 1172 1485 λαλήσητε·
1190 1449 1332 1484 δοθήσεται
1348 1448 1403 1483 γὰρ
1417 1448 1482 1482 ὑμῖν
1500 1447 1529 1472 ὲν
1548 1446 1639 1480 ἐκείνῃ
1653 1447 1688 1480 τῇ
1702 1445 1775 1479 ὦρᾳ,

980 1497 1008 1523 τί
1023 1497 1170 1532 λαλήσετε·
1187 1496 1216 1522 οὺ
1234 1495 1288 1530 γὰρ
1303 1495 1381 1530 ὑμεῖς
1404 1495 1466 1520 ὲττε
1487 1494 1511 1519 οἱ
1535 1492 1690 1523 λαλοῦντες,
1705 1491 1776 1517 ἀλλὰ

981 1542 1011 1569 τὸ
1035 1542 1147 1577 Πνεῦμα
1169 1541 1215 1568 τοῦ
1240 1541 1344 1577 Πατρὺς
1368 1540 1444 1576 ὑμῶν
1465 1539 1495 1566 τὸ
1517 1538 1613 1565 λαλοῦν
1626 1538 1655 1564 ἐν
1668 1538 1745 1572 ὑμῖν.
1762 1545 1774 1562 ι

982 1589 1031 1614 Διὰ
1048 1589 1076 1615 δέ
1094 1597 1126 1622 γε
1147 1588 1195 1623 τῆς
1211 1587 1258 1614 τοῦ
1276 1587 1381 1613 Λουκᾶ·
1398 1596 1407 1612 ι
1422 1585 1507 1612 Θέσοε
1523 1583 1570 1611 οὖν
1586 1585 1614 1610 ὲν
1628 1585 1689 1615 ταῖς
1703 1592 1778 1618 καρ-

981 1635 1050 1666 δίαις
1068 1633 1146 1669 ὑμῶν
1171 1633 1208 1668 μὴ
1224 1633 1392 1667 προμελετᾷν
1412 1631 1612 1667 ἀπολογηθῆναι
1624 1639 1632 1646 -
1646 1629 1703 1664 ἐγὼ
1720 1629 1777 1664 γὰρ

981 1680 1059 1706 δώσω
1075 1680 1138 1715 ὑμῖν
1153 1680 1240 1714 στόμα
1261 1679 1307 1705 καὶ
1326 1679 1432 1713 σοφίαν,
1480 1678 1510 1704 οὐ
1532 1678 1693 1713 δυνήσονται
1710 1677 1777 1703 ἀντ-

981 1727 1079 1758 ειπεῖν,
1095 1726 1112 1761 ἦ
1130 1726 1289 1760 ἀντιστῆναι
1308 1725 1406 1756 πάντες
1428 1725 1453 1751 οἱ
1469 1723 1650 1758 ἀντικείμενοι
1670 1723 1746 1758 ὑμῖν,
1764 1731 1774 1747 ι

988 1773 1110 1804 Ἀκούεις
1124 1772 1198 1803 ὅπως
1213 1771 1356 1803 λαλοῦντος
1373 1772 1402 1798 ἐν
1415 1771 1506 1802 αὐτοῖς
1522 1769 1569 1796 τοῦ
1591 1769 1670 1804 ἁγίου
1687 1768 1777 1796 Πνεύ-

983 1827 1078 1853 ματος,
1096 1817 1176 1849 αὐτὸς
1190 1817 1282 1844 δίδωσι
1300 1817 1329 1843 τὺ
1343 1817 1445 1852 στίμα;
1462 1816 1542 1850 λόγου
1555 1815 1609 1850 γὰρ
1622 1816 1681 1841 ἐστι
1693 1814 1778 1848 δοτὴρ

982 1864 1019 1894 ὡς
1038 1864 1133 1898 Λόγος,
1152 1864 1199 1890 καὶ
1224 1863 1380 1898 [Iustius-.0;
1401 1863 1527 1898 χορηγὸς,
1543 1861 1580 1893 ὡς
1607 1861 1673 1887 ἴδιον
1703 1860 1777 1894 ἔχων

981 1909 1047 1935 αὐτὸ
1061 1908 1193 1943 φυσικῶς,
1210 1909 1280 1936 καθὰ
1297 1909 1343 1935 καὶ
1361 1909 1441 1939 αὐτὸς
1456 1909 1470 1934 ό
1489 1906 1777 1943 Πατήρ.Ταυτοεργεί

983 1955 1033 1989 μὲν
1050 1953 1096 1981 οὖν
1118 1956 1134 1990 ἡ
1158 1955 1224 1988 ἁγία
1239 1955 1335 1990 Τριὰς,
1351 1955 1397 1981 καὶ
1410 1954 1482 1989 ἆπερ
1500 1953 1534 1980 ἂν
1546 1952 1620 1988 δρώῃ
1643 1952 1691 1979 καὶ
1708 1951 1775 1987 βού-

980 2000 1053 2026 λοιτο
1067 1999 1215 2035 κατορθοῦν
1232 2001 1246 2027 ὁ
1260 2000 1365 2035 Πατὴρ,
1381 1999 1467 2026 ταῦτα
1482 1999 1529 2026 καὶ
1543 1999 1557 2024 ὁ
1568 1998 1631 2029 Υἱὸς
1641 1998 1715 2024 κατὰ
1727 1996 1776 2023 τὸν

982 2047 1039 2072 ἴσον
1060 2046 1174 2082 τρόπον·
1193 2046 1294 2080 ὁμοίως
1311 2046 1340 2072 δὲ
1355 2046 1401 2072 κα)⁸
1415 2046 1445 2072 τὸ
1460 2044 1581 2080 Πνεῦμα.
1597 2044 1634 2070 Τό
1658 2052 1691 2077 γε
1719 2043 1776 2078 μὴν

981 2093 1033 2120 ἀνὰ
1059 2093 1140 2128 μέρος
1155 2092 1254 2119 διδόναι
1270 2093 1320 2124 τὰς
1337 2091 1477 2127 ἐνεργείας
1500 2092 1601 2126 ἑκάστῃ
1626 2089 1681 2116 τῶν
1705 2089 1775 2115 ὑπο-

982 2141 1104 2167 στάσεων
1121 2139 1221 2171 ἰδικῶς,
1234 2139 1310 2165 οὐδὲν
1325 2137 1420 2173 ἕτερόν
1433 2138 1519 2169 ἐστιν,
1532 2137 1548 2172 ἢ
1564 2137 1638 2172 τρεῖς
1652 2135 1705 2162 ἀνὰ
1723 2135 1775 2170 μέ-

983 2194 1028 2219 ρος
1041 2184 1087 2211 καὶ
1101 2184 1253 2219 ὁλοτρὸπως
1274 2183 1397 2219 ἀλλήλων
1409 2183 1594 2218 διεστηκότας,
1608 2181 1774 2216 ἀποφαίνειν

143 2226 246 2251 camus,
262 2227 323 2247 cum
342 2228 395 2247 una
412 2221 565 2256 hypostasis
583 2228 704 2250 movetur
719 2223 751 2250 ad
769 2231 847 2258 opus,
866 2231 887 2251 rt

1029 2230 1068 2261 ύς.
1084 2231 1113 2256 '0
1131 2229 1179 2265 μὲν
1202 2230 1255 2265 γὰρ
1275 2229 1326 2264 τῆς
1346 2229 1463 2264 φυσικῆς
1485 2228 1609 2263 ἐνότητος
1625 2227 1704 2261 λόγος
1727 2227 1773 2253 ἐπὶ

143 2273 211 2298 quas
225 2266 291 2292 duas
305 2266 371 2293 nihil
384 2274 474 2301 agerc.
490 2269 625 2302 quomodo
642 2269 733 2303 negari
750 2270 849 2303 poterit
863 2270 927 2303 quin

142 2318 272 2346 corporea
281 2311 425 2340 inducatur
432 2314 527 2347 sectio,
537 2315 728 2349 propemodum
739 2314 826 2342 locum
837 2323 930 2350 quem-

143 2357 203 2386 dam
225 2357 552 2393 singttlisvltypostasibus
574 2361 706 2393 tribuens,
727 2369 759 2388 eo
781 2361 838 2396 ipso
859 2363 928 2396 quod

141 2409 220 2432 extra
241 2404 358 2438 reliquas
377 2409 406 2432 et
425 2404 550 2439 abjuncta
570 2407 712 2441 cogitatur,
732 2415 784 2434 uon
803 2415 836 2435 eo
858 2408 928 2443 qttod

142 2449 250 2486 proprie
265 2449 402 2483 subsistit,
418 2451 444 2478 id
460 2451 531 2478 enim
545 2459 607 2479 verc
624 2453 734 2486 dicitur,
750 2453 797 2480 scd
813 2455 884 2488 quod
901 2455 927 2480 in

143 2493 272 2528 cujusque
285 2495 323 2522 rei
336 2495 503 2529 diversitate,
517 2498 648 2525 rationem
662 2506 721 2532 qua:
732 2499 765 2526 ad
779 2499 928 2526 naturalem

144 2540 273 2568 unitatent
289 2541 398 2577 colligat
421 2551 474 2570 non
491 2544 609 2578 patitur?
624 2544 679 2572 Una
695 2546 766 2572 enim
780 2545 929 2573 divinitatis

145 2590 241 2613 natura
256 2587 283 2614 itt
298 2592 393 2615 sancta
407 2593 435 2616 et
449 2589 670 2617 consubstantiali
684 2591 817 2618 'l‘rinitatc
833 2591 929 2618 intelli-

143 2631 225 2665 gitur.
240 2631 289 2659 Hic
306 2637 394 2660 autem
414 2634 501 2662 bonus
517 2635 557 2662 vir
572 2635 654 2663 Deum
669 2635 786 2664 Verbum
806 2636 859 2664 Deo
877 2637 928 2664 [³ο-

144 2678 233 2712 trique
251 2679 482 2708 consubstantiale
500 2682 612 2716 perinde
628 2690 659 2710 ac
676 2683 697 2710 si
714 2683 851 2718 ignoraret
869 2691 928 2711 esse

144 2722 243 2749 factum
257 2724 403 2758 hominem,
418 2734 471 2753 non
486 2727 637 2762 abjicicndo
651 2729 720 2763 quod
736 2729 805 2756 Deus
818 2734 869 2762 est,
882 2730 928 2756 sed

143 2767 231 2804 potius
247 2771 409 2799 assumenda
427 2772 497 2806 quod
515 2780 566 2800 non
587 2778 655 2806 erat,
673 2774 753 2801 audet
770 2779 927 2801 extenuare.

180 2855 226 2885 “'l
247 2857 308 2886 Cor.
327 2866 345 2892 ι,
366 2858 410 2886 21.
451 2859 470 2875 ⁸⁷
489 2859 580 2887 Matth.
602 2868 628 2892 x,
648 2861 690 2893 '19,
708 2861 752 2888 L2t).

981 2277 1032 2311 τῆς
1045 2275 1126 2309 ἀγιας
1140 2275 1264 2310 Τριάδος,
1278 2275 1341 2310 μίαν
1359 2275 1390 2310 δή
1409 2284 1460 2301 που
1478 2275 1528 2310 τὴν
1548 2274 1590 2308 ἐφ’
1607 2273 1694 2300 ἅπασι
1716 2277 1774 2307 τοῖς

982 2322 1130 2358 δρωμένοις
1145 2321 1289 2356 ἀποφαίνει
1304 2321 1419 2356 κίνησιν.
1439 2322 1470 2347 Ei
1485 2321 1513 2348 δὲ
1530 2321 1562 2356 δὴ
1576 2321 1716 2356 λέγοιμεν,
1732 2322 1773 2347 ὅτι

983 2368 1047 2403 μιᾶς
1065 2368 1249 2404 ὑποστάσεως,
1264 2365 1319 2393 οἷον
1335 2368 1374 2398 εἰς
1388 2367 1456 2402 ἔργα
1474 2367 1666 2402 κεκινημένης,
1682 2367 1774 2404 ἀπρα-

981 2413 1106 2447 κτήσειεν
1121 2412 1155 2438 ἂν
1173 2402 1200 2438 αἶ
1215 2412 1272 2442 δύο,
1291 2410 1349 2442 πῶς
1362 2411 1392 2437 οὐ
1408 2413 1508 2446 παχεῖα
1521 2411 1591 2446 τομὴ
1609 2412 1774 2446 παρεισκρί-

981 2466 1067 2489 νεται,
1084 2457 1166 2483 τόπον
1186 2457 1280 2492 ὥσπερ
1304 2457 1365 2484 τινὰ
1389 2456 1443 2484 τῶν
1466 2457 1642 2483 ὑποστάσεων
1669 2457 1773 2493 ἑκάστῃ

984 2503 1115 2539 νέμουσα,
1130 2503 1169 2535 τὸ,
1187 2503 1240 2535 ἔξω
1258 2513 1288 2529 τε
1312 2504 1359 2529 καὶ
1379 2502 1628 2537 ἀπεσχοινισμένως
1653 2502 1772 2528 νοεῖσθαι

984 2550 1038 2576 τῶν
1063 2549 1162 2581 ἄλλων,
1181 2549 1212 2575 οὑ
1239 2550 1309 2576 κατά
1331 2558 1362 2583 γε
1387 2549 1417 2575 τὸ
1439 2549 1573 2583 ὑπάρχειν
1603 2548 1769 2580 ἱδιοστᾶτως,

981 2594 1061 2621 τοῦτο
1072 2593 1124 2629 γὰρ
1137 2594 1250 2628 ἀληθές·
1265 2594 1322 2620 ἀλλ’
1335 2595 1372 2625 ὼς
1387 2594 1415 2620 ἐν
1426 2595 1459 2628 τῇ
1471 2593 1541 2619 κατὰ
1553 2594 1607 2619 πᾶν
1619 2593 1770 2628 ἑτερότητι,

983 2640 1020 2675 μὴ
1039 2641 1189 2675 ἀνεχομένη
1211 2640 1290 2674 λόγου
1312 2640 1358 2667 τοῦ
1377 2640 1582 2675 συναγείροντπ
1603 2640 1643 2670 εἰς
1658 2640 1772 2674 ἑνότητα

982 2686 1099 2720 φυσικήν
1110 2695 1117 2719 ;
1129 2686 1186 2712 Μία
1196 2685 1251 2721 γὰρ
1263 2686 1388 2720 θεότητος
1404 2686 1485 2720 φύσις
1496 2686 1525 2711 ἐν
1538 2684 1605 2719 ἁγίᾳ
1619 2684 1666 2710 καὶ
1680 2685 1772 2718 ὀμοου-

982 2730 1032 2764 σὶῳ
1049 2732 1148 2757 νοεῖται
1165 2730 1308 2765 Τριάδι.”0
1322 2730 1349 2756 δὲ
1363 2729 1480 2764 χρηστὸς
1493 2728 1595 2758 οὑτοσὶ,
1612 2727 1659 2753 τὸν
1673 2726 1772 2760 ὁμοοὺ-

983 2782 1038 2800 σιον
1058 2774 1097 2809 τῷ
1110 2775 1170 2810 Θεῷ
1181 2775 1227 2802 καὶ
1242 2775 1329 2810 Ila—.92
1342 2775 1409 2802 Θεὸν
1422 2775 1517 2809 Λόγον,
1529 2773 1567 2805 ὡς
1581 2772 1631 2799 οὐκ
1642 2771 1720 2803 εἰδὼς
1732 2771 1772 2798 ὅτι

792 2862 812 2877 ‘-'
831 2861 896 2890 Luc.
912 2869 969 2894 ut,
992 2861 1034 2896 li,
1051 2862 1089 2890 l5.
