1886 3056
85 146 125 168 ¹δ¹
601 150 787 181 ADVERSUS
806 151 870 179 NES

930 153 978 182 ιιι]
984 154 1008 182 Μ
1028 154 1092 182 LIB.
1113 154 1155 182 ιν.

1656 162 1709 189 182
1735 168 1738 171 ‘

81 199 367 249 yéyovsvﬁv-Opwnog,
384 205 417 231 οὐ
440 206 470 232 τὸ
488 205 557 234 εἴναι
575 208 642 239 Θεδς
664 209 870 245 ἀποὸεεληκὼς,

930 211 990 239 Nam
1007 219 1068 240 cum
1082 217 1176 241 sancto
1191 212 1313 248 Spiritui,
1331 217 1360 241 ut
1373 213 1474 242 dictum
1489 219 1540 248 est,
1556 216 1708 249 patrocine-

82 244 269 290 προσειληφὼς
279 247 310 274 δὲ
327 250 433 283 μᾶλλον
445 252 513 288 ὅπερ
525 253 575 280 οὐκ
586 251 631 289 ἦν,
643 256 875 290 κατασμικρύνειν

80 289 229 325 ἀποτολμᾷ.
257 291 447 330 Συναγορεύει
470 296 520 332 μὲν
544 298 614 333 γὰρ,
640 298 679 330 ὡς
707 289 823 335 εἵρητάιι
837 300 876 334 τῷ

80 335 148 381 ἁγίῳ
161 336 315 372 Πνεύματι,
332 341 507 377 περιυϐρίζει
521 343 549 370 δὲ
563 344 609 371 τὸν
619 345 694 378 Υἰὺν,
704 345 775 373 οὓτω
789 346 875 381 λέγων

80 389 91 406 7
161 389 238 413 τινας
251 383 308 412 τῶν
323 384 360 412 τὰ
375 386 482 422 ’Λρείου
497 390 604 425 φρονεῖν
619 391 773 426 ᾑρημένων.

113 425 254 461 [ῐῐλείονιι1
281 430 361 465 φησὶ,
388 432 439 468 τὴν
462 434 502 465 εἰς
523 434 604 461 αὑτὸν
624 425 874 470 κατασκευάζοντες

79 471 170 518 ὕβριν.
178 473 226 499 καὶ
238 473 270 500 τὸ
278 475 394 512 Πνεῦμα
403 479 453 513 τῆς
463 479 536 512 θείας
546 481 743 517 ἀποτέμνοντες
756 483 873 518 φύσεως,

78 517 109 543 τὸ
123 517 173 552 τὴν
194 519 398 558 ᾶνθρωπότητα
411 525 492 551 αὑτοῦ
512 526 661 557 διαπλάααν
674 536 681 544 ν
700 537 711 554 (
725 517 766 555 Tol
778 530 832 564 γὰρ
845 531 875 557 έν

78 564 114 601 τῇ
122 564 229 609 Μαρίᾳ,
238 566 316 601 φησὶ,
331 569 469 605 γεννηθὲν,
476 571 508 598 ἐκ
516 572 673 607 Πνεὺματός
683 573 756 604 ἐστιν
767 574 873 609 ἁγίου-ι

78 609 150 635 κατὰ
164 608 225 645 [Ian
244 612 277 638 τὸ
293 613 376 649 κατὰ]
395 614 564 652 δικαιοσύνην
578 617 609 643 τὸ
621 617 738 645 πλασθὲν
756 619 873 646 ἀνέπλα-

78 662 125 680 σεν
149 654 209 690 [Im
221 656 413 695 ἀναπλάσαν]·
434 661 628 697 «Ἐφανερὼοη
649 664 714 699 γὰρ,
729 665 821 700 φησὶν,
845 666 875 693 ὲν

78 699 165 733 σαρκὶ
176 707 184 714 ·
194 699 344 737 ἐδικαιώθη
360 704 388 729 ὲν
401 703 553 740 Πνεῦμα-τι·
575 715 584 732 ι
602 707 632 733 τὸ
640 706 749 742 δαίμοσι
759 699 874 743 φοϐερὸν

78 744 276 780 ἐργασάμενον
287 755 294 762 ·
316 756 326 773 t
337 747 408 782 Ἐγὼ
421 749 484 785 γὰρ,
500 751 590 785 φησὶν,
608 751 637 777 ὲν
652 751 789 787 Πνεὺματι
806 753 892 780 Θεοῦι

77 790 208 817 ἐκϐάλλω
224 792 260 818 τὰ
273 792 410 828 δαιμόνια·
427 804 436 821 ι
451 795 484 822 τὸ
497 796 546 831 τὴν
559 797 642 824 αὑτοῦ
655 798 745 833 σάρκα
761 808 874 835 πεποιη-

80 835 164 868 μένον
176 836 257 863 ναὸνρ
273 847 283 864 ι
298 838 435 874 Τεθέαμαι
452 840 515 876 γὰρ,
530 842 606 877 φησὶ,
619 842 650 868 τὸ
664 843 776 878 Πνεῦμα
789 853 874 871 κατα-

927 261 980 290 lur,
1000 258 1096 285 Filium
1113 258 1194 287 aﬂicit
1209 258 1324 293 injuria,
1340 260 1385 288 ubi
1402 260 1530 289 adversus
1545 261 1603 289 Arii
1622 267 1709 290 secta-

925 306 999 332 tores
1013 303 1049 332 ita
1065 304 1142 333 dicit.

965 435 1095 471 [Ras-ron.
1114 435 1252 471 Majorem,
1267 436 1363 471 inquit,
1377 437 1403 464 in
1418 437 1655 472 ipsum-struentes
1669 439 1707 466 in-

922 480 1034 515 juriam.
1047 486 1074 509 et
1089 481 1218 516 Spiritum
1233 489 1247 508 a
1263 483 1353 509 divina
1369 487 1462 510 natura
1477 489 1645 519 separantes,
1657 485 1706 519 qui

925 527 1120 554 humanitatem
1133 527 1192 562 ejus
1206 528 1331 555 formavit
1346 537 1353 555 :
1371 538 1381 555 ι
1397 529 1473 562 Quod
1484 530 1556 557 enim
1571 530 1599 557 in
1612 530 1705 564 Maria,

925 570 1021 605 inquit,
1038 577 1128 599 natum
1145 577 1197 604 est,
1215 572 1248 599 de
1263 572 1365 607 Spiritu
1380 579 1473 602 saneto
1487 578 1528 601 ost
1540 575 1645 610 “pqui
1660 581 1706 602 se-

924 615 1039 643 cundant
1055 616 1188 650 justitiam
1204 617 1274 651 quod
1290 617 1437 645 formatum
1451 623 1510 646 erat
1526 619 1704 647 reformavit:

927 670 937 688 ι
954 661 1153 690 Manifestatum
1168 662 1240 689 enim
1254 666 1306 695 cst,
1320 662 1417 697 inquit,
1433 664 1458 690 in
1473 671 1565 696 carne,
1576 664 1706 700 iustiﬁca-

924 711 981 734 tum
996 711 1037 735 est
1052 707 1078 734 in
1090 707 1192 742 Spiritu
1204 708 1241 740 "°;
1256 708 1301 743 qui
1318 712 1348 735 ut
1361 709 1500 737 daemoniis
1514 714 1587 737 esset
1599 710 1706 738 terribi-

925 753 957 781 lis
970 752 1060 780 eﬂ‘ecit
1074 762 1081 780 :
1099 762 1108 779 I
1124 753 1180 788 Ego
1195 754 1279 786 enim,
1293 753 1391 787 inquit,
1405 754 1432 781 in
1447 755 1550 789 Spiritu
1566 754 1613 782 Dei
1627 754 1709 789 ejicio

924 799 1054 826 dzemonia
1066 799 1108 830 7';
1130 808 1140 825 ι
1159 799 1206 833 qui
1225 799 1297 827 illius
1318 807 1426 827 carnem
1444 800 1532 828 eﬂ‘ecit
1551 800 1677 836 templum
1697 810 1705 828 :

927 852 936 869 ε
949 843 1008 871 Vidi
1021 843 1107 877 enim,
1121 843 1219 878 inquit,
1230 843 1360 878 Spiritum
1367 845 1572 873 descendentem
1586 846 1706 874 sicutco-

77 879 176 926 ὁαῖνον
193 880 262 908 ὡσεὶ
277 883 454 921 περιστερὰν,
469 885 516 912 καὶ
530 886 683 922 μεμένηκεν
697 887 740 913 ἐπ’
756 888 849 915 αὐτόν·
861 898 870 914 ι

930 890 1055 922 ηιιιιιικιιῐι,
1070 894 1096 916 et
1113 889 1210 917 mansit
1226 896 1306 924 super
1319 897 1380 917 cum
1392 891 1432 924 7’;
1451 899 1462 917 ι
1478 891 1525 926 qui
1541 892 1705 926 assumptio—

79 924 110 950 τὸ
123 925 176 960 τὴν
194 927 331 964 ἀνάληψιν
346 929 421 967 αὐτῷ
434 931 615 966 χαρισάμενον
625 940 633 947 δ
650 941 660 958 t
672 933 874 970 Ἐντειλάμενος

79 970 147 1006 γάρ,
168 973 249 1007 φησὶ,
273 976 330 1006 τοίς
354 975 443 1010 ἁγίοις
465 977 633 1009 ἀποστόλοις,
649 978 696 1010 οὒς
721 979 872 1014 ἐξελέξατο,

78 1015 126 1041 διὰ
139 1016 303 1052 Πνεύμάτος
317 1020 406 1054 ἁγίου,
419 1021 567 1057 ἀνελήφθη.
579 1031 588 1047 ι
606 1022 690 1049 Τοῦτο
702 1023 734 1059 δὴ
749 1024 780 1050 τὺ
799 1025 874 1060 τηλι-

82 1061 189 1097 καύτην
210 1064 323 1100 Χριστῷ
346 1067 529 1104 χαρισάμενον
552 1067 639 1100 δόξαν,
659 1069 776 1105 Χριστοῦ
790 1079 874 1099 κατα-

81 1107 248 1141 σκευάζουσι
265 1110 381 1149 δοῦλαι]

386 1182 511 1211 ΚΕΦΛΛ.
538 1185 575 1213 Ρ.

114 1245 153 1272 Τὸ
166 1246 217 1281 μὲν
226 1243 274 1274 οῦν
286 1247 337 1283 τῆς
350 1247 424 1280 θείας
437 1258 466 1276 τε
480 1251 526 1277 καὶ
538 1250 677 1287 ἀκηράτου
690 1252 797 1288 φύσεως
810 1254 874 1281 ἀπο-

80 1291 190 1326 τέμνειν
199 1291 230 1318 ra
241 1293 354 1328 Πνεῦμα
369 1295 550 1331 κατατολμᾷν,
561 1297 703 1334 μοχθηρᾶς
718 1296 788 1326 εἷναί
800 1308 872 1335 φημι

82 1338 128 1364 καὶ
151 1338 296 1375 ἀλιτηρίου
319 1340 427 1376 φρενὸς,
445 1341 492 1368 καὶ
509 1342 576 1370 πολὺ
594 1343 641 1371 τοῦ
656 1345 761 1377 εἰκότος
779 1345 874 1382 ἐξῳκι-

82 1384 364 1420 σμένης.’ομοοὺσιον
378 1386 432 1422 γάρ
450 1387 507 1414 ἐστι
522 1388 562 1424 τῷ
576 1389 635 1424 Θεῷ
649 1389 696 1417 καὶ
715 1390 813 1426 Πατρὶ,
826 1391 873 1418 καὶ

83 1430 136 1465 μὴν
148 1430 198 1457 καὶ
210 1431 288 1466 αὐτῷ
303 1431 343 1466 τῷ
355 1432 429 1466 Υίῷ⁹
451 1433 498 1460 καὶ
521 1433 587 1466 Θεὸς
601 1433 681 1468 εἶναι,
696 1436 743 1462 καὶ
757 1435 789 1462 ἐκ
805 1436 872 1463 Θεοῦ

81 1476 251 1504 πιστεῦεται.
271 1477 377 1514 Χρῆναι
400 1478 429 1504 δὲ
452 1476 528 1514 οἴμαι
547 1480 627 1507 ταυτὶ
643 1480 773 1516 μεθέντας
790 1482 829 1513 εὶς
843 1481 873 1508 τὸ

83 1521 182 1557 παρὸν.
200 1522 246 1548 τὸν
258 1523 287 1548 ὲν
301 1523 394 1558 χερσὶν
410 1524 485 1558 ἡμῖν,
503 1524 765 1562 πολυπραγμονῆσαι
782 1526 871 1560 λόγον,

81 1567 128 1593 καὶ
135 1567 197 1594 ὅποι
208 1568 273 1594 ποτὲ
284 1567 385 1602 βλέπει,
393 1569 589 1604 νουνεχέστατα
600 1571 744 1598 κατιδεῖν.‹
757 1571 873 1598 Πλείονα

81 1614 148 1648 γὰρ,
171 1614 251 1648 φησι,
268 1613 318 1650 τὴν
334 1614 374 1646 είς
394 1615 476 1642 αὐτὸν
498 1615 748 1648 κατασκευάζοντες
773 1616 870 1652 ὓϐριν·

80 1659 178 1693 δῆλον
186 1659 222 1686 δὲ
228 1660 272 1687 ὅτι
282 1660 333 1687 τὸν
339 1660 374 1687 ἐκ
382 1661 456 1688 Θεοῦ
462 1661 577 1696 Πατρός
585 1662 690 1696 Λόγον·
700 1662 784 1689 καὶτὸ
792 1663 873 1689 Πνεῦ-

83 1714 122 1740 μα
138 1705 189 1740 τῆς
211 1705 287 1737 θείας
305 1706 505 1741 ἀποτέμνοντες
521 1706 637 1741 φύσεως,
654 1707 685 1734 τὸ
702 1708 752 1743 τὴν
766 1707 872 1744 ἀνθρω-

81 1751 188 1786 πότητα
202 1750 286 1777 αὐτοῦ
293 1749 453 1778 διαπλάσαν.
466 1761 475 1778 ι
489 1752 543 1788 Τὴν
560 1750 671 1786 τίνος,ὧ
681 1753 811 1788 βέλτιστε,
820 1755 873 1790 φὴς

79 1795 283 1822 διιπεπλάσθαι
295 1796 490 1832 ἀνθρωπότητα
500 1797 544 1824 διὰ
555 1798 603 1824 τοῦ
618 1799 686 1825 Πνεύ
691 1808 773 1834 ματος
784 1808 790 1832 ;
804 1801 873 1827 Καί-

81 1849 122 1867 τοι
139 1841 204 1873 τοὺς
220 1841 317 1875 λόγους
329 1843 395 1877 ἡμῖν
409 1842 510 1877 ἀρτίως
525 1843 568 1869 ἐπ’
581 1843 655 1879 αὑτῴ
670 1845 818 1880 πεποίησαι
833 1845 872 1880 τῷ

82 1888 242 1923 Μονογενεί,
258 1889 306 1915 καὶ
319 1889 351 1915 ὲκ
366 1888 433 1916 Θεοῦ
450 1889 556 1926 Πατρὸς
571 1890 734 1927 ἀπορῤήτως
745 1899 873 1928 γεγεννηρ

83 1934 175 1969 μένῳ·
194 1934 272 1961 θείαν
287 1934 342 1970 γὰρ
360 1934 392 1970 δὴ
415 1935 494 1970 φύσιν
515 1935 655 1971 ὠνόμαζες
677 1937 775 1964 αὐτόν·
789 1938 871 1965 αὑτοῦ

81 1978 110 2005 δὲ
123 1977 202 2014 οἶμαι
218 1979 267 2006 καὶ
279 1980 327 2014 οὐχ
342 1979 434 2016 ἐτέρου
447 1980 497 2016 τὴν
515 1981 712 2018 ἀνθρωπότητα
724 1983 787 2018 φής.
799 1983 872 2010 Οὐκ-

80 2024 128 2051 οῦν
141 2024 314 2060 διαμέμνησο
332 2024 388 2052 τῶν
404 2025 515 2052 σεαυτοῦ
531 2026 643 2061 φωνῶν·
658 2027 725 2055 ἰδίαν
736 2029 790 2064 γὰρ
803 2026 871 2056 εἶναι

81 2070 136 2104 φὴς
157 2069 207 2096 τοῦ
225 2069 315 2104 Λόγου
334 2070 383 2105 τὴν
399 2071 488 2106 σάρκα
500 2070 588 2107 ψυχῆς
604 2072 718 2108 ἐνούσης
731 2074 799 2110 αὐτῇ
821 2075 871 2109 τῆς

79 2114 196 2150 λογικῆς
222 2115 365 2150 δηλονότι·
383 2116 460 2143 ἔσται
474 2116 530 2152 γὰρ
554 2117 640 2150 οὕτως
657 2119 674 2154 ἡ
694 2119 871 2155 ὰνθρωπότης

78 2161 174 2188 αὑτοῦ.
190 2158 258 2188 Εἶτα
272 2160 342 2193 πῶς,
357 2161 434 2197 εἴπερ
450 2162 524 2189 ἐστὶν
536 2163 566 2189 ἓν
581 2163 650 2198 μετά
662 2165 710 2199 τῆς
725 2164 792 2196 ἰδίας
805 2173 870 2199 σαρ-

78 2206 127 2238 κὸς
149 2208 164 2234 ὁ
185 2207 218 2233 ὲκ
242 2207 310 2234 Θεοῦ
326 2207 433 2242 Πατρδς
449 2208 544 2242 Λόγος,
560 2209 650 2244 ἰσχύος
666 2207 735 2236 εἶναι
749 2210 869 2245 νομίζεις

77 2252 163 2278 αὑτὸν
176 2252 227 2288 τῆς
239 2252 407 2288 Θεοπρεποῦς
418 2253 521 2286 ἐπιδεᾶ,
537 2254 584 2280 καὶ
597 2254 710 2289 φοϐερὸν
722 2254 803 2281 αὑτὸν
815 2256 870 2290 εἰρ-

77 2297 182 2331 γάσθαι
197 2299 254 2329 τοῖς
269 2297 378 2333 δαίμοσι
391 2298 421 2324 τὸ
441 2299 552 2334 Πνεῦμα
564 2299 596 2325 τὺ
613 2299 700 2334 ἅγιον,
717 2299 754 2332 ὡς
768 2300 822 2327 ἀπό
836 2309 868 2335 γε

77 2343 130 2378 τῆς
145 2343 215 2375 ἰδίας
229 2343 337 2378 φύσεως
351 2343 402 2370 οὐκ
425 2344 520 2379 ἔχοντα
541 2345 620 2371 τοῦτο
644 2345 723 2380 δρᾷν’
745 2346 793 2372 καὶ
814 2345 868 2382 μὴν

79 2389 128 2416 καὶ
144 2388 187 2421 τδ,
202 2388 332 2416 δύνασθαι
356 2389 507 2424 συντρίϐειν
522 2389 569 2416 τὸν
590 2390 722 2422 Σατανᾶν,
738 2390 776 2422 ὡς
794 2390 870 2417 δοτὸν

80 2434 272 2470 παρἜτέρου,
299 2434 349 2461 καλ¹
374 2434 451 2470 μόλις
475 2435 681 2470 ὲρανιζόμενον;
696 2436 728 2462 Et
751 2435 800 2470 μὲν
822 2433 869 2464 οὖν

81 2477 158 2506 οἶσθα
171 2479 212 2506 δτι
228 2479 260 2506 τὸ
273 2479 440 2514 ἀποτέμνειν
454 2479 485 2506 τδ
500 2479 611 2515 Πνεῦμα
624 2480 675 2515 τῆς
695 2480 770 2512 θείας
786 2480 868 2507 αὑτοῦ

82 2524 198 2558 φύσεως,
216 2525 401 2561 ἐγκλημάτων
415 2525 553 2560 αἴσχιστον
568 2526 610 2560 εῑη
624 2525 667 2560 ἂν,
680 2526 728 2553 καὶ
742 2526 814 2561 μαλα
825 2526 867 2553 Δεί-

924 941 985 961 nem
1002 934 1039 961 illi
1054 933 1167 969 largitus
1180 938 1220 962 est
1236 942 1244 961 :
1263 943 1273 960 ι
1291 933 1470 970 Pmcipiens,
1485 935 1589 971 inquit,
1604 936 1706 964 sanctis

924 979 1064 1013 apostolis,
1079 987 1146 1014 quos
1158 979 1249 1013 elegit.
1269 988 1316 1013 per
1333 980 1463 1015 Spiritum
1481 986 1614 1015 sanctum,
1628 982 1707 1018 104

924 1030 1077 1060 assumptus
1093 1030 1135 1052 cst
1146 1025 1179 1051 ⁷³.
1199 1034 1209 1050 ι
1229 1024 1305 1053 llunc
1323 1027 1403 1060 igitur
1419 1027 1464 1062 qui
1482 1031 1582 1054 tantam
1599 1027 1715 1056 Clll‘iSltL

924 1070 1036 1104 gloriam
1051 1070 1162 1106 largitus
1177 1075 1229 1105 est,
1244 1071 1344 1100 Christi
1360 1079 1467 1100 servum
1482 1071 1623 1108 eﬂiriunt.]

1246 1184 1324 1212 CAP.
1342 1183 1383 1212 lll.

959 1252 1066 1280 Audere
1081 1252 1189 1286 quidem
1202 1259 1218 1279 a
1233 1252 1323 1280 divina
1338 1252 1383 1279 illa
1399 1252 1598 1287 immortalique
1611 1257 1707 1281 natura

924 1298 1056 1333 Spiritum
1071 1298 1243 1331 abscindere,
1258 1298 1374 1332 improbi
1388 1305 1450 1326 csse
1463 1303 1491 1326 et
1505 1298 1611 1326 scelesti
1623 1298 1709 1326 auimi

923 1351 1033 1377 censeo,
1043 1349 1071 1372 et
1085 1344 1165 1380 longo
1179 1344 1320 1372 intervallo
1335 1344 1368 1371 ab
1382 1351 1416 1372 eo
1430 1344 1501 1379 quod
1514 1343 1640 1372 convertit
1664 1350 1708 1370 re-

923 1390 999 1417 moti.
1016 1389 1259 1418 Consubstanlialis
1277 1393 1319 1417 est
1334 1389 1407 1416 enim
1426 1390 1480 1418 Deo
1497 1394 1525 1418 et
1541 1389 1628 1422 Patri,
1642 1384 1709 1424 quin

923 1436 1004 1463 etiam
1018 1435 1068 1469 ipsi
1081 1443 1187 1470 quoque
1200 1436 1279 1468 Filio,
1293 1441 1320 1464 et
1332 1437 1403 1464 Deus
1415 1443 1475 1464 esse
1488 1441 1516 1463 et
1529 1443 1563 1463 ex
1578 1435 1708 1462 Deocre-

923 1481 1005 1508 ditur.
1019 1479 1072 1508 Sed
1084 1485 1209 1515 oportere
1222 1481 1349 1513 arbitror,
1363 1481 1396 1509 iis
1410 1482 1442 1508 ad
1456 1486 1575 1514 prmscns
1587 1477 1708 1509 omissis.

923 1526 1004 1553 verba
1024 1533 1083 1561 qua:
1105 1533 1177 1554 nunc
1197 1530 1261 1553 sunt
1280 1526 1306 1553 in
1328 1526 1468 1558 manibus,
1489 1524 1660 1557 examinare.
1681 1527 1708 1552 et

925 1578 979 1605 quo
1001 1576 1123 1605 spectent
1140 1575 1266 1598 accurate
1290 1570 1454 1606 perspicere.
1472 1579 1481 1595 ι
1498 1569 1642 1603 Majorem,
1667 1569 1708 1599 in:

925 1617 994 1652 quit,
1006 1617 1032 1644 in
1046 1617 1133 1651 ipsum
1147 1620 1299 1644 statuentes
1312 1616 1436 1651 injuriam
1450 1615 1586 1651 (nimirum
1603 1615 1629 1641 in
1641 1614 1707 1643 illud

925 1671 957 1690 ex
972 1662 1024 1690 Deo
1042 1661 1122 1689 Patre
1137 1661 1272 1697 Verbum),
1285 1666 1313 1689 et
1326 1661 1457 1695 Spiritum
1471 1669 1486 1688 a
1502 1661 1592 1688 divina
1608 1666 1707 1688 natura

925 1706 1147 1742 separantes,qui
1164 1707 1223 1742 ejus
1238 1707 1431 1734 humanitatem
1440 1705 1577 1733 formavit.
1588 1715 1598 1732 ι
1609 1705 1706 1739 Cujus-

926 1759 1003 1786 nam,
1025 1752 1068 1778 vir
1088 1751 1208 1786 optime,
1229 1751 1332 1779 asseris
1353 1751 1547 1778 humanitatem
1569 1758 1586 1778 ει
1607 1750 1707 1784 Spiritu

925 1796 1088 1824 formatam?
1106 1797 1189 1831 Atqui
1210 1796 1310 1824 dudum
1330 1796 1364 1824 de
1382 1797 1441 1831 ipso
1463 1796 1606 1831 Unigenito
1626 1800 1654 1823 et.
1673 1802 1718 1824 ex.

927 1841 981 1869 Deo
1001 1841 1082 1870 Patre
1103 1841 1273 1870 ineﬂ‘abiliter
1288 1846 1353 1870 nato
1369 1841 1450 1869 verba
1471 1842 1576 1869 feceras
1595 1850 1603 1869 :
1621 1841 1707 1876 ipsum

925 1887 997 1915 enim
1014 1887 1134 1915 divinam
1150 1892 1273 1916 naturam
1291 1886 1445 1922 appellabas
1462 1896 1468 1914 :
1486 1887 1571 1922 ipsius
1588 1894 1662 1922 ergo,
1679 1890 1708 1913 ut

924 1933 1032 1968 opinor,
1049 1941 1104 1961 non
1121 1933 1233 1961 alterius
1250 1933 1444 1961 humanitatem
1461 1933 1540 1961 dicis.
1555 1932 1707 1960 Recordare

925 1979 1007 2014 igitur
1018 1979 1162 2007 verborum
1176 1983 1283 2007 tuorum
1298 1988 1305 2006 :
1319 1980 1455 2014 propriam
1469 1979 1541 2007 enim
1555 1986 1615 2006 esse
1628 1978 1707 2006 Verbi

925 2024 999 2052 illam
1015 2032 1125 2052 carnem
1137 2025 1216 2057 dicis,
1228 2025 1316 2052 anima
1335 2024 1459 2051 rationali
1477 2023 1615 2060 prmditam
1631 2021 1707 2050 scili-

924 2074 967 2096 cet
984 2079 991 2097 :
1009 2069 1049 2097 sic
1066 2077 1184 2104 namque
1200 2069 1252 2097 erit
1267 2070 1326 2102 ejus
1343 2068 1506 2097 humanitas.
1525 2068 1606 2104 Atqui
1623 2067 1645 2095 si
1664 2067 1706 2102 ip-

924 2122 981 2142 sum
994 2122 1026 2142 ex
1041 2115 1095 2142 Deo
1107 2114 1188 2142 Patre
1199 2113 1315 2142 Verbum
1328 2123 1411 2143 unum
1424 2117 1466 2142 est
1479 2121 1539 2142 cum
1552 2121 1600 2141 sua
1613 2120 1706 2146 carne,

924 2162 1059 2196 quomodo
1072 2161 1169 2189 divinis
1181 2161 1284 2190 viribus
1298 2169 1360 2190 eum
1376 2161 1495 2197 indigere
1508 2165 1596 2195 putas,
1610 2164 1638 2187 et
1652 2165 1706 2187 ιρι·-

925 2207 1029 2235 ribilem
1045 2208 1184 2236 daemoniis
1197 2215 1213 2235 a
1228 2207 1330 2243 Spiritu
1345 2211 1440 2236 sancto
1456 2207 1567 2239 factum,
1582 2210 1613 2233 ut
1628 2205 1673 2240 qui
1689 2212 1706 2232 a

923 2260 972 2280 sua
986 2257 1081 2280 natura
1094 2253 1121 2281 id
1135 2261 1188 2282 non
1202 2258 1295 2288 posset
1307 2253 1428 2286 eﬂicere;
1441 2252 1533 2279 adhatc
1546 2252 1639 2284 etiam,
1655 2250 1706 2277 hoc

923 2299 1012 2334 ipsum
1029 2306 1110 2333 posse
1125 2304 1267 2327 conterere
1284 2298 1424 2330 Satanam,
1441 2298 1518 2333 quasi
1535 2297 1568 2325 ab
1586 2297 1639 2324 alio
1655 2296 1704 2324 da-

921 2349 988 2376 tum,
1004 2345 1102 2380 vixque
1117 2344 1187 2372 dono
1202 2343 1355 2379 acceptum?
1371 2343 1400 2371 Si
1416 2344 1500 2379 igitur
1516 2351 1568 2370 non
1585 2342 1704 2378 ignoras,

921 2397 1050 2425 separare
1070 2389 1200 2425 Spiritum
1220 2397 1237 2418 a
1256 2390 1348 2418 divina
1368 2389 1427 2425 ejus
1448 2394 1560 2421 natura,
1583 2387 1705 2422 turpissi-

923 2443 997 2462 mum
1011 2435 1164 2463 habendum
1177 2443 1238 2463 esse
1250 2436 1364 2468 crimen,
1376 2439 1404 2463 et
1415 2435 1524 2470 quidem
1535 2433 1606 2468 jure,
1620 2433 1706 2468 ipsius

921 2481 1013 2515 procul
1029 2481 1110 2509 dubio
1125 2480 1243 2516 Spiritus
1257 2485 1309 2514 est,
1322 2485 1353 2509 ut
1367 2481 1412 2516 qui
1427 2487 1475 2516 per
1486 2480 1649 2508 inetYabilem
1663 2479 1704 2514 ip-

921 2527 978 2554 sius
995 2531 1117 2554 naturam
1135 2527 1273 2561 procedat,
1290 2530 1318 2554 et
1334 2526 1384 2561 ipsi
1400 2526 1437 2555 sit
1452 2524 1703 2558 consubstantialis,

116 2617 137 2632 ⁶⁹
153 2616 247 2644 Matth.
263 2623 283 2648 ι,
297 2616 345 2643 ‘20.
385 2616 408 2631 ⁷⁰
425 2615 433 2642 1
449 2615 520 2643 Τίιιι.
538 2624 579 2648 ιιι,
593 2616 635 2642 lli.
672 2617 694 2632 "'
711 2615 803 2643 Matth.
823 2623 869 2648 xtl,

967 2617 990 2632 '"
1006 2616 1083 2644 Joan.
1101 2616 1176 2650 1,32.
1215 2616 1238 2633 ⁷³
1251 2616 1311 2644 Act.
1329 2624 1349 2650 ι,
1367 2616 1394 2644 2.

710 2702 790 2731 ANT.
811 2703 948 2732 AGELLll
967 2704 1080 2732 ΝΟΤιΕ.

116 2784 177 2822 (24)-
188 2783 235 2822 Sic
249 2768 464 2822 distinguendus
478 2780 584 2809 videtur
597 2780 680 2821 locus.
695 2786 726 2808 ut
746 2785 807 2821 apto
821 2789 867 2822 ea:

87 2817 124 2846 dat
145 2817 177 2846 ail
193 2817 319 2846 Ncstorii
343 2817 533 2850 scutentiant:
550 2817 671 2850 quamvis
692 2817 808 2849 pessima
832 2817 868 2843 sit

86 2854 226 2887 distinctio,
242 2857 272 2881 et
289 2855 393 2880 contra
408 2857 487 2877 usum
508 2849 648 2884 Ecclesiae;
670 2857 749 2886 quam
772 2851 867 2879 distin-

920 2783 1036 2810 ctionem
1051 2782 1184 2819 improbat
1203 2782 1318 2819 Cyrillus
1335 2790 1396 2819 pag.
1415 2782 1481 2816 105,.
1493 2785 1520 2810 et
1532 2781 1702 2811 ecclesiasti-

920 2825 978 2846 cam
994 2825 1026 2846 ac
1039 2818 1175 2853 vulgatam
1195 2817 1325 2853 sequitur.
