1886 3056
131 113 181 142 185

621 111 648 140 S.
669 111 806 140 CYRILLI
825 111 1059 140 ALEXANDRINI
1079 112 1240 140 ARCHIEP.

1703 115 1761 143 184

130 176 157 198 et
172 171 207 198 ita
225 171 335 198 minime
351 170 465 206 indignit
482 170 582 197 virtute
597 171 630 198 ab
645 178 677 198 eo
692 171 771 202 data,
787 175 912 206 tanquam

983 171 1061 204 ότως,
1079 170 1162 198 αὑτοῦ
1176 170 1297 207 δηλονότι
1312 171 1342 197 τὸ
1354 171 1465 206 Πνεῦμά
1475 172 1560 204 ἐστιν,
1574 171 1611 203 ὠς
1623 172 1657 198 δι’
1668 173 1759 208 αὐτῆς

129 223 241 245 etterna
262 223 288 245 et
308 217 415 244 aliunde
435 217 520 245 ascita
539 226 546 245 :
567 217 614 244 sed
634 221 726 244 utetur
743 217 831 252 potius
852 222 912 245 tan-

129 271 209 297 quam
231 263 339 298 proprio
361 262 473 296 Spiritu,
493 267 520 289 et
540 270 588 297 per
605 263 691 297 ipsum
715 263 862 291 terribilem
883 271 913 292 se

131 309 270 336 dzemoniis
283 309 415 336 ostendet.
429 309 476 336 Sin
492 309 538 336 tibi
553 309 642 343 placet
653 317 701 337 eos
714 311 759 344 qui
773 315 911 345 separant,

131 355 278 390 impietatis
294 355 408 382 crimine
424 355 556 383 immunes
572 355 747 389 pronuntiare
763 356 913 391 :quomodo

132 401 209 429 nobis
223 401 323 428 dudum
337 408 385 429 eos
398 401 512 436 lnjurios
525 400 677 436 appellans,
692 405 783 436 postea
799 401 913 436 tcipsum

133 448 159 474 in
171 454 264 474 eorum
275 453 416 474 numerum
427 446 528 474 referre
535 454 590 474 non
599 447 701 474 sentis?
712 447 844 481 siquidem
856 447 915 474 uni—

131 499 188 521 tum
200 493 276 520 earni
288 492 350 520 illud
361 500 393 520 ex
406 493 460 520 Deo
471 491 550 519 Patre
559 491 677 520 Verbum
689 493 761 520 velut
773 501 855 521 unum
866 493 915 520 ali-

133 545 211 572 quem
224 545 240 566 e
252 542 345 566 nostro
356 545 480 570 numero,
492 543 519 566 et
530 538 668 573 vulgarem
680 545 802 573 prorsus,
815 538 915 566 auxilio

133 584 219 611 sancti
234 583 351 618 Spiritus
364 584 509 619 indiguisse
521 584 600 615 dicis,
617 588 646 610 ut
659 584 787 612 terribilis
799 584 915 611 immun-

134 630 176 657 dis
204 629 283 665 105
310 630 451 664 spiritibus
477 629 641 658 videretur:
673 637 734 657 nam
759 630 866 658 etiamsi
888 630 915 657 in

134 675 234 710 Spiritu
256 676 300 704 Dei
314 676 380 703 dicit
394 683 424 704 se
439 676 540 711 ejicere
567 676 709 708 daemonia.
725 685 814 704 annon
831 677 915 711 ipsam

134 722 268 750 sermonis
281 723 506 757 dispensationem
525 723 592 750 satis
611 723 796 751 admirabilem
825 724 917 753 videre

134 767 276 802 oportuit?
291 767 443 796 Judworurn
460 768 532 795 enim
549 769 633 796 duces
647 775 708 795 cum
723 768 815 803 gloria
832 769 917 797 nostri

136 813 283 842 Salvatoris
300 813 462 847 inviderent,
477 819 504 840 et
518 814 545 840 in
563 821 623 840 eum
637 821 667 841 os
680 813 840 841 elfrenatum
853 822 916 849 ape-

134 859 230 889 rirent.
257 858 446 885 obtrectabant
468 857 600 891 infelices,
625 862 779 885 asserentes
802 865 864 885 eum
889 858 915 885 in

135 901 285 930 Beelzebub
305 902 426 938 principe
441 902 633 929 daemoniorum
654 902 755 937 ejicere
774 903 916 931 daemonia.

138 948 184 975 ille
202 955 277 981 vero,
297 949 376 975 insita
393 956 458 983 erga
477 955 572 976 omnes
592 948 871 983 usustranquillitate,
889 953 918 976 ut

135 999 267 1026 errantes,
280 999 360 1028 atque
374 994 423 1029 ipsi
439 994 567 1022 dicaciter
582 994 726 1022 detrahere
737 993 866 1027 volentes,
884 994 918 1021 ad

137 1040 276 1067 meliorem
299 1047 408 1067 sensum
436 1047 467 1067 ac
487 1040 631 1067 veritatem
650 1041 735 1075 ipsam
754 1041 916 1073 traduceret,

136 1085 249 1120 gloriam
266 1089 371 1119 partam
390 1092 423 1112 ex
444 1085 470 1111 vi
494 1085 651 1113 conterendi
670 1085 798 1113 Satanam
820 1085 857 1112 illi
876 1093 918 1113 se-

137 1131 254 1158 cunduln
270 1135 393 1158 naturam
410 1131 465 1159 Deo
487 1131 577 1165 potius
593 1131 741 1163 tribuebat,
765 1132 792 1159 in
815 1132 917 1167 Spiritu

138 1177 184 1204 Dei
210 1177 302 1204 dicens
332 1185 361 1204 se
383 1177 521 1212 improbos
552 1177 662 1212 spiritus
687 1177 804 1211 ejicere;
833 1185 919 1211 neque

135 1222 254 1256 seipsum
278 1222 414 1256 abnegans
433 1220 516 1249 Deum
536 1229 597 1249 esse
613 1221 761 1249 secundum
782 1226 917 1254 naturain,

136 1273 164 1294 et
186 1267 316 1302 Spiritum
338 1272 462 1295 sanctum
495 1268 634 1303 proprium
659 1267 758 1294 habere
782 1273 918 1294 asserens.

137 1313 190 1340 Sed
213 1314 276 1348 quia
296 1313 474 1348 congruebat,
498 1319 526 1341 et
554 1313 646 1340 divino
667 1311 784 1340 artiﬁcio
808 1312 918 1347 dignum

137 1363 196 1386 erat
217 1358 416 1392 parricidarum
439 1359 487 1386 ira:
506 1360 613 1391 cedere,
629 1363 658 1387 et
674 1358 812 1386 hominum
828 1357 874 1393 qui
893 1358 919 1384 in

137 1412 170 1432 eo
193 1403 419 1437 olendebantur,
444 1405 602 1433 occasiones
626 1404 790 1439 przeeidere;
816 1404 920 1432 adorie-

136 1452 235 1480 bantur
254 1451 338 1484 euim,
355 1451 477 1479 dicentes
492 1460 500 1478 :
516 1460 527 1477 α
541 1451 579 1479 De
596 1451 668 1479 bono
681 1458 762 1486 opere
784 1459 837 1479 non
853 1451 921 1486 lapi-

964 216 1057 251 προϊὸν
1073 216 1120 250 τῆς
1144 216 1302 251 ἀπορρήτου
1319 215 1425 250 φύσεως
1441 215 1534 248 αὐτοῦ,
1549 216 1596 243 καὶ
1610 217 1760 252 όμοούσιον

963 263 1046 298 αὐτῷ,
1063 263 1109 289 καὶ
1124 262 1173 289 οὐκ
1187 261 1220 289 ἂν
1232 262 1330 297 ἐδεήθη
1347 263 1472 297 καθάπερ
1495 262 1567 295 τινὸς
1585 263 1636 298 τῆς
1652 262 1759 296 ἑξωθέν

963 317 992 334 τε
1010 308 1054 335 καὶ
1068 308 1189 343 ὲπακτῆς
1206 307 1347 342 δυνάμεως
1361 307 1411 342 τῆς
1424 308 1488 343 παρ’
1503 307 1602 336 αὑτοῦ·
1620 309 1758 344 χρήσεται

963 354 991 380 δὲ
1005 354 1105 389 μᾶλλον
1115 354 1152 386 ὡς
1167 354 1226 390 ίδιῳ
1239 353 1388 389 Πνεὺματι,
1403 354 1450 380 καὶ
1463 353 1578 389 φοόερὸν
1590 354 1686 381 ἑαυτὸν
1696 355 1757 385 τοῖς

964 400 1090 435 δαίμοσιν
1105 400 1241 434 ἀποφανεῖ
1252 399 1285 426 δι’
1299 399 1391 427 αὐτοῦ,
1408 399 1440 427 Εἰ
1457 399 1485 426 δέ
1501 407 1541 426 σοι
1555 399 1629 426 δοκεῖ
1643 399 1698 426 τῶν
1713 401 1757 431 εἰς

964 446 1124 474 δυσσέϐειαν
1134 445 1314 481 ἐγκλημάτων
1326 445 1487 479 ἀποφαίνειν
1494 446 1678 480 ὴμοιρηκότας
1687 446 1757 477 τοὺς

965 493 1177 527 ἀποτέμνοντας,
1195 491 1254 523 πῶς
1270 492 1337 527 ἡμῖν
1351 492 1452 527 ἀρτίως
1468 491 1598 527 ὑϐριστὰς
1609 491 1756 526 ὀνομάζεις

966 538 1021 574 lla.
1034 535 1188 573 ὠνόμαζες]
1209 536 1324 570 adrade;
1343 535 1408 563 Εἶτα
1422 537 1528 568 τούτοις
1547 537 1645 564 σαυτὸν
1658 536 1754 572 ἐναρί-

966 585 1045 621 θμιον
1061 586 1111 611 οὐκ
1126 584 1240 619 αίσθάνῃ
1257 584 1353 617 ποιῶν,
1371 584 1450 619 εἴπερ
1464 584 1596 611 ἐνωθέντα
1612 584 1694 619 σαρκὶ
1706 583 1757 610 τὸν

966 632 998 658 ὲκ
1014 631 1082 658 Θεοῦ
1095 631 1200 666 Πατρὸς
1216 630 1311 664 Λόγον,
1330 629 1456 665 καθάπερ
1470 629 1517 656 ἕνα
1537 630 1597 656 τινὰ
1613 630 1670 656 τῶν
1684 629 1738 656 καθ
1749 629 1756 638 ’

966 677 1050 712 ἡμᾶς,
1064 676 1110 703 καὶ
1123 675 1212 703 κοινὸν
1231 675 1333 707 ἁπλῶς,
1345 675 1394 710 τῆς
1408 673 1455 701 τοῦ
1471 675 1627 709 Πνεύματος
1640 675 1755 701 ἐπικου-

968 717 1028 761 ῥίας
1052 723 1192 758 δεδεῆσθαι
1216 722 1278 758 φὴς,
1297 722 1339 748 ἵνα
1369 721 1483 756 φοϐερὸς
1507 722 1563 752 τοῖς
1585 721 1755 756 ἀκαθάρτοις

967 771 1053 805 ὁρῳτο
1069 768 1230 804 πνεύμασιν.
1244 769 1275 794 Εἰ
1290 767 1344 802 γὰρ
1358 768 1403 794 καὶ
1416 768 1445 794 ὲν
1460 767 1597 802 Ιινεύματι
1612 767 1680 793 Θεοῦ
1695 775 1754 802 φη-

969 827 1011 845 σιν
1029 817 1126 844 ἑαυτὸν
1139 816 1280 843 ἐκϐάλλειν
1292 816 1326 842 τὰ
1344 815 1481 850 δαιμόνια.
1500 815 1558 846 πῶς
1569 814 1620 841 οὐκ
1635 814 1688 840 ἔδει
1705 812 1756 839 τοῦ

968 865 1046 899 λόγου
1059 863 1108 898 τὴν
1120 862 1276 897 οἰκονομίαν
1288 861 1452 894 ἀξιάγαστον
1464 857 1546 886 οὖσαν
1558 859 1639 890 ἰδείν;
1653 859 1686 886 Οἱ
1702 858 1754 893 μὲν

968 910 1022 946 γὰρ
1034 910 1088 936 τῶν
1104 909 1237 935 Ἰουδαίων
1251 906 1417 941 καθηγηταί,
1430 907 1464 941 τῇ
1477 905 1523 932 τοῦ
1535 905 1660 939 ωτῆρος
1674 902 1756 939 ἡμῶν

969 956 1077 991 εὔκλείᾳ
1093 953 1309 989 διεφθονηκότες,
1325 952 1373 979 καὶ
1387 951 1528 978 ἀπύλωτον
1546 951 1590 977 ἐπ’
1601 949 1676 984 αὐτῷ
1689 949 1756 975 διοι-

969 1002 1079 1036 γνύντες
1094 1000 1190 1035 στόμα,
1204 999 1409 1034 κατεφλυὰρουν
1425 998 1450 1023 οί
1466 997 1588 1026 δείλαιοι,
1602 995 1756 1029 φάσκοντες

969 1048 998 1073 ἐν
1013 1044 1178 1078 Βεελζεὸοὺλ
1196 1045 1306 1079 ἄρχοντι
1323 1042 1379 1069 τῶν
1395 1041 1542 1076 δαιμονίων
1563 1039 1705 1066 ἐκϐάλλειν
1719 1038 1756 1064 τὰ

969 1091 1103 1126 δαιμόνια.
1124 1091 1153 1117 Ὁ
1169 1090 1196 1116 δὲ
1219 1091 1251 1124 τῇ
1275 1088 1388 1124 ὲμφὺτῳ
1405 1087 1474 1122 πρὸς
1498 1086 1619 1117 ἃπαντας
1637 1084 1755 1119 γαληνο-

970 1146 1030 1173 τητι
1045 1136 1223 1171 κεχρημένος,
1240 1135 1286 1161 καὶ
1302 1133 1432 1168 μεθιστὰς
1444 1134 1506 1164 τοὺς
1519 1130 1755 1165 πεπλανημένους,

970 1185 1052 1219 ἦγουν
1076 1182 1271 1217 ἀθυροστομεῖν
1293 1180 1434 1211 ἐθέλοντας
1455 1179 1498 1204 ἐπ’
1521 1177 1610 1212 αὐτῷ,
1628 1177 1696 1212 πρὸς
1724 1175 1758 1201 τὸ

970 1229 1080 1264 ἄμεινόν
1097 1237 1128 1254 τε
1142 1227 1189 1254 καὶ
1202 1226 1312 1261 ἀληθὲς,
1326 1225 1386 1260 Θεῷ
1399 1224 1430 1259 δὴ
1452 1223 1552 1259 μᾶλλον
1568 1221 1610 1257 τῷ
1621 1221 1690 1248 κατὰ
1704 1220 1756 1254 φύ-

972 1285 1022 1307 σιν.
1035 1275 1085 1310 τὴν
1104 1274 1150 1300 ὲπί
1165 1282 1196 1307 γε
1211 1272 1251 1307 τῷ
1263 1271 1393 1298 δύνασθαι
1408 1269 1561 1305 συντρίὸειν
1572 1268 1618 1294 τὸν
1632 1267 1757 1294 Sataviv

970 1321 1087 1349 ἀνετίθει
1099 1319 1194 1352 δόξαν,
1209 1319 1239 1345 ἐν
1252 1317 1393 1351 Πνεὺματι
1405 1315 1474 1342 Θεοῦ
1491 1314 1580 1348 λέγων
1593 1313 1627 1340 τὰ
1649 1311 1757 1346 πονηρὰ

971 1368 1077 1395 διώκειν
1094 1366 1253 1401 πνεύματα·
1270 1365 1317 1390 καὶ
1338 1364 1387 1389 οὐκ
1412 1361 1464 1394 ἔξω
1488 1361 1572 1392 τιθεὶς
1589 1358 1684 1385 ἑαυτὸν
1708 1356 1756 1383 τοῦ

972 1413 1043 1441 κατὰ
1057 1413 1137 1447 φύσιν
1150 1409 1219 1438 εἶναι
1233 1411 1308 1442 Θεὸν,
1324 1409 1371 1435 καὶ
1387 1409 1453 1435 [διον
1465 1407 1538 1441 ἔχειν
1550 1405 1580 1432 τὺ
1599 1404 1710 1439 Πνεῦμα
1726 1402 1758 1429 τὸ

973 1459 1060 1494 ἅγιον.
1077 1457 1186 1493 Ἐπειδὴ
1199 1457 1228 1483 δὲ
1241 1454 1275 1491 ἦν
1291 1454 1448 1486 ἀκόλουθον,
1464 1454 1511 1479 καὶ
1529 1450 1699 1486 θεοπρεποῦς
1713 1449 1758 1475 εὑ-

137 1500 231 1526 damus
248 1503 284 1531 te,
300 1498 348 1526 sed
374 1499 408 1526 de
427 1498 607 1533 blasphemia,
625 1497 689 1533 quia
712 1502 740 1526 tu
761 1497 843 1526 homo
857 1506 917 1526 cum

983 1505 1077 1540 :sxviac
1091 1503 1177 1536 ἄξιον,
1190 1502 1239 1533 τὰς
1254 1501 1308 1528 τῶν
1327 1499 1469 1536 φονώντων
1481 1498 1642 1532 ὑποτρέχειν
1657 1494 1757 1531 ὀργὰς,

138 1544 186 1576 sis,
201 1544 268 1571 facis
290 1544 405 1578 teipsum
425 1543 509 1571 Deum
520 1542 563 1576 ";
583 1553 592 1569 ι
610 1543 680 1571 hanc
695 1543 729 1570 ob
748 1551 859 1571 causam
874 1544 921 1571 be-

139 1590 218 1624 nigne
244 1589 388 1617 admodum
414 1590 448 1617 ad
476 1590 614 1617 hominum
639 1590 727 1616 adhuc
753 1589 921 1616 infirmorum

138 1643 247 1664 sensum
269 1644 299 1664 se
324 1644 498 1671 componens,
516 1635 562 1664 Dei
579 1635 710 1671 Spiritum
727 1636 825 1670 inquit,
849 1637 924 1663 novit

139 1682 210 1708 enim
228 1682 322 1716 probe,
347 1687 376 1708 ut
389 1682 444 1716 jam
460 1682 526 1714 dixi,
550 1683 669 1716 seipsum
692 1689 753 1709 esse
771 1689 803 1709 ex
827 1685 921 1708 natura

141 1727 223 1754 Deum
241 1725 321 1754 simul
344 1734 405 1754 eum
418 1725 509 1759 Patre.
526 1731 554 1754 ct
576 1726 667 1754 omnia
682 1734 743 1762 qua:
759 1726 830 1754 illius
849 1729 920 1758 sunt,

140 1781 169 1800 se
189 1773 299 1805 habere,
319 1777 499 1808 praeterquam
525 1773 551 1799 id
578 1773 664 1800 solum
680 1772 752 1807 quod
768 1778 810 1800 est
831 1772 921 1799 Pater.

141 1821 234 1855 ltaqne
252 1820 333 1848 etiam
352 1820 459 1848 dicebat
477 1819 511 1848 ad
530 1820 604 1847 illum
621 1829 628 1847 :
646 1830 654 1846 ι
670 1819 765 1847 Omnia
787 1827 857 1852 mea,
880 1825 922 1845 tua

141 1870 213 1898 sunt,
230 1870 257 1893 et
274 1871 318 1893 tua
337 1873 408 1900 mea,
426 1870 454 1893 et
468 1865 633 1900 glerilieatus
650 1873 710 1892 sum
727 1865 753 1891 in
775 1864 842 1899 ipsis
853 1864 894 1897 7’;
912 1873 921 1890 ι

141 1917 169 1940 et
185 1912 218 1939 ad
237 1920 287 1940 nos
303 1912 374 1946 ipsos
395 1919 456 1939 cum
470 1912 503 1939 de
520 1911 621 1946 Spiritu
642 1915 736 1939 sancto
750 1911 831 1939 verba
849 1910 923 1938 lace-

143 1963 184 1985 ret
199 1967 206 1986 :
226 1968 235 1984 ι
249 1957 357 1990 Omnia,
374 1959 474 1992 inquit,
486 1965 545 1992 quas
559 1957 641 1985 habet
655 1957 747 1988 l’ater,
765 1964 823 1984 mea
837 1962 900 1984 sunt
916 1966 921 1983 :

142 2008 284 2038 propterea
300 2003 356 2031 dixi
374 2003 449 2030 vobis
465 2003 528 2037 quia
551 2002 585 2030 de
607 2011 667 2030 meo
681 2003 805 2037 accipiet,
831 2007 859 2030 et
881 2010 925 2029 an-

143 2049 277 2077 nuntiabit
290 2048 365 2076 vobis
374 2048 408 2076 ⁷⁸.
426 2058 435 2074 ι
452 2048 486 2076 Ut
500 2049 572 2076 enim
589 2048 708 2082 procedit
723 2056 756 2075 ex
772 2047 852 2075 Patre
864 2047 925 2082 Spi-

143 2097 209 2123 ritus
233 2100 353 2128 sanctus,
375 2103 435 2122 cum
460 2095 495 2123 sit
513 2095 598 2130 ipsius
614 2095 761 2122 secundum
787 2099 923 2126 naturain,

143 2143 236 2170 eodem
253 2150 359 2177 quoque
371 2142 449 2169 modo
462 2149 510 2176 per
523 2142 608 2176 ipsum
623 2141 731 2174 Filium,
747 2148 807 2168 cum
820 2141 855 2168 sit
865 2141 925 2175 ejus

144 2176 315 2220 naturaliter,
332 2186 437 2222 ipsique
452 2187 700 2215 consubstantialis.
718 2186 788 2220 Ergo
800 2187 925 2220 quamvis
942 2176 963 2202 θ

145 2242 191 2268 per
207 2233 337 2268 Spiritum
349 2232 528 2266 glorilicetur,
544 2233 602 2266 ipse
627 2237 716 2259 tamen
731 2232 848 2267 seipsum
863 2236 925 2258 tan-

143 2287 224 2313 quam
242 2286 290 2314 per
309 2279 446 2313 proprium
473 2278 603 2313 Spiritum
622 2277 775 2312 gloriﬁcare
800 2276 927 2312 intelligi-

145 2331 206 2357 tur;
223 2332 310 2359 neque
331 2333 363 2352 ea
391 2332 435 2352 res
452 2324 488 2350 illi
510 2324 679 2351 extrinsecus
705 2322 824 2356 advertit,
845 2323 926 2349 etiam

145 2370 166 2396 si
183 2369 279 2397 factus.
290 2369 370 2396 horno
385 2369 471 2396 nostri
485 2368 582 2395 similis
595 2368 728 2395 videatur.
742 2367 926 2396 Periculosum

146 2419 186 2442 est
200 2419 289 2441 autem
303 2414 336 2441 ad
353 2415 404 2441 hoc
417 2414 497 2441 ctiam
517 2413 582 2440 illud
599 2413 690 2440 dicere
703 2413 736 2440 de
754 2418 850 2440 sancto
865 2413 925 2446 Spi-

147 2462 210 2493 ritu,
225 2461 271 2494 qui
285 2468 394 2488 carnem
412 2460 497 2494 ipsius
511 2459 600 2486 ell‘ecit
617 2459 744 2493 templum
760 2469 767 2486 ;
785 2464 844 2486 erat
855 2460 927 2486 cnim

147 2514 210 2532 caro
225 2506 332 2539 propria
347 2505 437 2536 Verbi,
465 2505 544 2540 idque
560 2505 640 2540 paulo
655 2510 718 2532 ante
742 2505 801 2540 ipse
822 2505 929 2532 centies-

148 2559 193 2578 sus
212 2559 260 2583 es;
279 2551 362 2585 ipsius
383 2551 456 2578 enim
478 2559 540 2578 esse
564 2551 758 2578 humanitatem
780 2551 883 2582 dixisti,
901 2555 930 2577 et

149 2597 277 2630 templum
293 2597 376 2630 ipsius
390 2596 438 2623 fuit
455 2602 578 2624 sanctum
594 2597 656 2624 illud
674 2604 773 2631 corpus
786 2604 818 2624 cx
834 2602 928 2624 sancta

151 2642 260 2677 Virgine
282 2647 428 2677 sumptum.
446 2643 525 2678 106
537 2643 664 2677 Proprius
684 2644 749 2670 item
775 2643 861 2677 ipsius
887 2643 930 2670 ille

149 2690 208 2723 rjus
222 2689 348 2723 Spiritus,
365 2697 451 2724 neque
464 2697 582 2723 unquam
599 2689 664 2721 illud
677 2689 725 2717 Dei
742 2689 859 2716 Verbum
873 2689 930 2716 sine

151 2743 199 2764 suo
215 2737 316 2771 Spiritu
335 2736 502 2772 intelligitur.
519 2735 632 2763 Praestat
645 2736 726 2771 igitur
737 2743 768 2764 ac
782 2735 930 2770 sapientius

974 1551 1021 1578 καὶ
1038 1551 1086 1582 τὰς
1101 1550 1156 1576 τῶν
1170 1548 1212 1575 ἐπ’
1224 1546 1299 1582 αὐτῷ
1314 1544 1562 1580 σκανδαλιζομένων
1583 1541 1759 1576 περικόπτειν

973 1596 1116 1632 ἀφορμάς·
1134 1593 1284 1628 ἐπεφύοντο
1310 1592 1364 1627 γὰρ
1392 1591 1533 1624 λέγοντες·
1557 1598 1566 1613 ι
1581 1587 1649 1622 Περὶ
1673 1584 1757 1612 καλοῦ

974 1644 1054 1678 ἔργου
1068 1643 1098 1669 οὑ
1116 1639 1260 1675 λιθάζομέν
1277 1647 1318 1671 σε,
1339 1637 1407 1665 ἀλλὰ
1430 1636 1493 1671 περὶ
1511 1632 1702 1670 βλασφημίας·
1718 1632 1759 1678 ὅτι

975 1677 1017 1722 ab,
1030 1688 1169 1723 ἄνθρωπος
1180 1686 1228 1718 ὢν,
1240 1685 1324 1716 ποιεῖς
1338 1683 1449 1711 σεαυτὸν
1460 1681 1536 1708 Θεὸν*
1544 1690 1553 1706 ι
1562 1679 1647 1713 ταύτῃ
1659 1687 1701 1704 τοι
1714 1677 1760 1704 καὶ

975 1735 1043 1769 ἄγαν
1056 1733 1182 1765 ἀστείως,
1195 1734 1251 1763 τοῖς
1266 1729 1425 1758 ἀσθενοῦσιν
1436 1728 1476 1755 ἔτι
1493 1725 1758 1761 συγκαθιστάμενος,

974 1779 1041 1806 θεοῦ
1052 1779 1082 1805 τὸ
1095 1777 1203 1812 πνεῦμά
1214 1784 1295 1812 φησιν
1305 1785 1311 1790 ·
1326 1774 1380 1801 οἶδε
1396 1773 1453 1809 γὰρ
1462 1771 1542 1804 οἶδεν,
1552 1772 1590 1803 ὡς
1603 1771 1683 1805 ἔφην,
1696 1771 1758 1795 ἑαυ-

974 1826 1021 1852 τὸν
1047 1825 1112 1852 ὅντα
1136 1823 1216 1858 φύσει
1244 1823 1310 1848 Θεὸν
1333 1820 1402 1856 ὁμοῦ
1426 1819 1467 1854 τῷ
1493 1818 1691 1853 γεγεννηκότι,
1713 1815 1760 1842 καὶ

975 1873 1064 1900 πάντα
1083 1871 1179 1905 ἔχοντα
1194 1868 1287 1900 αὐτοῦ,
1309 1868 1369 1902 δίχα
1394 1866 1474 1901 μόνου
1492 1864 1539 1891 τοῦ
1562 1862 1630 1890 εἶναι
1652 1861 1757 1896 Πατήρ.

975 1918 1120 1953 Τοιγάρτοι
1141 1917 1188 1943 καὶ
1204 1915 1306 1950 ἔφασκε
1336 1914 1402 1949 πρὸς
1420 1912 1516 1941 αὑτὸν,
1536 1921 1545 1936 ι
1561 1911 1602 1936 ὃτι
1619 1909 1712 1936 Πάντα
1725 1907 1760 1933 τὰ

976 1965 1040 1999 ὲμά,
1053 1964 1087 1990 σά
1102 1964 1171 1992 ἐστι.
1188 1962 1233 1987 καὶ
1247 1960 1282 1986 τὰ
1296 1959 1339 1990 σὰ,
1352 1958 1420 1993 ἐμὰ·
1434 1957 1479 1984 καὶ
1492 1955 1653 1990 δεδόξασμαι
1668 1955 1698 1980 ὲν
1713 1954 1760 1999 αὺ-

975 1998 1040 2041 τοῖς.
1057 2019 1065 2034 ι
1088 2009 1142 2035 Καὶ
1162 2007 1229 2042 πρός
1252 2014 1284 2039 γε
1306 2005 1379 2040 ἡμᾶς
1400 2003 1495 2033 αὐτοὺς
1521 2001 1584 2035 περὶ
1607 1998 1655 2026 τοῦ
1683 1998 1762 2031 ἁγίου

977 2054 1134 2089 Πνεύματος
1149 2053 1212 2083 τοὺς
1225 2052 1319 2084 λόγους
1335 2048 1503 2082 ποιούμενος,
1522 2055 1532 2071 ι
1549 2046 1652 2089 Πάντα,
1666 2043 1762 2078 φησὶν,

976 2101 1025 2126 ὅσα
1041 2088 1095 2134 ἔχει
1113 2099 1128 2124 ὁ
1149 2097 1254 2132 Πατὴρ,
1271 2095 1326 2130 ἐμά
1339 2096 1414 2120 ἐστι’
1430 2093 1473 2119 διὰ
1489 2091 1567 2118 τοῦτο
1584 2088 1664 2116 εἷπον
1685 2089 1760 2123 ὑμῖν,

977 2147 1017 2172 ὄτι
1031 2146 1063 2172 ἐκ
1077 2143 1124 2170 τοῦ
1139 2143 1206 2178 ἐμοῦ
1227 2141 1341 2176 λήψεται
1355 2140 1402 2166 καὶ
1423 2137 1566 2172 ἀναγγελεῖ
1582 2137 1654 2172 ὑμῖν.
1670 2145 1679 2160 ι
1697 2135 1761 2160 Ὥσ-

978 2200 1030 2226 περ
1045 2191 1099 2225 γὰρ
1113 2189 1235 2224 πρόεισιν
1250 2189 1282 2214 ὲκ
1296 2187 1342 2214 τοῦ
1355 2185 1460 2221 [ἰατρὸς
1474 2185 1505 2211 τὸ
1519 2183 1632 2217 Πνεῦμα
1642 2181 1674 2208 τὸ
1684 2181 1762 2214 ἅγιον

977 2237 1059 2264 αὑτοῦ
1072 2235 1143 2263 κατὰ
1158 2234 1238 2268 φύσιν
1253 2233 1387 2268 ὑπάρχον·
1402 2231 1450 2258 καὶ
1464 2230 1535 2257 κατά
1546 2229 1592 2256 τὸν
1605 2229 1662 2254 ἴσον
1674 2226 1762 2259 τούτῳ

977 2283 1076 2319 τρόπον
1096 2281 1142 2308 καὶ
1156 2281 1189 2307 δι’
1209 2279 1292 2306 αὑτοῦ
1310 2278 1356 2304 τοῦ
1375 2276 1452 2308 Υἰοῦ,
1474 2275 1596 2310 φυσικῶς
1617 2274 1647 2300 ὃν
1665 2272 1762 2304 αὑτοῦ,

978 2318 1024 2354 καὶ
1038 2326 1179 2362 ὁμοούσιον
1203 2324 1287 2359 αὐτῷ.
1300 2323 1404 2350 Οὐκοῦν
1419 2321 1470 2349 κᾶν
1488 2320 1632 2355 δοξάζηται
1651 2318 1696 2345 διὰ
1716 2318 1763 2344 τοῦ

979 2372 1152 2407 Ιινεύματος,
1172 2370 1252 2401 αὐτὸς
1277 2367 1382 2399 ἑαυτὸν,
1399 2367 1440 2398 ὡς
1460 2366 1494 2393 δι’
1517 2366 1581 2392 ἰδίου
1605 2364 1763 2399 Πνεύματος

979 2420 1077 2445 νοεῖται
1088 2415 1217 2448 δοξάζων,
1230 2415 1276 2441 καὶ
1289 2415 1337 2449 οὐχ
1350 2414 1387 2445 ὡς
1400 2412 1515 2447 θύραθεν
1526 2412 1556 2438 τὸ
1569 2411 1664 2446 χρῆμα
1679 2410 1763 2445 aucti),

981 2463 1033 2490 κᾶν
1048 2463 1073 2488 εἰ
1089 2461 1175 2496 ὁρῷτο
1200 2459 1320 2494 γεγονὼς
1337 2458 1479 2493 ἄνθρωπος
1503 2457 1565 2483 καθ’
1579 2456 1663 2491 ἡμᾶς.
1685 2455 1763 2482 Ἀνα-

983 2508 1093 2542 σφαλεὶς
1110 2507 1166 2542 [ῑσ.
1186 2504 1361 2540 ’Λνασφαλὲς]
1379 2504 1407 2530 δὲ
1420 2503 1487 2538 πρὸς
1501 2502 1587 2537 τούτῳ
1603 2503 1714 2528 κάκεῖνο
1728 2503 1764 2527 εἰ-

982 2555 1040 2579 πεῖν
1055 2552 1119 2587 περὶ
1133 2552 1180 2578 τοῦ
1197 2551 1369 2585 Πνεύματος,
1389 2549 1430 2580 τὸ,
1446 2548 1495 2583 τὴν
1509 2548 1598 2583 σάρκα
1611 2548 1662 2582 τὴν
1684 2547 1768 2573 αὑτοῦ

981 2597 1163 2633 πεποιημένον
1182 2597 1261 2624 ναόν·
1283 2594 1317 2630 ἦν
1341 2595 1389 2630 μὲν
1405 2594 1456 2629 γὰρ
1469 2595 1486 2628 ἠ
1500 2593 1568 2629 σὰρξ
1582 2593 1635 2620 ὶδία
1654 2593 1702 2620 τοῦ
1715 2592 1763 2619 Μ-

983 2652 1040 2677 γου,
1059 2643 1107 2669 καὶ
1129 2641 1207 2669 τοῦτο
1228 2642 1293 2676 ἡμῖν
1318 2640 1418 2675 ἀρτίως
1436 2639 1643 2674 διωμολογηκας
1668 2638 1766 2669 αὑτός⁸

982 2687 1064 2714 αὑτοῦ
1086 2687 1139 2723 γὰρ
1161 2687 1227 2722 ἔφης
1244 2685 1312 2713 εἷναι
1329 2686 1378 2720 τὴν
1403 2685 1616 2720 ἀνθρωπότητα,
1634 2685 1681 2711 καὶ
1706 2684 1767 2715 ναὸς

983 2733 1062 2760 αὐτοῦ
1081 2734 1280 2768 κεχρημάτικεν
1304 2732 1332 2758 τὸ
1351 2733 1381 2759 ἐκ
1400 2732 1446 2766 τῆς
1462 2731 1541 2765 ἁγίας
1566 2730 1706 2765 Παρθὲνου
1723 2730 1756 2764 λη

186 2825 209 2840 ⁷⁸
226 2823 301 2853 Joan.
321 2833 348 2857 x,
370 2824 413 2851 325.
431 2825 452 2840 ⁷⁵
471 2823 546 2851 Joan.
566 2831 632 2857 xvn,
653 2823 693 2850 ιο.
733 2824 753 2839 ⁷⁸
772 2823 847 2851 Joan.
868 2831 922 2855 au,
939 2823 978 2849 lii.
