1886 3056
91 165 147 191 135

625 166 811 194 ADVERSUS
828 165 1028 194 NESTOBIUM
1049 166 1110 193 LIB.
1133 167 1176 194 IV.

1685 154 1734 198 ise
1767 151 1770 155 ⁷

97 222 166 256 ςθὲν
187 221 264 256 ἅγιον
288 222 387 258 σῶμα·
408 224 473 250 ἴδιον
487 223 515 249 δὲ
535 224 614 250 πάλιν
633 224 716 251 αὑτοῦ
738 225 768 251 τὺ
788 226 840 252 Πνε

990 246 992 249 τ
1009 225 1110 257 dicere,
1137 232 1235 260 coran
1257 226 1364 260 quidem
1383 226 1511 260 templum
1528 234 1587 253 esse
1606 227 1683 254 Verbi
1708 234 1734 254 et

98 268 202 298 αὑτοῦ,
226 268 274 294 καὶ
297 267 350 294 οὐκ
378 269 414 295 ἆν
431 270 515 295 νοοῖτο
535 269 641 295 πώποτε
670 270 730 304 δίχα
758 270 805 296 τοῦ
832 270 897 296 ἰδίου

101 313 260 348 ΙΙνεύματος
273 314 289 339 ὁ
310 315 344 341 ὲκ
363 315 433 341 Θεοῦ
460 315 565 350 Πατρὸς
584 315 677 349 Λόγος.
694 316 823 350 ’Ἄμεινον
850 314 897 342 οὖν

99 361 154 394 ἄρα
174 360 222 386 καὶ
245 359 414 394 σοφώτερον,
437 361 500 388 ναὸν
519 361 568 396 μὲν
590 361 637 387 τοῦ
661 361 748 395 Λόγου
765 361 795 387 τὸ
817 361 897 397 σῶμα

99 406 204 439 λέγειν,
219 405 268 432 καὶ
285 405 357 432 ἰδίαν
373 406 457 432 αὑτοῦ
473 406 522 442 τὴν
533 405 639 441 σάρκα·
655 406 794 432 πιστεύειν
813 406 841 432 δὲ
855 407 896 434 ὅτι

101 451 230 478 σύνεστιν
253 451 297 478 ἀεὶ
316 452 356 487 τῷ
371 452 452 486 Λόγῳ
465 452 496 478 τὸ
521 451 632 486 Πνεῦμα
650 451 743 484 αὑτοῦ,
770 451 897 487 καθάπερ

99 497 201 532 ἀμέλει
225 497 272 524 καὶ
287 497 362 532 αὐτῷ
375 497 415 533 τῷ
433 498 529 533 Πατρί.
543 498 600 524 Οὐκ
615 497 766 532 ἀμώμητον
781 498 809 524 δὲ
828 498 896 533 πρὸς

97 543 190 576 τούτῳ
215 543 301 577 φαίην
321 543 365 575 ἂν,
385 543 426 574 τὸ,
447 543 484 574 ὡς
506 543 549 568 ἐπ’
570 541 714 577 ἀνθρώπου
737 541 827 569 κοινοῦ
846 542 896 578 τὴν

97 589 239 624 ἀνάληψιν
262 588 339 624 αὑτῷ
351 589 401 623 τὴν
416 589 456 620 εἰς
482 587 595 625 οὐρανὸν
618 587 787 623 δεδωρῆσθαι
803 588 896 622 λέγειν

98 634 179 670 παρὰ
192 634 241 661 τοῦ
264 635 439 670 Πνεύματος·
455 634 613 666 ἐπιλέκτους
634 634 684 669 μὲν
701 634 755 670 γὰρ
778 634 896 660 ἐποιεῖτο

97 681 164 712 τοὺς
180 680 308 715 μαθητὰς
321 680 364 707 διὰ
380 680 429 707 τοῦ
451 680 530 714 ἁγίου
555 679 731 714 Πνεύματος,
756 679 893 715 ἀνελήφθη

97 737 130 762 γε
149 728 205 762 μὴν
219 728 258 760 ὡς
269 727 335 759 Θεός
344 735 352 744 ⁸
365 728 414 762 οὐχ
429 727 466 759 ὡς
482 727 548 762 παρ’
561 727 655 762 ἑτέρου
668 726 744 753 δοτδν
757 727 788 753 τὸ
801 727 894 762 χρῆμα

96 773 192 800 λαδών
205 781 213 788 ·
241 773 323 805 αὐτὸς
347 772 376 799 δὲ
394 773 427 808 δὴ
447 773 547 808 μᾶλλον
573 772 736 808 πρωτόλειον
752 773 848 807 ὥσπερ
868 781 894 798 τι

97 819 149 854 τῆς
174 818 353 854 ἀνθρωπίνης
375 819 482 852 φύσεως
504 818 704 853 ἀνανεωθεῑσης
724 819 764 850 εἷς
785 818 892 855 ἀφθαρ-

98 867 163 893 σιαν
179 865 249 900 (25),
261 864 422 901 ὲμφανὶσων
436 865 532 891 ἑαυτὸν
545 864 585 900 τῷ
597 864 656 900 Θεῷ
669 864 717 890 καὶ
733 864 789 890 Πατ
795 865 830 899 ρὶ,
847 864 893 891 καὶ

949 271 1082 304 propriam
1105 271 1188 304 ipsius
1210 278 1317 298 carnem
1335 280 1341 298 :
1364 272 1475 299 credere
1496 272 1559 298 item
1578 273 1627 306 ipsi
1648 273 1734 300 Verho

948 323 1053 349 semper
1082 316 1178 343 adesse
1204 315 1334 350 Spiritum
1357 316 1452 350 ipsius,
1476 323 1504 343 ιιι
1531 318 1612 344 ctiam
1642 319 1733 352 procul

949 360 1031 387 dubio
1054 360 1139 387 Patri.
1166 361 1206 388 Ad
1229 361 1285 388 lucc
1311 370 1397 396 neque
1419 362 1484 389 illud
1508 363 1613 396 quidem
1637 371 1735 390 vacare

947 406 1024 440 culpa
1043 405 1169 438 dixerim,
1193 407 1266 441 quod
1284 410 1411 441 tauquam
1439 408 1472 435 de
1489 408 1625 434 eonnuuui
1643 408 1733 442 vulga-

948 451 1025 485 rique
1038 451 1146 479 homine
1153 452 1202 484 ait,
1216 452 1430 486 assumptiouem
1441 453 1467 480 in
1480 455 1577 480 coelum
1590 453 1639 488 ipsi
1651 453 1733 480 fuisse

947 497 1017 523 dono
1031 498 1121 524 datam
1136 505 1150 524 a
1170 497 1273 532 Spiritu
1291 506 1298 524 :
1315 506 1376 525 nam
1391 499 1473 534 elegit
1488 500 1596 534 quidem
1611 500 1731 535 discipu-
1768 492 1771 497 ’

947 541 987 568 los
1003 549 1050 576 per
1071 541 1204 577 Spiritum
1221 547 1346 570 sanctum
1357 543 1392 575 '",
1414 544 1461 571 sed
1476 550 1633 578 assumptus
1647 550 1688 572 est
1705 549 1734 571 ut

947 587 1028 620 Deus,
1043 594 1096 614 non
1111 588 1187 622 quasi
1211 595 1271 615 eam
1290 595 1345 615 rem
1361 589 1394 614 ah
1408 588 1460 615 alio
1476 589 1565 615 datam
1588 591 1731 625 acceperit,

946 633 993 660 sed
1008 637 1037 659 ut
1052 632 1109 666 ipso
1128 632 1218 667 potius
1232 632 1312 660 veluti
1328 633 1454 668 primitiae
1468 635 1589 669 quaedam
1607 635 1732 662 humana:

946 684 1048 705 natura:
1064 679 1090 705 iu
1108 678 1339 713 incorruptionem
1353 684 1488 706 renovata:
1507 680 1625 714 seipsum
1641 685 1731 708 osten-

945 724 1020 752 deret
1041 724 1096 751 Deo
1110 729 1138 752 ct
1154 723 1238 757 Patri,
1260 729 1287 752 et
1310 725 1388 752 nobis
1402 725 1522 752 initiaret
1540 727 1611 753 viam
1633 734 1731 754 novam

943 776 971 797 et
997 771 1151 803 virentem,
1182 770 1377 805 ingredientem
1411 771 1437 797 in
1467 771 1594 798 interiora
1620 772 1732 799 velami-

944 818 987 845 nis
997 817 1032 850 ⁷⁸,
1047 826 1057 843 ι
1074 823 1127 852 quo
1145 823 1296 851 pra'curSor
1308 824 1356 851 pro
1370 816 1446 843 nobis
1467 816 1605 852 ingressus
1617 825 1678 845 esse
1692 819 1732 844 di—

944 864 1034 897 citur,
1058 862 1206 891 secundant
1237 863 1359 889 ordinem
1387 861 1582 890 Melchisedech
1607 863 1730 898 pontifex

95 913 164 947 ἡμῖν
177 895 345 945 ἐγκαινὶζιιιν
356 911 417 938 ὁδὸν
431 895 586 946 πρόσφατον
598 895 648 936 καί
660 909 763 942 ζῶσαν,
777 895 828 936 και

985 913 1033 936 :tus
1055 909 1082 935 in
1107 908 1283 935 a-ternutn".
1300 918 1310 934 ι
1337 907 1365 934 ln
1389 908 1527 942 superiora
1549 913 1638 935 autem
1655 910 1729 937 eunti

94 957 252 992 ερχομὲνην
271 956 311 988 εἰς
333 956 363 982 τὸ
392 955 525 991 ἐσώτερον
554 955 600 981 τοῦ
626 954 892 990 καταπετάσματος,

96 1013 107 1029 ι
120 1003 191 1029 ὅπου
206 1002 362 1038 πρόδρομος
374 1002 443 1036 ὑπὲρ
454 1001 532 1036 ἡμῶν
543 1001 674 1028 εἰσελθεῖν
688 1001 806 1035 λέγεται,
822 1000 893 1027 κατὰ

93 1049 146 1083 τὴν
159 1048 240 1080 τάξιν
254 1047 422 1083 Μελχισεδὲκ
440 1047 586 1083 ἀρχιερεὺς
604 1046 751 1081 γενόμενος
765 1047 805 1078 εἰς
827 1047 891 1078 τοὺς

93 1095 209 1126 αἰῶνας.
222 1103 233 1119 ι
249 1094 313 1121 Ὀτι
326 1093 355 1120 δὲ
370 1093 438 1129 πρὸς
451 1093 485 1120 τὰ
499 1092 555 1120 ἀνω
570 1092 703 1128 βαδίζοντι
716 1092 756 1127 τῷ
770 1091 891 1127 Χριστῷ,

92 1140 179 1167 πάλιν
192 1140 350 1175 ὲνυπῆρχεν
359 1140 398 1171 ὡς
412 1139 477 1166 ἴδιον
490 1138 572 1166 αὑτοῦ
587 1139 618 1165 τὸ
631 1138 743 1172 Πνεῦμα
758 1138 789 1164 τὸ
803 1138 892 1172 ἅγιον,

91 1185 144 1211 οὐκ
162 1185 199 1211 ἂν
214 1183 363 1211 ὲνδοιάσειέ
379 1192 431 1215 τις.
444 1183 506 1215 Πῶς
522 1181 569 1210 οὖν
587 1183 617 1209 οὐ
639 1183 738 1214 δέδιας,
753 1183 813 1210 εῑπέ
835 1191 891 1218 μοι,

91 1231 154 1264 λέγε
160 1230 313 1257 ινειτοῦτο
325 1229 357 1266 δὴ
370 1230 402 1256 τὸ
411 1229 576 1264 τηλικαύτην
588 1228 698 1264 Χριστῷ
710 1229 894 1264 χαρισάμενον

91 1277 187 1310 δόξαν,
197 1275 319 1311 Χριστοῦ
333 1275 566 1307 κατασκευάζουσι
581 1275 700 1302 δοῦλον.)
717 1276 748 1302 Ol
766 1275 816 1310 μὲν
833 1274 893 1301 δοῦ-

93 1323 140 1348 λον
157 1322 225 1349 adeo
239 1321 493 1354 κατασκευάζοντες
510 1321 558 1347 τοῦ
572 1320 701 1356 Χριστοῦ,
716 1320 892 1348 δυσσεσοῦσιν

93 1367 334 1402 ὁμολογουμένως,
347 1367 395 1392 καὶ
409 1365 490 1393 αὑτὸν
503 1364 667 1400 ἀτιμάζουσι
687 1364 733 1391 τὸν
747 1364 892 1399 ὁμοοὺσιον

94 1413 172 1448 αὒτῷ
195 1412 259 1448 Θεῷ
280 1412 377 1446 Λόγον,
397 1412 454 1443 τοῖς
469 1410 664 1446 δουλοπρεπέα
682 1409 891 1445 περιϐάλλοντες

97 1458 210 1492 ,ιέτροις
231 1457 264 1484 τὸ
280 1456 346 1492 παρ’
359 1455 443 1484 αὑτοῦ
462 1464 493 1482 τε
519 1455 566 1482 καὶ
585 1456 615 1481 ἐν
626 1454 701 1490 αὑτῷ
715 1456 786 1482 κατὰ
800 1454 890 1489 φύσιν,

95 1504 144 1530 καὶ
164 1503 232 1530 ἴδιον
249 1502 348 1530 αὑτοῦ·
363 1503 394 1529 τὸ
406 1502 435 1528 δὲ
457 1501 617 1537 κεχαρίσθαι
638 1501 728 1536 λέγειν
747 1501 823 1537 αὺτῷ
842 1502 892 1537 τὴν

944 955 1054 982 Christo
1067 955 1159 981 itidem
1180 954 1300 981 adfuisse
1314 954 1445 988 Spiritum
1462 958 1585 980 sanctum
1601 958 1729 989 tanquam

944 1001 1029 1036 ipsius
1043 1000 1192 1035 proprium,
1209 1007 1288 1027 nemo
1306 1007 1423 1034 tmquam
1439 999 1568 1035 ambigat.
1584 1000 1639 1027 Cur
1652 1008 1728 1034 ergo,

943 1047 987 1074 die
1000 1045 1076 1078 mihi,
1089 1053 1142 1073 non
1161 1046 1280 1072 metuisti
1297 1045 1387 1072 dicere
1405 1054 1411 1072 :
1426 1054 1435 1070 ι
1446 1044 1523 1071 llum:
1539 1053 1604 1079 ergo
1615 1046 1659 1080 qui
1672 1050 1731 1072 tau-

945 1099 998 1120 tam
1023 1093 1133 1121 Christo
1150 1093 1263 1127 largitus
1286 1097 1327 1120 est
1351 1091 1474 1126 gloriam,
1492 1091 1595 1119 Christi
1620 1099 1730 1118 servum

943 1139 1081 1166 clliciuut?
1101 1148 1111 1164 ι
1129 1138 1195 1166 Nam
1210 1138 1255 1172 qui
1273 1138 1348 1165 illum
1368 1137 1470 1166 Christi
1496 1145 1602 1165 servum
1617 1137 1729 1170 faciunt,

944 1194 996 1212 non
1012 1186 1122 1212 dubium
1147 1190 1187 1212 est
1208 1185 1271 1219 quin
1290 1184 1345 1211 sint
1365 1184 1452 1219 impii,
1469 1188 1497 1211 et.
1519 1184 1605 1219 ipsqu
1622 1192 1730 1218 quoque

944 1231 980 1258 illi
1008 1231 1239 1259 eousubstautiale
1258 1230 1305 1257 Dei
1331 1229 1448 1257 Verbum
1472 1230 1647 1263 dedecorent,
1667 1238 1729 1257 cum

943 1278 1018 1305 illum
1032 1278 1077 1312 qui
1094 1282 1135 1304 est
1146 1277 1180 1304 ab
1196 1277 1264 1311 ipso,
1280 1281 1306 1304 et
1322 1277 1347 1303 in
1360 1276 1418 1311 ipso
1433 1277 1580 1303 secundum
1593 1281 1729 1307 naturam,
1754 1275 1756 1277 ’

942 1329 970 1351 et
995 1324 1081 1358 ipsius
1108 1323 1244 1358 proprius,
1273 1322 1364 1350 servili
1388 1330 1515 1349 mensura
1539 1322 1729 1349 circmudent:

942 1375 1128 1398 verumtamen
1147 1369 1197 1404 ipsi
1218 1378 1231 1395 ιι
1247 1368 1351 1403 Spiritu
1370 1369 1440 1395 dono
1458 1368 1548 1395 datam
1572 1367 1655 1395 fuisse
1674 1369 1731 1402 glo-

943 1417 1010 1444 riam
1035 1416 1137 1448 dicere,
1163 1420 1292 1444 extrema:
1311 1415 1433 1442 stultitia:
1453 1415 1582 1441 indiciqu
1605 1419 1646 1441 est
1672 1415 1728 1441 cvi-

942 1462 1019 1488 dens.
1040 1461 1080 1487 Ae
1099 1460 1279 1495 nequidquam
1299 1459 1327 1486 in
1341 1460 1392 1486 hoc
1409 1463 1524 1490 nugatus
1539 1466 1598 1485 esse
1616 1459 1729 1492 depren-

943 1507 1027 1539 deris,
1049 1510 1076 1533 et
1095 1506 1153 1540 ejus
1174 1506 1212 1532 rei
1233 1505 1390 1540 mysterium
1417 1504 1528 1531 minimc
1553 1503 1729 1535 intellexisse,

95 1549 176 1582 δόξαν
188 1549 265 1585 παρὰ
274 1548 322 1576 τοῦ
334 1547 501 1584 Πνεὺματος,
509 1547 672 1583 ἀσελτηρίας
683 1548 741 1574 ἐστὶ
752 1547 804 1582 τῆς
813 1549 839 1574 ἐς

983 1561 1000 1581 0
1016 1560 1082 1580 vero
1097 1552 1145 1579 tibi
1166 1552 1216 1587 ipsi
1234 1557 1261 1579 et
1286 1551 1399 1582 sentire,
1425 1555 1451 1578 et
1473 1550 1564 1577 dicere
1580 1551 1727 1576 contraria.

94 1604 146 1631 της
161 1595 301 1627 ἀπόδειξις
317 1594 443 1630 ἐναργής.
458 1594 526 1629 Elui]
540 1594 568 1620 δὲ
582 1593 674 1629 ὰλὼοῃ
688 1593 890 1629 πεφλυαρηκὼς

96 1643 126 1668 ὲν
139 1641 241 1676 τούτῳ,
263 1641 310 1668 καὶ
325 1640 357 1667 τδ
371 1639 414 1667 ἐπ’
425 1639 500 1674 αὑτῷ
516 1640 666 1676 μυστήριον
681 1640 712 1665 οὺ
736 1639 871 1675 νενοηκὼς
881 1649 888 1655 ·

98 1687 201 1723 μᾶλλον
212 1688 240 1714 δὲ
249 1687 344 1723 σαυτῷ
351 1687 398 1713 καὶ
408 1686 513 1721 φρονῶν
525 1687 572 1713 καὶ
586 1685 673 1720 λέγων
684 1686 718 1712 τὰ
729 1686 847 1713 ἐναντία.
858 1686 889 1712 Ei

97 1734 153 1769 γὰρ
175 1733 363 1764 πεπίστευκας
376 1733 416 1759 ὅτι
433 1732 499 1764 θεὸς
515 1731 554 1758 ὢν
568 1733 582 1759 ὁ
598 1732 682 1766 Λόγος
697 1732 792 1766 γέγονε
807 1731 888 1766 σάρξ·

97 1780 183 1807 αὐτοῦ
199 1779 256 1815 γὰρ
270 1779 340 1814 ἔφης
353 1775 424 1806 εἶναι
437 1779 488 1813 τὴν
502 1778 701 1813 ἀνθρωπότητα
710 1786 717 1793 ·
731 1778 757 1804 τί
774 1778 820 1804 τὸν
840 1778 890 1812 τῆς

97 1826 177 1860 δόξης
194 1825 309 1861 Κύριον,
321 1824 359 1856 ὡς
375 1824 426 1851 οὑκ
441 1824 537 1859 ἔχοντα
552 1823 634 1856 δόξαν
650 1823 730 1855 ἰδίαν,
749 1823 798 1858 τῆς
814 1823 890 1858 παρὰ

97 1872 145 1898 τοῦ
161 1871 320 1906 Πνεύματος
335 1870 477 1906 δεδεῆσθαι
494 1870 545 1906 φὴς
556 1889 563 1901 ,
585 1870 633 1896 καὶ
651 1870 682 1895 ὲν
700 1871 757 1901 τοῖς
771 1870 821 1904 τῆς
835 1869 891 1896 κτί-

99 1926 168 1948 σεως
187 1916 355 1951 καταλογίζῃ
374 1915 494 1951 μέτροις,
539 1915 628 1942 πάντα
642 1915 718 1942 ἐστὶν
734 1914 835 1947 ἔξωθεν
857 1915 891 1941 τὰ

99 1962 153 1998 ξῖσ.
169 1961 271 1995 ἔξωθέν
284 1961 326 1996 τε]
344 1961 391 1987 καὶ
404 1961 485 1994 δοτά;
501 1968 510 1986 ι
526 1960 559 1986 Τί
575 1960 630 1996 γὰρ
647 1960 730 1995 ἔχεις,
742 1960 757 1986 ὃ
768 1960 818 1987 οὐκ
830 1960 892 1986 ἕλα-

99 2009 155 2040 ῦες,
171 2018 179 2033 ι
194 2008 297 2043 πρέποι
309 2007 342 2034 ἂν
353 2007 468 2033 ἀκοῦσαι
479 2008 512 2042 τῇ
524 2006 622 2033 κτίσει.
635 2005 716 2032 Ἀλλὰ
727 2005 783 2038 ναὶ,
797 2006 890 2041 φησιν,

101 2054 219 2090 εὑρίσκω
232 2053 348 2087 λέγοντα
369 2053 414 2079 τὸν
432 2052 618 2088 Ἐμμανουήλ·
633 2061 643 2078 ι
662 2053 766 2088 Πάτερ,
780 2052 893 2085 δόξασόν

102 2111 146 2127 σου
163 2101 210 2127 τὸν
227 2100 301 2127 Υἱὸν.
317 2110 326 2126 ι
344 2100 459 2132 Οὐκοῦν,
476 2099 618 2135 προστίθει
637 2099 668 2126 τὸ
688 2099 795 2125 λεῖπον-
813 2098 892 2126 τοῦτο

102 2148 127 2173 δέ
141 2148 225 2178 ἐστιν,
243 2156 252 2172 ι
267 2147 328 2173 Ἰνσ.
347 2146 394 2172 καὶ
406 2147 421 2172 ὁ
435 2145 498 2177 Υἱός
518 2154 567 2171 σου
584 2144 684 2180 δοξάσῃ
703 2153 743 2171 σε.
757 2154 766 2171 ι
793 2145 823 2171 Εἰ
842 2145 892 2179 μὲν

103 2193 137 2223 ὡς
155 2192 235 2226 δόξης
257 2192 353 2219 ἐπιδεᾶ
375 2191 425 2226 τῆς
443 2191 518 2226 παρὰ
536 2191 641 2227 Πατρὸς
666 2190 789 2225 ἐφίεσθαι
812 2190 890 2224 δᾶξης

943 1599 1010 1626 Nam
1036 1599 1059 1626 si
1083 1598 1172 1625 credis
1191 1598 1279 1633 ipsum
1307 1597 1438 1630 Verbum,
1462 1604 1522 1623 cum
1551 1593 1622 1623 Deus
1644 1601 1727 1627 esset,

942 1646 1041 1673 factum
1055 1652 1118 1672 esse
1130 1651 1239 1671 carnem
1256 1643 1350 1678 (ipsius
1365 1643 1436 1669 cnim
1457 1649 1517 1669 esse
1534 1641 1728 1668 humanitatem

941 1689 1063 1724 dixisti),
1091 1696 1140 1716 cur
1170 1688 1242 1715 illum
1268 1687 1359 1722 gloria:
1385 1687 1547 1718 Dominum,
1572 1687 1648 1720 quasi
1675 1694 1728 1713 non

942 1736 1040 1763 habeat
1055 1742 1142 1766 suam,
1155 1734 1241 1768 gloria
1256 1742 1269 1760 ιι
1286 1733 1389 1768 διιίιᾞιι
1403 1734 1464 1760 data
1476 1733 1544 1760 dicis
1561 1733 1709 1767 indiguisse
1719 1753 1726 1763 .

941 1787 968 1809 ct
987 1789 1049 1809 eum
1076 1781 1149 1808 intra
1174 1787 1317 1807 mensuras
1340 1783 1481 1813 computas
1500 1784 1642 1810 ςιοιιιιιιςιι,
1667 1787 1728 1812 quo:

941 1826 1032 1853 omnia
1051 1825 1225 1852 extrinsecus
1246 1824 1339 1857 habet,
1354 1830 1434 1858 atque
1451 1823 1569 1850 donata?
1588 1823 1728 1851 Crcatura:

942 1879 1058 1907 namque
1073 1871 1168 1899 audire
1186 1870 1315 1898 convenit
1330 1878 1337 1898 :
1356 1879 1365 1895 ι
1381 1870 1451 1903 Quid
1468 1870 1540 1896 enim
1562 1870 1644 1895 habes
1655 1869 1727 1903 quod

942 1925 995 1944 non
1013 1917 1139 1951 accepisti
1149 1917 1193 1944 "°?
1207 1926 1216 1942 ι
1237 1916 1273 1943 At
1287 1916 1371 1947 enim,
1392 1916 1490 1951 inquit,
1515 1916 1620 1949 reperio
1640 1916 1726 1948 ipsum

942 1962 1099 1990 Emmanuel
1126 1962 1262 1989 dicentem
1292 1969 1300 1988 :
1328 1970 1337 1986 ι
1355 1960 1454 1994 Pater,
1482 1960 1601 1996 glorilica
1631 1960 1727 1987 Filium

943 2015 1016 2037 tuum
1031 2018 1038 2042 ;
1054 2018 1063 2034 ι
1091 2015 1156 2043 ergo
1183 2007 1268 2041 adiice
1293 2007 1438 2039 reliquum,
1464 2007 1516 2033 hoc
1537 2011 1577 2033 est
1594 2016 1600 2032 ε
1618 2016 1627 2031 ι
1647 2006 1680 2034 Ut
1702 2011 1730 2033 ct

942 2055 1025 2083 Filius
1050 2060 1111 2081 tuus
1134 2054 1265 2089 gloriﬁcet
1289 2058 1312 2081 te
1324 2053 1358 2080 “.
1375 2063 1384 2080 ι
1402 2052 1480 2088 107
1495 2052 1560 2079 Nam
1585 2053 1607 2079 si
1632 2052 1728 2079 Filium

941 2102 1017 2136 quasi
1039 2101 1129 2136 gloria:
1154 2101 1330 2134 indigentem,
1354 2108 1369 2126 ιι
1397 2099 1478 2126 l‘atre
1497 2104 1592 2133 optare
1615 2097 1728 2131 gloriam

942 2149 1072 2178 allirmas,
1094 2147 1157 2182 quid
1180 2146 1287 2173 tandem
1304 2147 1378 2173 dices
1394 2153 1454 2173 cum
1478 2145 1643 2180 gloriﬁcatur
1657 2144 1728 2171 idem

944 2196 1022 2223 l’ater
1042 2203 1056 2221 a
1084 2194 1171 2222 Filio?
1185 2194 1252 2221 Num
1276 2193 1311 2220 ita
1332 2193 1509 2227 gloriﬁcatur,
1524 2191 1601 2226 quasi
1615 2192 1728 2226 gloriam

102 2238 256 2273 διισχυρίζη
277 2237 324 2264 τὸν
339 2237 415 2268 Υἱὺν,
441 2237 468 2263 τί
497 2245 561 2263 ποτε
578 2236 633 2271 ἄρα
649 2236 713 2271 φὴς,
726 2236 789 2262 ὅταν
814 2236 842 2262 δο

984 2251 995 2268 ιι
1013 2241 1123 2273 habeat,
1138 2244 1184 2268 aut
1199 2241 1232 2266 ab
1250 2240 1303 2266 alio
1317 2239 1367 2266 sibi
1385 2237 1465 2265 tribui
1487 2237 1626 2271 indigeat?
1638 2236 1728 2270 Apage

105 2291 179 2317 σηται
196 2282 244 2309 καὶ
256 2282 338 2314 αὐτὸς
354 2283 369 2309 δ
385 2281 478 2318 Πατὴρ
491 2282 567 2318 παρὰ
582 2282 628 2308 τοῦ
644 2282 721 2313 Υἱοῦ,
736 2280 781 2317 ἄρ’
794 2282 831 2313 ὡς
847 2282 889 2308 δό-

105 2327 146 2360 ξαν
159 2328 209 2354 οὐκ
228 2327 311 2362 ἔχων,
327 2327 344 2362 ἧ
360 2328 409 2362 τῆς
425 2327 491 2363 παρ’
500 2328 592 2364 ἑτέρου
607 2328 783 2364 δεδεημὲνος;
800 2328 890 2362 ἄπαγε

104 2375 147 2409 τῆς
163 2374 342 2406 δυσὸουλῐαςθ
364 2374 491 2410 τερθρεία
516 2375 571 2410 γὰρ
591 2375 643 2410 ἤδη
662 2375 741 2402 ταυτὶ
758 2374 805 2401 καὶ
828 2375 891 2401 ἀνο-

105 2420 190 2455 σιότης
204 2420 327 2454 ἐννοιῶν,
343 2420 391 2447 καὶ
403 2420 497 2455 ἕτερον
508 2420 595 2448 οὐδέν.
614 2421 646 2447 'ﬂ
659 2421 708 2456 μὲν
721 2421 774 2457 γὰρ
787 2421 847 2447 θεία
859 2429 889 2447 τε

106 2467 144 2492 καὶ
155 2466 208 2493 τῶν
218 2466 289 2493 ὅλων
301 2467 432 2494 ἐπέκεινα
446 2466 564 2501 φύσεων,
579 2468 636 2502 φῶς
648 2468 794 2503 ἀπρόσιτον
807 2467 889 2499 οἰκεῖ,

105 2512 144 2537 καὶ
161 2511 367 2545 κατεξουσιάζει
379 2512 436 2539 τῶν
456 2513 535 2544 ὅλων,
552 2515 598 2540 καὶ
611 2514 689 2547 δόξαν
705 2514 824 2548 ἀνῆπται
840 2513 889 2549 τὴν

105 2558 166 2592 αὐτῇ
176 2567 205 2584 τε
219 2559 267 2584 καὶ
282 2558 354 2594 μόνῃ
366 2559 597 2595 πρεπωδεστάτην
607 2568 614 2576 ’
628 2559 721 2596 ἐπειδὴ
733 2560 762 2586 δὲ
777 2559 888 2594 γέγονεν

132 2647 154 2663 "
165 2651 220 2674 Aci.
231 2656 250 2681 ι,
264 2649 282 2675 2
307 2657 386 2683 seqq.

108 2689 139 2716 rt,
152 2683 190 2710 lli.

426 2649 449 2664 7"
464 2648 544 2676 llebr.
562 2658 588 2683 Χ,
603 2649 638 2677 ‘20
653 2657 728 2684 seqq.

766 2650 790 2663 "
807 2649 888 2676 Hebr.
910 2657 946 2678 τι.
961 2649 1005 2676 ‘20.

943 2288 977 2313 ah
996 2286 1048 2313 isto
1069 2285 1139 2312 malo
1158 2284 1272 2312 oonsilio
1289 2292 1296 2310 :
1312 2291 1389 2317 nuga:
1405 2288 1469 2310 sunt
1494 2282 1561 2314 haec,
1579 2286 1605 2309 ct
1627 2282 1729 2314 cogita-

945 2335 1046 2359 tiouum
1064 2331 1199 2365 impietas,
1215 2330 1287 2357 aliud
1305 2335 1436 2364 praetcrea
1456 2328 1532 2355 nihil.
1551 2327 1616 2354 Nam
1638 2327 1728 2353 divina

945 2378 990 2405 illa
1010 2381 1038 2404 et
1063 2377 1135 2403 ultra
1159 2374 1252 2402 euntes
1290 2375 1358 2401 alias
1380 2379 1492 2400 naturas
1514 2373 1600 2399 lucent
1620 2373 1729 2408 quidem

946 2422 1050 2450 habitat
1074 2419 1333 2452 inaccessibilem“,
1358 2423 1385 2447 et
1410 2419 1565 2446 dominatur
1584 2418 1728 2448 universis.

941 2472 969 2494 ct
985 2466 1068 2501 gloria
1086 2470 1129 2493 est
1143 2465 1241 2492 amicta
1260 2464 1310 2498 ipsi
1330 2472 1360 2491 ac
1384 2463 1432 2490 soli
1448 2463 1638 2490 decentissima
1655 2471 1662 2488 :
1682 2462 1729 2489 sed

941 2513 1004 2547 quia
1021 2511 1188 2545 unigenitum
1204 2511 1251 2538 Dei
1268 2510 1385 2537 Verbum
1407 2509 1509 2536 factum
1531 2514 1573 2535 est
1592 2509 1683 2540 homo,
1703 2512 1730 2533 ct

943 2559 1027 2591 gratia
1045 2558 1091 2584 Dei
1106 2565 1153 2591 per
1167 2564 1276 2584 carnem
1300 2564 1375 2583 suam
1393 2563 1442 2590 pro
1466 2555 1591 2581 mutiilols
1615 2560 1729 2580 mortem

1049 2649 1071 2663 ⁸⁰
1085 2648 1095 2675 l
1109 2648 1170 2675 Cor.
1191 2655 1227 2679 IV,
1244 2648 1268 2673 7.
1308 2647 1328 2662 δ’
1344 2646 1422 2674 Joan.
1444 2655 1509 2678 xvu,
1527 2647 1550 2672 Ι.
1591 2645 1636 2672 ¹¹²Ι
1657 2644 1729 2672 Tim.

731 2761 810 2790 ANT.
832 2761 968 2789 ACELLII
986 2761 1102 2790 N‘JT

135 2842 185 2875 (25)
201 2841 269 2870 Fere
288 2841 389 2868 iisdem
409 2840 502 2867 verbis
515 2840 607 2868 Latine
628 2841 695 2868 dixit
715 2842 810 2869 beatus
823 2841 886 2867 Λιιι-

119 2879 210 2906 Ιιιυδιυε
226 2886 232 2905 :
260 2877 378 2904 Sacrum
394 2883 490 2902 munus
510 2884 555 2909 pro
580 2878 704 2911 nmmbus,
720 2883 741 2904 ει
759 2878 831 2911 quasi
850 2885 891 2904 rc-

942 2846 1041 2881 paratn;
1054 2842 1173 2876 «Iugulum
1188 2842 1241 2870 mm
1263 2844 1373 2868 nutum.
1387 2839 1469 2868 Libro
1488 2841 1518 2868 (tr
1538 2840 1590 2874 ﬁtlc
1613 2847 1728 2867 munt-

945 2882 1049 2904 (³1101118.
1394 2891 1396 2893 ’
