1886 3056
103 140 154 169 18⁸1

599 140 629 167 S.
651 139 787 167 CYlllLLl
814 138 1051 168 ALEXANDRINI
1069 139 1230 169 ARCIIIEP.

1675 143 1732 172 I88

103 202 162 224 erat
175 202 356 233 gustaturum.
372 203 398 226 et
414 198 541 232 templum
566 206 643 226 suum
663 205 692 226 ut
708 199 778 226 Detts
795 200 847 226 vivi

988 208 1076 234 ρωπος
1095 200 1109 226 ὁ
1125 199 1273 235 μονογενὴς
1297 199 1345 226 τοῦ
1368 200 1437 228 Θεοῦ
1463 201 1550 236 Λόγος
1561 221 1575 234 ,,
1585 201 1682 238 ἔμελλέ
1697 212 1730 231 τε

104 244 203 274 cando,
224 244 319 270 tnortis
337 243 544 279 inexpugnabile
561 245 642 271 robur
655 252 822 276 eversurmn,
841 245 891 272 ob-

107 289 193 316 tendit
204 289 313 323 quidem
332 296 438 323 precem
458 293 487 316 ut
507 289 598 322 homo,
618 294 645 316 ct
669 290 822 316 consentire
838 289 889 316 sibi

108 333 214 361 l‘alrem
228 338 314 368 optat,
328 341 403 362 suam
422 333 506 369 ipsius
525 339 648 362 naturam
670 335 697 361 in
713 342 774 361 eum
790 338 890 361 statum

107 379 308 407 transformanti
323 387 376 415 quo
395 380 471 414 prius
482 385 551 412 erat,
568 385 595 408 et
612 380 644 407 ad
659 380 890 413 incorruptioneut

109 425 258 456 renovanti.
279 431 306 453 et
320 427 415 454 mortis
434 426 540 461 laqueis
555 426 735 460 potentiorem
758 425 889 459 reddenti,

107 471 195 497 soluta
211 471 315 499 scilicet
333 472 416 500 veleri
436 472 637 505 maledictione,
652 472 826 507 vindictaque
847 471 890 499 illa

108 523 167 549 qua:
184 515 299 550 primum
322 517 437 544 formato
459 518 560 545 homini
582 517 671 546 fuerat
692 518 821 552 irrogata.
838 517 891 552 lgi-

109 565 153 587 tur
168 561 230 595 quia
248 562 329 589 ctiam
345 563 407 590 dqu
426 563 570 590 videturin
588 571 679 596 carne,
702 569 799 591 natura
816 571 892 591 vere-

108 614 160 640 que
176 606 260 634 Filius
275 607 320 634 Dei
336 615 397 636 esse
414 609 575 644 prwdicatur
589 618 597 637 :
613 618 622 635 ι
637 609 776 642 Glorilica,
793 610 891 644 inquit,

109 657 193 685 tuum,
209 660 226 680 ο
240 653 329 686 Pater,
352 654 457 686 Filium,
472 664 481 681 ι
500 660 626 690 tanquam
643 656 790 689 hominem,
806 660 892 683 morte

107 699 335 734 corruptioneque
358 701 536 735 potelttioreltl
557 702 682 734 reddens,
700 706 730 729 ut
749 706 810 730 tuus
831 709 892 729 esse

107 745 247 777 credatur,
264 753 324 772 cum
347 748 383 774 sit
401 747 454 773 vita
472 755 520 781 per
537 753 659 775 naturam
676 753 705 775 ut
724 748 805 781 Deus,
819 748 891 783 quod

108 788 141 815 ad
165 789 280 824 propria:
305 796 408 817 natura:
434 792 566 819 rationem
592 793 690 820 attinet
711 801 719 820 :
742 797 797 820 tttm
819 793 891 821 enim

109 833 166 867 ipse
179 841 285 870 quoque
300 835 383 863 Filius
402 842 427 863 te
444 837 616 871 glurilicabit.
632 838 730 866 Gloria:
745 846 839 866 revera
851 843 893 866 est

110 879 164 906 Dco
187 887 219 907 ac
244 880 328 915 Patri,
351 883 412 909 dum
439 891 453 910 a
478 884 555 911 nobis
585 884 705 912 creditur
729 885 802 920 quod
828 892 890 912 cum

110 925 179 952 Deus
196 926 234 953 sit
253 934 343 958 verus,
363 933 388 955 cl
405 929 457 956 vita
477 934 505 956 et
520 930 667 962 viviﬁcans,
685 937 778 965 parem
792 930 842 957 sibi
859 937 891 957 ac

110 977 159 1004 per
172 972 261 998 omnia
277 973 405 1006 similem,
419 974 641 1009 inell‘abiliterque
651 979 679 1004 et
689 982 770 1010 supra
783 983 891 1003 ontnem

112 1015 316 1051 intelligentiam
339 1020 431 1054 genuit
456 1020 565 1053 Filium,
587 1021 633 1056 qui
657 1028 710 1048 non
730 1021 782 1048 fuit
804 1021 893 1048 minor

110 1062 191 1089 etiam
212 1071 272 1090 cum
294 1065 319 1091 in
339 1073 423 1093 carne
438 1072 516 1094 nattts
533 1072 587 1099 est,
601 1066 649 1095 sed
666 1070 838 1102 praestantem
859 1065 892 1093 il-

111 1107 162 1134 lant
184 1109 372 1146 egregiamque
399 1112 528 1139 naturalis
552 1112 701 1139 nobilitatis
729 1112 780 1139 sibi
805 1111 894 1138 insita:

111 1153 339 1188 pulchritudinem
363 1157 495 1192 integram
521 1158 631 1185 omnino
649 1158 780 1190 servavit,
802 1157 840 1185 ita
866 1161 896 1184 ut

113 1201 169 1234 ipse
186 1208 293 1236 quoque
309 1202 344 1230 Sit
362 1203 430 1234 vita,
447 1207 539 1237 utpote
552 1211 584 1230 ex
600 1203 666 1236 vita,
680 1208 707 1231 et
721 1203 814 1231 omnia
832 1210 895 1238 pos—

112 1247 158 1278 sit,
180 1251 208 1274 et
229 1247 287 1274 sine
310 1247 401 1275 lahore
415 1249 547 1284 perﬁciat,
571 1253 597 1276 et
613 1250 654 1276 his
670 1249 715 1284 qui
735 1253 798 1277 sunt
815 1249 895 1277 morti

113 1291 334 1327 curruptiouique
351 1294 472 1326 obnoxii,
495 1295 724 1329 incorruptionem
740 1295 832 1322 donet.
846 1294 897 1328 lgi-

114 1342 157 1363 tur
171 1338 252 1364 etiam
275 1339 296 1366 si
312 1339 458 1372 glorilicari
478 1340 585 1367 dicatur
607 1348 622 1367 a
638 1340 718 1368 Patre
735 1340 830 1372 Filius,
848 1340 897 1367 ltu-

115 1383 253 1409 manitatis
278 1391 430 1411 mensuram
454 1390 569 1419 reputa:
587 1392 621 1412 ne
642 1390 704 1420 post
720 1385 847 1412 unionem
871 1384 897 1411 in

115 1429 168 1455 duo
181 1428 286 1456 dividas
306 1437 388 1456 unum
411 1430 560 1462 Christum,
583 1435 610 1458 et
627 1431 736 1463 Filium,
754 1436 782 1459 et
805 1431 898 1459 Domi-

116 1481 197 1506 num;
222 1475 269 1502 sed
297 1482 378 1502 ttnmn
403 1475 581 1510 eumdetnque
609 1476 736 1504 similiter
756 1482 783 1505 et
806 1478 899 1512 gloria)

117 1518 258 1546 Dominum
273 1525 301 1547 et
317 1519 400 1547 Deutn
425 1520 555 1555 intelligo,
571 1525 597 1550 et
613 1522 725 1556 gloriam
745 1523 899 1552 humanitus

117 1565 305 1600 accipientem.
321 1567 413 1601 Cogita
430 1567 501 1594 enim
519 1567 592 1595 illmn
607 1569 657 1596 etsi
674 1573 770 1596 natura
784 1577 901 1604 vereque

120 1612 188 1639 Deus
212 1613 257 1643 sit,
281 1618 309 1640 ct
331 1621 379 1640 rex
403 1614 590 1642 universorum
606 1623 637 1642 ae
651 1615 791 1650 Dominus,
813 1621 901 1644 tamen

119 1659 295 1686 constitutum
326 1667 387 1687 esse
414 1668 502 1695 regem
529 1661 601 1693 dici,
626 1669 688 1689 cum
712 1662 800 1690 factus
823 1664 904 1691 homo

120 1705 204 1732 nostri
233 1705 330 1734 similis
354 1707 503 1734 hmniliavit
526 1707 663 1742 seipsum,
678 1709 758 1744 108
768 1713 795 1736 et
817 1709 904 1737 factus

119 1755 162 1778 est
174 1751 304 1779 obediens
320 1752 374 1779 Deo
388 1757 416 1780 et
430 1752 501 1779 Patri
514 1752 548 1787 ³³,
566 1757 593 1781 et
612 1754 751 1782 nobiscum
772 1755 822 1782 sub
835 1755 904 1790 lege.

122 1797 200 1826 Nullo
219 1798 301 1833 igitur
316 1799 396 1826 tnodo
413 1807 472 1834 qua:
485 1799 679 1828 exinanitionis
692 1807 826 1828 mensura:
839 1809 906 1828 con-

123 1844 243 1877 veniunt,
273 1844 408 1879 sapientes
435 1845 558 1873 homines
581 1850 608 1873 et
632 1847 734 1881 peritos
759 1850 786 1874 et
807 1847 832 1873 in
854 1847 907 1875 [ide

122 1890 299 1919 continuatos
311 1891 523 1924 conturbabunt,
542 1892 590 1920 sed
605 1899 639 1920 ex
655 1892 688 1920 iis
704 1893 769 1928 ipsis
786 1898 813 1921 et
825 1893 907 1921 simul

123 1944 155 1963 e\'
177 1936 219 1964 his
233 1945 294 1972 qua:
311 1937 408 1965 divinas
433 1942 535 1965 natura:
555 1938 732 1972 conveniunt,
758 1940 844 1973 ipsum
864 1939 909 1967 Fi-

125 1983 188 2009 lium
206 1982 287 2010 Deum
310 1990 370 2010 esse
395 1984 518 2011 eumdem
539 1988 566 2011 et
590 1984 726 2012 hominem
749 1991 908 2020 agnoscent.

126 2028 180 2055 Sed
205 2028 279 2055 sanis
302 2029 392 2056 verbis
415 2036 466 2056 non
487 2030 636 2063 acquiescit
647 2030 683 2063 “,
698 2035 726 2057 et
747 2031 780 2058 ad
794 2030 911 2058 ell‘rena-

128 2079 183 2100 tmn
198 2073 327 2109 impeltnn
349 2075 493 2102 admodum
512 2083 624 2110 pronus,
642 2076 725 2104 stulte
742 2076 792 2104 sibi
810 2077 910 2111 placet,

127 2124 153 2146 et
167 2127 227 2154 qua:
242 2120 299 2155 ipse
315 2125 340 2147 et
353 2121 461 2155 quidem
474 2123 546 2149 solus
555 2122 662 2156 probat,
671 2123 719 2150 sed
731 2127 802 2150 recte
812 2123 912 2151 habere

127 2166 273 2198 existimat,
289 2174 321 2193 ea
339 2167 477 2194 sentienda
496 2173 590 2195 censet
605 2177 612 2195 :
629 2168 719 2203 perdit
735 2170 815 2196 etiam
832 2169 910 2202 alios,

940 245 1032 281 χάριτι
1049 245 1119 273 Θεοᾶ
1133 245 1177 272 διὰ
1190 246 1238 281 τῆς
1256 246 1324 278 ἰδίας
1343 248 1443 283 σαρκὸς
1458 248 1535 285 ὑπὲρ.
1545 250 1645 281 παντὸς
1660 249 1730 283 γεύμ-

940 291 1038 319 σασθαι
1059 290 1184 323 θανάτου,
1205 292 1252 318 καὶ
1277 291 1442 328 δυσάντητον
1465 293 1547 321 αὑτοῦ
1579 295 1736 330 παραλύειν.

940 337 1055 371 κράτος,
1066 336 1237 372 ζωοποιήσας
1251 337 1288 369 ὡς
1301 337 1366 370 Θεὸς
1380 338 1426 365 τὸν
1441 339 1506 366 ἴδιον
1519 339 1592 372 ναὸν,
1607 341 1731 375 σκήπτε-

939 391 984 409 ται
1001 382 1051 417 τὴν
1072 382 1154 417 εὐχὴν
1178 383 1218 414 ὡς
1235 383 1395 419 ἄνθρωπος,
1419 385 1466 413 καὶ
1486 385 1679 421 συνευδοκῆσαι
1701 385 1734 414 οἱ

941 427 1066 463 βούλεται
1081 428 1126 456 τὸν
1150 428 1270 464 Πατέρα,
1290 429 1342 465 τὴν.
1355 429 1437 459 αὐτοῦ
1456 430 1536 465 φύσιν
1559 432 1729 467 μετασκευά-

941 474 1013 507 ζοντι
1026 474 1094 508 πρὸς
1104 475 1135 501 τὸ
1147 475 1193 502 ἀπ’
1204 475 1302 510 ἀρχῆς,
1315 475 1362 502 καὶ
1375 475 1534 505 ἀνανεοῦντι
1548 477 1615 512 πρὸς
1623 477 1731 512 ἀφθαρ-

941 520 1012 553 σίαν,
1024 521 1070 548 καὶ
1082 521 1136 548 τῶν
1146 521 1192 547 τοῦ
1205 521 1320 548 θανάτου
1334 521 1441 557 βρόχων
1451 522 1626 556 ἀποφαίνοντι
1640 523 1731 558 κρείτ-

940 575 1004 593 τονα
1014 574 1020 581 ·
1036 566 1185 602 λελυμένης
1196 566 1318 601 δηλονότι
1334 567 1382 603 τῆς
1395 568 1513 603 ἀρχαίας
1525 568 1633 603 ἐκείνης
1646 569 1731 604 ἀρᾶς,

941 611 988 638 καὶ
1003 611 1053 646 τῆς
1068 612 1113 638 ἐπὶ
1125 611 1164 646 τῷ
1181 611 1389 646 πρωτοπλάστῳ
1401 612 1489 648 δίκης.
1505 612 1608 639 Οὐκοῦν
1624 613 1732 648 ἑπειδή-

942 664 995 692 περ
1016 657 1064 683 καὶ
1087 657 1116 683 ἐν
1136 657 1219 692 σαρκὶ
1245 656 1458 692 καθορώμενος,
1481 657 1545 689 Υἱὸς
1566 655 1634 685 εἶναι
1659 657 1731 685 Θεοῦ

942 701 1106 737 κηρύττεται
1131 702 1211 736 φύσει
1234 710 1265 728 τε
1293 702 1340 728 καὶ
1355 702 1486 737 ἀληθείᾳ,
1510 711 1520 728 ι
1535 703 1650 739 Δόξασόν
1669 711 1730 734 σου,

942 748 1035 782 φησιν,
1054 745 1076 774 ὦ
1092 748 1192 782 Πάτερ,
1215 747 1261 774 τὸν
1278 747 1370 779 Υἱὸν,ι
1391 747 1429 780 ὡς
1445 748 1596 784 ἄνθρωπον,
1615 748 1662 777 καὶ
1679 748 1732 774 0a-

942 793 1021 820 νάτου
1038 793 1188 828 κρείττονα,
1205 794 1252 821 καὶ
1265 795 1367 829 φθορᾶς
1378 794 1532 829 ἀποφήνας,
1546 794 1589 822 ἴνα
1603 794 1646 826 σὸς
1659 792 1732 820 εἶναι

944 839 1114 874 πιστεύηται,
1127 839 1185 876 ζωὴ
1200 840 1269 867 κατὰ
1282 840 1362 874 φύσιν
1377 840 1506 876 ὑπάρχων
1518 841 1556 872 ὡς
1568 840 1644 872 Θεὸς,
1657 840 1730 869 κατά

943 894 975 919 γε
989 885 1035 912 τὸν
1056 886 1107 920 τῆς
1123 885 1192 918 ἰδίας
1215 885 1323 920 φύσεως
1338 886 1417 920 λόγον
1428 894 1435 902 '
1452 886 1513 912 τότε
1531 886 1586 922 γὰρ
1604 895 1634 913 σε
1651 886 1698 912 καὶ
1716 887 1737 913 ὁ,

944 932 1009 964 Υἱὸς
1027 931 1144 965 δοξάσει.
1159 931 1228 964 Δόξα
1248 931 1355 968 ἀληθῶς
1373 932 1412 968 τῷ
1431 931 1490 967 Θεῷ
1505 932 1552 959 καὶ
1571 932 1670 967 Πατρὶ,
1688 931 1732 965 τὸ,

945 977 1121 1004 πιστεύεσθαι
1135 977 1202 1013 πρὸς
1214 977 1304 1013 ἡμῶν,
1316 978 1358 1004 ὅτι
1371 977 1437 1010 Θεὸς
1450 977 1581 1013 ὑπάρχων
1594 977 1732 1013 ἀληθινὸς,

946 1024 993 1050 καὶ
1010 1022 1082 1057 ζωὴ,
1103 1023 1151 1049 καὶ
1171 1023 1312 1056 ζωοπυιὸς,
1336 1023 1392 1050 ἴσον
1413 1033 1443 1050 τε
1463 1024 1510 1050 καὶ
1531 1024 1622 1058 ὅμοιον
1643 1023 1734 1057 ἑαυτῴ

947 1067 1018 1094 κατὰ
1034 1068 1087 1094 πᾶν
1103 1067 1202 1100 ὁτιοῦν,
1225 1068 1386 1103 ἀπορῤήτως
1401 1077 1432 1095 τε
1449 1069 1496 1095 καί
1511 1069 1585 1104 ὑπὲρ,
1594 1068 1667 1100 νοῦν,
1683 1069 1734 1099 ὲκ-

946 1114 1041 1141 τέτοκε
1060 1114 1106 1141 τὸν
1122 1114 1196 1145 Υἱὸν,
1211 1114 1242 1146 ὃς
1255 1112 1288 1152 ἦν
1303 1115 1354 1142 οὐκ
1368 1115 1397 1141 ἐν
1415 1115 1521 1150 με-ίοσι,
1546 1114 1598 1144 καὶ,
1608 1114 1637 1141 ὲν
1651 1115 1736 1151 σαρκὶ

948 1159 1003 1195 [Ζσ.
1017 1158 1063 1185 καὶ
1080 1159 1121 1187 ὅτι
1144 1160 1172 1185 ὲν
1199 1159 1293 1195 σαρκὶ]
1319 1159 1451 1194 γέγονεν·
1467 1158 1536 1185 ἀλλὰ
1550 1158 1600 1194 τῆς
1619 1158 1742 1193 ἐνούσης

948 1205 1022 1241 αὑτῷ
1037 1205 1153 1241 φυσικῆς
1167 1205 1305 1239 εὐγενείας
1315 1225 1323 1237 ,
1347 1204 1532 1240 dﬁtaltb6nsov
1549 1204 1690 1236 παντελῶς
1703 1204 1737 1230 τὸ

950 1251 1086 1287 ὑπερφυὲς
1101 1251 1149 1278 καὶ
1165 1251 1303 1287 ἐξαίρετον
1317 1250 1466 1278 διεσώσατο
1487 1250 1596 1284 κάλλος,
1611 1250 1668 1284 ζωὴ
1687 1251 1738 1276 καὶ

949 1297 1030 1329 αὐτὸς
1046 1297 1175 1332 ὑπάρχων
1193 1296 1231 1328 ὡς
1253 1297 1285 1322 ἐκ
1302 1296 1385 1331 ζωῆς,
1406 1295 1496 1322 πάντα
1513 1304 1542 1322 τε
1566 1294 1665 1330 ἰσχύων
1687 1295 1739 1321 καὶ

949 1343 1067 1378 ἀμογητὶ
1083 1341 1233 1378 κατορθῶν,
1245 1341 1291 1368 καὶ
1304 1343 1360 1373 τοῖς
1372 1341 1424 1368 ὑπὸ
1439 1340 1553 1368 θάνατον
1569 1340 1617 1367 καὶ
1629 1340 1737 1375 φθορὰν

950 1389 999 1424 τὴν
1007 1388 1159 1424 ἀφθαρσίαν
1167 1387 1347 1424 δωρούμενος.
1360 1387 1465 1414 Οὐκοῦν
1475 1387 1527 1414 κᾶν
1538 1387 1564 1414 εί
1574 1385 1738 1420 δοξάζεσθαι

951 1435 1056 1469 λέγοιτο
1070 1434 1146 1470 παρὰ
1165 1434 1212 1462 τοῦ
1229 1434 1335 1469 Πατρὸς
1354 1434 1368 1460 ὁ
1382 1433 1461 1466 Υἱὸς,
1478 1433 1509 1460 τὸ
1524 1433 1574 1466 τῆς
1596 1432 1741 1468 ἀνθρωπό-

951 1489 1032 1516 τητος
1046 1479 1204 1514 ἀναλογίζου
1221 1478 1335 1514 μέτρον·
1352 1478 1389 1514 μὴ
1403 1477 1534 1513 διατέμῃς
1550 1479 1589 1509 εἰς
1602 1477 1649 1504 δύο
1669 1477 1742 1512 μετὰ

952 1525 1001 1562 τὴν
1019 1526 1127 1558 ἕνωσιν,
1147 1525 1192 1552 τὸν
1209 1525 1258 1552 ἕνα
1278 1524 1395 1559 Χριστὸν
1408 1521 1455 1551 kal.
1475 1524 1539 1551 Υίὸν
1558 1523 1606 1550 καὶ
1619 1523 1741 1558 Κύριον·

952 1572 1009 1599 ἀλλ’
1023 1572 1070 1599 ἕνα
1088 1572 1134 1598 καὶ
1149 1571 1195 1598 τὸν
1212 1570 1294 1598 αὐτὸν
1308 1570 1408 1605 ὁμοίως
1432 1569 1488 1604 (26)
1499 1589 1507 1602 ,
1531 1569 1577 1596 καὶ
1595 1569 1643 1604 τῆς
1660 1569 1742 1603 δόξης

953 1617 1054 1653 Κύριον
1075 1617 1122 1644 καὶ
1143 1616 1220 1648 Θεὸν,
1235 1615 1373 1648 καὶδόξαν
1389 1615 1534 1650 δεχόμενον
1549 1613 1740 1649 ἀνθρωπίνως.

960 1663 1061 1691 Ἐννόει
1075 1664 1129 1699 γὰρ
1151 1663 1203 1695 ὅτι,
1227 1662 1317 1689 καίτοι
1336 1661 1416 1696 φύσει
1442 1670 1472 1688 τε
1489 1661 1613 1696 ἀληθείᾳ,
1630 1659 1698 1691 Θεός
1713 1668 1746 1685 τε.

956 1709 1002 1736 καὶ
1018 1709 1141 1744 βασιλεὺς
1154 1708 1208 1734 τῶν
1222 1707 1291 1734 ὅλων
1306 1707 1438 1741 ὑπάρχων
1460 1706 1508 1733 καὶ
1522 1705 1635 1741 Κύριος,
1652 1713 1745 1740 κεχει-

958 1755 1123 1792 ροτονεῐσθαι
1140 1754 1250 1788 λέγεται
1268 1753 1404 1789 βασιλεὺς,
1427 1753 1471 1779 ὅτε
1490 1751 1550 1778 καθ’
1573 1751 1647 1786 ἡμᾶς
1664 1749 1744 1783 γενό-

958 1810 1038 1837 μενος
1059 1801 1202 1836 ἄνθρωπος
1225 1799 1424 1827 τεταπείνωκεν
1441 1797 1547 1829 ἑαυτὸν,
1570 1797 1617 1823 καί
1634 1795 1746 1829 γέγονεν

958 1848 1078 1883 ὑπήκοος
1093 1847 1132 1882 τῷ
1149 1845 1209 1881 Θεῷ
1224 1845 1272 1873 καὶ
1288 1844 1385 1879 Πατρὶ,
1400 1844 1448 1870 καὶ
1473 1842 1531 1878 μεθ’
1544 1841 1621 1877 ἡμῶν
1635 1840 1689 1867 ὑπὸ
1704 1840 1748 1867 νό-

960 1903 1019 1930 μον.
1034 1893 1184 1928 Θορυὸήσει
1199 1892 1231 1927 δὴ
1244 1888 1290 1918 οὖν
1312 1891 1373 1917 κατ’
1385 1889 1482 1916 οὐδένα
1497 1887 1598 1923 τρόπον
1617 1887 1682 1918 τοὺς
1703 1894 1748 1912 σο-

960 1939 1025 1974 φούς
1039 1947 1069 1965 τε
1085 1937 1132 1964 καὶ
1148 1937 1344 1971 ἐπιστήμονας,
1360 1934 1408 1962 καὶ
1423 1933 1585 1969 ἱδρυμένους
1600 1931 1629 1957 ἐν
1642 1929 1746 1962 πίστει,

959 1985 994 2012 τὰ,
1011 1986 1067 2016 τοῖς
1089 1984 1138 2019 τῆς
1160 1982 1302 2013 κενώσεως
1322 1980 1463 2017 πρέποντα
1488 1978 1616 2015 μέτροις⁶
1638 1975 1697 2004 ἀλλ’
1718 1975 1749 2008 ἐξ

959 2030 1048 2057 αὐτῶν
1068 2038 1099 2056 τε
1112 2029 1192 2064 ὁμοῦ,
1206 2028 1254 2055 καὶ
1275 2027 1329 2054 τῶν
1347 2027 1380 2062 τῇ
1397 2025 1456 2060 θείᾳ
1474 2024 1632 2060 πρεπόντων
1655 2022 1749 2056 φύσει,

960 2075 1027 2102 Θεὸν
1049 2075 1113 2102 ὄντα
1129 2074 1175 2101 τὸν
1199 2073 1280 2100 αὑτὸν
1299 2073 1347 2099 καὶ
1365 2071 1508 2106 ἄνθρωπον
1533 2068 1750 2103 ὲπιγινὼσκουσι.

961 2122 1006 2148 τὸν
1022 2121 1095 2148 Υἱόν.
1114 2119 1193 2146 Ἀλλὰ
1210 2118 1265 2154 γὰρ
1289 2117 1438 2152 ὑγιαίνουσι
1456 2115 1506 2151 μὲν
1522 2115 1553 2142 οὐ
1566 2114 1750 2150 προσέρχεται

961 2166 1050 2200 λόγοις
1058 2173 1065 2180 ·
1075 2163 1264 2194 ἁπονενευκὼς
1275 2162 1303 2189 δὲ
1316 2161 1374 2188 λίαν
1386 2161 1427 2192 εἰς
1439 2159 1469 2186 τὸ
1481 2159 1600 2194 ὲξήνιον,
1612 2159 1752 2189 ἀσυνέτως

128 2219 189 2238 cum
212 2217 311 2246 praeter
333 2212 376 2239 illa
398 2220 458 2247 qua:
483 2213 563 2246 dixit,
590 2221 671 2241 unum
699 2214 840 2242 Dominum
867 2223 872 2241 I

1005 2210 1183 2248 ριαυτίζεται,
1206 2209 1253 2235 καὶ
1267 2208 1302 2235 τὰ
1317 2207 1391 2243 αὐτῷ
1408 2206 1456 2233 καὶ
1479 2205 1552 2241 μόνῳ
1568 2203 1700 2231 δοκοῦντά
1721 2212 1749 2229 τε

128 2264 214 2284 strum
226 2257 320 2285 Jesutn
335 2258 473 2286 Christum
494 2260 520 2286 in
536 2259 588 2287 duo
610 2259 745 2292 dividens,
767 2261 848 2287 etiam
865 2269 913 2287 no-

128 2306 214 2330 strum
228 2303 315 2338 ipsum
328 2303 449 2331 divinum
463 2304 621 2340 mysterium
633 2305 825 2339 calumniatur,
841 2305 868 2332 in
880 2313 913 2333 eo

128 2349 200 2383 quod
215 2354 321 2377 recusat
333 2350 473 2378 nobiseum
488 2351 623 2384 conﬁteri,
642 2351 781 2379 Christum
801 2359 854 2378 non
874 2352 912 2378 si-

130 2395 231 2423 militer
257 2400 339 2430 atque
359 2388 443 2424 unum
461 2404 477 2424 e
497 2397 601 2424 sanctis
622 2398 762 2431 prophetis
785 2403 831 2425 aut
846 2405 912 2433 apo-

129 2440 207 2466 stolis
219 2445 246 2467 et
260 2441 433 2475 evangelistis
448 2441 585 2468 Deiferum
601 2441 738 2468 hominem
754 2442 849 2474 fuisse,
867 2442 914 2469 sed

133 2485 214 2511 Deum
237 2485 371 2512 hominem
392 2487 505 2520 factum,
520 2494 552 2514 ac
568 2494 630 2514 vere
654 2487 831 2522 participasse
853 2495 914 2514 car-

132 2538 193 2557 nem
219 2535 246 2557 et
262 2531 432 2565 sanguinem.
452 2531 497 2558 Sic
518 2537 608 2559 autem
633 2540 739 2559 rursum
756 2532 835 2564 dixit,
852 2539 914 2559 cunt

133 2580 258 2610 tanquam
274 2584 307 2602 ex
323 2583 437 2610 persona
456 2576 557 2604 Christi
573 2578 652 2604 verba
669 2581 841 2612 proponeret:

964 2258 1010 2284 καὶ
1025 2254 1053 2283 εὖ
1068 2255 1139 2291 ἔχειν
1152 2253 1347 2289 ὑπειλημμὲνα
1363 2253 1472 2288 φρονεῖν
1486 2250 1570 2283 ἀξιοῖ.
1585 2249 1711 2277 Διόλλυσι
1723 2248 1752 2276 δὲ

964 2304 1011 2330 καὶ
1026 2303 1137 2338 ἐτέρους
1149 2300 1217 2336 πρὸς
1228 2298 1269 2331 οἷς
1282 2299 1336 2334 ἔφη
1349 2298 1452 2329 διῑστὰς
1465 2298 1505 2329 είς
1516 2296 1564 2324 δύο
1575 2295 1622 2322 τὸν
1635 2295 1684 2322 ἕνα
1697 2293 1754 2321 Κύ-

965 2358 1022 2385 ριον
1039 2347 1142 2383 Ἰησοῦν
1153 2347 1197 2374 τὸν
1211 2346 1339 2382 Χριστὸν,
1363 2344 1410 2371 καὶ
1434 2343 1500 2371 αὐτὸ
1522 2343 1553 2369 τὸ
1577 2342 1650 2369 θεῖον
1674 2341 1754 2376 ἡμῶν

966 2391 1141 2428 συκοφαντῶν
1162 2391 1322 2427 μυστήριον,
1345 2388 1400 2416 ἀπό
1417 2397 1449 2422 γε
1474 2386 1521 2414 τοῦ
1549 2386 1587 2422 μὴ
1608 2384 1755 2420 ἀνέχεσθαι

969 2440 1028 2475 μεθ’
1041 2439 1120 2475 ἡμῶν
1142 2437 1293 2473 ὁμολογεῖν,
1317 2436 1358 2462 ὃτι
1376 2435 1438 2461 καθ’
1452 2434 1500 2460 ἕνα
1516 2432 1571 2468 [τσ.
1585 2432 1627 2458 ὅτι
1644 2431 1676 2457 οὗ
1694 2430 1755 2457 καθ’

967 2485 1027 2521 ἕνα]
1051 2485 1105 2511 τῶν
1125 2483 1211 2517 ἁγίων
1237 2481 1396 2517 προφητῶν,
1421 2480 1505 2515 ἧγουν
1528 2477 1686 2505 ἀποστόλων
1708 2475 1756 2502 καὶ

967 2529 1167 2565 εὐαγγελιστῶν
1180 2529 1307 2564 θεοφόρος
1318 2526 1352 2563 ἢν
1365 2526 1412 2554 ἄνθ
1418 2533 1506 2561 ρωπος
1517 2524 1532 2550 ὁ
1545 2522 1662 2559 Χριστός
1672 2531 1679 2537 ·
1690 2521 1755 2552 Θεὸς

968 2576 995 2602 δὲ
1014 2575 1114 2610 μᾶλλον
1131 2574 1277 2609 γενόμενος
1299 2572 1452 2608 ἄνθρωπος,
1470 2568 1623 2605 μετέσχηκε
1638 2577 1668 2595 τε
1686 2566 1756 2594 κατά

133 2622 263 2660 ἀλήθειαν
276 2624 390 2658 αἵματος
412 2625 460 2651 καὶ
479 2626 590 2661 σαρκός.
604 2626 677 2660 Ἔφη
690 2626 718 2651 δὲ
734 2624 804 2651 οὕτω
819 2624 912 2658 πάλιν,
930 2623 967 2655 ὡς
982 2625 1014 2650 ἐκ
1029 2623 1175 2659 προσώπου
1190 2620 1307 2658 Χριστοῦ
1322 2618 1480 2655 παρατιθεὶς
1496 2616 1525 2644 τὸ
1538 2615 1630 2652 ῥητόν*

181 2702 192 2718 ³
206 2702 322 2738 Philipp.
341 2710 371 2736 ll,
384 2702 409 2729 8.
449 2703 471 2718 ⁸⁸
485 2701 494 2729 l
510 2703 580 2730 Tim.
591 2710 627 2735 τι,
641 2703 667 2730 ὅ.

764 2768 844 2797 ANT.
864 2765 1002 2796 AGELLll
1021 2763 1135 2792 NOTAE.

175 2849 230 2886 [26)
249 2849 329 2879 Deest
348 2851 471 2885 verbum,
487 2853 550 2886 puta
575 2849 639 2882 νόει,
652 2848 694 2876 vel
719 2846 858 2882 ὁμολόγει,
874 2845 916 2874 vel

410 2858 471 2885 .um,
487 2853 550 2886 puta
575 2849 639 2882 νόει,
652 2848 694 2876 vel
719 2846 858 2882 ὁμολόγει,
874 2845 916 2874 vel
935 2843 1035 2879 aliquid
1059 2841 1154 2871 simile.
