1886 3056
99 165 150 195 189

634 163 816 192 ADVERSUS
835 161 1035 190 NESTOIHUM
1057 160 1121 188 LIB.
1143 159 1188 188 IV.

1692 150 1743 178 iiii)

134 222 166 260 [ι
186 222 216 250 Ὀ
235 222 359 258 τρώγων
377 233 431 260 μου
450 224 499 260 τὴν
516 224 606 259 σάρκα
630 225 676 251 καὶ
692 223 777 250 πίνων
796 232 847 258 μου
871 231 884 249 ς

989 220 1126 256 [Νεετοη.
1149 228 1158 245 ε
1173 217 1224 252 Qui
1238 215 1385 244 manducat
1397 219 1486 241 meam
1502 217 1622 242 carnem,
1635 214 1660 235 et
1673 209 1741 235 ιιὶιιίι

101 268 180 303 αἷμα.
200 269 230 295 ἐν
247 269 315 305 ἐμοὶ
334 270 426 305 μένει,
442 270 519 304 κάγὼ
536 271 564 297 ἐν
582 270 666 305 αὐτῷ.
681 280 690 296 ι
707 269 902 305 Μνημόνευσον

102 316 141 342 ὅτι
153 314 280 350 περὶτῆς
293 315 401 351 σαρκὺς
413 315 445 342 τὸ
454 315 609 351 λεγόμενον.
624 325 633 342 ι
648 315 746 346 Καθὼς
758 313 902 342 ἀπέστειλέ

104 368 136 394 με
149 359 164 385 ὁ
181 358 236 391 ζῶν
253 359 367 395 Πατὴρ,
378 369 388 387 ι
408 360 460 395 ἐμὲ
473 360 520 387 τὸν
535 360 709 395 φαινόμενον.
727 359 798 386 Ἀλλ’
814 359 901 386 ἐνίοτε

102 405 320 440 παρεομηνεὺω.
342 405 521 442 ’Δχούσωμεν
545 407 579 433 ὲκ
603 406 658 433 τῶν
684 406 758 441 ἑξῆς.
777 414 786 432 ι
802 404 902 436 Καθὼς

102 450 247 478 ἀπέστειλέ
265 460 302 487 με
313 452 329 477 ὁ
345 452 401 484 ζῶν
418 453 524 488 Πατήρ·
538 461 546 478 ι
564 453 667 483 ἐκεῖνος
682 451 758 486 λέγει
776 450 826 486 τὴν
842 450 902 477 θεό⁵

100 503 179 529 τητα,
201 494 260 529 ὲγὼ
278 495 330 531 τὴν
349 496 560 532 ἀνθρωπότητα.
578 496 691 531 Ἰδωμεν
707 496 749 528 τίς
763 497 777 522 ό
793 503 898 531 παρερο

102 540 239 575 μηνεὺων.
256 541 346 575 Λέγει
365 542 379 568 ὁ
395 542 533 578 αἱρετικὸς
553 542 670 569 ἐνταῦθα
692 541 741 578 τὴν
765 541 898 576 θεότητα·

98 586 264 615 ἀπέστειλεν
280 588 333 623 ἐμὲ
349 588 397 614 τὸν
411 588 477 615 Θεὸν
494 589 596 623 Λόγον·
613 598 624 614 ‹
636 587 736 619 Καθὼς
755 586 899 614 ἀπέστειλέ

99 641 134 667 με
146 633 162 659 ὁ
180 632 237 665 ζῶν
261 633 372 670 Πατὴρ,
389 643 398 660 ι
412 635 473 661 κατ’
488 635 590 662 ἐκεῖνον
607 644 616 660 ι
629 634 707 668 κάγὼ
717 634 766 666 ζῶ,
779 643 788 659 ι
805 634 820 660 ὁ
833 633 899 664 Θεὸς

96 677 185 712 Λόγος
203 687 213 703 ι
229 678 280 706 διὰ
294 679 342 706 τὸν
362 680 483 715 Πατέρα.
500 690 509 706 ι
522 678 589 707 Εἶτα
601 680 670 715 μετὰ
682 679 776 706 τοῦτο·
795 689 803 705 ι
816 679 871 706 Καὶ
884 679 899 706 ό

94 724 213 759 ⁴τρώγων
230 734 280 760 με,
295 726 425 758 κάκεῖνος
446 727 568 759 ζήσεται.
581 735 592 752 ι
613 726 680 753 Τίνα
697 725 833 761 ἐσθίομεν,
848 725 898 762 τὴν

93 769 224 804 θεότητα,
241 771 260 806 ἢ
276 771 329 807 τὴν
346 771 474 808 σᾶρκας]

407 925 533 953 ΚΕΦᾹΛ.
549 926 586 953 Δ’.

127 991 228 1025 Μάνην
240 991 276 1026 δὴ
290 988 339 1018 οὖν
354 991 523 1018 ἀπεστάλθαι
539 991 588 1027 τὴν
604 991 693 1026 σάρκα
711 991 773 1026 φὴς.
789 992 835 1018 καὶ
847 992 895 1018 αὐ-

92 1036 144 1072 τὴν
161 1034 236 1063 εἶναι
260 1037 429 1069 διαϐεϐαιοῖς
453 1037 499 1063 τὸν
525 1037 704 1072 φαινόμενον·
732 1038 838 1073 ἁπόγρη
862 1038 894 1073 δὴ

95 1081 143 1110 οὖν
167 1083 218 1109 καὶ
241 1083 328 1114 μόνον
355 1083 422 1118 ἡμῖν
444 1084 483 1115 εἰς
499 1083 529 1110 τὸ
551 1083 680 1110 δύνασθαι
702 1083 845 1115 ζωοποιεῖν
864 1084 895 1110 εδ

97 1129 209 1164 θανάτῳ
227 1129 461 1164 τυραννούμενον.
474 1129 506 1156 ΤΞ
525 1126 572 1155 οὖν
590 1129 619 1155 αἱ
640 1129 811 1156 θεόπνευστοι
823 1129 895 1165 Γρα-

98 1175 147 1208 ᾳαὶ
174 1174 335 1210 ραψωδοῦσι
354 1174 444 1210 μάτην
465 1174 553 1209 σάρκα
570 1173 696 1208 γενέσθαι
711 1174 756 1200 τὸν
770 1174 803 1200 ὲκ
826 1174 894 1201 Θεοῦ

100 1219 208 1255 [ἰατρὸς
223 1220 324 1253 Λόγον,
348 1220 405 1247 ἄνω
425 1228 455 1246 τε
474 1219 521 1246 καὶ
544 1220 620 1246 κάτω
645 1219 892 1254 διισχυριζόμεναις

99 1264 168 1291 Ποία
188 1265 244 1300 γὰρ
261 1264 331 1296 ὅλως
350 1264 449 1298 γένοιτ’
461 1264 494 1291 ἃν
510 1263 555 1291 τοῦ
572 1264 659 1297 Λόγου
677 1263 766 1299 χρεία,
780 1264 832 1298 τῆς
845 1264 894 1291 ἁν-

99 1310 242 1344 θρωπίνης
268 1310 377 1344 φύσεως
402 1309 568 1345 ἀποχρώσης
586 1310 662 1345 ἡμῖν,
686 1310 738 1336 κᾶν
759 1310 783 1336 εξ
807 1311 894 1336 νοοῖτο

100 1356 169 1390 μόνη
186 1356 236 1382 καὶ
252 1355 314 1382 καθ’
336 1355 447 1391 ἑαυτὴν,
464 1355 504 1387 εἷς
524 1364 555 1390 γε
566 1356 596 1382 τὸ
606 1355 735 1383 δύνασθαι
752 1357 892 1392 καταργῆ-

99 1410 146 1427 σαι
166 1402 293 1432 θάνατον,
310 1401 357 1428 καὶ
372 1401 403 1428 τὸ
418 1401 468 1435 τῆς
483 1401 586 1436 φθορᾶς
603 1400 758 1436 παραλῦσαι
773 1402 890 1436 κράτοςς

100 1444 155 1470 Καὶ
171 1443 254 1479 εἴπερ
268 1444 352 1477 ἐστὶν,
368 1444 462 1480 ὥσπερ
476 1444 522 1471 οὖν
534 1445 584 1471 οἴει
598 1445 646 1471 καὶ
661 1444 782 1478 δοξάζειν
795 1445 891 1478 ἀξιοῖς,

98 1490 148 1524 οὐχ
162 1491 178 1516 ὁ
193 1490 261 1521 Θεὸς
282 1490 368 1525 Λόγος
383 1490 398 1516 ό
413 1490 619 1526 ἀπεσταλμένος
635 1490 679 1516 διὰ
698 1490 744 1516 τοῦ
766 1491 891 1524 γενέσθαι

100 1535 162 1562 καθ’
173 1537 260 1570 ἡμᾶς,
280 1536 348 1572 μόνη
366 1536 404 1569 δὲ,
420 1537 458 1568 ὡς
474 1537 553 1572 ἔφης,
571 1537 739 1564 ἀπέσταλται
754 1537 829 1572 παρὰ
844 1537 890 1564 τοῦ

100 1582 209 1616 Harpe;
220 1583 238 1616 ἡ
254 1582 405 1617 φαινομένη
420 1582 497 1618 σὰρξ,
514 1583 572 1614 πῶς
586 1584 635 1618 οὐχ
649 1583 751 1610 ἅπασιν
764 1583 888 1619 ἐναργὲς,

97 1627 138 1653 ὅτι
160 1627 290 1663 σώματος
314 1628 497 1663 ἀνθρωπίνου,
522 1630 570 1655 καὶ
591 1630 645 1656 τῶν
670 1629 812 1665 ἡμετέρων
830 1632 889 1657 κατ’

98 1673 195 1700 οὖδένα
209 1673 350 1704 παντελῶς
365 1673 466 1708 τρόπον
482 1674 511 1700 ἐν
529 1674 635 1709 μεθέξει
651 1675 804 1710 γεγόναμεν
820 1676 888 1710 (27);

101 1719 162 1750 "Et;
179 1716 227 1745 οὖν
239 1719 268 1745 ἑν
282 1718 387 1755 ἑτέροις
402 1719 528 1755 διαγελᾷς
541 1720 604 1752 τοὺς
617 1717 667 1747 ὧδε
683 1721 887 1759 διακειμένους;

97 1766 167 1800 ἔφης
183 1765 239 1800 γὰρ
256 1765 338 1792 πάλιν
351 1774 360 1782 -

132 1811 223 1847 [Ἐρῶ
239 1811 268 1838 δὲ
277 1812 325 1838 καὶ
341 1811 388 1839 τοῦ
400 1812 548 1839 σκανδάλου
567 1813 608 1840 τὰ
618 1815 743 1850 ῥήματα·
758 1815 822 1850 περὶ
838 1817 888 1851 τῆς

96 1856 202 1888 ninia;
227 1856 328 1892 σαρκὸς
350 1857 365 1882 ὁ
387 1856 524 1892 Δεσπότης
546 1858 669 1893 Χριστὸς
691 1860 759 1894 πρὸς
788 1860 888 1892 αὐτοὺς

96 1901 250 1936 διελέγετο·
272 1910 282 1928 ‹
294 1901 357 1928 Ἐὰν
373 1902 410 1938 μὴ
426 1902 541 1938 φάγητε,
558 1904 635 1939 φησὶ,
657 1904 708 1939 τὴν
729 1905 819 1941 σάρκα
840 1906 886 1932 τοῦ

98 1947 163 1974 Tia-3
184 1947 232 1974 τοῦ
249 1947 406 1984 ἀνθρώπου,
427 1949 474 1976 καὶ
498 1949 577 1985 πίητε
590 1950 673 1977 αὑτοῦ
689 1951 720 1977 τὺ
735 1949 814 1986 αἷμα,
837 1952 887 1979 οὐκ

97 1993 171 2028 ἔχετε
187 1993 260 2028 ζωὴν
272 1994 302 2020 ἐν
317 1994 424 2026 ἑαυτοῖς
434 2002 442 2010 ·
454 2003 464 2021 ›
488 1995 538 2021 οὐκ
551 1995 670 2030 ἤνεγκαν
688 1995 720 2022 τὸ
741 1996 796 2023 τῶν
808 1996 886 2031 λεγο-

99 2041 187 2074 μὲνων
203 2039 307 2075 ὑψηλὸν
328 2040 352 2067 οἱ
368 2039 543 2073 ἀκούσαντες,
560 2040 684 2076 ἐνόμιζον
701 2041 753 2069 ὑπὸ
767 2041 887 2078 ἀμαθίας

97 2085 327 2121 ἀνθρωποφαγίαν
347 2085 499 2121 εἱσάγειν.]

395 2153 520 2180 ΚΕΦΑΛ.
547 2153 567 2179 Ε
577 2173 584 2180 .

131 2207 197 2236 Εἶτα
207 2209 269 2241 πῶς
279 2209 310 2236 τὸ
324 2209 419 2244 χρῆμά
427 2209 500 2236 ἐστιν
511 2209 562 2236 οὐκ
573 2210 692 2246 ἐναργὴς
706 2210 886 2247 ἀνθρωποφα-

97 2254 158 2287 γίσς
181 2254 245 2281 τινα
257 2254 286 2280 δὲ
297 2254 398 2289 τρόπον
415 2253 515 2289 ὑψηλὸν
530 2254 613 2281 ἔτιτὸ
629 2255 788 2291 μυστήριον,
806 2257 831 2283 εἰ
847 2257 884 2293 μὴ

97 2299 264 2326 ἀπεστάλθαι
277 2299 368 2334 φαμὲν
381 2299 427 2325 τὸν
437 2299 470 2325 ὲκ
482 2298 549 2326 Θεοῦ
558 2299 665 2335 Πατρὸς
677 2300 773 2335 Λόγον,
785 2302 831 2328 καὶ
840 2301 887 2329 τόν

97 2353 128 2378 γε
153 2345 199 2380 τῆς
219 2344 375 2379 ἀποστολῆς
401 2345 502 2380 τρόπον
524 2345 709 2381 ὁμολογοῦμεν
740 2344 810 2374 εἶναι
837 2347 887 2383 τὴν

97 2389 321 2426 ἐνανθρώπησινς
339 2390 408 2417 Τότε
428 2389 482 2426 γὰρ
502 2391 564 2418 τότε
586 2391 795 2427 καταθρὴσομεν
819 2392 888 2425 ζωο-

99 2437 183 2462 ποιεῖν
196 2436 343 2470 ἰσχύουσαν
358 2436 410 2471 τὴν
420 2435 568 2463 ἐνωθεῖσαν
582 2436 656 2472 αὐτῷ
668 2437 768 2473 σάρκα,
778 2437 826 2465 καὶ
838 2437 887 2474 οὐχ

99 2482 188 2516 ἐτέρου
207 2482 309 2517 σάρκα,
334 2481 407 2517 πλήν
424 2481 465 2508 ὅτι
484 2482 595 2516 γέγονεν
615 2482 668 2509 ἰδία
682 2483 730 2510 τοῦ
744 2483 777 2510 τὰ
797 2484 887 2511 ’πάντα

99 2530 236 2561 ζωοποιεῖν
265 2528 415 2564 ἰσχύοντος.
440 2528 472 2554 Εἰ
495 2528 550 2564 γὰρ
570 2528 601 2555 τὸ
627 2529 683 2565 πῦρ
696 2529 727 2564 δὴ
754 2529 832 2557 τοῦτο
855 2530 886 2556 τὸ

100 2574 222 2610 uiuet:th
238 2574 287 2610 τῆς
308 2573 424 2610 ἐνούσης
446 2574 520 2609 αὒτῷ
541 2574 659 2610 φυσικῆς
677 2574 818 2610 ἐνεργείας
837 2574 886 2611 τὴν

129 2649 240 2679 "Joan.
260 2658 301 2685 v1,
317 2651 365 2679 57.
402 2651 427 2667 "
445 2650 512 2684 ibid,
524 2650 571 2678 58.
607 2651 629 2667 ⁵⁷
649 2651 704 2680 ibid
727 2674 730 2678 .
754 2652 777 2668 ⁸⁸
794 2652 865 2691 ίῢίῴ
879 2652 924 2680 54.

953 255 1043 294 meum
1061 264 1233 300 sanguinem,
1250 262 1278 290 in
1302 268 1345 288 me
1358 264 1460 291 manet,
1474 263 1501 285 et
1514 265 1565 292 ego
1577 256 1603 283 in
1625 262 1658 282 eo
1669 255 1710 282 ’δε
1728 264 1738 280 ι

952 317 1088 340 memento
1104 311 1138 338 de
1158 309 1230 337 illius
1251 314 1335 336 carne
1357 313 1418 333 esse
1444 310 1609 332 sermonem.
1637 310 1648 327 ι
1664 300 1740 328 Sicut

952 358 1026 385 misit
1042 364 1085 385 me
1104 356 1199 383 vivens
1216 354 1297 382 Pater
1306 353 1342 385 ³⁸,
1358 364 1368 378 ι
1391 358 1434 378 me
1453 348 1597 377 visibilem.
1619 348 1653 374 At
1665 346 1739 374 enim

952 410 1145 438 nonnunquam
1159 404 1257 437 praeter
1269 398 1431 427 sententiam
1450 395 1630 429 interpretor:
1646 392 1740 419 audia-

951 456 1011 476 mtts
1035 447 1176 484 sequentia
1193 455 1199 474 :
1218 455 1227 472 ι
1242 445 1319 473 Sicut
1337 443 1412 470 misit
1436 448 1478 469 mc
1495 440 1588 467 vivens
1610 439 1707 470 Pater;
1725 445 1736 463 ι

951 495 996 522 ille
1022 495 1219 530 interpretatur
1244 491 1423 521 divinitatem,
1448 495 1498 522 ego
1525 485 1734 514 humanitatem.

949 540 1096 568 Videamus
1117 539 1242 573 quisnam
1264 541 1363 571 prattcr
1384 532 1548 562 sententiam
1574 531 1736 565 interprete-

950 591 1004 613 tur.
1033 585 1104 612 Dicit
1125 584 1276 619 haereticus
1302 582 1352 609 ltoc
1390 578 1654 614 loco,divinitatem.
1682 574 1734 602 Μίς

948 631 984 659 sit
1005 639 1059 663 me,
1083 631 1170 664 ipsum
1196 629 1281 656 Deum
1308 627 1435 655 Verbum.
1464 634 1474 651 ι
1491 624 1568 652 Sicut
1591 622 1665 650 misit
1691 628 1736 648 me

950 677 1044 705 vivens
1063 677 1153 708 Pater,
1170 685 1180 702 ι
1198 674 1311 711 perinde
1328 677 1409 707 atque
1432 671 1477 699 ille
1490 675 1517 698 et
1544 679 1553 695 ι
1569 676 1619 704 ego
1634 668 1704 701 vivo,
1722 676 1732 693 ι

950 724 1021 751 Deus
1048 722 1180 753 Verbtttn,
1202 730 1212 746 ι
1232 725 1342 755 propter
1363 718 1480 745 Patrem.
1499 726 1508 742 ι
1534 715 1634 743 Deinde
1657 717 1734 749 post-

947 771 1027 798 haec:
1045 777 1055 796 ι
1071 767 1103 795 Ει
1124 767 1170 802 qui
1194 765 1340 793 manducat
1363 771 1425 796 nte,
1454 767 1482 790 et
1505 762 1561 796 ipse
1585 761 1658 788 vivet
1667 760 1704 792 ⁸⁷;
1718 768 1729 785 ι

947 821 1028 849 quem
1051 813 1160 841 tandem
1182 811 1388 843 manducamus,
1410 807 1590 838 divinitatem,
1611 813 1644 833 an
1671 812 1731 833 car-

946 867 1007 888 nem
1018 858 1049 895 ?]

1271 923 1348 952 CAP.
1370 921 1415 950 IV.

981 996 1071 1024 Solam
1089 1003 1153 1031 ergo
1167 994 1277 1022 missam
1291 993 1375 1021 fuisse
1390 999 1499 1019 carnem
1510 991 1588 1023 dicis,
1602 995 1629 1017 et
1644 990 1730 1024 ipsam

944 1049 1005 1070 esse
1019 1041 1122 1069 asseris
1138 1049 1199 1068 eutn
1218 1041 1265 1076 qui
1282 1038 1408 1067 videtur?
1427 1038 1499 1065 Satis
1511 1041 1552 1065 est
1569 1044 1633 1071 ergo
1648 1035 1730 1062 etiam

946 1088 972 1116 id
990 1087 1077 1115 solum
1091 1086 1168 1114 nobis
1185 1086 1218 1113 ad
1236 1083 1425 1113 viviﬁcandant
1446 1087 1569 1110 naturam
1589 1081 1731 1116 tyrannide

945 1133 1039 1161 mortis
1058 1138 1228 1167 Oppressam.
1252 1131 1322 1164 Quid
1345 1137 1410 1165 ergo
1433 1128 1530 1156 divinae
1549 1127 1658 1154 Litterae
1674 1126 1731 1152 rru-

943 1185 1000 1207 stra
1021 1178 1159 1211 occinunt,
1178 1178 1241 1205 dum
1263 1184 1372 1204 carnem
1401 1175 1506 1202 factum
1525 1174 1611 1208 ipsum
1627 1179 1659 1198 ex
1675 1171 1730 1199 Deo

944 1224 1024 1252 Patre
1050 1223 1180 1256 Verbttm,
1203 1230 1310 1250 sursum
1333 1223 1459 1249 deorsum
1486 1219 1642 1247 afﬁrmant?
1664 1219 1730 1252 Quis

943 1269 1015 1297 enim
1039 1276 1152 1303 prorsus
1174 1267 1257 1295 Verbi
1275 1266 1356 1294 fuerit
1377 1274 1452 1299 usus,
1473 1265 1495 1293 si
1515 1265 1592 1293 nobis
1612 1265 1728 1291 humana

942 1319 1051 1346 natura,
1064 1312 1172 1340 etiamsi
1189 1312 1244 1339 sola
1261 1316 1287 1339 ct
1301 1319 1348 1346 per
1360 1319 1390 1339 se
1401 1311 1545 1345 cogitetur,
1561 1310 1627 1337 satis
1639 1315 1680 1336 est
1695 1310 1728 1335 ad

942 1365 1056 1387 mortem
1082 1358 1273 1386 destruendam
1310 1363 1338 1385 et
1376 1357 1559 1391 corruptionis
1585 1355 1728 1390 imperium

941 1404 1137 1433 evertcndum?
1148 1404 1186 1431 Ac
1199 1403 1237 1436 si,
1254 1408 1284 1430 ut
1301 1408 1394 1437 ptttas,
1403 1407 1430 1430 et
1443 1403 1614 1430 sentiendum
1623 1410 1727 1434 censes,

942 1451 1041 1478 missus
1064 1455 1105 1477 est
1131 1457 1185 1477 non
1211 1450 1268 1484 ipse
1293 1449 1364 1476 Deus
1385 1449 1515 1480 Verbum,
1535 1455 1568 1476 co
1591 1448 1662 1482 quod
1687 1452 1729 1475 est

942 1497 1027 1524 nostri
1043 1496 1130 1523 simile
1142 1495 1253 1527 factum,
1266 1495 1312 1522 sed
1324 1494 1391 1526 sola,
1405 1499 1434 1521 ut
1447 1494 1550 1526 dixisti,
1567 1495 1648 1521 missa
1660 1499 1702 1520 est
1713 1502 1728 1520 a

945 1543 1025 1578 109
1042 1542 1123 1569 Patre
1142 1549 1207 1569 caro
1225 1540 1351 1573 visibilis,
1372 1540 1506 1575 quomodo
1519 1548 1570 1567 non
1588 1539 1624 1567 sit
1636 1539 1727 1566 omni-

943 1591 992 1616 lms
1005 1589 1189 1624 perspicuum,
1213 1588 1322 1615 ltttmani
1339 1588 1462 1622 corporis
1477 1587 1727 1622 proprietatumque

941 1638 1093 1660 nostrarum
1110 1633 1184 1660 nullo
1198 1639 1308 1667 prorsus
1323 1632 1403 1659 modo
1420 1631 1651 1666 participationem
1670 1630 1726 1657 ha—

940 1678 1118 1707 lmisse?Cur
1142 1685 1206 1713 ergo
1224 1677 1287 1705 alibi
1314 1678 1412 1704 irrides
1428 1684 1475 1704 eos
1496 1679 1541 1712 qtti
1568 1677 1594 1704 in
1614 1683 1645 1704 ea
1663 1679 1726 1703 sunt

939 1725 1088 1760 opinione?
1101 1733 1162 1752 nam
1181 1723 1271 1752 dixisti
1289 1731 1395 1751 rursuttt
1414 1732 1422 1750 :

974 1813 1116 1849 [Νεετοῐι.
1132 1812 1223 1840 Dicam
1248 1814 1328 1840 etiam
1355 1811 1426 1838 illius
1440 1810 1558 1838 scandali
1581 1810 1678 1843 verba;
1691 1811 1726 1838 de

938 1867 985 1886 sua
1004 1866 1085 1886 carne
1110 1859 1239 1886 Dominus
1254 1858 1378 1885 Christus
1394 1864 1457 1884 cum
1480 1856 1532 1883 illis
1549 1857 1698 1884 disserebat
1714 1865 1723 1885 :

940 1913 950 1931 ‹
967 1904 1023 1931 Nisi
1039 1903 1276 1934 maudueaveritis,
1289 1903 1384 1938 inquit,
1402 1910 1512 1930 carnem
1524 1901 1583 1929 Filii
1595 1902 1724 1936 hominis,

937 1953 964 1976 et
988 1948 1110 1976 biberitis
1136 1949 1194 1983 ejus
1216 1948 1394 1984 sanguinem,
1411 1954 1464 1975 non
1489 1947 1620 1974 habebitis
1641 1947 1723 1974 vitam

937 1994 964 2021 itt
979 1994 1054 2022 vobis
1063 1994 1098 2021 ⁸⁸.
1119 2003 1129 2020 ι
1146 1994 1296 2022 Verborutn
1310 1995 1500 2022 sublimitatem
1512 1993 1557 2027 qui
1572 1993 1724 2026 audierant,

937 2048 990 2067 nou
1010 2040 1128 2067 tulerunt
1142 2048 1149 2066 :
1166 2042 1295 2075 putabant
1307 2048 1341 2068 ex
1357 2040 1462 2068 inscitia
1473 2058 1481 2067 .
1499 2038 1573 2066 illum
1603 2040 1719 2067 authro-

936 2085 1098 2121 pophagiam
1111 2086 1235 2114 suadere.
1255 2085 1266 2122 ]

1266 2153 1342 2182 CAP.
1361 2154 1390 2182 V.

970 2210 1052 2245 Atqui
1063 2217 1095 2238 ea
1113 2217 1156 2238 res
1169 2211 1303 2245 quomodo
1319 2219 1372 2239 non
1389 2216 1463 2239 certa
1475 2212 1511 2239 sit
1522 2211 1723 2247 anthropopha-

937 2257 978 2292 gia
989 2256 1001 2283 ’ἶ
1014 2264 1068 2291 quo
1082 2263 1146 2284 vero
1161 2256 1240 2284 modo
1253 2256 1369 2285 sublime
1381 2257 1469 2284 adltuc
1479 2257 1532 2285 erit
1543 2257 1606 2284 illud
1621 2263 1723 2293 myste-

935 2302 1023 2334 rium,
1042 2302 1064 2330 si
1088 2310 1140 2330 non
1167 2303 1252 2338 ipsum
1283 2310 1315 2331 ex
1335 2303 1390 2330 Deo
1415 2302 1497 2331 Patre
1523 2302 1641 2332 Verbum
1660 2311 1722 2331 esse

935 2349 1047 2376 missum
1071 2348 1238 2380 dixerimus,
1257 2353 1284 2376 et
1307 2348 1443 2376 missionis
1469 2349 1577 2376 modum
1603 2348 1721 2376 confessi

939 2395 1071 2423 fuerimus
1089 2403 1150 2423 esse
1181 2395 1267 2430 ipsam
1296 2395 1516 2423 humanationem
1534 2395 1546 2421 ?
1561 2393 1629 2420 Tum
1648 2394 1720 2421 enim

934 2440 1085 2467 videbimus
1103 2439 1257 2468 viviﬁcandi
1278 2441 1332 2468 vim
1359 2441 1460 2468 habere
1476 2440 1579 2467 unilam
1595 2439 1646 2474 ipsi
1657 2446 1719 2465 car—

934 2493 1014 2518 nem,
1036 2491 1063 2513 et
1085 2493 1137 2513 non
1163 2486 1278 2514 alterius
1309 2493 1438 2519 carnem,
1453 2485 1500 2513 sed
1526 2485 1624 2513 factam
1648 2484 1721 2511 illius

934 2530 1089 2566 propriam,
1108 2531 1152 2565 qui
1184 2531 1274 2558 omnia
1306 2531 1443 2558 vivilicare
1474 2535 1572 2565 potest.
1603 2530 1670 2557 Nam
1696 2530 1720 2558 si

934 2576 1005 2611 ignis
1024 2576 1069 2604 hic
1090 2576 1225 2604 sensibilis
1246 2577 1298 2604 vim
1318 2583 1374 2605 sua:
1399 2577 1528 2605 naturalis
1552 2577 1720 2612 operationis

722 2727 802 2756 ANT.
822 2728 960 2756 AGELLII
979 2728 1093 2757 ΝΟΤέΕ.

130 2802 180 2837 (3'1)
203 2801 384 2836 Coujeceram
411 2800 539 2840 γέγονενς
561 2800 607 2840 sed
632 2800 736 2840 videtur
767 2800 878 2840 mutilus

966 2810 1028 2840 ρῳν,
1045 2800 1139 2840 τῶν-δὲ
1153 2802 1296 2840 θειοτέρων
1310 2804 1370 2830 κατ’
1384 2804 1479 2831 οὐδένα
1503 2804 1641 2836 παντελῶς
1655 2805 1717 2840 τρό-

104 2835 212 2865 Ιοοιιεέι
236 2835 404 2870 corruptus;
432 2837 527 2863 deesse
552 2837 622 2863 enim
649 2835 754 2862 videtur
775 2835 877 2868 aliquid

103 2874 159 2909 quod
175 2869 369 2909 pertineat’ad
383 2870 463 2899 Verbi
483 2874 656 2904 uaturam,ut
673 2870 719 2897 καὶ
738 2869 792 2898 τῶν
809 2871 876 2905 ἠμει-

930 2838 1026 2900 πένηέν
1035 2836 1152 2899 Νμεθέξῑι
1176 2836 1326 2873 γεγόναμεν
1339 2847 1345 2854 ·
1367 2840 1409 2868 vel
1434 2840 1481 2867 τοῦ
1503 2840 1530 2867 δὲ
1544 2840 1612 2868 Θεοῦ
1627 2836 1715 2875 Λόγου

930 2881 946 2898 κ
969 2881 980 2898 ἶ
1002 2880 1103 2900 (Ιυοὶνῖιι
1120 2881 1133 2900 C
1148 2881 1171 2900 (ἱ.

930 2880 980 2900 21:
1002 2880 1103 2906 ουοενκ,
1120 2880 1171 2900 ctc.
