1886 3056
145 143 193 172 NI

640 139 669 166 S.
690 137 829 166 ογιιιιιι
849 136 1085 166 ALEXANDRINI
1103 136 1262 165 ARClllEP.

1728 137 1779 165 l9!

145 202 170 228 iu
200 197 328 226 materias
351 196 470 224 immittit
496 195 528 223 ad
545 202 612 230 quas
631 196 794 228 accesserit,
819 195 886 223 adeo
906 200 936 222 ut

1019 203 1100 230 ναμιν
1115 196 1174 226 ταῖς
1192 194 1268 226 ὕλαις
1281 194 1385 229 ἐνίησιν
1397 191 1440 225 αἷς
1453 194 1486 221 ἄν
1499 195 1620 228 φαίνοιτο
1643 202 1778 229 προσομι-

144 251 240 280 aquam
258 245 344 279 ipsam
370 242 476 270 tametsi
501 249 533 268 ex
550 247 646 268 natura
672 249 721 268 sua
745 241 889 276 frigidam,
902 241 936 267 ad

143 291 302 326 qualitatem
317 297 378 323 qua:
399 293 495 323 prteter
509 293 631 314 naturam
647 287 730 321 ipsius
743 290 784 314 est
794 306 802 318 ,
821 285 937 313 transfe-

145 340 198 368 rat,
212 340 240 363 et
261 335 376 363 calidam
399 334 480 361 faciat
496 342 506 366 ;
523 333 587 367 quid
606 332 720 364 mirum,
741 339 828 367 quove
857 331 936 359 modo

145 381 302 409 incredibile
318 380 457 410 videatur,
470 379 491 406 si
504 380 590 411 ipsum
605 385 639 405 ex
654 376 709 405 Deo
724 376 803 404 Patre
819 376 936 404 Verbum

146 435 208 454 enm
226 427 262 454 sit
274 427 331 461 ipsa
357 426 411 453 vita
427 425 574 452 secundum
599 429 733 456 naturam,
751 431 861 450 carnem
886 422 936 450 sibi

146 473 249 499 nnitam
259 471 393 498 viviﬁcatu
409 470 526 498 reddidit
540 470 553 497 ?
566 469 673 505 propria
686 477 802 504 namque
815 469 873 504 ejus
884 474 936 502 est,

145 522 174 544 et
190 524 242 544 non
254 516 368 543 alterius
380 514 529 550 cuiuspiam
544 515 577 542 ab
587 522 620 543 eo
631 514 742 547 diversi,
761 510 934 549 qui‘seorsim

147 562 311 597 intelligatur
321 581 329 593 ,
345 566 372 589 et
386 561 587 588 uttiusenostro
602 568 714 588 numero
725 560 852 588 hominis.
869 561 936 588 Curti

147 612 237 634 autem
255 607 289 634 ab
309 606 351 633 illa
367 614 428 634 cum
443 613 556 641 corpore
573 606 686 642 mystica
705 613 822 641 veraque
838 607 938 633 unione

147 654 282 680 vivilicum
295 652 340 680 Dei
350 651 466 679 Verbum
477 652 637 686 segregaris,
649 655 676 678 et
686 651 938 686 ortminodisjunxe~

149 699 196 732 ris,
207 699 341 734 quomodo
353 699 439 734 ipsum
451 705 549 731 corpus
558 696 645 723 adhuc
654 694 789 724 viviilcum
802 697 940 723 ostendes?

148 745 215 778 Quis
230 753 310 779 porro
325 744 369 771 ille
382 748 424 772 est
438 744 484 778 qui
501 743 567 770 dicit
581 750 588 767 ε
607 751 616 768 ι
634 742 684 775 Qui
698 742 841 769 manducat
851 750 937 769 tneain

148 797 274 823 carnem,
290 795 318 817 et
329 789 398 817 bibit
414 796 503 816 meum
528 788 686 822 sanguinem
700 808 708 821 ,
728 786 754 814 itt
770 795 813 815 me
836 793 937 819 manet,

148 840 176 862 et
196 843 246 870 ego
271 835 297 863 in
319 836 372 863 eo?
388 845 397 861 ι
418 834 485 862 Nam
505 835 528 862 si
552 834 633 862 ltomo
659 833 792 869 quispiam
812 834 936 866 seorsini,

149 886 240 908 etnon
260 881 349 916 potius
366 881 453 915 ipsum
469 880 515 907 Dei
532 880 647 907 Verbum
669 880 771 907 factum
790 884 831 907 est
851 880 939 907 simile

151 927 238 959 nobis,
257 935 300 955 res
316 927 373 962 ipsa
389 935 449 961 qua:
460 925 572 962 geritur.
589 926 822 961 antltropophagia
834 926 897 958 crit,
913 931 938 953 et

151 972 252 999 inutilis
267 973 379 1000 omnino
397 972 442 998 illa
460 971 640 1005 participatio.
665 970 753 1005 Ipsum
768 971 840 998 enim
860 971 939 998 Chri-

151 1023 221 1044 smtu
233 1018 365 1044 dicentem
374 1017 455 1044 audio
468 1026 475 1044 :
490 1026 499 1043 ι
511 1016 582 1044 Caro
595 1024 647 1044 non
660 1016 769 1051 prodest
779 1016 938 1051 quidquam,

151 1064 312 1098 spiritusest
331 1063 377 1098 qui
389 1063 506 1090 viviﬁcat
519 1062 543 1079 "
556 1063 590 1090 ὀ.
611 1071 620 1088 ι
640 1062 719 1096 Quod
742 1063 813 1090 enim
829 1063 863 1090 ad
881 1062 940 1098 ejus

151 1114 274 1137 naturain
297 1110 411 1140 attinet.
423 1108 607 1144 corruptibilis
630 1108 738 1144 quidem
760 1113 801 1136 est
816 1116 880 1137 caro
891 1129 900 1142 ,
914 1113 941 1137 et

152 1154 225 1182 nullo
241 1155 320 1181 modo
333 1154 480 1182 viviﬁcabit
497 1154 578 1186 alios,
596 1162 657 1182 cum
685 1154 847 1183 intrinsecus
864 1155 940 1191 (9.8)

151 1201 332 1235 corruptionis
357 1202 451 1228 morbo
482 1202 596 1229 laboret.
626 1201 738 1235 Quodsi
754 1210 852 1238 corpus
877 1211 939 1238 pro-

154 1247 242 1280 prium
263 1255 323 1274 esse
350 1247 434 1280 ipsius
463 1247 540 1274 Verbi
560 1246 721 1281 dieis,quid
736 1253 889 1282 portentose
910 1256 941 1276 ac

153 1296 255 1319 temere
272 1293 390 1328 loqueris
401 1314 410 1327 ,
429 1299 510 1328 atque
525 1294 666 1322 contendis
679 1301 733 1321 non
746 1301 806 1322 esse
829 1295 940 1322 missum

153 1339 239 1371 ipsum
265 1347 296 1366 es
321 1340 375 1367 Deo
400 1339 480 1368 Patre
496 1339 613 1367 Verbum
626 1360 634 1373 ,
651 1341 697 1368 sed
715 1340 789 1368 illtun
807 1341 940 1369 visibilem

153 1390 182 1411 ut
195 1385 229 1411 ab
244 1393 276 1412 co
287 1386 434 1418 diversum,
448 1393 494 1414 seu
511 1393 621 1413 carnem
637 1386 709 1414 illius
725 1387 805 1422 ιιο
817 1388 941 1422 quamvis

154 1439 236 1457 unutn
254 1431 389 1458 Christum
408 1432 497 1459 divina
523 1432 662 1466 Scriptura
679 1432 778 1468 ubique
803 1434 940 1468 pradicet,

154 1483 180 1504 et
207 1478 342 1505 hominem
366 1478 450 1505 nostri
476 1478 590 1506 similem
622 1479 721 1506 factum
740 1487 801 1507 esse
824 1479 941 1508 Verbum

986 239 1069 266 λοῦν·
1094 239 1143 266 καὶ
1165 239 1231 267 αὐτὸ
1255 239 1283 266 δὲ
1306 239 1337 266 τὸ
1361 239 1445 274 ὕδωρ,
1472 240 1560 266 καίτοι
1582 239 1688 274 ψυχρὸν
1708 239 1780 266 κατᾶ

988 285 1068 319 φύσιν
1085 285 1217 320 ὑπάρχον,
1241 284 1383 319 μεθίστησι
1401 283 1469 319 πρὸς
1489 284 1519 310 τὸ
1532 284 1607 319 παρὰ
1624 285 1717 319 φύσιν,
1731 284 1780 311 καὶ

988 330 1088 365 θερμὸν
1101 329 1228 356 ἀποτελεῖ
1239 337 1246 344 ·
1258 330 1285 356 τι
1300 329 1331 356 τδ
1348 329 1499 364 παράδοξον
1511 349 1518 361 ,
1539 330 1692 356 ἀπιστείτω
1710 330 1777 365 [Ion

992 375 1151 411 ἀπιστοίτο]
1163 375 1185 402 δ’
1200 375 1234 402 ἂν
1250 375 1322 402 κατὰ
1336 375 1398 402 τίνα
1424 375 1524 410 τρόπον
1537 375 1553 410 ἡ
1570 375 1633 411 [ῑσ,
1655 374 1698 411 εἰ]
1720 374 1780 409 ζωὴ

988 422 1059 449 κατὰ
1073 422 1154 456 φύσιν
1167 421 1298 456 ὑπάρχων
1318 421 1332 448 ό
1354 422 1387 448 ὲκ
1410 421 1479 448 Θεοῦ
1500 421 1606 457 Πατρός
1621 421 1707 456 Λόγος
1727 421 1780 455 τὴν

988 467 1136 495 ἐνωθεῐσαν
1156 465 1230 502 αὐτῷ
1254 465 1356 500 σάρκα,
1383 465 1514 497 ζωοποιὸν
1530 465 1687 501 ἁπέφηνεν;
1724 465 1779 491 ίδία

987 513 1041 548 γάρ
1055 513 1128 539 ἐστιν
1144 511 1228 539 αὐτοῦ
1251 511 1300 538 καὶ
1325 511 1375 546 οὐχ
1392 510 1486 546 ἑτέρου
1509 511 1581 543 τινος
1606 510 1672 546 παρ’
1694 509 1779 536 αὑτὸν

988 559 1040 586 ἀνὰ
1055 558 1136 594 μέρος
1150 565 1180 584 τε
1195 556 1355 592 νοουμένου,
1379 557 1427 584 καὶ
1446 556 1501 584 τῶν
1520 557 1583 584 καθ’
1605 557 1680 592 ἡμᾶς
1704 556 1776 588 ἐνὸς.

994 604 1165 639 ’Λποστήσας
1177 603 1206 630 δὲ
1222 603 1273 638 τῆς
1290 603 1359 638 πρὸς
1372 602 1403 630 τὺ
1418 603 1499 638 σῶμα
1515 604 1649 638 μυστικῆς
1673 611 1703 630 τε
1730 602 1781 629 καὶ

988 649 1105 685 ἀληθοῦς
1119 648 1244 681 ἐνώσεως
1261 648 1308 676 τδν
1320 649 1453 681 ζωοποιδν
1468 648 1515 676 τοῦ
1535 648 1603 676 Θεοῦ
1618 649 1716 683 Λόγον,
1731 648 1781 674 καὶ

988 695 1092 728 διιστὰς
1110 695 1276 731 όλοτρόπως.
1301 694 1361 727 πῶς
1382 695 1416 722 ἂν
1438 694 1505 721 αὐτὸ
1528 694 1715 727 καταδείξειας
1737 695 1781 721 ἔτι

990 743 1121 775 ζωοποιόν
1133 751 1140 775 ;
1154 742 1202 773 Τίς
1214 741 1242 768 δὲ
1256 739 1290 777 ἦν
1305 742 1319 768 ό
1333 741 1431 775 λέγων,
1453 751 1461 767 ι
1478 741 1508 768 ὐ
1521 741 1635 776 τρώγων
1656 750 1709 776 μου
1728 741 1783 775 τὴν

990 789 1089 824 σάρκα,
1106 789 1152 815 καὶ
1168 788 1252 815 πίνων
1266 796 1317 822 μου
1334 787 1365 814 τὸ
1378 785 1459 822 αἷμα,
1479 788 1508 813 ὲν
1521 787 1583 822 ἐμοὶ
1597 787 1683 822 μένει,
1700 785 1784 820 κάγὼ

989 836 1019 861 ὲν
1032 835 1106 869 αὐτῷ
1118 843 1125 867 ;
1142 844 1150 860 ι
1168 835 1193 861 εἰ
1206 834 1255 869 μὲν
1267 831 1314 861 οὖν
1327 833 1470 869 ἄνθρωπός
1482 842 1524 865 τις
1539 833 1641 866 ὶδικῶς,
1656 832 1705 859 καὶ
1717 832 1781 866 οὐχὶ

988 881 1022 917 δὴ
1049 881 1149 916 μᾶλλον
1175 881 1271 915 γέγονε
1306 879 1367 907 καθ’
1390 880 1463 915 ἡμᾶς
1488 879 1502 905 ό
1523 879 1570 905 τοῦ
1588 878 1656 905 Θεοῦ
1679 878 1780 912 Λόγος,

989 927 1207 963 ἀνθρωποφαγία
1223 927 1254 954 τὸ
1265 927 1415 963 δρώμενον,
1433 927 1482 953 καὶ
1495 926 1624 960 ἀνόνητος
1638 924 1782 954 παντελῶς

990 975 1007 1009 ἡ
1022 973 1139 1008 μέθεξις.
1156 973 1244 1000 Λὺτοῦ
1255 972 1310 1008 γὰρ
1323 972 1416 1000 ἀκούω
1432 973 1558 1007 λέγοντος
1577 971 1625 998 τοῦ
1638 969 1762 1006 Χριστοῦ
1774 979 1780 984 -

994 1030 1002 1045 ι
1014 1020 1046 1046 'll
1061 1019 1129 1055 σὰρξ
1141 1020 1191 1046 οὐκ
1206 1018 1307 1054 ὠφελεῖ
1323 1018 1401 1046 οὐδέν
1411 1027 1418 1034 ο
1433 1019 1463 1046 τὸ
1474 1018 1584 1053 πνεῦμά
1601 1018 1658 1044 ἐστι
1670 1017 1702 1043 τὸ
1713 1016 1782 1048 ζωο-

991 1065 1094 1093 ποιοῦν.
1111 1075 1119 1092 ι
1132 1067 1193 1092 ὅσον
1206 1066 1260 1101 γὰρ
1271 1063 1338 1101 ἧκεν
1351 1067 1391 1097 εἰς
1407 1065 1476 1092 ἰδίαν
1491 1065 1584 1099 φύσιν,
1602 1063 1713 1098 φθαρτὴ
1730 1061 1782 1097 μὲν

991 1113 1008 1148 ἡ
1022 1111 1105 1147 σάρξσ
1129 1112 1293 1148 ζωοποιήσει
1312 1112 1340 1139 δὲ
1355 1112 1415 1138 κατ’
1430 1111 1526 1138 οὐδένα
1541 1109 1639 1145 τρόπον
1656 1109 1781 1144 ἐτέρους,

990 1155 1097 1183 οἴκοθεν
1116 1157 1186 1192 αὑτὴ
1204 1154 1320 1184 νοσοῦσα
1338 1156 1387 1192 τὴν
1405 1156 1518 1192 φθοράν.
1535 1156 1566 1182 Εἰ
1586 1156 1614 1182 δὲ
1634 1155 1720 1182 αὑτοῦ
1734 1154 1782 1180 τοῦ

991 1201 1078 1237 Λόγου
1094 1203 1126 1229 τὸ
1149 1202 1229 1238 σῶμα
1255 1203 1321 1230 ἴδιον
1345 1200 1416 1229 εἶναι
1440 1202 1504 1238 φὴς.
1527 1202 1553 1228 τί
1577 1200 1712 1237 τερατεὺῃ
1735 1201 1783 1226 καὶ

992 1249 1188 1284 εἰκαιομυθείς,
1214 1249 1265 1275 οὐκ
1292 1248 1374 1275 αὑτὸν
1400 1247 1569 1276 ἀπεστάλθαι
1591 1247 1637 1274 τὸν
1658 1247 1691 1274 ἐκ
1713 1246 1782 1273 Θεοῦ

992 1294 1097 1329 Πατρός
1118 1294 1204 1329 Λόγον
1229 1295 1441 1329 διατεινόμενον,
1466 1293 1524 1320 ἀλλ’
1548 1294 1586 1326 ὼς
1609 1293 1704 1328 ἔτερόν
1721 1301 1782 1319 τινα

992 1341 1056 1376 παρ’
1070 1339 1163 1372 αὑτὸν,
1180 1339 1226 1366 τόν
1241 1339 1388 1375 ὁρώμενον,
1412 1340 1471 1375 ἦτοι
1493 1339 1543 1374 τὴν
1565 1339 1657 1374 σάρκα
1676 1338 1761 1365 αὖτοῦ
1775 1345 1781 1351 ”

993 1387 1080 1413 καίτοι
1101 1386 1219 1421 Χριστὸν
1242 1386 1290 1412 ἕνα
1316 1387 1365 1421 τῆς
1384 1386 1564 1413 θεοπνεύστου
1589 1385 1703 1422 Γραφῆς
1725 1385 1782 1411 δια-

993 1433 1099 1467 ῦοώσης
1113 1432 1263 1468 πανταχοῦ,
1281 1433 1327 1459 καὶ
1340 1433 1483 1468 ἄνθρωπον
1494 1432 1554 1459 καθ’
1566 1434 1638 1468 ἡμᾶς
1654 1432 1783 1466 γενέσθαι

992 1479 1038 1505 τὸν
1053 1478 1150 1512 Λόγον,
1164 1476 1195 1505 εὖ
1215 1478 1288 1513 μάλα
1303 1478 1558 1513 διαϐεϐαιουμένης,
1577 1478 1684 1513 καὶτῆς
1699 1477 1782 1512 ὀρθῆς

155 1532 264 1557 prorsus
276 1523 410 1555 at‘lirmet,
425 1531 457 1551 ac
479 1529 558 1551 recta:
579 1524 639 1551 ﬁdei
662 1525 771 1552 traditio
784 1525 825 1553 Itis
838 1526 938 1553 lluibus

1018 1524 1112 1556 ίστεως
1125 1524 1174 1560 τὴν
1188 1525 1337 1559 παράδοσιν
1349 1524 1515 1560 ὁριζομένης
1526 1524 1555 1551 ἐν
1571 1524 1694 1556 τούτοις;
1713 1523 1784 1550 Ἀλλ’

153 1569 324 1596 contineatur
338 1569 350 1596 2
367 1570 419 1596 Sed
436 1569 517 1597 nimia
529 1571 672 1597 admodum
691 1571 821 1606 religione
835 1579 943 1606 permo-

155 1621 197 1642 tus
223 1615 373 1648 erubescit,
397 1621 426 1642 ut
450 1615 597 1643 verisimile
621 1617 722 1648 est,de
749 1618 943 1646 exinanitiouis

155 1668 295 1694 mensura,
313 1666 340 1688 et
356 1662 410 1688 Deo
433 1666 460 1688 et
485 1661 559 1689 Patri
585 1667 748 1690 coteternnm
781 1662 896 1696 Filium,
915 1664 942 1691 in

154 1706 248 1734 eadem
259 1714 320 1734 eum
332 1707 460 1735 Genitore
471 1707 554 1734 forma
568 1713 596 1735 et
611 1709 731 1736 omnium
748 1717 837 1737 rerum
852 1718 943 1746 arqua-

154 1753 244 1786 litate,
259 1753 405 1780 demissum
424 1754 458 1780 ad
473 1753 650 1781 humilitatem
671 1755 762 1782 videro
784 1764 835 1783 ιιυιι
863 1758 943 1784 susti-

155 1803 219 1831 net;
236 1803 345 1825 accusat
368 1802 458 1825 autem
484 1798 731 1833 dispensationem,
769 1806 796 1828 et
823 1802 942 1829 divinum

156 1842 270 1870 fortasse
301 1843 460 1873 consilium.
475 1848 556 1878 atque
582 1845 773 1878 cogitationem
798 1846 943 1881 reprehen-

155 1888 231 1914 sione
246 1895 341 1915 vacare
359 1896 410 1915 non
427 1888 538 1922 patitur.
563 1889 678 1917 Simulat
696 1891 767 1918 enim
782 1893 835 1920 vim
849 1894 942 1921 verbo-

155 1941 214 1960 rum
247 1934 346 1961 Christi
377 1942 406 1961 se
435 1935 597 1969 exquirere,
625 1944 656 1964 ac
684 1937 764 1965 veluti
802 1939 941 1967 ruminans

155 1978 364 2012 profunditatem
390 1981 585 2009 sententiarum
598 2002 607 2014 ,
625 1983 723 2010 deinde
745 1985 817 2018 quod
837 1993 851 2012 a
866 1986 943 2014 nobis

155 2025 253 2052 dicitur
273 2033 306 2053 eo
319 2027 490 2061 perducens,
506 2027 577 2055 sicut
597 2028 653 2063 ipse
679 2034 771 2064 putat,
789 2035 817 2058 ut
828 2032 943 2060 absurde

154 2074 182 2096 et
210 2071 334 2105 imperite
351 2072 454 2100 dictum
470 2073 604 2102 videatur.
621 2083 632 2101 ι
652 2074 816 2110 Videamus,
839 2077 941 2113 inquit,

155 2117 279 2150 quisnam
296 2123 394 2151 prmter
419 2120 581 2147 sententiam
602 2120 816 2156 interpretetur:
837 2132 847 2150 ‹
866 2123 943 2152 Sicut

159 2173 168 2188 ι
183 2163 255 2190 misit
269 2172 311 2190 me
326 2164 418 2192 vivens
436 2165 532 2198 Pater;
550 2175 561 2192 ι
578 2173 641 2194 nam
653 2167 778 2196 similiter
792 2173 873 2204 atque
887 2170 941 2202 ille,

158 2217 167 2233 ι
183 2215 232 2241 ego
247 2209 309 2236 vivo
327 2218 338 2235 ν
365 2210 436 2238 Deus
456 2209 574 2238 Verbum
595 2221 607 2237 ι
625 2216 736 2248 propter
756 2213 863 2242 Patrem
879 2223 887 2240 :
915 2221 943 2244 et

159 2263 168 2279 ι
183 2254 229 2288 qui
239 2255 382 2283 manducat
401 2264 454 2288 mo.
470 2261 499 2285 et
510 2257 555 2285 ille
566 2259 654 2292 vivet;
675 2268 685 2285 ι
701 2267 780 2295 quem
794 2262 941 2289 manduca-

157 2307 227 2331 mus,
238 2299 419 2334 divinitatem,
428 2308 462 2329 an
474 2304 605 2332 carnem?
616 2313 625 2330 ι
643 2303 711 2332 Num
727 2306 834 2333 tandem
846 2308 940 2340 sentis,

156 2353 211 2378 quo
224 2353 300 2374 mens
313 2351 357 2374 tua
371 2347 408 2374 sit
427 2348 486 2376 loco
504 2349 516 2376 ?
529 2357 590 2377 nam
606 2356 635 2378 se
646 2351 758 2379 missum
774 2359 834 2380 esse
849 2353 942 2381 dicens

158 2392 245 2424 ipsum
261 2391 306 2420 Dei
324 2393 453 2426 Verbum,
471 2404 482 2421 σ
497 2395 530 2422 Et
546 2395 593 2430 qul
607 2397 751 2425 manducat
776 2406 828 2432 me,
844 2399 940 2434 inquit,

157 2442 183 2461 et
205 2436 249 2464 ille
264 2437 344 2465 vivet.
372 2448 382 2464 ι
397 2439 591 2469 Manducamus
610 2446 701 2470 autent
723 2451 788 2477 nos,
803 2452 855 2472 non
872 2446 943 2479 quod

194 2514 218 2529 "
237 2514 261 2529 ’°
281 2514 356 2542 JoatL
375 2524 412 2548 \‘t,
429 2517 472 2543 (ii.

994 1572 1026 1598 ἐκ
1043 1571 1143 1607 πολλῆς
1156 1572 1227 1606 ἄγαν
1242 1572 1386 1603 εὐλαϐείας
1399 1570 1561 1607 ὲπερυθριᾷ.
1572 1571 1642 1598 κατὰ
1655 1571 1686 1598 τὺ
1699 1570 1784 1602 εἰκὸς,

994 1619 1050 1649 τοῖς
1063 1617 1114 1652 τῆς
1127 1619 1270 1649 κενώσεως
1286 1618 1407 1653 μέτροις,
1424 1618 1470 1645 καὶ
1482 1618 1533 1644 οὐκ
1550 1618 1676 1653 ἀνέχεται
1688 1618 1734 1644 τὸν
1747 1617 1786 1652 τῷ

994 1663 1054 1699 Θεῷ
1071 1665 1118 1691 καὶ
1137 1664 1225 1700 Πατρὶ
1250 1664 1385 1691 συναῒδιον
1405 1665 1480 1697 Υἱὸν,
1504 1663 1549 1691 τὸν
1573 1665 1601 1691 ἐν
1622 1666 1716 1700 μορφῇ
1739 1665 1786 1691 καὶ

995 1710 1098 1745 ἰσότητι
1117 1711 1150 1746 τῇ
1172 1710 1243 1737 κατὰ
1261 1711 1317 1737 πᾶν
1339 1710 1430 1738 ὁτιοῦν
1447 1710 1486 1745 τῷ
1512 1712 1702 1747 γεγεννηκότι,
1719 1712 1785 1738 καθ-

995 1757 1107 1791 ιγμένον
1120 1757 1184 1783 ἰδεῖν
1199 1758 1240 1789 εἰς
1254 1757 1418 1784 ταπείνωσιν
1431 1764 1436 1770 ”
1458 1757 1594 1792 γράφεται
1605 1758 1633 1785 δὲ
1646 1759 1696 1794 τὴν
1714 1760 1786 1785 οἱκο-

993 1801 1101 1836 νομίαν,
1124 1802 1171 1828 καὶ
1194 1801 1244 1837 τὴν
1268 1802 1344 1829 θείαν
1374 1802 1445 1837 τάχα
1470 1811 1520 1828 που
1551 1802 1650 1838 βουλήν
1677 1812 1707 1829 τε
1739 1804 1785 1829 καὶ

995 1847 1095 1883 σκῆψιν
1109 1848 1165 1883 (‘29)
1179 1849 1374 1875 ἅκαταιτίατον
1383 1849 1434 1876 οὐκ
1446 1849 1488 1884 ἐᾷ.
1498 1849 1653 1883 Σκήπτεται
1667 1849 1718 1883 μὲν
1731 1849 1786 1884 γὰρ

995 1894 1231 1929 πολυπραγμονεῖν
1247 1894 1302 1921 τῶν
1325 1895 1480 1930 εἰρημένων
1500 1895 1576 1930 παρὰ
1596 1895 1717 1929 Χριστοῦ
1737 1895 1786 1930 τὴν

993 1939 1116 1975 δύναμιν,
1141 1941 1187 1967 καὶ
1211 1938 1266 1967 οἷον
1286 1941 1521 1976 ἁναμασσὼμενος
1543 1941 1574 1967 τὸ
1597 1941 1652 1967 τῶν
1674 1941 1786 1967 ἐννοιῶν

994 1985 1092 2020 βάθος·
1112 1983 1172 2012 εἶτα
1195 1987 1349 2022 περιιστὰς,
1369 1987 1407 2019 ὠς
1426 1987 1522 2019 οἴεται,
1547 1987 1592 2013 τὸν
1619 1988 1686 2022 παρ’
1708 1987 1787 2022 ἡμῶν

994 2031 1082 2066 λόγον,
1105 2033 1145 2064 εἰς
1168 2032 1198 2059 τὸ
1221 2033 1344 2064 ἐκτόπως
1366 2033 1457 2060 τεκαὶ
1481 2033 1594 2068 ἀμαθῶς
1619 2033 1785 2067 πεποιῆσθαι

993 2078 1243 2114 δοκεῖν.ι¹’1δωμεν,
1258 2080 1335 2114 φησὶ,
1350 2079 1390 2110 τίς
1406 2079 1420 2105 ό
1432 2079 1675 2115 παρερμηνεύωνί
1686 2079 1787 2110 Καθὼς

997 2135 1005 2151 ι
1023 2125 1168 2152 ἀπέστειλὲ
1183 2133 1217 2160 με
1233 2126 1247 2152 ὁ
1262 2125 1316 2157 ζῶν
1333 2125 1427 2160 Πατήρ
1439 2133 1463 2151 ⁵)
1483 2126 1543 2151 κατ’
1559 2125 1691 2157 ὲκεῖνον,«
1709 2123 1787 2158 κάγὼ

997 2180 1005 2196 ι
1024 2170 1072 2203 ζῶ,
1088 2180 1096 2195 ι
1107 2170 1122 2196 ὁ
1135 2170 1200 2202 Θεὸς
1216 2169 1328 2204 Λόγος,‹
1340 2169 1384 2196 διὰ
1393 2169 1439 2196 τὸν
1450 2169 1570 2204 Πατέρα·
1580 2170 1627 2196 καὶ
1644 2170 1659 2195 ὁ
1670 2169 1786 2204 τρώγων

960 2207 981 2235 Ι)
1000 2225 1009 2240 σ
1024 2224 1067 2250 με,
1081 2215 1208 2247 κάκεῖνος
1219 2215 1359 2250 {ﬁas-rat.»
1373 2215 1441 2242 Τίνα
1454 2214 1648 2250 ἑσθίομεν,τὴν
1656 2214 1784 2249 θεότητα.

996 2261 1012 2296 ἢ
1023 2261 1073 2296 τὴν
1086 2261 1191 2296 σάρκας
1208 2268 1219 2287 t
1238 2259 1300 2297 ’Ἆρ’
1317 2259 1364 2288 οὖν
1376 2260 1491 2296 αἰσθάνῃ
1504 2260 1596 2288 λοιπὸν
1605 2262 1667 2287 ὅποι
1685 2269 1750 2287 ποτε
1762 2259 1788 2287 εἷ

996 2307 1102 2341 φρενῶν
1116 2316 1123 2340 ;
1146 2306 1316 2334 ἀπεστάλθαι
1335 2307 1392 2342 γὰρ
1413 2307 1500 2341 λέγων
1520 2306 1616 2333 ἑαυτὸν
1627 2307 1642 2333 ὀ
1655 2307 1704 2332 τοῦ
1718 2306 1785 2333 Θεοῦ

995 2352 1094 2387 Λόγος,
1112 2362 1121 2378 ι
1133 2353 1188 2380 Καὶ
1201 2354 1216 2380 ὁ
1226 2353 1341 2388 τρώγων
1355 2359 1399 2387 με,
1409 2354 1487 2387 φησὶ,
1501 2352 1627 2383 κάκεῖνος
1641 2352 1766 2386 ζήσεται.
1775 2362 1782 2376 ι

1002 2398 1144 2434 Ἑσθίομεν
1168 2399 1197 2426 δὲ
1216 2399 1307 2434 ἡμεῖς,
1332 2399 1364 2425 οὑ
1389 2399 1438 2433 τὴν
1457 2398 1573 2434 θεότητα
1597 2397 1784 2428 δαπανῶντες,

1000 2446 1089 2479 ἄπαγε
1115 2446 1163 2480 τῆς
1188 2444 1358 2477 δυσϐουλίας,
1376 2444 1443 2471 ἀλλὰ
1459 2445 1509 2479 τὴν
1532 2443 1599 2470 ἰδίαν
1624 2443 1673 2470 τοῦ
1698 2443 1784 2477 Λόγον

787 2587 804 2613 Λ
811 2586 864 2613 ΝΤ.
886 2586 1021 2613 AGELLII
1042 2587 1154 2614 ΝΟἸΖΕ.

175 2664 254 2704 ,(εκ)
282 2664 444 2704 [intrinsecus
479 2668 570 2701 putavi
601 2669 742 2704 commode
771 2668 840 2694 verti
876 2668 947 2701 quod

160 2700 255 2725 tlrteee
281 2705 333 2731 est.
353 2700 542 2735 oixoOcquno
561 2703 690 2728 adverbio
717 2703 803 2728 utitur
823 2710 946 2728 nonnun-

162 2736 393 2770 qnutuﬂanetot'in
417 2736 467 2762 hae
490 2737 696 2769 signiﬁcatione,
711 2743 741 2763 ut
759 2737 806 2763 lib.
826 2745 862 2768 tv,
887 2745 946 2770 pag.

162 2769 217 2808 υθέ
229 2769 334 2808 οἴκοθεν
349 2768 396 2797 οὖν
414 2771 467 2806 ἄρα
484 2768 531 2798 καὶ
553 2772 617 2806 παρ’
634 2772 716 2808 αρτοὖ
735 2772 765 2798 τὸ
781 2768 947 2808 πνεῦμααῦ-

165 2805 223 2841 τοῦ,
236 2805 391 2841 intrinserus
407 2812 429 2832 et
449 2809 481 2831 ub
503 2808 559 2839 ipso
577 2805 613 2832 eat
641 2806 754 2841 Spiritus
771 2807 841 2840 ejus;
855 2812 881 2833 et
895 2808 945 2833 99;

164 2839 214 2865 οὐκ
236 2839 440 2874 είσκεκριμένον
464 2841 572 2873 ἔξωθεν,
590 2841 646 2867 ἀλλ’
661 2839 767 2868 ὀἴκοῢεν
784 2839 839 2875 ἔχει
861 2842 904 2867 καὶ
921 2843 948 2874 ἐξ

998 2667 1080 2694 αὑτοῦ
1093 2669 1123 2694 τὸ
1138 2670 1258 2704 ἐνεργεῖν
1270 2668 1414 2699 δύνασθαι,
1429 2670 1585 2696 intrinsecus
1597 2674 1621 2695 (Ι
1634 2677 1668 2696 cx
1687 2678 1714 2696 se
1730 2670 1788 2704 ipso
1801 2697 1804 2701 ,

999 2704 1074 2729 liabet
1096 2709 1123 2729 ut
1142 2705 1245 2736 operari
1261 2710 1285 2730 et
1300 2704 1404 2737 efﬁcere
1416 2705 1507 2737 ponit.

1034 2737 1091 2772 (‘29)
1104 2739 1184 2765 Forte
1199 2739 1305 2773 σκέψιν,
1332 2739 1515 2772 cogitationem
1535 2744 1612 2772 atque
1635 2740 1785 2766 ronsidcm-

999 2774 1104 2804 tionem,
1120 2779 1149 2800 ut.
1165 2773 1233 2800 libro
1245 2775 1368 2807 sequenti
1383 2781 1443 2805 pag.
1457 2774 1518 2805 l‘ZO,
1533 2774 1668 2808 ἐπειδὴδὲ
1681 2775 1785 2808 χρηστὰ

1002 2808 1063 2842 περὶ
1076 2809 1154 2842 ἡμῶν
1169 2809 1184 2834 ό
1198 2808 1366 2843 Δημιουργὺς
1381 2808 1522 2842 ἐσκέψατο,
1536 2815 1672 2842 postquam
1693 2811 1725 2836 (lc
1739 2818 1783 2836 tto~

1000 2844 1037 2870 bis
1054 2843 1097 2870 illc
1110 2844 1232 2870 Condito;
1251 2845 1357 2870 meliora
1372 2844 1493 2877 cogitavit
