1886 3056
86 169 140 196 HS

623 165 806 194 ADVERSUS
827 164 1028 192 NESTOIHUM
1053 163 1115 190 LIB.
1134 164 1178 192 IV.

1691 160 1741 190 194

90 229 183 265 σάρκα
204 227 350 260 {mo-ttat?»
374 230 579 266 γεγενημένην,
609 229 649 255 ὅτι
679 228 791 263 γέγονεν
817 237 834 254 α

997 234 1039 253 am
1057 226 1224 254 divinitatem
1240 232 1433 252 consumantus
1447 225 1455 258 (
1472 231 1557 259 apage
1573 223 1606 250 ab
1621 223 1671 251 ista
1689 224 1738 251 itu-

91 278 196 308 ζῶντος
211 275 258 302 διὰ
267 275 318 302 τὸν
334 276 451 311 Πατέρα
464 285 471 291 ·
486 276 534 303 καὶ
546 276 595 310 οὐχ
609 276 651 302 ὅτι
666 274 729 311 [ιον.
743 275 790 301 καὶ
806 273 899 309 οὗτοι]

93 321 147 347 πού
163 328 258 355 φαμεν
270 321 350 347 κατὰ
365 321 476 356 μέθεξιν
496 321 546 357 τὴν
564 321 674 354 ἔξωθεν,
695 321 741 347 καὶ
763 321 901 356 είσκεκρι-

96 367 190 401 μένως
211 365 419 397 ζωοποιεῖσθαι
445 366 490 394 τὸν
510 367 596 401 Λόγον
618 367 694 402 παρὰ
712 367 759 393 τοῦ
782 367 899 401 Πατρὺς,

96 412 172 448 ζωὴν
188 411 218 438 δὲ
243 412 352 445 μᾶλλον
372 412 444 439 κατὰ
464 412 544 447 φύσιν
564 409 634 439 εἶναι
653 412 898 447 διαϐεϐαιούμεθα·

96 459 267 493 γεγέννηται
277 458 335 494 γὰρ
352 458 390 490 ὡς
408 459 440 485 ὲκ
453 458 526 493 ζωῆς
535 458 582 486 τοῦ
594 458 709 494 Πατρός.
724 459 828 493 Ὂνπερ
847 458 900 494 γὰρ

96 504 204 539 τρόπον
218 503 251 530 τὸ
269 504 319 530 τοῦ
341 503 420 539 ήλίου
448 504 624 539 πεμπόμενον
644 503 734 536 σέλας,
756 504 780 530 εί
796 504 901 538 λέγοιτο

99 550 185 584 τυχὸν
199 550 331 586 λαμπρὸν
345 548 416 577 εἶναι
429 550 474 576 διὰ
489 549 536 577 τὸν
555 549 729 585 πεπομφότα,
745 550 839 585 ήγουν,
856 550 901 577 τὸν

98 596 131 628 ἐξ
150 593 184 623 οὗ
199 597 350 631 πάρεστιν,
364 596 395 622 οὐ
415 596 486 623 κατὰ
502 595 612 631 μέθεξιν
628 595 685 631 ἔχει
701 596 732 623 τὸ
745 594 814 623 εἶναι
830 596 900 631 λαμ-

100 642 184 677 πρὸν,
202 642 264 668 ἀλλ’
281 639 339 668 οἷον
352 643 385 668 ὲκ
400 642 518 677 φυσικῆς
531 642 681 677 εὐγενείας,
695 642 725 669 τὸ
735 642 782 670 τοῦ
798 651 902 678 πεπομ-

101 688 197 722 φότος,
229 689 315 723 ἤγουν
338 687 569 724 ἀπαστράψαντος
589 687 779 724 πλεονέκτημα
805 690 899 724 φορεῖ·

102 734 177 760 κατὰ
189 734 238 760 τὸν
254 734 322 766 ἴσον,
335 731 425 769 οἶμαι,
440 734 529 769 τούτῳ
540 733 641 769 τρόπον
653 742 683 761 τε
695 734 743 761 καὶ
750 734 840 768 λόγον,
850 734 901 760 κᾶν

104 781 128 807 εί
141 781 220 815 λέγοι
235 781 286 816 ζῇν
302 780 400 806 ἑαυτὸν
411 780 426 806 ό
439 780 502 813 Υἱδς
514 780 557 807 διὰ
568 781 613 807 τὸν
626 781 745 816 Πατέρα,
761 781 902 817 μαρτυρή-

106 836 179 854 σειεν
194 827 229 855 ἆν
242 827 332 863 ἑαυτῷ
344 827 394 864 τὴν
410 827 441 854 ὲκ
456 826 561 862 [ἰατρὸς
575 826 727 861 εὐγένειαν,
744 827 791 854 καὶ
804 827 834 853 οὑ
846 829 901 858 τοῖς

106 874 198 906 ἄλλοις
226 874 376 909 κτίσμασιν
404 872 517 909 ἀναμὶξ,
542 874 666 908 ὲπακτήν
685 882 716 900 τε
738 873 786 900 καὶ
802 873 901 907 ἔξωθεν

107 921 180 955 ἔχειν
196 920 361 956 ὁμολογήσει
374 919 425 954 τὴν
442 919 526 955 ζωήν.
544 919 648 954 Ὥσπερ
664 919 693 946 δὲ
713 920 744 946 τὸ
756 919 839 946 αὐτοῦ
852 919 900 946 τοῦ

108 966 197 1000 Λόγου
223 966 305 1001 σῶμα
327 966 459 998 ζωοποιόν
484 966 567 997 ἐστιν,
591 965 657 992 ίδιον
679 966 762 992 αὑτοῦ
785 975 901 1002 ποιησα-

111 1012 193 1046 μένου
209 1012 270 1038 καθ’
283 1012 379 1038 ἕνωσιν
394 1011 483 1047 ἀληθῆ
495 1011 545 1047 τὴν
559 1011 629 1047 ὑπὲρ
640 1011 702 1039 νοῦν
714 1021 744 1038 τε
757 1012 803 1039 καὶ
814 1012 900 1047 λόγον·

111 1057 182 1084 οὕτω
206 1059 255 1085 καὶ
277 1059 358 1094 ἡμεῖς
374 1058 399 1085 οί
420 1058 450 1085 ὲν
472 1057 580 1093 μεθέξει
594 1058 743 1093 γενοίμεθα
759 1059 808 1094 τῆς
822 1059 903 1093 ἁγίας

114 1105 225 1139 σαρκὸς,
247 1104 296 1130 καὶ
312 1104 430 1139 αἵματος
446 1103 541 1136 αὑτοῦ,
566 1105 655 1140 πάντῃ
677 1113 707 1131 τε
724 1105 772 1132 καὶ
796 1105 904 1137 πάντως

114 1151 330 1185 ζωψιούμεθα,
346 1151 473 1186 μένοντος
492 1152 522 1177 ὲν
543 1152 610 1186 ἡμῖν
634 1151 680 1178 τοῦ
700 1151 788 1187 Λόγου
806 1150 905 1183 θεῑκῶς

117 1197 174 1231 μὲν,
194 1197 240 1224 διὰ
256 1197 303 1224 τοῦ
317 1198 396 1232 ἁγίου
415 1197 585 1233 Πνεύματος,
608 1197 788 1233 ἀνθρωπίνως
807 1197 836 1224 δὲ
858 1195 904 1230 αὖ,

116 1243 158 1269 διὰ
170 1244 221 1277 τῆς
234 1243 315 1277 ἁγίας
328 1243 431 1278 σαρκὸς
445 1244 492 1270 καὶ
509 1243 555 1270 τοῦ
571 1243 661 1279 τιμίου
682 1244 809 1279 αἵματος.
831 1244 904 1270 Ἐπι-

117 1290 258 1323 ψηφιεῖται
271 1289 299 1316 δὲ
318 1287 358 1321 οἷς
371 1289 440 1325 ἔφην
453 1289 484 1316 τὸ
498 1289 619 1325 ἀληθὲςό
632 1288 777 1324 ἱερώτατος
790 1290 906 1321 Παῦλος,

118 1335 164 1361 ὡδὶ
187 1334 336 1370 γεγραφὼς
360 1336 417 1367 τοῖς
437 1335 466 1362 ἐν
490 1335 617 1371 Κορίνθῳ
640 1335 852 1363 πεπιστευκόσιν
868 1337 907 1368 είς

120 1381 161 1407 τὸν
177 1381 282 1416 Κύριον
299 1380 378 1416 ἡμῶν
407 1381 512 1416 Ἰησοῦν
530 1381 576 1408 τὸν
590 1382 708 1418 Χριστόν
720 1389 726 1396 ·
744 1391 754 1408 ι
774 1382 818 1414 Ὠς
841 1391 907 1418 φρο-

121 1427 204 1462 νίμοις
220 1427 304 1461 λέγω,
319 1427 432 1463 κρίνατε
446 1427 525 1462 ὑμεῖς
537 1428 552 1454 ὃ
564 1437 635 1463 φημι
646 1436 652 1444 ⁸
666 1428 697 1455 τὺ
714 1429 843 1464 ποτήριον
859 1429 908 1465 τῆς

122 1473 244 1506 εὐλογίας
258 1472 272 1499 ὃ
285 1473 463 1509 εὐλογοῦμεν,
479 1473 540 1509 οὐχὶ
555 1473 683 1500 κοινωνία
697 1475 754 1501 ἐστὶ
765 1474 812 1501 τοῦ
827 1475 910 1510 αἵμα-

122 1526 163 1549 τος
173 1517 222 1544 τοῦ
237 1518 374 1554 Χριστοῦ;
390 1519 436 1545 τὸν
451 1519 532 1555 ἄρτον
545 1518 574 1546 ὅν
587 1518 706 1554 κλῶμεν,
716 1519 776 1555 οὐχὶ
784 1521 910 1547 κοινωνία

121 1563 163 1589 τοῦ
179 1563 307 1598 σώματος
318 1563 366 1590 τοῦ
381 1563 500 1600 Χριστοῦ
522 1564 611 1598 tactv;
629 1564 670 1591 ὅτι
687 1562 727 1597 εἷς
746 1565 838 1600 ἄρτος,
861 1566 909 1593 καὶ
922 1577 943 1604 C

121 1610 146 1636 ἓν
165 1610 246 1645 σῶμα
269 1610 294 1636 ei
320 1610 413 1637 πολλοί
433 1611 531 1645 ἐσμεν·
552 1611 577 1638 oi
600 1611 655 1647 γὰρ
677 1611 777 1643 πάντες
802 1612 833 1638 ὲκ
861 1612 908 1639 τοῦ

121 1656 177 1687 ἑνὸς
199 1656 285 1692 ἄρτου
308 1656 470 1692 μετέχομεν.
486 1666 496 1683 ›
524 1656 682 1693 Πνεύματος
709 1657 759 1692 μὲν
786 1657 840 1693 γὰρ
861 1658 908 1685 τοῦ

121 1703 195 1736 ἁγίου
221 1703 434 1738 μετεσχηκότες,
463 1703 538 1738 αὖτῷ
556 1712 585 1730 τε
609 1703 648 1738 τῷ
671 1703 779 1730 πάντων
802 1704 909 1740 Σωτῆρι

120 1748 237 1784 Χριστῷ,
254 1749 302 1776 καὶ
323 1749 451 1784 ἀλλήλοις
463 1749 597 1785 ἐνούμεθα
609 1758 616 1765 ·
635 1749 774 1785 σύσσωμοι
789 1750 816 1778 δὲ
841 1751 909 1779 κατὰ

120 1794 212 1822 τοῦτόν
230 1796 317 1829 ἐσμεν
328 1794 374 1822 τὸν
391 1795 502 1831 τρόπον,
528 1804 538 1820 ε
551 1795 593 1822 ὅτι
615 1793 655 1827 εἷς
672 1795 763 1831 ἄρτος,
780 1796 810 1823 ἒν
829 1796 910 1833 σῶμα

120 1841 142 1867 οἱ
159 1840 253 1867 πολλοί
272 1841 372 1876 ἐσμεν·
394 1841 420 1867 οι
441 1842 496 1876 γὰρ
514 1841 615 1873 πάντες
631 1841 664 1868 ἐκ
686 1841 734 1868 τοῦ
755 1842 812 1874 ἐνὸς
827 1843 909 1877 ἄρτου

122 1887 282 1922 μετέχομεν.
290 1896 300 1912 ›
320 1886 415 1914 Συνδεῖ
427 1887 483 1923 γὰρ
497 1887 571 1922 ἡμᾶς
583 1888 622 1919 είς
632 1887 745 1923 ἑνότητα
759 1887 790 1914 τὸ
800 1888 828 1914 ὲν
845 1888 910 1923 ἡμῖν

121 1932 199 1968 σῶμα
214 1932 347 1968 Χριστοῦ,
367 1933 532 1969 μεμέρισται
554 1932 583 1959 δὲ
601 1933 663 1960 κατ’
685 1933 780 1960 οὐδένα
799 1933 909 1970 τρόπον.

121 1980 181 2006 Ὀτι
195 1979 223 2006 δὲ
240 1979 285 2006 διὰ
301 1979 350 2006 τοῦ
371 1979 497 2014 σώματος
509 1979 556 2006 τοῦ
569 1979 690 2016 Χριστοῦ
709 1979 777 2015 πρὸς
798 1980 911 2016 ἑνότητα

119 2025 168 2060 τὴν
185 2025 256 2060 πρὸς
273 2024 366 2057 αὐτὸν,
381 2025 429 2051 καὶ
441 2024 510 2059 πρός
526 2033 558 2058 γε
572 2026 622 2060 τὴν
637 2025 676 2056 είς
691 2024 821 2060 ἀλλήλους
846 2033 908 2051 συν-

119 2069 270 2107 ενήγμεθα,
284 2069 450 2096 πιστώσεται
468 2070 583 2106 γράφων
595 2070 609 2096 ό
629 2069 763 2105 μακάριος
783 2069 889 2102 Παῦλος
902 2077 909 2085 ·

121 2126 130 2141 ι
140 2117 243 2143 Τούτου
259 2116 341 2152 χάριν
355 2115 411 2150 ἐγὼ
420 2115 526 2148 Παῦλος
535 2116 549 2142 ό
563 2116 673 2151 δέσμιος
693 2116 780 2152 Ἰησοῦ
791 2116 910 2152 Χριστοῦ

119 2162 190 2198 ὑπὲρ
205 2162 284 2197 ὑμῶν
303 2162 359 2188 τῶν
372 2161 467 2193 ἐθνῶν,
490 2161 517 2187 εί
529 2170 561 2196 γε
576 2161 714 2196 ἠκούσατε
736 2162 786 2198 τὴν
806 2163 911 2190 οἰκονο-

118 2208 186 2243 μίαν
205 2208 257 2243 τῆς
286 2208 399 2244 χάριτος
418 2207 465 2234 τοῦ
487 2207 555 2234 Θεοῦ
579 2208 630 2243 τῆς
650 2208 775 2244 δοθείσης
800 2217 846 2244 μοι
871 2209 912 2240 εἰς

117 2254 202 2288 ὑμᾶς,
217 2253 260 2280 ὅτι
280 2254 341 2280 κατ’
360 2253 531 2289 ἀποκάλυψιν
543 2253 696 2290 ἐγνωρίσθη
710 2263 756 2289 μοι
766 2254 796 2281 τὸ
809 2255 913 2290 μυστή-
929 2245 952 2274 D

117 2308 188 2336 ριον,
212 2299 307 2331 καθὼς
334 2299 498 2335 προέγραψα
517 2300 546 2326 ἐν
566 2300 660 2335 ὀλίγῳ,
682 2300 750 2336 πρὸς
770 2300 784 2327 ὂ
796 2300 911 2327 δύνασθε

115 2345 353 2380 ἀναγινώσκοντες
366 2345 462 2380 νοῆσαι
478 2345 527 2382 τὴν
544 2345 651 2372 σύνεσίν
664 2354 715 2381 μου
723 2346 753 2372 ὲν
761 2345 799 2381 τῷ
811 2354 913 2382 μυστη-

80 2392 84 2397 “
117 2391 169 2427 ρίῳ
183 2391 232 2418 τοῦ
246 2391 383 2427 Χριστοῦι
407 2391 421 2418 ὃ
438 2391 546 2427 ἑτέραις
559 2392 667 2426 γενεαῖς
691 2392 741 2419 οὐκ
758 2392 911 2428 ἐγνωρίσθη

115 2438 175 2469 τοῖς
188 2438 257 2468 υἱοῖς
278 2437 334 2463 τῶν
352 2436 514 2472 ἀνθρώπων,
534 2437 573 2470 ὡς
591 2437 639 2464 νῦν
661 2437 840 2474 ἀπεκαλύφθη
856 2438 912 2470 τοῖς

117 2482 208 2516 ἁγίοις
218 2482 380 2514 ἀποστόλοις
394 2482 477 2509 αὑτοῦ
492 2483 540 2510 καὶ
555 2483 710 2519 προφήταις
720 2484 749 2510 ὲν
759 2483 911 2519 Πνεύματι,

118 2526 192 2556 εἶναι
208 2528 244 2555 τὰ
259 2528 324 2564 ἔθνη
338 2528 550 2564 συγκληρονόμα
563 2529 611 2555 καὶ
627 2529 826 2564 σύσσωμα,καὶ
842 2538 912 2565 συμ-

119 2575 226 2610 μέτοχα
240 2573 290 2610 τῆς
305 2575 473 2609 ἐπαγγελίας
484 2575 513 2601 ἐν
530 2575 651 2611 Χριστῷ.
666 2584 676 2601 ν
702 2575 810 2611 Ἐπειδὴ
826 2576 914 2612 δὲτὴν

118 2621 168 2648 τοῦ
187 2621 340 2657 μυστηρίου
361 2620 512 2656 παράδοσίν
523 2629 553 2647 τε
567 2621 615 2648 καὶ
625 2621 739 2656 δύναμιν
748 2621 914 2657 ἠγνοηκότες

120 2667 150 2693 ὲν
163 2667 236 2702 ἀρχῇ
251 2667 308 2693 τῶν
322 2666 525 2693 πιστευσάντων
539 2666 622 2699 τινὲς,
638 2666 690 2699 ἔξω
701 2666 851 2703 τρέπεσθαι
867 2666 914 2693 τοῦ

121 2713 226 2744 εἰκότος
242 2712 352 2749 ἧθελον,
366 2712 527 2744 πανδαισίας
538 2721 567 2739 τε
584 2712 632 2740 καὶ
651 2712 826 2748 δημοθοινίας
844 2712 914 2749 πλη-

124 2759 231 2794 ροῦντες
253 2760 283 2786 ὲν
311 2757 486 2794 ἐκκλησίαις,
511 2759 566 2790 τοῖς
588 2757 668 2785 τοῦτο
689 2758 756 2794 δρᾷν
779 2758 914 2791 εἰωθόσιν,

123 2805 237 2840 ἐπετίμα
261 2805 381 2840 γράφων
404 2805 420 2829 ὁ
447 2803 579 2838 μακάριος
605 2803 730 2835 Παῦλος·
756 2813 764 2829 ι
780 2804 826 2840 Μὴ
860 2804 915 2840 γὰρ

155 2894 175 2909 ⁹¹
192 2893 280 2922 lCor.
300 2901 341 2926 XI,
360 2891 406 2925 16,
420 2891 463 2919 Π.
501 2891 523 2907 ’³
542 2891 640 2925 Epltcs.
667 2899 705 2920 Ill.
729 2892 786 2919 5-6.

952 272 1094 307 pietate),
1111 273 1158 300 sed
1182 272 1254 298 illam
1280 271 1417 306 propriam
1443 269 1523 298 Verbi
1545 277 1656 297 carnem
1685 269 1741 304 iam

952 319 1085 345 vivilicant
1104 317 1226 345 eichtaut
1241 338 1248 349 ,
1262 317 1325 351 quia
1342 316 1400 350 ejus
1414 316 1483 342 facta
1499 320 1549 348 est,
1566 316 1611 349 qui
1633 319 1743 349 propter

954 364 1059 391 Patrem
1088 365 1153 391 vivit
1176 374 1181 391 :
1201 369 1228 391 ct
1255 369 1329 390 certe
1356 370 1408 389 non
1443 362 1558 388 dicimus
1588 361 1741 388 cxtrinseca

953 410 1156 444 participatione
1172 415 1201 437 et
1218 409 1363 436 adventitia
1382 408 1513 435 viviﬁcari
1528 407 1645 435 Verbum
1662 414 1677 434 a
1689 406 1742 433 Pa-

953 459 1004 486 tre,
1016 455 1062 482 sed
1082 455 1162 481 vitam
1183 455 1271 488 potius
1287 461 1334 488 per
1347 457 1471 480 naturam
1485 460 1546 480 esse
1557 452 1722 479 aﬂirmamus
1735 461 1743 484 ι

952 500 1058 535 genitus
1078 505 1120 527 est
1147 500 1218 528 enim
1241 500 1274 526 de
1298 499 1378 526 Patre
1407 503 1536 534 tanquam
1557 498 1591 525 de
1614 498 1679 524 vita.
1709 496 1744 524 Ut

952 546 1023 572 enim
1042 546 1129 581 l'ulgor
1144 553 1158 572 a
1176 545 1232 573 sole
1249 545 1364 577 missus,
1386 543 1492 572 si'forte
1506 543 1664 578 splendidus
1684 549 1745 569 esse

953 592 1058 620 dicatur
1072 597 1183 626 propter
1199 591 1361 622 tttilteutem,
1376 590 1416 617 vel
1436 595 1548 624 propter
1562 597 1624 616 eum
1641 596 1674 615 ex
1689 595 1745 622 quo

953 637 1091 672 provenit,
1109 644 1160 664 non
1177 644 1209 664 ex
1223 636 1429 670 participatione
1455 635 1534 662 habet
1548 639 1575 661 ut
1588 633 1741 667 splendeat,

953 685 999 711 sed
1012 683 1210 718 quodammodo
1224 690 1256 708 ex
1272 681 1386 708 naturali
1408 681 1549 708 nobilitate
1573 680 1648 707 illaut
1662 679 1743 706 emit-

954 730 1034 757 teutis
1056 737 1103 757 seu
1122 728 1283 763 fulgurantis
1304 727 1490 755 excellentiam
1507 726 1611 759 defert;
1632 725 1745 756 eodem,

953 778 1059 811 opinor,
1076 776 1167 808 modo,
1183 774 1334 809 eademque
1357 774 1461 801 ratione
1481 772 1588 800 etiantsi
1611 772 1702 799 vivere
1716 778 1746 798 se

954 824 1026 850 dicat
1053 822 1137 849 Filius
1157 827 1268 856 propter
1295 820 1422 851 Patrem,
1440 819 1490 846 sibi
1508 819 1580 845 illaut
1605 825 1637 845 cx
1664 817 1746 844 Patre

954 869 1120 895 nobilitatem
1137 875 1186 894 suo
1200 866 1354 894 testimonio
1367 865 1485 892 vindicat
1497 884 1504 896 ,
1516 871 1567 891 non
1586 864 1665 898 vulgo
1678 862 1744 889 alia-

954 923 1013 942 rum
1031 919 1217 941 crettturarunt
1238 913 1371 939 adutisttts
1390 911 1521 939 invectam
1536 916 1563 937 et
1575 910 1746 936 extrinsecus

953 966 1056 996 partam
1069 959 1168 987 habere
1179 966 1207 986 se
1219 958 1300 985 vitam
1312 958 1421 985 fatetur.
1435 955 1667 990 Quemadmodum
1678 962 1743 981 vero

954 1006 1088 1034 vivificum
1102 1011 1143 1033 est
1153 1005 1216 1032 illud
1232 1004 1315 1039 ipsius
1327 1003 1405 1031 Verbi
1414 1009 1522 1036 corpus,
1535 1001 1606 1036 quod
1616 1001 1666 1028 sibi
1678 1007 1744 1036 pro—

955 1053 1042 1088 priunt
1058 1051 1122 1079 fecit
1140 1059 1188 1086 per
1208 1058 1298 1077 veram
1318 1050 1443 1076 ttnionem
1454 1055 1531 1082 ,quaz
1541 1052 1568 1074 et
1589 1046 1742 1080 intelligen-

956 1100 1019 1126 tiam
1029 1104 1055 1126 et
1068 1105 1220 1126 sermonem
1233 1099 1342 1131 supcrat
1352 1115 1359 1128 ,
1375 1095 1416 1122 sie
1424 1102 1473 1122 nos
1485 1101 1593 1129 quoque
1610 1091 1655 1127 qui
1671 1091 1742 1118 illitis

956 1150 1055 1172 sauctm
1075 1145 1166 1171 carnis
1184 1148 1212 1170 et
1229 1141 1368 1177 sanguinis
1383 1141 1441 1176 ejus
1458 1139 1663 1174 participatione
1681 1137 1747 1164 frui-

957 1199 1028 1222 mur,
1045 1191 1155 1218 ontttiuo
1167 1189 1348 1220 vivilicamur,
1358 1194 1420 1214 cum
1432 1187 1458 1213 in
1472 1186 1550 1213 nobis
1561 1190 1668 1212 maneat
1681 1183 1746 1211 Ver-

957 1238 1021 1266 bum
1032 1241 1084 1264 t‘ton
1096 1236 1182 1264 solum
1197 1235 1288 1262 divino
1303 1233 1383 1260 modo
1399 1240 1447 1267 per
1458 1236 1582 1259 sanctum
1605 1231 1747 1265 Spiritum,

960 1284 1037 1321 ιιι
1050 1289 1142 1310 verum
1161 1281 1243 1309 etiam
1259 1281 1388 1312 humano,
1404 1286 1452 1313 per
1460 1283 1582 1305 sanctam
1597 1276 1670 1303 illam
1686 1282 1746 1302 car-

960 1338 1021 1358 nem
1050 1329 1255 1364 pretiosumque
1266 1327 1326 1361 ejus
1338 1325 1509 1360 sanguinem.
1522 1323 1586 1351 “Inc
1603 1330 1663 1357 quae
1682 1322 1749 1352 dixi,

958 1383 1022 1403 vera
1036 1382 1097 1403 esse
1115 1374 1210 1402 beatus
1226 1372 1323 1400 Paulus
1341 1379 1392 1399 suo
1401 1369 1530 1405 sulfragio
1544 1370 1699 1399 conﬁrmat,
1711 1367 1750 1393 sic

960 1423 1082 1450 scribens
1097 1422 1129 1449 ad
1139 1429 1186 1448 eos
1202 1421 1247 1455 qui
1267 1417 1391 1447 Corintlti
1414 1417 1440 1444 in
1467 1415 1610 1443 Dominum
1629 1418 1749 1441 nostrum

960 1469 1051 1497 Jcsum
1063 1467 1201 1495 Christum
1215 1465 1391 1493 conﬁdebant
1409 1469 1417 1490 :
1435 1472 1444 1489 ι
1463 1461 1603 1496 Tanquam
1634 1460 1750 1494 pruden-

963 1515 1034 1541 tibus
1046 1514 1118 1545 dico,
1135 1511 1255 1546 judicate
1266 1517 1317 1537 vos
1337 1510 1408 1547 quod
1425 1506 1506 1535 dico?
1531 1506 1608 1534 Calix
1638 1504 1751 1532 benedi-

962 1560 1061 1588 ctionis
1072 1559 1114 1586 cui
1130 1556 1326 1587 benedicimus,
1345 1561 1434 1582 nontte
1461 1551 1670 1580 communicatio
1685 1557 1748 1577 san—

960 1607 1048 1642 guinis
1072 1603 1172 1633 Christi
1198 1603 1259 1631 est?
1285 1601 1362 1637 panis
1373 1607 1452 1635 quent
1478 1598 1638 1632 frangimus,
1665 1604 1752 1623 nonne

960 1650 1176 1680 communicatio
1190 1649 1314 1684 corporis
1334 1647 1436 1675 Cltristi
1453 1643 1658 1677 cst?thniatn
1683 1649 1753 1668 unus

961 1698 1039 1734 panis
1053 1703 1078 1725 et
1094 1704 1176 1724 unum
1188 1702 1287 1730 corpus
1304 1693 1379 1721 multi
1397 1699 1503 1721 smnus.
1521 1696 1616 1717 outttes
1630 1688 1700 1715 enitn
1719 1687 1752 1713 de

961 1753 1015 1773 uno
1028 1752 1096 1780 pauc
1106 1743 1299 1779 partlcipamus
1312 1739 1347 1766 ".
1366 1749 1375 1766 ι
1398 1737 1547 1772 Participcs
1559 1742 1676 1769 namque
1689 1741 1752 1761 san-

961 1792 997 1819 cti
1012 1778 1133 1825 spiritus
1144 1788 1244 1821 ell'ecti,
1265 1791 1293 1815 et
1313 1785 1364 1821 ipsi
1385 1779 1658 1813 omnium‘Salvatori
1673 1778 1752 1807 Citri-

961 1845 1014 1871 sw,
1033 1843 1060 1866 et
1071 1838 1142 1864 inter
1156 1843 1206 1863 nos
1220 1835 1346 1862 uuimur:
1365 1829 1576 1865 concorporalcs
1602 1827 1684 1855 etiam
1699 1826 1750 1853 hoc

961 1885 1043 1912 modo
1055 1890 1148 1911 sutnus
1159 1901 1167 1914 ,
1183 1891 1193 1908 ι
1214 1880 1342 1916 quoniatn
1355 1886 1424 1905 unus
1450 1876 1527 1912 panis
1557 1882 1639 1902 ttutttu
1655 1880 1754 1906 corpus

963 1929 1040 1957 tttulti
1069 1936 1191 1956 sumus:
1222 1933 1316 1954 omnes
1349 1924 1421 1952 ettittt
1442 1923 1475 1950 de
1510 1928 1563 1948 uno
1602 1926 1672 1954 pane
1693 1925 1754 1953 par—

964 1976 1114 2011 ticipatnus.
1138 1984 1148 2000 ι
1165 1973 1292 2007 Conligat
1306 1978 1423 2005 namque
1440 1976 1487 1996 nos
1501 1967 1534 1994 ad
1550 1967 1681 1993 unitatem
1692 1972 1753 1991 cor-

963 2010 1016 2059 pus
1028 2021 1129 2050 Christi
1140 2020 1211 2055 quod
1226 2024 1269 2046 est
1283 2018 1309 2045 in
1325 2017 1413 2050 nobis,
1428 2021 1517 2049 neqtte
1533 2018 1573 2040 est
1598 2011 1653 2038 ullo
1674 2010 1754 2037 modo

963 2069 1091 2096 divisum.
1107 2067 1193 2094 Porro
1209 2073 1256 2101 per
1272 2063 1373 2092 Christi
1386 2069 1485 2096 corpus
1499 2060 1532 2087 ad
1559 2059 1689 2086 unitatem
1705 2064 1753 2091 per

963 2123 1045 2151 quam
1057 2118 1084 2142 et
1100 2121 1162 2141 cum
1179 2113 1239 2147 ipso
1262 2111 1371 2138 etiutcr
1385 2115 1434 2136 nos
1451 2107 1600 2142 iungimur,
1624 2104 1754 2132 collectos

963 2149 1023 2188 esse
1038 2160 1181 2188 conﬁrmat
1194 2159 1289 2186 beatus
1301 2155 1414 2187 Paulus,
1428 2161 1488 2182 cum
1503 2151 1598 2183 scribit
1611 2159 1618 2178 :
1636 2159 1646 2176 ι
1667 2149 1753 2183 Hujus

964 2208 1002 2235 rei
1017 2207 1103 2241 gratia
1116 2213 1165 2240 ego
1173 2204 1272 2232 Paulus
1287 2203 1392 2229 vinctus
1405 2199 1505 2228 Christi
1522 2198 1585 2225 Jesu
1599 2204 1648 2231 pro
1676 2194 1754 2222 vobis

965 2254 1103 2288 gentibus,
1121 2252 1143 2279 si
1160 2257 1248 2278 tamen
1268 2248 1385 2278 audistis
1409 2243 1639 2283 dispensationem
1659 2241 1753 2276 gratia:

966 2286 1025 2331 bei,
1040 2306 1101 2334 quae
1110 2298 1171 2325 data
1187 2301 1228 2324 est
1250 2295 1315 2323 ntilti
1332 2295 1358 2321 in
1377 2300 1437 2323 vos,
1455 2290 1584 2325 quoniam
1605 2286 1753 2315 secundum

965 2345 1161 2373 revelatiottem
1175 2347 1268 2370 notum
1284 2340 1349 2369 tnibi
1368 2338 1469 2366 factum
1482 2340 1524 2363 est
1541 2337 1753 2363 sacramentum,

965 2391 1037 2420 sicut
1049 2397 1130 2425 supra
1148 2388 1244 2423 scripsi
1260 2387 1285 2414 in
1296 2385 1383 2418 brevi,
1399 2388 1480 2420 prout
1502 2379 1616 2417 potestis
1635 2378 1755 2425 legentes

966 2436 1119 2470 intelligere
1143 2433 1315 2470 prudentiam
1338 2437 1426 2458 meam
1449 2428 1476 2456 in
1500 2425 1628 2462 mysterio
1640 2421 1754 2470 Christi,

967 2482 1038 2518 quod
1050 2467 1111 2509 aliis
1125 2467 1345 2516 generationibus
1363 2484 1414 2505 non
1423 2479 1465 2502 est
1488 2473 1607 2508 agnitum
1629 2469 1691 2498 ﬁliis
1705 2467 1754 2518 lto—

967 2513 1082 2562 titinum,
1098 2513 1179 2556 sicuti
1195 2533 1268 2553 nunc
1282 2523 1430 2551 revelatum
1442 2524 1485 2547 est
1506 2517 1608 2546 sanctis
1624 2513 1755 2549 apostolis

967 2576 1026 2611 ejus
1042 2560 1221 2610 et-prophetis
1235 2572 1261 2599 in
1277 2570 1393 2606 Spiritu,
1406 2571 1501 2603 gentes
1512 2560 1753 2611 esseAcohret-‘edeis,

967 2605 1185 2655 concorporaies,
1199 2622 1227 2645 et
1241 2613 1448 2650 comparticipes
1456 2608 1647 2647 promissionis
1658 2606 1715 2641 ejus
1729 2605 1754 2632 in
1799 2630 1802 2634 ,

966 2653 1076 2696 Christo
1089 2666 1123 2694 ".
1140 2674 1150 2691 ι
1170 2663 1306 2698 Quoniam
1329 2668 1395 2690 vero
1408 2667 1424 2687 a
1444 2657 1578 2695 principio
1594 2653 1754 2682 nonnullicx

966 2714 1001 2743 iis
1014 2713 1060 2749 qui
1070 2712 1255 2743 crediderant,
1267 2708 1349 2744 hujus
1366 2705 1490 2743 mysterii
1519 2702 1691 2749 traditionem
1724 2705 1755 2724 ac

966 2746 1202 2794 vittrignorantes,
1220 2755 1253 2783 ab
1269 2761 1302 2782 eo
1319 2753 1391 2788 quod
1411 2748 1591 2780 conveniebat
1621 2746 1758 2774 divertere

966 2791 1101 2838 volebint,
1115 2809 1141 2831 et
1158 2802 1282 2832 oatnibus
1294 2799 1416 2836 exposita
1444 2795 1568 2826 convivia
1584 2799 1611 2822 et
1634 2791 1758 2828 publicas
