1886 3056
131 138 186 167 195

627 137 657 165 8.
676 138 815 167 CYRILLI
830 135 1065 166 ALEXANDRINI
1084 135 1245 164 ARClllEP.

1708 132 1763 160 196

131 196 227 232 epulas
244 196 271 224 in
288 196 411 225 ecclesiis
425 196 606 230 instruebant,
622 197 745 225 homines
768 197 813 232 qui
831 197 856 225 id

1019 196 1054 227 Ῑας
1079 195 1129 222 οὐκ
1147 194 1286 230 ἐχετεἺείς
1306 193 1336 220 τὸ
1357 192 1458 220 ἐσθίειν
1479 192 1526 219 καὶ
1549 191 1654 226 πίνειν;
1676 192 1693 228 ἢ
1710 192 1763 228 τὴν

131 250 196 270 cere
208 247 416 273 consueverant,
443 242 568 278 objurgat
595 243 690 271 beatus
711 243 820 276 Paulus,
846 244 915 270 scri-

132 289 201 317 bens
216 297 226 316 :
248 298 257 314 I
278 287 402 322 Nunquid
429 288 524 315 domos
548 296 603 316 non
632 289 739 316 habetis
753 289 786 315 ad
803 288 916 316 mandu-

131 334 248 361 candum
256 338 284 360 ct
299 333 462 360 bibendum?
475 337 523 360 aut
538 333 682 361 ecclesiam
699 333 746 360 Dei
762 333 916 361 contcmni-

132 380 178 413 tis,
193 385 219 406 et
231 379 397 406 confunditis
410 386 457 406 eos
469 379 514 414 qui
527 387 579 407 non
594 379 714 406 habent?
729 379 798 412 Quid
823 379 913 406 dicam

130 424 224 452 vobis?
234 424 352 451 Laudem
366 424 448 451 vosin
460 423 529 451 hoc?
541 431 594 451 non
605 424 694 451 laudo.
711 423 767 458 Ego
781 424 852 451 enim
867 431 914 451 ac-

129 471 188 504 cepi
204 478 219 497 a
234 469 356 503 Domino,
367 470 439 505 quod
455 475 482 497 et
494 470 590 498 tradidi
606 470 683 498 vobis
701 478 709 497 :
722 470 850 505 quoniam
861 469 914 496 Do-

130 515 220 542 minus
233 514 311 542 Jesus
327 515 453 543 (2hristus
467 515 494 543 in
510 522 562 550 qua
577 520 656 543 nocte
670 515 783 542 traditus
799 519 852 547 est.
865 521 914 542 ac-

128 560 200 594 cepit
214 568 322 595 panem.
336 565 364 588 et
375 562 476 595 gratias
494 568 576 596 agens
591 560 683 596 fregit.
705 565 732 588 et
746 560 815 588 dixit
829 568 836 586 :
851 560 912 588 Hoc

127 609 169 632 est
184 612 282 639 corpus
292 611 394 637 meum,
411 605 483 640 quod
498 612 548 640 pro
573 605 649 633 vobis
672 614 680 632 :
702 607 753 632 hoc
784 605 864 632 facite
882 605 913 633 in

129 657 215 678 meam
228 650 661 679 commemorationem.Similiter
672 655 701 678 et
714 651 825 679 calicem
839 655 913 686 post-

126 704 207 731 quam
223 697 302 732 112
317 697 449 730 cmnavit,
460 697 554 725 dicens
568 704 576 724 :
595 696 644 725 llic
659 697 729 725 calix
747 705 844 725 novum
861 697 912 725 Te

126 748 290 770 stameutum
308 747 350 771 est
377 742 404 770 in
419 750 479 771 meo
493 743 624 778 sanguine
641 752 649 770 :
665 743 717 771 hoc
738 743 830 776 facile,
845 751 912 778 quo.

127 789 286 823 ticscunque
311 789 416 821 facitis,
438 789 466 816 in
498 796 586 816 meam
615 789 910 817 commemorationem.

126 834 344 869 Quotiescunque
359 834 556 862 manducahitis
575 841 671 869 panem
689 834 774 866 hunc,
800 840 827 862 et
846 834 912 861 cali.

965 240 1115 276 ἐκκλησίαν
1127 239 1175 267 τοῦ
1187 238 1255 266 Θεοῦ
1273 239 1479 273 καταφρονεῖτε,
1499 237 1546 264 καὶ
1562 237 1763 273 καταισχύνετε

966 287 1029 318 τοὺς
1045 286 1084 321 μὴ
1099 285 1225 321 ἔχονταςς
1247 285 1274 311 τί
1293 285 1363 311 εἴπω
1380 285 1460 320 ὑμῖν;
1477 284 1615 311 ἐπαινέσω
1639 284 1714 318 ὑμᾶς
1730 283 1763 308 ἐν

965 331 1067 365 τούτῳ,
1090 331 1140 357 οὐκ
1160 330 1274 357 ἐπαινῶ.
1302 329 1373 364 Ἐγὼ
1395 330 1451 365 γὰρ
1469 329 1621 365 παρέλαϐον
1640 329 1694 356 ἀπὸ
1711 328 1762 356 τοῦ

966 377 1080 412 Κυρίου,
1097 377 1111 403 ὃ
1123 376 1170 403 καὶ
1184 376 1332 411 παρέδωκα
1347 376 1428 410 ὑμῖν⁸
1452 376 1493 403 ὅτι
1507 377 1521 402 6
1534 375 1635 411 Κύριος
1654 372 1762 410 Ἰησοῦς

965 422 1081 458 Χριστὸς
1095 424 1125 449 ἐν
1143 423 1175 458 τῇ
1189 422 1268 448 νυκτὶ
1318 421 1464 457 παρεδόθη,
1486 421 1581 448 ἔλαϐεν
1594 421 1686 456 ἄρτον,
1709 421 1761 448 καὶ

965 468 1165 503 εὐχαριστήσας
1186 467 1295 500 ἔκλασε,
1311 468 1358 494 καὶ
1375 465 1436 494 εἶπε
1448 475 1457 484 ο
1475 467 1560 493 Τοῦτό
1576 467 1627 502 μού
1638 468 1708 498 ,ἐστι
1726 467 1761 493 τὺ

966 514 1046 549 σῶμα
1062 514 1093 541 τὸ
1107 514 1178 549 ὑπὲρ
1201 513 1297 548 ἡμῶν·
1322 512 1401 540 τοῦτο
1427 513 1528 540 ποιεῖτε
1553 513 1594 545 είς
1613 513 1663 549 τὴν
1684 513 1760 549 ἐμὴν

965 560 1128 595 ἀνάμνησιν.
1157 559 1295 591 Ὡσαύτως
1312 560 1359 586 καὶ
1378 559 1407 586 τὸ
1428 559 1557 594 ποτήριον
1574 559 1642 594 μετὰ
1658 559 1688 586 τὸ
1701 559 1758 586 δειο

966 606 1078 641 πνῆσαι,
1098 605 1187 640 λέγων
1197 614 1205 621 ·
1220 605 1305 632 Τοῦτο
1317 605 1346 632 τὺ
1362 605 1490 640 ποτήριον
1504 605 1520 640 ἡ
1538 605 1620 640 καινὴ
1633 606 1757 640 Διαθὴκη

963 651 1047 682 ἐστὶν,
1062 651 1091 678 ὲν
1103 651 1142 687 τῷ
1153 652 1249 687 αἵματι
1260 651 1298 686 τῷ
1312 651 1371 687 ἐμῷ
1380 659 1386 665 ’
1401 651 1479 678 τοῦτο
1491 652 1602 682 ποιεῖτε,
1617 651 1711 681 ὁσάκις
1722 651 1758 677 ἂν

963 698 1074 728 ποιεῖτε.
1092 697 1131 730 είς
1143 697 1193 733 τὴν
1207 697 1279 733 ἐμὴν
1296 697 1460 731 ἀνάμνησιν,
1475 695 1586 727 Ὁσάκις
1599 695 1633 721 ἂν
1646 694 1757 730 ἐσθίητε

963 743 1009 771 τὸν
1025 744 1107 779 ἄρτον
1121 744 1226 778 τοῦτον,
1243 744 1291 771 καὶ
1309 743 1338 770 τὸ
1353 743 1483 778 ποτήριον
1494 742 1599 776 πίνητε,
1611 742 1658 768 τὸν
1672 741 1754 768 θάνα-

962 799 1008 817 τον
1024 790 1071 817 τοῦ
1085 791 1189 825 Κυρίου
1208 789 1418 824 καταγγέλλετε,
1438 789 1518 824 ἄχρις
1532 785 1562 815 οὗ
1583 789 1677 825 ἔλθῃ..
1698 788 1757 815 Καὶ

963 837 1035 863 θεῖον
1053 837 1102 872 μὲν
1119 836 1200 863 ὅτιτὸ
1216 836 1376 872 μυστήριον,
1395 835 1442 862 καὶ
1456 834 1587 868 ζωοποιὸς
1600 835 1617 869 ὴ
1635 833 1756 869 μέθεξις,

125 888 185 907 cem
208 880 316 912 bibetis,
331 885 445 908 mortem
471 879 577 907 Domini
605 879 800 908 annuntiabitis
826 879 869 908 dor

1024 882 1074 918 τὴς
1087 881 1256 917 ἄναιμάκτου
1272 881 1387 917 ταυτησί
1408 880 1503 912 θυσίας
1516 881 1532 916 ή
1545 880 1659 914 δύναμις
1677 879 1756 914 παρὰ

124 926 257 952 veniat".
277 935 286 952 ι
303 925 341 953 Ac
351 926 470 953 divinum
486 925 596 961 quidem
611 925 661 952 hoc
677 932 737 953 esse
753 925 908 961 mysterium

124 971 414 1006 participationcmque
425 971 482 1005 ejus
498 971 645 1005 viviﬁeam,
664 977 691 1000 et
705 972 853 999 incruenta
863 971 910 999 hu-

122 1017 167 1051 jus
180 1017 274 1046 hostiae
286 1020 338 1045 vim
349 1018 426 1052 longe
438 1017 483 1046 illo
496 1018 574 1052 legali
590 1018 664 1046 cultu
680 1018 907 1053 praestantiorem,

125 1063 257 1097 perfacile
278 1069 318 1091 est
330 1064 422 1091 videre
434 1064 476 1091 vel
490 1063 524 1091 ab
535 1071 569 1091 eo
582 1064 650 1098 ipso,
669 1064 740 1099 quod
755 1064 798 1090 illa
814 1064 909 1098 priscis

126 1109 281 1137 hominibus
304 1111 407 1137 sancita
429 1118 478 1145 per
503 1109 606 1142 Mosen,
637 1110 733 1137 umbra
772 1110 908 1144 dicuntur,

124 1154 250 1182 Christus
273 1163 337 1183 vero
350 1155 461 1190 ejusque
476 1156 578 1188 omnia,
604 1157 707 1183 veritas
723 1156 907 1190 appellantur;

125 1201 158 1226 ad
171 1208 284 1234 eamque
296 1208 354 1228 rem
368 1202 579 1229 conlirmandam
594 1202 672 1229 nobis
684 1201 737 1229 erit
756 1201 909 1236 adiumento

125 1245 220 1272 beatus
232 1245 340 1279 Paulus,
356 1247 402 1281 qui
418 1247 459 1273 sic
478 1247 606 1281 scripsit:
631 1256 640 1272 ‹
659 1246 765 1274 lrritam
791 1247 852 1282 quis
869 1246 908 1274 la-

123 1291 200 1318 ciens
211 1290 295 1326 legem
310 1291 384 1324 Mosi,
398 1292 457 1319 sine
472 1291 525 1318 ulla
542 1293 719 1320 miseratione
745 1293 851 1320 duobus
865 1292 907 1320 vel

125 1336 210 1364 trihus
225 1337 336 1365 testibus
350 1338 464 1364 moritur
476 1347 483 1364 :
495 1343 596 1372 quanto
605 1339 690 1373 magis
718 1339 819 1373 putatis
837 1339 910 1367 dete-

125 1383 196 1409 riora
214 1384 310 1410 mereri
325 1384 467 1418 supplicia,
482 1384 527 1419 qui
541 1383 639 1411 Filium
663 1385 710 1412 Dei
734 1385 908 1413 conculcave-

124 1428 168 1459 rit,
187 1429 383 1463 ctsanguincm
399 1429 564 1457 Tcstamcnti
589 1430 720 1465 pollutunt
744 1430 858 1463 duxerit,
882 1431 909 1458 in

122 1481 176 1507 quo
190 1474 373 1502 sanctiﬁcatus
384 1480 471 1508 est,et
485 1475 598 1511 Spiritui
609 1477 702 1510 gratia;
716 1476 908 1504 contumeliam

122 1519 274 1547 ﬁecerit”?
299 1529 309 1546 ι
341 1520 463 1549 Edebant
488 1523 560 1550 enim
595 1523 633 1551 illi
652 1527 757 1550 veteres
786 1523 910 1550 homines

962 928 1029 955 πολὺ
1048 928 1099 962 τῆς
1113 927 1143 954 ὲν
1157 928 1232 962 νόμῳ
1255 926 1383 962 λατρείας
1404 926 1536 961 ἀμείνων,
1562 925 1757 960 ἀταλαίπωρον

963 973 1036 1006 ἰδεῖν,
1056 973 1104 1000 καὶ
1118 973 1155 1004 ὡς
1170 972 1225 999 ἀπό
1244 981 1276 1007 γε
1289 972 1336 999 τοῦ
1357 971 1482 1006 λέγεσθαι
1497 971 1578 998 σκιὰν
1593 971 1643 1006 μὲν
1661 971 1756 997 ὲκείνα

961 1019 996 1046 τὰ
1021 1019 1065 1046 διὰ
1094 1019 1216 1051 Μωσέως
1243 1021 1298 1052 τοῖς
1324 1019 1512 1055 ἀρχαιοτέροις
1540 1017 1754 1053 τεθεσπισμένα,

962 1065 1080 1101 Χριστόν
1096 1073 1128 1099 γε
1150 1065 1204 1100 μὴν
1222 1062 1293 1092 εἶναι
1311 1065 1357 1092 καὶ
1376 1061 1412 1091 τὰ
1433 1064 1515 1091 αὐτοῦ
1534 1063 1585 1099 τὴν
1601 1063 1732 1098 ἀλήθειαν
1745 1070 1754 1078 ·

963 1110 1126 1146 συλλήψεται
1151 1110 1180 1137 δὲ
1202 1110 1271 1146 πρὸς
1292 1110 1371 1137 τοῦτο
1396 1111 1463 1146 ἡμῖν
1486 1110 1534 1136 καὶ
1559 1110 1574 1135 6
1598 1108 1755 1143 caprina-:0;

962 1155 1077 1187 Παῦλος,
1092 1155 1141 1182 ὡδὶ
1153 1155 1299 1191 γεγραφώς
1309 1163 1316 1170 ·
1331 1165 1340 1181 ι
1361 1155 1510 1189 Ἀθετήσας
1523 1163 1566 1186 τις
1584 1154 1664 1189 νόμον
1685 1154 1753 1180 Μω-

963 1201 1042 1233 σέως,
1063 1202 1148 1238 χωρίς
1167 1201 1319 1236 οἰκτιρμῶν
1337 1201 1383 1227 ἐπὶ
1397 1201 1505 1236 δυσὶνῆ
1525 1201 1599 1237 τρισὶ
1620 1201 1754 1235 μάρτυσιν

962 1246 1147 1282 ἀποθνήσκειο
1177 1246 1254 1281 πόσῳ
1283 1246 1387 1273 δοκεῖτε
1420 1246 1542 1282 χείρονος
1568 1245 1753 1281 ἀξιωθήσεται

961 1291 1108 1327 τιμωρίας,
1123 1291 1138 1317 6
1153 1291 1199 1318 τὸν
1218 1291 1282 1318 Υἱὸν
1295 1290 1340 1317 τοῦ
1356 1290 1424 1318 Θεοῦ
1441 1291 1648 1326 καταπατήσας,
1659 1290 1706 1317 καὶ
1721 1289 1754 1317 τὸ

962 1336 1032 1373 αἷμα
1041 1338 1091 1372 τῆς
1103 1337 1240 1373 Διαθήκης
1252 1337 1339 1364 κοινὸν
1351 1337 1534 1373 ἡγησάμενος,
1544 1337 1573 1364 ὲν
1587 1334 1609 1370 ᾧ
1621 1336 1751 1372 ἡγιάσθη,

964 1383 1011 1409 καὶ
1025 1382 1055 1408 τὸ
1070 1382 1183 1417 Πνεῦμα
1196 1382 1247 1416 τῆς
1262 1381 1373 1417 χάριτος
1386 1382 1546 1417 ὲνυὸρίσαςς
1557 1390 1566 1407 ι
1579 1381 1691 1408 Ἤσθιον
1701 1381 1753 1416 μὲν

962 1429 1015 1465 γὰρ
1028 1429 1053 1456 oi
1065 1428 1150 1456 πάλαι
1164 1427 1345 1459 καταθύοντες
1366 1427 1413 1454 τὸν
1434 1428 1535 1463 ἀμνόν·
1558 1428 1575 1463 ή
1597 1428 1626 1454 δέ
1649 1436 1681 1462 γε
1701 1427 1754 1463 τῆς

963 1474 1090 1511 βρώσεως
1116 1474 1250 1509 δύναμις,
1279 1473 1330 1501 οὐκ
1358 1475 1398 1506 είς
1425 1474 1506 1510 κόρον
1532 1474 1626 1505 ἅπλῶς
1652 1473 1754 1509 ἐχώρει

962 1521 1089 1556 γαστρὸς,
1111 1520 1168 1548 ἀλλ’
1187 1520 1249 1547 οὐδὲ
1266 1521 1367 1556 ταύτης
1382 1521 1463 1548 ἕνεκα
1474 1521 1524 1556 τῆς
1539 1520 1628 1552 αἰτίας
1645 1520 1679 1546 τὰ
1699 1519 1753 1555 τῆς

122 1573 220 1599 agnum
239 1566 406 1595 immolatum
423 1569 491 1596 :sed
502 1569 546 1596 illa
561 1570 603 1597 vis
629 1569 687 1603 ejus
701 1576 770 1596 esca:
796 1577 849 1596 non

1006 1567 1056 1598 ria;
1077 1566 1257 1601 ἐπετηδεύετο
1279 1567 1350 1596 κατὰ
1370 1568 1468 1603 νόμον·
1489 1567 1548 1595 ἀλλ’
1571 1567 1615 1593 ἴνα
1632 1566 1750 1593 θανᾶτου

122 1612 274 1640 satietatem
290 1614 392 1641 ventris
405 1616 593 1643 tantummodo
617 1615 739 1648 cedebat,
770 1623 857 1651 neque
876 1623 908 1643 ca

123 1657 156 1685 de
168 1665 249 1686 causa
264 1660 433 1688 sacriﬁcandi
449 1661 518 1688 ritus
548 1662 698 1689 secundum
716 1662 802 1697 legem
816 1669 909 1689 serva-

123 1704 216 1734 batur;
228 1705 274 1730 sed
293 1710 320 1731 ut
335 1710 449 1733 mortem
464 1707 490 1732 in
504 1706 573 1734 alios
584 1707 756 1735 invadentem
787 1707 838 1742 ipsi
861 1714 908 1734 su-

122 1755 258 1783 perarent,
288 1756 315 1777 et
342 1752 578 1779 extcrminatorem
615 1752 786 1787 eii‘ugercnt:
816 1754 908 1788 itaque

123 1798 200 1820 :Ioclc
213 1801 265 1820 una
282 1795 421 1822 interfecta
439 1795 695 1832 suuthgyptiorum
711 1797 905 1831 primogenita:

122 1838 160 1865 illi
171 1846 233 1865 vero
247 1840 315 1866 nuda
333 1840 415 1875 ﬁgura
429 1841 535 1873 tnuuiti.
550 1841 643 1869 soliab
662 1849 694 1869 ea
716 1843 904 1876 servabantur,

121 1889 150 1910 ct
161 1885 284 1911 ttiiihram
298 1886 397 1913 auxilio
413 1886 553 1920 habentes,
565 1888 645 1915 etiam
667 1888 723 1923 ipsa
743 1893 828 1916 morte
860 1897 906 1916 su-

122 1931 241 1964 periores
257 1936 411 1958 evaserunt.
424 1931 494 1967 Ergo
508 1934 705 1960 conservabant
729 1935 793 1969 ipsae
815 1935 906 1970 ﬁgura:

121 1983 168 2003 cos
179 1976 224 2011 qui
238 1981 301 2007 ante
315 1984 365 2005 nos
378 1977 497 2006 fuerunt.
512 1978 617 2011 Quanto
634 1979 718 2014 igitur
751 1987 795 2007 res
808 1985 906 2007 nostra:

121 2026 185 2048 sunt
195 2022 411 2056 excellentiores,
423 2023 520 2058 quibus
533 2025 590 2059 ipsa
606 2026 714 2057 veritas.
731 2025 756 2053 id
767 2031 808 2053 est
825 2026 905 2054 Chri-

121 2072 190 2100 stus.
207 2067 308 2102 illuxit,
322 2074 500 2104 sanctamque
512 2078 590 2098 suam
609 2078 719 2098 carnem
744 2072 777 2098 ad
794 2072 906 2107 partici-

121 2113 238 2148 pandum
254 2115 394 2149 apposuit?
417 2117 552 2151 quomodo
582 2117 608 2144 id
633 2125 685 2145 non
717 2118 753 2145 sit
779 2120 905 2146 omnibus

120 2158 314 2193 perspicuum?
331 2159 414 2189 Multo
427 2169 544 2196 namque
559 2167 621 2190 sunt
635 2162 729 2198 procul
740 2164 821 2191 dubio
837 2171 905 2198 pra:-

120 2204 303 2232 stantioresac
317 2206 482 2240 superiores.
496 2207 585 2239 Atque
596 2207 676 2242 hujus
704 2209 825 2244 mysterii
849 2210 902 2237 vim
919 2226 943 2256 ι)

120 2249 306 2277 utdeclararet
319 2250 448 2280 Dominus
474 2258 567 2280 n05ler
590 2251 668 2280 Jesus
693 2254 823 2286 Christus,
843 2254 902 2281 ait:

123 2304 132 2321 ι
148 2296 233 2324 Amen
254 2296 316 2324 dico
330 2297 419 2330 vobis,
435 2299 577 2333 quicrcdit
591 2300 616 2326 in
635 2307 688 2332 me,
716 2301 798 2328 habet
823 2301 904 2328 vitam

119 2346 260 2369 :cternam.
273 2342 328 2378 Ego
342 2350 400 2370 sum
413 2344 492 2378 panis
504 2345 574 2372 vitm.
592 2345 689 2373 Patres
716 2347 798 2374 vestri
827 2354 905 2374 man—

121 2385 395 2414 ducaveruntmanna
411 2388 437 2415 in
448 2388 568 2421 deserto,
583 2394 611 2416 et
636 2391 733 2418 mortui
761 2396 823 2418 sunt
837 2400 845 2419 :
862 2391 906 2419 hic

121 2433 163 2456 cst
173 2430 250 2464 panis
265 2430 299 2458 de
312 2431 380 2459 cmlo
403 2431 581 2465 descendens,
604 2438 634 2461 ut
653 2434 676 2462 si
702 2435 763 2468 quis
789 2442 820 2462 ex
849 2435 906 2470 ipso

121 2474 273 2508 manducet,
290 2483 342 2504 non
360 2478 500 2506 moriatur.
520 2478 574 2514 Ego
587 2486 646 2506 sum
673 2481 751 2515 panis
767 2480 842 2508 vivus
858 2480 904 2515 qui

121 2519 154 2545 de
171 2519 240 2546 cmlo
253 2521 390 2549 descendi.
419 2523 447 2550 Si
473 2525 534 2559 quis
562 2525 765 2553 manducaverit
791 2533 824 2553 ex
855 2527 906 2554 hoc

122 2571 200 2598 pane,
217 2565 289 2593 vivet
307 2567 334 2594 in
350 2573 479 2596 aeternum
493 2579 500 2596 :
520 2571 634 2605 ctpanis
660 2579 739 2606 quem
755 2579 804 2606 ego
825 2572 904 2604 dabo.

122 2616 186 2636 caro
202 2617 260 2637 mea
276 2615 317 2638 cst
332 2620 380 2647 pro
394 2615 485 2642 mundi
499 2615 553 2642 vita
567 2616 601 2643 ".
621 2626 630 2642 ι
646 2617 712 2644 Nam
728 2618 790 2653 quia
802 2624 835 2644 ex
860 2625 907 2652 ge-

123 2662 186 2681 nere
201 2655 282 2682 Israel
300 2658 354 2684 nati
366 2658 398 2685 de
413 2667 512 2686 manna
525 2662 740 2695 suppeditatiune
753 2661 845 2690 Mosen
858 2662 906 2689 ad-

123 2698 300 2732 mirabantur,
319 2702 396 2737 113
412 2705 484 2737 quod
519 2713 579 2732 cum
603 2713 650 2740 per
675 2707 812 2734 desertum
847 2707 906 2742 ejus

123 2746 250 2780 temporis
261 2747 413 2778 ltontinibus
431 2751 575 2779 demissum
588 2751 694 2787 fuisset,
712 2758 802 2788 typum
822 2754 906 2788 gessit

159 2833 182 2849 "
195 2833 205 2861 Ι
219 2834 279 2862 Cur.
298 2844 334 2869 xl,
349 2837 441 2864 ‘22-‘26.

959 1613 1016 1644 τοῖς
1044 1611 1134 1644 ἄλλοις
1157 1612 1378 1644 ἑκπεπτωκότος,
1405 1612 1544 1646 κρείττους
1566 1620 1596 1637 τε
1621 1609 1676 1638 εἷεν
1701 1610 1750 1637 τοῦ

959 1656 1055 1683 παθεῖν
1070 1657 1156 1689 αὐτοὶ,
1173 1657 1221 1684 καὶ
1230 1657 1442 1692 διαδιδράσκοιεν
1451 1656 1496 1682 τὸν
1504 1656 1678 1692 ὁλοθρευτήν.
1695 1656 1752 1682 Καὶ

959 1701 1024 1736 γοῦν
1048 1701 1183 1737 ἀνῄρηται
1213 1701 1263 1737 μὲν
1291 1702 1321 1728 ὲν
1349 1703 1398 1736 μιᾷ
1425 1702 1503 1727 νυκτὶ
1527 1701 1561 1728 τὰ
1589 1701 1751 1737 πρωτότοκα

957 1747 1131 1781 Αἰγυπτίων·
1156 1747 1181 1774 oi
1205 1747 1234 1774 δὲ
1257 1747 1304 1774 καί
1319 1747 1389 1782 ψιλῷ
1410 1747 1449 1782 τῷ
1466 1748 1540 1782 τόπῳ
1562 1747 1628 1783 [ίσ.
1649 1747 1748 1782 τύπῳ]

957 1794 1164 1829 τετειχισμέναι,
1195 1794 1271 1829 μόνοι
1294 1794 1359 1829 παρ’
1384 1794 1488 1821 ἐκείνου
1517 1793 1668 1826 ἐσώζοντο,
1702 1793 1749 1820 καὶ

957 1838 1088 1866 σύνοπλον
1109 1840 1216 1874 ἔχοντες
1243 1839 1293 1874 τὴν
1327 1839 1418 1872 σκιὰν,
1448 1840 1496 1866 καὶ
1524 1839 1606 1866 αὐτοῦ
1632 1839 1748 1866 θανάτου

957 1885 1222 1920 κατευμεγεθοῦντες
1243 1885 1394 1920 ἐφαίνοντο.
1413 1884 1520 1913 Οὐκοῦν
1534 1885 1635 1917 ἔσωζον
1656 1885 1706 1920 μὲν
1723 1886 1749 1912 οἱ

956 1931 1036 1958 τύποι
1051 1932 1114 1962 τοὺς
1126 1931 1178 1966 πρὸ
1191 1931 1279 1967 ἡμῶν.
1301 1932 1344 1958 Ἐν
1357 1932 1412 1958 τίσι
1432 1931 1460 1958 δὲ
1471 1931 1526 1967 ἄρα
1537 1931 1571 1958 τὰ
1584 1930 1646 1957 καθ’
1662 1932 1747 1966 ἡμᾶς,

955 1975 996 2009 οἷς
1019 1977 1088 2012 αὐτὴ
1112 1976 1204 2004 λοιπὸν
1228 1977 1386 2012 ἐπέλαμψεν
1411 1978 1429 2012 ὴ
1456 1977 1590 2011 ἀλήθεια,
1622 1977 1749 2003 τουτέστι

955 2023 1082 2059 Χριστὸς,
1102 2023 1152 2058 τὴν
1166 2023 1297 2055 ζωοποιδν
1311 2023 1410 2050 ἑαυτοῦ
1425 2023 1514 2058 σάρκα
1530 2022 1692 2058 παρατιθεὶς
1707 2022 1747 2053 είς

957 2070 1081 2106 μέθεξινς
1098 2069 1157 2102 πῶς
1169 2070 1219 2105 οὐχ
1230 2070 1333 2097 ἅπασιν
1347 2070 1478 2105 ἐναργές;
1492 2069 1564 2096 Πολὺ
1577 2069 1631 2104 γὰρ
1643 2068 1676 2104 δὴ
1689 2068 1749 2094 λίαν

955 2117 984 2143 ὲν
996 2115 1131 2151 ἀμείνοσι,
1144 2115 1192 2142 καὶ
1206 2116 1235 2142 ὲν
1249 2117 1306 2148 τοῖς
1315 2115 1384 2149 ἄγαν
1397 2115 1616 2151 ὐπερκειμένοις,
1629 2114 1686 2141 Καὶ
1699 2115 1749 2149 τήν

955 2170 986 2196 γε
1002 2161 1050 2188 τοῦ
1064 2161 1214 2197 μυστηρίου
1227 2161 1342 2197 δύναμιν
1359 2161 1462 2196 ὲναργῆ
1477 2160 1609 2191 καθιστὰς
1621 2160 1635 2186 6
1645 2159 1748 2194 Κύριος

955 2206 1034 2242 ἡμῶν
1056 2206 1160 2242 Ἰησοῦς
1175 2206 1189 2232 6
1204 2207 1337 2242 Χριστός·
1353 2216 1362 2232 ε
1374 2206 1470 2242 ’Δμὴν,
1493 2207 1570 2241 φησὶ,
1585 2205 1657 2240 λέγω
1671 2206 1747 2240 ὑμῖν,

959 2254 973 2280 6
984 2253 1121 2280 πιστεύων
1133 2254 1173 2285 είς
1186 2253 1247 2289 ἐμὲ,
1268 2253 1325 2288 ἔχει
1345 2252 1418 2289 ζωὴν
1436 2252 1555 2280 αἰώνιον.
1576 2252 1647 2288 Ἐγώ
1661 2253 1719 2288 είμι
1734 2253 1749 2280 6

957 2299 1039 2333 ἄρτος
1058 2299 1106 2334 τῆς
1120 2299 1203 2333 ζωῆς.
1220 2300 1251 2326 Ol
1267 2299 1387 2334 πατέρες
1407 2299 1485 2333 ὑμῶν
1500 2299 1601 2333 ἔφαγον
1615 2299 1644 2325 τὸ
1660 2299 1748 2334 μάννα

956 2347 984 2372 ὲν
998 2347 1031 2381 τῇ
1047 2346 1144 2381 ἐρήμῳ
1157 2346 1204 2372 καὶ
1217 2345 1351 2372 ἀπέθανον
1362 2354 1368 2360 ·
1391 2342 1468 2376 οὗτός
1483 2346 1556 2372 ἐστιν
1570 2345 1583 2371 6
1598 2344 1680 2380 ἄρτος
1692 2346 1705 2371 6
1717 2346 1749 2371 ἐκ

955 2391 1003 2418 τοῦ
1017 2391 1131 2427 οὐρανοῦ
1143 2391 1325 2424 καταϐαίνων,
1339 2392 1383 2418 ἵνα
1403 2400 1446 2423 τις
1460 2391 1490 2424 ἐξ
1504 2391 1586 2418 αὐτοῦ
1603 2391 1690 2427 φάγῃ,
1702 2392 1748 2417 καὶ

957 2437 996 2472 μὴ
1019 2437 1155 2474 ἀποθάνῃ.
1183 2437 1254 2472 Ἐγώ
1273 2438 1333 2473 είμι
1351 2438 1366 2464 6
1394 2438 1475 2473 ἄρτος
1497 2438 1512 2464 6
1537 2437 1591 2470 ζῶν
1608 2438 1622 2463 6
1641 2438 1674 2464 ἐκ
1699 2436 1747 2463 τοῦ

955 2483 1070 2518 ούρανοῦ
1097 2483 1230 2516 καταϐάς.
1266 2484 1331 2512 Ἐάν
1354 2493 1396 2516 τις
1417 2484 1450 2510 ἐκ
1475 2484 1570 2511 τούτου
1591 2483 1638 2510 τοῦ
1663 2484 1747 2518 ἄρτου

957 2529 1042 2565 φάγῃ,
1063 2528 1176 2563 ζήσεται
1192 2529 1232 2561 είς
1242 2529 1287 2556 τὸν
1302 2529 1388 2556 αίῶνα
1400 2537 1405 2543 ·
1419 2529 1466 2556 καὶ
1480 2530 1494 2556 6
1506 2530 1589 2565 ἄρτος
1603 2530 1631 2556 δὲ
1647 2530 1676 2556 ὃν
1692 2530 1747 2564 ἐγὼ

956 2573 1044 2606 δώσω,
1070 2575 1086 2609 ὴ
1111 2574 1179 2608 σάρξ
1201 2574 1252 2609 μού
1279 2575 1386 2610 ἐστινὴ
1411 2575 1481 2611 ὑπὲρ
1503 2575 1552 2610 τῆς
1570 2575 1618 2602 τοῦ
1643 2575 1746 2611 κόσμου

960 2619 1043 2655 ζωῆς.
1056 2629 1065 2646 ι
1093 2621 1201 2656 Ἐπειδὴ
1225 2621 1279 2656 γὰρ
1294 2622 1317 2648 oi
1332 2621 1362 2654 ἐξ
1379 2622 1492 2657 αἵματος
1518 2622 1625 2657 Ἰσραὴλ
1645 2623 1747 2649 Μωσέα

959 2665 1148 2700 κατεθήπεσαν
1169 2667 1214 2693 ἐπὶ
1229 2668 1261 2702 τῇ
1277 2666 1324 2693 τοῦ
1342 2667 1429 2701 μάννα
1445 2668 1572 2703 χορηγίᾳ,
1584 2667 1746 2702 καθιεμένου

961 2710 1010 2745 μὲν
1029 2712 1085 2742 τοῖς
1098 2712 1226 2746 τηνικάδε
1254 2711 1325 2738 κατὰ
1347 2711 1396 2746 τὴν
1419 2711 1535 2747 ἐρημον-
1553 2712 1746 2747 ἀποπληροῦν-

959 2763 1004 2786 τες
1023 2754 1336 2792 [ϊσ.ἁποπληροῦντος]
1365 2755 1393 2782 δὲ
1424 2755 1509 2783 τύπον
1535 2755 1583 2791 τῆς
1611 2755 1745 2790 μυστικῆς

481 2842 502 2857 ⁸⁸
519 2839 598 2868 llcbr.
622 2841 702 2874 x,‘28,
715 2841 757 2868 9.9.
797 2842 819 2857 9⁵
836 2841 912 2869 ]ο;ιιι.
929 2850 962 2874 γι¹
987 2843 1080 2870 lli—32.
