1886 3056
116 148 164 177 ΙΠ

653 149 839 179 ADVERSUS
855 149 1056 179 NESTORIUM
1077 150 1141 178 LIII.
1161 149 1204 179 IV.

1699 150 1754 180 I98

116 206 259 241 εὐλογίας·
288 207 360 235 σκιά
389 207 447 245 γὰρ
468 210 483 237 ὸ
509 210 591 246 νόμος
606 220 612 225 ·
639 211 769 248 ταύτῃτοι
789 213 837 239 καὶ
858 211 912 239 lim

983 212 1091 247 nysticrc
1106 211 1318 240 benedictionis:
1347 210 1441 238 umbra
1468 218 1583 246 namque
1615 215 1673 238 crat
1693 212 1753 246 II'X;

119 252 249 288 εὐτέχνως
267 252 283 279 ὁ
299 252 411 290 Κύριος
425 255 505 291 ἡμῶν
527 256 631 292 Ἰησοῦς
647 257 765 293 Χριστὸς
780 266 916 293 κατασμι-

118 298 211 334 κρύνει
229 299 275 324 τὸν
290 298 393 332 τύπον,
416 301 575 336 μετασοϐῶν
595 303 634 334 είς
652 302 792 338 ἀλήθειαν.
809 303 847 330 Uti
862 303 917 339 γάρ

119 345 161 372 τοί
174 353 255 380 φησιν
275 344 385 377 ἐκεῖνος
401 344 473 373 εῖναι
488 346 549 382 [ιον.
564 345 615 383 ἦν]
632 348 646 374 ὁ
660 349 710 383 τῆς
731 347 804 383 ζωῆς
823 348 915 383 ἄρτος,

119 391 178 418 ἀλλ’
199 391 256 426 ἐγὼ
281 391 386 427 μᾶλλον
409 393 425 419 ὀ
447 392 477 425 ἐξ
501 393 627 429 οὐρανοῦ,
648 394 695 421 καὶ
721 393 861 425 ζωοποιῶν
882 394 917 420 τὰ

120 439 223 469 πάντα.
242 438 290 465 καὶ
317 439 375 470 τοῖς
391 439 528 466 ἐσθίουσιν
549 439 669 476 ἐμαυτὸν
688 440 780 473 ἐνιεὶς,
801 440 849 467 καὶ
872 440 917 467 διὰ

118 485 170 519 τῆς
192 483 344 520 ἐνωθείσης
365 485 430 519 ἐμοὶ
449 485 566 521 σαρκός·
591 485 606 512 ὃ
626 485 658 521 δὴ
679 485 726 512 καὶ
749 485 916 522 σαφέστερον

120 529 207 556 ἐποίει
227 530 333 564 λέγων·
363 539 373 556 ι
391 530 478 566 Ἀμὴν
500 531 573 566 λέγω
596 532 671 567 ὑμῖν,
695 532 742 559 ἐὰν
757 531 795 567 μὴ
810 531 916 567 φάγητε

118 574 169 609 τὴν
188 575 280 611 σάρκα
291 576 339 602 τοῦ
357 575 422 602 Υἱοῦ
439 576 487 603 τοῦ
500 576 656 613 ἀνθρώπου,
675 578 722 604 καὶ
738 578 817 614 πίητε
832 577 916 604 αὑτοῦ

118 620 150 646 τὸ
165 617 247 655 αἷμα,
262 621 313 648 οὐκ
329 621 407 656 ἔχετε
423 621 495 658 ζωὴν
513 623 542 649 ἐν
562 623 668 655 ἑαυτοῖς
679 632 687 639 ο
709 624 724 650 ὀ
736 623 850 659 τρώγων
864 632 915 659 μου

118 665 168 700 τὴν
181 666 285 701 σάρκα,
296 667 343 693 καὶ
351 666 437 694 πίνων
447 676 500 703 μου
510 668 541 694 τὺ
552 665 631 703 αἷμα,
643 668 700 703 ἔχει
709 667 783 703 ζωὴν
795 669 914 701 αἰώνιον,

118 709 198 743 κάγὼ
213 712 360 746 ἀναστήσω
379 713 463 740 αὐτὸν
482 713 512 739 ὲν
530 714 563 748 τῇ
578 713 682 750 ἐσχάτῃ
695 713 797 750 ἡμέρᾳ.
815 714 848 741 Ἠ
863 715 915 751 γὰρ

117 755 188 791 σάρξ
215 765 269 791 μου
294 757 400 793 ἀληθής
421 759 480 785 ἐστι
501 758 619 793 βρῶσις·
644 760 692 786 καὶ
711 759 742 786 τὸ
761 757 832 795 αἷμά
852 769 913 795 μου,

116 801 224 837 ἀληθής
243 803 304 829 ἐστι
319 803 408 836 πόσις.
431 804 460 831 ’0
476 804 592 840 τρώγων
608 814 660 840 μου
676 805 726 842 τὴν
747 806 851 841 σάρκα,
868 806 916 833 καὶ

117 847 205 874 πίνων
222 857 275 883 μου
288 849 320 875 τὺ
334 846 415 884 αἷμα,
437 849 467 877 ὲν
487 850 549 885 ἐμοὶ
574 851 660 886 μένει,
681 850 759 886 κάγὼ
776 852 805 878 ἐν
827 851 913 887 αὐτῷ.

969 257 1029 284 ideo
1042 257 1188 292 prudenter
1216 256 1360 283 admodum
1389 255 1518 282 Dominus
1553 260 1645 283 noster
1675 255 1755 284 Jesus

968 301 1091 330 Christus
1103 307 1194 338 typum
1206 306 1376 334 exlenuat,nt
1389 301 1421 328 ad
1434 301 1576 328 veritatem
1593 302 1754 328 transferat.

968 347 1060 383 Neque
1074 348 1157 380 cnim,
1172 348 1268 382 inquit,
1285 347 1329 374 ille
1342 347 1391 374 fuit
1419 348 1496 382 panis
1525 347 1598 379 vita).
1627 348 1674 374 sed
1705 356 1756 381 ego

968 394 1056 428 potius
1071 394 1116 427 qui
1133 393 1165 421 de
1177 393 1246 420 cutio
1261 401 1332 425 sum,
1346 398 1373 419 et
1390 393 1480 420 omnia
1499 393 1614 425 vivifico,
1631 397 1658 420 et
1674 401 1716 420 me
1729 395 1755 420 iu

968 440 1162 468 manducantcs
1172 440 1252 467 etiam
1270 447 1317 474 per
1333 439 1435 466 unitam
1447 439 1512 466 mibi
1523 447 1633 466 carnem
1648 439 1754 466 insero:

967 486 1040 520 quod
1060 486 1141 512 etiam
1157 485 1257 512 clarius
1277 484 1403 518 reddidit,
1420 485 1512 511 dicens
1532 493 1538 511 :
1561 493 1570 509 ι
1587 484 1672 511 Amen
1692 483 1755 510 dico

967 531 1056 565 vohis,
1074 531 1124 558 nisi
1135 531 1361 558 manducaveritis
1375 538 1484 558 carnem
1512 529 1572 556 Filii
1588 529 1716 561 hominis,
1728 534 1757 557 et

968 576 1091 604 biberitis
1111 576 1170 610 ejus
1196 576 1365 610 sanguinem,
1382 583 1434 602 non
1464 575 1598 602 habebitis
1621 575 1704 602 vitam
1727 575 1754 602 in

967 622 1054 650 Vobis.
1065 622 1114 655 Qui
1129 622 1367 649 ntanducatmeam
1383 629 1504 654 carnem,
1525 626 1554 648 et
1575 621 1643 648 bibit
1665 627 1754 647 meum

966 667 1134 703 sanguinem,
1150 667 1231 694 habet
1245 667 1327 694 vitam
1352 673 1493 698 aeternam.
1509 672 1536 694 et
1565 675 1616 703 ego
1638 667 1755 694 resusci-

967 714 1030 742 tabo
1041 721 1101 742 eum
1117 714 1143 741 in
1158 714 1304 741 novissimo
1315 713 1368 741 die.
1387 713 1453 740 Nam
1468 721 1532 740 caro
1550 721 1609 741 mea
1621 720 1682 741 vere
1711 717 1754 741 est

966 761 1053 794 cibus,
1067 765 1093 788 et
1106 760 1217 794 sanguis
1233 767 1308 787 nteus
1319 767 1381 787 vere
1396 764 1440 787 est
1452 765 1541 795 potus.
1562 760 1613 794 Qui
1639 760 1754 788 mandu-

966 811 1009 834 cat
1024 814 1110 834 meam
1123 813 1244 839 carnem,
1261 811 1285 833 et
1297 806 1365 833 bibit
1379 813 1467 833 meum
1483 806 1652 840 sanguinem,
1669 806 1695 832 in
1712 812 1755 832 me

966 857 1069 886 tuanet,
1083 857 1110 879 et
1126 859 1175 887 ego
1187 852 1213 879 in
1226 859 1269 878 eo.
1289 852 1365 879 Sicut
1379 852 1453 879 misit
1465 859 1507 879 me
1519 852 1611 879 virens
1628 851 1717 884 Pater,
1727 855 1754 878 et

116 893 218 925 Καθὼς
237 895 383 921 ἀπέστειλέ
397 904 431 930 με
447 897 462 922 ὁ
474 895 528 928 ζῶν
542 896 645 932 Πατὴρ,
660 896 738 931 κάγὼ
753 896 792 929 ζῶ
804 897 848 925 διὰ
867 898 912 924 τὸν

983 905 1013 932 go
1025 897 1086 925 vivo
1102 901 1212 931 propter
1226 897 1348 930 Patrem;
1367 901 1395 924 et
1418 897 1463 931 qui
1480 898 1625 924 manducat
1649 905 1701 928 inc,
1726 901 1754 924 et

116 939 240 975 Πατέρα,
255 941 305 967 καὶ
317 941 455 976 ὁτρώγων
467 950 511 977 με,
525 942 651 974 κάκεῖνος
662 942 802 978 ζήσεται.»
820 942 914 978 ’Δθρει

115 984 148 1020 δὴ
172 983 221 1012 οὖν
242 986 319 1018 ὅπως
335 987 365 1012 ὲν
381 988 448 1022 ἡμῖν
469 987 556 1022 μένει,
573 988 620 1015 καὶ
643 987 747 1024 φθορᾶς
768 988 915 1022 ἀποφαίνει

115 1031 289 1065 κρείττονας,
305 1032 361 1063 τοῖς
373 1033 518 1068 ἡμετέροις
529 1033 651 1068 σώμασιν
659 1033 795 1068 ἐγκαθιεὶς
807 1034 914 1067 ἑαυτὸν,

115 1076 153 1108 ὡς
169 1076 252 1112 ἔφην,
276 1077 325 1104 καὶ
348 1078 392 1105 διὰ
412 1079 463 1113 τῆς
484 1079 550 1111 ιδίας
569 1079 680 1114 σαρκὸς,
705 1081 722 1115 ἢ
745 1080 791 1106 καὶ
812 1079 915 1115 ἀληθής

114 1122 175 1148 ἐστι
190 1122 309 1157 βρῶσις,
324 1124 374 1160 τῆς
388 1124 417 1150 ἐν
435 1124 510 1160 νόμῳ
526 1125 616 1158 σκιᾶς,
637 1125 686 1152 καὶ
695 1125 746 1160 τῆς
757 1125 817 1152 κατ’
829 1125 916 1161 αὐτὴν

114 1168 247 1203 λατρείας
263 1169 314 1196 οὐκ
330 1170 446 1205 ἐχούσης
463 1170 513 1206 τὴν
528 1171 669 1205 ἀλήθειαν.
691 1171 747 1199 Καὶ
770 1173 784 1198 ό
805 1172 854 1207 μὲν
866 1171 915 1198 τοῦ

115 1215 272 1250 μυστηρίου
284 1215 374 1250 λόγος,
389 1216 492 1248 ἁπλοῦς
509 1225 540 1243 τε
553 1217 601 1244 καὶ
616 1217 729 1253 ἀληθὴς,
743 1218 774 1244 οὐ
784 1218 916 1250 ποικίλοις

114 1260 226 1287 ἐννοιῶν
247 1262 401 1296 εὑρήμασιν
415 1263 456 1294 είς
473 1263 636 1298 ἀνοσιότητα
659 1265 914 1300 περιειργασμένος,

114 1306 223 1339 ἁπλοῦς
237 1307 277 1339 δὲ,
292 1308 330 1339 ὡς
347 1308 426 1344 ἔφην.
446 1309 614 1344 Πιστεύομεν
623 1309 677 1346 γὰρ
689 1311 728 1342 ὡς
740 1311 779 1346 τῷ
794 1311 916 1346 τεχθέντι

114 1351 160 1379 διὰ
174 1352 225 1388 τῆς
239 1353 321 1388 ἁγίας
337 1353 479 1390 Παρθένου
502 1355 620 1391 σώματι,
638 1356 728 1392 ψυχὴν
741 1356 828 1392 ἔχοντι
844 1359 918 1392 λογι-

114 1398 178 1434 κὴν,
196 1399 302 1432 ἑνώσας
321 1400 417 1427 ἑαυτὸν
430 1401 445 1427 ὁ
460 1402 492 1428 ὲκ
503 1400 571 1428 Θεοῦ
588 1402 695 1438 Πατρὸς
706 1402 809 1437 Λόγοςο
826 1404 916 1440 ἀπόρ-

115 1447 201 1481 ρητος
220 1446 250 1473 δέ
265 1455 330 1479 που,
354 1447 402 1474 καὶ
421 1447 540 1484 μυστικὴ
562 1447 672 1480 πάντως
688 1449 705 1484 ἡ
724 1448 821 1481 ἐνωσις
847 1450 916 1482 ζωο-

115 1490 196 1516 mth
209 1490 353 1526 ἀπέφηνεν
368 1491 444 1525 αὐτὸ,
461 1492 518 1528 ζωὴ
535 1492 607 1520 κατὰ
623 1493 704 1527 φύσιν
728 1493 859 1530 ὑπάρχων
878 1495 916 1528 ὡς

116 1534 195 1567 Θεὸς,
209 1536 256 1563 ἵνα
270 1537 346 1571 ἡμᾶς
361 1537 458 1564 ἑαυτοῦ
473 1537 603 1573 μετόχους
618 1539 769 1572 ἀποτελῶν,
793 1549 915 1577 πνευμα-

116 1581 203 1612 τικῶς
225 1590 256 1608 τε
271 1581 331 1617 ἅμα
346 1582 394 1609 καὶ
409 1583 583 1618 σωματικῶς,
604 1584 652 1611 καὶ
668 1585 772 1621 φθορᾶς
786 1586 912 1623 ἀποφήνῃ

117 1627 290 1662 κρείττονας,
307 1628 418 1663 καὶτῆς
435 1629 571 1664 ἁμαρτίας
588 1629 635 1656 τὸν
655 1631 736 1666 νόμον
752 1632 798 1659 τδν
814 1633 844 1660 ὲν
857 1635 913 1665 τοῖς

119 1672 215 1707 μέλεσι
227 1673 278 1708 τῆς
297 1675 399 1709 σαρκὸς
410 1676 572 1711 καταργήσῃ
592 1676 627 1702 δι’
645 1677 753 1709 ἑαυτοῦ,
769 1679 912 1715 κατέκρινε

117 1718 168 1753 τὴν
183 1718 324 1755 ἁμαρτίαν
344 1721 375 1747 ὲν
398 1720 490 1756 σαρκὶ,
517 1721 588 1748 καθά
602 1722 766 1758 γέγραπται.
793 1725 913 1753 ’Λνόάνει

118 1764 157 1798 Si,
174 1763 264 1800 οἶμαι,
277 1766 358 1793 ταυτὶ
372 1767 432 1793 κατ’
443 1767 538 1793 οὐδένα
551 1767 652 1802 τρόπον
663 1769 702 1803 τῷ
710 1770 764 1796 τῶν
772 1770 840 1797 νέων
848 1771 913 1806 ἡμῖν

117 1809 286 1845 εὑρημάτων
298 1810 478 1847 δογματιστῇ,
486 1811 515 1843 ὃς
526 1809 571 1838 οἷά
580 1821 623 1844 τις
634 1813 734 1849 μόσχος
745 1814 913 1850 ἀτιμαγέλας

118 1856 166 1882 ἐπὶ
182 1856 262 1891 μόνον
278 1857 348 1884 ἵεται
362 1857 392 1884 τὸ
407 1858 485 1884 κατὰ·
499 1858 613 1893 γνώμην
630 1859 715 1894 αὐτῷ,
741 1861 787 1887 καὶ
797 1862 847 1897 τὴν
864 1862 912 1889 τοῦ

119 1903 276 1938 μυστηρίου
287 1903 404 1939 δύναμιν
416 1905 645 1941 κατασμικρύνει,
664 1905 750 1940 λέγων
763 1915 771 1922 ·

155 1991 304 2026 ΓΑκουσον
328 1993 376 2020 καὶ
394 1993 435 2025 τὸ,
449 1994 562 2030 Κύριος,
579 1995 646 2022 ποτὲ
663 1995 725 2030 μὲν,
741 1996 788 2023 ἐπὶ
801 1997 851 2033 τῆς
863 1998 912 2025 ἀν-

118 2038 297 2074 θρωπὸτητος
313 2039 360 2065 τοῦ
374 2039 510 2075 Χριστοῦ·
527 2041 592 2067 ποτέ
604 2042 645 2075 δὲ,
662 2042 709 2068 ἐπὶ
720 2042 770 2078 τῆς
785 2042 912 2079 θεότητος

118 2084 204 2111 αὑτοῦ
216 2092 223 2100 ·
242 2085 310 2111 ποτέ
326 2085 364 2117 δὲ,
377 2085 420 2111 ἐπ’
436 2085 601 2122 ἀμφοτέρων
618 2087 753 2122 κείμενονο
773 2098 783 2114 ι
800 2089 912 2122 Ὁσάκις

118 2130 152 2156 ἂν
167 2130 279 2165 ἐσθίητε
294 2131 340 2157 τὸν
355 2131 437 2166 ἄρτον
450 2132 557 2165 τοῦτον,
572 2134 620 2159 καὶ
634 2133 665 2160 τὸ
688 2135 819 2170 ποτήριον
832 2136 911 2163 τοῦτο

118 2177 228 2212 πίνητε,
253 2177 300 2204 τὸν
324 2177 439 2204 θάνατον
464 2178 511 2205 τοῦ
536 2179 640 2215 Κυρίου
666 2181 878 2215 καταγγέλλετε.
898 2192 908 2209 ι

927 1557 949 1587 C

965 943 1023 977 ipse
1037 943 1109 970 viret
1124 943 1158 969 η.
1178 952 1187 969 ›
1206 942 1273 970 Vide
1282 943 1363 977 igitur
1376 942 1602 977 quemadmodum
1631 943 1657 969 in
1676 943 1754 969 nobis

965 993 1056 1016 manet
1074 994 1100 1016 et
1111 989 1291 1023 corruptionis
1306 989 1422 1016 victores
1432 988 1524 1020 edicit,
1542 989 1604 1015 dum
1618 996 1647 1016 se
1663 988 1690 1015 in
1706 997 1754 1015 no-

965 1036 1022 1058 stra
1032 1031 1150 1058 demittit
1160 1039 1285 1066 corpora,
1300 1037 1330 1059 ut
1347 1032 1413 1064 dixi,
1427 1033 1508 1060 etiam
1521 1039 1569 1067 per
1592 1040 1668 1059 suam
1690 1040 1753 1060 car-

965 1085 1037 1110 nem,
1051 1086 1111 1113 qua:
1123 1086 1204 1106 verus
1213 1083 1254 1105 est
1270 1079 1360 1111 cibus,
1373 1086 1435 1106 cum
1447 1078 1490 1105 illa
1504 1078 1596 1112 legalis
1612 1078 1753 1110 umbra,et

965 1124 1055 1152 cultus
1069 1125 1212 1159 peripsam
1226 1125 1378 1156 institutus.
1397 1133 1450 1153 non
1477 1124 1575 1152 habeat
1597 1125 1751 1152 veritatem.

965 1170 998 1198 Et
1013 1171 1134 1206 mysterii
1150 1172 1257 1205 quidem
1269 1171 1336 1199 ratio
1354 1171 1468 1207 simplex
1482 1176 1523 1199 est
1546 1179 1579 1198 ac
1608 1178 1683 1203 vera,
1698 1179 1751 1197 non

965 1216 1048 1244 variis
1060 1217 1252 1252 cogitationum
1260 1217 1421 1245 commentis
1429 1218 1462 1245 ad
1478 1217 1644 1252 impietatem
1653 1218 1734 1252 exqui
1742 1232 1751 1237 -

964 1262 1016 1290 site
1027 1263 1186 1297 compesila,
1195 1263 1252 1294 sed,
1268 1268 1297 1290 ut
1311 1263 1510 1298 dixi,simplex.
1522 1262 1664 1290 Credimus
1675 1271 1751 1290 nam-

965 1315 1018 1343 que
1033 1308 1096 1335 illud
1111 1316 1144 1335 ex
1163 1309 1218 1335 Deo
1234 1309 1313 1337 Patre
1326 1308 1524 1340 Verbum,eum
1540 1315 1569 1336 se
1583 1308 1690 1343 corpori
1703 1316 1752 1343 per

964 1358 1086 1382 sanetam
1101 1353 1238 1389 Virginem
1253 1354 1335 1388 edito,
1345 1354 1511 1389 babentique
1519 1354 1676 1381 rationalem
1692 1354 1734 1381 ani
1744 1369 1751 1374 ς

965 1407 1039 1427 mam
1055 1400 1179 1433 uniisset,
1194 1400 1329 1434 qumnnio
1347 1399 1490 1429 ineﬂabills
1514 1408 1624 1435 prorsus
1644 1407 1675 1428 ac
1694 1408 1752 1435 my-

964 1446 1031 1474 stica
1040 1445 1101 1479 fuit,
1116 1446 1202 1481 ipsum
1219 1453 1316 1480 corpus
1328 1445 1478 1473 reddidisse
1492 1446 1640 1478 viriﬁcum,
1653 1447 1753 1480 quippe

965 1499 1025 1519 cum
1040 1492 1171 1524 Verbum,
1182 1496 1274 1527 utpote
1286 1491 1369 1524 Deus,
1391 1491 1444 1519 vita
1455 1492 1490 1519 sit
1500 1493 1649 1519 secundum
1665 1498 1750 1519 natu-

966 1545 1036 1570 ram,
1048 1542 1077 1565 ut
1094 1546 1145 1565 nos
1160 1546 1212 1565 non
1227 1537 1340 1572 spiritali
1353 1542 1471 1570 tantum,
1486 1545 1578 1565 verum
1595 1538 1675 1564 etiam
1689 1544 1749 1565 coro

965 1583 1050 1618 porali
1066 1583 1146 1610 modo
1162 1583 1202 1610 sui
1213 1583 1358 1618 participes
1366 1582 1487 1614 eﬂ'eetos,
1499 1583 1672 1617 corruptione
1685 1590 1752 1617 pra:-

964 1628 1110 1655 stantiores
1155 1629 1290 1659 redderet,
1327 1632 1353 1654 et
1390 1632 1519 1654 evacuala
1548 1635 1596 1662 per
1632 1628 1751 1662 tit-ipsum

965 1674 1066 1708 peccati
1082 1674 1139 1709 lege
1148 1674 1173 1701 in
1184 1673 1313 1701 membris
1328 1673 1418 1700 carnis
1428 1673 1526 1708 posita,
1537 1675 1677 1700 damnaret
1688 1680 1751 1708 pee-

964 1725 1054 1746 catum
1070 1720 1096 1746 in
1109 1726 1202 1750 carne,
1218 1720 1288 1747 sicut
1302 1719 1434 1753 scriptum
1449 1723 1491 1746 est
1503 1718 1600 1746 ".Sed
1616 1719 1681 1749 lucc.
1699 1718 1751 1745 nisi

964 1765 1052 1798 fallor,
1071 1770 1165 1792 nostro
1194 1772 1324 1791 novorum
1340 1769 1555 1792 commentorum
1583 1764 1752 1799 dogmatistte

965 1810 1037 1837 nullo
1047 1811 1126 1837 modo
1139 1810 1305 1845 placent,qui
1322 1815 1449 1846 tanquam
1465 1810 1566 1837 vitulus
1579 1815 1752 1844 contemptor

963 1857 1138 1891 desertorque
1165 1857 1266 1892 gregis,
1304 1857 1330 1884 in
1356 1856 1384 1884 id
1419 1856 1507 1884 solum
1548 1856 1636 1890 pergit
1678 1856 1750 1890 quod

963 1902 1014 1929 sibi
1044 1902 1143 1937 placet,
1166 1907 1194 1930 ct
1213 1901 1294 1936 hujus
1317 1902 1437 1938 mysterii
1467 1902 1520 1929 vim
1546 1901 1692 1934 imminuit,
1707 1902 1750 1928 di-

963 1955 1028 1975 cens
1044 1957 1052 1975 Ξ

1000 1992 1134 2028 [Nm-ron.
1152 1993 1222 2021 Audi
1236 1993 1316 2021 etiam
1330 1994 1381 2020 hoc
1407 2000 1517 2024 nomen,
1548 1991 1670 2024 Domine,
1697 1993 1749 2019 ali--

963 2040 1072 2074 quando
1087 2039 1121 2066 de
1136 2039 1303 2067 immanitate
1318 2039 1430 2072 Christi,
1446 2039 1592 2074 aliquando
1607 2039 1641 2066 de
1652 2040 1750 2066 divini-

963 2092 1017 2115 tate
1025 2087 1094 2121 ejus,
1110 2088 1257 2123 aliquando,
1270 2087 1303 2115 de
1318 2093 1436 2122 utroque
1450 2087 1579 2122 positum.
1599 2095 1609 2112 ι
1623 2086 1750 2120 Quoties-

962 2141 1071 2169 cunque
1098 2133 1295 2161 manducabitis
1307 2140 1403 2168 panem
1417 2133 1498 2163 hunc,
1527 2136 1554 2159 et
1581 2131 1693 2159 calicem
1709 2133 1750 2160 hi-

964 2181 1042 2212 betis,
1057 2185 1170 2208 mortem
1187 2179 1291 2206 Domini
1310 2178 1546 2206 annuntiabitis".
1564 2187 1573 2202 ι
1588 2177 1668 2213 ιιι,
1681 2178 1747 2204 Audi

120 2223 256 2249 Ἄκουσον
278 2224 311 2250 ἐκ
333 2223 387 2250 τῶν
413 2225 628 2261 προηγουμένων
648 2226 697 2262 τὴν
719 2227 839 2262 ἀμαθίαν
854 2228 911 2256 τῶν

983 2233 996 2252 tt
1021 2225 1234 2259 prtecedentibus
1259 2223 1421 2258 imperitiam
1449 2223 1648 2258 objicientium,
1676 2225 1748 2256 quod

117 2268 322 2302 ἀντιτιθέντων,
347 2268 385 2300 ὡς
402 2268 518 2305 ίσχυράν
542 2270 760 2304 ἀναγινώσκουσι
784 2271 831 2298 τοῦ
858 2282 911 2308 μυ-

118 2313 232 2348 στηρίου
259 2313 310 2348 τὴν
336 2313 481 2348 ὠφέλειαν,
508 2314 556 2341 καὶ
578 2315 650 2347 τινος
676 2317 733 2348 τοῖς
755 2317 910 2353 ἀνθρώποις

118 2360 270 2396 παρέχεται
293 2360 344 2393 τὴν
365 2361 536 2397 ἀνάμνησιν’
565 2361 612 2388 καὶ
641 2363 757 2390 ἄκουσον
780 2364 818 2400 μὴ
842 2364 910 2399 ἐμοῦ

116 2405 202 2432 ταῦτα
215 2406 354 2440 λέγοντος,
371 2406 440 2434 ἀλλὰ
455 2407 503 2434 τοῦ
521 2409 661 2444 μακαρίου
676 2409 784 2436 Παύλου
793 2418 801 2425 ο
815 2420 823 2436 ι
836 2410 912 2437 ’0σά-

118 2460 160 2483 κις
175 2451 285 2486 ἐσθίητε
305 2452 352 2478 τὸν
368 2453 452 2488 ἄρτον
463 2453 569 2481 τοῦτον.
587 2462 597 2480 ι
617 2454 674 2480 Οὐκ
689 2452 778 2488 εἶπεν,
793 2455 909 2489 ’Ὁσάκις

117 2497 148 2524 ἂν
163 2497 274 2533 ἐσθίητε
289 2497 339 2533 τὴν
362 2498 478 2534 θεότητα
492 2499 611 2534 ταύτην
627 2500 722 2532 ὁσάκις
743 2501 777 2527 ἄν
800 2501 908 2537 ἐσθίητε

118 2543 160 2569 τὸν
177 2544 259 2579 ἄρτον
273 2543 381 2570 τοῦτον.
393 2544 482 2570 Βλέπε
496 2545 560 2580 περὶ
575 2545 622 2572 τοῦ
642 2545 766 2582 σώματος
776 2547 850 2582 αὐτῷ
861 2547 908 2574 τοῦ

118 2590 274 2617 δεσποτικοῦ
298 2590 331 2616 τὸ
355 2590 549 2626 προκείμενον.
574 2600 585 2617 ι
608 2592 720 2624 Ὁσάκις
745 2592 779 2619 ἂν
800 2593 908 2628 ἐσθίητε

117 2636 159 2661 τὸν
179 2635 262 2671 ἄρτον
287 2635 404 2667 τοῦτον,
424 2644 433 2660 ι
453 2631 484 2662 οὗ
508 2637 566 2662 ἐστι
591 2636 621 2662 τὸ
645 2636 725 2672 σῶμα
749 2638 906 2664 ἀντίτυπον.

119 2681 227 2716 Ἰδωμεν
242 2679 292 2708 οὖν
308 2681 384 2713 τίνος
399 2682 413 2708 ὁ
427 2681 555 2712 θάνατος·
574 2691 582 2707 ι
607 2682 717 2716 Ὁσάκις
743 2683 776 2710 ἂν
798 2683 907 2719 ἐσθίητε

116 2726 154 2753 εον
166 2727 250 2762 ἄρτον
265 2726 381 2758 τοῦτον,
397 2728 446 2753 καὶ
457 2727 488 2754 τὸ
503 2728 630 2762 ποτήριον
646 2727 728 2755 τοῦτο
740 2727 848 2763 πίνητε,
860 2729 906 2755 τὸν

115 2772 223 2800 θάνατον
245 2773 297 2799 τοῦ
322 2771 432 2808 Κυρίου
457 2772 666 2807 καταγγέλλετε.
682 2783 691 2799 ›
710 2774 842 2800 ’Λκουσον
860 2775 906 2800 καὶ

142 2864 162 2880 ⁹⁶
173 2863 258 2892 Juan.
277 2870 317 2894 \‘l,
341 2860 442 2888 54-58.
481 2861 502 2877 ⁹⁷
515 2860 591 2889 Rom.
607 2869 665 2895 vtll,
681 2863 708 2891 5.

966 2270 1110 2297 maximam
1119 2278 1181 2297 esse
1196 2269 1374 2304 legantbujus
1389 2269 1511 2304 mysterii
1537 2268 1695 2300 utilitatem,
1721 2275 1748 2296 et

965 2316 1042 2351 cujus
1051 2317 1336 2343 commemorationem
1353 2315 1505 2342 hominibus
1533 2314 1649 2341 ail'erat:
1667 2318 1748 2348 atque

964 2362 1026 2389 audi
1041 2369 1094 2388 non
1109 2369 1152 2389 me
1168 2362 1225 2388 haec
1239 2361 1386 2392 dicentem,
1407 2362 1453 2387 sed
1477 2360 1585 2386 beatum
1612 2359 1746 2388 Paulum:

967 2416 976 2432 ι
995 2407 1213 2441 Quotiescunque
1228 2405 1423 2433 manducabitis
1436 2411 1531 2438 panem
1543 2404 1625 2430 hunc.
1652 2412 1662 2429 ι
1687 2403 1745 2432 Non

963 2453 1032 2479 dixit
1051 2450 1560 2485 :Quotiestnanducabitisdivinitatem
1574 2449 1659 2481 hanc;
1677 2457 1746 2484 quo~

964 2499 1013 2526 lies
1026 2498 1225 2526 manducabitis
1237 2505 1332 2531 panem
1347 2497 1429 2524 hunc.
1441 2495 1506 2522 Vide
1517 2495 1550 2523 de
1569 2503 1682 2530 corpore
1695 2495 1746 2522 Do-

961 2545 1062 2572 tninico
1074 2545 1110 2571 illi
1126 2551 1186 2572 esse
1201 2543 1368 2578 propositum
1382 2551 1391 2570 :
1407 2550 1417 2568 ι
1435 2542 1656 2576 Quotiescunque
1668 2549 1745 2568 mam

960 2591 1094 2618 ducabitis
1110 2597 1205 2625 panem
1234 2590 1316 2621 hunc,
1341 2598 1350 2614 ι
1370 2588 1447 2623 cujus
1469 2592 1510 2615 est
1535 2587 1622 2621 ipsum
1646 2594 1744 2621 corpus

959 2638 1120 2673 antilypum.
1141 2637 1284 2663 Videamus
1298 2641 1364 2668 ergo
1378 2634 1458 2668 cujus
1482 2640 1595 2660 morsu
1618 2633 1744 2666 Quoties-

960 2690 1065 2718 cunque
1075 2681 1274 2710 manducabitis
1288 2687 1385 2714 panem
1398 2680 1482 2711 hunc,
1496 2683 1524 2705 et
1536 2677 1647 2705 calicem
1674 2678 1745 2705 luntc

960 2730 1192 2761 bibetisunurtem
1210 2726 1313 2754 Domini
1331 2726 1535 2753 annuntiabitis.
1551 2734 1560 2750 ι
1579 2724 1646 2751 Audi
1659 2725 1686 2751 in
1699 2732 1744 2752 se-

958 2776 1103 2810 quentibus
1121 2775 1256 2810 apertius:
1277 2782 1286 2798 ι
1301 2773 1389 2800 Donec
1406 2773 1493 2800 veniat
1507 2773 1557 2799 “.3
1575 2770 1640 2804 Quis
1655 2775 1746 2798 autem

747 2863 770 2879 "
787 2862 795 2890 Ι
812 2862 874 2891 Cor.
888 2871 928 2897 ιι,
943 2863 988 2891 ‘26.
1027 2863 1049 2879 ³⁹
1060 2863 1126 2891 ibid.
