1886 3056
159 131 211 160 199

659 126 688 154 S.
707 125 846 154 CYRILLI
866 123 1100 153 ALEXANDBINI
1119 123 1279 153 ARCHIEP.

1735 128 1790 155 ’ὲοο

160 186 396 216 venitH’idcbunt
409 186 505 213 Filium
520 185 636 213 hominis
663 185 814 212 venientem
849 186 874 211 in
898 191 943 210 nu-

1020 192 1028 208 ι
1042 184 1097 215 τοῖς
1113 183 1212 219 ἐφεξῆς
1226 184 1411 221 φανερώτερον
1422 193 1444 211 ·ι
1463 186 1558 221 Ἂχρις
1568 181 1598 213 οὗ
1615 185 1693 221 ἔλθῃ.
1713 195 1724 211 ι
1739 186 1789 217 Τίς

160 235 237 262 bibus
252 233 312 261 εωιί
328 241 389 260 cum
406 232 490 267 gloria
506 231 590 258 ntttlta
605 232 633 258 ‘:
651 235 679 257 et
694 230 765 265 quod
787 230 874 264 majus
894 233 946 260 est,

159 285 221 308 ante
256 279 391 314 apostolos
419 277 550 313 propheta
589 276 759 304 manifestius
793 275 947 302 venientem

159 326 286 358 ostendit,
301 330 328 352 et
342 325 450 356 clamat,
468 325 501 350 de
514 322 614 350 ludatis
646 322 739 348 dicens
754 329 761 347 :
778 329 787 346 ι
814 320 948 347 Videbunt

160 373 186 398 itt
201 378 281 406 quem
301 372 517 404 compunxerunt
534 368 556 394 ¹.
580 376 588 392 ι
619 366 689 400 Quid
711 365 862 400 igiturillntl
876 372 948 392 com-

160 421 287 452 punctum
301 414 361 442 est?
377 414 474 446 Latus;
491 412 561 440 latus
580 419 643 440 vero
674 410 796 445 corporis
825 413 877 443 est,
894 417 946 436 non

159 460 307 489 divinitatis
323 459 332 496 ]

497 591 574 620 CAP.
590 590 633 619 Vl.

195 666 299 693 Rursus
313 673 377 700 ergo
395 671 444 691 nos
464 668 572 698 oportet
597 661 720 689 veritatis
743 659 878 694 dogmatis
901 666 948 693 pa-

160 711 307 744 trocinari,
318 709 345 738 ct
353 711 417 743 tuis,
434 711 476 738 vir
491 709 611 745 egregie,
628 708 718 735 verbis
743 707 886 738 obsistere.
919 711 948 733 et

160 766 223 786 ante
236 764 334 786 caetera
344 757 471 785 studiosis
483 757 548 783 illud
562 755 679 790 pra-fari,
706 754 753 781 tibi
781 752 947 788 propositum

159 811 231 836 esse,
245 804 271 830 itt
285 803 365 837 idque
382 807 407 829 te
421 802 564 829 admodum
577 801 638 833 ttiti,
657 805 686 826 ut
698 799 767 826 duos
793 806 888 826 rursus
904 805 948 825 as-

999 227 1027 254 δὲ
1040 228 1055 254 ὁ
1070 229 1233 264 ὲρχόμενοςς
1251 239 1261 255 ‹
1277 229 1407 264 "(Mathu
1424 231 1470 257 τὸν
1487 231 1549 257 Υῑὺν
1567 231 1614 258 τοῦ
1640 230 1789 268 ἀνθρώπου

999 274 1146 310 ἐρχόμενον
1162 276 1208 302 ἐπὶ
1223 276 1278 302 τῶν
1293 276 1413 310 νεφελῶν
1432 276 1480 303 τοῦ
1495 277 1611 312 οὐρανοῦ
1624 277 1696 312 μετὰ
1709 277 1790 312 δόξης

1000 320 1112 355 πολλῆς·
1120 321 1181 347 »καὶ
1193 321 1224 348 τδ
1235 322 1267 357 δὴ
1281 321 1383 357 μεῖζον,
1392 322 1446 358 πρὸ
1458 323 1512 350 τῶν
1525 323 1681 350 ἀποστόλων
1693 323 1709 349 ό
1723 331 1792 358 προ-

1000 366 1089 402 φήτης
1103 367 1270 404 σαφέστερον
1289 368 1334 396 τὸν
1356 369 1502 404 ἐρχόμενον
1518 369 1648 401 δείκνυσι,
1674 369 1723 395 καὶ
1742 368 1791 395 κέ-

1000 419 1087 445 κραγε
1110 411 1174 447 περὶ
1194 413 1328 440 Ἰουδαίων
1352 413 1438 448 βοῶν·
1455 425 1464 439 ι
1481 413 1611 449 Ὄψονται
1633 414 1674 445 είς
1690 413 1721 440 ὃν
1743 413 1790 446 ἐξ·

1001 457 1160 492 εκέντησαν.
1179 468 1188 484 ιι
1207 459 1254 490 Τίς
1276 456 1322 485 οὖν
1337 460 1412 486 ἔστιν
1427 460 1441 486 ό
1454 459 1610 494 κεντηθείς·
1631 461 1648 496 ἡ
1665 460 1788 495 πλευρά·

1000 503 1106 539 πλευρᾶ
1121 503 1161 537 δὲ,
1180 504 1315 538 σώματος,
1330 505 1361 531 οὐ
1377 505 1504 541 θεότητός
1518 505 1612 541 ὲστι.]

1293 595 1419 623 ΚΕΦΔΛ.
1442 596 1488 629 σν.

1034 662 1080 688 Δεῖ
1091 662 1124 696 δὴ
1135 661 1216 689 πάλιν
1230 662 1304 697 ἡμᾶς
1317 663 1374 693 τοῖς
1387 662 1438 698 τῆς
1452 662 1580 698 ἀληθείας
1591 663 1710 698 δόγμασι
1726 672 1791 690 συν·

999 709 1097 742 ειπεῖν,
1111 709 1160 735 καὶ
1172 710 1230 740 τοῖς
1242 709 1309 741 σοῖς,
1333 706 1357 736 ὦ
1369 705 1456 742 οὗτος,
1469 709 1661 745 ἀντιφέρεσθαι
1678 710 1771 744 λόγοις
1782 718 1787 724 ’

999 763 1048 782 και
1066 755 1122 791 πρό
1144 763 1177 789 γε
1198 754 1252 781 τῶν
1275 755 1364 782 ἄλλων
1378 756 1434 787 τοῖς
1457 755 1683 792 φιλακροάμοσιν,
1698 756 1790 782 ἐκεῖνο

999 802 1105 834 εἰπεῖν,
1128 802 1169 828 ὅτι
1194 809 1234 828 σοι
1259 801 1379 833 σκοπὸς,
1404 801 1452 828 καὶ
1467 801 1511 828 διὰ
1526 801 1644 836 σπουδῆς
1667 801 1790 828 τέθειται

160 849 377 879 st-rasCltristos,
390 847 488 882 quibus
502 847 616 874 seorsim
628 844 772 888 conveniat
785 843 943 871 dominatio-

1020 847 1120 883 πολλῆς,
1142 847 1190 874 δύο
1203 847 1236 882 δὴ
1249 846 1331 874 πάλιν
1354 847 1493 882 ἀποφῆναι
1515 847 1648 882 Χριστοῦς
1659 868 1667 879 ,
1684 844 1727 878 οἷς
1743 847 1791 873 καὶ

161 897 203 922 nis
228 894 383 929 appellatio.
409 893 486 926 Quod
523 896 614 920 autem
632 884 843 926 imperitissimo
873 889 901 916 in
921 889 946 916 id

160 942 318 973 contendas,
337 948 390 968 non
407 939 598 967 multolahore
623 946 638 965 a
667 937 745 965 nobis
777 936 944 964 ostendetur.

162 988 227 1014 Nam
251 987 376 1022 agedum,
391 993 508 1020 expone,
531 992 633 1020 quaaso,
665 990 810 1019 quemnam
834 982 948 1009 deﬁnias

160 1035 310 1065 Christum,
325 1033 402 1068 cujus
411 1037 438 1059 et
466 1032 662 1060 humanitatem
696 1036 724 1057 et
742 1029 871 1056 deitatem
886 1035 947 1056 esse

160 1081 248 1107 dicis:
264 1079 398 1113 siquidem
418 1077 482 1105 illud
493 1084 525 1105 ex
539 1077 592 1104 Deo
607 1076 686 1104 Patre
711 1075 839 1108 Verbum,
854 1078 947 1109 aperte

162 1126 289 1153 fateberis
303 1125 428 1152 eumdem
439 1131 499 1151 esse
510 1124 592 1150 etiam
607 1123 744 1150 hominem
758 1121 860 1156 :ipsius
873 1120 945 1148 enint

159 1179 219 1199 esse
235 1171 428 1198 humanitatem
442 1169 534 1197 dixisti
555 1176 563 1195 :
582 1169 625 1196 sin
638 1168 713 1196 illum
735 1174 768 1195 ex
787 1166 948 1201 Virgine,ut

162 1218 218 1252 ipse
232 1216 344 1248 anseris,
357 1215 483 1243 eumdem
495 1214 670 1242 nihilominus
692 1220 753 1240 esse
763 1213 845 1240 etiam
863 1212 946 1239 Deum

161 1263 350 1298 pronumiasse
364 1261 535 1289 convinccritt
549 1267 559 1287 :
575 1260 659 1294 ipsius
684 1259 758 1286 enim
775 1265 837 1285 esse
855 1257 946 1284 dixisti

159 1308 241 1335 etiam
254 1308 393 1335 deitatem.
422 1305 546 1340 Undique
575 1305 658 1340 igitur
683 1303 838 1338 compulsus
863 1303 946 1330 etiam

161 1353 259 1380 invitus
289 1353 323 1380 ad
347 1353 504 1384 veritatem,
531 1358 614 1378 unum
645 1350 786 1377 nobiscqu
817 1348 948 1376 conﬁtere

160 1398 296 1425 Christum
312 1402 340 1425 et
354 1397 514 1430 Dominum;
532 1395 573 1424 sic
581 1401 698 1431 namque
712 1394 803 1423 dicere
817 1393 945 1422 desines:

163 1453 172 1468 ι
183 1443 345 1470 Audi'etiam
354 1444 405 1470 hoc
417 1450 526 1474 nomen,
537 1442 676 1475 Dominus,
690 1442 835 1476 aliquando
848 1442 882 1469 de
897 1442 946 1469 ltu-

161 1490 291 1517 inanitate
304 1489 418 1521 Christi,
447 1488 593 1523 aliquando
622 1489 656 1516 de
683 1488 826 1515 divinitate
851 1487 947 1522 ipsius,

999 893 1053 921 ἀνὰ
1075 893 1159 928 μέρος
1174 893 1320 928 ἀρμόσειεν
1344 892 1379 919 ἃν
1395 893 1412 928 ὴ
1427 892 1478 928 τῆς
1503 892 1663 928 κυριότητος
1678 892 1789 927 κλῆσις.

1005 937 1195 973 ’Δμαθέστατα
1217 936 1246 964 δὲ
1265 937 1314 964 καὶ
1346 937 1416 972 πρός
1440 945 1473 971 γε
1494 937 1573 964 τοῦτο
1598 937 1656 968 ἰὼν,
1681 937 1715 964 οὐ
1742 937 1792 962 σὺν

999 983 1092 1020 ἱδρῶτι
1115 982 1214 1019 μακρῷ
1232 982 1301 1018 πρὸς
1325 982 1404 1018 ἡμῶν
1428 982 1607 1018 δειχθήσεται.
1629 983 1698 1018 Φέρε
1723 982 1790 1017 γὰρ,

999 1030 1130 1066 ἐρωμένῳ
1143 1029 1256 1065 φράσον,
1272 1030 1350 1056 ποῖον
1364 1029 1420 1065 ἄρα
1431 1029 1536 1065 διορίζῃ
1549 1029 1677 1065 Χριστὸν,
1696 1026 1728 1056 οὗ
1742 1029 1791 1056 καὶ

998 1077 1050 1112 τὴν
1063 1075 1265 1111 ἀνθρωπότητα
1278 1075 1325 1101 καὶ
1341 1075 1392 1109 μέν
1405 1083 1447 1101 τοι
1462 1075 1510 1101 καὶ
1522 1074 1573 1110 τὴν
1587 1074 1703 1110 θεότητα
1718 1073 1791 1101 εἶναι

998 1123 1067 1156 φής·
1081 1122 1106 1147 ει
1123 1121 1173 1156 μὲν
1198 1121 1243 1147 τὸν
1257 1121 1290 1147 ἐκ
1303 1120 1370 1146 Θεοῦ
1384 1119 1490 1156 Πατρδς
1506 1119 1603 1154 Λόγον,
1620 1119 1792 1155 διωμολόγη-

998 1176 1049 1199 κας
1069 1167 1192 1203 ἐναργῶς
1208 1167 1255 1194 τὸν
1271 1166 1353 1193 αὐτὸν
1368 1164 1438 1193 εἷναι
1459 1166 1506 1192 καὶ
1526 1165 1671 1201 ἄνθρωπον
1681 1173 1687 1179 ·
1703 1165 1790 1192 αὐτοῦ

998 1214 1054 1249 γὰρ
1067 1213 1136 1249 ἔφης
1148 1213 1198 1249 τὴν
1215 1213 1431 1248 ἀνθρωπότητα·
1449 1213 1474 1239 εἰ
1496 1212 1524 1239 δὲ
1539 1212 1585 1240 τὸν
1600 1213 1633 1240 ὲκ
1646 1213 1697 1247 τῆς
1715 1213 1791 1247 Παρ-

998 1260 1075 1286 θένου
1102 1260 1174 1286 κατὰ
1199 1260 1228 1285 σὲ
1240 1279 1248 1292 ,
1267 1259 1313 1285 τὸν
1335 1259 1416 1286 αὑτὸν
1438 1259 1515 1286 οὐδὲν
1532 1256 1613 1294 ἦττον
1629 1258 1722 1294 ἁλὼσῃ
1741 1260 1790 1285 καὶ

998 1306 1064 1332 Θεὸν
1079 1305 1223 1341 ἀποφήνας
1233 1314 1241 1322 ·
1264 1305 1347 1332 αὑτοῦ
1361 1305 1416 1342 γὰρ
1429 1305 1498 1340 ἔφης
1512 1303 1583 1332 εῐναι
1599 1305 1646 1331 καὶ
1662 1304 1713 1340 τὴν
1728 1304 1790 1330 θεό-

997 1359 1077 1386 τητα.
1089 1350 1261 1386 Πανταχόθεν
1274 1350 1307 1386 δὴ
1319 1349 1366 1377 οὖν
1380 1350 1593 1385 συνωθούμενος,
1607 1349 1656 1376 καὶ
1669 1349 1789 1385 ἀϐουλή-

998 1406 1053 1429 τως
1066 1397 1109 1429 et;
1120 1396 1262 1433 ἀλήθειαν,
1278 1397 1326 1424 ἕνα
1339 1396 1400 1432 μεθ’
1420 1396 1499 1432 ἡμῶν
1520 1396 1645 1432 ὁμολόγει
1668 1396 1789 1431 Χριστὸν

1000 1445 1049 1471 καὶ
1065 1444 1178 1480 Κύριον.
1198 1443 1331 1479 Πεπαύσῃ
1345 1443 1399 1478 γὰρ
1411 1442 1483 1470 οὕτω
1497 1442 1596 1477 λέγων·
1611 1443 1750 1469 ιΑκουσον
1759 1442 1789 1469 δὲ

1000 1491 1046 1518 καὶ
1058 1492 1099 1524 τὸ,
1115 1490 1228 1526 Κύριος,
1242 1490 1308 1516 ποτὲ
1321 1490 1382 1525 μὲν,
1397 1490 1443 1516 ἐπὶ
1452 1489 1502 1525 τῆς
1516 1489 1726 1526 ἀνθρωπότητος
1740 1489 1788 1516 τοῦ

160 1537 304 1572 aliquando
320 1537 354 1564 de
366 1541 481 1569 tttroqtte
496 1536 614 1568 positum
629 1544 658 1562 ε»
684 1543 746 1563 nam
763 1536 807 1562 tibi
822 1543 893 1562 uutts
904 1540 943 1562 est

1020 1538 1121 1573 ἰριστοῦ
1130 1546 1137 1554 ·
1153 1538 1219 1564 ποτὲ
1233 1537 1272 1569 δὲ,
1287 1537 1334 1563 ἐπὶ
1346 1537 1396 1572 τῆς
1411 1535 1538 1571 θεότητος
1553 1536 1634 1562 αὐτοῦ
1644 1544 1652 1552 ”
1668 1536 1734 1562 ποτὲ
1747 1536 1786 1569 δὲ,

163 1583 255 1615 Filius,
272 1583 407 1617 quomodo
422 1582 512 1609 locum
525 1582 638 1614 haheat,
652 1583 685 1610 de
701 1586 816 1616 utroque
835 1581 946 1608 dicere?

160 1629 229 1661 Quid
244 1634 333 1656 autetn
348 1628 473 1662 estquod
487 1628 560 1655 rides
590 1635 637 1654 eos
658 1628 704 1662 qui
730 1627 850 1654 divinum
880 1627 943 1654 illud

161 1673 318 1709 mysterium
334 1678 455 1700 nostrum
469 1673 649 1704 admirantur,
658 1672 818 1707 intpiissime
828 1673 944 1700 dicens:

164 1730 173 1745 ε
192 1721 413 1754 Quotiescunque
430 1720 627 1747 manducabitis
639 1726 734 1754 panem
749 1719 832 1751 hunc,
842 1722 869 1745 et
877 1719 944 1746 cali-

165 1775 174 1790 ι
193 1773 250 1792 cent
261 1765 331 1793 httnc
351 1765 459 1798 bibetis,
469 1771 584 1792 mortem
597 1764 700 1792 Domini
715 1764 920 1791 annuntiabitis.
932 1773 942 1790 ι

164 1805 242 1845 115
258 1811 326 1837 Audi
336 1817 369 1837 ex
386 1810 600 1845 praecedentibus
626 1810 789 1845 imperitiam
814 1810 944 1844 objicien-

163 1855 312 1890 tiutn,quod
320 1856 530 1883 maximamesse
537 1855 625 1890 legant
632 1856 751 1891 mysterii
761 1856 839 1891 hujus
847 1855 946 1883 utilita-

163 1902 343 1936 Icnt,etcujus
354 1902 508 1929 hominibus
516 1902 802 1929 commemorationem
812 1902 919 1929 ai‘i’erat.
932 1911 941 1927 ι

161 1948 232 1974 Nihil
248 1955 312 1982 ergo
327 1947 428 1982 egregii
448 1946 530 1974 habet
552 1947 692 1974 incruenta
719 1947 762 1974 illa
780 1948 901 1980 victima,
918 1953 945 1974 ct

160 1994 284 2028 exiguam
300 1993 444 2019 admodum
456 1992 598 2020 utilitatem
610 1992 699 2026 ail‘ert,
714 1998 741 2019 et
755 1993 878 2020 «utilitatis
890 1994 943 2020 vim

160 2039 309 2066 continebit
325 2046 410 2073 usque
424 2046 456 2066 eo
470 2038 611 2074 duntaxat,
627 2043 657 2066 ut.
670 2044 859 2066 annuuttetnus
873 2047 945 2066 tuor-

161 2091 213 2113 tcnt
228 2086 357 2118 hominis,
373 2090 402 2112 et
415 2085 495 2112 unius
511 2092 526 2112 ο
541 2090 634 2112 nostro
648 2092 761 2112 numero
778 2092 944 2112 commemo-

160 2133 292 2158 rationem
307 2130 450 2158 iaciamus.
464 2129 594 2158 Mentitur
608 2137 673 2166 ergo
689 2131 754 2157 dtttu
773 2131 837 2158 illud
856 2131 943 2157 viviti-

160 2185 220 2203 cum
236 2176 300 2204 dicit
315 2177 360 2210 qui
378 2176 486 2203 mentiri
503 2183 555 2203 non
574 2175 659 2208 novit,
676 2175 727 2203 hoc
745 2181 787 2203 est
797 2176 920 2203 Christus
935 2185 942 2202 :

999 1585 1043 1611 ἐπ’
1059 1584 1223 1619 ἀμφοτέρων
1241 1583 1381 1618 κείμενον·
1398 1592 1407 1608 ι
1421 1582 1485 1609 ἔνθα
1498 1584 1552 1617 γὰρ
1563 1582 1626 1614 Yth;
1643 1579 1694 1614 εἷς,
1712 1584 1788 1609 ποῖον

999 1629 1033 1656 ἂν
1055 1619 1112 1664 ἔχοι
1132 1629 1215 1656 τόπον
1238 1629 1280 1662 τὺ,
1295 1628 1338 1655 ἐπ’
1357 1629 1459 1663 ἀμφοῖν
1481 1629 1583 1662 εἰπεῖν;
1599 1629 1787 1664 Καταμειδιᾷς

999 1675 1027 1702 δὲ
1054 1675 1168 1702 ἀνθότου
1190 1674 1248 1701 τῶν
1267 1675 1299 1701 τὸ
1316 1674 1388 1701 θεῖον
1408 1673 1487 1710 ἡμῶν
1502 1673 1715 1709 τεθαυμακότων
1738 1683 1788 1709 μυ-

1001 1722 1123 1757 στήριον,
1142 1721 1315 1748 ἀνοσιώτατα
1337 1720 1440 1754 λέγων·
1459 1729 1469 1746 ι
1489 1720 1601 1751 Ὁσάκις
1621 1719 1655 1747 ἂν
1679 1719 1787 1755 ἐσθίητε

1002 1777 1011 1793 ι
1025 1767 1070 1794 τὸν
1077 1767 1159 1802 ἄρτον
1168 1766 1273 1799 τοῦτον,
1287 1766 1334 1793 καὶ
1349 1766 1379 1792 τὺ
1391 1766 1521 1801 ποτήριον
1534 1765 1614 1792 τοῦτο
1622 1766 1730 1801 πίνητε,
1742 1766 1787 1792 τὸν

1003 1823 1011 1838 ι
1018 1813 1134 1840 θάνατον
1142 1812 1190 1840 τοῦ
1199 1813 1303 1848 Κυρίου
1312 1812 1509 1847 καταγγέλλετε
1520 1813 1683 1846 ;›”Δκουσον
1690 1813 1723 1840 ὲκ
1733 1812 1787 1838 τῶν

1000 1860 1214 1895 προηγουμένων
1235 1859 1286 1894 τὴν
1315 1859 1435 1894 ἀμαθίαν
1460 1858 1514 1886 τῶν
1545 1858 1719 1891 ἀντιθέντων,
1748 1858 1786 1889 ὡς

1000 1905 1114 1940 ἰσχυρὰν
1145 1905 1362 1939 ἀναγινώσκουσι
1384 1903 1431 1931 τοῦ
1461 1903 1611 1939 μυστηρίου
1640 1903 1691 1940 τὴν
1716 1903 1787 1938 ὠφέ-

999 1952 1083 1983 λειαν,
1111 1951 1158 1978 καὶ
1191 1951 1264 1982 τινος
1290 1951 1346 1982 τοῖς
1377 1950 1532 1986 ἀνθρώποις
1561 1950 1713 1985 παρέχεται
1736 1949 1785 1984 τὴν

999 1998 1163 2033 ἀνάμνησιν.
1182 2005 1192 2022 ι
1210 1997 1295 2023 οὐδὲν
1309 1995 1357 2024 οὖν
1369 1997 1423 2032 ἄρα
1437 1996 1468 2022 τὸ
1483 1995 1621 2032 ἐξαίρετον
1635 1996 1686 2030 τῆς
1707 1996 1785 2022 ἀναι-

1000 2044 1105 2079 μάκτου
1128 2043 1241 2076 θυσίας,
1257 2043 1351 2079 ὃνησις
1365 2043 1394 2070 δὲ
1418 2042 1515 2078 κομιδῆ
1539 2042 1654 2078 σμικρὰ,
1671 2042 1718 2068 καὶ
1736 2043 1785 2077 τῆς

999 2090 1133 2125 ὡφελείας
1147 2090 1196 2125 τὴν
1217 2090 1334 2125 δύναμιν
1361 2089 1533 2125 περιποιήσει
1547 2089 1616 2124 τάχα
1633 2097 1686 2115 που
1704 2088 1785 2124 μέχρι

998 2136 1031 2172 δὴ
1055 2136 1137 2171 μόνου
1159 2136 1206 2162 τοῦ
1228 2135 1406 2170 καταγγεῖλαι
1429 2135 1475 2162 τὸν
1498 2134 1642 2170 ἀνθρώπου
1660 2134 1784 2167 θάνατον,

1000 2181 1048 2208 καὶ
1063 2181 1118 2208 τῶν
1130 2181 1193 2208 καθ’
1205 2182 1281 2217 ἡμᾶς
1301 2181 1360 2213 ἑνὸς
1375 2180 1539 2216 ποιήσασθαι
1559 2180 1608 2216 τὴν
1621 2180 1783 2216 ἀνάμνησιν.

159 2223 262 2258 decepti
275 2230 324 2250 nos
339 2223 421 2250 etiam
436 2230 540 2255 sumus,
556 2230 652 2250 vanam
673 2223 707 2250 de
728 2222 775 2250 illo
790 2222 943 2257 opinionem

1020 2227 1106 2254 ιὺκοῦν
1124 2215 1295 2262 διαψεόόεται
1312 2215 1444 2259 ζωοποιὺν
1465 2227 1530 2253 αὐτὸ
1551 2215 1648 2261 λέγων,
1662 2215 1784 2260 ἀψεύδε-

159 2270 304 2303 habentes;
320 2277 392 2297 nunc
410 2269 492 2296 etiam
509 2276 572 2297 sero
589 2269 633 2296 vix
651 2269 758 2297 tandem
778 2271 812 2296 ad
825 2270 947 2298 veritatis

159 2317 340 2344 inventionem
356 2316 477 2351 perducti
487 2323 591 2349 sumus,
603 2316 648 2343 ubi
663 2316 690 2343 in
705 2321 768 2344 tuos
781 2317 830 2344 hos
842 2324 948 2344 sermo-

158 2370 208 2390 nes
231 2362 385 2389 incidimus.
411 2361 465 2388 Sed
492 2362 540 2389 tibi
562 2362 632 2389 hanc
655 2363 819 2390 sententiam
838 2363 948 2398 eligenti

158 2408 346 2444 propheticum
369 2408 433 2434 illud
449 2415 465 2434 a
490 2407 568 2436 nobis
587 2408 720 2437 referetur
744 2419 750 2437 :
769 2419 779 2435 ι
800 2409 869 2438 Ecce
894 2418 947 2438 non

158 2460 219 2483 sunt
232 2456 304 2483 oculi
317 2456 356 2483 tui
372 2464 460 2491 tteque
476 2463 525 2484 cor
537 2461 611 2483 tuum
624 2456 723 2483 bonum
734 2455 756 2483 ³.
774 2465 784 2482 ι
797 2455 855 2484 Non
872 2456 944 2483 enim

159 2499 294 2534 intelligit,
311 2500 373 2526 dttnt
392 2500 586 2527 annuntiamus
600 2499 700 2527 Citriin
720 2506 846 2534 mortem,
862 2505 891 2528 et
905 2501 945 2528 in-

159 2551 239 2578 super
259 2545 318 2578 ejus
335 2546 561 2573 resttrrectionem
583 2546 755 2580 conﬁtemur,
769 2552 796 2574 et
814 2554 847 2574 ex
863 2554 893 2574 ea
915 2554 944 2574 re

159 2590 352 2625 perfectionem
367 2591 429 2620 ﬁdei
440 2593 643 2627 consequimur.
656 2593 754 2620 deinde
764 2593 861 2620 divinae
875 2593 948 2620 illius

158 2641 261 2663 naturae
275 2636 420 2672 participes
438 2637 526 2666 effecti
538 2639 561 2672 ⁵,
575 2640 742 2667 consortium
759 2639 873 2667 unitatis
889 2640 947 2674 ejus

158 2682 345 2717 adipiscimur,
369 2684 528 2718 spiritaliter
549 2685 673 2713 simulet
690 2685 870 2721 corporaliter
884 2693 948 2712 san-

157 2728 270 2755 ctilicari
304 2735 336 2756 ac
354 2729 494 2757 viviﬁcari.
517 2739 526 2756 ι
547 2730 661 2766 Oportet
678 2731 748 2759 enim
771 2731 947 2766 corruptibilc

196 2842 202 2857 '
220 2842 313 2870 )lattli.
331 2851 404 2877 μιν,
415 2844 449 2870 50

497 2846 506 2859 ¹
523 2844 636 2872 Zuchar.
657 2852 702 2876 xu,
722 2845 762 2873 i0.
804 2846 922 2875 ’Jerem.
940 2848 1063 2881 um“.

999 2275 1062 2301 σθαι
1079 2274 1116 2310 μὴ
1133 2273 1222 2307 εἰδὼς,
1238 2273 1362 2300 τουτέστι
1374 2273 1507 2309 Χριστόςο
1519 2272 1745 2308 πεφενακίσμεθα
1757 2272 1784 2298 δὲ

999 2321 1046 2348 καὶ
1059 2321 1150 2356 ἡμεῖς,
1166 2320 1273 2347 εἰκαίαν
1295 2319 1402 2354 ἔχοντες
1415 2319 1460 2346 ἐπ’
1472 2318 1546 2354 αὐτῷ
1560 2318 1611 2354 τὴν
1621 2317 1716 2350 δόξαν·
1736 2326 1783 2344 πε-

999 2367 1176 2403 ποδηγήμεθα
1188 2366 1217 2393 δὲ
1232 2366 1281 2393 νῦν
1296 2365 1347 2401 ὀψέ
1360 2373 1425 2392 ποτε
1438 2365 1485 2391 καὶ
1497 2364 1575 2400 μόλις
1588 2364 1630 2395 εἰς
1655 2363 1784 2399 ἀληθείας

999 2413 1124 2448 εὕρεσιν,
1151 2412 1272 2439 τουτοισὶ
1298 2413 1356 2443 τοῖς
1381 2412 1437 2441 σοῖς
1466 2410 1658 2446 περιτυχόντες
1684 2409 1782 2444 λόγοις.

1007 2459 1088 2486 Ἀλλά
1102 2468 1144 2486 σοι
1160 2459 1237 2486 ταυτὶ
1252 2458 1363 2493 φρονεῖν
1376 2457 1516 2493 ᾑρημένῳ,
1534 2457 1602 2492 πρὸς
1614 2455 1694 2491 ἡμῶν
1709 2456 1782 2490 εἴρη-

998 2515 1043 2533 ται
1056 2505 1087 2532 τὸ
1098 2505 1142 2531 διὰ
1157 2505 1208 2540 τῆς
1223 2505 1362 2540 προφήτου
1376 2503 1469 2538 φωνῆς
1479 2511 1486 2518 ·
1508 2512 1517 2528 ι
1529 2503 1594 2529 Ἰδοὺ
1610 2503 1661 2529 οὐκ
1675 2502 1745 2528 εἰσὶν
1758 2502 1782 2527 ol

998 2551 1133 2586 ὀφθαλμοί
1156 2559 1215 2583 σου,
1239 2549 1300 2576 οὐδὲ
1319 2551 1336 2584 ἠ
1352 2549 1451 2585 καρδία
1472 2557 1520 2575 σου
1538 2547 1618 2583 καλή.
1638 2557 1648 2574 ›
1671 2548 1782 2582 Συνίησι

995 2598 1050 2634 γὰρ
1063 2598 1200 2633 οὐδαμῶς,
1225 2598 1265 2624 ὃτι
1291 2597 1338 2624 τὸν
1354 2597 1470 2624 θάνατον
1487 2595 1717 2629 καταγγέλλοντες
1735 2593 1781 2620 τοῦ

996 2644 1126 2680 Χριστοῦ,
1151 2643 1416 2680 προσομολογοΰντες
1438 2642 1467 2669 δὲ
1489 2642 1538 2678 τὴν
1556 2641 1716 2673 ἀνάστασιν,
1737 2641 1782 2666 καὶ

996 2691 1045 2726 τὴν
1071 2691 1100 2717 ὲν
1124 2690 1215 2717 πίστει
1239 2689 1378 2716 τελείωσιν
1399 2688 1442 2715 διὰ
1466 2688 1560 2714 τούτου
1585 2686 1780 2722 κερδαίνοντες,

998 2733 1057 2761 εἶτα
1071 2735 1119 2770 τῆς
1134 2735 1210 2766 θείας
1225 2734 1306 2761 αὑτοῦ
1320 2733 1425 2769 φύσεως
1439 2732 1560 2760 κοινωνοὶ
1573 2731 1726 2766 γεγονότες,
1737 2729 1780 2755 καὶ

1103 2848 1112 2862 ⁸
1129 2847 1149 2874 ll
1164 2846 1220 2874 Pet.
1237 2854 1257 2879 ι.
1275 2847 1303 2873 4.
