1886 3056
164 153 223 183 ἳῦὂ

682 154 710 182 S.
732 153 864 182 CYllﬂLl
882 152 1118 182 ALEXANDRINI
1137 153 1296 183 ARCHIEP.

1742 154 1794 182 ΞΜ

170 212 307 246 quietiam
320 209 463 238 ineﬂ‘abilis
474 210 584 238 deitatis
593 216 707 246 augusta
721 211 869 239 decoratur
879 219 914 239 set

1051 220 1080 243 ος
1097 212 1111 238 ὁ
1127 211 1253 244 Θάνατος.
1277 221 1286 238 t
1303 213 1400 247 Ἀχρις
1415 209 1445 239 οὗ
1467 212 1540 249 ἔλθῃ.
1560 222 1571 239 ι
1585 213 1633 245 Τίς
1644 213 1672 240 δέ
1687 213 1763 240 ἐστιν
1780 213 1795 238 ὁ

168 263 197 286 et
220 265 281 285 cum
305 257 385 284 Patre
405 257 540 290 considet,
561 256 803 285 circumstantibus
825 258 953 284 nimirum

170 303 360 339 Serapbim,et
373 302 507 337 supremis
534 302 588 330 illis
611 302 773 336 Virtutibus,
800 310 953 331 mensuram

168 358 225 378 ante
239 349 388 382 servitutis,
403 356 456 384 qua
472 348 508 375 illi
525 349 640 383 subjecti
648 353 720 380 sunt,
736 356 789 376 non
807 347 955 383 ignoranti-

169 397 229 428 bus,
245 395 372 423 omnibus
382 395 464 421 etiam
482 393 664 422 Potestatibus
678 393 752 420 illum
768 393 952 426 adorantibus,

168 441 321 469 Virtutibus
343 440 425 467 etiam
449 447 481 467 ac
504 440 735 467 Dominationibus
755 448 763 466 :
788 449 798 466 ε
816 439 865 473 ipsi
881 439 953 466 enim

167 495 248 515 omne
256 494 324 521 genu
335 485 468 518 ﬂectetur,
475 490 503 513 et
509 486 596 512 omnis
603 485 692 520 lingua
701 485 881 518 conﬁtebitur,
890 485 954 520 quia

167 532 298 560 Dominus
313 530 402 564 Jesus,
416 531 442 558 in
455 531 565 565 gloriam
578 531 624 558 Dei
636 531 723 558 Patris
738 531 774 564 ¹⁰;
788 540 798 556 ›
814 535 842 558 et
854 531 952 564 veniet,

167 582 198 604 ut
213 577 281 608 dixi,
297 583 349 603 non
364 576 390 602 in
407 580 498 603 nostra
511 575 663 603 humilitate
676 581 850 610 conspectus,
865 575 912 602 sed
927 575 953 602 itt

167 622 251 658 gloria
265 621 425 654 divinitatis,
442 621 511 648 cmlo
540 622 700 655 superisque
727 621 869 655 spiritibus
892 628 953 647 eum

167 667 339 701 stipantibus,
354 671 380 692 et
393 665 441 701 ipsi
455 670 484 691 ut
498 666 562 697 Deo,
584 673 615 692 ac
630 665 709 700 Regi,
728 670 754 692 et
766 665 954 692 universorum

167 713 282 740 Domino
305 712 501 739 assistentibus.
528 710 556 738 Si
584 711 667 746 igitur
683 719 735 738 non
758 716 799 738 est
814 711 841 738 in
862 719 953 744 carne,

167 761 220 787 hoc
235 763 287 791 est,
302 766 354 786 non
371 759 452 785 homo
468 758 568 785 factum
589 762 630 785 est
653 757 698 785 Dei
717 757 806 785 Patris
824 757 954 790 Verbum,

167 805 214 833 sed
246 805 326 831 homo
353 803 460 836 Deifer,
493 803 564 830 latus
590 811 750 838 corporeum
780 803 900 836 habens,
928 809 955 831 et

169 850 249 886 117
277 849 512 883 compunctionem
536 848 628 876 lateris
644 857 750 884 passus,
772 852 906 885 quomodo
928 851 954 877 in

1005 257 1169 292 ἐρχόμενοςς
1189 267 1197 283 ι
1218 258 1348 292 Ὄψονται
1363 259 1402 290 εἰς
1425 258 1454 285 ὃν
1478 258 1667 294 ἐξεκέντησαν.
1686 268 1696 284 ι
1715 258 1797 290 ’Ἥξει

1005 304 1106 337 τοίνυν,
1130 305 1145 330 ὁ
1168 303 1310 336 πεπονθὼς
1329 304 1379 339 μὲν
1397 304 1444 331 τὸν
1467 304 1581 331 θάνατον
1602 304 1796 340 ἀνθρωπίνως,

1006 349 1190 385 ἐγηγερμένος
1207 349 1235 376 δὲ
1251 349 1348 381 θεῑκῶς
1358 358 1364 365 ·
1385 350 1570 384 ἀναφοιτήσας
1583 350 1612 377 δὲ
1628 351 1675 377 καὶ
1693 351 1734 382 εἱς
1746 350 1798 376 οὐ·

1007 395 1106 430 ρανοὺς
1117 415 1125 427 ,
1136 394 1165 426 ὃς
1184 396 1230 421 καὶ
1244 395 1300 426 τοῖς
1312 394 1362 429 τῆς
1375 395 1496 430 ἀρρήτου
1510 394 1635 430 θεότητος
1649 394 1799 430 ἐναϐρύνε-

1005 448 1050 466 ται
1065 439 1173 471 θώκοις,
1191 440 1238 466 καὶ
1254 439 1408 474 συνεδρεύει
1425 439 1464 474 τῷ
1482 439 1581 474 Ila-cpi,
1601 438 1798 473 περιεστώτων

1006 487 1035 512 ὲν
1051 485 1143 521 κύκλῳ
1158 486 1279 521 δηλονότι
1294 486 1348 512 τῶν
1361 486 1487 521 Σεραφὶμ
1499 506 1506 518 ,
1523 486 1569 512 καὶ
1592 485 1646 511 τῶν
1661 485 1798 511 ἀνωτάτω

1005 531 1163 565 Δυνάμεων,
1176 531 1226 557 οὐκ
1236 530 1390 564 ἁγνοουσῶν
1401 530 1451 564 τῆς
1466 528 1512 555 ὑπ’
1529 528 1617 555 αὐτῶν
1629 527 1751 558 δουλείας
1765 527 1799 553 τὸ

1007 576 1118 612 μέτροψ
1130 575 1336 611 προσκυνούσης
1347 585 1376 602 τε
1390 575 1464 610 αὐτῷ
1477 575 1524 602 καὶ
1533 574 1670 606 Ἐξουσίας
1683 574 1799 607 ἁπάσης

1006 621 1152 657 Δυνάμεώς
1171 630 1201 648 τε
1219 621 1266 648 καὶ
1290 621 1475 656 κυριότητος·
1497 629 1506 646 t
1526 619 1630 655 κάμψει
1647 619 1701 654 γὰρ
1717 618 1798 653 αὺτῷ

1006 668 1060 694 πᾶν
1079 667 1154 702 γόνυ,
1184 667 1232 694 καὶ
1254 667 1330 694 πᾶσα
1349 666 1460 700 γλῶσσα
1485 665 1731 701 ἐξομολογήσεται,
1752 665 1798 691 ὃτι

1006 714 1109 749 Κύριος
1117 713 1230 749 Ἰησοῦς,
1242 714 1282 745 εἰς
1296 713 1374 746 δόξαν
1388 712 1456 739 Θεοῦ
1467 711 1687 748 Πατρός.ι”Ηξει
1698 710 1738 743 δὲ,
1755 711 1798 742 ὡς

1006 759 1085 795 ἔφην,
1098 761 1148 786 οὐκ
1161 759 1190 786 ἐν
1203 768 1235 793 γε
1246 760 1280 794 τῇ
1297 758 1358 786 καθ’
1375 759 1450 794 ἡμᾶς
1468 757 1690 793 σμικροπρεπείᾳ
1702 756 1798 792 φαινό-

1009 814 1098 842 μενος,
1114 806 1144 831 ἐν
1163 805 1274 841 εὐκλείᾳ
1287 805 1316 831 δὲ
1337 804 1437 840 μᾶλλον
1452 806 1485 840 τῇ
1501 803 1738 840 θεοπρεπεστάτῃ,
1751 802 1798 829 δο-

1009 851 1190 887 ρυφοροῦντας
1206 850 1323 886 οὐρανοῦ
1340 851 1387 877 καὶ
1409 850 1464 877 τῶν
1489 851 1544 878 ἄνω
1570 850 1732 885 πνευμάτων
1755 848 1798 880 ὡς

168 898 232 925 sede
253 903 385 930 suprema:
412 895 562 922 divinitatis
583 895 761 930 conspicitur,
777 895 850 922 velut
874 903 908 930 qu

1051 897 1065 932 ῖ›
1081 905 1109 923 τε
1123 897 1170 923 καὶ
1183 895 1303 927 Βασιλεῖ,
1317 896 1363 922 καὶ
1377 894 1416 930 τῷ
1431 895 1485 922 τῶν
1498 894 1568 922 ὅλων
1579 895 1703 930 Δεσπότῃ
1718 902 1795 929 παρ-

168 949 212 972 tus
237 943 314 970 nobis
335 941 413 969 Deus
431 941 540 974 quidam
569 948 664 968 recens
684 945 744 976 post
756 947 878 968 sanctam
893 941 954 969 Tri—

168 990 279 1018 nitatem
311 986 519 1016 etl’ectus?Non
554 987 649 1014 horres
685 986 775 1014 dicere
817 987 952 1022 vulgarem

167 1035 316 1067 hominem,
329 1039 461 1061 creatura:
474 1032 575 1060 cultum
588 1032 768 1060 exhibendum
780 1032 954 1068 exeogitans?

168 1082 278 1117 Ergone
302 1079 440 1107 veteribus
462 1078 566 1113 laqueis
583 1079 733 1106 detinemur
748 1079 760 1105 ?
775 1086 876 1114 ergone
899 1079 954 1106 Deo

167 1127 294 1163 iniuriam
318 1125 410 1153 intulit
434 1129 462 1152 et
486 1124 626 1152 nobiscum
651 1131 744 1151 errore
771 1125 882 1152 seducta
911 1128 954 1152 est

167 1177 258 1200 sancta
283 1171 326 1198 illa
358 1169 501 1198 multitudo
526 1177 703 1204 supernorum
733 1170 903 1205 spirituum?
924 1170 952 1197 Si

166 1219 251 1246 veteri
279 1225 371 1245 errore
397 1216 502 1244 liberati
531 1223 624 1243 sumus
647 1216 675 1243 in
703 1223 736 1243 eo
761 1217 831 1251 quod
851 1217 954 1244 servire

168 1269 300 1292 creatura:
316 1268 442 1297 tanquam
473 1269 529 1288 rem
558 1261 668 1296 impiatn
686 1261 879 1294 recusavimus,
905 1269 954 1289 cur

168 1317 217 1336 nos
240 1309 265 1335 in
283 1313 372 1335 vetera
395 1307 508 1334 crimina
531 1306 652 1340 conjicis,
669 1311 696 1334 et
709 1307 952 1335 elIicishominico-

167 1356 226 1383 las?
236 1354 290 1382 Nos
301 1355 373 1382 enim
387 1354 486 1381 scimus
499 1353 671 1381 etcredimus
681 1353 746 1380 illud
760 1361 794 1380 ex
806 1354 860 1381 Deo
873 1353 953 1381 Patre

169 1401 285 1428 Verbum
313 1407 420 1426 carnem
450 1404 478 1426 et
501 1398 660 1434 sanguinem
677 1398 861 1434 assumpsisse
879 1407 886 1426 :
905 1400 953 1427 sed

167 1447 230 1481 quia
258 1445 407 1481 permansit
434 1444 516 1476 idem,
540 1452 637 1479 nempe
659 1444 744 1477 Deus,
769 1451 845 1472 suam
871 1452 953 1480 supra

167 1493 257 1521 omnia
272 1490 528 1519 excellentissimam
553 1490 711 1526 dignitatem
734 1492 852 1518 servavit
870 1492 952 1518 etiam

167 1547 228 1566 cum
238 1537 348 1573 perinde
359 1544 390 1564 ac
406 1543 454 1564 nos
479 1540 552 1564 esset
571 1536 601 1563 in
625 1543 718 1565 carne.
743 1536 828 1564 Porro
840 1545 901 1564 cum
917 1537 953 1565 sit

167 1585 238 1612 Deus
267 1583 441 1611 nihilominus
457 1583 506 1610 hoc
522 1587 642 1616 tempore
671 1590 752 1617 quam
770 1583 853 1610 luerit
875 1583 951 1617 olim,

167 1631 291 1666 quamvis
315 1630 395 1656 homo
421 1629 520 1660 iactus,
538 1632 627 1656 tamen
645 1629 767 1656 serviens
781 1629 832 1656 sibi
853 1629 952 1656 coelum

166 1677 260 1709 habet,
279 1676 494 1709 adorantemque
509 1680 609 1702 terratn
624 1683 631 1708 ;
651 1675 783 1710 scriptum
798 1681 841 1702 est
853 1676 926 1702 enittt
944 1684 951 1702 :

171 1730 180 1747 α
197 1721 289 1748 Laude
317 1719 424 1747 Domini
441 1719 520 1753 plena
549 1724 591 1747 est
617 1723 689 1747 terra
707 1727 714 1752 ;
733 1721 842 1754 operuit
869 1720 953 1748 coctos

168 1767 252 1802 gloria
273 1771 327 1798 tua,
347 1766 459 1793 Domine
475 1766 508 1792 ¹¹.
528 1774 536 1790 ι
558 1764 598 1792 Tu
613 1773 678 1793 vero
693 1773 709 1793 e
737 1766 874 1793 contrario
889 1774 952 1794 eum

168 1813 214 1847 qui
241 1816 314 1839 tanta
330 1816 372 1838 est
396 1815 423 1838 el
439 1815 544 1837 naturze
560 1815 587 1837 et
604 1810 698 1845 gloria:
717 1810 902 1845 amplitudine,
919 1818 952 1838 ex

169 1858 251 1885 nimia
276 1857 384 1884 inscitia
412 1863 466 1883 non
496 1856 589 1888 vides;
604 1856 696 1884 dixisti
715 1857 787 1884 enim
805 1856 892 1890 :Quis
911 1862 953 1885 est

167 1904 213 1938 qui
233 1903 307 1930 venit
321 1903 333 1929 ?
349 1911 358 1927 ι
371 1902 505 1929 Videbunt
518 1901 614 1929 Filium
628 1902 746 1930 ltominis
758 1903 909 1930 venientetn
926 1903 952 1930 itt

166 1941 284 1978 nubibus
297 1949 357 1977 θα·ιί
372 1949 419 1981 ¹¹;
443 1958 452 1975 t
484 1953 611 1983 tanquam
637 1949 741 1977 scilicet
772 1955 895 1977 metuens
919 1956 953 1976 ne

168 1996 228 2030 quis
253 1994 386 2022 diuideret
418 1995 518 2022 dicenti
537 1994 636 2022 Filium
663 1995 781 2023 hominis
807 2002 869 2023 eum
892 2003 953 2023 esse

167 2042 214 2076 qui
225 2041 317 2073 venit,
333 2047 359 2067 et
370 2041 527 2076 prophetico
542 2042 697 2069 testimonio
710 2043 858 2070 contirmas
874 2049 954 2076 argu-

167 2092 299 2114 mentum.
317 2086 453 2121 Scriptum
480 2093 542 2114 esse
566 2094 683 2121 namque
707 2087 768 2115 ais:
785 2096 794 2113 ι
817 2086 953 2114 Videbunt

168 2134 195 2160 in
210 2140 289 2168 quem
301 2136 520 2167 compunxerunt
534 2131 557 2147 ¹⁸
571 2140 579 2166 ;
602 2141 613 2157 ι
626 2137 654 2159 et
667 2132 738 2166 quod
755 2137 883 2167 praeterea
895 2132 953 2167 ipse

167 2179 266 2212 putasti
291 2185 352 2206 esse
377 2177 411 2204 ad
434 2177 634 2211 coarguendum
665 2176 778 2210 ﬁrmius,
795 2177 951 2212 impruden-

1004 941 1171 977 εστηκότων.
1190 941 1275 976 Εἴπερ
1299 938 1345 968 οὖν
1370 941 1444 966 ἐστιν
1467 940 1518 966 οὐκ
1532 941 1561 966 ὲν
1579 941 1661 974 σαρκὶ
1678 938 1796 974 μᾶλλον,

1004 988 1088 1023 ἤγουν
1103 987 1247 1023 ἄνθρωπος
1261 985 1380 1021 γεγονὼς
1392 987 1406 1013 ὁ
1420 985 1468 1013 τοῦ
1486 985 1555 1012 Θεοῦ
1571 985 1680 1021 Πατρὺς
1693 985 1796 1018 Λόγος,

1004 1035 1146 1070 ἄνθρωπος
1168 1034 1196 1060 δὲ
1209 1033 1343 1069 Θεοφόρος
1361 1033 1482 1070 πλευρὰν
1504 1033 1572 1068 ἔχων
1587 1032 1712 1068 σώματος
1723 1054 1730 1066 ,
1745 1032 1797 1059 καὶ

1005 1080 1154 1115 ὑπομείνας
1170 1080 1219 1115 τὴν
1236 1079 1416 1114 διακέντησιν,
1442 1078 1499 1110 πῶς
1515 1079 1542 1104 ὲν
1560 1078 1666 1113 θρόνοις
1680 1078 1795 1113 ὁρᾶτα.,

1003 1127 1053 1162 τῆς
1062 1126 1193 1153 ἀνωτάτω
1206 1125 1331 1159 θεότητος
1343 1125 1472 1160 τέταρτος
1481 1124 1575 1160 ὥσπερ
1589 1132 1629 1156 τις
1643 1125 1708 1159 ήμῖν
1721 1123 1797 1159 μετὰ

1003 1175 1053 1208 τὴν
1077 1172 1156 1207 ἁγίαν
1173 1171 1276 1207 Τριαδα
1300 1171 1455 1206 πρόσφατος
1469 1171 1535 1203 Θεὸς
1550 1171 1794 1206 ἀναδεδεγμένος

1004 1218 1041 1245 Οὐ
1067 1217 1280 1251 καταπέφρικας
1308 1215 1396 1243 κοινὸν
1421 1216 1575 1252 ἄνθρωπον,
1592 1217 1624 1251 τῇ
1648 1216 1737 1242 κτίσει
1760 1216 1796 1242 τὸ

1005 1263 1087 1295 σέϐας
1099 1262 1230 1296 ὲπινοῶν;
1247 1261 1302 1298 ἄρα
1316 1263 1371 1294 τοῖς
1394 1262 1520 1298 ἀρχαίοις
1545 1262 1712 1297 ἐνισχήμεθα
1729 1261 1796 1297 βρό-

1003 1318 1076 1345 102;;
1095 1307 1150 1344 ἆρα
1165 1308 1364 1344 πεπαρῴνηκεν
1387 1309 1426 1340 είς
1450 1307 1528 1339 Θεὸν,
1547 1308 1594 1334 καὶ
1618 1307 1794 1342 πεπλάνηται

1005 1354 1065 1390 μεθ’
1081 1354 1170 1390 ἡμῶν,
1187 1354 1203 1389 ἡ
1219 1354 1285 1387 ἁγία
1299 1353 1353 1379 τῶν
1368 1353 1424 1380 ἄνω
1438 1353 1602 1388 πνευμάτων
1616 1352 1724 1388 πληθύς
1735 1361 1742 1385 ;
1754 1353 1795 1387 ;Εί

1003 1401 1053 1435 τῆς
1069 1400 1185 1436 ἀρχαίας
1207 1399 1315 1434 ἀπάτης
1331 1399 1558 1434 ὲκλελυτρώμεθα
1571 1419 1578 1432 ,
1596 1399 1627 1426 τὸ
1643 1400 1676 1433 τῇ
1702 1399 1794 1425 κτίσει

1003 1445 1145 1481 λατρεύειν
1157 1445 1195 1477 ὡς
1205 1444 1334 1476 δυσσεϐὲς
1347 1444 1573 1480 παραιτούμενοι,
1588 1444 1614 1471 τί
1626 1444 1707 1472 πάλιν
1718 1444 1795 1479 ἡμᾶς

1002 1493 1058 1523 τοῖς
1080 1491 1204 1527 ἀρχαίοις
1227 1491 1398 1526 ἐγκλήμασιν
1414 1491 1495 1522 ἐνιεὶς
1512 1491 1672 1526 ἀποψαίνεις
1689 1490 1796 1525 ἀνθρω-

1005 1537 1161 1572 minimae;
1184 1537 1281 1572 Ἡμεῖς
1297 1537 1347 1571 μὲν
1365 1537 1419 1572 γὰρ
1437 1537 1517 1571 ἴσμεν
1542 1536 1589 1563 καὶ
1605 1535 1795 1562 πεπιστεύκα-

1005 1591 1065 1618 μεν,
1079 1583 1120 1609 ὅτι
1137 1582 1248 1616 γέγονεν
1261 1584 1290 1609 ὲν
1304 1583 1456 1618 προσλήψει
1475 1583 1576 1618 σαρκός
1597 1591 1628 1609 τε
1643 1583 1691 1609 καὶ
1707 1583 1794 1617 αἵμα-

1004 1637 1048 1660 τος
1061 1630 1076 1655 ὸ
1091 1630 1122 1655 ὲκ
1138 1628 1206 1655 Θεοῦ
1222 1628 1327 1664 [ἰατρὸς
1344 1629 1428 1663 Λόγος
1440 1626 1456 1642 "
1469 1629 1564 1664 ἐπειδὴ
1589 1628 1618 1655 δὲ
1636 1628 1795 1664 μεμένηκεν

1003 1675 1017 1701 ὸ
1033 1675 1115 1706 αὐτὸς
1146 1675 1268 1709 δηλονότι
1289 1675 1364 1706 θεὸς.
1388 1675 1438 1711 τῆς
1461 1674 1574 1709 ἐνούσης
1595 1674 1667 1702 κατὰ
1683 1675 1795 1701 πάντων

1004 1719 1141 1755 ὑπεροχῆς
1155 1719 1186 1746 τὸ
1199 1719 1309 1754 ἀξίωμα
1322 1719 1485 1746 διεσώσατο’
1513 1719 1615 1755 καίπερ
1639 1719 1678 1746 ὣν
1702 1719 1795 1754 σάρκα

1002 1765 1044 1800 [ἐν
1059 1764 1152 1801 σαρκὶ]
1167 1765 1227 1792 καθ’
1241 1766 1327 1800 ἡμᾶς.
1343 1766 1409 1797 Θεὸς
1420 1765 1448 1792 δὲ
1459 1765 1600 1800 ὑπάρχων,
1609 1765 1686 1792 οὐδὲν
1698 1763 1793 1801 ἦττον,

1004 1811 1020 1846 ἥ
1036 1811 1120 1839 πάλαι
1143 1812 1190 1838 καὶ
1205 1811 1262 1844 νῦν,
1287 1812 1339 1838 κᾶν
1354 1813 1378 1838 εἰ
1394 1812 1506 1846 γέγονεν
1519 1812 1674 1847 ἄνθρωπος,
1690 1811 1794 1847 λάτρην

1003 1858 1060 1893 ἔχει
1075 1859 1121 1884 τὸν
1132 1857 1246 1893 οὐρανὸν
1261 1857 1308 1884 καὶ
1324 1857 1530 1893 προσκυνοῦσαν
1541 1857 1590 1892 τὴν
1605 1858 1658 1892 γῆν
1669 1865 1676 1872 ·
1691 1858 1794 1893 γέγρα-

1004 1911 1071 1930 πται
1083 1903 1147 1939 γὰρ,
1165 1905 1206 1931 ὅτι
1223 1914 1232 1930 ‹
1252 1905 1308 1940 Τῆς
1324 1905 1454 1936 αἰνέσεως
1468 1905 1571 1940 Κυρίου
1586 1905 1696 1940 πλήρης
1710 1906 1726 1940 ή
1742 1905 1790 1940 γῆ·

1004 1949 1139 1984 ἐκάλυψεν
1163 1951 1294 1984 οὐρανοὺς
1308 1951 1324 1985 ή
1340 1951 1424 1985 ἀρετή
1441 1959 1499 1982 σου,
1519 1950 1616 1986 Κύριε.
1636 1960 1645 1976 )
1662 1951 1700 1977 Σὶι
1715 1951 1744 1977 δὲ
1758 1950 1794 1986 δὴ

1004 1995 1085 2023 πάλιν
1102 1995 1148 2022 τὸν
1162 1995 1248 2027 οὕτως
1273 1996 1370 2031 ἔχοντα
1394 1996 1501 2031 φύσεώς
1522 2005 1552 2023 τε
1573 1997 1619 2023 καὶ
1642 1996 1738 2031 δόξης,
1760 1997 1795 2023 ὲκ

1004 2040 1105 2076 πολλῆς
1120 2041 1190 2075 ἄγαν
1202 2041 1377 2077 ἁδελτηρίας,
1393 2042 1442 2076 οὐχ
1457 2043 1534 2077 ὁρᾷς.
1551 2042 1640 2077 Ἐφης
1653 2042 1711 2076 γὰρ
1724 2041 1765 2072 τίς
1779 2043 1794 2067 ὁ

1004 2087 1164 2122 ὲρχόμενοςς
1189 2096 1199 2112 ε
1216 2087 1345 2122 Ὄψονται
1369 2087 1415 2114 τὸν
1432 2088 1496 2114 Υἰὺν
1511 2087 1557 2114 τοῦ
1577 2087 1726 2123 ἀνθρώπου
1746 2088 1793 2122 ἐρ-

1003 2133 1117 2168 χόμενον
1132 2133 1177 2159 ἐπὶ
1191 2132 1246 2159 τῶν
1259 2133 1379 2167 νεφελῶν
1393 2133 1440 2160 τοῦ
1457 2133 1572 2168 οὐρανοῦ
1583 2141 1589 2148 ·
1608 2142 1617 2158 ι
1635 2133 1732 2167 ὥσπερ
1749 2132 1793 2159 δε-

1003 2177 1067 2210 διὼς
1082 2178 1120 2214 μὴ
1135 2178 1190 2214 ἄρα.
1199 2187 1241 2211 τις
1255 2179 1433 2215 ἀπιστήσειεν
1447 2179 1511 2205 Υίὺν
1526 2178 1671 2214 ἀνθρώπου
1686 2179 1792 2212 λέγοντι

166 2225 273 2252 tissime
288 2223 418 2258 adjiciens
432 2232 440 2250 :
453 2223 585 2256 Quidnam
605 2227 657 2256 est,
686 2223 787 2257 inquis.
801 2224 866 2251 illud
878 2231 909 2251 co

1046 2232 1049 2246 ι
1067 2224 1223 2259 ὶρχόμενον.
1244 2225 1298 2252 Καὶ
1326 2227 1482 2261 προφητικῇ
1511 2225 1649 2260 μαρτυρίᾳ.
1670 2224 1790 2260 βεσαιοῖς

166 2274 296 2305 punctum
312 2269 324 2295 ?
338 2268 420 2296 Latus
433 2276 442 2301 ;
453 2268 523 2295 latus
544 2275 608 2295 vero
634 2268 756 2302 corporis
769 2272 820 2299 est,
838 2275 872 2294 an
883 2268 951 2295 divi—

167 2315 280 2343 nitatis?
293 2313 346 2341 Sed
360 2314 383 2341 si
395 2314 440 2348 qui
451 2318 542 2341 essent
566 2313 612 2348 qui
625 2313 756 2346 dicerent.
769 2313 817 2340 Dei
831 2312 949 2340 Verbum

167 2367 220 2388 non
251 2359 352 2386 factum
380 2357 464 2386 fuisse
491 2359 626 2385 hominem
657 2358 743 2385 nostri
760 2358 886 2390 similem,
903 2359 950 2385 sed

167 2406 200 2433 ad
212 2405 335 2433 homines
343 2405 387 2439 qui
404 2408 466 2431 sunt
484 2405 510 2430 in
523 2404 603 2431 terris
632 2404 774 2432 advenisse
787 2404 856 2431 nuda
872 2412 949 2432 usum

167 2452 317 2484 divinitate,
344 2455 391 2478 aut
417 2452 449 2478 ad
465 2451 551 2478 visum
580 2458 612 2478 ac
622 2451 753 2485 speciem.
775 2455 802 2478 et
823 2456 949 2486 tanquam

167 2498 194 2524 in
211 2498 316 2528 umbra,
333 2501 363 2524 ut
385 2497 546 2530 quibusdam
576 2496 666 2530 impiis
687 2497 823 2524 htereticis
850 2497 951 2524 sentire

167 2541 255 2568 visum
286 2545 339 2572 est,
356 2541 470 2567 haberes
500 2541 617 2575 aliquam
647 2540 779 2575 ejusmodi
808 2542 952 2568 ratiocina-

163 2586 249 2612 tionis
278 2585 464 2612 construendae
488 2585 657 2612 occasionem
685 2585 754 2612 haud
782 2584 949 2612 absurdam:

164 2632 220 2666 jam
250 2639 314 2658 vero
337 2637 397 2658 cum
426 2630 580 2664 praedicatio
607 2629 729 2657 veritatis
754 2630 897 2664 perspicue
925 2634 952 2657 et

167 2677 306 2704 evidenter
322 2676 409 2712 ipsum
425 2675 472 2703 Dei
488 2674 604 2703 Verbum
620 2682 728 2702 carnem
747 2675 849 2703 factum
867 2676 949 2708 dicat,

166 2728 194 2750 et
206 2722 289 2749 fuisse
302 2721 386 2749 nostri
401 2721 527 2753 similem,
542 2724 570 2748 et
580 2720 675 2747 Filium
690 2721 816 2753 hominis.
830 2725 858 2748 et
869 2729 951 2749 carne

166 2773 276 2802 propter
291 2773 341 2794 nos
355 2775 473 2802 passum,
490 2767 582 2802 sicque
595 2771 735 2794 venturum
758 2771 786 2794 ut
803 2768 830 2795 in
851 2768 949 2795 caelum

1003 2269 1054 2304 τὴν
1072 2269 1221 2303 ἀπόδειξιν·
1238 2271 1393 2306 γεγράφθαι
1413 2271 1467 2307 γὰρ
1483 2272 1555 2306 φής·
1573 2279 1582 2296 t
1601 2271 1735 2305 Ὄψονται
1751 2272 1791 2302 είς

1006 2311 1036 2338 ὃν
1059 2312 1256 2348 ἐξεκέντησαν
1275 2324 1284 2340 ι
1313 2315 1407 2342 καὶτὸ
1423 2316 1469 2341 ἐπὶ
1487 2315 1601 2347 τούτων,
1629 2315 1727 2352 ὥσπερ
1746 2314 1791 2342 οὖν

1003 2358 1110 2394 ᾠήθης,
1139 2360 1179 2391 εἰς
1206 2360 1333 2396 ἐλέγχους
1363 2361 1570 2397 εὑσθενέστερον
1596 2361 1791 2389 ἀσυνετώτατα

1005 2405 1178 2439 προστιθείς’
1195 2406 1243 2438 Τίς
1258 2405 1304 2433 οὖν
1322 2407 1399 2439 ἐστι,
1425 2408 1517 2442 φησὶν,
1538 2409 1553 2434 ὁ
1578 2407 1738 2443 κεντηθείςς
1760 2409 1791 2435 Ἡ

1004 2449 1122 2485 πλευρά·
1150 2450 1255 2486 πλευρὰ
1281 2452 1309 2479 δὲ
1336 2452 1462 2488 σώματός
1492 2454 1577 2486 ἐστιν,
1603 2453 1620 2487 ἢ
1643 2453 1790 2489 θεότητος;

1009 2496 1078 2522 Ἀλλ’
1096 2498 1120 2523 εἰ
1145 2497 1193 2532 μὲν
1216 2497 1286 2533 ἦσαν
1308 2499 1380 2531 τινὲς
1393 2501 1417 2526 oi
1433 2499 1567 2533 λέγοντες,
1592 2501 1630 2532 ὡς
1642 2501 1674 2527 οὐ
1693 2501 1790 2535 γέγονε

1003 2542 1064 2568 καθ’
1088 2543 1162 2577 ἡμᾶς
1175 2543 1318 2578 ἄνθρωπος
1337 2546 1352 2571 ὀ
1365 2545 1413 2571 τοῦ
1428 2546 1496 2572 Θεοῦ
1508 2546 1594 2580 Λόγος
1603 2553 1610 2560 ·
1624 2547 1791 2581 ὲπεφοίτησε

1002 2587 1031 2613 δὲ
1047 2588 1102 2619 τοῖς
1117 2588 1162 2614 ἐπὶ
1175 2589 1237 2623 γῆς,
1258 2591 1349 2625 γυμνῇ
1363 2592 1395 2625 τῇ
1411 2591 1517 2626 θεότητι
1538 2591 1690 2626 χρώμενος.
1707 2592 1790 2627 ῆγουν

1002 2634 1031 2658 ἐν
1044 2632 1152 2668 δοκήσει
1166 2635 1212 2660 καὶ
1230 2634 1268 2666 ὡς
1286 2636 1314 2662 ἐν
1332 2637 1405 2670 σκιᾷ,
1430 2636 1501 2663 καθὰ
1516 2638 1625 2671 φρονεῖν
1642 2636 1717 2670 ἐδοξέ
1736 2646 1790 2663 τισι

1002 2679 1056 2704 τῶν
1082 2679 1196 2706 ἀνοσίων
1219 2681 1375 2715 αἰρετικῶν,
1399 2680 1432 2717 ἦν
1456 2682 1488 2709 ἄν
1515 2691 1556 2709 σοι
1579 2683 1718 2717 πρόφασις
1742 2685 1789 2719 τῆς

1002 2724 1108 2751 τοιᾶσδε
1126 2724 1179 2751 τῶν
1203 2725 1290 2759 λόγων
1314 2727 1497 2762 κατασκευῆς,
1516 2729 1565 2754 οὐκ
1581 2728 1634 2761 ἔξω
1655 2730 1788 2764 τρέχουοα

1001 2768 1048 2794 τοῦ
1072 2770 1174 2801 εἰκότος
1186 2779 1192 2784 ”
1218 2771 1310 2806 ἐπειδὴ
1327 2772 1355 2798 δὲ
1380 2772 1409 2798 τὸ
1427 2773 1477 2808 τῆς
1500 2773 1630 2810 ἀληθείας
1645 2776 1787 2811 κήρυγμα,

184 2854 206 2870 ¹⁰
222 2854 336 2889 Philipp.
352 2861 383 2886 tt,
400 2853 499 2888 10,Η.
537 2854 558 2870 ¹¹
574 2853 726 2888 Habac.ttt,
740 2855 767 2883 3.
806 2857 827 2873 "
842 2855 925 2885 Matth

667 2862 726 2888 .lll,
740 2855 767 2883 3.
806 2857 827 2873 ¹¹
842 2855 937 2885 Matth.
958 2864 1031 2891 μιν,
1051 2858 1094 2885 '50.
1136 2858 1283 2887 "Zacliar.
1297 2867 1348 2894 xu,
1366 2861 1407 2888 10.
