1886 3056
107 162 160 191 9.05

653 163 838 191 ADVERSUS
856 162 1057 191 NESTORIUM
1074 162 1138 190 LIB.
1161 163 1194 191 V.

1689 163 1742 191 206

113 219 204 254 σαφῶς
219 228 249 246 τε
266 221 318 247 καὶ
335 221 466 258 ἐναργῶς
479 222 524 249 τὸν
535 221 582 249 τοῦ
593 221 659 248 Θεοῦ
675 223 760 257 Λόγον
778 223 867 258 σάρκα
878 231 906 249 τε

964 223 1093 256 ascendit,
1109 229 1138 250 ut
1154 222 1241 258 angeli
1262 229 1327 249 voce
1353 226 1478 250 testatum
1499 225 1540 249 est
1556 221 1588 254 “,
1610 228 1741 256 quosnam

113 265 250 300 γενέσθαι,
268 267 341 301 φησὶ
353 288 361 299 ,
381 268 552 303 χρηματίσαι
574 268 603 294 δὲ
617 268 678 295 καθ’
695 269 769 304 ἡμᾶς
783 269 829 295 καὶ
844 269 908 295 Υἱὺν

114 309 271 346 ἀνθρώπου,
285 312 337 338 καὶ
353 313 454 340 παθεῖν
469 313 540 348 ὑπὲρ
552 312 629 347 ήμῶν
645 313 726 348 σαρκί
738 321 744 327 ·
764 313 909 347 ἀφίξεσθαι

115 357 144 384 δὲ
157 357 203 384 καὶ
216 356 308 389 οὕτως
325 358 424 391 αὐτὸν,
434 359 472 391 ὡς
485 358 654 394 ἀναϐέϐηκεν
667 360 706 391 εἰς
722 359 768 386 τὸν
783 360 907 395 οὐρανόν·

117 402 186 439 [καὶ]
203 404 276 430 κατὰ
293 404 346 440 τὴν
363 404 412 431 τοῦ
427 405 544 439 ἀγγέλου
559 406 662 440 φωνὴν,
677 405 746 440 πρὸς
761 405 835 436 τινας
851 405 909 432 δια-

115 450 283 484 τεινόμενος,
301 450 366 477 εἰπέ
381 459 437 485 μοι,
451 451 498 477 καὶ
508 450 557 485 τὴν
569 451 640 482 τινος
655 450 734 483 δόξαν
745 451 910 486 κατακιὸδη-

114 496 201 522 λεὺων
217 496 256 527 ὡς
272 496 371 531 ἀμαθῆ
386 497 434 523 καὶ
447 496 595 531 ἀσύφηλον,
610 495 752 532 ἄνθρωπον
765 497 831 531 ἡμῖν
841 497 911 523 ἁπο-

114 541 199 576 φῆναι
223 541 392 575 φιλονεικεϊς
412 542 457 568 τὸν
480 542 644 577 ἐρχόμενον,
667 542 788 578 πλευρὰν
811 543 910 578 ἔχοντα

114 587 297 622 σωματικὴν,
313 588 364 622 τὴν
380 589 414 623 τῇ
431 588 515 624 λόγχῃ
529 588 758 624 διανενυγμένηνς
774 589 855 616 Ἀλλά
869 597 910 615 σοι

115 633 230 664 σκοπὸς.
251 633 291 665 ὡς
307 633 387 669 ἔφην,
402 634 544 669 ἄνθρωπον
559 635 624 668 ἡμῖν
635 633 780 670 Θεοφόρον,
790 635 837 661 καὶ
849 635 910 670 οὐχὶ

112 679 147 714 δὴ
171 679 277 714 μᾶλλον
300 679 367 706 Θεὸν
381 679 610 714 ἑνηνθρωπηκότα
625 700 631 712 ,
652 680 851 715 παρακομίζειν
870 682 910 712 εἰς

114 726 200 760 μέσον
217 725 266 752 τὸν
287 726 473 761 Ἐμμανουήλ.
490 726 587 760 Γέγονε
604 726 659 761 γὰρ
675 726 817 761 ἄνθρωπος
832 728 846 753 ὁ
862 727 908 753 τοῦ

112 770 183 796 Θεοῦ
197 770 286 804 Λόγος
296 778 304 784 ·
319 770 367 796 καὶ
381 770 474 801 πίστις
484 770 530 805 ἥδε
543 772 604 801 ταῖς
619 772 704 806 ἱεραῖς
715 779 745 797 τε
760 771 807 798 καὶ
822 772 910 803 θείαις

114 814 310 849 ωμὸαἱνουσα
326 814 449 850 Γραφαῖς
459 834 466 846 ,
490 815 537 841 καὶ
549 815 602 850 τῆς
615 815 798 849 ἀποστολικῆς
813 824 843 842 τε
862 816 909 842 καὶ

113 860 304 896 εὖαγγελικῆς
335 860 508 895 παραδόσεως
535 860 645 891 σκοπὸς,
673 860 713 891 εἰς
737 860 803 886 αὐτὸ
829 860 907 887 τοῦτο

961 276 1109 303 oppugnas,
1137 269 1181 296 dic
1205 268 1280 300 mihi,
1309 268 1419 304 cujusve
1440 268 1592 302 opinionem
1616 273 1742 301 tanquam

961 315 1070 341 stultam
1083 318 1111 341 et
1127 314 1244 348 ineptam
1263 313 1410 348 improbas,
1425 321 1485 340 cum
1509 320 1570 340 eum
1594 313 1640 347 qui
1657 312 1742 344 venit,

961 361 1098 388 hominem
1110 367 1171 387 esse
1188 360 1266 387 nobis
1293 359 1374 395 118
1400 359 1543 387 ostendere
1558 359 1661 390 niteris,
1681 365 1743 385 cor-

961 406 1154 441 poreumlatus
1173 406 1315 433 habentem
1339 406 1430 432 lancea
1459 405 1672 440 compunctum?
1690 403 1744 431 Sed

965 452 1011 478 tibi
1030 452 1195 487 propositum
1212 456 1263 483 est.
1278 456 1307 478 ut
1329 451 1395 482 dixi,
1415 451 1500 486 ipsum
1518 451 1675 478 Emmanuel
1694 451 1744 477 ho-

961 499 1061 525 minem
1078 498 1155 526 nobis
1173 498 1306 525 Deiferum
1320 498 1346 524 in
1363 498 1480 524 medium
1503 498 1661 532 producere.
1689 504 1742 524 non

961 544 1044 571 Deum
1069 545 1204 572 hominem
1227 545 1347 571 factum:
1365 553 1426 571 nam
1453 545 1539 579 ipsum
1557 545 1601 572 Dei
1626 544 1743 572 Verbttm

961 589 1061 616 factum
1088 595 1128 616 est
1156 589 1236 616 homo
1251 599 1258 616 :
1275 591 1384 624 lmcque
1401 590 1467 617 Iides
1486 597 1548 617 cum
1571 591 1655 617 sacris
1670 590 1741 616 divi-

962 635 1057 669 nisque
1068 633 1179 662 Litteris
1193 635 1328 669 congruit,
1345 640 1372 661 ct
1397 635 1550 669 apostolica:
1563 635 1743 669 evangelica:-

962 686 1014 713 que
1039 679 1190 706 traditionis
1214 687 1310 714 scopus
1336 680 1362 706 in
1392 680 1442 707 hoc
1465 681 1551 714 ipsum
1579 681 1675 708 tendit.
1702 678 1743 706 Tu

961 732 1026 752 vero
1045 733 1140 752 rursus
1161 725 1215 753 alio
1237 733 1345 760 quoque
1357 726 1436 753 modo
1453 727 1530 754 nobis
1544 730 1666 761 portenta
1683 733 1744 752 ver-

962 770 1059 797 borum
1074 778 1179 798 narras.
1204 770 1322 798 Simulas
1334 772 1406 798 enim
1427 780 1475 799 eos
1492 773 1687 806 reprehendere
1696 772 1743 806 qui

961 817 1052 844 carnis
1073 817 1276 852 divinitatisque
1307 822 1431 844 naturam
1445 818 1471 844 in
1484 826 1563 844 unam
1581 819 1744 852 permiscent

961 862 1118 893 essentiam,
1132 861 1239 889 tametsi
1256 869 1335 889 nemo
1356 862 1403 894 sit,
1426 866 1456 889 ut
1483 863 1590 897 opinor,
1622 863 1667 897 qui
1691 863 1743 889 ista

115 906 299 933 συντεινεται.
325 905 362 932 Σὺ
378 905 406 932 δὲ
422 905 456 940 δὴ
476 904 568 938 πάλιν,
585 905 634 931 καὶ
649 905 711 931 καθ’
734 905 826 940 ἕτερον
839 905 906 940 ἡμῖν

964 906 1111 938 :onIundat,
1132 913 1179 934 aut
1190 908 1260 935 inter
1272 915 1301 935 se
1313 908 1497 935 commiscent.
1511 908 1603 942 Itaque
1617 909 1685 936 dicis
1700 918 1707 934 :

113 952 252 988 τερατεύῃ
276 953 397 988 τρόπον·
415 953 523 988 σκήπτῃ
548 952 598 987 μὲν
622 953 676 987 γὰρ
700 953 829 988 ἐπιτιμᾷν
845 953 901 984 τοῖς
922 954 961 985 εις
985 954 1050 988 μίαν
1082 955 1411 990 κατακιρνωσιντούσὶαν,
1441 955 1490 990 τήν
1505 963 1533 981 τε
1550 955 1600 989 τῆς
1623 954 1741 989 σαρκὸς,

114 1000 163 1027 καὶ
185 1000 237 1034 τὴν
259 1001 310 1036 τῆς
327 1000 453 1036 θεότητος
469 1000 566 1034 φύσιν·
585 1000 672 1027 καίτοι
706 1000 822 1035 μηδενὸς
844 999 920 1032 ὄντος
938 1000 1007 1028 ὥστε
1028 1000 1115 1037 οἶμαι,
1138 1002 1218 1028 ταυτὶ
1241 1002 1410 1036 συγχέοντος,
1435 1002 1503 1037 μήτε
1533 1001 1586 1036 μὴν
1619 1001 1743 1036 ἀλλήλοις

117 1049 312 1084 συμφύροντος
322 1057 329 1064 ·
348 1049 395 1075 καὶ
410 1049 443 1083 δὴ
460 1050 507 1076 καὶ
521 1050 574 1085 φής
588 1058 595 1065 ·

153 1095 244 1132 [Διατί
263 1096 303 1127 δὲ,
329 1096 378 1121 καὶ
399 1095 437 1127 ὡς
457 1095 556 1130 ἀρτίως
571 1095 717 1130 ἠκούομεν,
742 1095 904 1130 ἀμφοτέρων

117 1142 189 1169 κατὰ
206 1142 237 1168 σὲ
253 1141 451 1176 κεκραμένων,
467 1141 481 1166 ὁ
498 1140 600 1176 Κύριος
617 1141 665 1176 τὴν
687 1140 734 1167 τοῦ
756 1141 906 1176 μυστηρίου

116 1188 236 1223 δύναμιν
254 1189 312 1219 τοῖς
330 1186 465 1222 μαθηταῖς
479 1186 650 1222 παραδιδοὺς,
673 1186 744 1214 οὕτω
757 1187 837 1222 φησίς
863 1187 908 1213 λα-

118 1232 174 1259 ϐὼν
189 1233 238 1258 τὸν
257 1233 350 1267 ἄρτον,
364 1231 411 1258 καὶ
424 1232 634 1267 εὐχαριστήσας,
650 1231 733 1258 ἔδωκε
747 1233 804 1264 τοῖς
816 1232 906 1267 μαθη-

117 1279 178 1310 ταῖς
196 1277 292 1310 αὑτοῦ,
307 1277 394 1311 λέγων
404 1285 410 1292 ·
425 1287 436 1303 1
453 1277 566 1308 Λάϐετε,
583 1277 683 1312 φάγετε
697 1277 815 1309 πάντες·
829 1278 907 1304 τοῦτο

119 1325 179 1358 γάρ
196 1323 249 1358 μού
264 1324 324 1350 ἐστι
337 1323 368 1349 τὸ
382 1323 488 1358 σῶμα.»
505 1323 580 1350 Διατί
597 1323 634 1359 μὴ
648 1322 719 1356 εἶπε,
734 1323 819 1350 Τοῦτό
834 1324 907 1350 ἐστιν

119 1370 136 1404 ὴ
154 1369 256 1404 θεάτης
276 1378 328 1404 μου
340 1370 358 1404 ὴ
372 1368 442 1404 ὑπὲρ
459 1368 535 1404 ὑμῶν
547 1368 689 1403 κλωμένη;
708 1369 763 1396 Καὶ
783 1369 863 1396 πάλιν
878 1369 908 1396 τὸ

119 1415 253 1450 ποτήριον
277 1414 332 1441 τῶν
357 1414 515 1450 μυστηρίων
536 1414 633 1447 διδοὺς,
654 1415 704 1441 οὐκ
729 1413 806 1442 εἶπε·
824 1415 909 1442 Τοῦτό

119 1461 194 1486 ἐστιν
204 1461 221 1495 ἠ
234 1459 331 1494 θεότης
341 1460 358 1495 ἡ
373 1461 443 1496 ὑπὲρ
457 1460 534 1495 ὑμῶν
546 1460 707 1496 ὲκχεομένη·
718 1460 795 1492 ἀλλὰ,
806 1471 815 1487 ι
825 1461 909 1488 Τοῦτό

120 1507 178 1533 tam.
194 1506 226 1532 τὸ
242 1503 313 1541 αἷμά
338 1515 389 1541 μου
411 1507 442 1532 τὸ
462 1506 531 1542 ὑπὲρ
554 1506 632 1541 ὑμῶν
653 1506 849 1542 ἑκχυνόμενον,
869 1508 909 1539 εἰς

121 1553 220 1586 ἂςρεσιν
235 1552 389 1588 ἁμαρτιῶν.
410 1551 434 1588 ι]

424 1609 550 1638 ΚΕΦΔΛ.
570 1609 608 1636 Z'.

157 1675 220 1700 ’Ὁτι
235 1675 286 1709 μὲν
295 1671 342 1701 οὖν
356 1674 454 1710 εὔηθες
463 1675 564 1710 κομιδῆ
576 1676 606 1702 τὸ
617 1676 807 1712 ἀντιτετάχθαι
821 1677 909 1704 δοκεῖν

120 1721 177 1751 τοῖς
194 1720 245 1746 οὐκ
261 1717 336 1746 οὖσιν
355 1720 424 1752 ὅλως
434 1741 442 1753 ,
461 1721 508 1746 καὶ
522 1719 681 1754 ἀντεξάγειν
696 1721 757 1755 εἰκῆ
771 1741 779 1753 ,
798 1721 910 1756 δεχομὲ-

122 1774 185 1796 νους
197 1766 239 1797 εἰς
251 1766 412 1792 ἀντίστασιν
440 1765 471 1792 τὸ
491 1765 586 1801 μηδενί
608 1774 660 1792 που
676 1766 748 1800 τάχα
769 1766 874 1799 δοκοῦν,
891 1767 908 1801 ἢ

122 1812 242 1845 φρονεῖν,
257 1810 274 1845 ἢ
288 1810 390 1845 λέγειν,
407 1811 466 1842 πῶς
480 1811 529 1846 οὐχ
545 1811 647 1839 ἅπασιν
659 1812 791 1847 ὲναργές;
806 1812 837 1838 Εἰ
854 1812 909 1847 γὰρ

122 1855 153 1890 δή
176 1864 219 1887 τις
240 1855 326 1882 ἕλοιτο
341 1856 519 1890 φιλονεικεῖν,
545 1858 585 1884 ὅτι
607 1857 644 1892 μὴ
661 1857 743 1888 ἵππος
764 1857 823 1884 ἐστὶ
839 1856 910 1883 κατὰ

123 1900 203 1935 φύσιν
217 1901 233 1926 ό
250 1900 314 1935 βοῦς
325 1920 333 1933 ,
352 1901 421 1936 μήτε
437 1901 490 1936 μὴν
510 1903 524 1928 ό
542 1901 684 1938 ἄνθρωπος
713 1903 812 1936 ἵππος,
831 1901 910 1929 τοῦτο

123 1947 244 1981 φρονεῖν,
257 1946 274 1981 ἣ
289 1946 379 1980 λέγειν
395 1946 559 1982 ἀνεχομένου
572 1947 696 1983 μηδενὸς,
711 1947 770 1980 πῶς
783 1949 814 1975 οὐ
828 1957 909 1975 κατα-

123 1993 268 2026 γέλαστος,
284 1993 332 2019 καὶ
347 1993 414 2028 πρός
427 2001 460 2026 γε
474 1993 560 2029 τούτῳ
576 1993 762 2029 εικαιόμυθος,
784 1994 824 2026 εις
838 1994 909 2029 ἀέρα

123 2038 232 2074 δαιρων,
253 2038 301 2065 καὶ
322 2038 466 2065 πυκτεύων
487 2039 530 2065 ἐπ’
545 2039 653 2074 ἀδήλοις
664 2059 672 2072 ,
698 2039 745 2066 καὶ
761 2040 804 2066 ἐπ’
821 2039 909 2066 οὐδενὶ

123 2084 176 2110 τῶν
199 2084 389 2119 προκειμένων
405 2084 521 2120 ἱδρῶτας
545 2085 634 2120 ἑαυτῷ
657 2086 705 2112 καὶ
729 2086 825 2118 πόνους
846 2086 907 2112 tm»

123 2130 208 2162 νοῶνς
224 2130 330 2166 Χρῆναι
345 2130 400 2165 γὰρ
413 2130 503 2164 ἔγωγὲ
515 2139 586 2166 φημι
613 2131 829 2166 προϋποκεῖσθαι
840 2139 866 2158 τι
878 2131 908 2157 τὸ

124 2175 351 2211 ὡμολογημένον
371 2176 404 2202 ἵν’
418 2177 448 2203 ἐν
465 2176 559 2211 κόσμῳ
576 2176 608 2212 δὴ
625 2176 685 2203 τότε
698 2176 733 2203 τὰ
748 2178 813 2212 παρ’
828 2176 908 2212 ἡμῶν

123 2222 312 2255 ἀντεπάγοιτο.
328 2222 402 2256 Πλὴν
418 2222 506 2248 ἐκεῖνο
519 2222 604 2258 ι’ωμεν
629 2222 689 2258 [ισ.
705 2222 847 2259 εἴπωμεν]
861 2231 867 2237 ·
882 2223 907 2249 εἰ

124 2267 172 2301 μὲν
184 2267 238 2301 γάρ
253 2275 296 2298 τις
310 2265 344 2302 ἦν
359 2268 374 2293 ό
388 2267 471 2301 φάναι
486 2267 603 2302 τολμῶν,
627 2269 668 2300 εἰς
690 2268 740 2304 τὴν
763 2268 834 2295 κατὰ
850 2268 907 2304 (51)

123 2310 167 2337 τοῦ
192 2311 319 2346 σώματος
344 2311 578 2347 μεταπεπιῆσθαι
604 2311 685 2347 φύσιν
712 2313 757 2340 τὸν
783 2313 815 2339 ὲκ
838 2311 906 2338 Θεοῖ

123 2357 217 2390 Λόγον,
242 2357 391 2391 namque
403 2366 445 2389 τις·
468 2358 501 2384 ἂν
517 2358 565 2384 καί
581 2357 653 2393 μάλα
670 2358 792 2390 εἰκότως,
809 2358 850 2384 ὅτι
869 2358 906 2393 μὴ

123 2402 221 2434 μᾶλλον
236 2402 289 2436 ἔφη
302 2402 333 2428 τὸ
349 2402 429 2438 σῶμα
445 2402 547 2434 διδούςι
563 2403 679 2436 Λάϐετε,
698 2403 810 2437 φάγετε,
827 2403 906 2429 τοῦτό

125 2448 171 2482 μού
184 2449 258 2474 ἐστιν
269 2449 286 2483 ἡ
298 2448 396 2483 θεότης
411 2449 429 2484 ἡ
444 2449 513 2484 ὑπὲρ
527 2449 605 2484 ὑμῶν
618 2449 757 2485 κλωμένη,
767 2451 813 2476 καὶ
826 2449 906 2476 τοῦτό

123 2495 193 2521 ἐστιν
208 2495 240 2521 οὺ
254 2495 285 2521 τὸ
298 2492 371 2529 αἷμά
384 2503 435 2529 μου
454 2494 565 2529 μᾶλλον,
580 2494 639 2521 ἀλλ’
656 2495 672 2530 ἡ
692 2494 787 2530 θεότης
801 2496 817 2530 ἡ
837 2495 906 2529 ὑπὲρ

124 2540 196 2575 ὐμῶν
211 2541 375 2576 ὲκχεομένη.
396 2541 503 2576 Ἐπειδὴ
520 2541 549 2567 δὲ
562 2541 628 2572 Θεὸς
645 2540 684 2567 ὢν
699 2542 713 2567 ό
729 2541 827 2575 Λόγος,
842 2541 908 2567 ἴδιον

124 2586 265 2621 ἐποιήσατο
278 2586 362 2621 σῶμα
380 2586 411 2612 τὸ
425 2587 456 2612 ὲκ
468 2585 606 2619 γυναικὸς,
636 2586 790 2618 ἀλλοίωσιν,
807 2586 824 2622 ἦ
844 2594 908 2621 τρο-

125 2632 173 2667 πὴν
197 2633 328 2668 οὐδεμίαν
353 2631 592 2667 ὑπομεμενηκὼς,
615 2631 672 2664 πῶς
696 2633 745 2659 οὐκ
767 2632 820 2659 ἔδει
840 2631 909 2667 πρὸς

157 2712 176 2727 ¹⁸
188 2712 248 2740 Act.
263 2711 342 2744 1,“.
381 2710 404 2726 "
419 2709 513 2738 Matth.
533 2709 660 2742 xxvt.26.
700 2710 720 2725 “
738 2709 802 2737 ibid.
814 2709 859 2737 27.

993 1093 1114 1120 Νιετοιι.
1129 1093 1204 1128 [Cur
1218 1098 1307 1121 autem
1324 1093 1416 1126 etiam,
1431 1097 1460 1120 ut
1475 1093 1554 1127 paulo
1571 1098 1633 1120 ante
1649 1094 1742 1121 audie-

957 1137 1064 1171 bamus,
1086 1138 1110 1164 si
1125 1143 1249 1172 utraque,
1266 1143 1294 1164 ut
1319 1143 1346 1164 tu
1360 1137 1491 1172 opinaris,
1506 1138 1648 1165 commista
1664 1144 1742 1172 sunt,

958 1184 1090 1212 Dominus
1105 1189 1200 1211 noster
1220 1191 1280 1211 cum
1299 1185 1420 1219 mysterii
1450 1185 1502 1211 vim
1526 1185 1666 1220 discipulis
1689 1190 1744 1213 tra-

959 1231 1043 1262 deret,
1067 1231 1106 1257 sic
1129 1230 1195 1257 dicit
1211 1239 1218 1258 :
1236 1240 1245 1255 ι
1263 1230 1393 1263 Accipite,
1405 1230 1538 1258 comedite
1559 1237 1653 1258 omnes
1670 1242 1675 1258 ε
1693 1231 1744 1259 hoc

960 1280 1002 1302 est
1016 1274 1087 1302 enim
1101 1282 1199 1309 corpus
1211 1282 1298 1302 meum
1311 1275 1355 1302 "?
1371 1284 1380 1300 ι
1393 1283 1442 1302 cur
1460 1283 1511 1302 non
1525 1275 1590 1302 dixit
1605 1284 1612 1302 :
1633 1275 1689 1303 Hoc
1702 1281 1744 1304 est

961 1319 1087 1346 divinitas
1102 1327 1160 1347 mea
1177 1327 1236 1355 qua:
1249 1327 1298 1354 pro
1312 1319 1388 1347 vobis
1400 1319 1534 1354 frangitur
1547 1321 1559 1348 ?
1573 1321 1744 1356 Rursumque

961 1373 1022 1393 cum
1048 1365 1172 1400 poculum
1197 1364 1388 1401 mysteriorum
1409 1365 1496 1398 daret,
1509 1373 1561 1393 non
1576 1366 1644 1393 dixit
1661 1376 1667 1394 :
1687 1366 1743 1394 Hec

961 1416 1003 1439 cst
1017 1412 1143 1439 divinitas
1158 1418 1218 1446 quae
1238 1418 1288 1445 pro
1310 1410 1387 1438 vobis
1398 1410 1554 1444 eﬂ'unditur,
1571 1411 1621 1438 sed
1639 1421 1646 1439 :
1667 1420 1676 1437 ι
1692 1411 1742 1439 Ilic

961 1463 1003 1485 est
1023 1458 1132 1492 sanguis
1145 1464 1219 1484 meus
1231 1457 1276 1491 qui
1290 1463 1339 1491 pro
1352 1456 1427 1484 vobis
1447 1455 1594 1484 effunditur
1605 1457 1631 1484 iu
1647 1458 1743 1485 remis-

961 1504 1063 1532 sionem
1076 1508 1246 1539 peccatorum
1263 1503 1295 1530 η.
1311 1501 1338 1538 ι]

1299 1602 1376 1630 CAP.
1394 1601 1449 1630 VII.

994 1670 1128 1706 Perquam
1145 1670 1255 1698 stultum
1282 1677 1348 1698 sane
1373 1677 1433 1698 esse
1455 1670 1487 1697 iis
1514 1670 1650 1698 adversari
1674 1671 1742 1699 velle

960 1717 1004 1752 qui
1014 1717 1078 1744 nulli
1096 1721 1168 1749 sunt,
1180 1721 1206 1744 et
1218 1716 1314 1744 frustra
1328 1717 1498 1750 contendere,
1513 1716 1593 1751 idque
1609 1717 1642 1745 ad
1656 1724 1741 1752 oppu-

960 1763 1095 1798 gnandum
1111 1770 1219 1791 sumere
1241 1764 1312 1797 quod
1342 1763 1457 1790 fortasse
1486 1763 1589 1790 nemini
1619 1771 1738 1798 unquam

960 1815 1007 1837 aut
1017 1810 1129 1842 sentire,
1146 1814 1194 1837 aut
1207 1809 1295 1844 el0qui
1326 1809 1412 1836 visum
1428 1813 1480 1841 est,
1496 1809 1668 1843 perspicuum
1684 1817 1743 1837 om-

960 1855 1039 1883 nibus
1061 1862 1121 1882 esse
1137 1854 1198 1890 quis
1214 1853 1316 1889 neget?
1333 1853 1399 1881 Nam
1422 1854 1445 1881 si
1462 1856 1524 1888 quis
1546 1854 1612 1882 velit
1630 1859 1742 1882 conten-

961 1900 1031 1928 tiose
1052 1899 1173 1927 refutare
1187 1900 1282 1927 bovem
1305 1906 1358 1926 non
1383 1905 1444 1926 esse
1466 1906 1499 1926 ex
1516 1904 1611 1926 natura
1630 1905 1754 1934 equum.‘

960 1953 1046 1980 neque
1060 1945 1197 1972 hominem
1225 1951 1334 1980 equum,
1364 1945 1470 1972 nemine
1491 1944 1516 1971 id
1539 1945 1674 1972 sentiente
1695 1951 1743 1972 aut

959 1991 1075 2023 dicente,
1092 1999 1182 2019 nonne
1204 1991 1240 2018 sit
1258 1991 1397 2023 ridiculus,
1425 1997 1452 2019 et
1476 1996 1606 2027 praeterea
1629 1999 1742 2027 nugator

959 2044 1054 2069 vanus,
1069 2043 1159 2064 aerem
1189 2037 1347 2070 verberans,
1366 2042 1394 2065 et
1412 2045 1533 2073 pugnans
1553 2039 1579 2065 in
1594 2039 1739 2072 incertum,

959 2089 987 2112 et
999 2083 1072 2111 nulla
1104 2090 1134 2110 re
1161 2083 1298 2117 proposita
1327 2083 1378 2111 sibi
1405 2084 1544 2111 molestias
1572 2092 1604 2112 ac
1634 2085 1742 2112 Iabores

959 2135 1098 2156 assumens
1111 2128 1123 2155 ?
1134 2127 1265 2162 Oportere
1276 2129 1345 2155 enim
1360 2129 1483 2164 equidem
1501 2134 1576 2164 puto,
1593 2130 1668 2164 prius
1683 2137 1742 2164 pro-

959 2175 1077 2209 positum
1102 2181 1162 2201 esse
1191 2174 1291 2209 aliquid
1307 2175 1334 2202 in
1348 2174 1483 2206 confesso,
1511 2180 1540 2202 ut
1568 2175 1620 2202 rite
1651 2180 1706 2202 tum
1726 2183 1741 2202 a

962 2219 1039 2247 nobis
1068 2219 1196 2247 refutatio
1237 2220 1637 2255 subjungatur;verumtamen
1676 2221 1743 2248 illud

960 2265 1102 2292 dicendum
1134 2265 1241 2295 videtur
1257 2275 1264 2293 :
1279 2273 1341 2292 nam
1359 2266 1381 2293 si
1395 2270 1466 2293 esset
1481 2266 1526 2300 qui
1545 2265 1636 2293 dicere
1657 2267 1742 2293 aude-

960 2315 1011 2344 ret,
1026 2311 1112 2346 ipsttm
1125 2310 1173 2339 Dei
1193 2311 1311 2339 Verbum
1337 2312 1364 2338 in
1393 2312 1514 2346 corporis
1541 2317 1664 2338 naturam
1681 2319 1742 2339 esse

961 2362 1103 2390 mutatum,
1120 2363 1260 2385 accusaret
1270 2357 1410 2392 quispiam,
1426 2363 1453 2385 et
1467 2357 1654 2392 quidemjure,
1670 2358 1743 2392 quod

962 2412 1016 2431 non
1035 2405 1147 2431 dixisset
1166 2411 1225 2431 cum
1255 2411 1352 2437 corpus
1375 2403 1451 2431 daret
1467 2412 1473 2429 :
1489 2403 1618 2437 Accipite,
1630 2403 1743 2430 mandu-

960 2455 1031 2482 cate,
1043 2450 1093 2476 hoc
1107 2454 1148 2476 est
1162 2456 1220 2476 mea
1242 2449 1370 2476 divinitas
1387 2456 1447 2483 qua:
1480 2455 1529 2482 pro
1543 2448 1621 2475 vobis
1642 2447 1743 2482 frangi—

963 2500 1015 2526 tur,
1032 2495 1117 2522 ethoc
1128 2499 1236 2521 estnon
1249 2494 1357 2528 sanguis
1379 2501 1465 2525 meus,
1483 2493 1529 2520 sed
1541 2492 1668 2520 divinitas
1682 2499 1743 2526 qua:

961 2547 1010 2574 pro
1036 2539 1113 2566 vobis
1143 2538 1290 2566 effunditur
1303 2547 1310 2565 :
1323 2545 1394 2565 nunc
1415 2545 1480 2565 vero
1498 2545 1558 2565 cum
1574 2537 1660 2571 ipsum
1675 2536 1743 2563 Ver-

962 2585 1035 2617 bum,
1054 2585 1125 2619 quod
1145 2585 1214 2611 Deus
1228 2589 1296 2616 erat,
1310 2584 1448 2618 proprium
1467 2583 1520 2610 sibi
1542 2583 1637 2610 fecerit
1663 2582 1743 2616 119

961 2638 1060 2666 corpus
1075 2635 1209 2658 natumex
1233 2629 1355 2662 muliere,
1376 2637 1464 2665 neque
1477 2629 1558 2657 ullam
1579 2634 1624 2656 aut
1644 2629 1742 2656 altera-

750 2785 831 2814 ANT.
851 2784 986 2813 AGELLII
1006 2783 1142 2813 ΝοΤΑι..

148 2867 199 2904 (31)
211 2864 388 2903 Pmpositio
404 2863 475 2891 κατὰ
493 2863 595 2892 videtur
609 2869 784 2898 supervacua.
