1886 3056
129 161 176 188 2H

620 156 649 184 s.
670 155 805 184 CYBILLI
826 148 1059 183 ALEXANDRINI
1080 157 1239 188 ARCHIEP.

1697 153 1752 180 2H

130 228 178 255 pro
203 219 328 248 omnibus
344 219 434 246 datttm
457 219 585 250 dici-mus,
609 222 638 244 ut
666 218 722 252 ipse
749 217 828 252 planc
849 216 908 242 ait:

1007 219 1045 245 τοῦ
1061 219 1127 251 Θεδς
1149 220 1245 254 Λόγος,
1263 219 1310 246 καὶ
1325 219 1370 246 ὅτε
1392 217 1488 252 γέγονε
1503 215 1581 251 σάρξ.
1601 213 1679 241 Οὕτω
1695 213 1754 247 γὰρ

132 275 142 291 ι
160 265 203 292 Sic
218 265 288 292 Deus
304 265 397 292 dilexit
411 264 550 296 mundum,
565 267 595 290 ut
608 263 706 290 Filium
721 269 797 290 suum
816 262 910 295 unige-

130 311 215 338 nitum
242 311 328 342 daret.
350 315 378 337 ut
403 310 492 337 omnis
509 310 554 344 qui
578 309 666 337 credit
688 309 714 335 in
736 308 835 342 ipsum,
858 315 911 334 non

130 361 233 390 pereat,
255 356 300 382 sed
322 356 419 382 habeat
435 355 517 382 vitam
531 360 659 382 aeternam
672 355 704 381 ³¹·.
721 363 731 380 ι
753 353 913 388 Unigenitus

131 407 171 429 est
191 409 253 436 ergo
270 402 315 429 ille
330 403 410 429 datus
425 411 432 428 :
446 409 508 428 nam
526 401 612 429 solum
627 405 669 428 est
688 407 721 428 cx
746 400 793 427 Dei
810 399 913 426 Patris-

131 455 184 482 que
198 451 287 474 natum
312 447 430 474 essentia
446 447 510 474 illud
528 454 559 474 ex
574 454 606 474 eo
624 451 651 473 et
675 446 701 473 iu
726 453 759 473 eo
782 445 912 473 Verbum.

132 492 185 519 Sed
202 493 262 527 quia
283 492 382 520 factum
409 497 451 520 est
471 493 561 524 homo.
588 500 619 520 ea
646 492 680 519 de
707 499 787 519 causa
811 490 838 518 iu
852 498 913 518 eum

132 538 363 570 credimus,i|lius
375 539 522 566 secundum
548 546 657 566 carnem
681 538 783 565 obitam
799 541 914 564 mortem

132 584 338 616 annuntiantes,
349 589 376 611 et
393 584 472 611 simul
490 585 715 612 resurrectionem
729 583 888 611 conﬁtentes
905 592 913 616 ;

132 630 256 657 eumdem
280 630 396 657 scientes
412 635 437 656 et
462 635 525 657 ante
549 630 647 657 saecula
662 629 915 662 Filium,etexlre-

132 675 184 702 mis
200 676 365 709 temporibus
383 676 580 710 dispensatorie
597 675 916 710 hominem,passumque

133 725 242 756 propter
255 729 303 749 nos
323 727 434 748 mortem
452 730 543 755 carne,
557 727 585 749 et
599 723 745 749 excitatum
759 728 773 747 a
789 721 914 749 mortuis.

134 766 187 795 Sed
212 767 448 802 nescio‘quomodo
464 768 508 795 hic
524 767 677 795 Iudaeorum
693 768 813 794 stultitiae
826 772 916 802 patro-

134 821 184 840 nus
199 814 299 841 nostris
318 814 409 842 verbis
431 815 604 850 indignatur;
623 822 685 842 nam
703 821 808 841 rursum
829 813 914 841 dixit:

169 946 286 975 Nss-ron.
302 947 389 983 |Quod
408 947 434 974 in
458 948 598 976 nativitate
619 955 650 974 ex
666 947 766 974 Christi
787 946 918 981 genitrice

135 991 246 1026 Virgine
261 993 351 1020 divina
367 993 506 1026 Scriptura
521 998 604 1028 ponat
619 992 680 1019 Filii
701 998 810 1024 nomen,
825 991 917 1019 deela-

135 1038 263 1064 ravimus.
277 1038 345 1065 Audi
359 1038 425 1072 jam,
443 1038 505 1065 etin
527 1043 624 1070 morte.
644 1037 728 1065 sicubi
747 1037 853 1064 tandem
872 1037 918 1064 Dei

136 1089 233 1109 nomen
245 1087 285 1109 est
298 1082 424 1116 positum,
439 1087 467 1110 ut
480 1083 633 1117 passibilem
645 1083 727 1109 Deum
739 1082 897 1109 inducamus
910 1090 918 1108 :

138 1137 148 1153 ι
165 1127 232 1155 Cum
252 1128 353 1154 inimici
369 1135 499 1160 essemus.
522 1128 618 1163 inquit,
637 1127 804 1155 reconciliati
825 1134 919 1155 sumus

136 1173 191 1200 Deo
204 1180 252 1207 per
267 1178 379 1200 mortem
392 1173 453 1201 Filii
465 1174 522 1209 ejus
533 1175 565 1200 ".
586 1184 595 1200 ι
613 1174 671 1202 Non
692 1174 769 1207 dixit,
786 1182 834 1209 per
847 1182 919 1201 mor-

137 1223 189 1247 tem
205 1218 252 1246 Dei
267 1218 370 1254 Vcrbi.]

468 1290 543 1319 CAP.
566 1290 585 1318 i.

171 1345 270 1373 Verum
284 1353 350 1374 sane
368 1346 496 1381 scriptum
515 1346 581 1374 illud
594 1351 654 1374 est:
671 1355 683 1372 ι
701 1346 794 1374 Justus
809 1346 879 1381 perit
892 1346 919 1373 in

134 1391 237 1425 iustitia
251 1399 298 1419 sua
310 1392 342 1418 ³³.
362 1401 371 1417 ι
391 1391 457 1419 Nam
471 1391 552 1418 etiam
569 1392 677 1419 tirmum
692 1391 851 1426 quandoque
866 1391 921 1418 ani-

136 1445 222 1470 mum,
240 1437 273 1464 ab
290 1445 322 1464 eo
336 1438 407 1472 quod
421 1444 526 1472 tequum
544 1442 595 1470 est,
611 1437 709 1464 avertit
726 1437 808 1464 homo
824 1437 856 1464 ad
872 1444 920 1464 ιιοι-

136 1485 250 1512 cendum
259 1484 425 1519 compositus
432 1483 565 1519 (54),cum
574 1483 697 1511 utilitatis
707 1484 822 1518 speciem
832 1483 920 1511 laten-

137 1535 178 1557 ter
193 1530 290 1558 induit.
309 1530 389 1557 Putat
409 1531 481 1558 enim
499 1530 570 1557 haud
592 1530 764 1558 mediocriter
785 1537 814 1558 se
835 1530 920 1565 pieta-

136 1581 190 1604 tem
211 1577 309 1609 colere,
327 1577 389 1604 dum
405 1576 430 1603 id
447 1576 608 1604 conﬁrmare
622 1576 718 1604 nititur
732 1577 802 1610 quod
826 1583 920 1604 omnes

136 1624 299 1652 conﬁtentur
316 1631 323 1649 :
337 1628 364 1650 et
380 1623 431 1650 hac
446 1624 479 1650 de
494 1630 575 1650 causa
589 1621 654 1649 dicit
669 1621 742 1649 illum
755 1629 788 1648 ex
801 1622 855 1649 Deo
869 1621 919 1648 Pa-

137 1675 178 1697 tre
204 1669 302 1696 Filium
334 1677 367 1696 ex
393 1673 488 1696 natura
519 1675 567 1695 sua
597 1668 677 1703 longe
705 1675 720 1694 a
749 1667 920 1702 passionibus

136 1717 241 1748 abesse,
261 1716 338 1750 122
351 1720 378 1742 et
392 1716 490 1743 tentari
506 1720 592 1742 morte
606 1720 636 1741 ut
650 1715 733 1742 Deum
749 1714 823 1741 nullo
839 1715 919 1741 modo

136 1770 227 1798 posse,
241 1771 302 1789 nam
318 1764 375 1797 ipsa
387 1763 441 1789 vita
457 1763 549 1796 utique
563 1762 654 1796 aliquo
668 1762 747 1789 modo
760 1766 919 1788 moreretur.

137 1810 191 1837 Sed
212 1813 342 1844 repugnat
357 1814 445 1836 tamen
460 1809 540 1835 etiam
554 1815 624 1835 nunc
637 1807 762 1834 Ecclesia:
777 1807 919 1841 dogmatis,

137 1855 209 1882 illam
225 1855 360 1888 Unigeniti
382 1861 441 1881 cum
460 1861 543 1881 carne
559 1853 786 1888 dispensationem
809 1853 921 1880 omnino

137 1905 325 1932 contemnens,
343 1904 370 1927 et
385 1899 451 1926 tanti
475 1900 598 1935 mysterii
620 1899 829 1934 profunditatem
846 1898 921 1926 nullo

138 1939 217 1971 modo
232 1944 417 1971 considerans.
439 1943 519 1971 Certe
541 1944 562 1971 si
585 1943 627 1971 vel
644 1943 694 1978 ipsi
716 1943 922 1978 exquireremus

137 1990 288 2024 qualisnam
309 1990 343 2017 sit
358 1989 402 2016 illa
423 1988 504 2017 Verbi
527 1994 633 2023 natura,
650 1990 691 2016 vel
706 1990 728 2016 si
749 1989 810 2016 aliis
825 1996 921 2024 rogan-

137 2036 209 2061 tibus
231 2039 263 2062 ac
290 2035 396 2062 discere
426 2034 594 2068 cupientibus
617 2040 826 2068 exponercmus,
850 2037 922 2060 esset

137 2079 228 2114 procul
262 2079 342 2106 dubio
376 2087 544 2114 consequens
576 2087 608 2106 ac
635 2079 841 2110 necessarium.
874 2086 923 2113 per

137 2133 231 2152 omnes
251 2125 388 2158 sapientes
405 2132 536 2162 verasque
555 2125 704 2152 sententias
723 2124 844 2152 studiose
860 2131 922 2159 per-

137 2170 280 2200 currendo.
300 2170 401 2197 nullum
417 2178 476 2198 esse
490 2171 567 2198 morti
581 2170 614 2197 ad
632 2169 705 2200 illam
719 2177 856 2197 accessum
869 2191 876 2201 ,
893 2174 922 2197 et

962 263 1044 290 αὑτὸν
1063 265 1111 290 καὶ
1132 264 1202 300 ῡπὲρ
1219 265 1327 292 πάντων
1340 262 1462 290 δεδόσθαι
1488 260 1591 296 φαμὲν,
1608 259 1681 286 καθὰ
1702 257 1754 284 καὶ

963 310 1044 342 αὐτός
1060 311 1111 337 πού
1126 319 1208 346 φησιν
1220 318 1226 325 ·
1245 319 1255 336 ι
1274 309 1351 336 Οὖτω
1366 308 1419 344 γὰρ
1434 307 1581 342 ἠγάπησεν
1593 306 1608 331 ὁ
1625 304 1690 336 Θεὸς
1705 303 1752 329 τὸν

963 356 1076 391 κόσμον,
1092 356 1162 383 ὥστε
1184 356 1229 382 τδν
1244 356 1310 383 Υἱδν
1327 354 1410 382 αὐτοῦ
1429 354 1474 380 τὸν
1494 353 1622 389 μονογενῆ
1639 351 1752 380 ἔδωκεν.

964 402 1007 428 ἵνα
1024 403 1077 434 πᾶς
1091 403 1105 429 ὁ
1121 401 1255 429 πιστεύων
1269 402 1308 432 εἰς
1322 401 1403 427 αὑτὸν
1419 400 1456 435 μὴ
1471 398 1615 433 ἀπόληται,
1631 396 1688 424 ἀλλ’
1701 396 1754 431 ἔχῃ

965 447 1037 483 ζωὴν
1053 447 1172 474 αἰώνιον.
1192 457 1202 474 ι
1221 446 1376 482 Μονογενὴς
1393 445 1441 481 μὲν
1452 442 1498 471 οὖν
1512 445 1527 471 ὀ
1544 443 1632 474 δοθείς
1642 450 1649 458 ³
1663 442 1752 476 ἀνέφυ

965 493 1019 529 γὰρ
1036 494 1116 529 μόνος
1133 495 1165 520 ὲκ
1186 494 1235 529 τῆς
1249 493 1294 520 τοῦ
1311 493 1378 519 Θεοῦ
1398 492 1444 518 καὶ
1457 491 1564 526 Πατρδς
1582 489 1675 521 οὐσίας
1692 489 1707 515 ό
1723 487 1754 520 ἐξ

965 539 1046 566 αὑτοῦ
1061 548 1090 565 τε
1105 540 1152 565 καὶ
1165 539 1195 565 ὲν
1209 538 1283 574 αὑτῷ
1302 538 1396 572 Λόγος,
1418 536 1528 571 Ἐπειδὴ
1540 536 1568 562 δὲ
1583 535 1695 569 γέγονεν
1706 533 1756 560 ἄν·

966 586 1085 620 Θρωπος,
1097 584 1184 621 ταύτῃ
1198 593 1238 611 τοι
1252 584 1301 619 τὴν
1321 585 1361 615 είς
1379 583 1460 610 αὐτὸν
1477 581 1628 616 ποιούμεθα
1649 580 1754 611 πίστιν,

964 631 1011 658 τδν
1028 631 1099 657 κατὰ
1115 630 1203 666 σάρκα
1219 630 1335 657 Θάνατον
1349 629 1430 656 αὐτοῦ
1449 627 1690 661 καταγγέλλοντες,
1706 626 1757 652 καὶ

966 676 1158 712 ὁμολογοῦντες
1181 675 1230 711 τὴν
1247 676 1395 702 ἀνάστασιν
1406 682 1413 688 ·
1427 674 1473 700 τδν
1491 673 1571 700 αὑτὸν
1591 672 1692 703 εἰδότες
1707 670 1757 697 καὶ

966 721 1130 758 προαιώνιον
1147 721 1221 753 Υἱὸν,
1237 721 1284 748 καὶ
1299 721 1328 747 ὲν
1349 720 1475 755 ἐσχάτοις
1490 719 1596 754 καιροῖς
1608 716 1757 752 ἄνθρωπον

966 767 1156 803 οἰκονομικῶς,
1179 767 1298 794 παθόντα
1320 775 1350 793 τε
1371 766 1453 801 σαρκὶ
1475 765 1507 792 δι’
1522 765 1595 800 ἡμᾶς
1610 763 1656 790 τὸν
1671 763 1757 790 θάνα-

967 822 1022 845 τον,
1038 814 1085 840 καὶ
1095 813 1279 848 ἐγηγερμένον
1292 814 1324 839 ὲκ
1335 812 1449 847 νεκρῶν.
1469 810 1538 837 Ἀλλ’
1556 811 1606 836 οὑκ
1619 807 1668 835 οἷδ’
1681 809 1758 839 ὅπως

967 862 1023 892 τοῖς
1040 861 1104 896 παρ’
1122 860 1200 895 ἡμῶν
1222 859 1386 894 ὲπασχάλλει
1401 858 1492 892 λόγοις
1510 858 1524 884 ὸ
1546 858 1596 892 τῆς
1617 855 1759 882 Ἰουδαίων

969 906 1090 941 ἀμαθίας
1105 907 1253 942 συνήγορος
1263 914 1270 921 ’
1285 905 1338 940 ἔφη
1357 904 1412 939 γὰρ
1427 903 1507 931 πάλιν
1518 911 1525 918 ’

1004 952 1079 988 [Ὅτι
1097 952 1146 988 μὲν
1158 950 1204 979 οὖν
1217 951 1263 978 ἐπὶ
1277 951 1328 985 τῆς
1348 951 1500 985 γεννήσεως
1512 948 1562 984 τῆς
1577 948 1609 974 ὲκ
1625 947 1676 981 τῆς
1688 947 1760 981 Χρι-

969 998 1096 1025 στοτόκου
1119 997 1256 1033 Παρθένου
1269 997 1360 1032 τίθησι
1381 995 1421 1028 τὸ,
1439 995 1514 1027 Υἱός,
1531 995 1548 1029 ἡ
1565 993 1626 1021 θεία
1647 992 1758 1028 Γραφὴ.

968 1045 1168 1080 δεδηλώκαμεν.
1186 1043 1319 1070 Ἄκουσον
1340 1042 1369 1068 δὲ
1386 1041 1433 1068 καὶ
1457 1040 1503 1067 ἐπὶ
1516 1039 1563 1066 τοῦ
1583 1038 1712 1069 θανάτου,
1734 1038 1759 1063 εἰ

968 1091 1027 1118 ἔστι
1049 1090 1114 1117 ποτὲ
1132 1089 1257 1125 κείμενος
1279 1089 1295 1114 ὁ
1309 1087 1385 1119 Θεὸς,
1408 1087 1451 1113 ἵνα
1476 1085 1596 1119 παθητὸν
1618 1084 1665 1110 τὸν
1690 1083 1761 1109 Θεὸν

969 1136 1177 1171 εἰσαγάγωμεν·
1194 1143 1204 1160 ι
1229 1133 1348 1169 Ἑχθροὶ,
1365 1131 1448 1167 φησὶν
1459 1152 1466 1163 ,
1489 1131 1564 1161 ὄντες
1583 1128 1761 1165 κατηλλάγη-

971 1189 1020 1216 μεν
1033 1180 1072 1216 τῷ
1084 1179 1143 1216 Θεῷ
1155 1178 1199 1206 διὰ
1211 1178 1259 1205 τοῦ
1276 1177 1396 1205 θανάτου
1406 1175 1453 1203 τοῦ
1470 1174 1535 1202 Υἱοῦ
1551 1174 1647 1201 αὐτοῦ.
1671 1183 1681 1199 ι
1701 1172 1763 1199 Οὐκ

970 1226 1041 1260 εἶπε,
1054 1226 1099 1253 διὰ
1110 1225 1156 1253 τοῦ
1175 1225 1289 1252 θανάτου
1302 1223 1349 1251 τοῦ
1363 1222 1430 1250 Θεοῦ
1448 1220 1564 1257 Λόγου.]

1268 1293 1392 1320 ΚΕΦΔΔ.
1413 1292 1453 1318 A’.

1011 1352 1124 1388 Ἀληθὲς
1139 1353 1181 1379 ὃτι
1193 1351 1264 1379 κατὰ
1277 1350 1307 1377 τὸ
1323 1345 1601 1385 ’γεγραμμένονἐστί⁸
1619 1355 1628 1371 ι
1648 1345 1762 1375 Δίκαιος

970 1399 1157 1435 ἀπολλύμενος
1180 1399 1208 1424 ὲν
1232 1396 1328 1432 δικαίῳ
1352 1393 1445 1422 αὑτοῦ.
1465 1403 1475 1420 ι
1496 1391 1642 1428 Ἀποφέρει
1666 1391 1696 1417 δὲ
1711 1390 1761 1417 τοῦ

971 1447 1085 1478 εἰκότος,
1100 1446 1148 1472 καὶ
1160 1444 1205 1471 τὸν
1226 1441 1255 1471 εὖ
1277 1442 1412 1477 βεὸηκότα
1436 1440 1509 1471 νοῦν,
1521 1439 1571 1474 τὴν
1592 1437 1637 1465 τοῦ
1656 1437 1762 1472 συμφέ-

971 1500 1064 1529 ροντος
1080 1491 1189 1526 δόκησιν
1202 1488 1358 1525 ὑποτρέχων
1376 1487 1432 1514 ἐσθ’
1444 1487 1499 1517 ὅτε.
1515 1486 1545 1513 τὸ
1558 1484 1681 1519 πεφυκὸς
1699 1482 1760 1510 ἁδι-

971 1539 1039 1565 κεῖν.
1056 1537 1148 1564 υίεται
1166 1536 1214 1571 μὲν
1228 1534 1282 1570 γὰρ
1296 1534 1326 1560 οὒ
1348 1532 1466 1569 μετρίως
1481 1530 1612 1562 εὑσεόεἰν,
1628 1529 1660 1555 τὸ
1675 1529 1761 1555 πᾶσιν

971 1582 1185 1619 ὁμολογούμενον
1196 1580 1340 1617 κρατύνειν
1351 1577 1507 1614 ἐπιχειρῶν·
1516 1576 1602 1611 ταύτῃ
1609 1583 1649 1602 τοι
1658 1574 1760 1608 λέγων,

970 1630 1010 1656 ὅτι
1024 1628 1096 1656 κατὰ
1120 1627 1201 1662 φύσιν
1225 1626 1293 1653 ἰδίαν
1308 1624 1436 1652 ὲπέκεινά
1452 1623 1481 1650 τέ
1503 1625 1562 1649 ἐστι
1591 1621 1698 1651 παθῶν,
1713 1620 1762 1646 καὶ

971 1675 1086 1702 θανάτου
1101 1673 1235 1709 κρείττων
1248 1672 1284 1704 ὡς
1299 1671 1366 1703 Θεὸς
1379 1672 1393 1697 ὁ
1409 1671 1441 1697 ὲκ
1456 1669 1521 1696 Θεοῦ
1542 1668 1647 1702 Πατρδς
1661 1667 1760 1700 Λόγος·

970 1720 1080 1755 τεθναίη
1093 1720 1147 1754 γὰρ
1159 1719 1192 1746 ἂν
1204 1717 1276 1744 κατά
1289 1726 1350 1744 τινα
1361 1716 1461 1752 τρόπον
1474 1716 1490 1750 ἡ
1507 1714 1563 1749 ζωή
1575 1723 1582 1730 υ
1595 1711 1762 1749 προσκρούει

971 1774 1003 1800 γε
1019 1765 1071 1801 μὴν
1081 1765 1159 1792 οὐδὲν
1173 1762 1255 1799 ἦττον
1270 1763 1317 1790 καὶ
1338 1762 1385 1788 νῦν
1399 1763 1455 1794 τοῖς
1475 1762 1525 1796 τῆς
1543 1759 1706 1794 Ἑκκλησίας
1719 1759 1762 1785 δό-

971 1820 1070 1846 γμασι,
1083 1811 1133 1846 τῆς
1149 1810 1218 1845 μετά
1232 1809 1333 1844 σαρκὸς
1348 1807 1503 1844 οἰκονομίας
1519 1806 1565 1833 τοῦ
1589 1805 1762 1839 Μονογενοῦς

971 1859 1010 1889 εἰς
1026 1858 1099 1884 ἅπαν
1122 1855 1289 1892 ἠφειδηκὼς,
1316 1854 1424 1882 καὶτοῦ
1446 1853 1596 1890 μυστηρίου
1615 1852 1646 1879 τὸ
1677 1851 1760 1886 βάθος

971 1904 1032 1930 κατ’
1049 1903 1143 1930 οὐδένα
1165 1903 1265 1938 τρόπον
1279 1901 1387 1928 ἐννοῶν.
1403 1901 1434 1927 Et
1453 1901 1501 1935 μὲν
1512 1898 1666 1932 ἐξετάζοιτο
1690 1897 1759 1933 πρὸς

971 1947 1051 1985 ἡμῶν
1066 1947 1146 1974 ὁποία
1156 1947 1197 1978 τίς
1214 1947 1287 1973 ἐστιν
1302 1947 1318 1981 ἡ
1331 1944 1378 1972 τοῦ
1390 1944 1475 1978 Λόγου
1490 1943 1580 1978 φύσις,
1593 1943 1677 1978 ἤγουν
1691 1942 1760 1977 ἐρω-

973 1994 1063 2030 μένοις
1083 1993 1131 2020 κα).
1155 1992 1304 2027 ἀναμαθεῖν
1327 1991 1464 2018 ἐθέλουσιν
1484 1990 1596 2025 ἑτέροις,
1618 1989 1691 2023 ἡμᾶς
1718 1987 1760 2018 ὲξ-

972 2038 1097 2074 ηγεῖσθαι
1112 2038 1164 2074 χρή
1176 2046 1183 2052 ·
1203 2036 1238 2072 ἦν
1252 2037 1283 2072 δή
1303 2045 1353 2063 που
1370 2036 1477 2067 πάντως
1491 2034 1636 2062 ἀκόλουθόν
1657 2043 1688 2060 τε
1714 2034 1763 2060 καὶ

972 2085 1132 2120 ἀναγκαῖον,
1151 2083 1194 2110 διὰ
1211 2084 1301 2118 πάσης
1315 2082 1418 2114 ἐννοίας
1438 2081 1522 2115 σοφῆς
1537 2089 1567 2106 τε
1583 2080 1630 2106 καὶ
1643 2078 1764 2114 ἀληθοῦς

974 2131 1042 2160 ἰέναι
1067 2129 1277 2161 σπουδάζοντας,
1303 2128 1450 2163 ἀπρόσιτον
1474 2125 1558 2160 αὐτὴν
1583 2124 1623 2159 τῷ
1653 2124 1763 2157 θανάτῳ

972 2176 1114 2207 δεικνύειν,
1129 2176 1176 2202 καὶ
1190 2175 1284 2206 παθῶν
1299 2174 1338 2205 εἰς
1352 2174 1424 2200 ἅπαν
1443 2171 1665 2208 ἀπηλλαγμένην.
1685 2169 1765 2196 Ἐπεὶ

137 2216 163 2243 in
175 2215 329 2242 universum
342 2223 355 2242 a
368 2215 539 2250 passionibus
549 2222 608 2242 esse
619 2220 750 2243 remotam
764 2216 914 2243 ostendere.

1014 2224 1028 2250 ὁ
1039 2223 1088 2258 τῆς
1107 2222 1341 2258 ἑνανθρωπήσεως
1355 2220 1455 2256 τρόπος
1471 2219 1578 2245 δίδωσιν
1591 2217 1666 2252 αὐτῷ
1680 2217 1712 2243 τό
1731 2225 1764 2250 γε

137 2261 272 2294 Quoniam
291 2269 355 2288 vero
369 2261 464 2288 modus
476 2268 529 2295 quo
542 2261 587 2288 ille
601 2260 688 2288 factus
703 2265 744 2288 est
759 2261 849 2294 homo,
864 2260 921 2288 eili-

138 2308 191 2338 cit,
219 2307 290 2341 quod
318 2306 352 2333 ad
378 2307 496 2333 rationes
518 2305 727 2341 dispensationis
751 2306 864 2338 attinet,
892 2310 922 2333 ut

137 2352 242 2378 etiamsi
263 2359 346 2378 carne
372 2352 440 2378 mori
454 2352 530 2385 velit,
558 2352 625 2379 nihil
648 2352 674 2380 in
693 2352 800 2387 propria
826 2357 920 2381 natura

138 2398 256 2432 patiatur
268 2406 281 2430 ;,
291 2405 340 2425 cur
357 2405 405 2425 nos
419 2398 518 2432 spolias
533 2399 723 2432 pulcherrimis
735 2399 922 2434 ornamentis?

137 2444 241 2471 Audisti
259 2452 376 2479 namque
391 2445 522 2472 dicentem
538 2452 545 2470 :
567 2454 576 2470 ι
591 2444 687 2472 Pastor
702 2445 789 2476 bonus
803 2446 920 2472 animam

137 2497 215 2516 suam
235 2491 311 2524 ponit
333 2498 381 2524 pro
395 2491 492 2518 ovibus
508 2490 541 2518 “.
561 2500 570 2516 ι
587 2489 672 2525 Igitur
700 2491 805 2518 etiamsi
828 2499 923 2526 passus

137 2535 328 2568 esse-dicatur,
343 2536 541 2571 impassibilem.
553 2537 676 2565 novimus
695 2542 726 2563 ut
751 2537 845 2570 Deum,
861 2544 923 2572 pas—

140 2589 199 2608 sum
218 2588 280 2608 vero
298 2589 356 2608 esse
377 2587 489 2609 mortem
508 2582 704 2617 dispensatorie
718 2590 765 2610 sua
786 2590 868 2610 carne
882 2583 924 2610 di-

136 2627 234 2660 cimus,
250 2632 289 2660 ut,
319 2634 405 2656 morte
438 2628 552 2661 calcata.
573 2633 600 2656 et
623 2636 767 2663 resurgens
788 2634 923 2665 quatenus

972 2266 1039 2304 ἧκον
1051 2269 1091 2300 είς
1103 2268 1167 2298 τοὺς
1179 2267 1229 2302 τῆς
1243 2265 1398 2300 οἰκονομίας
1409 2264 1515 2298 λόγους,
1528 2262 1558 2289 τὸ
1572 2262 1624 2291 κᾶν
1638 2263 1662 2288 εἰ
1675 2261 1765 2292 ἕλοιτο

972 2314 1099 2344 τεθνάναι
1123 2312 1214 2348 σαρκὶ,
1232 2311 1315 2346 μηδὲν
1339 2311 1377 2342 είς
1403 2309 1470 2336 ἰδίαν
1489 2308 1633 2342 ὑπομεῖναι
1660 2306 1762 2341 φύσιν·

973 2361 999 2386 τί
1013 2359 1067 2385 τῶν
1081 2358 1231 2387 καλλίστων
1247 2357 1320 2392 ἡμᾶς
1346 2355 1514 2390 αὐχημάτων
1531 2353 1707 2387 άποστερεῖςς
1721 2353 1766 2378 Δι-

976 2404 1080 2432 επύθου
1096 2404 1150 2439 γὰρ
1161 2402 1295 2437 λέγοντος,
1310 2411 1319 2427 ‹
1329 2402 1359 2428 Ὀ
1372 2401 1474 2436 ποιμὴν
1486 2400 1505 2429 6,
1515 2399 1597 2431 καλὸς
1610 2398 1659 2434 τὴν
1674 2398 1765 2432 ψυχὴν

975 2450 1073 2482 ἑαυτοῦ
1098 2449 1205 2484 τίθησιν
1225 2448 1296 2483 ὑπὲρ
1313 2447 1372 2477 τῶν,
1387 2446 1542 2482 προϐάτων.
1560 2453 1569 2470 ι
1590 2444 1696 2472 Ούκοῦν
1712 2443 1764 2470 κᾶν

974 2497 998 2522 ει
1013 2495 1118 2529 λέγοιτο
1134 2486 1241 2525 παθεῖν,
1255 2484 1346 2527 ἀπαθῆ
1363 2492 1411 2528 μὲν
1424 2493 1502 2527 ἴσμεν
1513 2491 1551 2522 ὡς
1570 2490 1648 2521 Θεδν.
1662 2498 1764 2516 πεπον-

974 2541 1052 2568 θέναι
1068 2541 1095 2567 δέ
1109 2549 1198 2575 φαμεν
1214 2538 1393 2574 οίκονομικῶς
1411 2537 1465 2573 [δίᾳ
1480 2537 1563 2572 σαρκὶ
1577 2536 1623 2563 τδν
1637 2535 1763 2567 θάνατον,

975 2587 1020 2613 ἵνα
1036 2587 1160 2621 πατήσας
1175 2585 1266 2618 αὑτὸν,
1281 2585 1328 2612 καὶ
1343 2582 1538 2619 ἐγηγερμένος,
1554 2581 1622 2608 καθὸ
1641 2581 1764 2615 πέφυκεν

974 2629 1043 2658 εἶναι
1056 2632 1113 2666 ζωὴ
1124 2631 1171 2658 καὶ
1184 2629 1325 2662 ζωοποιδς,
1337 2626 1650 2667 μεταστοιχειώσῃλπρδς
1662 2625 1766 2661 ἀφθαρ-

171 2704 194 2721 ¹¹
211 2704 292 2733 Joan.
308 2713 351 2739 ιιι,
371 2705 416 2734 ίϐ.
454 2706 571 2737 "Rom.
587 2714 614 2740 ν,
630 2707 674 2737 10.
714 2707 736 2723 ³³
757 2707 847 2736 Eccle.
868 2717 914 2741 vn.

1015 2708 1123 2737 “Joan.
1133 2717 1160 2742 π,
1175 2709 1220 2736 11.

769 2785 849 2816 ANT.
864 2785 999 2818 AGELLH
1015 2786 1132 2814 ΝΟΤᾸΞ.

172 2863 228 2900 ιιι)
243 2863 336 2892 Melius
361 2863 475 2892 fortasse
496 2867 658 2898 verteretur,
672 2865 741 2900 quod
759 2870 849 2895 suapte
868 2867 1086 2894 natumnatum
1101 2870 1153 2895 at.
