1886 3056
103 143 149 172 213

633 141 820 171 ADVERSUS
839 141 1040 171 NESTORIUM
1060 143 1125 171 LIB.
1147 143 1180 171 ν.

1671 147 1725 174 2H

104 203 158 230 σίαν
174 201 203 228 τὸ
217 200 332 238 θανάτῳ
359 202 588 239 τυραννούμενον,
604 203 736 235 τουτέστι,
754 203 785 229 τδ
801 202 891 238 σῶμα.

953 207 1040 238 ;uapte
1057 209 1153 231 natura
1173 204 1227 231 vita
1243 208 1285 231 est
1298 211 1328 231 ac
1343 203 1497 235 viviﬁcans,
1515 203 1674 231 refer-uiaret
1691 206 1725 232 ad

105 248 176 275 Οὕτω
189 255 219 274 τε
237 248 287 274 καὶ
311 249 353 280 εἰς
368 250 473 284 ἡμᾶςή
491 248 537 276 τοῦ
557 249 768 284 κατορθώματος
787 248 894 284 διατρέ-

104 303 142 330 χει
157 293 285 329 δύναμις,
309 295 352 326 εἰς
374 295 448 322 ἅπαν
472 296 645 330 ἐκτεινομένη
672 295 701 321 τὸ
725 294 813 328 γένος.
839 293 894 320 Καὶ

105 341 166 375 γοῦν
183 342 196 367 ό
213 340 364 373 θεσπέσιος
385 341 491 372 Παῦλος
502 350 508 356 ·
527 350 537 367 ι
562 341 631 375 Ἐγὼ
645 341 688 368 διὰ
706 341 799 376 νόμου,
816 341 892 376 φησὶ,

105 387 175 421 νόμῳ
196 385 348 417 ἀπέθανον,
366 386 411 413 ἵνα
424 386 482 421 Θεῷ
505 387 580 420 ζήσω
593 395 599 401 ·
616 386 726 422 Χριστῷ
748 386 897 414 συνεσταύ-’

105 437 203 464 ρωμαι.
218 429 263 456 Ζῶ
273 429 313 460 δὲ,
327 429 420 456 οὐκέτι
440 429 505 464 ἐγὼ,
523 430 556 466 ζῇ
572 430 599 457 δὲ
611 431 640 457 ὲν
653 431 715 466 ἐμοὶ
728 431 742 456 ὁ
757 431 874 466 Χριστός
885 440 891 447 ·

104 473 126 510 ᾧ
141 475 169 501 δὲ
197 475 246 503 νῦν
262 475 314 508 ζῶ,
332 477 362 502 ὲν
387 476 477 503 πίστει
499 476 547 509 ζῶ,
563 477 591 504 ὲν
608 477 689 512 σαρκὶ
704 479 737 512 τῇ
761 477 806 504 τοῦ
826 477 893 503 Υἰοῦ

105 522 149 548 τοῦ
162 521 231 548 Θεοῦ
245 522 294 548 τοῦ
309 522 503 556 ἀγαπήσαντός
523 531 567 557 με,
583 523 629 549 καὶ
645 523 811 558 παραδόντος
828 524 893 549 ἑαυ-

104 567 147 594 τὸν
167 568 239 604 ὑπὲρ
253 567 334 603 ἐμοῦ.
348 569 405 595 Οὐκ
419 569 507 595 ἀθετῶ
520 569 568 604 τὴν
583 569 662 604 χάριν
671 569 717 596 τοῦ
733 569 811 596 Θεοῦ.
830 579 839 595 ι
857 569 894 596 Οὐ

103 613 156 649 γὰρ
180 613 221 639 ἑτι
239 612 290 648 τὴν
317 613 385 640 ἰδίαν
406 613 542 649 διαζῶμεν
558 613 640 650 ζωὴν,
657 615 707 651 τὴν
729 615 848 652 Χριστοῦ
866 616 895 644 δὲ

106 658 218 695 μᾶλλον,
242 658 292 685 καὶ
318 658 392 686 ἔστιν
416 659 526 696 ἀληθὲς,
540 660 577 692 ὠς
595 670 603 686 ι
618 658 666 693 Εἷς
689 661 759 697 ὑπὲρ
787 662 895 689 πάντων

104 704 255 736 ἀπέθανεν,
273 705 318 731 ἳνα
332 705 357 731 οἱ
373 705 472 737 ζῶντες
488 706 585 741 μηκέτι
598 707 704 738 ἑαυτοῖς
718 706 811 740 ζῶσιν,
828 707 896 735 ἀλλὰ,

104 751 142 785 τῷ
160 751 233 787 ὑπὲρ
249 752 341 778 αὐτῶν
363 752 538 784 ἀποθανόντι,
560 753 607 780 καὶ
629 753 778 789 ἐγερθέντι.
798 763 806 780 ι
829 755 897 790 Πρὶν

107 797 155 830 μὲν
166 798 222 833 γὰρ
234 797 302 832 ἡμῖν
321 797 474 833 ἐπιλάμψαι
486 798 532 824 τὸν
552 799 685 834 μονογενῆ
698 798 745 827 τοῦ
765 799 832 827 Θεοῦ
850 799 897 826 Λό-

105 850 163 875 γον,
182 842 292 878 ἀμαθία
308 843 356 870 καὶ
377 843 465 879 σκότῳ
487 845 697 880 κεκρατημένοι,
715 845 822 872 καὶτὸν
845 846 896 880 τῆς

105 889 244 923 ἁμαρτίας
260 889 369 924 ἔχοντες
385 889 476 924 ζυγὸν,
489 890 535 916 καὶ
547 891 713 922 ἀνάπτοντες
727 892 842 924 ἀνοσίως
860 894 892 927 τῇ

104 934 196 961 κτίσει
209 935 241 961 τὸ
257 935 351 968 σέὸας,
367 935 442 971 παρὰ
456 935 501 962 τὸν
516 936 628 972 κτίστην
642 937 690 964 καὶ
704 938 829 974 ποιητὴν,
848 939 894 965 καὶ

106 982 160 1007 πᾶν
173 979 246 1012 εἶδος
261 980 430 1016 φαυλότητος
449 981 658 1017 ἁνεπιπλήκτως
681 983 894 1017 ἐπιτηδεύοντες,

107 1026 136 1051 ἑν
160 1026 304 1053 διαστάσει
333 1025 502 1061 διετελοῦμεν
526 1028 549 1053 οἱ
574 1027 699 1060 τάλανες,
723 1028 808 1064 ἐχθρὰ
829 1038 896 1065 φρο-

107 1072 218 1104 νοῦντες
242 1072 327 1107 αὐτῷ.
354 1072 573 1107 Κατηλλάγμεθα
597 1073 625 1099 δὲ
645 1073 688 1100 διὰ
708 1074 754 1101 τοῦ
780 1074 895 1102 θανάτου

108 1118 154 1144 τοῦ
185 1117 252 1144 Υίοῦ
287 1118 388 1150 αὑτοῦ,
419 1118 489 1144 καθὰ
516 1119 681 1154 γέγραπται.
707 1121 743 1147 Σὺ
761 1120 790 1146 δὲ
817 1121 896 1147 πάλιν

108 1165 137 1190 ἑν
163 1164 274 1199 σμικρῷ
300 1164 445 1198 πεποίησαι
468 1164 548 1200 λόγῳ,
572 1165 602 1192 τὸ
624 1166 738 1201 ἀληθές·
758 1167 805 1193 καὶ
830 1167 898 1202 ἀχά*

108 1209 181 1236 λίνον
209 1211 251 1241 εἰς
278 1209 414 1244 ἐξιτηλίαν
438 1210 595 1244 ἀποφαίνων
620 1212 686 1247 ἡμῖν
712 1212 757 1238 τὸν
783 1212 897 1239 σεαυτοῦ

110 1255 208 1289 λόγον,
243 1255 428 1291 κατηλλάχῦαι
459 1256 511 1292 φὴς
545 1257 583 1292 τῷ
618 1257 677 1292 Θεῷ
700 1259 746 1284 τὸν
779 1259 897 1294 κόσμον,

109 1302 140 1328 οὐ
157 1301 203 1328 διά
223 1310 255 1336 γε
271 1302 318 1328 τοῦ
333 1302 510 1336 Μονογενοῦς.
533 1303 665 1336 τουτέστι,
683 1304 729 1331 τοῦ
747 1305 778 1331 ἐκ
793 1305 899 1341 Πατρδς

111 1347 210 1380 φύντος
228 1348 325 1382 Λόγου.
347 1348 466 1389 Ἀκούων
486 1349 514 1375 δὲ
538 1349 654 1376 θάνατον
669 1350 715 1376 τοῦ
742 1350 818 1383 Υίοῦ,
840 1349 900 1377 εἶτα

112 1393 280 1429 βασανίζων,
299 1395 337 1426 ὡς
356 1394 418 1427 οἴει,
442 1394 546 1426 λεπτῶς
570 1395 620 1427 τὰς
635 1395 681 1422 τοῦ
697 1395 828 1433 θεηγόρου
844 1406 900 1432 φω-

112 1441 172 1472 νὰς,
191 1440 223 1466 οὐ
241 1440 401 1472 κατέδεισας
419 1441 522 1467 εἰπεῖν·
542 1440 609 1476 [Οὐκ
634 1441 696 1476 ἔφη,
720 1442 765 1468 διὰ
784 1442 831 1469 τοῦ
852 1442 901 1469 θα-

112 1487 194 1512 νάτου
208 1486 255 1513 τοῦ
273 1486 341 1513 Θεοῦ
360 1486 471 1522 Δόγου,]
489 1485 554 1513 Εἶτα
569 1486 627 1518 πῶς
640 1485 684 1522 ἦν,
703 1487 763 1513 είπέ
783 1496 839 1522 μοι,
856 1497 899 1515 σο-

113 1531 178 1579 ρὸς,
211 1531 311 1566 μᾶλλον
337 1531 373 1579 ,δε
405 1532 464 1579 sui);
489 1532 538 1579 οὐχ
567 1533 676 1579 ἁπάσης
705 1533 902 1569 ὲμὸροντησίας
916 1551 937 1579 c

113 1577 242 1612 ἔμπλεως
255 1579 269 1604 ὁ
287 1578 389 1604 τοιόσδε
406 1578 500 1612 λόγος;
514 1578 628 1611 Θανάτῳ
642 1578 696 1614 γὰρ
709 1580 821 1614 κάτοχον
837 1581 902 1606 ἀπο-

114 1623 201 1658 φῆναι
221 1623 271 1659 τὴν
287 1622 370 1659 ζωὴν,
389 1623 447 1655 πῶς
465 1622 499 1659 ἦν
515 1623 676 1657 ἁκόλονθον;
696 1624 756 1652 εἰπέ
772 1634 817 1660 μοι
831 1634 837 1641 ·
857 1625 903 1652 καὶ

113 1669 164 1704 τῆς
177 1669 213 1695 τὰ
225 1668 315 1696 πάντα
330 1670 515 1706 ζωογονούσης
531 1670 638 1705 φύσεως
654 1671 841 1706 κατηγορῆσαι
855 1671 903 1706 τὴν

115 1714 233 1750 φθορὰν,
250 1715 310 1746 πῶς
332 1715 383 1741 οὐκ
405 1715 578 1752 ἀπόπληκτον
596 1716 703 1752 κομιδῇ,
724 1716 771 1743 καὶ
794 1717 842 1752 τῆς
864 1718 904 1748 εἰς

115 1761 191 1795 λῆξιν
206 1761 328 1796 ἡκούσης
344 1761 499 1797 δυσφημίας
520 1762 658 1797 ἐπίϐλημα
673 1762 729 1798 (55)
746 1763 844 1796 γένοιτ’
858 1763 902 1796 ἂν,

114 1807 165 1833 καὶ
181 1807 255 1842 μάλα
273 1807 401 1840 εἰκότωςς
418 1807 519 1835 Οὐκοῦν
535 1808 634 1843 ἥκιστα
650 1808 699 1842 μὲν
715 1809 772 1839 ταῖς
793 1810 850 1840 σαῖς
865 1809 904 1840 εἰς

114 1852 196 1880 τοῦτο
208 1854 406 1888 περιεργείαις,
421 1854 506 1889 ἧγουν
516 1853 716 1889 εὶκαιομυθίαις
727 1855 740 1880 ό
754 1855 808 1881 τῶν
820 1855 904 1889 ἁγίων

115 1901 213 1926 ἕπεται
228 1900 308 1932 νοῦς·
325 1899 380 1928 οἶδε
394 1901 432 1933 δὲ,
450 1899 504 1927 οἶδε
531 1901 650 1928 παθόντα
675 1901 758 1936 σαρκὶ
779 1901 812 1927 δι’
832 1902 905 1936 ἡμᾶς

115 1945 162 1972 τὸν
176 1947 224 1973 τοῦ
255 1946 322 1973 Θεοῦ
342 1947 438 1981 Λόγον,
461 1948 508 1974 καὶ
529 1947 569 1983 τῷ
585 1947 692 1983 θανάτῳ
706 1947 754 1975 τοῦ
772 1948 836 1974 ἰδίου
854 1946 906 1974 σώ-

117 1998 204 2024 ματος
223 1991 376 2025 κεκληκότα
388 1991 432 2018 τὸν
447 1991 547 2027 κόσμον
560 1993 600 2023 εἰς
614 1992 761 2026 διαλλαγὰς
777 1993 825 2024 τὰς
837 1993 905 2028 πρός

116 2035 150 2068 γέ
165 2043 237 2070 φημι
250 2036 296 2062 τὸν
308 2036 337 2062 ἐν
347 2037 404 2068 τοῖς
413 2036 536 2071 οὐρανοῖς
552 2037 670 2073 Πατέρα,
690 2038 743 2064 Καὶ
763 2038 829 2071 γοῦν
851 2037 904 2072 ἔφη

117 2089 171 2106 που
188 2081 255 2116 πρὸς
270 2081 319 2108 ἕνα
334 2081 388 2108 τῶν
400 2082 484 2115 ἁγίων
494 2082 621 2118 μαθητῶν
633 2083 696 2115 τοὺς
705 2083 799 2116 λόγους
813 2082 906 2109 ποιού-

118 2135 214 2160 μενος·
241 2135 251 2152 ι
279 2126 351 2160 Ἐγώ
375 2129 432 2162 ειμι
455 2129 471 2162 ὴ
487 2128 556 2160 ὁδὸς,
578 2128 626 2154 καὶ
649 2129 665 2163 ή
691 2128 804 2163 ἀλήθεια
825 2128 904 2163 καὶὴ

117 2172 186 2207 ζωὴ,
204 2172 251 2198 καὶ
267 2171 355 2203 οὐδεὶς
369 2172 477 2208 ἔρχεται
500 2172 567 2207 πρὸς
584 2172 630 2199 τὸν
644 2173 753 2208 Πατέρα
768 2174 792 2199 εὶ
812 2172 850 2207 μὴ
872 2172 905 2198 δι’

945 249 1173 283 incorruptionem
1188 250 1213 277 id
1230 251 1300 285 quod
1313 251 1408 277 mortis
1422 250 1562 286 tyrannide
1573 250 1725 282 tenebatur,

945 294 970 321 id
986 300 1027 322 est
1043 302 1150 331 corpus.
1166 294 1204 322 Ita
1221 295 1248 322 in
1263 303 1312 323 nos
1328 295 1399 330 ipsos
1414 302 1519 330 quoque
1531 296 1571 323 vis
1585 295 1642 331 ejus
1661 303 1727 331 ope-

945 341 983 368 ris
999 341 1127 374 recurrit,
1149 342 1210 369 dum
1228 342 1255 369 in
1279 341 1433 369 universum
1456 349 1540 376 genus
1562 342 1726 369 extenditur.

945 387 979 414 Et
1003 392 1077 415 certe
1098 388 1193 416 beatus
1210 387 1309 416 Paulus
1325 388 1362 415 ait
1378 397 1385 414 :
1402 397 1411 414 ‹
1425 388 1480 422 Ego
1500 395 1549 423 per
1566 388 1651 423 legem
1675 388 1726 423 legi

945 439 1068 461 mortuus
1082 442 1153 467 sum,
1173 439 1203 461 ut
1223 434 1310 462 vivam
1327 435 1380 462 Deo
1395 442 1401 460 :
1426 431 1534 462 Christo
1555 434 1635 462 simul
1652 435 1727 462 cruci

945 480 1066 508 conﬁxus
1082 487 1152 507 sum.
1174 479 1237 507 Vivo
1249 485 1348 513 autem,
1359 481 1412 515 jam
1430 487 1482 506 non
1496 487 1561 514 ego,
1579 480 1644 507 vivit
1664 487 1728 507 vero

946 525 974 553 in
990 533 1032 553 me
1043 526 1177 554 Christus.
1192 525 1268 559 Quod
1280 533 1342 553 vero
1363 533 1434 553 nunc
1450 525 1520 558 vivo,
1540 525 1566 553 in
1589 526 1641 554 ﬁde
1655 526 1727 559 vivo,

946 571 973 598 in
988 578 1072 598 carne
1091 571 1135 598 illa
1149 571 1208 598 Filii
1226 571 1290 604 Dei,
1308 572 1355 606 qui
1380 571 1475 598 dilexit
1497 579 1553 604 me,
1571 577 1599 599 et
1621 572 1730 599 tradidit

946 617 1119 652 semetipsum
1141 624 1190 652 pro
1209 625 1261 645 me.
1278 617 1334 645 Non
1356 617 1452 650 abjleio
1470 618 1584 652 gratiam
1608 617 1654 645 Dei
1664 617 1696 644 ".
1716 627 1725 644 ι

945 663 1003 693 Non
1015 663 1087 691 enim
1099 663 1154 698 jam
1166 664 1273 698 propria
1289 664 1402 691 vivimus
1414 664 1478 695 vita,
1497 664 1545 691 sed
1560 663 1669 696 Christi,
1685 671 1730 691 ve-

947 716 1059 743 rumque
1082 709 1144 736 illud
1164 714 1241 741 est,_r
1260 709 1348 738 Unum
1366 717 1415 744 pro
1437 709 1563 737 omnibus
1577 711 1728 744 ;mortuum,

947 758 976 781 ut
995 755 1040 789 qui
1055 755 1159 786 vivunt,
1175 762 1227 782 non
1240 755 1296 789 jam
1316 755 1366 782 sibi
1387 756 1485 786 vivant.
1507 755 1554 782 sed
1578 754 1602 782 ei
1617 754 1662 789 qui
1681 761 1731 789 pro

947 799 1012 832 ipsis
1033 803 1154 826 mortuus
1182 803 1277 832 ξεῖνοι
1300 799 1447 828 resurrexit
1459 800 1492 828 ³⁸.
1518 809 1528 826 ι
1553 799 1631 826 Prius
1657 799 1729 826 enim

948 853 1028 880 quam
1046 845 1187 880 affulgeret
1216 846 1293 873 nobis
1309 846 1380 879 .illud
1402 846 1569 880 unigenitum
1597 846 1642 873 Dei
1664 845 1730 872 Ver-

947 891 1030 924 bum,
1056 891 1162 919 inscitia
1188 896 1215 919 et
1243 891 1360 919 tenebris
1381 892 1555 925 tenebamur,
1576 895 1604 918 et
1627 891 1729 926 peccati

944 937 1010 972 jugo
1026 937 1122 972 pressi.
1147 942 1175 965 et
1189 942 1321 965 creaturae
1343 937 1443 964 cultum
1463 936 1543 971 impie
1565 937 1728 968 tribuentes,

949 982 1042 1010 relicto
1053 987 1177 1010 creatore
1190 987 1269 1017 alque
1287 982 1392 1016 opiﬁce,
1410 986 1436 1009 et
1450 989 1532 1009 omne
1551 980 1730 1015 improbitatis

949 1037 1033 1064 genus
1047 1029 1131 1057 libere
1146 1033 1290 1061 sectantes,
1308 1030 1334 1055 in
1352 1028 1485 1056 discordia
1503 1027 1594 1055 miseri
1614 1027 1732 1062 degeba-

950 1083 1021 1107 mus.
1037 1083 1097 1110 qua:
1116 1075 1152 1102 illi
1170 1074 1278 1102 inimica
1293 1079 1371 1102 erant
1385 1078 1560 1109 expetentes;
1575 1073 1621 1100 sed
1637 1079 1732 1100 recon-

950 1121 1032 1147 ciliati
1053 1128 1146 1148 sumus
1166 1127 1214 1155 per
1237 1124 1350 1147 mortem
1375 1119 1434 1147 Filii
1459 1120 1528 1154 ejus,
1553 1124 1581 1146 ut
1602 1119 1731 1153 scriptum

950 1173 992 1195 est
1003 1168 1036 1195 ³⁷.
1055 1167 1094 1194 Tu
1116 1175 1179 1194 vero
1193 1171 1302 1198 contra,
1322 1166 1424 1194 minimi
1445 1166 1512 1193 facis
1528 1166 1687 1198 veritatem,
1705 1169 1733 1191 et

953 1219 1025 1242 tuum
1040 1221 1191 1242 sermonem
1208 1213 1239 1239 ad
1258 1213 1403 1240 vanitatem
1418 1212 1548 1240 etfrenato
1565 1219 1646 1239 cursu
1665 1218 1733 1245 prae-

952 1260 1058 1295 cipitem
1075 1259 1223 1293 proferens,
1241 1258 1367 1285 mundum
1385 1266 1444 1286 esse
1463 1258 1517 1285 Deo
1533 1257 1732 1285 reconciliatum

953 1306 1062 1338 asseris,
1080 1305 1157 1340 123
1174 1312 1226 1332 non
1242 1309 1331 1332 tamen
1346 1311 1393 1338 per
1413 1303 1595 1338 Unigenilum,
1609 1304 1658 1330 hoc
1675 1308 1733 1335 est,

952 1359 1001 1386 per
1016 1351 1133 1379 Verbum
1144 1357 1178 1377 ex
1190 1349 1270 1376 Patre
1285 1350 1416 1384 genitum.
1427 1348 1480 1376 Sed
1495 1348 1607 1375 audiens
1621 1352 1733 1375 mortem

952 1396 1024 1429 Filii,
1038 1396 1133 1424 deinde
1148 1395 1238 1423 verbis
1260 1394 1379 1429 Apostoli
1395 1394 1539 1426 subtiliter,
1560 1398 1589 1420 ut
1611 1393 1668 1428 ipse
1687 1400 1736 1427 pu-

955 1448 1005 1475 tas,
1023 1441 1194 1473 examinalis,
1212 1447 1266 1467 non
1276 1447 1305 1466 es
1323 1439 1424 1467 veritus
1439 1439 1529 1466 dicere
1545 1446 1551 1464 :
1573 1437 1641 1474 [Non
1657 1438 1734 1471 dixit,

955 1495 1003 1522 per
1021 1492 1134 1515 mortem
1157 1486 1202 1513 Dei
1225 1484 1329 1521 Yerbi.]
1346 1485 1424 1519 Atqui
1447 1483 1581 1519 quomodo
1603 1484 1736 1519 ejusmodi

955 1533 1043 1560 oratio
1057 1533 1202 1567 prudenter
1216 1531 1306 1558 efferri
1328 1530 1478 1565 potuisset?
1502 1530 1556 1556 imo
1581 1537 1645 1557 vero
1667 1537 1735 1564 quo-

955 1579 1034 1606 modo
1057 1585 1108 1604 non
1132 1584 1242 1604 summa),
1270 1576 1363 1603 fuisset
1386 1576 1499 1603 insaniae
1520 1576 1618 1610 plena?
1650 1575 1736 1609 Ipsam

953 1625 1025 1652 enim
1043 1624 1125 1650 vitam
1141 1623 1221 1650 morti
1239 1623 1383 1650 obnoxiam
1396 1622 1496 1654 dicere,
1520 1621 1653 1656 quomodo
1669 1621 1737 1648 fuis—

953 1675 1005 1703 set,
1022 1677 1086 1705 rogo
1102 1674 1138 1701 te,
1152 1667 1341 1702 consequens?
1360 1671 1386 1694 et
1410 1667 1444 1695 de
1467 1672 1563 1694 natura
1584 1667 1739 1694 viviﬁcante

953 1717 1053 1749 omnia,
1062 1715 1259 1749 corruptionem
1267 1713 1418 1744 enuntiare,
1425 1713 1559 1748 quomodo
1566 1720 1618 1739 non
1628 1720 1739 1739 summa:

954 1761 1093 1789 dementia:
1105 1760 1189 1787 fuisse
1206 1763 1233 1787 et
1247 1766 1359 1786 summae
1374 1758 1546 1793 blasphemiae
1566 1757 1667 1785 crimen
1680 1757 1740 1792 jure

953 1806 1129 1835 censeretur?
1139 1805 1196 1832 Non
1206 1812 1270 1840 ergo
1284 1804 1338 1832 tuis
1347 1804 1374 1831 in
1384 1804 1433 1831 hac
1446 1811 1474 1830 re
1486 1803 1689 1835 subtilitatibus.
1699 1802 1738 1829 vel

954 1853 1031 1880 vanis
1045 1851 1236 1887 nugationibus
1247 1871 1255 1883 ,
1271 1855 1427 1878 sanctorum
1443 1849 1562 1877 virorum
1577 1848 1682 1876 animus
1698 1855 1742 1875 as-

954 1897 1133 1930 sentiturased
1148 1895 1274 1931 intelligit
1286 1903 1397 1930 prorsus
1406 1895 1453 1923 Dei
1465 1894 1581 1922 Verbum
1591 1901 1671 1921 carne
1680 1900 1740 1928 pro-

954 1950 1014 1980 pter
1026 1951 1075 1971 nos
1088 1950 1212 1978 passum;
1224 1948 1251 1970 et
1261 1946 1347 1969 morte
1365 1942 1466 1976 proprii
1478 1941 1600 1975 corporis
1611 1939 1739 1967 mundum

955 1991 988 2017 ad
1003 1988 1228 2017 reconciliandam
1244 1995 1305 2015 cutn
1320 1987 1400 2014 Patre
1418 1987 1463 2021 qui
1487 1986 1515 2014 in
1539 1985 1615 2013 caelis
1633 1989 1674 2013 est
1694 1992 1740 2018 pa-

955 2043 1024 2067 cem,
1040 2041 1161 2062 vocasse.
1174 2033 1266 2068 Itaque
1281 2040 1342 2060 cum
1357 2033 1498 2067 quemdam
1513 2039 1528 2059 e
1543 2031 1644 2058 sanctis
1664 2030 1742 2058 disci-

956 2081 1024 2116 pulis
1041 2080 1232 2114 alloqueretur,
1247 2078 1314 2105 dixit
1328 2087 1335 2106 :
1358 2087 1368 2104 ι
1385 2077 1440 2113 Ego
1455 2085 1513 2105 sum
1528 2078 1585 2108 via.
1600 2076 1699 2104 veritas
1713 2080 1741 2103 et

955 2128 1009 2154 vita
1024 2131 1051 2154 et
1061 2133 1139 2153 nemo
1147 2124 1261 2152 venitad
1276 2123 1383 2151 Patrem
1397 2123 1447 2151 nisi
1459 2130 1506 2157 per
1517 2130 1558 2149 me
1569 2122 1601 2148 ³⁸.
1615 2131 1624 2147 ι
1634 2122 1740 2149 Veritas

957 2177 1048 2198 autem
1061 2175 1087 2197 et
1100 2171 1153 2197 vita
1170 2175 1198 2197 et
1213 2170 1264 2204 |via
1290 2170 1413 2204 quisnam
1437 2169 1473 2195 sit
1496 2167 1574 2201 alius,
1595 2167 1646 2194 nisi
1674 2166 1740 2193 illud

118 2217 196 2252 ἐμοῦ.
219 2227 229 2243 ι
257 2217 382 2252 ¹Δλήθεια
397 2217 436 2249 δὲ,
452 2218 497 2247 καὶ
514 2218 580 2254 ζωὴ,
596 2219 642 2245 καὶ
656 2218 723 2250 ὁδὸς,
740 2219 781 2250 τίς
801 2218 836 2245 ἂν
850 2218 906 2244 ἕτε-

961 2217 1078 2244 Verbum
1093 2223 1127 2244 ex
1139 2215 1218 2243 Patre
1231 2217 1363 2250 genitum,
1383 2214 1489 2241 tametsi
1506 2213 1590 2240 nostri
1604 2211 1690 2239 simile
1706 2212 1742 2238 sit

120 2271 166 2297 ρος
178 2263 232 2298 εἴη,
252 2263 328 2299 παρὰ
350 2272 382 2297 γε
396 2263 441 2289 τὸν
463 2265 494 2290 ἐκ
515 2264 582 2291 θεοῦ
595 2264 682 2299 φύντα
703 2265 799 2298 Λόγον,
818 2265 842 2290 εἰ
862 2265 908 2290 καὶ

119 2309 214 2342 γέγονε
230 2308 292 2340 καθ’
309 2310 382 2344 ἡμᾶς
399 2309 504 2345 μορφὴν
519 2309 612 2336 δούλου
631 2309 731 2336 λαϐών.
750 2310 810 2336 ’Ὁτι
825 2310 852 2336 δὲ
874 2309 907 2335 δι’

118 2354 199 2381 αὑτοῦ
215 2354 292 2386 θείας
316 2354 424 2393 φύσεως
447 2356 660 2391 ἀποδεδειγμεθα
674 2356 807 2387 κοινωνοὶ,
823 2356 870 2382 καὶ
883 2356 908 2381 oi.

118 2399 184 2425 ποτὲ
211 2399 290 2431 ὄντες
316 2401 442 2436 μακρὰν,
471 2401 622 2436 γεγόναμεν
646 2402 739 2436 ἐγγὺς,
770 2402 908 2436 ἑνούμενοι

121 2445 253 2480 σίετικῶς
270 2445 304 2472 δι’
321 2445 404 2472 αὑτοῦ
417 2446 457 2481 τῷ
476 2446 574 2481 Πατρὶ,
590 2447 636 2473 καὶ
656 2446 709 2481 μὴν
724 2447 770 2473 καὶ
786 2446 909 2481 ἀλλήλοις

120 2493 157 2523 ὡς
181 2494 210 2518 ὲν
230 2492 322 2520 πίστει
348 2492 397 2527 μιᾷ
419 2491 466 2518 καὶ
485 2491 619 2526 όμοψυχίᾳ.
643 2491 687 2517 διὰ
708 2491 738 2517 τὸ
762 2490 820 2523 ἑνὸς
844 2499 909 2526 μετ-

120 2539 265 2573 εσχηκέναι
281 2537 449 2572 πνεύματος,
466 2536 545 2567 αὐτὸς
562 2536 736 2568 πιστώσεται,
746 2536 832 2570 λέγων
842 2536 910 2575 πρὸς

157 2628 178 2643 ³³
195 2626 286 2654 Galat.
309 2634 342 2659 il,
362 2626 455 2653 19-21.

960 2263 1061 2290 factum
1080 2262 1152 2289 servi
1177 2261 1261 2288 forma
1277 2260 1424 2295 suscepta?
1442 2259 1508 2286 Esse
1525 2262 1613 2285 autem
1631 2264 1680 2284 nos
1694 2264 1742 2291 per

962 2310 1049 2345 ipsum
1064 2307 1174 2336 effectos
1189 2307 1285 2334 divina:
1297 2311 1401 2334 natura:
1418 2308 1557 2332 consortes
1571 2302 1603 2335 ”,
1617 2307 1645 2329 et
1657 2301 1742 2330 factos

962 2362 1045 2390 prope
1064 2355 1109 2389 qui
1129 2354 1207 2388 longe
1222 2353 1286 2380 olim
1310 2358 1428 2382 eramus,
1445 2350 1507 2377 dum
1524 2355 1571 2383 per
1587 2349 1673 2382 ipsum
1689 2345 1742 2372 Pa-

963 2401 995 2428 tri
1009 2407 1057 2435 per
1071 2400 1196 2427 all'eetum
1211 2403 1238 2425 et
1251 2396 1437 2425 habitudinem
1447 2415 1455 2427 ,
1472 2399 1551 2429 atque
1572 2394 1652 2422 etiam.
1674 2393 1744 2419 inter

962 2454 1011 2474 nos
1024 2454 1072 2480 per
1085 2453 1166 2473 unam
1182 2444 1261 2472 iidem
1273 2448 1300 2470 et
1312 2442 1484 2471 c0ncordiam
1497 2440 1615 2471 unimur,
1627 2445 1659 2467 eo
1672 2438 1743 2472 quod

962 2499 1055 2519 sumus
1074 2492 1154 2518 unius
1168 2491 1280 2526 spiritus
1296 2489 1359 2515 facti
1376 2487 1529 2522 participes,
1544 2485 1604 2521 ipse
1612 2484 1690 2512 ﬁdem
1704 2483 1744 2510 fa-

964 2537 1027 2570 ciet,
1039 2536 1132 2564 dicens
1147 2536 1180 2563 ad
1199 2535 1307 2562 Patrem
1326 2541 1359 2560 ac
1375 2532 1458 2559 Deum
1472 2532 1517 2566 qui
1539 2535 1585 2559 est.
1603 2529 1630 2556 in
1643 2528 1720 2556 caelis
1735 2535 1743 2554 :

494 2625 516 2640 δε
532 2625 552 2652 ιι
572 2625 635 2654 Cor.
651 2634 676 2659 ν,
699 2625 738 2653 15.
773 2625 793 2641 υ
815 2625 893 2653 nom.

954 2625 999 2653 l0.
1037 2625 1058 2640 ³⁸
1078 2624 1157 2653 Joau.
1171 2632 1227 2656 XIV,
1243 2624 1269 2650 ti.
1309 2622 1331 2638 δ’
1347 2621 1366 2649 ll
1388 2621 1458 2653 Petr.
1476 2621 1542 2655 1,,4,

759 2701 836 2729 ANT;
859 2701 994 2729 AGELL“
1015 2699 1132 2728 ΝΟΤᾸΕ.

156 2783 320 2819 (53)]δοτιο
341 2781 491 2816 ἐπίκλημα,
506 2781 557 2819 hoc
577 2786 619 2819 est
640 2781 757 2819 crimen;
773 2781 853 2819 haud
866 2781 907 2807 in—

121 2816 322 2847 sueta'auctori
338 2825 403 2849 vox,
417 2825 470 2850 qua
494 2818 576 2850 utitur
594 2817 619 2842 in
639 2816 688 2843 hac
710 2816 908 2850 signiﬁcatione

120 2855 171 2885 boc
187 2855 286 2884 eodem
313 2847 400 2886 libro,
417 2847 478 2886 pag.
504 2847 562 2885 152,
578 2850 716 2890 ἐπίκλημα
736 2847 768 2882 δὲ
794 2851 908 2882 ποιείτσζί

961 2789 1031 2807 τισιν
1044 2780 1081 2812 ὡς
1094 2779 1144 2814 τῆς
1167 2777 1295 2814 ἀληθείας
1319 2778 1506 2813 κατειρηκὼι,
1522 2776 1677 2814 quihusdam
1697 2783 1743 2811 pro

962 2816 1070 2843 crimine
1087 2812 1176 2850 objicit
1190 2812 1265 2850 quasi
1279 2812 1406 2840 adversus
1417 2819 1550 2840 veritatem
1561 2812 1687 2839 dixerim.
