1886 3056
141 156 194 184 215

636 162 665 185 3.
684 149 822 185 εῑκιιῗω
842 156 1078 185 ΔιεΧΑΝοιιιΝι
1097 157 1256 186 ARCIIIEP.

1718 150 1775 178 2l8

146 225 156 241 ι
176 214 234 242 Νοη
254 222 302 250 pro
319 215 362 243 his
383 219 486 244 tantum
511 223 590 252 rogo,
610 216 656 243 sed
675 216 755 243 etiam
766 223 815 251 pro
830 216 863 244 iis
885 224 890 243 ι

1038 219 1067 244 ἐν
1080 218 1206 252 οὐρανοῖς
1222 217 1331 252 Πατέρα
1346 216 1391 243 καὶ
1403 215 1487 242 Θεόν·
1505 223 1516 240 ι
1537 214 1574 241 οὐ
1590 213 1654 250 περὶ
1668 213 1775 240 τούτων

143 262 318 289 crediderunt
337 267 447 297 propter
473 268 626 290 sermonem
650 269 743 289 eorum
765 262 792 289 in
819 270 872 294 me,
899 267 929 289 ut

143 314 239 334 omnes
251 315 334 335 unum
351 307 417 338 sint,
434 307 506 334 sicut
522 311 563 339 tu,
580 306 672 340 Pater,
688 307 716 334 in
729 313 784 340 me,
801 311 829 334 et
837 313 887 342 ego
901 307 928 334 in

135 358 182 385 ~te,
197 356 225 379 ut
243 353 323 379 etiam
341 352 393 387 ipsi
414 352 441 380 in
466 353 544 380 nobis
561 359 643 379 unum
667 353 741 380 sint:
764 357 795 379 ut
814 352 929 380 mundus

144 399 249 429 credat,
266 397 328 432 quia
344 403 371 425 tu
387 405 430 425 me
446 398 555 426 misisti.
572 398 607 426 Et
617 406 668 434 ego
681 398 830 425 claritatem
848 405 928 432 quam

144 444 241 471 dedisti
258 444 336 474 mihi.
361 444 424 472 dedi
445 445 496 477 eis,
526 449 556 472 ut
583 444 639 471 sint
664 452 760 476 unum,
786 445 856 471 sicut
881 450 933 471 nos

144 498 238 523 unum,
258 494 285 517 et
298 497 348 524 ego
362 490 389 517 in
408 490 458 522 eis,
472 495 499 517 et
513 495 540 516 tu
559 491 655 522 inme,
678 495 709 516 ut
725 489 781 516 sint
801 495 930 515 consum-

144 536 209 562 mati
228 536 254 563 in
271 543 353 562 unum
365 535 399 563 “.
423 544 432 562 ι
460 534 580 570 lnteilige
597 535 680 569 igitur
696 533 767 570 quod
791 533 849 569 ipse
868 534 930 568 quiq

144 581 205 608 dem
228 581 255 608 in
279 588 329 608 suo
352 581 433 609 Patre
455 581 490 608 sit
512 581 682 614 naturaliter,
711 580 844 608 mediator
866 585 931 606 vero

145 633 226 661 atque
251 627 410 654 conciliator
434 627 606 660 constitutus,
631 634 665 655 eo
684 627 756 662 quod
781 626 868 654 lactus
889 630 932 654 est

145 672 223 699 nobis
239 671 345 699 similis.
362 672 391 699 In
412 673 494 700 nobis,
508 676 560 704 est,
584 677 640 699 tum
659 679 708 707 per
724 678 800 700 suam
821 678 930 699 carnem

145 725 207 753 quae
224 726 272 745 nos
287 718 406 746 vivitlcat
421 719 447 746 in
476 720 582 753 spiritu,
607 723 663 745 tum
687 725 737 753 per
763 718 930 745 consortium

145 762 301 790 sanctitatis
326 762 395 797 ejus,
414 763 541 790 nimirum
566 770 626 790 eam
643 770 702 797 qua:
728 770 777 797 per
801 762 930 797 Spiritum

146 812 270 834 sanctum
289 808 447 842 acquiritur.
465 808 585 835 Postulat
600 812 689 835 autem
702 815 717 834 a
737 807 817 835 Patre
840 807 931 843 gloria:

146 859 178 880 ac
197 853 303 880 decoris
315 853 383 884 loco.
400 858 429 880 ut
440 861 516 882 suam
530 854 609 882 nobis
622 859 745 882 naturam
760 855 931 889 perspicuam

979 263 1008 290 δὲ
1024 262 1120 298 ἐρωτῶ
1145 263 1235 298 μόνον,
1251 261 1320 288 ἀλλὰ
1335 261 1383 288 καὶ
1405 259 1470 295 περὶ
1491 258 1546 286 τῶν
1568 257 1777 285 πιστευσάντων

979 309 1025 337 διὰ
1047 308 1094 335 τοῦ
1110 308 1189 342 λόγου
1211 306 1302 334 αὐτῶν
1323 307 1363 338 εἰς
1383 305 1443 341 ἐμὲ,
1463 305 1506 332 ῐνα
1529 305 1631 335 πάντες
1652 303 1682 330 ἐν
1706 299 1775 333 ὦσι.

980 353 1073 386 καθὼς
1084 354 1126 386 σὺ,
1141 354 1243 388 Πάτερ,
1257 351 1368 388 ἐνίέμοὶ,
1380 351 1458 386 κάγὼ
1471 351 1501 378 ἐν
1514 350 1565 377 σοί·
1575 350 1618 377 ἵνα
1632 350 1680 377 καὶ
1693 348 1777 376 αὐτοὶ

980 401 1009 427 ἐν
1027 401 1095 436 ἡμῖν
1110 399 1140 426 ἓν
1157 396 1235 431 ὦσιν,
1250 398 1295 425 ἶνα
1310 399 1324 424 ό
1339 397 1441 433 κόσμος
1457 395 1601 431 πιστεύσῃ.
1618 395 1661 422 ὅτι
1682 395 1715 421 σύ
1738 402 1777 429 με

980 446 1160 478 ἀπέστειλας·
1185 444 1264 479 κάγὼ
1284 445 1334 480 τὴν
1350 443 1430 476 δόξαν
1444 443 1478 478 ἠν
1501 441 1621 474 δέδωκάς
1645 450 1702 477 μοι,
1727 440 1777 468 δέ-

980 493 1054 520 δωκα
1071 492 1172 523 αὐτοῖς,
1189 491 1232 518 ῐνα
1247 487 1313 517 ὦσιν
1331 489 1370 521 ἒν.
1389 488 1482 520 καθὼς
1497 489 1579 524 ἡμεῖς
1594 487 1633 519 ἓν,
1649 487 1728 522 κάγὼ
1743 488 1777 514 ἐν

981 539 1083 570 αὐτοῖς.
1099 539 1146 565 καὶ
1161 538 1192 564 σὺ
1217 537 1248 563 ἐν
1269 536 1341 571 ἐμοὶ,
1365 535 1408 562 [va
1429 532 1481 561 ὦσι
1502 533 1708 568 τετελειωμένοι
1732 533 1777 564 εἰς

981 585 1020 612 ἐν.
1042 593 1051 610 ι
1068 583 1150 612 Σύνες
1165 580 1212 610 οὖν
1227 583 1311 614 ὃπως,
1335 580 1415 612 αὐτὸς
1439 580 1489 615 μὲν
1513 578 1570 606 ἐστι
1595 577 1718 613 φυσικῶς
1743 578 1777 604 ἐν

981 630 1020 666 τῷ
1038 630 1095 666 ίδιῳ
1119 629 1218 665 Πατρὶ,
1241 627 1354 664 μεσίτης
1374 626 1403 653 δὲ
1423 626 1470 652 καὶ
1489 624 1653 660 διαλλακτὴς
1674 623 1778 651 ἀποδε-

980 676 1121 711 δειγμένος
1132 675 1177 702 διὰ
1195 673 1243 701 τοῦ
1258 673 1395 709 γενέσθαι,
1405 672 1465 699 καθ’
1478 672 1553 706 ἡμᾶς
1562 678 1568 685 ·
1579 671 1608 697 ὲν
1619 671 1686 705 ἡμῖν
1701 670 1776 701 ἐστι,

981 722 1025 750 διά
1040 730 1070 748 τε
1085 721 1135 757 τῆς
1151 720 1221 752 ιδίας
1240 719 1341 756 σαρκὸς
1357 717 1542 752 (maxumum;
1556 716 1629 752 ἡμᾶς
1643 716 1673 742 ἐν
1691 714 1777 741 πνεύο

983 777 1058 804 ματι,
1075 768 1121 794 καὶ
1135 767 1179 794 διὰ
1200 765 1248 793 τοῦ
1270 765 1431 802 μεταλαχεῖν
1448 763 1500 799 τῆς
1513 762 1656 797 ἁγιότητος
1675 759 1776 792 αὐτοῦ,

980 814 1060 850 δῆλον
1075 813 1103 840 δὲ
1123 813 1164 840 ὃτι
1188 811 1269 839 πάλιν
1288 812 1337 847 τῆς
1358 811 1402 838 διὰ
1427 810 1474 837 τοῦ
1497 809 1575 844 ἁγίου
1600 807 1775 843 Πνεύματος.

981 861 1058 887 Alte!
1073 859 1102 886 δὲ
1121 859 1159 891 ὼς
1175 858 1253 892 δόξαν
1269 858 1343 893 παρὰ
1368 856 1474 892 [Iatpr
1489 855 1518 882 τδ
1540 854 1590 890 τὴν
1612 853 1681 881 ιδίαν
1703 852 1777 888 ἡμῖν

146 897 240 929 faciat.
257 897 329 932 quod
345 898 451 925 scilicet
475 898 509 926 sit
533 898 697 932 viviﬁcator,
711 904 740 926 et
758 899 890 934 corruptio

1033 906 1085 942 ργῆ
1105 904 1275 939 καταστῆσαι
1294 903 1386 939 φύσιν,
1401 903 1442 930 δτι
1461 910 1490 929 τε
1506 902 1549 937 εἴη
1566 900 1709 933 ξωοποιδς,
1725 900 1775 927 καὶ

146 943 270 978 superior
283 949 411 979 tanquam
428 945 514 977 Deus,
530 946 620 980 itaque
639 953 733 973 rursus
743 945 812 973 dixit
828 954 835 972 :
849 945 931 980 «Ego

147 994 173 1017 te
185 989 329 1017 clarillcavi
345 997 426 1024 super
446 994 557 1024 terram,
573 991 654 1028 12‘
666 999 734 1027 opus
745 991 930 1019 consummavi

146 1035 218 1070 quod
232 1035 330 1063 dedisti
346 1036 414 1064 mihi
434 1040 463 1064 ut
481 1037 578 1064 faciam
595 1046 602 1065 :
617 1042 645 1065 et
664 1045 734 1065 nunc
748 1037 865 1065 elarilica
889 1045 932 1065 me

147 1086 186 1112 tu,
203 1081 294 1114 Pater,
315 1083 385 1117 apud
401 1083 570 1117 temetipsum
581 1102 592 1116 ,
610 1083 733 1111 claritate
753 1091 834 1118 quam
851 1084 930 1111 habui

147 1132 293 1163 antequam
308 1129 425 1157 mundus
438 1129 526 1162 lleret,
548 1129 618 1165 apud
634 1134 659 1157 te
672 1130 705 1157 ⁸³.
724 1140 739 1156 ι,
751 1129 825 1165 Opus
841 1134 931 1157 autent

147 1179 364 1202 consummatum
378 1182 473 1202 sumus
484 1182 545 1207 nos,
559 1179 687 1210 tanquam
700 1176 725 1203 in
737 1177 794 1210 ipso
805 1180 832 1203 et
843 1176 932 1210 primo

148 1219 288 1248 vincentes
307 1221 526 1256 corruptionem,
542 1225 571 1249 et
583 1221 720 1249 calcantes
733 1221 829 1249 mortis
843 1222 931 1256 impe-

148 1265 231 1298 rium,
254 1265 355 1294 revixit
380 1266 452 1294 enim
479 1274 513 1295 ex
536 1267 663 1299 mortuis,
681 1267 820 1295 universos
845 1267 872 1295 in
902 1273 932 1294 se

148 1312 300 1340 continens.
314 1312 367 1340 Sed
383 1317 410 1340 tu
425 1313 482 1342 haec
495 1315 577 1342 verba
596 1313 622 1341 in
636 1313 715 1341 aliam
727 1313 842 1342 fortasse
854 1313 932 1341 intei.

149 1356 286 1392 "gentiam
303 1359 479 1393 detorquens.
501 1367 554 1386 non
569 1361 602 1386 de
614 1359 669 1387 Deo
683 1359 771 1387 Verbo
783 1359 842 1387 hinc
854 1359 933 1387 intel-

148 1402 254 1438 ligenda
267 1411 375 1438 censes,
392 1405 439 1433 sed
454 1405 489 1432 ab
499 1405 546 1433 illo
560 1404 698 1437 auferens,
714 1410 742 1433 et
759 1405 872 1433 seorsim
889 1413 933 1433 se-

148 1456 247 1483 pararis
260 1456 322 1477 cum
338 1450 383 1485 qui
396 1451 481 1478 estde
497 1455 590 1478 sancta
607 1450 717 1487 Virgine
732 1451 854 1486 genitus,
873 1454 933 1477 tau-

148 1501 229 1529 quam
249 1494 330 1522 alium
346 1495 442 1528 illium,
456 1496 494 1523 illi
510 1497 567 1524 hac
588 1495 651 1523 talia
669 1496 815 1524 convenire
830 1500 856 1523 et
876 1496 934 1531 ipse

148 1539 276 1573 alllrmas.
300 1545 329 1568 et
355 1541 414 1569 aliis
430 1546 457 1568 et
479 1541 562 1569 etiam
581 1541 745 1577 persuadere
767 1541 891 1576 conaris,
904 1545 934 1568 ut

148 1585 243 1613 eadem
261 1590 348 1613 tecum
362 1590 390 1613 et
404 1586 524 1614 sentiant
539 1591 568 1614 et
581 1586 734 1622 loquantur.
749 1586 787 1613 Ac
801 1587 880 1621 plane
894 1586 934 1613 di-

148 1637 205 1664 ces,
221 1631 390 1665 unigenitum
408 1632 454 1659 Del
468 1631 599 1664 Verbum,
609 1639 670 1660 cum
687 1633 723 1660 sit
737 1633 867 1660 Dominus
877 1632 935 1667 glo-

149 1676 206 1708 riae.
223 1684 359 1711 nunquam
375 1682 502 1712 tanquam
519 1677 612 1713 gloriae
626 1678 746 1713 inopem,
761 1678 835 1705 illam
852 1685 868 1705 a
885 1678 934 1706 Ιί-

149 1727 191 1749 tre
204 1722 287 1750 fuisse
303 1723 462 1758 petiturum.
482 1723 582 1758 Accipe
603 1725 685 1758 igitur
699 1725 780 1752 etiam
795 1732 810 1752 a
834 1725 932 1752 nobis:

149 1767 172 1794 si
189 1775 240 1794 non
264 1767 352 1803 ipsum
367 1775 430 1796 esse
444 1769 512 1796 dicis
525 1769 600 1797 Illum
613 1769 712 1800 exDeo
726 1770 872 1798 secundum
887 1777 935 1797 na-

149 1819 237 1840 turam
249 1813 346 1841 Filium
360 1815 545 1850 unigenitum,
555 1815 601 1851 qui
616 1815 643 1843 in
664 1815 706 1844 bis
717 1816 808 1844 verbis
822 1816 934 1851 gloriam

150 1866 165 1885 a
180 1857 260 1886 Patre
276 1859 402 1894 postulet,
425 1860 487 1894 quis
512 1867 578 1896 ergo
600 1861 644 1889 ille
664 1865 724 1889 erat
736 1861 783 1897 qui
803 1861 932 1889 dicebat:

152 1913 163 1930 ε
191 1904 317 1934 Clariiica
347 1913 391 1933 me
411 1899 542 1934 ~claritate
567 1913 648 1941 quam
678 1907 759 1934 habui
787 1912 934 1943 antequam

151 1951 267 1978 mundus
283 1951 371 1985 ileret,
386 1952 456 1987 apud
475 1952 524 1980 te?
544 1962 554 1978 ι
569 1952 618 1981 Dic
633 1959 699 1989 ergo
714 1953 781 1981 mihi
791 1973 798 1986 ,
817 1961 933 1988 quonam

150 1999 230 2027 modo
246 1999 291 2027 ille
306 2007 339 2027 ex
352 1999 576 2035 sanctalVirgiue,
589 2000 681 2033 homo,
697 2004 727 2028 ut
744 2005 772 2028 tu
789 2000 916 2036 intelligis
926 2021 934 2034 ,

149 2047 262 2073 seorsim
297 2048 414 2082 positus.
435 2052 497 2075 ante
521 2046 649 2074 mundum
674 2047 755 2074 erat?
778 2047 874 2074 Annon
896 2046 936 2074 illi

149 2092 306 2120 saeculorum
328 2093 462 2120 conditori
482 2093 609 2120 convenit
631 2094 732 2121 mundo
754 2093 934 2128 antiquiorem

149 2138 248 2165 habere
273 2138 488 2171 subsistentiam,
516 2142 544 2166 et
568 2137 641 2166 Patri
663 2139 846 2166 coaeternam?
862 2145 943 2167 certe,

148 2192 229 2213 nemo
252 2192 335 2212 sanus
358 2185 498 2213 dubitarit.
528 2183 641 2217 Quando
665 2192 730 2220 ergo
757 2185 939 2220 setuetipsum,

981 952 1084 988 φθορᾶς
1111 951 1231 986 ἀμείνων
1251 950 1289 982 ὡς
1311 950 1389 982 Θεός.
1418 949 1474 976 Καὶ
1497 947 1565 983 γοῦν
1588 947 1640 982 ἔφη
1670 946 1774 974 πάλιν·

984 1008 994 1024 ι
1017 997 1088 1032 Ἐγώ
1103 1006 1132 1024 σε
1151 996 1264 1029 ἐδόξασα
1274 996 1320 1023 ἐπὶ
1333 995 1384 1030 τῆς
1397 995 1459 1030 γῆς.
1474 993 1504 1020 τὸ
1519 993 1599 1029 ἔργον
1613 991 1774 1026 τελειώσας,

980 1044 995 1070 ὃ
1009 1043 1128 1075 δέδωκάς
1149 1051 1194 1078 μοι
1211 1042 1254 1069 ἵνα.
1277 1041 1383 1077 ποιήσω
1393 1048 1399 1054 ·
1425 1039 1472 1067 καὶ
1488 1039 1536 1066 νῦν
1549 1038 1660 1071 δόξασόν
1677 1046 1712 1073 με
1728 1037 1774 1069 σὺ,

982 1090 1085 1125 Πάτερ,
1099 1089 1176 1124 παρὰ.
1198 1088 1304 1123 σεαυτῷ
1318 1088 1350 1123 τῇ
1365 1086 1428 1122 δόξῃ
1496 1083 1569 1120 εἶχον
1591 1083 1644 1120 πρὸ
1658 1081 1707 1110 τοῦ
1726 1082 1776 1109 τὸν

983 1135 1085 1170 κόσμον
1101 1132 1182 1166 εἶναι,
1201 1133 1278 1169 παρὰ
1295 1133 1346 1160 σοί.
1366 1142 1375 1159 ι
1398 1133 1499 1168 Ἔργον
1514 1131 1543 1157 δὲ
1561 1128 1775 1165 τετελειωμένον

982 1180 1065 1215 ἐσμὲν
1077 1180 1168 1214 ἡμεῖς,
1181 1178 1220 1210 ὡς
1236 1179 1265 1205 ἐν
1279 1177 1354 1212 αὑτῷ
1373 1176 1420 1204 καὶ
1435 1175 1536 1211 πρώτῳ
1554 1174 1687 1205 νικῶντες
1705 1173 1774 1208 φθο-

983 1226 1042 1262 ρὰν,
1064 1225 1155 1252 καὶτὸ
1172 1223 1220 1251 τοῦ
1240 1223 1358 1251 θανάτου
1373 1221 1520 1253 πατοῦντες
1538 1221 1655 1257 κράτος·
1672 1218 1776 1246 ἀνεϐίω

981 1272 1036 1306 γὰρ
1060 1271 1092 1297 ἐκ
1111 1269 1226 1306 νεκρῶν,
1240 1269 1346 1300 πάντας
1368 1267 1437 1302 ἔχων
1460 1267 1489 1294 ἐν
1511 1265 1612 1301 ἐαυτῷ.
1635 1264 1707 1291 Ἀλλ’
1728 1263 1774 1298 ἐφ’

982 1316 1079 1353 ἐτέρας
1093 1317 1158 1348 ῐσως
1172 1315 1278 1347 ἐννοίας
1304 1313 1479 1349 ἀποκομίξων
1496 1313 1527 1339 τὺ
1543 1311 1699 1348 εἰρημένον,
1722 1311 1775 1338 οὐκ

982 1363 1028 1390 ἐπί
1050 1371 1082 1397 γε
1103 1361 1148 1389 τοῦ
1167 1361 1234 1388 Θεοῦ
1259 1361 1347 1395 Λόγου
1369 1360 1449 1386 ταυτὶ
1471 1359 1503 1394 δὴ
1531 1358 1629 1394 χρῆναι
1652 1355 1774 1385 νοεῖσθαι

982 1408 1072 1444 φαμέν
1089 1407 1145 1444 μσ.
1161 1406 1214 1442 φὴς
1226 1406 1303 1443 μάν]·
1320 1405 1466 1441 ἀποφέρων
1480 1405 1509 1432 δέ
1530 1403 1613 1431 αὐτοῦ
1625 1404 1673 1431 καὶ
1687 1403 1776 1435 τιθεὶς

982 1454 1033 1482 ἀνὰ
1048 1453 1129 1490 μέρος
1143 1453 1190 1480 τὸν
1213 1454 1246 1480 ἐκ
1258 1452 1308 1487 τῆς
1319 1451 1400 1486 ἁγίας
1414 1451 1554 1485 Παρθένου
1571 1449 1775 1485 γεγεννημένον

982 1500 1021 1532 ὡς
1041 1500 1135 1535 ἓτερον
1148 1499 1216 1531 υἱον,
1234 1497 1308 1534 αὐτῷ
1332 1497 1366 1524 τὰ
1389 1496 1479 1524 τοιάδε
1500 1496 1616 1532 πρέπειν
1636 1504 1667 1522 τε
1691 1495 1775 1527 αὐτὸς

983 1545 1142 1578 διαϐεϐαιοῖ,
1160 1545 1208 1572 καὶ
1224 1544 1276 1580 μὴν
1290 1544 1337 1571 καὶ
1355 1543 1464 1580 ἐτέρους
1477 1542 1635 1570 ἀναπείθειν
1661 1541 1774 1577 ἐπείγῃ,

983 1592 1071 1620 ταῦτά
1089 1592 1145 1628 [Ion
1169 1591 1267 1627 ταυτα]
1288 1599 1329 1618 σοι
1352 1591 1460 1626 ιρρονεῑν
1481 1589 1530 1616 καὶ
1551 1589 1654 1624 λέγειν.
1685 1588 1775 1623 Ἐρεῖς

984 1639 1012 1666 δέ
1024 1647 1076 1666 που
1091 1639 1209 1670 πάντως,
1225 1638 1267 1664 ὅτι
1280 1637 1331 1673 τῆς
1343 1637 1421 1672 δόξης
1431 1635 1532 1671 Κύριος
1543 1635 1583 1662 ὢν
1597 1635 1612 1662 ὀ
1624 1633 1775 1670 μονογενὴς

984 1685 1031 1712 τοῦ
1044 1685 1112 1712 Θεοῦ
1128 1684 1224 1718 Λόγος,
1239 1684 1289 1710 οὐκ
1309 1683 1343 1711 ἂν
1358 1683 1397 1715 ὡς
1409 1681 1488 1718 δόξης
1507 1681 1638 1717 ὑπάρχων
1651 1679 1774 1715 ἐπιδεὴς,

985 1731 1100 1767 ἐζήτησε
1115 1730 1165 1767 τὴν
1180 1729 1256 1765 παρὰ
1276 1728 1394 1765 Πατρός.
1410 1728 1509 1755 ’Δκουε
1527 1727 1617 1754 τοίνυν
1636 1727 1684 1753 καὶ
1704 1724 1776 1761 πρὸς

983 1776 1077 1812 ⁴ἡμῶν·
1093 1776 1118 1802 εί
1134 1775 1171 1811 μὴ
1192 1774 1272 1802 αὑτὸν
1287 1771 1358 1801 εἶναι
1376 1773 1429 1809 φὴς
1443 1772 1490 1800 τδν
1507 1773 1539 1799 ἐκ
1552 1770 1618 1798 Θεοῦ
1638 1770 1710 1797 κατὰ
1724 1770 1776 1805 φύ-

985 1832 1028 1850 σιν
1043 1822 1108 1849 Υῑδν
1126 1821 1267 1857 μονογενῆ,
1287 1820 1366 1854 δόξαν
1388 1820 1417 1846 ἐν
1430 1819 1535 1849 τούτοις
1552 1816 1680 1844 αἰτοῦντα
1697 1815 1775 1850 παρὰ

984 1870 1031 1897 τοῦ
1046 1869 1171 1904 Πατρδς,
1188 1867 1231 1899 τίς
1248 1865 1283 1903 ἦν
1299 1868 1314 1894 ὁ
1328 1866 1425 1901 λέγων,
1445 1875 1455 1892 ι
1474 1864 1590 1897 Δόξασόν
1609 1871 1644 1900 με
1659 1864 1692 1898 τῇ
1710 1862 1777 1899 δόξῃ

984 1913 1002 1951 ᾖ
1015 1913 1086 1951 εἶχον
1100 1914 1153 1950 πρὸ
1164 1913 1212 1941 τοῦ
1231 1913 1276 1940 τὸν
1290 1912 1392 1947 κόσμον
1406 1909 1486 1944 εἶναι,
1509 1909 1584 1946 παρὰ
1604 1909 1662 1942 σοί,
1683 1918 1692 1934 ι
1711 1908 1775 1940 liti);

984 1959 1041 1993 οὖν,
1057 1959 1118 1986 εὶπὲ
1136 1967 1191 1994 μοι,
1204 1957 1372 1994 προκόσμιος
1384 1957 1399 1984 ό
1410 1958 1442 1984 ἐκ
1458 1957 1508 1991 τῆς
1529 1955 1611 1989 ἁγίας
1631 1954 1775 1990 Παρθένου

983 2006 1055 2034 κατὰ
1070 2005 1099 2032 σὲ
1113 2005 1258 2040 νοούμενος
1271 2003 1413 2038 ἄνθρωπος
1427 2001 1537 2035 ιδικῶςς
1556 2000 1620 2036 Ἆρ’
1632 2000 1693 2035 οὐχὶ
1707 1999 1775 2035 πρέ-

984 2059 1034 2078 ποι
1046 2051 1079 2078 ἂν
1095 2050 1134 2086 τῷ
1154 2049 1208 2076 τῶν
1224 2048 1329 2076 αἰώνων
1343 2046 1512 2083 δημιουργῷ,
1526 2046 1566 2078 τδ,
1583 2044 1775 2082 πρεσϐυτέραν

985 2096 1058 2131 ἔχειν
1080 2095 1127 2122 τοῦ
1151 2095 1255 2129 κόσμου
1278 2093 1328 2128 τὴν
1351 2091 1478 2128 ὕπαρξιν,
1504 2090 1551 2118 καὶ
1578 2089 1713 2116 συναῖδιον
1734 2088 1774 2124 τῷ

984 2141 1087 2177 Πατρί;
1101 2140 1159 2168 ἀλλ’
1174 2140 1224 2167 οὐκ
1245 2139 1279 2166 ἂν
1293 2137 1441 2165 ἐνδοιάσειέ
1464 2145 1506 2168 τις
1528 2136 1582 2163 τῶν
1604 2134 1635 2162 εὖ
1664 2137 1774 2170 φρονεῖν

985 2186 1128 2214 εἰωθότων.
1144 2185 1209 2212 ποτε
1221 2185 1310 2211 τοίνυν
1323 2183 1419 2211 ἑαυτὸν
1432 2182 1570 2209 κεκένωκε
1589 2181 1696 2218 μορφὴν
1710 2181 1772 2207 δού-

148 2231 308 2263 exinanivit.
321 2231 436 2259 formam
454 2231 524 2259 servi
540 2230 675 2266 accipiens
683 2231 726 2265 “3
743 2235 800 2258 tum
819 2231 892 2266 deniq

1028 2243 1030 2256 ι
1049 2231 1150 2264 λαϐὼν,
1168 2231 1228 2258 τότε
1243 2230 1286 2266 δὴ,
1301 2230 1363 2256 τότε
1379 2229 1427 2256 καὶ
1443 2229 1483 2260 είς
1506 2228 1558 2263 τὴν
1568 2227 1682 2254 ἐνοῦσαν
1697 2226 1772 2262 αὐτῷ

148 2278 228 2305 etiam
246 2277 278 2304 ad
291 2285 350 2304 eam
368 2277 480 2311 gl0riam
494 2285 554 2312 qua:
569 2277 620 2305 sibi
639 2277 788 2305 secundum
811 2281 933 2305 naturam

148 2324 244 2356 inerat.
258 2331 318 2351 cum
336 2324 410 2351 unita
424 2323 474 2351 sibi
493 2330 600 2358 quoque
618 2330 701 2351 carne
722 2323 813 2350 redire
828 2322 939 2354 volens,

147 2374 297 2404 opportune
323 2368 413 2396 dixit:
429 2377 438 2394 ι
458 2368 583 2396 Clariilca
614 2375 658 2396 me
686 2372 726 2400 tu,
755 2367 847 2401 Pater,
863 2367 933 2402 apud

148 2420 308 2449 temetpsum
329 2415 452 2441 claritate
475 2421 556 2449 quam
578 2414 660 2442 habui
681 2414 836 2449 priusquam
853 2421 932 2441 mun-

147 2464 196 2488 dus
213 2465 295 2493 esset,
309 2461 378 2496 apud
393 2466 432 2494 te;
453 2466 483 2487 ut
503 2460 619 2488 mundus
643 2460 737 2488 credat
759 2460 820 2495 quia
845 2465 873 2487 tu
889 2467 932 2487 me

148 2504 308 2532 misisti..Et
322 2512 372 2540 ego
385 2505 535 2533 claritatem
551 2513 634 2540 quam
654 2505 753 2533 dedisti
774 2505 852 2537 mihi,
869 2504 931 2532 dedi

146 2552 197 2582 eis,
214 2555 243 2577 ut
255 2551 310 2577 sint
325 2559 418 2585 unum,
436 2552 507 2579 sicut
523 2559 572 2579 nos
588 2559 682 2579 unum.
700 2551 757 2585 Ego
771 2550 797 2578 in
813 2551 887 2586 ipsis,
903 2555 931 2578 et

147 2595 216 2621 tuin
236 2602 297 2627 me;
322 2600 351 2622 ut
370 2595 426 2623 sint
446 2596 624 2624 consummati
647 2596 674 2623 in
696 2604 779 2624 unutn
792 2595 830 2626 ⁸².,
845 2604 857 2622 ι
879 2595 932 2622 Per

147 2641 234 2674 ipsum
254 2641 335 2675 igitur
349 2641 594 2670 reconciliationem
616 2642 789 2677 accepimus:
807 2642 843 2669 ita
857 2641 931 2668 enim

147 2694 214 2721 opus
225 2688 421 2715 consummavit
438 2688 509 2723 quod
527 2688 601 2716 dedit
617 2688 667 2724 ipsi
691 2688 725 2716 ad
742 2694 933 2716 consumman-

148 2732 210 2760 dum
229 2731 318 2760 Pater.
339 2734 509 2761 Assertorem
530 2741 652 2762 meorum
670 2734 816 2761 verborum
835 2741 931 2761 rursus

147 2777 238 2805 citabo
252 2778 359 2806 beatum
372 2778 483 2807 Paulum
494 2779 529 2807 ita
544 2779 708 2808 scribentem
724 2779 758 2807 ad
772 2785 883 2808 vocatos
896 2787 931 2807 ex

985 2277 1056 2306 κατὰ
1070 2277 1149 2311 φύσιν
1163 2275 1343 2311 ἀναφοιτῆσαι
1357 2273 1436 2306 δόξαν
1451 2273 1562 2305 ἐθέλων,
1579 2273 1625 2299 καὶ
1640 2272 1709 2307 μετὰ
1723 2272 1774 2306 τῆς

985 2323 1130 2359 ἐνωθείσης
1143 2322 1217 2358 αὐτῷ
1230 2321 1330 2358 σαρκὸς
1350 2321 1396 2348 ἐπὶ
1408 2318 1505 2355 καιροῦ
1522 2327 1588 2354 φησι
1598 2327 1605 2334 ·
1622 2328 1632 2344 ι
1656 2318 1776 2351 Δόξασόν.

985 2378 1019 2405 με
1042 2370 1085 2400 σὺ.
1104 2369 1205 2404 Πάτερ,
1226 2367 1302 2402 παρὰ
1324 2365 1431 2402 σεαυτῷ
1445 2366 1478 2401 τῇ
1622 2362 1696 2399 εἶχον
1719 2363 1772 2400 πρὸ

982 2414 1030 2440 τοῦ
1047 2414 1091 2440 τὸν
1111 2414 1213 2448 κόσμον
1236 2409 1307 2438 εἶναι
1329 2410 1406 2446 παρὰ
1430 2410 1480 2442 σοὶ,
1497 2410 1540 2436 ἵνα
1564 2409 1579 2436 ὁ
1601 2408 1704 2443 κόσμος
1725 2417 1771 2434 πι-

986 2460 1085 2495 στεύσῃ
1102 2460 1150 2486 ὃτι.
1159 2458 1191 2485 σύ
1208 2465 1241 2493 με
1261 2456 1440 2487 ἀπέπειλαςσ
1458 2454 1536 2489 κάγὼ
1556 2455 1606 2490 τὴν
1628 2454 1708 2487 δόξαν
1730 2454 1763 2489 ἢν

983 2505 1102 2536 δέδωκάς
1120 2513 1175 2539 μοι,
1201 2503 1305 2531 δέδωκα
1328 2502 1430 2534 αὐτοῖς,
1455 2501 1499 2528 ἵνα
1520 2497 1587 2527 ὦσιν
1612 2499 1651 2531 ἓν,
1677 2499 1771 2531 καθὼς

983 2551 1065 2586 ἡμεῖς
1080 2550 1126 2577 ἐν·
1151 2549 1206 2584 ἐγὼ
1223 2550 1253 2575 ἐν
1273 2548 1365 2580 αὐτοῖς
1387 2547 1434 2575 καὶ
1455 2546 1488 2573 σὺ
1514 2547 1544 2574 ἐν
1568 2546 1641 2581 ἐμοὶ,
1658 2545 1703 2572 ἵνα
1719 2542 1769 2572 ὦσι

983 2595 1188 2631 τετελειωμένοι
1204 2595 1244 2626 εἰς
1259 2593 1298 2621 ἐν.
1315 2603 1324 2620 ι
1337 2593 1376 2620 Διΐ
1389 2592 1471 2620 αὐτοῦ
1486 2591 1630 2627 τοιγαροῦν
1639 2591 1690 2626 τὴν
1705 2599 1769 2618 κατ-

983 2642 1103 2678 αλλαγὴν
1117 2641 1285 2677 ἐσχήκαμεν·
1300 2639 1459 2667 τετελείωκε
1475 2639 1530 2674 γὰρ
1545 2637 1616 2665 οὕτω
1631 2637 1661 2664 τὸ
1678 2637 1768 2672 ἔργον,

982 2688 999 2715 ἃ
1008 2688 1122 2715 δέδωκεν
1136 2686 1211 2722 αὐτῷ
1224 2687 1264 2718 εἰς
1275 2685 1413 2713 τελείωσιν
1435 2686 1451 2712 ό
1472 2684 1576 2720 Πατήρ.
1593 2683 1769 2718 Συλλήπτορα

981 2732 1011 2759 δέ
1031 2733 1086 2759 τῶν
1100 2732 1175 2767 ἐμῶν
1189 2731 1276 2765 λόγων
1290 2731 1439 2766 ποιήσομαι
1462 2729 1544 2756 πάλιν
1562 2729 1608 2755 τὸν
1623 2727 1769 2764 ἱερώτατον

983 2779 1098 2811 Παῦλον,
1114 2777 1163 2805 ὡδὶ
1174 2777 1331 2813 γεγραφότα
1345 2777 1400 2809 τοῖς
1419 2776 1450 2810 ἐξ
1472 2775 1557 2804 ἐθνῶν
1571 2775 1751 2810 κεκλημένοις
1760 2782 1767 2789 ·

188 2866 208 2880 ““⁰
227 2865 306 2892 Joan.
327 2873 392 2899 xm,
412 2865 509 2894 *ΞΟ-25.
547 2867 568 2883 δ¹
589 2867 653 2895 ibid.
669 2868 727 2895 4-5.
767 2869 788 2884 δ’
803 2844 918 2903 Philipp.

647 2868 727 2895 .4-5.
767 2869 788 2884 λι
803 2844 918 2903 Philipp.
937 2868 1013 2903 H,0.
1051 2865 1388 2900 ".ioan.xvu;5,2l-23.
