1886 3056
109 133 153 162 217

640 134 828 163 ADVERSUS
847 134 1055 165 NESTORIUM
1073 134 1138 163 LIB.
1158 136 1192 163 ν.

1693 136 1749 163 ets

111 205 120 221 ι
135 193 201 221 Νυνὶ
213 192 242 220 δὲ
255 194 286 220 ἐν
299 194 420 231 Χριστῷ
441 196 529 231 Ἰησοῦ
547 196 627 232 ὑμεῖς
641 197 667 223 oi
683 197 749 224 ποτὲ
763 197 840 228 ὄντες

1002 197 1084 226 uibus
1098 206 1105 225 :
1120 206 1132 223 ‹
1154 196 1232 225 Nunc
1254 200 1345 224 autem
1367 195 1394 223 in
1419 195 1528 224 Christo
1548 194 1612 223 Jesu
1637 202 1684 223 vos
1702 195 1746 230 qui

110 240 184 275 χράν,
201 239 360 275 ἐγενήθητε
377 242 465 275 ἐγγὺς
485 243 514 268 ὲν
531 241 572 277 τῷ
597 241 694 277 αἵματι
709 242 758 269 τοῦ
774 242 906 277 Χριστοῦ,

110 286 189 319 Αὐτὸς
202 286 258 320 γάρ
271 286 350 312 ἔστιν
366 287 384 322 ἠ
402 288 498 323 ειρήνη
519 287 609 322 ἡμῶν,
630 288 645 314 ὁ
658 288 775 322 ποιήσας
794 288 830 315 τὰ
852 288 908 323 ἀμ-

111 333 206 368 φότερα
224 332 275 359 ἕν’
299 333 350 360 καὶ
362 333 396 360 τὺ
413 334 571 370 μεσότοιχον
591 333 638 360 τοῦ
662 333 791 369 φραγμοῦ
812 334 906 366 λύσας,

109 379 157 414 τὴν
175 378 279 414 ἔχθραν
300 380 332 405 ὲν
345 381 381 415 τῇ
398 380 484 412 σαρκὶ
506 379 598 412 αὐτοῦ,
614 379 661 407 τὸν
683 381 766 415 νόμον
785 380 840 407 τῶν
861 381 907 406 ἰν-

108 424 189 451 τολῶν
205 425 235 450 ὲν
260 424 382 460 δόγμασι
404 426 595 462 καταργήσας,
615 426 659 453 ἵνα
674 426 739 459 τοὺς
760 425 808 453 δύο
827 426 906 462 κτίσῃ

109 471 137 497 ὲν
155 470 234 505 αὒτῷ
250 471 292 502 είς
316 471 367 497 ἕνα
390 472 485 498 καινὸν
509 472 662 506 ἄνθρωπον,
682 472 767 499 ποιῶν
782 472 905 508 εἰρήνην,

109 517 154 543 καὶ
171 516 387 553 ἀποκαταλλάξῃ
413 517 476 549 τοὺς
498 518 669 553 ἀμφοτέρους
691 519 720 544 ὲν
742 518 783 545 ἐνὶ
799 517 906 553 σώματι

107 561 145 597 τῷ
162 562 224 597 Θεῷ
238 562 285 589 διὰ
299 563 348 589 τοῦ
372 563 502 598 σταυροῦ,
519 563 683 592 ἀποκτείνας
695 563 745 599 τὴν
761 563 861 599 ἔχθραν
876 565 905 590 ὲν

108 608 192 644 αὐτῷ.
213 609 272 635 Καὶ
297 609 384 636 ὲλθὼν
410 609 607 644 εὐηγγελίσατο
627 609 739 645 εἰρήνην
762 609 826 644 ὑμῖν
848 610 905 640 τοῖς

109 656 232 692 μακρὰν,
258 655 308 682 καὶ
333 656 391 687 τοῖς
415 655 512 690 ἐγγύς.
532 665 543 682 ι
560 655 616 682 Καὶ
631 655 745 691 μήνκαὶ
771 654 904 691 ἑτέρωθι·

111 710 120 726 ι
150 701 350 733 Δικαιωθέντες
376 699 423 728 οὖν
449 702 482 728 ἐκ
506 701 641 733 πίστεως,
667 701 781 736 εἰρήνην
803 700 903 735 ἔχομεν

109 747 179 782 πρὸς
202 748 252 774 τὸν
277 747 343 774 Θεὸν
367 747 411 774 διά
425 746 473 774 τοῦ
498 747 601 782 Κυρίου
625 746 704 782 ἡμῶν
732 746 819 782 Ἰησοῦ
834 747 901 781 Χρι-

108 792 185 820 στοῦ.
209 802 218 818 ι
235 793 342 820 Οὐκοῦν
358 792 573 828 κατηλλάγμεοα
595 791 636 827 τῷ
659 791 720 827 Θεῷ
743 792 791 819 καὶ
813 791 902 827 Πατρὶ

107 840 154 867 διὰ
177 839 226 866 τοῦ
254 839 371 866 θανάτου
387 838 435 865 τοῦ
459 837 525 864 Υίοῦ
552 837 647 869 αὑτοῦ,
663 837 900 873 καταργήσαντος,

960 244 1044 271 eratis
1068 244 1164 279 longe.
1188 243 1252 271 iacti
1274 243 1341 270 estis
1365 249 1449 277 prope
1470 242 1496 269 in
1516 241 1649 276 sanguine
1667 240 1748 269 Chri-

960 290 1006 317 sti.
1036 289 1096 324 ipse
1121 293 1163 316 est
1182 289 1254 316 enim
1281 296 1331 323 pax
1353 293 1456 321 nostra,
1476 295 1522 322 qut
1549 287 1613 315 fecit
1635 292 1750 322 utraque

960 344 1061 368 unum;
1092 341 1120 363 et
1150 335 1267 363 taedium
1299 335 1430 370 parietem
1461 334 1586 362 maceriae
1619 337 1748 366 solvens,

959 381 1116 408 inimicitias
1147 381 1173 408 in
1212 387 1294 408 carne
1329 387 1398 412 sua,
1438 379 1523 415 legem
1558 381 1749 407 mandatorum

959 426 986 454 in
1018 426 1135 455 decretis
1163 433 1317 459 evacuans,
1346 430 1377 453 ut
1404 427 1472 453 duos
1502 426 1601 454 condat
1629 425 1656 453 in
1691 425 1750 460 ipso

958 472 985 500 in
1001 480 1083 500 unum
1100 480 1198 500 novum
1222 473 1370 505 hominem,
1394 471 1497 500 iaciens
1522 480 1628 507 pacem,
1659 476 1687 499 et
1706 479 1749 499 re-

957 518 1083 546 conciliet
1103 518 1182 553 125
1196 519 1291 546 ambos
1307 518 1333 545 in
1347 525 1401 545 uno
1412 525 1527 553 corpore
1548 518 1601 545 Deo
1618 525 1667 552 per
1684 525 1749 545 cru-

957 571 1027 596 cem,
1045 564 1213 592 interﬁciens
1235 564 1390 592 inimicitias
1413 565 1440 591 in
1460 563 1616 598 semetipso.
1644 563 1679 590 Et
1701 570 1748 590 ve-

956 610 1034 637 niens
1053 609 1250 643 evangelizavit
1272 617 1365 643 pacem
1389 609 1466 636 vobis
1478 609 1523 643 qui
1548 608 1628 642 longe
1647 607 1746 640 fuistis,

955 661 982 684 et
1001 656 1046 691 qui
1065 663 1149 691 prope
1163 655 1196 682 “.
1212 665 1221 681 ι
1233 655 1384 689 Quinetiam
1403 655 1466 682 alibi
1484 663 1491 682 :
1510 664 1519 680 ι
1533 654 1678 681 iustiﬁcati
1695 647 1748 688 igi¥

956 707 1000 729 tur
1011 709 1044 729 ex
1055 702 1118 733 ﬁde.
1134 709 1227 737 pacem
1246 702 1376 730 habemus
1388 701 1423 729 ad
1442 701 1524 728 Deum
1543 708 1591 736 per
1605 700 1746 728 Dominum

955 753 1078 775 nostrum
1104 747 1196 775 Iesum
1221 747 1360 775 Christum
1380 747 1414 774 ".
1435 756 1444 773 ι
1469 746 1552 782 Igitur
1577 746 1745 774 reconciliati

953 802 1047 823 sumus
1071 794 1128 822 Deo
1145 800 1173 822 et
1195 794 1269 822 Patri
1293 801 1341 828 per
1367 798 1481 821 mortem
1509 793 1568 821 Filii
1595 793 1663 826 ejus,
1681 800 1747 820 eva-

954 845 1053 868 cuante
1069 848 1102 868 eo
1118 841 1158 867 vel
1174 840 1354 868 interlicientc
1370 839 1526 867 inimicitias
1543 839 1569 866 in
1582 846 1664 866 carne
1683 846 1745 872 sua,

107 887 195 922 ἤγουν
207 885 418 917 ἀποκτείναντος
435 884 484 920 τὴν
498 884 597 920 ἔχθραν
612 885 641 910 ὲν
656 885 688 919 τῇ
706 884 789 919 σαρκὶ
808 883 851 910 αὐπ

1003 891 1028 913 ta
1045 894 1184 914 sacrarum
1199 886 1364 913 Litterarum
1381 885 1471 912 ﬁdem.
1491 885 1531 912 Tu
1554 892 1619 912 vero
1635 884 1744 919 dispen-

107 932 182 959 ιιιτά
203 940 236 966 γε
256 931 306 967 τὴν
325 931 419 958 πίστιν
436 930 491 958 τῶν
515 930 596 966 ιερῶν
609 929 793 966 Γραμμάτων.
811 930 902 956 ’Δναι-

109 979 168 1014 ρεϊς
181 978 211 1005 δὲ
225 978 290 1009 τοὺς
304 977 402 1012 λόγους
421 977 471 1012 τῆς
487 975 643 1011 οἰκονομίας
667 975 758 1007 αὐτὸς.
773 975 820 1002 καὶ
835 976 902 1010 ὁμου

108 1025 198 1059 λογεῖν
214 1024 266 1051 οὐκ
284 1023 381 1056 ἀξιοῖς,
398 1023 440 1050 δτι
459 1022 542 1057 σαρκὶ
556 1020 692 1049 πέπονθεν
709 1021 780 1056 ὑπὲρ
794 1020 873 1056 ἡμῶν
888 1020 903 1047 ὁ

108 1070 157 1098 τοῦ
174 1069 242 1097 Θεοῦ
258 1070 356 1103 Λόγος,
374 1067 571 1104 εὑρεσιλογίαις
586 1067 657 1094 τισὶν
673 1066 814 1098 ἀσυνέτοις
829 1065 903 1102 χρώ-

110 1123 207 1152 μενος·
235 1114 326 1142 κοινὸν
347 1114 403 1149 γὰρ
424 1114 510 1149 ὄνομα
531 1113 584 1148 φὴς
606 1112 645 1147 τῷ
671 1113 703 1139 ὲκ
728 1112 797 1139 Θεοῦ
823 1111 903 1146 φύντι

109 1163 199 1198 Λόγῳ,
215 1162 263 1189 καὶ
281 1162 348 1196 ἡμῖν
360 1161 463 1192 αὐτοῖς,
473 1160 513 1193 τὸ,
530 1159 604 1191 Υἱός.
621 1157 688 1186 Εἶτα
703 1158 758 1185 τῶν
773 1159 814 1190 εις
828 1158 902 1193 ἡμᾶς

109 1207 262 1243 γεγονότων
279 1205 403 1241 ἀγαθῶν,
420 1205 507 1240 ἀεργῆ
525 1204 656 1236 καθιστὰς
677 1204 733 1236 τὸν,
750 1204 783 1231 δι’
803 1201 836 1231 οὗ
858 1212 902 1231 σε-

110 1253 243 1289 σώσμεθα
264 1253 331 1280 Θεδν
345 1252 442 1286 Λόγον,
456 1251 494 1282 ὼς
518 1250 604 1286 ἑτέρῳ
619 1250 684 1286 παρ’
697 1249 778 1277 αὑτὸν
795 1250 843 1276 καὶ
857 1249 904 1276 ιδι-

108 1299 164 1331 κῶς
180 1299 319 1334 νοουμένῳ
331 1297 387 1325 τῶν
401 1296 462 1324 καθ’
478 1297 550 1331 ἡμᾶς
564 1295 615 1327 ἑνὶ,
629 1295 665 1322 τὰ
678 1296 721 1330 ἐφ’
738 1293 778 1327 οἷς
795 1294 903 1328 δοξάζε-

107 1354 153 1372 τιι
167 1342 399 1380 προσνενεμηκὼς
413 1341 506 1376 ἀλώσῃ
529 1341 633 1376 σαφῶς.
655 1340 713 1368 Οἴει
727 1340 755 1367 δέ
777 1348 819 1366 σοι
835 1340 903 1375 πρὸς

107 1390 250 1423 ἀπόδειξιν
263 1387 302 1417 ὧν
318 1389 388 1424 ἔφην
397 1387 453 1424 [Im
465 1387 557 1423 ἐφης].
569 1387 616 1414 καὶ
631 1387 685 1422 μὴν
698 1387 746 1413 καὶ
761 1386 899 1422 πεφρόνηο

108 1445 160 1468 ιας
174 1436 225 1462 οὐκ
236 1434 335 1470 ὀρθῶς,
347 1434 515 1470 ἀποχρήσειν
528 1431 559 1460 εὗ
575 1432 650 1468 μάλα
663 1432 713 1468 τὴν
727 1432 898 1468 ὁμωνυμίαν

107 1482 156 1508 οὐκ
171 1481 271 1507 ἐννοῶν
284 1481 326 1507 ὅτι
340 1479 394 1506 κᾶν
410 1480 466 1510 τοῖς
482 1478 554 1506 κατά
575 1477 655 1512 φύσιν
671 1475 740 1504 εἷναί
756 1486 784 1504 τι
805 1476 904 1512 λαχοῦ-

109 1535 161 1559 σιν,
179 1525 336 1561 ὁμωνύμως
350 1524 432 1560 ἔτερα
446 1523 559 1558 λέγηται
573 1522 627 1549 τῶν
651 1522 736 1549 ὄντων
749 1521 821 1553 τινὰ,
841 1522 903 1556 οὐχὶ

108 1572 210 1607 ταύτης
229 1571 311 1598 ἕνεκα
332 1570 383 1605 τῆς
400 1569 489 1601 αἰτίας
512 1569 644 1602 ὲξωστέον
659 1568 694 1594 τὰ
718 1567 791 1594 κατά
807 1567 898 1602 φύσιν,

107 1617 298 1654 περιτιθέντας
310 1617 355 1644 ἀεὶ
373 1616 407 1643 τὰ
428 1615 527 1647 αὐτῶν,
545 1616 603 1647 τοῖς
618 1614 690 1642 κατά
713 1614 799 1647 θέσιν,
821 1614 838 1650 ἢ
855 1614 901 1650 μι-

109 1673 203 1700 μησιν.
221 1665 268 1690 Δεῖ
282 1663 323 1696 δὲ,
338 1661 429 1698 οἴμαι,
444 1661 494 1693 τὰς
505 1661 559 1688 τῶν
567 1662 714 1697 δρωμένων
730 1661 774 1688 ἀεὶ
787 1661 901 1697 δοκιμά-

108 1710 202 1744 ζεσθαι
226 1708 334 1744 φυσεις,
351 1708 398 1735 καὶ
416 1706 458 1740 οἷς
483 1709 516 1735 ἂν
532 1707 650 1742 μάλιστα
667 1707 767 1743 πρέποι
785 1707 900 1743 προσνέ-

110 1765 170 1792 μειν
194 1756 276 1783 αύτά.
293 1753 368 1786 Οἷον,
388 1754 454 1790 φέρε
479 1754 577 1785 εἰπεῖν,
596 1753 662 1785 Θεδς
678 1753 833 1788 ὠνόμασται
855 1751 902 1779 καὶ

109 1804 165 1830 εστι
187 1802 261 1830 κατά
283 1801 413 1837 ἀλήθειαν
436 1799 451 1826 ὁ
472 1800 584 1835 Πατήρ·
606 1808 616 1825 ι
641 1799 685 1832 Ἐξ
702 1799 785 1826 αὑτοῦ
801 1799 831 1825 δὲ
854 1799 901 1825 καὶ

109 1851 186 1877 πᾶσα
201 1848 317 1884 πατριὰ,
338 1848 367 1874 ἒν
384 1855 414 1873 τε
439 1845 548 1882 οὐρανῷ
571 1845 619 1872 καὶ
641 1844 688 1872 ὲπὶ
703 1844 755 1880 γῆς
768 1843 900 1878 ὀνομάζε-

108 1905 162 1929 ται,
182 1905 192 1921 ι
213 1895 286 1922 κατά
303 1894 335 1921 τὺ
353 1892 555 1929 γεγραμμένον.
580 1891 650 1918 Ἀλλ’
668 1891 723 1918 εἰσὶ
748 1890 796 1917 καὶ
809 1890 900 1925 ἕτεροι

109 1941 236 1978 σαρκικοί
263 1948 293 1966 τε
321 1939 388 1974 ήμῖν
410 1938 458 1965 καὶ
481 1938 663 1973 πνευματικοὶ
687 1936 815 1971 πατέρες.
834 1933 898 1971 Ἃρ*

108 1986 163 2019 οὖν.
181 1988 208 2014 εἴ
219 1996 246 2014 τι
257 1986 364 2021 λέγοιτο
377 1985 432 2012 τῶν
448 1984 692 2020 θεοπρεπέστατων
705 1983 769 2018 περὶ
776 1980 899 2015 τοῦλθεοῦ

109 2033 156 2060 καὶ
178 2033 307 2068 Πατρδς,
337 2030 484 2067 ἀρμὸσιιεν
503 2028 537 2056 ἂν
561 2028 610 2055 καὶ
639 2029 697 2059 τοῖς
723 2025 795 2054 κατὰ
826 2025 900 2052 θέσιν

107 2080 157 2115 τὴν
171 2078 258 2114 αὐτὴν
280 2076 379 2112 ἐκείνῳ
400 2075 512 2110 λαχοῦσι
529 2074 636 2109 κλῆςιν,
653 2074 701 2101 καὶ
721 2073 736 2099 ὁ
756 2072 807 2107 τῆς
828 2073 902 2107 ὁμω-

107 2124 206 2161 νυμίας
233 2124 336 2159 τρόπος
356 2122 410 2150 τῶν
429 2121 505 2157 αὐτῷ
533 2121 581 2148 καὶ
603 2120 676 2156 μόνῳ
705 2117 899 2155 πρεπωδεστά-

107 2179 162 2197 των
182 2169 310 2203 ὲξώσειεν
336 2167 370 2195 ἂν
394 2167 493 2200 αὐτόν;
519 2166 617 2202 imitat
641 2165 700 2197 πῶς
724 2165 773 2199 οὐχ
798 2163 900 2190 ἅπασιν

953 932 1065 960 sationis
1082 932 1203 960 rationes
1227 931 1344 964 avertis,
1368 935 1396 958 et
1420 938 1532 959 recusas
1554 930 1682 958 conﬁteri
1699 930 1746 957 Dei

953 979 1071 1007 Verbum
1091 985 1141 1013 pro
1160 977 1239 1006 nobis
1255 985 1337 1005 carne
1356 985 1476 1011 passum,
1497 976 1660 1004 commentis
1681 976 1745 1011 qui-

953 1025 1068 1052 busdam
1085 1024 1220 1059 imperitis
1234 1031 1300 1052 usus
1313 1033 1320 1051 :
1334 1031 1431 1051 nomen
1443 1023 1516 1051 enim
1532 1021 1697 1055 Filii,Verbo
1711 1029 1746 1049 ex

954 1070 1010 1099 Deo
1026 1070 1118 1106 genito
1142 1078 1175 1098 ac
1192 1070 1271 1098 nobis
1298 1070 1362 1105 ipsis
1390 1076 1535 1097 commune
1560 1076 1622 1096 esse
1648 1068 1741 1096 dicis:

953 1117 1053 1145 deinde
1066 1118 1199 1144 bonorum
1217 1116 1245 1144 in
1263 1123 1314 1144 nos
1336 1116 1496 1144 collatorum
1513 1115 1587 1142 illurn
1613 1122 1674 1143 esse
1693 1122 1744 1142 au-

954 1167 1057 1190 ctorem
1086 1169 1197 1197 negans,
1225 1169 1274 1196 per
1303 1169 1383 1196 quem
1402 1160 1498 1188 aalvati
1528 1167 1634 1193 sumus,
1661 1159 1745 1187 Deum

956 1209 1084 1241 Verbum,
1099 1212 1227 1243 tanquam
1239 1207 1316 1235 alteri
1332 1207 1367 1234 ab
1380 1207 1424 1235 illo
1436 1213 1463 1234 et
1478 1207 1592 1235 seorsirn
1606 1206 1745 1234 intellecto

955 1255 1000 1282 uni
1017 1261 1050 1282 ex
1064 1259 1160 1282 nostro
1174 1261 1297 1286 numero,
1311 1261 1344 1281 ea
1364 1258 1475 1288 propter
1491 1260 1551 1287 qua
1566 1252 1744 1288 gloriﬁcatur.

955 1301 1076 1328 tribuere
1094 1305 1189 1336 aperte
1203 1299 1413 1334 deprehenderis
1426 1308 1434 1327 :
1450 1306 1482 1326 ac
1493 1304 1574 1334 putas
1587 1299 1621 1326 ad
1633 1306 1666 1325 ea
1677 1305 1744 1326 con-

955 1346 1085 1374 ﬁrmanda
1099 1353 1160 1381 quae
1172 1345 1275 1378 dixisti,
1290 1350 1318 1373 et
1336 1353 1397 1380 qua
1417 1352 1470 1372 non
1487 1349 1562 1372 recte
1582 1345 1678 1377 sentis,
1695 1344 1743 1371 tibi

954 1392 1022 1420 satis
1044 1398 1180 1426 superque
1205 1391 1326 1418 futuram
1347 1391 1433 1425 ipsam
1452 1390 1667 1426 homonymiaru;
1690 1397 1745 1417 non

954 1439 1100 1466 advertens
1113 1438 1198 1465 etiam
1215 1437 1237 1464 si
1257 1444 1318 1464 cum
1334 1436 1368 1464 iis
1383 1444 1442 1471 quc
1456 1436 1604 1463 secundum
1619 1440 1743 1462 naturam

954 1485 1056 1512 habent
1078 1487 1108 1511 ut
1124 1484 1179 1511 sint
1195 1482 1308 1517 aliquid,
1336 1482 1470 1509 nonnullae
1491 1481 1552 1508 alia:
1578 1488 1622 1508 res
1648 1481 1743 1508 eodem

955 1530 1065 1557 nomine
1080 1534 1222 1561 vocentur,
1242 1536 1296 1555 non
1317 1535 1349 1555 ca
1372 1529 1406 1555 de
1427 1535 1509 1555 causa
1529 1527 1573 1554 illa
1586 1527 1744 1561 expellenda

954 1582 1015 1602 esse
1035 1582 1095 1609 qua:
1113 1578 1177 1602 sum
1195 1575 1343 1601 secundum
1359 1577 1482 1600 naturam
1503 1572 1609 1600 illorum
1623 1572 1744 1607 propria,

954 1620 989 1648 iis
1004 1626 1111 1654 semper
1132 1619 1276 1647 tribuendo
1291 1626 1352 1654 quae
1373 1625 1406 1646 ex
1422 1617 1556 1653 positione
1571 1621 1618 1645 aut
1631 1625 1666 1645 ex
1682 1617 1743 1644 imi-

954 1666 1057 1694 latione
1080 1665 1208 1693 dicuntur
1228 1674 1235 1693 :
1259 1664 1306 1692 sed
1322 1668 1440 1699 oportet,
1464 1663 1624 1699 utvopinor,
1647 1671 1744 1691 eorum

954 1718 1014 1746 quae
1027 1714 1159 1745 geruntur
1175 1709 1280 1745 exquiri
1293 1714 1417 1741 naturas,
1431 1713 1458 1736 et
1469 1715 1501 1736 ea
1514 1708 1614 1743 quibus
1628 1707 1747 1735 maxime

953 1756 1092 1788 convenit,
1108 1755 1267 1783 attribuere.
1284 1755 1366 1783 Verbi
1383 1753 1483 1788 gratia,
1495 1753 1577 1781 Pater
1594 1754 1652 1788 ipse
1664 1758 1706 1781 est
1717 1757 1745 1781 et

954 1801 1108 1837 appellatur
1122 1801 1213 1828 Deus:
1230 1810 1240 1826 ι
1255 1800 1294 1828 Ex
1313 1800 1371 1835 ipso
1385 1805 1475 1827 autem
1490 1800 1571 1827 etiam
1586 1798 1675 1826 omnis
1695 1806 1744 1833 pa-

954 1846 1068 1873 ternitas
1081 1846 1107 1873 in
1121 1845 1189 1873 caelo
1199 1849 1227 1873 et
1242 1845 1267 1872 in
1285 1850 1355 1872 terra
1369 1845 1535 1877 nominatur,
1549 1854 1559 1871 ι
1575 1849 1604 1871 ιιι
1614 1844 1749 1878 scriptum,

953 1897 995 1920 est
1007 1890 1053 1919 "‘.
1072 1891 1141 1918 Sunt
1153 1898 1218 1918 vero
1229 1891 1309 1918 nobis
1325 1890 1371 1918 alii
1384 1895 1412 1918 et
1427 1890 1550 1918 carnales
1564 1895 1592 1918 et
1607 1889 1750 1923 spiritales.

952 1942 1056 1973 patres.
1068 1935 1139 1964 Num
1151 1937 1233 1972 igitur
1247 1937 1270 1964 si
1282 1936 1347 1972 quid
1361 1943 1394 1963 ex
1406 1936 1448 1964 his
1462 1943 1521 1971 qua:
1533 1936 1649 1963 maxime
1660 1935 1743 1963 Deum

953 1983 1060 2016 decent,
1078 1983 1113 2010 de
1129 1982 1186 2010 Deo
1208 1990 1241 2010 ac
1265 1981 1344 2010 Patre
1365 1983 1484 2016 dicatur,
1508 1982 1578 2010 idem
1602 1983 1748 2010 conveniet

953 2029 986 2057 iis
1005 2030 1051 2064 qui
1071 2030 1219 2057 secundum
1238 2028 1401 2064 positionem
1419 2028 1542 2056 eamdem
1556 2035 1617 2055 cum
1630 2028 1674 2055 illo
1686 2034 1745 2055 sor-

952 2075 994 2103 titi
1010 2079 1074 2102 sunt
1085 2074 1303 2110 appellationem,
1319 2078 1347 2101 et
1359 2074 1539 2109 hornonymise
1553 2078 1645 2107 tropus
1656 2074 1742 2108 ipsum

954 2122 987 2149 iis
1002 2121 1128 2156 spoliabit
1150 2127 1210 2156 quae
1233 2119 1270 2147 illi
1294 2124 1322 2147 et
1344 2119 1394 2147 soli
1420 2119 1538 2146 maxime
1559 2119 1721 2146 conveniunt
1731 2119 1751 2146 ἓ·

953 2167 1033 2202 Atqui
1051 2166 1188 2202 quomodo
1204 2173 1259 2193 non
1285 2165 1322 2193 sit
1345 2165 1472 2192 omnibus
1488 2161 1671 2200 perspicuum,
1695 2165 1743 2193 ab-

108 2215 234 2251 ιναργὲς,
251 2215 288 2246 ὡς
307 2213 422 2240 ἔκτοπόν
445 2220 476 2239 τε
499 2212 546 2239 καὶ
568 2210 672 2248 ἀπηχὲς
694 2210 736 2242 τὸ,
751 2206 806 2238 ὧδὲ
824 2217 851 2236 τι

999 2213 1064 2240 'dum
1080 2219 1142 2239 esse
1153 2217 1180 2239 et
1191 2211 1321 2238 absonum
1334 2211 1440 2246 aliquos
1452 2218 1467 2238 e
1481 2211 1583 2238 nostris
1592 2212 1632 2239 sic
1642 2212 1743 2239 sentire

107 2261 160 2288 τῶν
184 2262 214 2287 ὲν
238 2261 305 2295 ἡμῖν
323 2258 432 2285 ἑλέσθαι
447 2259 567 2294 φρονεῖν,
589 2257 607 2292 ἢ
626 2256 734 2290 λέγειν;
751 2255 786 2282 Τί
807 2255 900 2282 τοίνυν

106 2309 172 2343 ἡμῖν
196 2307 248 2342 τὴν
271 2305 432 2341 ὁμωνυμίαν
455 2303 600 2338 ἀειλογῶν,
622 2301 668 2329 τὸν
691 2302 774 2337 φύσειῑ
793 2310 825 2328 τε
851 2301 899 2329 καὶ

107 2353 215 2388 ἀληθῶς
235 2351 379 2387 ἀτιμάζεις
395 2350 480 2382 Tidv;
492 2350 546 2376 τῶν
562 2350 602 2380 εις
616 2349 692 2384 ἡμᾶς
708 2346 896 2383 εὐεργετημά-

106 2400 160 2426 τῶν
173 2398 227 2432 ἔξω
241 2406 272 2424 τε
284 2397 384 2430 τιθεὶς,
398 2396 445 2423 καὶ
459 2395 599 2430 ἀλλότριον
618 2393 776 2429 ἀποφαίνων
786 2402 793 2409 ·
808 2393 897 2422 καίτοι

105 2445 164 2472 δέον
185 2443 330 2477 ιιτυλλέγεινΔ
343 2443 382 2473 εἰς
395 2441 492 2468 ἕνωσιν
509 2440 527 2468 ἃ
545 2440 650 2475 διιστᾷν
670 2439 825 2474 ὁλοτρόπως
847 2439 897 2469 οὐχ

106 2490 247 2527 ἐρυθριᾷς,
262 2489 312 2515 ἕνα
325 2497 356 2515 τε
371 2488 440 2518 νοεῖν
465 2486 533 2522 μετά
546 2486 595 2524 τῆς
617 2485 685 2517 ιδίας
698 2484 780 2515 αὑτοῦ
797 2484 898 2519 σαρκὸς

105 2539 150 2565 τὸν
167 2538 199 2564 ὲκ
213 2535 282 2563 Θεοῦ
298 2534 406 2569 Πατρός
423 2533 524 2567 Λὸγον.,
542 2531 664 2568 ’ἱδρῶτος
679 2531 734 2566 γὰρ
754 2529 827 2557 οὕτω
845 2538 898 2565 μα-

105 2584 172 2620 κροῦ
187 2582 287 2610 σαυτὸν
300 2579 476 2613 ἀπαλλάξεις,
492 2578 560 2614 ὀρθά
571 2586 601 2604 τε
614 2575 803 2612 πεφρονηκὼς,
819 2576 897 2605 ἐπαι-

106 2629 205 2665 νεθήσῃ
221 2628 317 2655 λοιπόν
328 2635 336 2642 ·
352 2627 401 2654 καὶ
414 2626 515 2661 ἥκιστα
537 2625 586 2660 μὲν
608 2623 733 2659 παθητὴν
747 2623 820 2657 ἐρεῖς
844 2622 895 2657 τὴν

107 2674 219 2710 θεότητα
235 2673 283 2700 τοῦ
305 2670 478 2706 Μονογενοῦς
490 2678 497 2685 ·
519 2669 698 2706 ὁμολογήσεις
718 2668 748 2694 δὲ
763 2668 812 2694 σὺν
829 2667 896 2702 ἡμῖν

106 2721 145 2748 ὅτι
161 2721 218 2756 ζωὴ
231 2719 280 2746 καὶ
296 2717 429 2751 ζωποώς
445 2716 514 2744 κατὰ
530 2717 612 2751 φύσιν
628 2716 698 2748 ἐστὶ,
715 2713 763 2741 καὶ
781 2713 834 2748 μὴν
848 2713 896 2740 καὶ

108 2765 204 2797 παντὺς
225 2764 359 2791 ἐπέκεινα
378 2761 490 2794 πάθους.
512 2760 578 2789 Εἶτα
597 2761 735 2797 παθούσης
760 2761 809 2797 τῆς
827 2761 895 2787 ἐνω-

951 2266 984 2286 ac
1000 2258 1072 2293 loqui
1088 2257 1178 2285 velle?
1192 2257 1248 2285 Cur
1265 2257 1348 2293 igitur
1361 2257 1440 2285 nobis
1453 2257 1654 2292 homonymiam
1671 2258 1742 2285 assi-

950 2305 1002 2332 due
1016 2308 1153 2339 repetens,
1169 2303 1244 2330 illum
1256 2311 1290 2330 ex
1303 2309 1399 2331 natura
1417 2310 1536 2338 vereque
1549 2303 1647 2330 Filium
1660 2303 1742 2331 dede-

949 2357 1038 2383 coras,
1051 2353 1080 2376 ut
1093 2348 1288 2376 beneﬁciorum
1303 2348 1329 2376 in
1343 2356 1393 2376 nos
1411 2348 1573 2376 collaturum
1588 2356 1641 2375 non
1657 2349 1742 2376 fuisse

949 2395 1026 2423 illum
1039 2399 1179 2423 auctorem
1187 2402 1310 2428 asseras,
1324 2399 1351 2422 et
1367 2394 1484 2422 alienum
1494 2394 1662 2430 pronunties,
1677 2402 1742 2422 cum.

949 2441 1079 2477 colligere
1093 2441 1120 2469 in
1137 2441 1264 2469 unionem
1281 2441 1403 2473 deberes,
1419 2448 1480 2475 qua;
1496 2440 1608 2469 omnino
1620 2441 1748 2468 dividere

951 2494 1004 2514 non
1024 2486 1175 2520 erubescis,
1189 2492 1217 2515 et
1232 2494 1314 2514 unum
1330 2485 1480 2522 intelligere
1493 2494 1555 2514 cum
1571 2486 1657 2521 ipsius
1677 2494 1740 2522 pm-

951 2533 1012 2567 pria
1029 2540 1116 2561 carne
1129 2533 1217 2567 ipsum
1233 2540 1267 2560 ex
1280 2532 1335 2560 Deo
1350 2531 1432 2559 Patre
1442 2531 1578 2563 Verbum?
1593 2531 1648 2560 Hoc
1662 2540 1740 2560 nam.

950 2586 1003 2614 que
1027 2579 1049 2606 si
1074 2578 1167 2611 facies,
1189 2583 1215 2606 te
1231 2578 1319 2613 ipsum
1343 2578 1427 2605 multo
1449 2578 1542 2606 labore
1560 2577 1743 2611 liberabis,”

946 2625 1060 2660 posthac
1079 2629 1151 2652 recte
1167 2625 1288 2652 sentiens
1304 2624 1467 2656 laudaberis,
1486 2632 1573 2659 neque
1590 2625 1644 2652 ullo
1658 2626 1745 2653 modo.

946 2670 1115 2698 divinitatem
1137 2671 1222 2706 126,
1240 2669 1378 2705 Unigeniti
1399 2671 1553 2706 passibilem
1577 2671 1663 2704 dices.
1690 2672 1743 2701 sed:

946 2717 1085 2744 nobiscum
1111 2716 1240 2744 fateberis
1255 2715 1329 2743 illum
1349 2722 1378 2744 et
1402 2717 1484 2744 vitam
1504 2722 1532 2744 et
1553 2717 1739 2745 viviﬁcantem

946 2769 978 2789 ex
1002 2765 1098 2788 natura
1110 2767 1181 2796 esse,
1197 2766 1276 2797 atque
1287 2761 1370 2799 etiam
1385 2761 1463 2796 longe
1477 2762 1510 2789 ab
1524 2763 1596 2790 omni
1609 2762 1742 2797 passione-

141 2854 272 2891 “Ephes.
292 2863 314 2882 ιι
334 2854 426 2881 iii-l7.
465 2854 486 2870 ⁵⁵
505 2853 582 2881 Ront.
599 2861 625 2883 ν.
639 2853 664 2879 i.
701 2852 735 2867 “'
753 2851 850 2886 Eph-cs.
872 2858 917 2881 ιιιι
930 2851 974 2881 15.
