1886 3056
664 146 694 174 S.
715 147 852 176 CYRILLI
873 149 1107 177 ALEXANDBINI
1126 149 1287 179 ABCHIEP.

1724 149 1780 176 220

146 208 292 230 remotum.
312 202 414 232 Deinde
438 212 498 231 cum
517 211 594 238 pasm
612 211 686 232 esset
700 206 748 240 ipsi
766 207 838 234 unita
862 215 934 239 caro.

1024 208 1084 244 ίσης
1099 208 1173 244 αὐτῷ
1189 209 1299 245 σαρκὸς,
1318 208 1408 244 χάριτι
1423 208 1502 241 Θεοῦ,
1523 209 1594 236 κατὰ
1610 207 1641 234 τὸ
1654 216 1782 243 γεγραμ-

145 249 232 283 gratia
246 249 305 282 Dei,
318 251 387 276 sicut
402 250 532 283 scriptum
547 255 598 281 cst,
612 258 661 285 pro
674 251 801 280 omnibus
820 255 937 288 gustavit

145 302 260 324 mortem
274 297 298 312 “
313 305 320 323 :
339 301 367 323 ιιι
384 303 444 322 cum
462 296 591 330 templum
608 304 686 323 suum
701 303 787 325 morte
800 306 860 333 qum
879 307 936 326 om-

145 349 193 368 nes
206 342 251 375 qui
269 341 295 368 in
312 341 392 368 terris
411 346 475 368 sunt
497 342 610 374 vicerat,
631 341 729 370 fortius
749 351 781 370 ac
802 346 937 378 potentitts

145 387 318 418 reddidisset,
339 387 466 421 primitiae
483 387 674 414 dormientium
686 393 759 416 esset
771 388 816 422 ⁸⁸’,
831 395 857 417 et
879 391 936 424 pri-

145 433 297 466 mogenitus
318 440 353 459 ex.
370 433 484 459 mortuis
496 433 540 465 ‘7;
567 434 777 462 trattsmittendo
798 440 887 463 autem
909 437 935 464 in

145 484 194 502 IIOS
218 483 326 510 quoque
348 485 407 504 eam
432 478 548 510 gratiam
573 483 701 511 tanquam
726 487 795 507 unus
816 489 848 508 ac
863 481 936 509 SOIIIS

144 519 229 547 Filius
241 525 268 548 et
280 526 425 556 antequam
438 527 511 549 esset
524 523 604 550 homo
615 523 713 556 factus,
724 530 751 552 et
761 531 935 561 posteaquam

144 570 186 592 est
206 566 304 598 factus,
324 566 450 593 Salvator
473 567 667 602 appellaretur,
693 574 721 597 et
749 571 935 599 universorum

144 610 276 639 liberator
297 621 304 639 :
322 620 438 647 cumque
461 621 475 640 a
498 618 626 648 peccato,
647 619 676 641 ut
698 615 765 648 dixi,
793 616 936 645 liberasset

143 663 238 684 omnes
251 658 296 691 qui
309 658 335 685 in
347 666 408 685 eum
422 659 577 692 crederent,
590 667 643 694 pax
655 661 731 688 ﬁeret
743 662 777 688 iis
787 662 831 696 qui
847 662 934 698 longe,

143 706 171 729 et
187 703 219 729 iis
231 703 276 737 qui
297 711 390 737 prope,
415 705 597 733 reconciliatis
614 713 662 740 per
678 713 708 733 se
723 707 810 741 ipsum
833 707 889 735 Deo
904 716 936 735 ac

143 747 216 774 Patri
232 748 265 776 iis
280 749 326 783 qui
344 749 409 776 olim
426 754 562 777 creatura:
581 751 744 784 servierant,
765 757 791 780 et
811 760 859 788 per
871 761 934 788 pee-

144 799 234 820 catum
253 794 308 821 Deo
319 794 441 821 oumium
457 796 560 830 optimo
573 801 650 824 erant
663 797 819 826 initnici.At
832 806 896 826 vero
908 800 934 827 in

144 839 211 866 duos
227 839 325 866 iterum
350 839 418 867 ﬁlios
436 840 559 868 dividens
575 849 657 868 unum
682 842 825 870 Dominum
842 843 935 872 Jesum

144 883 294 916 Christum,
310 885 352 912 sic
369 885 426 913 fere
440 886 506 913 dicit
521 896 529 913 :

179 939 298 967 Nasron.
315 942 401 975 (Audi
417 942 497 969 etiam
510 942 581 969 aliud
594 942 714 976 ipsorum
731 945 934 974 testimonium:

146 993 156 1010 α
174 984 201 1012 Si
218 986 290 1012 enim
308 988 506 1021 cognovissent,
526 997 662 1024 nunquam
678 991 821 1019 Dominum
843 994 936 1028 gloriae

144 1031 342 1059 cruciﬁxisseut
354 1033 387 1060 “'.
403 1043 412 1059 ι
430 1034 498 1062 Ecce
515 1035 658 1063 Dominum
677 1037 770 1071 gloria:
784 1039 858 1066 dicit.
875 1039 935 1067 Non

143 1078 184 1104 sic
203 1078 320 1112 appellat
334 1079 540 1115 luunanitatem,
553 1082 600 1109 sed
618 1083 796 1111 divinitatem.
815 1085 871 1112 Hoc
887 1093 935 1113 au-

143 1128 197 1150 tem
210 1129 252 1151 est
271 1124 410 1152 hominum
428 1134 560 1154 summam
578 1128 649 1155 illam
662 1129 862 1164 copulatione":
879 1131 935 1159 dis~

145 1169 319 1197 trahentium.
341 1170 408 1197 Cum
430 1172 502 1198 enim
521 1172 599 1205 dicis,
618 1173 689 1200 hunc
702 1181 756 1201 non
769 1181 829 1201 esse
845 1174 935 1202 Domi-

143 1222 218 1248 num,
232 1215 305 1242 illum
317 1223 389 1249 esse,
401 1221 427 1244 tu
440 1217 540 1244 nudum
557 1218 693 1246 hominem
707 1219 774 1246 facis
785 1219 933 1248 Christum.

143 1261 212 1293 Quid
225 1268 289 1296 ergo
298 1262 348 1289 sub
356 1262 543 1290 ecclesiastica
559 1271 673 1298 persona
690 1264 769 1295 dicis.
788 1265 934 1293 haeretice?

143 1305 310 1334 Dominusnc
329 1312 371 1334 est
386 1308 469 1335 etiam
485 1309 545 1343 ipse
560 1311 652 1342 homo,
670 1317 704 1336 an
723 1311 825 1337 secus?
836 1312 859 1338 si
874 1312 934 1345 qui-

143 1353 204 1380 dem
220 1353 359 1387 Dominus,
375 1355 581 1383 communicant
595 1356 702 1383 interse
716 1364 777 1392 quae
786 1358 931 1392 dicuntur;

144 1399 186 1425 sin
201 1399 301 1432 minus,
318 1399 371 1426 noli
389 1405 415 1427 tu
431 1408 492 1428 cum
517 1404 616 1429 nudum
636 1410 668 1430 ac
680 1403 830 1438 simplicem
846 1404 932 1431 homi-

144 1451 206 1470 nem
219 1442 356 1471 Christum
372 1444 466 1478 facias,
487 1446 551 1473 mihi
569 1448 619 1474 hoc
632 1448 931 1485 prohrumimpingere.

144 1488 247 1516 Deinde
259 1490 324 1517 dicit
338 1500 344 1517 :
359 1491 507 1518 Audiamus
521 1492 629 1520 beatum
641 1493 755 1521 Paulum
772 1500 866 1530 aperte
878 1496 932 1523 cla-

989 253 1078 288 μένον,
1092 254 1159 290 ὑπὲρ
1173 255 1273 286 παντὸς
1284 255 1413 289 ἐγεύσατο
1429 255 1544 282 θανάτου
1554 263 1560 270 ·
1574 255 1627 287 ἵνα,
1643 253 1690 280 τοῦ
1708 253 1781 280 πάν-

987 308 1035 331 τας
1060 300 1231 333 νενικηκότος
1251 300 1314 332 τοὺς
1335 301 1381 327 ἐπὶ
1395 301 1444 336 τῆς
1468 300 1520 335 γῆς
1535 300 1581 326 τὸν
1603 299 1700 326 ἑαυτοῦ
1712 299 1782 326 ναδν

987 346 1129 380 ἀποφήνας
1156 346 1309 381 κρείττονα,
1335 346 1492 382 χρηματίσῃ
1518 346 1568 381 μὲν
1591 344 1703 381 ἀπαρχὴ
1722 345 1781 370 τῶν

987 391 1204 427 κεκοιμημένων,
1212 392 1259 417 καὶ
1275 391 1445 427 πρωτότοκος
1456 391 1488 417 ὲκ
1501 391 1620 425 νεκρῶν·
1631 390 1783 425 παραπέμ-

987 446 1045 464 πων
1057 437 1086 464 es
1098 437 1146 463 καὶ
1164 438 1204 468 εἰς
1216 437 1289 472 ἡμᾶς
1304 437 1354 472 τὴν
1371 437 1462 472 χάριν,
1482 436 1519 468 ὡς
1529 433 1569 468 εἷς
1587 445 1616 462 τε
1630 436 1677 462 καὶ
1695 436 1782 471 μόνος

987 483 1117 518 ὑπάρχων
1128 483 1192 514 Υἱὸς
1205 482 1252 509 καὶ
1268 482 1322 518 πρὸ
1337 483 1386 517 τῆς
1400 482 1640 518 ἐνανθρωπήσεως,
1655 482 1702 509 καὶ
1716 481 1780 517 μετ⁹

990 529 1075 563 αὐτὴν
1099 529 1139 555 ἑτι
1162 528 1257 564 Σωτὴρ
1283 529 1465 564 ὀνομάζηται,
1489 529 1536 556 καὶ
1559 528 1696 563 λυτρωτὴς
1721 527 1781 554 τῶν

985 575 1054 602 ὅλων
1064 583 1071 590 ·
1084 573 1144 602 εῐτα
1156 576 1204 610 τῆς
1223 575 1367 610 ἁμαρτίας,
1382 575 1419 606 ὼς
1439 575 1517 610 ἔφην,
1529 574 1678 609 ἐλευθερῶν
1689 574 1782 600 ᾶπαν-

985 629 1034 652 τας
1058 621 1119 652 τοὺς
1143 622 1184 653 εἰς
1210 621 1291 647 αὑτὸν
1318 620 1506 653 πιστεύοντας.
1536 621 1630 656 εἰρήνη
1660 621 1779 655 γένηται

985 668 1041 698 τοῖς
1060 667 1178 701 μακρὰν,
1196 667 1314 698 καὶτοῖς
1337 667 1430 701 ἐγγὺς,
1449 666 1637 693 καταλλάττων
1655 666 1687 693 δι’
1711 667 1780 692 ἑαυ-

985 713 1031 740 τοῦ
1055 713 1094 748 τῷ
1109 713 1168 750 Θεῷ
1190 714 1237 741 καὶ
1254 714 1342 750 [Ia-cpi.
1361 715 1426 746 τοὺς
1446 714 1530 742 πάλαι
1548 715 1582 749 τῇ
1597 713 1685 740 κτίσει
1697 713 1781 739 λελα-

985 760 1143 793 τρευκότας,
1168 761 1215 787 καὶ
1240 760 1283 787 διὰ
1307 761 1358 795 τῆς
1376 760 1510 795 ἁμαρτίας
1536 760 1712 795 ὲχθρεύοντας
1737 758 1779 793 τῷ

986 805 1137 840 παναγάοῳ
1157 805 1229 840 Θεῷ.
1259 806 1329 832 Ἀλλ’
1348 806 1388 837 εἰς
1407 806 1490 833 δυάδα
1513 805 1593 832 πάλιν
1610 805 1675 831 υἱῶν
1690 813 1779 832 κατα-

988 850 1106 885 μεριζων
1121 851 1166 877 τὸν
1184 851 1234 878 ἕνα
1254 852 1357 887 Κύριον
1383 852 1486 888 Ἰησοῦν
1503 851 1630 887 Χριστὸν,
1649 848 1701 878 ὧδέ
1723 851 1777 877 πού

987 905 1068 931 φησιν
1079 906 1086 912 ·

1022 952 1166 987 [Ἄκουσον
1188 953 1235 980 καὶ
1255 953 1304 989 τὴν
1321 953 1405 989 ἄλλην
1420 953 1510 980 αὐτῶν
1533 953 1695 989 μαρτυρίαν.
1715 963 1725 979 ε
1744 954 1777 980 Εἰ

986 999 1040 1034 γὰρ
1057 998 1188 1033 ἔγνωσαν,
1209 999 1258 1026 οὐκ
1277 999 1310 1026 ἂν
1328 1000 1372 1027 τὸν
1397 1000 1498 1034 Κύριον
1514 1001 1562 1035 τῆς
1577 999 1654 1034 δόξης
1675 1000 1776 1026 ὲσταὺ-

987 1053 1088 1081 ρωσαν.
1108 1054 1118 1070 ι
1138 1045 1204 1072 Ἰδοὺ
1216 1045 1318 1080 Κύριον
1330 1045 1380 1081 τῆς
1392 1045 1470 1081 δόξης
1481 1046 1565 1080 λέγει.
1582 1045 1619 1072 Οὐ
1634 1045 1713 1072 καλεῖ
1725 1045 1777 1080 τὴν

986 1090 1194 1126 ἀνθρωπότητα,
1213 1091 1280 1117 ἀλλὰ
1297 1091 1347 1126 τὴν
1371 1090 1495 1126 θεότητα.
1511 1091 1595 1118 Τοῦτο
1609 1091 1637 1118 δέ
1653 1093 1710 1118 ἐστι
1727 1092 1777 1119 καὶ

984 1135 1162 1163 διασπώντων
1185 1136 1234 1172 τὴν
1258 1137 1407 1172 συνάφειαν
1430 1137 1479 1173 τὴν
1497 1137 1614 1173 ἀκριϐῆ·
1640 1139 1704 1164 ὅταν
1719 1138 1776 1173 γὰρ

984 1182 1073 1216 λέγεις
1095 1183 1136 1208 ὅτι
1157 1180 1233 1214 οὗτος
1254 1183 1303 1218 μὲν
1327 1183 1377 1209 οὐκ
1400 1182 1458 1208 ἔστι
1484 1182 1595 1218 Κύριος,
1620 1184 1724 1214 ἐκεῖνος
1746 1183 1777 1208 δὲ

984 1227 1098 1262 Κύριος,
1116 1228 1149 1255 σὺ
1170 1228 1248 1263 ψιλὸν
1262 1227 1405 1264 ἄνθρωπον
1420 1229 1505 1260 ποιεῖς
1527 1228 1571 1255 τὸν
1589 1228 1715 1263 Χριστόν.
1743 1227 1777 1253 Τί

983 1270 1030 1299 οὗν
1047 1272 1136 1307 λέγεις
1155 1274 1184 1300 ὲν
1206 1273 1423 1308 ἐκκλησιαστικῴ
1442 1273 1618 1309 προσωπείῳ,
1636 1272 1776 1307 αἰρετικέ;

983 1318 1085 1354 Κύριος
1101 1319 1148 1345 καὶ
1162 1319 1177 1345 ὁ
1198 1318 1350 1354 ἄνθρωπος,
1369 1318 1386 1354 ἢ
1401 1318 1452 1351 οῧ;
1477 1319 1508 1345 El
1532 1318 1582 1353 μὲν
1601 1315 1646 1345 οὖν
1662 1317 1776 1352 Κύριος,

984 1366 1108 1391 κοινωνεῖ
1123 1364 1157 1391 τὰ
1172 1365 1306 1400 λεγόμενα
1322 1365 1395 1399 (56)·
1416 1365 1440 1391 εἰ
1460 1365 1487 1391 δὲ
1508 1365 1538 1391 οὺ
1554 1364 1667 1400 Κύριος,
1687 1363 1725 1399 μὴ
1744 1363 1777 1389 σὺ

983 1410 1059 1444 ψιλὸν
1073 1410 1215 1445 ἄνθρωπον
1229 1410 1274 1437 τὸν
1291 1410 1407 1446 Χριστὸν
1424 1410 1518 1442 ποιῶν,
1539 1411 1601 1445 ἐμοὶ
1623 1409 1775 1445 πρόστριϐε

982 1457 1027 1484 τὸν
1043 1455 1203 1492 ὀνειδισμόν.
1220 1454 1288 1482 Εἶτά
1309 1464 1392 1490 φησιν
1403 1464 1411 1471 ·
1432 1457 1602 1490 Ἀκούσωμεν
1615 1455 1662 1482 τοῦ
1685 1463 1775 1490 μακα-

985 1503 1042 1538 ρίου
1055 1503 1163 1529 Παύλου
1178 1501 1304 1538 φανερῶς
1320 1502 1496 1539 κεκραγότος,
1515 1501 1556 1532 τίς
1575 1502 1648 1527 ἐστιν
1660 1501 1675 1527 ὁ
1693 1509 1776 1527 σταυ-

145 1541 274 1568 IIantem,
299 1537 421 1570 quisnam
445 1539 481 1565 sit
504 1538 549 1566 ille
576 1539 732 1568 cruciﬁxus.
759 1542 828 1568 Audi
852 1542 934 1577 igitur

1026 1548 1092 1580 θείς.
1121 1549 1254 1576 Ἀκουσον
1279 1537 1378 1576 τοίνυν.
1394 1547 1571 1583 φανερώτατα
1593 1547 1643 1580 τῆς
1665 1548 1775 1582 φωνῆς’

144 1581 316 1614 apertissime
330 1582 388 1617 ejus
403 1591 496 1611 vocem
513 1595 519 1612 :
535 1593 545 1610 ι
563 1584 668 1612 Etenim
685 1586 832 1614 cruciﬁxus
850 1591 934 1614 estex

145 1626 313 1659 inﬁrmitate,
331 1629 377 1656 sed
396 1629 461 1656 vivit
483 1637 517 1656 ex
542 1631 642 1657 virtute
665 1631 710 1658 Dei
724 1631 758 1658 ⁸³.
776 1641 785 1656 ι
805 1631 832 1659 Si
848 1633 935 1660 eruci-

145 1671 214 1699 ﬁxus
226 1677 268 1700 est
276 1681 308 1700 ex
319 1674 486 1707 inﬁrmitate,
496 1676 557 1710 quis
567 1675 720 1704 inﬁrmatus
730 1682 781 1710 est,
794 1678 936 1706 hmrctice?

145 1718 225 1746 illene
239 1718 311 1746 Deus
328 1719 443 1748 Verbum
452 1721 481 1757 ?]

476 1812 551 1840 CAP.
573 1813 603 1841 11.

180 1886 278 1916 Fertur
294 1888 321 1916 in
339 1889 472 1917 absurdas
495 1892 656 1924 sententias,
680 1896 707 1920 et
733 1893 760 1920 in
783 1893 934 1929 improbum

144 1941 264 1966 sensum,
288 1935 342 1961 vim
367 1936 489 1971 mystcrii
515 1936 588 1964 nullo
616 1939 696 1966 modo
721 1939 883 1976 intelligens,
906 1946 936 1968 ut

144 1979 209 2006 mihi
225 1980 340 2012 videtur,
357 1982 404 2008 sed
419 1989 466 2008 sua
481 1987 634 2010 commenta
650 1984 749 2018 ubique
764 1993 891 2020 sequens,
904 1994 936 2014 ac

144 2024 259 2053 fortasse
286 2031 419 2060 metuens,
447 2035 481 2055 ne
505 2029 641 2064 quidpiam
668 2031 738 2065 quod
762 2037 864 2060 rectum
887 2038 934 2060 aut

143 2079 237 2098 verum
253 2072 300 2103 sit,
317 2072 356 2099 vel
372 2073 484 2104 sentire.
502 2074 543 2101 vel
556 2075 644 2109 eloqui
660 2078 845 2106 convincatur.
863 2078 935 2114 01ῇί-

143 2116 180 2142 cit
194 2117 266 2143 enim
279 2117 380 2148 sibi,ut
396 2117 453 2152 ipse
469 2118 781 2154 ﬁugit,ortllodoxorum
797 2124 935 2151 hominum

144 2169 223 2189 voces
244 2170 252 2188 :
275 2163 322 2190 sed
347 2165 436 2192 denuo
461 2165 506 2192 illa
527 2174 627 2200 ponere
647 2167 858 2202 deprehenditur
875 2178 935 2204 qum

988 1603 998 1620 ι
1016 1595 1071 1621 Καὶ
1084 1594 1139 1630 γὰρ
1151 1594 1321 1630 ἐσταυρώθη,
1337 1597 1429 1631 φησιν,
1446 1595 1473 1628 ἐξ
1490 1595 1642 1626 ἀσθενείας,
1659 1593 1730 1621 ἀλλὰ
1743 1591 1775 1628 ζῇ

985 1640 1016 1666 ἐκ
1038 1641 1178 1675 δυνάμεως
1201 1641 1279 1668 Θεοῦ.
1303 1651 1311 1666 ι
1335 1642 1365 1668 Εἰ
1386 1641 1545 1677 ἐσταυρώθη
1571 1641 1600 1674 ἐξ
1620 1640 1779 1674 ἀσθενείας,

984 1685 1026 1717 τίς
1042 1685 1200 1721 ἠσθένησεν,
1216 1687 1355 1716 αῑοετικέ;
1372 1689 1386 1714 ὁ
1402 1688 1468 1720 Θεὸς
1481 1687 1566 1722 Λόγος
1576 1687 1597 1723 ;]

1290 1820 1414 1847 ΚΕΦᾹΛ.
1436 1821 1471 1849 B’.

1027 1897 1237 1932 Ἀποκομιζεται
1268 1897 1308 1929 εἰς
1338 1897 1442 1929 ἐννοίας
1476 1897 1625 1930 ἐκτύπους,
1658 1899 1706 1925 καὶ
1734 1899 1776 1930 εἰς

985 1942 1111 1977 ἀδόκιμον
1139 1943 1214 1976 νοῦν,
1243 1943 1292 1978 τὴν
1317 1943 1364 1969 τοῦ
1397 1944 1544 1979 μυστηρίου
1574 1943 1690 1979 δύναμιν
1714 1946 1774 1971 κατ’

985 1988 1079 2015 οὐδένα
1097 1989 1197 2024 τρόπον
1217 1990 1329 2022 συνιεὶς,
1359 1989 1397 2021 ὣς
1417 1998 1449 2023 γε
1478 1998 1523 2025 μοι
1543 1991 1678 2024 φαίνεται,
1705 1991 1774 2025 μᾶλ-

985 2034 1029 2061 λον
1052 2035 1081 2061 δέ
1105 2042 1145 2060 τοι
1175 2034 1248 2066 ἰδίοις
1276 2035 1432 2070 σκέμμασιν
1465 2034 1597 2069 ἑπόμενος
1623 2035 1773 2071 πανταχοῦ,

985 2080 1031 2106 καὶ
1054 2080 1124 2115 τάχα
1150 2089 1200 2106 που
1227 2080 1330 2112 δεδιὼς,
1362 2080 1398 2115 μὴ
1425 2081 1479 2114 ἄρα
1505 2089 1530 2107 τι
1555 2081 1609 2107 τῶν
1634 2082 1674 2113 εἰς
1695 2081 1775 2116 ὀρθό-

984 2134 1069 2160 τητα,
1091 2125 1108 2160 ἢ
1130 2125 1269 2160 ἀλήθειαν,
1333 2126 1522 2160 πεφρονηκὼς,
1547 2126 1562 2160 ῆ
1583 2125 1680 2160 λέγων,
1707 2127 1773 2162 ἁλῷ.

991 2170 1179 2206 ’Λντανίστησι
1206 2171 1256 2206 μὲν
1276 2172 1330 2206 γὰρ
1354 2171 1452 2207 ἑαυτῷ,
1473 2171 1598 2206 καθάπερ
1615 2169 1662 2197 οὖν
1678 2171 1774 2203 οἴεται,

144 2215 224 2234 nemo
241 2213 313 2236 recte
338 2210 410 2237 circa
437 2211 517 2239 iidem
535 2212 689 2245 ingrediens
713 2215 826 2241 alterum
843 2216 932 2243 dicere

1024 2223 1033 2246 ;
1060 2214 1114 2241 τῶν
1137 2215 1286 2252 ὀρθοδόξων
1312 2216 1414 2250 φωνὰς,
1445 2217 1639 2250 καταφιιιρᾶται
1665 2215 1694 2241 δὲ
1720 2216 1774 2242 πά-

143 2259 291 2287 pateretur.
315 2254 382 2282 Nam
401 2256 542 2285 Dominum
560 2259 653 2294 gloriae
675 2260 753 2295 127
777 2260 850 2287 illum
871 2269 933 2288 cru-

143 2298 253 2326 ciﬁxum
268 2306 328 2327 esse
349 2301 474 2334 dicimus,
490 2307 518 2330 et
535 2309 576 2331 est
594 2306 740 2331 secundum
758 2306 898 2333 veritatem
924 2315 931 2333 :

143 2344 191 2371 sed
205 2352 265 2371 cum
282 2345 449 2374 individuum
470 2353 497 2375 et
512 2357 595 2376 unum
612 2357 673 2377 cum
691 2350 764 2377 unita
786 2351 835 2378 sibi
850 2359 933 2379 carne

142 2389 233 2416 anima
254 2391 377 2419 rationali
399 2393 509 2426 praedita
527 2395 615 2429 ipsum
640 2396 685 2423 Dei
709 2396 826 2423 Verbum
851 2405 934 2431 agno-

144 2442 271 2468 scamus,
291 2436 376 2470 ipsum
397 2445 458 2465 esse
481 2438 594 2467 dicimus
616 2441 661 2474 qui
688 2442 787 2476 proprii
812 2443 933 2477 carparis

145 2484 274 2514 tanquam
297 2481 499 2510 immaculatum
528 2485 702 2517 sacriﬁcium.
727 2492 754 2514 et
775 2487 934 2515 odoratissi-

145 2531 217 2550 mam
237 2524 353 2552 hostiam
369 2533 398 2552 se
416 2526 504 2560 ipsum
527 2529 582 2555 Deo
598 2534 624 2556 et
643 2529 716 2557 Patri
730 2531 837 2561 obtulit.
853 2539 885 2559 ac
905 2531 934 2558 li-

147 2578 199 2604 gno
212 2571 281 2605 quod
296 2572 438 2599 adversum
451 2581 499 2601 nos
509 2579 567 2601 erat
580 2575 788 2611 chirographum
806 2577 932 2605 allixit".

146 2617 226 2644 Certe
240 2624 288 2650 per
303 2624 396 2645 vocem
413 2618 496 2646 David
514 2627 574 2647 cum
593 2621 725 2648 dicentem
739 2623 832 2649 audire
848 2623 930 2650 licet:

984 2259 1026 2286 λιν
1048 2260 1141 2287 ἐκεῖνα
1165 2261 1261 2294 τιθεὶς,
1288 2261 1306 2287 ἃ
1331 2262 1426 2297 μηδεὶς
1450 2261 1560 2288 πώποτε
1584 2262 1638 2288 τῶν
1660 2261 1775 2296 ὀρθοπο-

985 2305 1038 2332 ὃεῑν
1062 2306 1195 2333 εἰωθότων
1225 2307 1289 2343 περὶ
1310 2308 1360 2343 τὴν
1388 2307 1490 2340 πίστιν,
1516 2308 1566 2334 κᾶν
1587 2308 1651 2341 γοῦν
1680 2308 1774 2342 ἑτέρου

985 2351 1108 2386 λέγοντος
1125 2352 1269 2387 ἀνάσχοιτο
1291 2353 1334 2380 ἄν.
1361 2353 1463 2388 Κύριον
1489 2353 1539 2388 μὲν
1554 2354 1607 2388 γὰρ
1625 2355 1675 2388 τῆς
1696 2353 1775 2389 δόξης

984 2397 1030 2424 τὸν
1052 2398 1259 2433 ἐσταυρωμένον
1280 2396 1349 2425 εἷναί
1364 2407 1463 2433 φαμεν,
1480 2399 1526 2425 καὶ
1543 2399 1602 2425 ἐστι
1622 2399 1694 2425 κατὰ
1708 2399 1773 2434 ἁλή-

986 2442 1076 2469 θειαν·
1099 2443 1253 2479 ἀδιαίρετον
1275 2444 1303 2470 δὲ
1320 2444 1367 2470 καὶ
1388 2444 1436 2470 ἕνα
1460 2444 1531 2479 μετὰ
1553 2444 1603 2479 τῆς
1625 2443 1773 2479 ὲνωθείσης

986 2487 1061 2523 αὐτῷ
1076 2489 1177 2524 σαρκὸς
1198 2489 1288 2524 ψυχὴν
1307 2489 1422 2525 ἐχούσης
1448 2490 1498 2525 τὴν
1521 2490 1633 2525 λογικὴν
1656 2489 1702 2516 τὸν
1725 2490 1773 2516 τοῦ

986 2533 1054 2560 Θεοῦ
1077 2533 1163 2568 Λόγον
1176 2533 1418 2568 ἐπιγινώσκοντες,
1438 2535 1519 2562 αὐτὸν
1536 2532 1606 2562 εἶναι
1619 2544 1712 2570 φαμεν
1728 2535 1773 2562 τὸν

985 2578 1031 2605 τοῦ
1053 2579 1117 2605 ἰδίου
1131 2579 1256 2614 σώματος
1272 2579 1310 2612 ὡς
1326 2580 1441 2615 ἄμωμον
1458 2581 1566 2616 ἱερεῖον,
1585 2581 1632 2608 καὶ
1651 2581 1774 2616 εὐοσμῶ-

986 2633 1066 2651 τατον
1079 2624 1163 2660 θῦμα,
1173 2625 1399 2661 προσκομίσαντα
1415 2626 1464 2661 μὲν
1481 2626 1587 2658 ἑαυτὺν,
1599 2627 1638 2662 τῷ
1652 2626 1712 2662 Θεῷ
1727 2628 1773 2653 καὶ

166 2692 190 2708 ’⁵⁸
210 2693 293 2721 Hebr.
307 2702 337 2727 ιι,
354 2695 381 2722 9.
421 2696 453 2711 “‘
470 2697 478 2724 Ι
495 2696 556 2724 Cor.
572 2705 617 2731 xv,
631 2698 676 2726 20.
712 2699 734 2714 ⁵⁷
749 2700 852 2727 Coloss.
876 2708 894 2734 ι,
917 2701 927 2727 1

1030 2701 1037 2728 1
1055 2701 1116 2729 Cor.
1133 2709 1164 2733 ll,
1178 2702 1204 2729 8.
1242 2702 1264 2719 ⁸³
1281 2703 1301 2730 ll
1315 2703 1378 2731 Cor.
1393 2711 1453 2737 ιιιιι,
1463 2703 1488 2731 1.
1527 2703 1551 2720 '°
1563 2703 1669 2732 Coloss.
1686 2712 1716 2736 ιι,
1730 2703 1770 2732 14.

778 2776 857 2804 ΛΝΤ.
881 2776 1017 2805 AGELLII
1036 2778 1154 2806 NOT/E.

187 2849 242 2884 (56)
264 2849 374 2878 lul'crius
398 2858 457 2886 pag.
486 2851 536 2879 li!)
560 2851 636 2886 dixit,
666 2854 769 2890 συνᾴδει

800 2855 831 2882 τὰ
858 2855 1000 2891 λεγόμενα,
1013 2857 1178 2885 consentiunt
1194 2865 1251 2892 qua:
1267 2858 1402 2887 dicuntur.
