1886 3056
167 143 222 173 ΞΞΞ

669 141 698 169 ε.
715 141 854 170 CVRILLI
873 140 1109 170 ALEXANDBINI
1124 141 1290 170 ARCHIEP.

1750 139 1808 167 σει

166 202 196 230 in
214 203 332 231 humana
347 202 433 230 forma
451 201 538 236 ipsum
555 207 587 227 ex
605 199 660 227 Deo
676 199 758 228 Patre
776 199 892 227 Verbum
908 209 910 226 ι

1061 208 1088 236 ερ
1104 200 1179 226 ἐστὶν
1191 200 1285 235 ἔτερος
1296 198 1363 235 παρ’
1376 198 1459 226 αὑτὸν
1474 197 1576 230 ζδικῶς,
1594 196 1641 224 καὶ
1651 196 1704 224 ἀνὰ
1719 196 1805 232 μέρος

168 249 269 283 paruit,
282 249 406 283 prodeat,
423 245 549 274 ostendat
561 249 590 273 et
608 245 636 272 in
650 246 736 272 forma
752 246 838 280 ipsum
855 252 916 273 esse
931 251 960 273 et

167 295 324 329 aequalitate
337 292 426 321 Patris
438 292 447 327 (
458 299 510 319 non
526 291 598 319 enim
611 291 734 326 rapinam
750 290 899 319 arbitratus
917 297 959 318 est

166 348 230 369 esse
251 348 280 368 se
296 339 427 374 aequalem
449 336 534 372 Deo),
548 341 575 363 et
602 342 733 371 prreterea
757 336 827 363 servi
844 336 958 363 formam

166 387 315 421 accepisse,
328 391 456 420 tanquam
471 391 523 411 non
545 382 670 410 habuerit
692 382 849 416 aliquando,
873 387 960 410 etea-

166 431 301 459 inanitum
332 430 428 462 fuisse,
445 434 474 457 ut
497 429 542 463 qui
569 428 596 455 in
615 428 724 462 propria
744 432 839 454 natura
871 427 958 460 pleni-

167 477 288 504 tudinem
312 476 449 504 habuerit.
471 474 538 501 Nam
556 474 651 501 beatus
667 473 767 500 Paulus
781 473 855 500 illum
871 473 916 507 qui
931 473 957 500 in

165 521 252 549 forma
271 522 338 549 etin
362 521 519 555 teqttalitate
545 519 632 547 Patris
649 524 721 552 erat,
745 518 846 546 factum
874 519 958 546 fuisse

165 569 203 597 illi
221 567 389 595 obedientem
406 567 472 594 dicit
486 567 568 594 etiam
590 573 675 600 usque
689 565 723 592 ad
740 569 864 597 mortem,
885 573 958 592 mor-

165 619 219 642 tem
235 617 325 640 antem
343 613 443 640 crucis.
460 613 500 639 An
523 619 576 639 non
598 611 738 646 perspicua
754 615 794 638 est
810 611 959 638 sententia-

165 667 225 687 rum
237 659 295 694 ejus
308 658 484 686 absurditas?
496 658 562 685 Cum
574 665 638 684 vero
652 657 747 684 beatus
758 656 857 684 Paulus
870 657 956 691 ipsum

164 705 324 732 cruciﬁxum
336 704 429 739 gloriae
446 703 588 731 Dominum
602 701 758 737 appellet",
773 708 852 728 nemo
866 701 958 736 utique

164 754 277 782 asseret,
295 757 349 776 non
366 748 442 776 illum
459 748 553 775 dicere
567 746 776 778 humanitatem,
794 746 844 773 sed
856 746 956 772 divini-

165 799 258 823 tatem.
274 794 362 823 Unum
373 794 446 822 enim
462 793 579 820 fatemur
594 792 744 825 Christum,
759 797 786 819 et
801 791 910 824 Filium,
931 796 958 819 et

166 841 310 869 Dominum
324 840 418 875 gloria:
432 839 519 874 ipsum
535 847 569 866 ex
586 839 641 866 Deo
662 838 741 866 Patre
755 837 874 865 Verbum
894 845 957 872 pro«

164 892 224 922 pler
236 894 285 914 nos
296 885 434 914 hominem
448 886 561 918 factum,
578 889 605 912 et
617 892 698 912 carne
708 889 818 919 propter
834 892 884 912 nos
894 892 957 917 pas-

164 939 235 966 sum,
259 931 408 959 secundum
429 929 595 965 Scripturas.
615 930 806 957 Verumtamen
826 929 897 956 hattd
918 929 957 957 le:

164 977 234 1004 viter
249 976 411 1004 criminatus
429 983 477 1004 eos
499 975 546 1010 qui
574 976 627 1002 Deo
652 975 740 1002 Verbo
764 975 955 1003 dominationis

165 1028 263 1048 nomen
282 1021 414 1052 tribuunt,
430 1025 456 1047 et
468 1020 502 1047 ab
517 1020 686 1048 humanitate
698 1020 762 1047 illud
778 1020 914 1052 auferunt,
927 1025 956 1048 ut

164 1067 210 1101 qui
224 1074 370 1100 summam,
389 1073 420 1095 ut
431 1068 487 1101 ipse
505 1067 581 1098 dicit.
593 1066 790 1102 copulationem
803 1066 954 1094 distrahere

165 1112 262 1144 velint;
274 1111 351 1146 quasi
363 1118 457 1139 eorum
471 1118 532 1146 quae
541 1110 728 1142 dixitoblitus,
741 1109 815 1136 illum
827 1117 909 1138 unum
926 1110 953 1137 in

164 1158 217 1185 duo
232 1157 384 1185 distrahere
404 1157 617 1192 deprehenditur
632 1157 715 1184 etiam
736 1157 770 1184 de
787 1156 831 1183 illa
848 1164 953 1184 summa

165 1202 245 1238 129
261 1203 440 1236 copulatione,
455 1208 482 1230 ut
496 1203 552 1237 ipse
566 1202 643 1233 dicit,
660 1210 754 1237 parum
773 1210 876 1230 curare.
885 1202 953 1231 Nam

163 1249 288 1283 imperite
303 1253 379 1282 rogat
392 1258 399 1276 :
413 1249 580 1276 Dominnsne
605 1253 647 1275 est
659 1248 738 1276 etiam
751 1248 842 1281 homo,
857 1255 891 1275 an
906 1256 950 1276 se-

163 1302 213 1322 cns
223 1295 234 1322 2
246 1295 267 1322 si
281 1295 390 1330 quidem
408 1300 449 1322 est
463 1295 602 1326 Dominus,
619 1302 678 1329 qua:
692 1294 819 1321 dicuntur
835 1301 952 1322 consen-

166 1337 246 1365 tiunt.
259 1337 329 1373 Ergo
340 1337 375 1371 si,
394 1343 424 1365 nt
440 1343 484 1365 tua
501 1339 583 1366 habet
599 1339 694 1365 inscita
724 1339 883 1371 sciscitatio,
898 1339 952 1366 Do-

163 1383 254 1410 minus
265 1388 308 1410 est
320 1383 406 1418 ipsum
419 1383 536 1411 Verbum
549 1384 665 1411 seorsim
687 1391 717 1411 ac
727 1385 846 1419 proprie,
859 1385 951 1412 Domi-

162 1437 213 1456 nus
224 1429 305 1456 etiam
321 1430 378 1464 ipse
394 1430 540 1462 hutno,duo
553 1430 646 1464 procul
659 1429 740 1457 dubio
752 1435 834 1457 erunt
847 1430 949 1458 domini

162 1482 194 1502 ac
205 1475 261 1502 lilii.
275 1474 353 1503 Nullo
366 1483 430 1510 ergo
441 1476 520 1503 modo
534 1476 574 1503 vis
589 1480 642 1503 tum
663 1476 743 1503 istius
772 1484 886 1503 sumtum
903 1484 950 1504 co-

162 1519 309 1553 pulationis
330 1519 504 1547 credentibus
519 1520 639 1555 proderit
659 1525 734 1548 certe
749 1521 781 1547 ad
796 1520 949 1556 intelligen-

165 1566 228 1592 dntn
245 1573 327 1593 unutn
355 1565 492 1593 Christum
524 1570 552 1593 et
579 1567 722 1594 Dominum
739 1571 766 1595 et
782 1567 878 1595 Filium
888 1576 950 1595 cum

162 1611 237 1638 unita
250 1611 301 1638 sibi
317 1618 409 1638 carne.
426 1611 568 1646 Proposita
596 1619 712 1646 namque
741 1617 770 1640 et
788 1613 814 1640 iu
833 1613 950 1640 medium

161 1656 268 1691 prolata
282 1656 469 1684 Emmanuelis
495 1664 623 1690 persona,
658 1657 715 1685 sive
729 1658 791 1692 quis
810 1658 949 1686 hominem

162 1702 245 1735 dicat,
263 1703 351 1737 ipsum
368 1709 400 1730 ex
417 1702 470 1729 Deo
494 1702 574 1730 Patre
589 1702 706 1730 Verbum
736 1703 849 1731 formam
879 1705 950 1732 servi

163 1747 314 1782 sumpsisse
327 1747 546 1781 intelligimus,et
558 1755 590 1775 ex
609 1750 745 1776 mensuris
758 1749 951 1778 exinanitionis

162 1792 297 1820 declarari
313 1793 444 1825 dicimus;
462 1793 519 1820 sive
544 1794 625 1820 etiam
655 1794 738 1821 Deum
769 1795 949 1829 unigenitum,

162 1838 287 1866 eumdem
302 1846 364 1866 esse
376 1839 513 1866 credimus
523 1839 658 1866 hominem
670 1840 727 1874 jam
748 1840 847 1868 factum
867 1847 894 1869 et
906 1842 948 1868 in-

161 1888 314 1910 carnatnm.
331 1883 385 1911 Sed
403 1884 486 1916 cnim,
501 1888 532 1910 ut
543 1884 608 1917 dixi,
628 1885 672 1911 nni
696 1892 729 1912 ac
756 1886 805 1914 soli
834 1886 948 1919 homini,

162 1933 190 1956 et
207 1928 342 1956 intellecto
352 1929 463 1956 seorsim
479 1930 513 1956 ab
530 1929 575 1956 illo
583 1937 614 1957 ex
625 1929 705 1958 Patre
720 1930 807 1959 Verbo
825 1933 949 1961 tribuens

163 1974 234 2001 illius
246 1981 307 2001 cum
316 1981 399 2002 carne
422 1974 630 2010 dispensationis
642 1984 736 2010 opera,
762 1982 788 2004 et
804 1978 889 2013 ipsum
901 1987 948 2006 sn-

161 2019 292 2050 stinuisse
306 2027 356 2055 pro
383 2021 460 2048 nobis
487 2028 596 2048 crucem
610 2023 716 2054 asserit,
739 2028 766 2050 ct
781 2031 841 2052 esse
856 2025 949 2059 gloria:

163 2065 304 2093 Dominum
320 2065 445 2098 afﬁrmat,
457 2071 485 2093 et
500 2074 632 2101 suprema:
647 2068 767 2095 omnium
784 2073 887 2097 natura:
903 2078 948 2098 or-

161 2115 287 2138 namenta
309 2111 388 2138 undae
413 2116 548 2138 creatura:
571 2112 762 2147 circnmponit.
787 2114 831 2141 Ait
855 2116 945 2143 enim:

160 2155 321 2191 [Audiamus
358 2157 465 2183 beatum
497 2156 608 2184 Paulum
649 2162 739 2192 aperte
772 2159 947 2192 clamantem,

1013 247 1075 278 Υἱὸς
1085 246 1133 273 καὶ
1146 245 1258 280 Κύριος,
1268 247 1282 273 ὁ
1292 245 1325 272 δι’
1341 240 1373 272 οὗ
1387 244 1556 280 σεσὼσμεῦα,
1571 244 1619 270 καὶ
1631 241 1807 277 ἑκλελυτρὼ-

1011 292 1081 327 μεθα
1098 292 1142 319 διὰ
1165 291 1214 319 τοῦ
1229 292 1323 326 τιμίου
1341 289 1472 325 σταυροῦ.
1491 289 1546 316 Καὶ
1569 289 1648 324 ειπερ
1664 288 1740 315 ἐστὶν
1754 287 1808 315 ἄν·

1010 338 1119 374 θρωπος
1136 338 1240 370 ἁπλῶς,
1260 337 1309 364 καὶ
1333 337 1392 372 οὐχὶ
1415 336 1447 371 δὴ
1470 335 1569 370 μᾶλλον
1593 336 1622 362 ιν
1642 333 1809 370 ἀνθρωπειᾳ

1011 385 1101 419 μορερῇ
1122 383 1253 419 πεφηνὼς
1269 384 1284 410 6
1309 383 1342 409 ὲκ
1363 382 1431 409 Θεοῦ
1455 381 1562 417 Πατρδς
1584 381 1680 415 Λόγος.
1696 380 1806 416 ἡκέτω,

1008 429 1150 461 δεικνύτω,
1166 429 1214 455 καὶ
1231 429 1260 455 ὲν
1276 429 1366 464 μορφῇ
1386 426 1433 454 τοῦ
1450 426 1558 463 Πατρδς
1577 426 1734 460 ὑπάρχοντα
1748 425 1805 452 αὖ·

1009 474 1064 505 τὸν,
1088 475 1134 500 καὶ
1156 474 1249 509 μέντοι
1274 474 1321 500 καὶ
1345 473 1375 499 ὲν
1391 472 1494 507 ἰσότητι
1507 479 1515 487 '
1531 471 1562 498 οὐ
1580 470 1635 506 γὰρ
1651 470 1806 506 ἀρπατμδν

1007 521 1132 555 ἡγήσατο
1148 520 1180 547 τὸ
1196 518 1266 547 εἶναι
1282 518 1330 546 icta
1353 518 1430 554 Θεῷ-
1444 518 1492 545 ttat
1516 517 1629 553 προσέτι
1646 517 1734 552 τούτῳ
1749 516 1807 552 τὴν

1008 565 1056 593 τοῦ
1069 566 1164 593 δούλου
1177 565 1293 593 λαϐόντα
1306 564 1423 600 μορφὴν,
1432 563 1471 595 ὡς
1480 563 1532 590 οὐκ
1543 563 1641 598 ἔχοντά
1654 571 1720 590 ποτε
1732 571 1739 578 ·
1752 562 1807 589 καὶ

1009 613 1039 639 ὲν
1050 611 1164 639 κενώσει
1177 611 1371 646 γεγενημένον,
1384 610 1421 643 ὼς
1436 610 1466 637 έν
1480 609 1532 645 ἰδίᾳ
1545 609 1624 644 φύσει
1637 609 1755 645 λαχόντα
1770 608 1806 635 τὸ

1008 657 1121 693 πλῆρες.
1141 658 1169 685 '0
1183 658 1280 692 γάρτοι
1302 656 1449 687 θεσπέσιος
1463 655 1581 688 Παῦλος,
1602 656 1649 683 τον
1664 657 1693 682 ὲν
1704 656 1803 691 μορφῇ

1009 703 1055 730 καὶ
1070 703 1172 738 ἰσότητι
1195 703 1243 730 τοῦ
1269 702 1338 730 θεοῦ
1371 702 1420 730 καὶ
1438 702 1554 737 Πατρὸς.
1567 701 1694 736 γενέσθαι
1714 700 1804 736 φησὶν

1008 750 1128 785 ὑπήκοον
1142 749 1216 784 αὑτῷ
1233 749 1280 775 καὶ
1297 748 1379 784 μέχρι
1395 747 1521 780 θανάτου,
1537 747 1653 774 θανάτου
1669 746 1699 773 δὲ
1715 755 1804 774 σταυ-

1008 795 1066 831 ροῦ.
1082 793 1145 830 *Δρ*
1168 795 1218 822 οὐκ
1234 793 1352 830 ἐναργὴς
1369 795 1385 829 ἡ
1403 793 1458 821 τῶν
1481 793 1591 821 ἐννοιῶν
1606 792 1726 825 ato-tria;
1741 791 1801 819 Κύ-

1009 849 1065 876 ριον
1084 840 1113 867 δὲ
1130 841 1180 876 τῆς
1192 840 1273 875 δόξης
1299 840 1480 874 ὀνομάζοντος
1494 840 1562 875 ἡμῖν
1586 838 1634 865 τοῦ
1659 838 1801 874 μακαρίου

971 867 995 897 Β
1008 867 1115 914 ᾖαύλου
1133 867 1180 914 τόν
1193 867 1412 922 ἐσταυρωμένον,
1424 867 1492 921 φαίη
1505 867 1542 911 3v
1553 867 1706 916 οὐδείς-’οὐ
1722 867 1802 917 λέγει

1006 933 1057 968 τὴν
1071 932 1279 968 ἀνθρωπότητα,
1291 931 1360 959 ἀλλὰ
1371 931 1420 966 τὴν
1432 931 1556 965 θεότητιι.
1573 930 1641 956 "Eva
1654 929 1711 964 γὰρ
1729 929 1801 964 ὁμοί

1007 978 1140 1014 λογοῦμεν
1164 977 1283 1014 Χριστὸν
1302 977 1350 1004 καὶ
1367 977 1444 1008 Υῑὺν,
1459 977 1507 1003 καὶ
1525 977 1575 1012 τῆς
1590 975 1670 1010 δόξης
1692 974 1801 1010 Κύριον

1006 1024 1051 1051 τὸν
1061 1026 1092 1051 ὲκ
1101 1024 1168 1051 Θεοῦ
1184 1024 1289 1059 Πατρδς
1299 1024 1385 1057 Λόγον
1397 1022 1649 1058 ἐνανθρωπὴσαντα
1663 1021 1697 1048 δι’
1709 1022 1799 1057 ἡμᾶς,

1005 1069 1126 1096 παθόντα
1136 1077 1166 1095 τε
1181 1068 1251 1104 ὑπὲρ
1262 1068 1340 1104 ἡμῶν
1353 1068 1400 1095 καὶ
1412 1067 1506 1103 σαρκὶ,
1521 1068 1592 1094 κατὰ
1605 1066 1656 1099 τὰς
1671 1066 1798 1103 Γραφάς.

1005 1115 1078 1150 Πλὴν
1092 1115 1122 1142 οὺ
1138 1114 1255 1150 μετρίως
1266 1113 1492 1149 καταιτιώμενος,
1507 1113 1543 1145 ὡς
1555 1112 1605 1147 τὴν
1620 1112 1721 1148 ἀκριϐῆ
1735 1120 1801 1138 συν-

1004 1161 1110 1194 άφειαν,
1127 1160 1199 1187 καθά
1213 1167 1297 1194 φησιν
1311 1158 1405 1190 αὐτὸς,
1424 1158 1540 1193 διασπᾷν
1561 1156 1713 1188 ἐθέλοντας.
1731 1156 1798 1186 τοὺς

1004 1205 1192 1242 ἀπονέμοντας
1209 1205 1258 1240 μὲν
1273 1203 1313 1240 τῷ
1336 1203 1396 1239 Θεῷ
1417 1203 1497 1238 Λόγῳ
1512 1203 1542 1229 τὺ
1559 1203 1609 1238 τῆς
1631 1201 1799 1238 κυριότητος

1003 1251 1098 1286 ὄνομα,
1111 1251 1161 1285 τῆς
1172 1259 1204 1284 γε
1221 1249 1276 1286 μὴν
1291 1248 1499 1284 ἀνθρωπότητος
1514 1247 1701 1284 ἀποφέροντας
1718 1246 1798 1282 αὐτῷ

1004 1297 1058 1333 [ten
1072 1295 1161 1332 αὺτὺ],
1182 1295 1308 1330 καθάπερ
1321 1295 1361 1326 εἰς
1384 1293 1469 1329 λήθην
1485 1290 1522 1320 ὧν
1543 1293 1595 1328 ἔφη
1609 1293 1711 1326 πεσὼν,
1732 1291 1796 1319 δια-

1004 1343 1075 1378 σπᾷν
1089 1343 1129 1374 εἰς
1144 1341 1191 1368 δύο
1204 1341 1402 1376 καταφωρᾶται
1414 1339 1460 1367 τὸν
1474 1340 1532 1373 ἕνα,
1543 1339 1592 1367 καὶ
1601 1339 1649 1374 τῆς
1660 1337 1797 1373 ἀκριϐοῦς

1003 1390 1063 1415 κατ’
1086 1389 1167 1416 αὑτὸν
1187 1387 1334 1422 συναῳείας
1359 1387 1437 1421 ὀλίγα
1462 1385 1661 1422 πεφροντικώς.
1688 1385 1798 1421 Ἐρωτᾷ

1004 1434 1058 1470 γὰρ
1072 1433 1201 1468 ἀμαθῶς·
1219 1432 1322 1468 Κύριος
1338 1433 1385 1459 καὶ
1403 1433 1417 1459 6
1432 1431 1585 1468 ἄνθρωπος,
1601 1431 1618 1466 ἢ
1633 1429 1680 1463 οὖς
1699 1430 1725 1456 ει
1744 1430 1797 1464 μὲν

1002 1476 1048 1505 οὖν
1061 1479 1174 1513 Κύριος.
1195 1477 1304 1513 συνᾴδει
1329 1476 1364 1503 τὰ
1384 1476 1530 1512 λεγόμενα.
1547 1474 1662 1507 Οὐκοῦν,
1680 1476 1706 1502 εἰ
1722 1474 1796 1502 κατὰ

1002 1522 1051 1558 τὴν
1063 1522 1112 1558 σὴν
1124 1522 1253 1549 ἀσύνετον
1264 1520 1372 1554 πεῦσιν,
1383 1520 1484 1556 Κύριος
1500 1520 1551 1556 μὲν
1564 1520 1578 1546 6
1588 1520 1673 1553 Λόγος
1689 1519 1795 1550 ἰδικῶς.

1002 1568 1104 1604 Κύριος
1120 1567 1148 1594 δὲ
1169 1568 1217 1594 καὶ
1232 1568 1246 1594 6
1262 1566 1415 1602 ἄνθρωπος,
1429 1565 1475 1592 δύο
1491 1574 1542 1592 που
1562 1565 1670 1596 πάντως
1690 1563 1716 1590 οἱ
1743 1563 1794 1590 κύ-

1003 1622 1066 1649 ριοι,
1081 1613 1128 1639 καὶ
1141 1612 1204 1639 υἱοί.
1220 1612 1327 1646 Ὀνήσει
1340 1611 1372 1646 δὴ
1386 1608 1432 1638 οὖν
1443 1610 1493 1645 τῆς
1503 1609 1633 1645 ἀκριϐοῦς
1644 1608 1795 1643 συναφεῐσς

1000 1658 1017 1692 ἡ
1032 1656 1145 1691 δύναμις
1162 1656 1222 1682 κατ’
1240 1655 1336 1682 οὐδένα
1358 1654 1458 1690 τρόπον
1479 1655 1543 1686 τοὺς
1562 1653 1794 1685 πεπιστευκότας.

1001 1703 1041 1734 εἴς
1053 1711 1084 1736 γε
1099 1702 1130 1728 τὸ
1147 1701 1248 1737 χρῆναι
1261 1702 1331 1728 νοεῖν
1351 1700 1401 1728 ἕνα
1423 1700 1542 1736 Χριστὸν
1558 1700 1606 1727 καὶ
1620 1699 1726 1735 Κύριον
1747 1699 1796 1727 καὶ

1001 1748 1065 1775 Υἱὺν
1077 1748 1146 1784 μετὰ
1159 1747 1209 1782 τῆς
1224 1746 1371 1782 ένωθεξσης
1388 1746 1462 1781 αὐτῷ
1478 1745 1588 1782 σαρκός.
1604 1745 1794 1781 Προκειμένου

1001 1794 1054 1829 γὰρ
1067 1794 1116 1821 καὶ
1129 1792 1343 1829 παρενεχθέντος
1360 1792 1401 1824 εἰς
1418 1792 1500 1827 μέσον
1515 1791 1563 1818 τοῦ
1581 1791 1730 1826 προσώπου
1745 1791 1793 1817 τοῦ

1007 1839 1190 1875 Ἐμμανουὴλ,
1202 1839 1253 1866 κᾶν
1268 1839 1295 1865 εῐ
1303 1847 1345 1870 τις
1364 1837 1507 1874 ἄνθρωπον
1522 1837 1607 1871 λέγοι,
1619 1836 1665 1863 τὸν
1676 1837 1709 1863 ἐκ
1723 1835 1793 1862 Θεοῦ

1001 1887 1108 1922 Πατρὺς
1121 1885 1207 1920 Λόγον
1229 1884 1336 1920 μορφὴν
1359 1883 1454 1911 δούλου
1470 1883 1588 1910 λαϐόντα
1603 1882 1730 1918 νοοῦμεν,
1746 1883 1794 1910 καὶ

999 1935 1031 1961 ἐκ
1045 1934 1099 1960 τῶν
1119 1933 1168 1968 τῆς
1183 1931 1324 1963 κενώσεως
1340 1931 1448 1966 μέτρων
1469 1929 1614 1965 δηλοῦσθαι
1639 1938 1733 1965 φαμεν
1744 1937 1751 1944 ·
1767 1930 1794 1956 εἰ

999 1979 1028 2005 δὲ
1043 1978 1075 2014 δὴ
1084 1978 1130 2005 καὶ
1144 1977 1211 2004 Θεὸν
1224 1976 1366 2012 μονογενῆ,
1380 1975 1426 2002 τὸν
1440 1975 1521 2002 αὐτὸν
1530 1972 1599 2001 εἶναι
1615 1973 1793 2005 πιστεύοντες

1000 2025 1055 2061 [ισ.
1070 2023 1245 2059 πιστεύομεν]
1263 2021 1495 2058 ὲνηνθρωπηκότα
1515 2029 1546 2048 τε
1560 2021 1611 2056 ἥδη
1629 2019 1677 2047 καὶ
1692 2028 1793 2056 σεσαρ-

999 2070 1133 2106 κωμένον.
1153 2069 1233 2096 Ἀλλὰ
1248 2069 1312 2105 γὰρ,
1328 2068 1366 2100 ὡς
1383 2068 1461 2103 ἔφην,
1474 2067 1514 2093 ἐνὶ
1527 2066 1558 2102 δὴ
1573 2066 1620 2092 καὶ
1637 2066 1722 2102 μόνῳ,
1744 2067 1792 2093 καὶ

1001 2115 1092 2147 ἰδικῶς
1109 2115 1247 2150 νοουμένῳ
1262 2113 1338 2148 παρὰ
1349 2113 1396 2140 τὸν
1417 2113 1449 2139 ἐκ
1461 2111 1567 2147 Πατρδς
1583 2111 1670 2145 Λόγον
1686 2110 1792 2146 ἀνθρώ-

999 2171 1053 2196 πῳ,
1067 2160 1229 2196 προσνέμων
1245 2159 1296 2194 τῆς
1313 2158 1382 2194 μετὰ
1397 2157 1498 2193 σαρκὸς
1509 2156 1665 2191 οἰκονομέας
1676 2155 1711 2183 τὰ
1725 2165 1792 2184 κατ-

159 2202 285 2236 quisnam
299 2202 335 2229 sit
350 2201 394 2230 ille
405 2202 551 2230 crucifixus
567 2212 574 2230 ε
601 2203 708 2230 Etenim
731 2206 876 2233 cruciﬁxus

1047 2208 1156 2243 ώματα.
1181 2207 1229 2233 κα)⁸
1251 2206 1333 2233 αὑτὸν
1351 2205 1422 2241 ὑπὲρ
1446 2204 1525 2240 ἡμῶν
1550 2204 1696 2238 ὑπομεῖναί
1721 2211 1789 2238 φησι

157 2254 189 2275 ex
203 2247 369 2279 inﬁrmitate,
381 2248 428 2274 sed
444 2248 510 2274 vivit
521 2255 555 2275 ex
571 2248 672 2276 virtute
688 2248 759 2286 Dei.]
784 2251 850 2284 Quis
868 2253 944 2280 inlir.

159 2297 247 2321 matus
263 2297 315 2326 est,
331 2293 477 2322 haeretice?
498 2294 579 2321 illene
616 2295 686 2322 Deus
714 2295 832 2324 Verbum
846 2298 945 2327 ilullr-

157 2338 261 2366 mitatis
273 2339 382 2373 quidem
399 2339 488 2368 omnis
506 2348 616 2375 prorsus
630 2348 728 2376 expers
741 2349 756 2369 a
784 2344 862 2372 nobis
882 2353 942 2373 cre-

157 2384 229 2411 ditur
243 2384 306 2411 illud
323 2392 356 2412 ex
374 2384 429 2412 Deo
451 2384 530 2413 Patre
555 2386 687 2415 Verbum.
719 2388 780 2422 Ipse
802 2396 844 2418 est
870 2391 943 2419 enim

159 2429 438 2459 DuminusVirtutum.
451 2430 503 2459 Sed
516 2436 604 2459 tamen
617 2432 680 2460 illud
695 2441 815 2468 expone;
831 2438 944 2465 metuis-

158 2482 190 2501 ne
206 2475 239 2502 de
252 2483 285 2503 eo
301 2476 467 2504 infirmitatis
478 2485 576 2504 nomen
591 2479 726 2513 accipere?
736 2487 815 2515 quam
830 2482 865 2509 ob
877 2491 943 2510 cau-

157 2520 232 2546 sam?
251 2528 311 2547 cum
331 2521 374 2549 illa
387 2529 434 2557 per
449 2530 559 2550 carnem
577 2523 746 2558 dispensatio
756 2526 831 2554 illum
841 2527 943 2556 eximat

158 2566 191 2594 ab
209 2566 316 2601 injuria,
332 2567 439 2596 etiamsi
467 2569 605 2603 quidpiam
616 2577 710 2604 passus
723 2579 783 2599 esse
792 2572 897 2600 dicatur
908 2582 941 2601 ex

159 2612 201 2642 his
211 2619 272 2647 quae
283 2620 297 2639 a
313 2618 409 2640 natura
421 2614 506 2649 ipsius
520 2619 547 2642 et
558 2614 644 2649 gloria
668 2621 731 2643 sunt
750 2616 857 2644 aliena?
874 2618 940 2646 Nam

158 2658 180 2685 si
192 2665 252 2684 cum
266 2658 338 2685 dives
360 2664 442 2691 esset,
465 2667 567 2694 pauper
583 2660 670 2688 factus
685 2666 727 2688 est
744 2662 767 2678 ”
778 2682 786 2694 ,
814 2667 842 2690 et
855 2663 941 2692 factus

159 2706 200 2731 est
214 2702 300 2730 nostri
312 2702 409 2731 similis
426 2703 512 2731 forma
529 2705 599 2731 servi
610 2710 745 2740 suscepta,
771 2707 877 2734 etiamsi
901 2709 942 2736 di-

159 2748 395 2779 caturinlirmatus
410 2757 443 2777 ex
463 2749 641 2784 humanitate,
667 2751 734 2779 nihil
753 2752 861 2782 absurdi
890 2759 940 2788 cst,

197 2840 218 2856 υ
235 2839 316 2868 lCor.
336 2848 367 2873 ιι,
389 2841 415 2868 8.
453 2841 475 2857 "
490 2839 512 2868 ll
531 2841 594 2868 Cor.
609 2848 669 2876 ιιιι,
684 2843 711 2870 9.

997 2255 1123 2290 σταυρδν,
1133 2251 1202 2279 εἶναί
1220 2261 1250 2279 τε
1263 2253 1312 2287 τῆς
1328 2251 1407 2286 δόξης
1420 2249 1639 2276 διαϐεϐαιοῦνται
1654 2248 1710 2285 [ton
1729 2249 1788 2275 δια-

997 2299 1155 2328 ϐεϐαιοῦται
1170 2298 1180 2335 ]
1193 2298 1308 2333 Κύριον,
1321 2296 1418 2332 γυμνῷ
1431 2295 1560 2330 κτίσματι
1574 2294 1725 2330 περιτιθεὶς
1740 2295 1789 2330 τῆς

996 2346 1127 2374 ἀνωτάτω
1140 2344 1247 2379 φύσεως
1262 2342 1298 2370 τὰ
1308 2340 1543 2378 αὐχήματα.Φησὶ
1551 2341 1615 2376 γάρ·
1631 2339 1789 2376 [Ἀκούσω-

998 2401 1048 2427 μεν
1061 2390 1107 2418 τοῦ
1130 2389 1267 2425 μακαρίου
1283 2387 1391 2416 Παύλου
1409 2387 1535 2422 φανερῶς
1553 2385 1732 2420 κεκραγότος,
1747 2385 1788 2418 τίς

995 2439 1069 2464 ἐστιν
1086 2437 1100 2463 6
1115 2435 1333 2470 ἐσταυρωμένος
1349 2433 1405 2460 Καὶ
1421 2433 1476 2469 γὰρ
1489 2431 1651 2468 ἐσταυρώθη
1666 2431 1696 2465 ἐξ
1709 2431 1788 2458 ἀσθε-

994 2483 1079 2514 νείας,
1096 2481 1165 2509 ἀλλὰ
1183 2481 1216 2516 ζῇ
1236 2482 1270 2507 ὲκ
1285 2480 1428 2515 δυνάμεως
1444 2477 1538 2514 Θεοῦ.]
1555 2477 1602 2510 Τίς
1614 2477 1786 2513 ἠσθένησεν;

993 2529 1007 2555 6
1021 2528 1087 2559 Θεὸς
1100 2526 1328 2562 Λόγος,αἰρετικέ
1340 2535 1348 2558 ;
1367 2524 1523 2556 ’Δσθενειας
1551 2523 1600 2558 μὲν
1616 2521 1664 2550 οὖν
1678 2523 1786 2559 ἀπάσης

993 2574 1127 2610 ἀμέτοχος
1150 2573 1291 2604 παντελῶς
1307 2573 1321 2599 6
1342 2573 1375 2598 ὲκ
1397 2570 1466 2597 Θεοῦ
1487 2569 1596 2605 Πατρὸς
1610 2569 1698 2604 Λόγος
1719 2569 1786 2605 πρὸς

994 2619 1073 2655 ἡμῶν
1089 2618 1160 2646 εἶναι
1174 2619 1340 2646 πιστεύεται.
1353 2618 1440 2648 Αὐτὸς
1453 2617 1508 2651 γάρ
1522 2617 1596 2643 ἐστιν
1612 2617 1627 2643 ό
1638 2615 1692 2643 τῶν
1706 2615 1786 2643 δυνά-

997 2674 1070 2700 μεων
1084 2664 1197 2700 Κύριος.
1213 2663 1286 2699 Πλὴν
1297 2664 1385 2690 ἐκεῖνο
1404 2662 1523 2698 φράσον·
1538 2661 1627 2693 δέδιας
1643 2661 1688 2687 ἐπ’
1702 2659 1785 2688 αὑτοῦ

994 2710 1026 2737 τὸ
1045 2710 1095 2744 τῆς
1113 2709 1254 2741 ἀσθενείας
1273 2709 1359 2744 ὄνομα
1373 2707 1480 2740 λαϐεἶν;
1497 2707 1542 2734 διὰ
1567 2706 1649 2733 ποίαν
1673 2706 1783 2738 αἰτίαν;

996 2756 1085 2783 καίτοι
1108 2757 1157 2792 τῆς
1175 2755 1244 2792 μετὰ
1261 2755 1361 2791 σαρκὸς
1379 2753 1537 2790 οἰκονομίας
1555 2752 1602 2780 τοῦ
1618 2751 1784 2788 κατεψέχθαι
