1886 3056
166 135 219 163 227

166 193 234 220 vivit
245 200 277 220 ex
290 193 389 220 virtute
406 193 470 227 Dei;
488 202 498 219 ›
513 193 556 228 pie
566 192 668 220 dictum
680 192 886 228 intellige.Nam
895 200 957 228 pas-
971 196 994 224 Α

167 246 227 266 sum
244 239 310 267 dicit
322 240 488 272 humanitus,
503 240 629 274 quamvis
644 244 769 266 naturam
781 240 858 275 131
872 240 955 267 habe-

165 290 207 312 ret
222 293 334 320 prorsus
345 293 360 312 a
371 285 500 320 patiendo
516 291 659 313 remotam.
675 285 800 320 Cumque
811 287 851 314 sic
865 294 894 313 se
907 287 955 313 ha-

165 331 252 363 beret,
265 331 397 358 infirmari
413 338 522 358 carnem
532 331 671 364 sustinuit,
682 337 709 359 et
722 333 879 359 humanitus
887 333 954 359 mori

166 385 226 404 cum
242 377 430 409 sustinuisset,
448 377 579 405 divinitus
604 378 782 409 revixit,cum
792 378 850 412 ipse
875 385 954 405 suum

165 422 329 450 vivificasset
343 424 481 457 templum,
494 429 586 458 utpote
601 423 687 451 virtus
709 423 809 450 Patris.
823 424 904 451 Certe
914 424 956 451 in-

164 473 254 496 stante
262 467 319 502 jam
337 473 459 503 tempore
468 476 522 504 quo
536 477 645 496 crucem
659 477 708 504 pro
722 469 800 497 nobis
817 474 875 497 erat
890 471 955 497 sub-

166 514 265 547 iturus,
281 515 377 543 abiens
396 516 496 548 oravit.
517 516 628 544 dicens:
646 525 656 542 ι
671 515 762 550 Pater,
780 516 802 544 si
823 516 952 551 possibile

165 565 217 593 est,
231 564 352 588 transeat
372 569 387 588 a
407 569 450 588 me
477 561 547 588 calix
560 561 621 589 iste.
641 570 650 587 ι
670 561 776 596 Adjecit
787 562 869 589 etiam
889 562 954 589 illud

165 607 198 632 ad
215 606 294 633 flnem
309 607 468 634 orationis:
490 617 502 633 ι
522 607 716 634 Verumtamen
739 615 791 635 non
808 607 880 635 sicut
904 615 954 641 ego

165 651 237 682 volo.
250 651 296 678 sed
312 651 383 679 sicut
400 657 426 679 tu
439 653 473 679 ".
489 661 500 678 ι
519 651 650 685 Quoniam
662 659 728 680 vero
742 653 836 685 semel,
858 660 954 687 qnam-

163 697 205 723 vis
225 698 398 732 omnipotens
416 697 532 726 Verbum
549 705 581 726 ac
596 699 666 726 Deus
679 703 760 731 esset,
777 704 896 726 nostram
911 700 953 726 in-

165 742 322 770 firmitatem
339 744 431 771 subire
443 745 547 777 statuit,
563 745 625 772 facti
646 752 757 772 causam
771 749 800 772 nt
816 745 951 776 redderet,

163 796 270 816 summo
286 790 496 824 dispensationis
510 790 623 817 consilio
638 790 675 817 ait
691 799 698 817 :
729 799 738 815 ι
756 790 874 824 Spiritus
892 790 953 824 qni-

163 836 224 862 dem
241 841 391 870 proruptus,
405 844 468 864 caro
484 841 573 864 antem
592 837 698 864 infirma
711 837 743 863 ".
764 847 774 863 ι
804 836 950 864 Considera

163 882 246 916 igitur
259 887 289 909 ut
302 882 366 909 nihil
385 883 440 918 ipse
455 882 587 917 deiectus,
606 891 697 917 neque
718 883 801 910 etiam
834 883 951 910 infirmi-

164 933 246 956 tatem
260 929 287 956 in
304 937 380 956 suam
397 935 520 956 naturam
533 930 692 964 suscipiens,
711 930 846 957 concessit
875 931 950 957 carni

163 980 212 1007 per
229 981 291 1000 suas
307 975 429 1008 proprias
444 974 515 1009 leges
531 981 662 1009 pergere:
691 979 718 1002 et
745 975 830 1008 ipsius
849 982 880 1001 ea
910 983 952 1001 res

160 1019 273 1053 dicitur,
295 1024 436 1054 propterea
450 1020 520 1054 quod
539 1021 679 1055 proprium
691 1025 735 1049 est
755 1021 814 1056 ejns
840 1028 950 1055 corpus.

162 1065 246 1099 Igitur
260 1066 396 1093 hominem
411 1067 519 1101 quidem
535 1067 623 1102 ipsutn
646 1067 724 1094 nobis
750 1067 870 1095 ostendit
893 1067 951 1102 ipsa

162 1109 254 1136 carnis
272 1110 428 1143 infirmitas,
452 1111 498 1138 sed
516 1111 598 1138 Deum
631 1111 798 1139 infirmitatis
828 1113 953 1147 ignarum

162 1155 320 1190 agnovimus
337 1157 362 1183 in
376 1164 408 1184 eo
420 1157 491 1191 quod
505 1162 618 1185 mortem
635 1157 706 1185 haud
737 1162 778 1185 est
794 1165 949 1193 perpessus,

162 1206 218 1228 eta
242 1202 350 1236 proprio
376 1209 490 1237 corpore
511 1203 711 1238 corruptionem
753 1204 860 1238 repulit.
891 1203 950 1231 Vita

162 1253 280 1280 namque
288 1251 329 1273 est
347 1251 374 1273 et
386 1247 475 1275 virtus
485 1247 586 1276 Patris.
603 1247 670 1275 Nam
687 1249 758 1282 quod
774 1249 845 1276 illam
866 1249 893 1276 in
908 1249 950 1276 his

163 1293 244 1319 rebus
261 1292 448 1321 infirmitatem
464 1294 597 1322 insuetam
611 1294 662 1322 sibi
677 1299 704 1322 et
730 1295 949 1328 involuntariam,

163 1336 260 1364 fecerit
276 1337 457 1366 voluntariam
478 1339 503 1366 in
519 1338 564 1366 Dei
579 1344 607 1366 et
618 1339 705 1367 Patris
717 1340 896 1374 beneplacito,
920 1345 950 1367 ut

162 1382 265 1410 salvum
277 1382 378 1411 faceret
392 1384 485 1412 urbem
505 1390 649 1417 terrarum,
679 1385 788 1413 docebit
807 1385 864 1420 ipse
887 1394 948 1413 CIIII

162 1428 228 1455 dicit
245 1436 253 1454 :
268 1438 278 1454 ‹
297 1428 363 1462 Quia
383 1429 509 1458 descendi
522 1431 554 1457 de
570 1431 650 1463 celo,
670 1439 722 1459 non
738 1437 767 1458 ut
781 1432 877 1459 faciam
901 1440 949 1459 vo-

163 1472 296 1501 luntatem
324 1481 424 1507 meam,
453 1476 500 1502 sed
532 1476 697 1503 voluntatem
728 1477 787 1511 ejus
807 1477 852 1511 qui
877 1477 951 1505 misit

162 1527 206 1547 me
222 1529 230 1548 :
246 1526 276 1548 nt
286 1528 366 1548 omne
377 1522 447 1556 quod
457 1522 554 1550 dedisti
569 1523 646 1556 mihi,
666 1531 719 1550 non
735 1524 844 1558 perdam
859 1532 890 1551 ex
904 1533 946 1557 eo,

162 1567 209 1594 sed
222 1568 380 1595 resuscitem
394 1568 460 1595 illud
485 1569 511 1595 in
536 1569 683 1596 novissimo
714 1569 758 1597 die
781 1569 814 1598 “.
834 1580 844 1596 ι
866 1571 947 1605 Atqui

162 1620 281 1646 quonam
297 1614 389 1646 modo,
404 1614 426 1641 si
442 1615 551 1649 quidem
567 1615 635 1643 bona
654 1621 696 1642 est
712 1615 802 1643 Patris
813 1617 948 1649 voluntas,

163 1658 275 1685 alteram
291 1663 378 1686 tamen
391 1659 484 1693 procul
501 1659 584 1687 dubio
595 1661 692 1688 bonam
709 1662 845 1696 propriam
856 1669 885 1688 se
901 1662 947 1689 ha-

163 1703 229 1731 bere
240 1705 273 1731 ab
297 1704 342 1731 illa
357 1706 491 1732 diversam
504 1706 670 1733 voluntatem
683 1707 750 1734 dicit
766 1706 851 1734 Filius
861 1708 872 1734 ’ἓ
883 1707 949 1735 Nam

163 1749 185 1775 si
201 1750 291 1777 minus
305 1755 346 1777 est
360 1751 457 1783 bonus,
480 1751 618 1785 quomodo
639 1752 726 1786 imago
748 1753 804 1787 jam
821 1759 846 1781 et
866 1753 950 1789 flgura

163 1794 370 1828 ejuscreditur?
384 1797 518 1830 quomodo
537 1796 600 1823 item
616 1804 681 1824 vere
699 1797 769 1824 dicet
784 1806 792 1824 :
820 1807 829 1823 ι
851 1798 907 1833 ligo
925 1804 951 1826 et

165 1841 245 1868 I’ater
260 1849 341 1868 unum
354 1841 499 1869 sumus"?
514 1851 523 1867 ι
538 1846 588 1869 et:
609 1852 618 1868 ι
640 1843 690 1876 Qui
719 1843 787 1870 vidit
809 1852 866 1878 me,
884 1845 952 1872 vidit

162 1891 190 1914 et
203 1886 311 1915 Patrem
328 1887 370 1914 “‘i
390 1897 399 1913 ι
417 1887 510 1922 Neque
523 1889 593 1915 enim
608 1890 749 1923 quisquam
769 1890 794 1916 in
821 1890 892 1917 haud
903 1893 950 1918 bo-

164 1938 199 1958 no
210 1931 302 1958 videat
317 1939 378 1958 eum
396 1933 442 1967 qui
455 1941 486 1960 ex
501 1937 598 1960 natura
613 1934 648 1961 sit
661 1934 757 1961 bonus.
772 1935 854 1969 Atqui
866 1936 952 1963 bonus

162 1976 248 2004 Filius
257 1985 292 2005 ex
308 1978 378 2005 bono
395 1983 506 2006 exortus
521 1984 564 2006 est
576 1978 666 2011 Patre,
681 1985 777 2014 estque
793 1981 851 2014 ejus
861 1980 951 2016 imago

163 2022 236 2049 nulla
252 2022 280 2049 in
296 2031 324 2050 re
339 2023 373 2049 ab
383 2030 416 2050 eo
430 2024 550 2051 varians.
562 2023 685 2057 Quanam
703 2025 784 2060 igitur
813 2025 951 2054 voluntate

162 2068 255 2095 relicta
273 2077 353 2103 quam
371 2076 446 2097 suam
461 2078 522 2098 esse
539 2071 650 2105 fatetur,
676 2071 764 2099 Patris
779 2072 946 2099 voluntatem

162 2121 192 2141 se
205 2114 302 2142 fecisse
322 2115 403 2142 dicit?
419 2115 538 2151 Propriae
565 2117 655 2145 carnis
682 2122 770 2145 morte
788 2117 951 2146 liberaturus

161 2166 221 2188 erat
233 2169 293 2188 mox
308 2169 356 2189 eos
378 2170 393 2189 a
407 2169 495 2190 morte
508 2163 556 2198 qui
572 2163 610 2190 illi
625 2168 702 2191 erant
718 2163 839 2196 obnoxii,
858 2164 884 2190 id
909 2168 950 2191 est
979 2195 982 2198 _

161 2214 220 2234 nos.
243 2207 296 2234 Sed
313 2209 364 2235 hoc
376 2208 463 2242 ipsum
478 2209 546 2236 mori
558 2217 642 2237 carne
665 2214 743 2244 turpe
757 2214 827 2242 erat,
844 2215 871 2236 et
885 2210 947 2243 sibi,
963 2224 988 2253 υ

160 2251 254 2286 utjam
269 2253 335 2286 dixi,
349 2254 483 2281 insuetum
501 2259 530 2282 et
556 2255 762 2291 refugiendum:
786 2256 811 2282 id
842 2263 948 2290 quoque

161 2303 252 2325 nostra
268 2307 349 2326 causa
366 2300 494 2328 sustinuit
522 2301 549 2328 in
569 2301 737 2336 beneplacito
752 2301 850 2328 Patris.
869 2301 946 2336 132

161 2344 275 2372 Noverat
291 2346 362 2373 enim
377 2347 480 2381 optime
495 2347 517 2374 si
532 2352 643 2382 propter
660 2348 751 2375 carnis
776 2355 831 2375 suae
846 2350 947 2381 passio-

161 2399 209 2418 nes
226 2393 361 2420 modicum
380 2393 626 2428 fuissetinglorius,
641 2400 672 2420 se
693 2400 786 2420 omnes
800 2393 832 2419 ad
846 2398 945 2420 statum

161 2437 239 2471 longe
252 2440 468 2472 praestantiorem
488 2439 876 2466 transferendoliberaturum.
889 2449 897 2464 ι
918 2439 946 2466 Si

161 2483 222 2516 quis
236 2484 307 2510 enim
320 2484 346 2510 in
362 2484 482 2517 Christo,
500 2492 567 2512 nova
581 2491 704 2512 creatura
718 2496 724 2512 :
741 2489 831 2512 vetera
854 2490 947 2511 trans-

161 2529 262 2562 ierunt,
296 2537 359 2557 ecce
373 2530 442 2558 facta
452 2536 515 2558 sntit
536 2531 626 2558 omnia
653 2539 732 2563 nova,
753 2540 762 2556 ι
784 2532 853 2558 sicut
877 2531 948 2557 scri-

163 2580 237 2609 ptum
252 2580 294 2603 est
310 2576 343 2601 ⁶⁷.
374 2576 507 2603 Divinitus
535 2577 617 2610 igitur
635 2577 771 2612 inspirata:
801 2575 948 2610 Scriptum

163 2621 300 2648 Christum
313 2629 397 2648 unum
411 2627 439 2648 et
454 2621 552 2649 Filium
565 2628 593 2649 ct
606 2623 749 2649 Dominum
767 2622 866 2648 Inundo
877 2629 946 2656 pra:-

163 2665 266 2698 dicant,
286 2672 313 2693 et
326 2668 411 2700 ipsum
428 2674 487 2694 esse
498 2672 622 2694 asserunt
640 2667 714 2693 illum
742 2667 834 2701 gloria:
860 2665 948 2692 Domi-

163 2720 244 2746 num;
261 2713 390 2746 illumque
402 2718 510 2748 propter
527 2721 577 2740 nos
591 2722 605 2740 a
622 2712 721 2740 Judzeis
733 2713 820 2740 illatas
836 2712 948 2745 injurias

164 2759 315 2787 voluntarie
329 2760 498 2793 sustinuisse,
512 2764 680 2793 mortemque
696 2760 722 2786 in
750 2759 822 2793 ligno
840 2758 946 2793 dispen-

968 869 989 896 Β

199 2849 333 2887 ⁶²ιΜειιιι
349 2858 424 2884 aut,
439 2850 484 2878 59.
522 2849 544 2868 “
558 2849 622 2878 ibid.
633 2849 678 2876 ιι.

661 137 690 164 S.
711 135 849 164 CYltlLLl
868 134 1104 164 ALEXANDRINI
1124 134 1287 164 ARCIIIEP.

732 2849 753 2865 “
765 2848 842 2876 Joan.
858 2856 894 2882 vt,
908 2847 1002 2877 38-59.

1744 135 1805 162 228

1009 200 1070 227 μεν.
1096 192 1179 218 Ὅταν
1205 189 1253 218 οὖν
1273 191 1393 227 ἀκούσῃς
1419 190 1465 217 τοῦ
1498 191 1725 226 Πνευματοφὸρον
1754 191 1806 218 λέ-

1007 245 1116 271 γοντος·
1141 247 1150 262 ε
1170 235 1347 271 Ἐσταυρὼθη
1375 235 1405 268 ἐξ
1430 235 1593 269 ἀσθενείας,
1614 236 1682 262 ἀλλὰ
1709 235 1742 270 ζῇ
1768 236 1807 262 ὲκ

1006 283 1146 318 δυνάμεως
1168 283 1246 316 Θεοῦ,
1268 293 1277 309 ι
1299 283 1377 314 σύνες
1397 282 1526 314 εὐσεϐῶς.
1548 282 1718 309 Πεπονθέναι
1744 281 1806 316 γὰρ

1006 329 1185 364 ἀνθρωπίνως
1210 329 1292 364 φησὶν
1321 329 1413 361 αὐτὸν,
1428 329 1517 355 καίτοι
1542 328 1592 364 τὴν
1620 328 1702 362 φύσιν
1721 328 1807 363 ἔχον-

1005 383 1041 401 τα
1063 374 1110 401 τοῦ
1135 374 1232 401 παθεῖν
1256 374 1385 401 ἐπέκεινα
1413 373 1564 406 παντελῶς.
1586 375 1676 410 Ἐχων
1694 374 1725 400 δὲ
1753 373 1807 399 οὖ-

1005 427 1070 451 τως,
1086 418 1252 453 ἀσθενούσης
1276 418 1405 453 ἠνέσχετο
1427 419 1476 453 τῆς
1502 418 1613 454 σαρκὸς,
1633 418 1680 445 καὶ
1705 418 1807 444 παθὼν

1005 463 1183 497 ἀνθρωπίνως
1201 462 1232 488 τὸ
1246 462 1403 494 ἀποθανεῖν,
1419 462 1520 489 ἀνεϐίω
1537 462 1646 495 θεῖκῶς,
1661 463 1807 497 ζωοποιή-

1005 516 1055 540 σας
1069 508 1115 534 τὸν
1137 507 1235 534 ἑαυτοῦ
1251 507 1314 534 ναὸν
1328 508 1420 540 αὐτὸς,
1435 508 1474 539 ὡς
1487 508 1603 542 δύναμις
1614 508 1662 534 τοῦ
1677 509 1805 544 Πατρός.

1005 553 1060 580 Καὶ
1075 553 1140 588 γοῦν
1163 553 1339 588 ἐνεστηκότος
1360 553 1411 588 ἤδη
1433 552 1480 580 τοῦ
1498 552 1606 589 καιροῦ,
1623 553 1685 579 καθ’
1697 553 1728 579 ὃν
1745 553 1806 579 ἔδει

1004 599 1052 626 τὸν
1074 600 1144 635 ὑπὲρ
1160 600 1239 635 ἡμῶν
1263 600 1408 634 ὑπομεῖναι
1429 600 1555 636 σταυρὸν,
1575 599 1701 627 ἀπελθὼν
1715 608 1806 635 προσ-

1004 646 1123 682 ηύξατο,
1147 646 1253 680 λέγων·
1281 655 1290 671 t
1316 646 1424 680 Πάτερ,·
1445 647 1469 673 ει
1492 646 1614 680 δυνατὸν,
1639 645 1805 681 παρελθέτω

1004 693 1052 719 ἀπ’
1065 692 1132 727 ἐμοῦ
1147 692 1178 718 τὸ
1193 693 1320 727 ποτήριον
1332 693 1422 721 τοῦτο.
1442 701 1451 718 ι
1472 692 1629 728 Προσετίθει
1646 692 1675 719 δὲ
1690 691 1804 723 τούτοις

1003 738 1050 764 επὶ
1063 739 1135 765 τέλει
1147 737 1197 773 τῆς
1214 738 1370 774 προσευχῆς
1379 747 1387 756 ’
1406 747 1415 764 ι
1436 738 1510 774 Πλὴν
1525 738 1574 773 οὺχ
1587 738 1625 770 ὡς
1647 737 1704 772 ἐγὼ
1712 737 1800 770 θέλω,

1003 785 1061 811 ἀλλ’
1076 785 1114 817 ὡς
1136 785 1179 812 σύ.
1197 795 1206 811 ι
1231 785 1342 820 Ἐπειδὴ
1358 785 1386 812 δὲ
1404 785 1487 818 ἅπαξ,
1499 786 1587 812 καίτοι
1603 785 1746 820 παναλκὴς
1761 785 1803 811 ὢν

1003 831 1090 865 Λόγος
1107 832 1154 858 καὶ
1177 831 1254 863 Θεὸς,
1270 831 1318 858 καὶ
1338 833 1367 858 ὲν
1382 833 1414 867 τῇ
1429 831 1490 858 καθ’
1505 832 1580 867 ἡμᾶς
1597 832 1726 866 ἀσθενείᾳ
1751 839 1802 865 γε-

1004 878 1098 904 νέσθαι
1110 877 1277 913 νενόμισται,
1289 877 1339 913 τὴν
1354 877 1401 904 τοῦ
1415 878 1576 913 πράγματος
1592 877 1680 904 αἰτίαν
1701 877 1801 904 ἀποδι-

1004 922 1076 955 δοὺς,
1091 922 1326 957 οίκονομικὼτατά
1343 931 1427 958 φησι·
1453 932 1462 949 ι
1481 923 1517 949 Τὸ
1535 923 1583 957 μὲν
1600 922 1711 957 πνεῦμα
1727 922 1799 958 πρό-

1005 967 1100 1002 Θυμον,
1119 969 1135 1003 ἡ
1156 968 1185 994 δὲ
1212 968 1280 1003 σὰρξ
1299 968 1425 1003 ἀσθενής.
1445 977 1456 994 ι
1481 967 1575 1003 ’Δθρει
1595 968 1627 1003 δὴ
1652 966 1700 995 οὖν
1723 969 1801 1001 ὅπως

1004 1014 1079 1041 οὐδὲν
1096 1014 1228 1048 καθυφεὶς
1251 1014 1344 1046 αὐτὸς,
1359 1014 1420 1041 οὗτε
1446 1014 1500 1050 μὴν
1517 1015 1557 1046 εἰς
1578 1014 1646 1041 ιδίαν
1671 1014 1753 1049 φύσιν
1768 1015 1800 1042 τὸ

1004 1059 1153 1094 ἀσθενῆσαι
1177 1058 1282 1091 παθὼν,
1306 1059 1502 1094 συγκεχώρηκε
1523 1060 1556 1094 τῇ
1578 1060 1660 1095 σαρκὶ
1683 1060 1732 1086 καὶ
1754 1060 1799 1086 διὰ

1004 1106 1058 1133 τῶν
1069 1105 1178 1133 οἰκείων
1192 1105 1247 1142 [ισ.
1265 1104 1349 1141 ἰδίων]
1371 1105 1438 1132 ίέναι
1454 1105 1562 1140 νόμων·
1586 1106 1634 1132 καὶ
1656 1106 1740 1132 αὑτοῦ
1767 1106 1799 1133 τὸ

1004 1153 1100 1188 χρῆμα
1116 1152 1237 1186 λέγεται,
1250 1151 1336 1178 διάτοι
1349 1151 1380 1178 τὸ
1395 1151 1460 1178 ἴδιον
1475 1149 1587 1178 εἶναιτὸ
1601 1151 1682 1186 σῶμα
1699 1151 1797 1178 αὑτοῦ.

1004 1198 1109 1225 Οὐκοῦν
1140 1197 1283 1233 ἄνθρωπον
1309 1197 1360 1232 μὲν
1387 1197 1454 1232 ἡμῖν
1485 1197 1626 1233 ἀπέφηνεν
1649 1197 1732 1224 αὑτὸν
1767 1196 1800 1224 τὸ

1003 1243 1153 1279 ἀσθενῆσαι
1175 1243 1246 1270 κατὰ
1262 1243 1312 1278 τὴν
1333 1242 1433 1279 σάρκα,
1449 1243 1516 1270 Θεόν
1538 1251 1570 1277 γε
1596 1243 1651 1279 μὴν
1671 1243 1796 1270 ἀσθενεῖν

1003 1290 1053 1316 οὐκ
1073 1289 1162 1316 εἰδότα
1181 1289 1210 1316 τὸ
1229 1288 1267 1325 μὴ
1286 1289 1452 1324 ἀνασχέσθαι
1472 1288 1600 1322 θανάτου,
1626 1289 1674 1316 καὶ
1691 1290 1796 1316 ἀποσο-

1004 1335 1085 1371 ϐῆσαι
1101 1336 1151 1371 τὴν
1167 1335 1271 1371 φθοράν
1285 1334 1332 1362 τοῦ
1347 1335 1411 1361 ἰδίου
1427 1335 1564 1370 σώματος.
1582 1335 1643 1371 Ζωὴ
1659 1335 1713 1370 γάρ
1736 1336 1795 1361 ὲστι

1003 1381 1050 1408 καὶ
1070 1381 1185 1416 δύναμις
1207 1381 1254 1408 τοῦ
1268 1381 1384 1415 Πατρός.
1399 1381 1460 1407 Ὀτι
1478 1381 1532 1416 γὰρ
1554 1381 1676 1417 ἀσυνήθη
1698 1389 1729 1407 τε
1747 1381 1794 1407 καὶ

1002 1427 1163 1463 ἀνεθέλητον
1182 1425 1265 1454 οὖσαν
1280 1427 1355 1462 αὑτῷ
1367 1427 1417 1463 τὴν
1429 1427 1458 1454 ἐν
1471 1436 1502 1461 γε
1520 1427 1624 1459 τούτοις
1637 1427 1792 1459 ἀσθένειαν,

1003 1473 1153 1508 ἐποιήσατο
1183 1473 1298 1508 θελητὴν
1322 1474 1351 1499 ἐν
1375 1473 1484 1508 εὐδοκία
1512 1472 1558 1499 τοῦ
1583 1473 1651 1499 Θεοῦ
1673 1473 1721 1500 καὶ
1738 1473 1793 1499 Πα-

1000 1519 1076 1554 τρὸς,
1090 1519 1133 1546 ἴνα
1150 1519 1224 1556 σώσῃ
1239 1521 1288 1555 τὴν
1306 1521 1351 1547 ὑπ’
1370 1520 1495 1556 οὐρανὸν,
1520 1520 1621 1553 διδάξει
1639 1520 1728 1553 λέγων
1741 1519 1791 1545 αὺ-

1001 1566 1062 1597 τός·
1081 1575 1090 1591 t
1112 1566 1174 1592 Ὀτι
1199 1566 1375 1602 καταὸἐὸηκα
1398 1567 1430 1593 ὲκ
1451 1565 1499 1592 τοῦ
1519 1565 1651 1601 οὐρανοῦ,
1676 1565 1725 1599 οὺχ
1749 1565 1792 1591 ἵνα

1001 1611 1070 1638 ποιῶ
1084 1612 1115 1638 τὸ
1131 1611 1236 1646 θέλημα
1251 1612 1281 1639 τὸ
1295 1613 1372 1647 ἐμὸν,
1390 1612 1458 1639 ἀλλὰ
1479 1612 1509 1638 τὸ
1535 1612 1640 1647 θέλημα
1658 1611 1706 1637 τοῦ
1721 1611 1792 1645 πέμ-

1000 1656 1100 1691 ψαντός
1118 1665 1168 1692 με’
1185 1657 1227 1684 ἵνα
1249 1658 1304 1684 πᾶν
1321 1657 1335 1683 ὃ
1349 1657 1468 1689 δέδωκάς
1492 1665 1537 1691 μοι
1561 1656 1598 1691 μὴ
1618 1655 1743 1682 ἀπολέσω
1762 1655 1792 1687 ἐξ

1001 1702 1094 1734 αὐτοῦ,
1108 1703 1176 1729 ἀλλά
1196 1703 1340 1738 ἀναστήσω
1357 1703 1424 1730 αὐτὸ
1442 1703 1470 1729 ὲν
1487 1703 1520 1738 τῇ
1535 1702 1636 1737 ἐσχάτῃ
1655 1701 1758 1737 ἡμέρᾳ.
1779 1710 1787 1726 ι

1000 1747 1096 1775 Καίτοι
1124 1747 1198 1779 πῶς,
1226 1749 1304 1784 εἰπερ
1329 1749 1404 1775 ἐστὶν
1427 1748 1529 1782 ἀγαθὸν
1554 1748 1584 1774 τὸ
1611 1747 1718 1782 θέλημα
1743 1747 1789 1773 τοῦ

1001 1794 1118 1829 Πατρδς,
1142 1795 1243 1828 ἀγαθὸν
1265 1795 1293 1821 δὲ
1316 1795 1425 1826 πάντως
1446 1795 1510 1821 ἴδιον
1533 1794 1605 1830 ἔχειν
1625 1794 1673 1820 καὶ
1696 1794 1790 1828 ἕτερον

1001 1840 1077 1874 παρά
1093 1839 1173 1866 τοῦτο
1196 1838 1302 1875 θέλημά
1325 1848 1407 1874 φησιν
1432 1839 1528 1866 ἑαυτὸν
1549 1840 1563 1865 ὀ
1586 1839 1665 1871 Υἱὸςς
1689 1839 1722 1864 Et
1737 1838 1790 1872 γὰρ

1003 1886 1040 1921 μὴ
1057 1885 1130 1912 ἐστιν
1143 1885 1256 1919 ἀγαθὸς,
1273 1885 1332 1917 πῶς
1345 1885 1426 1912 εἰκὼν
1440 1885 1480 1912 ἔτι
1493 1886 1539 1912 καὶ
1552 1884 1695 1920 χαρακτὴρ
1708 1883 1789 1910 αὑτοῦ

1001 1932 1173 1964 πιστεύεταις
1193 1931 1251 1963 πῶς
1264 1931 1293 1958 δὲ
1309 1931 1453 1967 ἀληθεύσει
1472 1931 1573 1965 λέγων·
1598 1940 1607 1956 ε
1632 1929 1703 1964 Ἐγὼ
1717 1929 1764 1955 καὶ
1776 1929 1790 1954 ὁ

1001 1977 1096 2013 Πατὴρ
1111 1978 1141 2004 ἕν
1155 1978 1255 2013 suum;
1273 1987 1282 2002 ι
1299 1978 1361 2004 καί⁸
1379 1987 1388 2002 ι
1412 1977 1441 2004 ’0
1455 1976 1584 2011 ἑωρακὼς
1602 1975 1662 2011 ἐμὲ,
1683 1974 1789 2011 ἑώρακε

1000 2024 1047 2051 τὸν
1070 2024 1197 2059 Πατέρα;
1218 2033 1227 2050 ι
1245 2024 1282 2050 Οὐ
1306 2024 1361 2059 γὰρ
1375 2023 1404 2050 ἔν
1424 2031 1456 2058 γε
1478 2022 1516 2057 τῷ
1533 2022 1571 2058 μὴ
1587 2022 1694 2056 ἀγαθῷ,
1722 2030 1789 2048 κατ-

1001 2069 1120 2105 αθρήσαι
1131 2078 1172 2101 τις
1190 2069 1223 2096 ἃν
1243 2069 1289 2095 τὸν
1305 2069 1405 2103 ἀγαθὸν
1429 2068 1501 2095 κατὰ
1516 2069 1604 2102 φύσιν.
1634 2067 1715 2094 Ἀλλά
1737 2067 1789 2102 μὴν

1000 2116 1100 2150 ἀγαθὸς
1116 2117 1130 2142 ὀ
1142 2115 1216 2148 Υἱὸς,
1234 2115 1264 2147 ὲξ
1285 2115 1389 2149 ἀγαθοῦ
1414 2115 1517 2150 πέφηνε
1533 2113 1580 2140 τοῦ
1604 2113 1723 2148 Πατρὶις,
1743 2112 1788 2138 καὶ

1001 2161 1074 2188 ἐστιν
1096 2161 1177 2188 εικὼν
1190 2161 1401 2196 ἀπαράλλακτος
1424 2161 1505 2188 αὑτοῦ
1527 2159 1597 2186 κατά
1613 2160 1666 2186 πᾶν
1688 2159 1788 2186 ὁτιοῦν.

1001 2209 1080 2235 Ποῖον
1105 2205 1151 2234 οὖν
1175 2208 1229 2243 ἄρα
1256 2207 1361 2242 θέλημα
1385 2206 1493 2242 παρεὶς,
1522 2206 1590 2240 ὅπερ
1613 2203 1683 2231 εἷναί
1708 2212 1788 2239 φησιν

1002 2254 1111 2284 ἑαυτοῦ,
1128 2253 1297 2288 πεπραχέναι
1315 2252 1382 2287 φησὶ
1398 2252 1428 2278 τὸ
1452 2251 1498 2278 τοῦ
1521 2251 1646 2286 Πατρός;
1673 2249 1788 2285 Ἔμελλε

1001 2300 1040 2335 τῷ
1060 2299 1170 2334 θανάτῳ
1183 2300 1232 2334 τῆς
1257 2299 1323 2330 ἰδίας
1344 2298 1444 2334 σαρκὸς
1467 2297 1650 2324 ἀπαλλάττειν
1673 2295 1788 2323 θανάτου

1000 2347 1063 2378 τοὺς
1077 2346 1122 2371 ὑπ’
1136 2345 1219 2372 αὑτοῦ
1237 2344 1393 2379 γεγονότας,
1407 2343 1546 2370 τουτέστιν
1561 2343 1644 2377 ἡμᾶς.
1670 2341 1740 2368 Ἀλλ’
1756 2339 1788 2376 ἦν

1000 2392 1031 2418 τὸ
1046 2391 1171 2418 τεθνάναι
1189 2391 1271 2425 σαρκὶ
1295 2389 1435 2421 δυσκλεὲς,
1450 2388 1585 2424 ἀσύνηθες
1599 2396 1640 2419 τε,
1655 2387 1694 2419 ὡς
1709 2387 1791 2422 ἔφηνν

1001 2438 1048 2465 καὶ
1063 2437 1255 2472 ὰπηχθημὲνον
1273 2436 1355 2472 αὐτῷ.
1382 2435 1591 2470 ’Υπομεμένηκε
1605 2434 1634 2460 δὲ
1654 2433 1789 2459 καὶτοῦτο

1000 2483 1032 2509 δι’
1048 2483 1121 2518 ἡμᾶς
1138 2484 1166 2508 ὲν
1182 2482 1291 2517 εὐδοκία
1303 2481 1351 2508 τοῦ
1366 2481 1572 2516 Πατρόςγῌδει
1589 2479 1655 2514 γὰρ,
1667 2479 1726 2514 ᾔδει
1744 2479 1789 2505 καὶ

1002 2529 1075 2564 μάλα
1091 2528 1193 2563 σαφῶς,
1213 2528 1255 2554 ὅτι
1274 2528 1328 2554 τῶν
1343 2527 1394 2561 τῆς
1411 2527 1512 2562 σαρκὸς
1527 2526 1608 2552 ἕνεκα
1625 2523 1720 2551 παθῶν
1734 2523 1788 2549 ἁδο

1002 2575 1087 2610 ξὴσας
1103 2575 1201 2610 βραχὺ,
1219 2573 1346 2600 διασώσει
1361 2573 1533 2607 σύμπαντας,
1549 2572 1595 2597 ἐπὶ
1607 2571 1638 2597 τὺ
1654 2569 1787 2604 ἁσυγκρί-

1000 2629 1054 2651 τως
1079 2621 1188 2655 ἄμεινον
1215 2619 1354 2654 μεθιστὰς.
1375 2629 1384 2644 ι
1408 2619 1440 2644 Εἰ
1462 2627 1503 2649 τις
1529 2617 1584 2652 γὰρ
1613 2617 1642 2643 ὲν
1667 2615 1786 2650 Χριστῷ,

1001 2667 1081 2702 καινὴ
1099 2667 1203 2697 κτίσις’
1220 2665 1254 2692 τὰ
1276 2666 1376 2700 ἀρχαῖα
1391 2663 1541 2699 παρῆλθεν,
1561 2662 1614 2689 ἰδοὺ
1638 2662 1732 2696 γέγονε
1756 2660 1789 2686 τὰ

1002 2712 1090 2738 πάντα
1113 2711 1204 2744 καινὰ,
1227 2720 1236 2736 ι
1258 2710 1329 2737 καθά
1343 2710 1509 2745 γέγραπται.
1527 2709 1559 2734 Αἰ
1587 2708 1636 2742 μὲν
1658 2705 1704 2734 οὖν
1729 2706 1787 2732 θεό-

1002 2766 1128 2784 πνευστοι
1143 2757 1259 2792 Γραφαὶ,
1277 2755 1393 2791 Χριστὸν
1409 2755 1457 2782 ἕνα
1471 2755 1518 2781 καὶ
1532 2754 1595 2780 Υἱὸν
1620 2753 1667 2780 καὶ
1689 2752 1787 2786 Κύριον

1343 2845 1446 2884 “_ibid.
1459 2845 1486 2874 9.

1056 2848 1078 2864 ⁸⁸
1095 2846 1162 2875 Joan
1178 2855 1235 2881 XIV,
1250 2846 1295 2875 50.
1343 2845 1446 2882 “_ibid.
1459 2845 1486 2874 9.
1525 2845 1558 2882 f’
1576 2843 1597 2870 ll
1616 2842 1680 2871 Cor.
1701 2850 1725 2875 ν,
1743 2839 1785 2867 17.
