1886 3056
79 128 131 155 εει)

86 231 135 266 τῆς
147 231 224 266 δόξης
241 231 350 267 Κύριον
362 241 370 248 -
385 233 434 259 καὶ
450 231 500 264 τὰς
516 232 548 258 ὲκ
561 231 614 258 τῶν
638 231 773 258 Ἰουδαίων
786 240 883 266 παροι-

88 279 146 309 νίας
164 277 285 304 ἐθελοντὶ
299 279 451 313 ὑπομεῖναι
472 278 506 305 δι’
521 279 592 313 ἡμᾶς
603 285 609 292 ·
627 277 773 312 ἀνατλῆναι
788 286 817 304 τε
837 277 883 303 τὸν

88 325 135 351 ἐπὶ
151 324 230 356 ξύλου
247 324 368 351 θάνατον
388 323 578 359 οἰκονομικῶς,
596 324 644 358 οὐχ
661 324 703 350 ἵνα
725 323 783 358 μεθ’
804 322 883 358 ὴμῶν

88 369 223 404 ἀπομείνῃ
242 369 352 404 νεκρὸς,
379 369 439 396 ἀλλ’
456 369 500 396 ἴνα
520 369 551 395 τὸ
567 369 634 395 πᾶσι
649 368 815 403 δυσάντητον
837 366 885 394 τοῦ

88 415 205 442 θανάτου
221 415 384 446 καταλύσας
399 415 511 450 κράτος,
528 413 683 449 ἀνακομίσῃ
697 413 765 448 πρός
777 412 885 451 ἀφθαρ-

89 461 149 488 σίαν
173 461 224 496 τὴν
243 460 392 496 ἀνθρώπου
413 460 504 494 φύσιν.
527 460 592 491 Θεὸς
614 459 668 494 γὰρ
684 457 718 494 ἦν
742 461 771 486 ὲν
793 458 884 493 σαρκί.

87 506 190 532 Οὑτοσὶ
209 506 239 533 δὲ
259 506 342 532 πάλιν
358 506 486 541 ἀφορμὰς
511 504 557 532 τοῦ
581 505 708 540 διορίζειν
724 506 763 536 εἰς
779 505 826 531 δύο
840 504 886 532 τὸν

86 552 136 578 ἕνα
155 552 327 587 πανταχόθεν
342 551 434 586 ἑαυτῷ
450 551 621 586 συναγείρειν
640 550 797 586 ἐπιχειρῶν,
811 551 886 577 ἅντι-

624 127 812 155 ADVLRSUS
830 126 1033 155 NESTORIUM
1054 126 1119 154 LIB.
1141 125 1172 153 V.

84 186 122 222 τῷ
138 185 233 222 κόσμῳ
257 186 493 222 διακηρύττουσι,
508 186 554 213 καὶ
568 185 649 213 αὐτὸν
671 183 742 213 εἶναι
759 195 825 221 φασι
838 186 885 213 τὸν

973 186 1041 213 torie
1057 185 1212 220 pertulisse,
1227 191 1280 212 non
1291 187 1320 211 ut
1333 183 1472 211 nobiscum
1489 188 1641 212 remaneret
1654 193 1725 212 mor-

1672 128 1725 155 230

934 234 1008 262 tuus,
1018 231 1077 262 sed,
1087 235 1116 256 ut
1129 237 1223 256 everso
1240 229 1286 256 illo
1300 229 1424 256 omnibus
1437 229 1636 263 inexpugnabili
1651 237 1723 256 mor-

934 277 968 303 tis
978 277 1103 311 imperio.
1121 281 1246 303 naturam
1260 276 1378 304 hominis
1389 276 1421 302 ad
1434 275 1664 310 incorruptionem
1681 284 1724 303 re-

933 328 1054 350 vocaret.
1071 322 1142 350 Deus
1160 323 1231 349 enim
1245 326 1303 349 erat
1323 322 1349 348 in
1361 328 1453 349 carne.
1471 321 1524 348 lste
1536 328 1599 348 vero
1614 328 1721 348 rursum

938 369 1097 396 occasiones
1110 377 1191 395 utinm
1206 368 1232 395 in
1248 369 1301 395 duo
1314 367 1449 394 dividendi
1462 367 1579 401 undique
1602 366 1654 393 sibi
1665 366 1721 393 col-

938 415 1022 448 ligere
1040 414 1165 446 molietts,
1182 414 1281 441 frustra
1300 413 1343 440 his
1358 413 1544 448 repugnatqui
1565 412 1630 439 nulli
1646 417 1721 442 sunt,

937 461 1069 494 quosdam
1086 460 1168 487 etiam
1184 460 1346 487 criminatur
1361 459 1438 493 quasi
1467 459 1597 486 adversus
1623 460 1724 485 verita-

939 510 992 532 tem
1005 506 1132 538 dixerint,
1150 511 1176 532 et
1190 505 1291 533 Christi
1308 505 1430 533 mvsterii
1441 505 1574 532 rationem
1588 504 1725 532 adultera-

939 552 1002 582 riut.
1019 551 1112 585 Itaque
1123 552 1187 578 dicit
1202 558 1209 576 :
1227 563 1235 572 -

86 598 204 632 φέρεται
229 598 280 633 μὲν
296 597 359 632 εἰκῆ
374 598 431 629 τοῖς
452 597 501 623 οὐκ
515 595 590 623 οὖσιν
606 597 685 629 ὅλως,
720 597 860 632 ἐπίκλημα
873 596 902 623 δὲ
940 597 1058 623 ποιεῖταί
1082 605 1153 623 τισιν
1175 598 1212 629 ὡς
1232 596 1281 632 τῆς
1305 596 1435 632 ἀληθείας
1461 598 1647 633 κατειρηκόσι,
1674 594 1722 624 καὶ

85 643 313 679 παρασημαίνειν
329 643 451 670 ἐθέλουσι
470 642 516 669 τοῦ
535 642 685 678 μυστηρίου
702 642 747 668 τὸν
771 643 881 677 τρόπον,
900 642 947 669 καί
962 650 1056 677 φησιν’

126 689 249 726 ίἩδέως
264 689 296 716 ἂν
311 688 430 716 ἐνταῦθα
443 688 497 714 τῶν
508 688 654 724 αἰρετικῶν
667 687 819 724 ἐπυθόμην,
829 687 884 715 τῶν

87 737 138 772 τὴν
151 736 203 771 τῆς
227 736 364 770 θεότητος,
383 735 492 769 καὶτῆς
513 734 722 770 ἀνθρωπύτητος
736 733 827 768 φύσιν,
844 734 885 765 εἰς

91 782 157 817 μίαν
183 780 412 816 κατακιρνώντων
431 780 534 814 οὐσίαν,
564 780 606 812 τίς
631 780 705 806 ἐστιν
732 779 848 806 ἐνταῦθα
871 779 885 805 ό

89 828 170 864 παρὰ
195 827 243 854 τοῦ
267 827 399 864 προδότου
408 828 465 859 τοῖς
496 826 634 858 Ἰουδαίοις
654 826 882 871 παραδιδόμενοςν·
899 844 921 871 Β

90 874 116 900 εξ
127 874 185 909 γὰρ
198 874 298 909 κρᾶσις
313 872 474 908 ἀμφοτέρων
485 871 642 907 γεγένηται,
656 871 798 906 ἀμφότερα
810 870 885 906 παρὰ

90 919 148 946 τῶν
174 919 312 945 Ἰουδαίων
326 917 541 953 συγκατεσχέθη,
555 917 603 944 καὶ
620 918 634 943 ὁ
648 917 713 948 Θεὸς
729 916 826 951 Λόγος,
839 917 886 943 καὶ

92 966 110 1000 ἡ
126 965 178 1000 τῆς
198 964 409 1000 ἀνθρωπότητος
430 965 522 998 φύσις,
541 963 589 995 Τίς
607 964 636 990 δέ
651 964 724 989 ἐστιν
744 964 758 990 ὁ
773 963 820 990 καὶ
835 963 885 998 τὴν

93 1011 204 1045 σΨαΥῆν
216 1010 383 1045 ὑπομείνας
410 1009 613 1044 Ἀναγκάζομαι
626 1008 780 1044 χρήσασθαι
793 1017 885 1036 κατω-

94 1046 186 1092 τέροις
200 1055 300 1090 λόγοις,
317 1055 355 1086 ὡς
372 1055 440 1082 πᾶσι
454 1054 580 1089 γενέσθαι
593 1054 624 1081 τὸ
637 1054 783 1089 λεγόμενον
796 1053 884 1089 δῆλον.

95 1102 165 1137 Περὶ
179 1102 239 1128 τίνα
261 1100 297 1127 τὰ
317 1101 367 1136 τῆς
382 1101 517 1136 πράξεως,
540 1101 601 1128 εἰπέ
624 1109 680 1136 μοι,
698 1101 885 1136 συμϐέϐηκεν;

95 1148 127 1174 El.
144 1147 195 1183 μὲν
214 1146 269 1182 γὰρ
294 1147 358 1182 περὶ
371 1146 420 1182 τὴν
435 1147 485 1182 τῆς
501 1147 627 1183 θεότητος
649 1147 740 1182 φύσιν,
754 1147 812 1178 πῶς
831 1147 885 1182 ὰμ-

96 1192 199 1227 ςότερα
223 1191 371 1226 συγκιρνᾷν
397 1191 580 1227 κατατολμᾷς.
601 1191 656 1218 Καὶ
677 1190 732 1226 [ῑσ.
749 1190 784 1227 εἰ]
802 1190 888 1226 μεμέ-

95 1246 180 1273 νηκεν
196 1237 212 1263 ὁ
229 1236 298 1268 Θεὸς
314 1237 500 1272 ἀκατάσχετος
519 1238 576 1268 τοῖς
605 1236 752 1270 Ἰουδαίοις,
776 1237 887 1271 καὶτῆς

97 1283 207 1318 σφαγῆς
223 1282 253 1309 οὐ
279 1281 462 1318 κεκοινώνηκε
477 1284 510 1318 τῇ
533 1282 624 1318 σαρκὶ,
645 1282 736 1315 πόθεν,
759 1282 819 1309 εἰπέ
842 1291 888 1318 μοι

96 1329 278 1364 παρεισάγεις
294 1329 344 1365 τὴν
363 1329 463 1365 κρᾶσιν
473 1328 494 1365 ς]

404 1415 529 1442 ΚΕΦΔΛ.
550 1416 588 1443 Δ’.

132 1460 163 1486 Εἰ
177 1460 227 1495 μὲν
242 1457 289 1486 οὖν
303 1460 376 1492 τινές
390 1461 459 1486 εἰσιν
467 1461 490 1486 οἱ
505 1461 553 1495 τὴν
570 1461 625 1488 τῶν
635 1461 743 1495 φύσεων
753 1462 792 1494 εἱς
806 1462 889 1498 ἀλλή-

971 687 1089 715 Νιιετυῐι.
1107 687 1248 723 [Libenter
1261 688 1312 716 hoc
1332 688 1391 716 loco
1409 688 1722 724 hatreticosinterrogem

935 733 980 767 qui
999 733 1149 760 divinitatis
1170 733 1401 768 humanitatisque
1418 739 1542 761 naturam
1577 734 1604 761 in
1641 743 1722 762 unam

935 780 1112 807 commiscent
1122 779 1279 810 essentiam,
1294 779 1418 813 quisnam
1432 779 1467 807 sit
1482 779 1527 814 qui
1546 787 1617 807 nunc
1631 788 1644 806 ιι
1659 788 1723 815 pro-

936 824 1023 850 ditore
1042 823 1142 851 Judzeis
1163 823 1287 850 traditur.
1307 823 1336 850 Si
1353 824 1426 850 enim
1441 825 1582 851 amborum
1596 828 1636 851 est
1654 825 1723 851 facta

936 869 1098 901 commistio,
1116 869 1196 896 ambo
1208 869 1314 896 simula
1339 868 1439 896 Iudaeis
1453 870 1559 896 detenta
1587 875 1660 902 sunt,
1697 875 1724 896 et

938 915 1007 943 Deus
1021 915 1150 948 Verbum,
1161 920 1188 942 et
1204 915 1381 942 humanitatis
1396 920 1502 942 natura.
1517 914 1583 948 Quis
1601 923 1665 943 vero
1682 921 1725 942 est

937 961 1036 988 aedem
1052 961 1268 996 passus?Cogor
1301 961 1493 989 humilioribus
1512 962 1603 988 verbis
1617 961 1667 993 uti,
1696 966 1726 988 ut

936 1007 1061 1034 omnibus
1075 1007 1146 1041 quod
1175 1007 1289 1034 dicimus
1301 1007 1475 1042 perspicuum
1491 1006 1547 1033 ﬁat.
1572 1006 1599 1034 ln
1631 1015 1723 1041 quem,

936 1061 1001 1088 rogo
1012 1058 1047 1086 te,
1066 1053 1150 1087 ipsius
1165 1057 1248 1087 gesta:
1262 1052 1304 1079 rei
1325 1051 1425 1079 cecidit
1441 1052 1529 1080 actio?
1556 1051 1583 1078 Si
1601 1052 1626 1079 in
1640 1052 1724 1086 ipsam

937 1099 1084 1126 divinitatis
1113 1103 1247 1128 naturam.
1275 1098 1410 1133 quomodo
1435 1103 1582 1132 utrumque
1609 1098 1724 1125 commi-

937 1152 1013 1172 scere
1028 1145 1128 1172 audes?
1142 1145 1170 1171 Si
1191 1145 1290 1171 mansit
1300 1144 1370 1171 Deus
1386 1144 1421 1171 ita
1437 1149 1495 1171 uta
1521 1143 1621 1171 Iudaeis
1639 1144 1724 1171 teneri

938 1198 991 1218 non
1007 1195 1110 1226 posset,
1123 1195 1151 1217 et
1167 1190 1194 1217 in
1206 1190 1287 1218 caedis
1308 1190 1482 1225 perpessione
1507 1190 1606 1216 nullam
1632 1189 1726 1217 habuit

937 1245 998 1266 cum
1011 1245 1094 1265 carne
1100 1237 1268 1269 societatem,
1279 1235 1725 1272 undenam,rogo,eommistioucm

938 1284 1044 1312 inducis
1052 1283 1073 1319 ?]

1268 1396 1343 1424 CAP.
1361 1395 1407 1425 IV.

976 1463 1004 1491 Si
1022 1463 1068 1499 qui
1090 1467 1153 1491 sunt
1168 1463 1213 1498 qui
1229 1467 1387 1490 naturarum
1406 1462 1505 1490 factum
1525 1462 1594 1490 inter
1610 1469 1640 1490 se
1659 1470 1726 1490 con-

99 1506 146 1538 λας
160 1507 292 1542 ἀνάχυσιν
303 1506 468 1541 γεγενῆσθαι
483 1507 619 1541 λέγοντες,
632 1508 733 1535 καὶτὸν
745 1509 886 1544 ἀνέφικτον

973 1511 1077 1537 sionem
1097 1510 1198 1541 dicunt,
1216 1509 1351 1543 Verbique
1377 1514 1502 1536 naturam
1528 1509 1726 1543 impossibilem

100 1553 244 1587 ὑπομεῖναι
271 1552 389 1588 φυρμὸν,
410 1553 457 1580 καὶ
477 1553 525 1588 τὴν
543 1554 583 1585 είς
601 1553 690 1588 σάρκα
707 1553 810 1589 τροπὴν
834 1563 887 1581 πα-

100 1598 155 1625 θεῖν
173 1598 304 1625 δύνασθαι
329 1598 522 1633 διατεινόμενοι
547 1599 597 1633 τὴν
617 1599 664 1625 τοῦ
688 1599 775 1634 Λόγου
794 1600 886 1634 φύσιν,

99 1645 182 1680 ἧγουν
196 1645 237 1675 είς
252 1644 369 1679 θεότητα
386 1643 579 1680 μεταχωρῆσαί
599 1653 664 1671 ποτε
680 1645 729 1680 τὴν
746 1645 888 1672 ἑνωθεῖσαν

100 1690 173 1725 αὐτῷ
199 1690 301 1725 σάρκα,
325 1690 528 1726 διημαρτήκασι
551 1690 696 1725 τάληθοῦς,
717 1691 765 1718 καὶ
792 1691 889 1726 φρενὸς

101 1734 152 1767 ἔξω
172 1735 315 1769 γεγονότες
330 1735 424 1770 ὀρθῆς,
443 1734 544 1770 μᾶλλον
563 1735 591 1761 δὲ
607 1734 656 1770 τὴν
677 1736 790 1762 ἀπασῶν
806 1735 888 1770 ἐσχά-

100 1788 148 1815 την
161 1779 303 1810 νοσοῦντες
319 1780 528 1815 ἐμϐροντησίαν,
541 1779 702 1806 ἀκούσονται
713 1779 780 1815 πρὸς
794 1780 870 1815 ἡμῶν
880 1787 887 1795 ο

103 1834 112 1851 ι
130 1825 273 1852 Πλανᾶσθε
292 1825 330 1860 μὴ
347 1825 447 1857 ειδότες
459 1825 509 1856 τὰς
523 1825 643 1860 Γραφὰς,
661 1825 728 1860 μηδὲ
740 1825 789 1860 τὴν
810 1826 888 1852 δύνα-

101 1879 147 1906 μιν
159 1871 208 1898 τοῦ
223 1870 303 1897 Θεοῦ.
324 1880 334 1896 ι
356 1871 534 1907 Ἀκράδαντος
547 1870 602 1905 γὰρ
623 1871 640 1904 ὴ
656 1870 702 1897 τοῦ
718 1870 785 1897 Θεοῦ
802 1871 888 1904 Λόγου

100 1917 192 1950 φύσις,
211 1917 259 1943 καὶ
280 1916 385 1951 τροπῆς
410 1916 460 1942 οὐκ
482 1913 551 1942 οἶδεν
577 1916 755 1950 ἀποσκίασμα
776 1915 887 1942 παθεῖν’

100 1962 182 1996 σαρκὶ
197 1960 225 1987 δὲ
240 1961 289 1986 καὶ
304 1959 400 1995 αἵματι
416 1959 631 1995 κεκοινωνηκὼς,
650 1960 698 1986 καὶ
714 1960 889 1996 μετεσχηκὼς

99 2008 202 2043 ὁμοίως
211 2009 280 2042 ἡμῖν
293 2007 348 2034 τῶν
360 2006 460 2039 αὐτῶν,
473 2006 545 2033 καθὰ
558 2005 722 2041 γέγραπται,
737 2006 890 2041 μεμένηκεν

99 2055 113 2081 ὸ
123 2054 216 2085 αὑτός.
229 2054 259 2080 Εἰ
271 2053 299 2079 δὲ
316 2052 438 2080 ἀπασοῦν
450 2061 491 2083 τις
504 2052 558 2078 τῶν
572 2053 627 2084 τοῖς
642 2052 724 2087 ἱεροῖς
740 2052 890 2087 ἐντεθραμ-

101 2099 191 2134 μὲνων
210 2099 377 2134 Γράμμασιν
395 2097 596 2133 ἀπηχθημένων
611 2097 666 2133 Ιῑσ.
684 2096 890 2133 ἀπηχθημένον]

99 2146 219 2172 ποιεῖται
227 2144 269 2177 τὸ,
280 2145 332 2171 κᾶν
347 2143 413 2179 γοῦν
421 2144 534 2171 ἀκοῦσαι
549 2144 640 2178 μόνον,
656 2143 702 2170 ἐπὶ
712 2143 758 2170 τοῦ
771 2144 891 2177 Μονογε-

99 2190 163 2222 νοῦς
177 2190 337 2227 πεπρᾶχθαι
350 2177 400 2226 τὴν
409 2190 523 2226 τροπὴν,
537 2177 607 2216 τίτὰ
617 2189 702 2221 οὕτως
717 2189 827 2224 αἰσχρὰ,
845 2189 891 2216 καὶ
906 2177 929 2206 Ῐ)

101 2238 152 2272 μιᾷ
162 2238 197 2272 τῇ
218 2237 293 2272 παρὰ
303 2236 412 2263 πάντων
432 2236 514 2271 ψήφῳ
533 2235 754 2270 κατεγνωσμένα,
766 2236 811 2262 καὶ
824 2235 891 2262 ἀπό-

100 2282 189 2317 σλητα
205 2282 355 2314 παντελῶς,
371 2283 408 2314 ὼς
421 2282 509 2317 ἀληθῆ
529 2281 577 2308 καὶ
592 2282 723 2317 εἰρημένα
737 2281 890 2317 δεχόμενος,

101 2329 187 2363 πειρᾷ
199 2328 354 2363 διατέμνειν
368 2328 414 2354 τὸν
426 2328 585 2364 ἀμέριστον,
602 2327 648 2354 καὶ
662 2327 742 2354 τοῦτο
762 2327 831 2362 μετὰ
843 2328 892 2363 τὴν

102 2374 217 2407 ’ἐνωσιν;
234 2375 266 2401 El.
279 2373 334 2409 γάρ
345 2373 377 2409 δὴ
395 2373 465 2400 κατά
479 2373 609 2408 ἀλήθειαν
621 2372 692 2399 ἕλοιο
708 2373 802 2408 μαθεῖν
814 2372 856 2404 τίς
880 2373 895 2399 ὁ

105 2420 179 2454 παρὰ
198 2419 246 2446 τοῦ
264 2420 395 2455 προδότου
420 2421 476 2452 τοῖς
505 2410 641 2451 Ἰουδαίοις
670 2420 893 2455 παραδιδόμενος,

105 2466 151 2490 καὶ
166 2465 216 2499 τὴν
236 2465 343 2500 σψαγὴν
361 2465 519 2500 ὑπομείνας,
540 2465 646 2501 ἀκούσῃ
669 2465 778 2499 σαφῶς·
804 2465 832 2491 '0
853 2462 893 2496 εἷς

105 2510 154 2536 καὶ
169 2510 248 2545 μόνος
263 2509 394 2546 Χριστὸς,
411 2510 458 2536 καὶ
472 2509 546 2542 Υἱός,
563 2511 611 2536 καὶ
632 2509 743 2545 Κύριος,
759 2510 893 2542 τουτέστι,

109 2555 211 2591 μορςρὴν
223 2556 317 2583 δούλου
331 2554 424 2582 λαϐὼν
439 2556 454 2582 ὁ
469 2556 500 2582 ὲκ
519 2555 586 2582 Θεοῦ
603 2555 698 2590 Λόγος,
717 2555 894 2591 ὲνανθρωπή-

109 2610 155 2633 σας
171 2610 200 2628 τε
224 2602 271 2628 καὶ
292 2601 516 2636 σεσαρκωμένος.
537 2601 664 2636 Πέπρατο
682 2601 731 2636 μὲν
746 2600 800 2636 γὰρ
820 2601 895 2636 παρὰ

108 2646 153 2672 τοῦ
173 2647 304 2683 προδότου
320 2647 379 2677 τοῖς
408 2646 542 2673 Ἰουδαίων
565 2646 748 2681 καθηγηταῖς·
765 2646 812 2673 καὶ
824 2654 895 2681 κατ-

110 2691 191 2727 είχετο
207 2692 258 2728 μὲν
279 2691 473 2727 ἀνθρωπίνως,
499 2692 539 2718 ὅτι
552 2692 598 2718 καὶ
616 2692 760 2727 ἄνθρωπος
775 2689 808 2727 ἦν
824 2691 894 2726 μετὰ

109 2737 148 2764 τοῦ
161 2741 251 2774 μεῖναι
266 2739 335 2770 Θεός
345 2746 352 2751 ·
372 2737 472 2773 ἤλεγχε
486 2737 512 2763 δὲ
536 2737 634 2769 θεῑκῶς
647 2737 701 2764 τῶν
724 2737 892 2772 κατεχόντων

135 2826 264 2856 “Matth.
287 2832 363 2858 xx",
380 2824 427 2857 '29,
466 2824 487 2840 ⁶⁹
501 2823 558 2852 Jac.
575 2833 595 2857 ι,
612 2825 654 2851 l7.
693 2825 715 2840 ⁷⁰
733 2825 815 2853 Hebr.
830 2833 862 2856 ll.
883 2824 926 2852 Η.

939 1554 1101 1582 sustinuisse
1111 1554 1277 1586 mistionem,
1293 1559 1320 1581 et
1340 1555 1366 1581 in
1396 1562 1504 1581 carnem
1529 1555 1661 1582 demutari
1675 1564 1726 1590 po-

940 1600 1023 1626 tuisse
1032 1599 1206 1631 contendant,
1223 1599 1263 1626 vel
1279 1599 1381 1626 unitatn
1396 1599 1433 1625 illi
1450 1606 1559 1626 carnem
1577 1600 1683 1627 tandem
1700 1601 1726 1627 in

939 1646 1107 1673 divinitatem
1147 1646 1288 1678 transisse,
1322 1645 1339 1672 ii
1366 1645 1495 1672 aberrant
1531 1653 1545 1672 ιι
1571 1652 1647 1677 vero.
1663 1650 1691 1673 et
1712 1653 1726 1672 ιι

940 1698 1014 1719 recto
1035 1698 1114 1718 sensu
1140 1691 1220 1726 longe
1237 1691 1344 1724 remoti,
1370 1691 1424 1718 imo
1447 1698 1510 1717 vero
1543 1695 1662 1718 extrema
1680 1690 1728 1717 (Ιο-

939 1737 1040 1764 mentia
1064 1737 1230 1769 laborantes,
1259 1737 1371 1763 audiant
1403 1743 1417 1762 a
1440 1736 1541 1762 nobis:
1574 1745 1584 1761 ι
1604 1736 1722 1769 Erratis,

941 1782 1091 1809 nescientes
1115 1781 1283 1816 Scripturas,
1320 1788 1407 1815 neque
1432 1781 1558 1807 virtutem
1590 1781 1635 1808 Dei
1655 1781 1688 1808 ⁸⁸.
1716 1791 1726 1807 ι

939 1825 1100 1853 Inconcussa
1135 1830 1176 1853 est
1205 1826 1276 1853 enim
1307 1825 1352 1852 illa
1380 1825 1428 1853 Dei
1462 1825 1543 1853 Verhi
1572 1830 1679 1858 natura,
1701 1832 1728 1853 et

940 1871 1135 1899 vicissitudinis
1156 1871 1392 1899 obuutbrationem
1429 1871 1483 1906 pati
1511 1873 1599 1899 nescit
1623 1872 1730 1900 ":sed

943 1918 1020 1953 133
1045 1925 1104 1945 cum
1134 1917 1208 1944 carni
1234 1921 1270 1944 et.
1285 1917 1408 1952 sanguini
1438 1917 1681 1951 communicasset,
1701 1923 1731 1945 et

941 1963 1098 1991 eorumdem
1115 1963 1243 1990 similiter
1256 1970 1289 1990 ac
1304 1970 1353 1990 nos
1368 1963 1504 1997 particeps
1519 1968 1592 1990 esset
1605 1963 1727 1995 eﬂ'ectus.

941 2012 972 2035 ut
985 2008 1114 2042 scriptum
1134 2013 1175 2035 est
1188 2008 1223 2040 ”,
1245 2008 1344 2035 mansit
1362 2008 1444 2034 idem.
1469 2007 1545 2041 Quod
1566 2008 1591 2036 si
1615 2009 1729 2043 quisque

941 2055 968 2081 in
983 2053 1069 2081 sacris
1091 2053 1202 2080 Litteris
1220 2053 1350 2080 educatus
1365 2053 1442 2080 nefas
1462 2058 1539 2088 putat
1556 2053 1598 2080 vel
1617 2054 1728 2082 auribus

943 2103 1045 2126 tantum
1068 2099 1202 2133 accipere,
1227 2098 1253 2125 in
1275 2099 1319 2125 illo
1348 2099 1601 2134 Uuigenitonllam
1628 2099 1726 2127 factam

942 2153 1003 2173 esse
1028 2146 1216 2177 mutationem,
1244 2153 1293 2172 cur
1319 2150 1373 2172 tam
1401 2151 1492 2180 turpes
1520 2146 1680 2178 sententias,
1701 2152 1729 2173 et

944 2191 1024 2218 ttnico
1043 2191 1076 2217 ah
1096 2190 1223 2218 omnibus
1251 2190 1380 2226 suffragio
1403 2191 1546 2218 damnatas
1567 2195 1591 2218 et
1618 2191 1729 2219 omnino

944 2235 1072 2269 rejectas.
1090 2241 1217 2270 tanquam
1240 2243 1317 2263 veras
1334 2244 1365 2263 ac
1389 2236 1507 2271 prolatas
1531 2237 1681 2271 accipiens,
1699 2238 1731 2263 il-

944 2281 1000 2308 lum
1025 2281 1215 2315 impartibilem
1243 2281 1364 2309 dividere
1395 2282 1476 2308 etiam
1505 2287 1567 2317 post
1605 2281 1729 2310 unionem

946 2327 1074 2354 conaris?
1097 2326 1162 2354 Nam
1184 2327 1206 2354 si
1231 2334 1295 2354 vere
1322 2327 1428 2355 discere
1454 2327 1547 2361 cupias
1564 2328 1690 2361 quisnam
1704 2336 1729 2354 ra

945 2371 1083 2406 proditore
1096 2371 1197 2400 ludat-is
1223 2373 1338 2399 traditus
1360 2372 1451 2404 fuerit,
1475 2377 1503 2399 et
1525 2373 1625 2399 eaedem
1648 2373 1731 2400 susti-

946 2417 1047 2450 nuerit,
1063 2416 1137 2445 clare
1153 2417 1264 2444 audies:
1278 2417 1325 2444 lllc
1338 2424 1407 2444 unus
1422 2423 1448 2444 et
1465 2416 1538 2444 solus
1555 2416 1691 2450 Christus,
1704 2423 1731 2445 ct

945 2462 1040 2494 Filius,
1057 2468 1083 2490 et
1100 2463 1240 2496 Dominus,
1259 2464 1311 2490 hoc
1329 2467 1389 2496 est,
1407 2463 1471 2489 illud
1493 2470 1526 2489 ex
1545 2462 1598 2489 Deo
1613 2462 1729 2490 Verbum

945 2508 1016 2542 quod
1031 2508 1102 2535 servi
1118 2508 1230 2535 formam
1256 2509 1371 2542 accepit,
1390 2513 1418 2535 et
1435 2508 1514 2535 homo
1529 2507 1627 2535 factum
1650 2513 1732 2535 estet

948 2553 1128 2581 incarnatutn.
1143 2553 1273 2581 Venditus
1287 2559 1328 2581 est
1350 2554 1421 2580 enim
1437 2561 1451 2580 a
1467 2554 1604 2588 proditore
1617 2554 1732 2582 ducibus

946 2599 1099 2626 Iudaeorum
1114 2604 1141 2626 et
1155 2601 1271 2626 humana
1289 2598 1442 2626 conditione
1457 2599 1598 2626 tenebatur
1610 2600 1730 2634 quidem,

947 2654 1009 2673 nam
1023 2650 1050 2673 et
1065 2646 1145 2672 homo
1162 2651 1220 2672 erat
1239 2645 1275 2672 ita
1292 2649 1322 2671 ut
1341 2645 1418 2672 simul
1435 2649 1557 2672 maneret
1574 2644 1645 2673 Deus
1661 2654 1668 2673 :
1684 2647 1731 2673 sed

948 2695 1036 2718 tamen
1051 2698 1083 2718 ex
1108 2690 1196 2718 divina
1218 2690 1375 2718 conditione
1393 2691 1517 2724 coarguit
1537 2698 1631 2718 eorum
1654 2691 1730 2717 inlir-

947 2736 1066 2764 mitatem
1083 2743 1097 2763 ιι
1123 2736 1220 2771 quibus
1246 2735 1396 2763 tenebatur.
1422 2736 1506 2771 quue
1530 2736 1606 2764 nobis
1626 2736 1730 2772 perspi-
