1886 3056
110 122 164 149 ’253

656 116 840 148 XDVERSUS
860 118 1062 148 NESTORIUM
1084 119 1148 147 LIB.
1169 120 1202 148 ι’.

1696 122 1750 149 954

118 177 222 212 ἀπαθὴς
237 177 276 208 ὡς
300 177 380 210 Θεὸς,
397 178 466 213 πλὴν
480 178 529 204 οὐκ
550 178 601 211 ἔξω
624 177 670 203 τοῦ
685 177 835 212 πάσχοντος
855 176 905 202 σώ-

985 184 1088 204 sorsum
1106 176 1256 209 inculcatis,
1274 184 1325 203 non
1343 183 1402 204 esse
1418 184 1433 203 a
1444 183 1578 210 quoquam
1594 177 1748 208 dicendum.

123 232 210 258 ματος.
229 223 317 254 Αὐτὸς
331 223 360 250 δὲ
376 224 411 250 τὰ
424 223 510 255 οὕτως
524 222 701 258 οἰκονομικῶς
726 222 907 257 πεπραγμένα

121 270 173 299 τοῖς
196 269 245 302 τῆς
272 269 393 300 ἀτοπίας
420 269 590 303 ἐγκλήμασιν
613 269 703 299 ἐνιεὶς,
730 268 786 294 ἄνω
808 276 836 293 τε
863 268 910 294 καὶ

121 315 193 341 κάτω
211 314 312 347 λέγων,
331 314 370 350 μὴ
390 314 422 349 δὴ
439 315 537 350 χρῆναι
554 314 620 348 πρός
633 322 705 345 τινος
720 314 768 348 τὴν
783 313 832 348 τῆς
845 313 910 339 Θεό-

121 367 197 394 τητος
213 358 294 392 φύσιν
312 359 460 394 ὑπομεῖναι
475 360 602 394 λέγεσθαι
621 359 671 394 τὴν
694 359 809 394 σφαγὴν,
835 367 912 394 περι-

122 406 225 440 ίστησιν
250 405 367 436 ἀνοσίως
387 406 428 437 εἰς
450 406 594 441 ἄνθρωπον
620 405 712 436 ἰδικῶς
735 405 781 431 τοῦ
809 413 909 440 μυστη-

122 451 177 487 ρίου
193 449 242 485 τὴν
264 450 398 485 δύναμιν·
415 451 463 477 καὶ
476 451 556 478 αὑτὸν
574 448 643 477 εἷναί
667 458 733 486 φησι
747 449 792 476 τὸν
814 450 911 475 ἐσταυ-

965 223 1114 250 divinitatis
1142 226 1267 250 naturam
1291 229 1351 250 esse
1376 224 1476 251 credem
1500 229 1667 258 perpessam,
1695 225 1748 251 vim

964 268 1030 295 tanti
1055 268 1176 303 mymerii
1208 268 1234 296 in
1264 267 1400 295 hominem
1437 269 1551 296 seorslm
1583 276 1614 296 ac
1642 271 1750 305 proprie

962 321 1066 342 summa
1082 321 1142 341 cum
1160 314 1299 350 impietate
1321 315 1435 350 redigit,
1453 316 1594 350 ipsumque
1608 316 1674 343 dicit
1689 323 1749 344 esse

958 359 1132 393 vcrucitixum,
1148 365 1175 387 et
1185 360 1231 395 qui
1246 364 1362 388 mortem
1374 368 1423 396 pro
1437 361 1531 389 mundi
1558 361 1608 387 vita
1631 360 1749 396 pertule—

963 405 1008 433 rit.
1023 405 1112 433 Audio
1127 413 1245 441 namque
1263 406 1336 433 illum
1357 414 1450 434 rursus
1465 407 1492 433 in
1511 406 1563 434 alia
1580 406 1748 442 expositione

962 450 1052 478 dicere
1064 460 1072 478 :

121 497 251 533 ρωμένον,
264 499 312 524 καὶ
329 499 375 525 τὸν
394 498 464 533 ὑπὲρ
474 499 526 533 τῆς
546 499 592 524 τοῦ
607 499 711 533 κόσμου
730 499 804 533 ζωῆς
818 497 970 524 ἀνατλάντα
985 497 1107 527 Θάνατον.
1132 499 1235 527 ’Λκούω
1253 500 1306 535 γὰρ
1325 499 1461 534 λέγοντος,
1478 500 1507 525 ἐν
1520 500 1648 535 ἐξηγήσει
1667 499 1748 527 πάλιν

119 545 201 573 ἑτέρα
208 554 216 561 ·

153 554 163 572 s
184 554 216 580 ᾳ·

153 554 250 629 [ἓῦτος
280 595 294 619 6
317 593 363 619 τὺν
389 593 534 620 ἀκάνθινον
555 593 735 629 περιθέμενος
759 594 908 628 στέφανον·

117 636 192 671 ὦτος
205 641 220 666 ὁ
233 640 341 674 λέγων·
364 649 372 664 ι
393 639 443 665 Θεέ
463 648 526 674 μου,
540 639 590 666 Θεέ
608 649 670 674 μου,
694 640 737 666 ἵνα
761 639 786 666 τί
809 649 842 674 με
864 641 910 673 ὲγ-

119 686 278 718 κατέλιπεςς
309 695 318 710 ι
351 683 430 716 οὗτος
460 687 475 712 ὁ
502 686 652 721 τριήμερον
689 686 817 720 τελευτὴν
845 686 911 712 ὐπο-

118 731 234 767 pitag]

418 799 543 828 ΚΕΦΑΛ.
570 800 607 827 Ε’.

156 864 308 900 Ἐπόμενος
337 865 387 900 μὲν
414 863 461 893 οὖν
486 867 567 898 αὐτὸς
592 866 632 902 τῷ
659 867 716 902 ἰδίῳ
740 869 852 904 σκοπῷ,
876 871 910 896 τὰ
928 877 947 904 Β

115 910 202 937 τοιάδε
234 912 336 946 φησίν·
369 913 451 946 ἡμεῖς
475 912 504 938 δὲ
530 912 603 947 αὐτῷ
628 913 782 949 σοφώτερόν
807 924 835 941 τε
865 917 911 942 καὶ

115 956 298 992 ἀληθέστερον
334 957 506 993 ἐπιδείξομεν
540 958 588 984 τὸν
635 959 826 995 Ἐμμανουήλ,
865 961 911 988 τὸν

115 1001 161 1027 τοῦ
185 1002 290 1036 κόσμου
314 1002 418 1034 παντὸς
443 1003 553 1037 σωτῆρα
573 1004 618 1030 καὶ
636 1004 786 1040 λυτρωτὴν.
811 1007 909 1040 Γέγονε

117 1047 181 1082 γὰρ,
190 1048 229 1078 ὡς
240 1047 292 1082 ἤδη
305 1048 466 1079 πλειστάκις
481 1050 602 1083 εἴπομεν,
614 1050 682 1086 σὰρξ
697 1051 710 1076 ὁ
724 1051 820 1085 Λόγος,
832 1053 910 1088 σῶμα

118 1091 180 1128 Ῑτε]
195 1093 262 1118 [διον
294 1093 497 1128 ποιησάμενος,
522 1093 552 1119 τὸ
576 1094 689 1129 πάσχειν
717 1095 797 1126 εἰδὸς,
816 1096 908 1128 αἰκίας

116 1146 145 1164 τε
158 1139 207 1165 καὶ
222 1138 351 1170 θάνατον,
367 1138 483 1165 δέδοικεν
499 1139 567 1174 ὑπὲρ
582 1140 661 1174 ήμῶν
671 1140 748 1172 αὐτὸ,
766 1141 822 1173 καὶ,
837 1142 910 1168 καθά

117 1193 200 1220 φησιν
215 1185 231 1210 ὁ
244 1185 389 1216 Θεσπέσιος
402 1184 518 1216 Παῦλος.
536 1185 667 1220 ὑπέμεινε
682 1186 800 1221 erat)pr
815 1186 910 1222 αἱσχὺ-

117 1238 165 1264 νης
182 1231 409 1265 καταφρονήσας.
424 1231 459 1256 Ἦ
474 1230 529 1265 γὰρ
546 1231 596 1256 οὐκ
615 1231 741 1266 αἰσχύνη,
758 1233 805 1258 καὶ
827 1233 908 1258 οἱονεί

116 1284 158 1307 τις
173 1276 296 1311 ἐντροπὴ
312 1275 352 1310 τῷ
368 1275 516 1302 πανσοενεῖ
529 1278 576 1303 καὶ
593 1276 734 1312 ζωοποιῷ,
751 1279 798 1304 καὶ
814 1279 908 1305 παθῶν

118 1322 248 1348 ἐπέκεινα
265 1321 376 1357 λαχόντι
387 1322 436 1357 τὴν
452 1322 542 1356 φύσιν,
555 1323 585 1349 τὸ
599 1323 628 1356 ἐξ
644 1323 817 1360 ἀνθρωπίνης
828 1325 908 1352 ἀσθε-

117 1368 192 1400 νείας
206 1367 403 1403 σταυρωθῆναι
422 1369 520 1399 δοκεῖν.
538 1370 586 1396 καὶ
607 1370 637 1395 ἐν
657 1369 765 1404 θανάτῳ
780 1371 907 1404 γενέσθαι

117 1414 189 1441 κατὰ
210 1414 261 1448 τὴν
278 1414 382 1449 σάρκας
411 1415 467 1440 Καὶ
493 1415 557 1448 γοῦν
578 1415 592 1440 ὁ
609 1415 690 1447 αὑτός
707 1416 757 1442 πού
776 1425 842 1450 φησι
863 1418 907 1444 διὰ

118 1461 210 1495 φωνῆς
230 1460 361 1488 Ἡσαΐου·
381 1470 390 1484 ‹
409 1461 459 1486 Τὺν
474 1461 558 1486 νῶτόν
574 1469 626 1494 μου
641 1459 744 1488 δέδωκα
759 1463 799 1493 είς
811 1463 907 1497 μάστι-

116 1512 187 1538 γας,
203 1504 254 1536 τᾶς
277 1505 306 1530 δὲ
332 1504 462 1538 σιαγόνας
487 1513 538 1539 μου
558 1506 598 1535 είς
626 1506 801 1541 ῥαπίσματα·
827 1507 857 1532 τὸ
882 1508 908 1533 δὲ

997 591 1116 620 Νεετοιι.
1130 592 1192 628 [llic
1207 593 1268 626 ille,
1281 593 1324 620 cui
1339 592 1431 627 spinea
1444 599 1543 620 corona
1558 591 1747 626 circumposita

962 637 1023 669 fuit,
1042 638 1085 665 hic
1101 638 1144 665 ille
1164 639 1209 673 qui
1233 638 1320 665 dixit:
1341 647 1350 665 ι
1375 639 1444 666 Dens
1463 646 1557 669 meus,
1573 637 1644 665 Deus
1661 645 1746 667 meus.

963 689 993 710 nt
1011 684 1073 718 quid
1088 692 1131 710 me
1144 684 1381 719 dereliquisli?”r
1398 684 1443 712 hic
1456 684 1502 711 ille
1510 684 1557 719 qui
1574 687 1688 711 mortem
1702 683 1749 710 tri-

964 732 1083 756 ilttanam
1096 729 1246 764 sustinuit.]

1291 796 1367 824 CAP.
1389 798 1423 825 ν.

997 863 1057 898 ipse
1069 864 1175 899 quidem
1197 872 1273 892 suum
1293 870 1401 893 secutus
1417 866 1582 900 propositum
1597 865 1654 894 haec
1666 865 1748 898 dicit;

962 914 990 935 at
1026 917 1074 937 nos
1105 910 1142 937 illi
1174 910 1325 945 sapientius
1355 918 1388 938 ac
1423 912 1514 939 verius
1545 911 1748 940 Emmanuelem

961 957 1145 988 ostendemus,
1163 956 1255 983 mundi
1270 957 1352 984 totius
1366 957 1527 985 salvatorem
1547 966 1579 985 ac
1596 959 1749 994 redempto—

963 1009 1030 1029 rem.
1046 1002 1164 1029 Verbum
1188 1002 1268 1038 135
1287 1003 1378 1035 enim,
1402 1007 1432 1030 ut
1451 1003 1507 1037 jam
1529 1011 1601 1038 stepe
1618 1005 1747 1037 diximus,

961 1055 1025 1074 caro
1046 1047 1145 1074 factum
1161 1053 1212 1080 est,
1229 1055 1346 1083 cumque
1371 1056 1471 1083 corpus
1486 1051 1625 1084 proprium
1641 1050 1748 1079 eﬂ'ecis-

962 1097 1003 1120 set
1017 1093 1088 1127 quod
1105 1098 1196 1128 posset
1211 1094 1324 1129 injurias
1342 1102 1373 1121 ac
1392 1099 1507 1122 mortem
1529 1096 1595 1130 pati,
1617 1096 1682 1124 illud
1700 1104 1748 1131 pm

962 1139 1039 1166 uoltis
1055 1139 1138 1172 dedit,
1153 1144 1191 1173 et,
1205 1144 1233 1166 ut
1246 1140 1389 1167 aitheatns
1405 1139 1515 1173 Paulus,
1533 1149 1642 1169 crucem
1665 1144 1748 1170 susti-

962 1183 1021 1210 nuit
1037 1183 1194 1211 confusione
1209 1189 1361 1220 contempta
1371 1185 1404 1213 ⁷⁸.
1419 1185 1486 1218 Quid
1499 1187 1592 1214 enim?
1603 1195 1656 1214 non
1667 1188 1749 1215 dedu-

961 1237 1009 1256 cus
1024 1234 1074 1261 est,
1092 1234 1120 1257 ct
1135 1230 1256 1265 quaedam
1274 1238 1358 1265 prope
1373 1231 1498 1259 confusio
1513 1233 1552 1260 illi
1570 1234 1748 1267 omnipotenti

960 1280 987 1302 ct
1001 1275 1158 1308 \‘ivit'icanli,
1176 1280 1204 1302 et
1223 1280 1347 1303 naturam
1371 1277 1481 1304 habenti
1500 1283 1630 1306 remotam
1651 1287 1666 1306 a
1688 1287 1749 1314 pas—

960 1322 1091 1354 sionibus,
1113 1329 1145 1348 ex
1161 1321 1278 1348 humana
1295 1321 1454 1349 inﬁrmitate
1472 1324 1560 1358 putari
1577 1324 1747 1352 cruciﬁxum.

959 1373 987 1394 et
1011 1373 1124 1395 mortem
1145 1369 1294 1396 secundum
1319 1377 1426 1397 carnem
1456 1371 1634 1405 perpessum?
1657 1370 1749 1406 itaque

959 1414 1016 1447 ipse
1030 1413 1108 1448 plane
1121 1413 1185 1441 dicit
1199 1422 1247 1448 per
1269 1421 1360 1442 vocem
1378 1415 1475 1443 lsaire:
1497 1425 1506 1442 (
1523 1416 1637 1444 Dorsum
1657 1423 1747 1443 meum

960 1459 1019 1485 iiL‘tll
1037 1459 1062 1485 in
1076 1458 1193 1494 ﬂagella.
1209 1463 1235 1485 et
1245 1459 1371 1487 maxillas
1389 1467 1463 1487 meas
1476 1459 1510 1487 ad
1523 1459 1614 1495 alapas
1628 1469 1635 1486 -.
1649 1459 1747 1486 faciem

960 1510 1049 1531 autem
1061 1511 1149 1530 meam
1164 1512 1216 1530 non
1232 1504 1318 1532 averti
1329 1512 1345 1532 a
1359 1504 1515 1533 confusione
1529 1510 1670 1540 sputorum
1683 1504 1717 1530 ".
1734 1513 1744 1530 ι

117 1550 265 1585 πρόσωπόν
283 1558 334 1584 μου
357 1550 409 1576 οὐκ
432 1551 599 1585 ἁπέστρεψα
621 1552 674 1577 ἀπὸ
699 1552 830 1587 αἰσχύνης
857 1554 905 1587 ἐμ-

985 1555 992 1576 ι
1007 1550 1102 1577 iterum
1117 1558 1124 1574 τ
1145 1559 1154 1574 ι
1174 1549 1235 1578 Ideo
1252 1558 1304 1577 non
1321 1559 1379 1578 sum
1395 1551 1540 1584 confusus,
1555 1551 1602 1580 sed
1616 1551 1691 1586 posui
1707 1552 1747 1578 c.-

117 1595 297 1630 πτυσμάτων.
312 1605 321 1622 ι
333 1596 387 1622 Καὶ
400 1596 490 1623 πάλιν·
506 1606 515 1621 ι
529 1597 577 1622 Διὰ
592 1597 667 1624 τοῦτο
680 1598 730 1624 οὑκ
744 1599 906 1634 ἐνετράπην,

118 1639 174 1666 ἀλλ’
197 1639 285 1675 ἔθηκα
310 1640 341 1666 τὸ
363 1641 510 1675 πρόσωπόν
539 1649 589 1675 μου
606 1641 644 1673 ὡς
661 1642 774 1676 στερεὰν
791 1644 906 1678 πέτραν,

119 1686 165 1712 καὶ
187 1686 274 1719 ἔγνων
297 1686 338 1712 ὅτι
358 1687 389 1712 οὐ
415 1687 452 1722 μὴ
475 1687 685 1722 καταισχυνθῶ,
712 1689 752 1714 ὅτι
771 1689 875 1722 ἐγγίζει
894 1691 908 1715 ὁ

118 1731 268 1762 δικαιώσας
297 1741 341 1767 με.
360 1742 370 1758 ι
389 1733 471 1759 Ὅσον
495 1733 545 1768 μὲν
567 1733 620 1768 γὰρ
645 1731 712 1770 ἧκεν
741 1735 780 1765 εἵς
805 1743 836 1768 γε
859 1735 908 1766 τὰς

125 1777 269 1813 Ἑλλήνων,
282 1779 328 1805 καὶ
340 1779 434 1813 μέντοι
452 1779 498 1805 καὶ
515 1779 650 1805 Ἰουδαίων
665 1781 777 1811 ἀνοσίας
795 1781 906 1815 ἀγέλας,

120 1823 268 1851 σκάνδαλόν
280 1833 310 1850 τε
319 1824 387 1859 ὁμοῦ
406 1825 452 1851 καὶ
470 1825 560 1860 μωρία
575 1825 730 1860 νενόμισται
745 1826 776 1852 τὸ
788 1827 907 1861 Χριστοῦ

120 1870 272 1905 μυστήριον
283 1878 289 1884 ·
307 1871 506 1905 καταμειδιιῖισι
518 1871 573 1906 γὰρ
586 1871 610 1897 oi
623 1871 738 1902 τάλανες
751 1871 799 1898 τοῦ
816 1872 906 1906 τιμίου

119 1916 256 1952 σταυροῦ·
279 1917 414 1951 ἐκὸέϐηκε
436 1917 465 1943 δὲ
487 1917 537 1951 τῆς
558 1917 691 1952 δοκούσης
710 1918 802 1949 αὐτοῖς
827 1919 907 1944 ἀσθε-

119 1963 190 1993 νείας
213 1963 247 1989 τὸ
264 1962 354 1997 πέρας
370 1964 410 1994 εἰς
432 1963 558 1994 εὐκλείας
584 1963 699 1998 δύναμιν
725 1963 775 1998 τῆς
799 1964 908 1998 ἀληθῶς

118 2007 370 2043 Θεοπρεπεστάτης.
386 2008 606 2044 Μεμαρτύρηται
623 2010 678 2044 γὰρ
696 2009 740 2036 διὰ
755 2009 805 2044 τῆς
818 2011 849 2036 ἐκ
863 2019 906 2036 νε-

118 2057 191 2091 κρῶν
214 2056 393 2088 ἀναστάσεως
406 2077 413 2088 ,
431 2057 472 2082 ὅτι
487 2065 516 2082 τε
536 2058 578 2090 εἴη
594 2057 671 2088 Θεὸς,
691 2057 737 2083 καὶ
752 2057 819 2084 Θεοῦ
837 2058 907 2084 κατὰ

118 2102 248 2136 ἀλήθειαν
269 2102 353 2129 Υἱὸς.
377 2102 415 2133 ὡς
440 2102 556 2129 θανάτου
581 2103 712 2136 κρείττων
729 2103 776 2129 καὶ
793 2103 904 2138 φθορᾶς,

117 2149 164 2175 καὶ
186 2147 256 2182 ὁμοῦ
272 2148 310 2182 τῷ
335 2148 514 2183 Γεγεννηκότι
530 2150 722 2183 προσκυνεῖται
744 2149 819 2184 παρὰ
840 2149 907 2175 πάν-

117 2203 179 2221 των.
197 2195 298 2221 ’Λκουε
323 2194 351 2219 δὲ
377 2193 590 2228 διακεκραγότος
606 2195 672 2228 ἡμῖν
697 2194 763 2220 αὐτὸ
779 2195 811 2229 δὴ
827 2194 904 2220 τοῦτο

117 2243 283 2278 Γρὰμματος
297 2242 370 2278 ἱεροῦ
381 2251 388 2257 υ
410 2251 421 2268 ‹
435 2241 513 2269 Οὖτω
527 2242 601 2276 λέγει
621 2241 738 2277 Κύριος”
758 2243 904 2276 Ἀγεάσατε

115 2290 161 2314 τὸν
175 2288 341 2322 φαυλίζοντα
353 2289 403 2322 τὴν
416 2283 505 2322 ψύχὴν
521 2287 614 2319 αὑτοῦ,
632 2287 677 2314 τὸν
694 2287 905 2323 βδελυσσόμενον

116 2335 168 2361 ὑπὸ
191 2334 248 2360 τῶν
272 2333 370 2364 ὲθνῶν,
396 2333 450 2359 τῶν
468 2333 580 2365 δούλων,
598 2333 652 2359 τῶν
674 2333 811 2368 ἀρχόντων
837 2335 903 2368 ('57).

115 2381 239 2411 Βασιλεῖς
252 2379 366 2413 ὄψονται
385 2379 476 2409 αὐτὸν.
495 2379 541 2405 καὶ
562 2379 760 2414 ἀναστήσονται
776 2380 907 2414 ἄρχοντες

116 2428 163 2453 καὶ
184 2427 424 2462 προσκυνήσουσιν
446 2423 530 2459 αὐτῷ.
554 2434 562 2450 ι
592 2425 766 2459 Ὁμολογεῐτε
779 2446 785 2457 ,
811 2425 904 2460 φησὶν,

116 2473 191 2506 ἅγιον
212 2470 283 2499 εἶναι
298 2471 372 2497 κατὰ
391 2471 472 2504 φύσιν
485 2469 523 2501 ὡς
541 2470 623 2496 Θεόν·
644 2470 690 2503 τὸν
706 2471 756 2505 τὴν
775 2470 840 2497 ἰδίαν
853 2471 904 2505 ψυ-

117 2519 166 2554 χὴν
181 2517 393 2552 ἑκφαυλίζοντα,
418 2516 551 2548 τουτέστι,
576 2517 622 2542 τὸν
638 2517 686 2551 τῆς
703 2517 800 2544 ἑαυτοῦ
820 2526 905 2544 κατα-

117 2566 288 2599 φρονήσαντα
313 2563 416 2598 ψυχῆς.
440 2562 551 2589 Τέθεικε
572 2563 627 2598 γὰρ
647 2562 732 2597 αὐτὴν
755 2563 825 2598 ὑπὲρ
849 2563 902 2590 τῶν

155 2643 178 2658 ’³
194 2643 292 2670 Matth.
307 2650 394 2674 xxv".
409 2641 454 2668 46.

493 2641 516 2655 ⁷*
536 2640 617 2668 Hebr.
635 2649 682 2672 xu,
700 2641 726 2667 2.
766 2643 788 2657 '”
801 2641 852 2668 lsa.
868 2650 905 2674 LI,
921 2642 947 2669 6.

960 1597 1028 1623 ciem
1044 1604 1130 1623 meam
1147 1602 1175 1622 nt
1191 1597 1284 1623 duram
1306 1601 1422 1630 petram.
1435 1602 1462 1625 et
1476 1597 1588 1632 cognovi
1603 1598 1675 1632 quod
1692 1605 1746 1626 non

960 1644 1119 1676 roniundar,
1147 1644 1210 1678 quia
1232 1651 1316 1678 prope
1341 1649 1384 1671 est
1404 1644 1449 1678 qui
1468 1643 1598 1678 justilicat
1623 1645 1706 1672 me".
1734 1655 1743 1670 ι

960 1690 1025 1716 Nam
1038 1691 1108 1724 quod
1127 1690 1224 1716 attinet
1239 1690 1273 1717 all
1290 1691 1429 1725 gentilium
1448 1695 1528 1725 atque
1543 1691 1624 1718 etiam
1640 1690 1746 1719 Judmo-

962 1745 1019 1763 rum
1045 1737 1154 1770 impiam
1176 1737 1294 1769 turbam,
1311 1737 1469 1765 scandalum
1488 1737 1568 1765 simul
1590 1742 1617 1765 et
1633 1738 1745 1765 stultitia

959 1782 1143 1808 existimatum
1160 1787 1202 1808 est
1215 1782 1317 1809 Chri5ti
1335 1784 1505 1817 mysterium.
1527 1781 1656 1810 Derident
1669 1791 1746 1811 nam-

959 1834 1012 1860 que
1029 1826 1120 1853 miseri
1134 1827 1315 1853 venerandam
1333 1834 1462 1859 erucem;
1483 1827 1529 1854 sed
1548 1827 1607 1861 cjus
1629 1827 1744 1854 inﬁrmi-

959 1873 1037 1906 tatisI
1056 1878 1084 1899 ut
1101 1872 1151 1907 ipsi
1169 1872 1325 1906 opinantur,
1344 1873 1405 1899 finis
1423 1873 1511 1900 evasit
1533 1874 1566 1900 ad
1583 1873 1745 1909 magnitudi-

960 1927 1020 1946 nem
1034 1919 1126 1954 gloriae
1140 1927 1232 1946 revera
1258 1919 1365 1947 divinae.
1392 1919 1458 1946 Nam
1477 1919 1682 1954 comprobatum
1703 1925 1746 1947 est

960 1973 1007 2000 per
1022 1966 1252 1994 resurrectionem
1264 1973 1296 1992 ex
1313 1966 1426 1993 mortuis
1439 1970 1466 1993 et
1483 1965 1558 1992 illum
1575 1973 1634 1993 esse
1650 1965 1744 1998 Deum,

959 2017 985 2038 et
998 2012 1043 2039 Dei
1059 2019 1153 2039 revera
1166 2010 1277 2043 Filium,
1292 2016 1322 2038 ut
1337 2011 1384 2046 qui
1402 2012 1496 2039 mortis
1510 2012 1745 2047 corruptionisth

958 2057 1044 2084 victor
1062 2057 1152 2089 fuerit,
1167 2062 1194 2084 et
1215 2057 1293 2083 simul
1314 2064 1375 2084 cum
1395 2056 1474 2084 Patre
1494 2057 1528 2084 ab
1543 2058 1668 2085 omnibus
1698 2058 1745 2085 ad-

958 2107 1060 2130 oretur.
1081 2102 1151 2131 Audi
1163 2108 1252 2129 autem
1263 2110 1355 2130 sacras
1370 2102 1487 2130 Litteras
1500 2103 1551 2130 hoc
1564 2104 1650 2136 ipsum
1668 2104 1744 2130 uoltis

958 2149 1155 2184 proclamantes
1173 2158 1179 2174 ε
1200 2158 1209 2174 ι
1223 2149 1268 2176 Sic
1289 2149 1355 2175 dicit
1386 2148 1514 2176 Dominus
1537 2157 1544 2175 :
1572 2148 1744 2176 Sanctiﬁcate

958 2195 1150 2230 despicientem
1168 2195 1285 2222 animam
1313 2202 1399 2226 suam,
1426 2199 1596 2221 exsecratum
1622 2201 1636 2220 a
1658 2194 1744 2229 genti-

960 2244 1018 2275 bus,
1049 2243 1145 2274 servis,
1173 2241 1351 2276 principibus.
1375 2241 1462 2274 Reges
1476 2240 1604 2267 videbunt
1627 2247 1699 2271 eum,
1718 2245 1745 2266 et

959 2291 1126 2322 consurgent
1137 2287 1283 2322 principes.
1297 2291 1324 2313 et
1337 2286 1486 2313 adorabunt
1498 2293 1559 2313 eum
1571 2285 1604 2312 ⁷⁸.
1625 2294 1635 2310 ι
1654 2284 1743 2312 Conﬁ-

961 2333 1064 2365 temini,
1087 2333 1185 2367 inquit,
1210 2337 1333 2360 sanctum
1354 2339 1414 2358 esse
1435 2331 1507 2358 illum
1530 2335 1622 2366 utpote
1638 2330 1742 2358 Deum:

961 2379 1035 2406 illum
1052 2378 1097 2414 qui
1115 2386 1190 2406 suam
1208 2378 1325 2405 animam
1339 2378 1463 2411 despicit.
1482 2378 1531 2404 hoc
1543 2383 1596 2409 est,
1608 2377 1652 2414 qui
1667 2385 1743 2405 suam

959 2425 1074 2452 animam
1089 2425 1247 2452 contemnit.
1267 2424 1334 2451 Nam
1361 2424 1432 2451 illam
1459 2432 1506 2458 pro
1526 2423 1620 2450 ovibus
1644 2424 1743 2459 posuit,

958 2477 986 2499 ut
1003 2476 1097 2506 pastor
1115 2471 1203 2498 bonus
1217 2472 1239 2487 ⁸ο
1255 2481 1260 2498 :
1281 2479 1360 2505 quem
1386 2475 1533 2498 exsecrata:
1551 2471 1659 2505 quidem
1682 2475 1744 2499 sunt

958 2523 1061 2551 gentes,
1086 2521 1113 2543 et
1135 2517 1205 2544 servi
1222 2521 1250 2543 et
1275 2517 1390 2544 ministri
1411 2516 1495 2550 alapis
1518 2516 1741 2547 dehonestarunt,

958 2572 1018 2590 cum
1035 2563 1233 2590 Pltarisaturum
1253 2563 1329 2590 turba
1344 2563 1381 2590 illi
1399 2563 1480 2598 impie
1500 2562 1651 2590 ittsullaret.
1666 2562 1742 2590 Hunc

987 2642 1009 2657 ⁷⁸
1026 2642 1089 2669 ibid.
1109 2641 1162 2669 7-8.
1207 2643 1229 2658 "
1245 2643 1296 2669 Isa.
1314 2650 1386 2674 xux,
1404 2642 1429 2669 7.
1472 2643 1495 2658 ⁸⁸
1510 2642 1625 2676 Joan.x,
1642 2643 1685 2671 ii.

744 2719 825 2747 ANT.
846 2718 983 2747 AGELLII
1003 2718 1118 2746 ΝΟΤίΕ.

149 2804 200 2838 (37)
219 2802 435 2838 Peculiarisrest
450 2801 508 2827 haec
529 2801 608 2838 lectio
622 2800 734 2838 Cyrilln,
750 2807 811 2838 cum
833 2797 901 2838 11X}

117 2833 238 2868 Indicant,
260 2843 290 2864 ut
304 2837 365 2863 fere
381 2837 407 2862 in
433 2843 524 2862 eorum
541 2836 619 2862 codd.
642 2833 749 2870 legitur,
776 2835 821 2860 τὸν
840 2833 901 2859 δοῦ-

270 2884 415 2914 ΡΑτιιοι..
435 2882 493 2912 Ge.
517 2883 649 2913 LXXVI.

960 2797 1005 2823 λον
1022 2797 1074 2824 τῶν
1091 2797 1238 2832 ἀρχόντων,
1261 2807 1360 2826 servum
1381 2800 1556 2832 dominorum,
1573 2804 1603 2827 ul.
1620 2799 1701 2828 etiam
1714 2797 1745 2827 in

962 2832 1080 2859 lic-bracis
1095 2833 1202 2866 li‘glllil‘.

1549 2882 1568 2910 8
