1886 3056
129 146 181 175 εστ

643 142 671 169 S.
692 138 830 169 L‘flill.”
851 138 1086 167 ALEXANDRINI
1105 135 1265 167 ARCHIEP.

1711 131 1768 163 136

131 203 258 231 ridebunt
276 210 363 238 “reges
393 208 419 229 et
449 203 636 235 consurgent:
661 201 735 228 hunc
767 200 875 228 adorabt

1023 201 1127 233 ιὸάτων,
1142 201 1179 233 ὼς
1203 200 1305 236 ποιμὴν
1322 199 1439 234 ἀγαθός’
1462 199 1491 225 ὃν
1517 197 1695 230 ἐϐδελύξαντο
1716 197 1767 231 μὲν

129 250 268 285 principes
292 254 419 284 tanquam
444 248 541 280 Deum,
559 247 663 275 scilicet
676 247 721 282 qui
743 246 776 274 ad
793 245 918 274 exinani—

131 297 231 324 tionem
251 304 280 323 se
297 295 441 330 dejecerit,
457 298 486 321 ut
508 300 604 329 passus
627 300 709 321 carne
725 297 847 321 servaret
872 300 919 320 or-

129 343 191 370 bem
205 347 349 369 terrarum.
368 340 417 368 llic
434 340 480 368 ille
495 344 537 367 est
554 339 597 367 cui
615 346 665 374 pro
677 339 755 366 nobis
766 339 858 374 spinea
873 345 919 366 co-

131 396 198 416 rona
214 387 263 415 fuit
281 386 474 422 circumposita
489 395 495 413 :
510 386 554 414 hic
568 393 620 413 non
635 385 704 413 alius
715 385 760 420 qui
777 393 810 412 ex
828 385 921 412 huma-

132 436 217 463 nitate
231 433 340 469 quidem
356 433 502 460 crucifixus
516 436 568 464 est,
581 436 608 460 et
619 433 686 459 dixit
699 440 705 457 :
722 441 731 458 ‹
747 431 820 459 Deus
833 439 919 464 meus,

131 481 202 509 Deus
224 487 310 512 meus,
328 480 421 514 utquid
444 487 487 506 me
506 478 673 514 dereliquiin
684 478 727 505 "2
743 487 752 504 ι
769 478 816 505 sed
832 485 864 504 ex
878 477 921 504 di-

131 528 242 555 vinitate
255 527 377 554 cohibuit
395 525 461 554 solis
482 525 583 556 lumen,
600 530 628 553 et
653 524 680 551 in
700 525 744 552 die
766 524 853 552 media
873 531 921 551 uo-

130 579 200 601 ctem
214 573 314 608 posuit,
326 579 361 600 ne
380 572 454 599 illum
467 571 619 605 simplicem
639 571 787 603 hominem,
799 571 880 604 nuda,
891 575 921 597 ut

131 626 161 648 tu
170 619 473 654 asseris,conjunctione
483 617 563 653 136
572 617 752 650 nobilitatum,
762 624 814 651 qua
826 622 921 651 nempe

90 687 97 706 η
130 675 192 695 eum
215 667 260 694 illo
274 674 307 694 ex
321 665 377 694 Deo
386 665 485 700 _Verbo
498 665 534 692 sit
547 664 708 699 copulatus,
730 663 919 694 confiteamur,

92 710 95 712 ’
131 713 178 741 sed
197 713 279 740 Deum
302 717 362 740 esse
386 710 540 741 Credamus,
562 708 590 735 in
606 712 698 735 nostra
716 707 823 742 specie,
845 710 872 733 et
893 705 920 732 in

130 757 218 786 forma
232 757 313 789 servi,
326 763 460 784 memores
474 754 548 781 illum
559 761 609 789 per
625 761 719 780 vocem
733 753 869 788 propheta:
881 751 921 778 di-

131 805 226 832 xisse:
246 812 256 829 ί
276 803 309 830 Et
326 802 436 829 induam
459 801 559 828 ctelum
582 800 717 832 tenebris,
737 803 764 826 et
779 805 876 833 ponam
892 801 922 824 ut

131 857 240 878 saccum
255 849 446 876 vestimentum
461 847 520 881 ejus
530 847 564 873 ".
581 856 591 872 ›
608 847 668 880 ipse
684 845 756 873 enim
770 846 815 879 qui
832 844 921 878 loque-

970 247 1004 274 τὰ
1027 246 1102 283 ἔθνη,
1119 246 1206 273 δοῦλοι
1222 245 1251 274 δὲ
1274 246 1321 272 κα⁸ι
1336 245 1473 281 ὑπηρέται
1489 244 1661 280 ῥαπίσμασιν
1685 241 1768 277 ὕϐρι-

963 298 1021 320 ’σαν
1034 312 1042 326 ,
1059 293 1109 329 τῆς
1127 293 1182 320 τῶν
1203 292 1357 328 Φαρισαίων
1377 291 1497 327 πληθύος
1524 290 1638 322 ἀνοσίως
1654 290 1769 324 ἐμπαρ-

970 339 1097 375 οινούσης
1110 339 1195 375 αὐτῷ.
1210 339 1310 366 Τοῦτον
1322 338 1433 373 ὄψονται
1447 337 1567 384 βασιλεῖς
1581 336 1629 363 καὶ
1645 335 1770 375 άναστή-

971 395 1079 415 σονται·
1105 389 1194 422 τούτῳ
1218 388 1455 423 προσκυνήσουσιν
1478 381 1624 421 ἄρίοντες,
1649 384 1688 415 ὡς
1704 381 1770 417 Θεῷ

970 434 1093 469 δηλονότι
1108 433 1268 468 Χαθιγμένῳ
1278 433 1347 467 πρὸς
1359 433 1487 465 κένωσιν,
1501 433 1544 459 ἵνα
1559 430 1654 458 παθὼν
1669 430 1768 465 σαρκὶ,

970 480 1089 516 διασώσῃ
1112 481 1161 515 τὴν
1182 480 1228 506 ὑπ’
1246 479 1370 515 οὐρανόν.
1389 475 1475 510 Οὗτος
1496 480 1510 506 ὁ
1532 478 1602 513 ὑπὲρ
1618 477 1700 513 ἡμῶν
1719 476 1770 503 τὸν

971 527 1116 555 ἀκάνθινον
1133 526 1325 562 περικείμενος
1343 526 1474 561 στέφανον
1484 533 1491 541 ·
1505 521 1592 557 οὗτος,
1608 525 1658 552 οὐκ
1673 524 1769 554 ἄλλος.

971 574 985 600 ό
1010 573 1212 609 σταυρούμενος
1230 573 1280 608 μὲν
1295 572 1476 608 ἀνθρωπίνως
1499 572 1546 599 καὶ
1561 571 1648 605 λέγων
1659 579 1666 586 ’
1687 579 1697 596 t
1714 568 1770 596 Θέέ

973 628 1036 655 μου,
1053 619 1103 645 Θεέ
1122 627 1185 654 μου,
1202 619 1254 645 ’ἶνα
1269 618 1296 644 τί
1311 626 1345 653 με
1360 617 1559 652 ὲγκατέλιπες;
1579 627 1588 642 ι
1610 616 1770 643 συστέλλων

971 665 999 692 δὲ
1025 665 1124 696 θεῖκῶς
1148 664 1194 691 τοῦ
1217 664 1295 700 ἡλίου
1321 663 1350 690 τὺ
1375 663 1443 698 φῶς,
1459 665 1506 690 καὶ
1522 665 1551 690 ὲν
1575 663 1667 700 ἡμέρᾳ
1694 663 1770 698 μέσῃ

971 711 1057 739 νύκτα
1080 711 1166 743 τιθεὶς
1177 732 1184 745 ,
1203 711 1247 738 ἵνα
1264 711 1302 746 μὴ
1315 710 1458 746 ἄνθρωπον
1473 710 1567 742 ἁπλῶς
1588 710 1655 746 ψιλῇ
1669 731 1677 743 ,
1693 709 1771 736 κατὰ

973 759 1013 791 σὲ,
1029 759 1161 795 συναφείᾳ
1175 757 1368 794 τετιμημένον,
1380 759 1413 793 τῇ
1429 757 1498 792 πρός
1517 765 1562 791 γε,
1577 757 1659 791 φημὶ,
1671 757 1718 783 τὸν
1734 758 1770 783 ὲκ

972 805 1039 832 Θεοῦ
1050 805 1145 840 Λόγον,
1161 804 1339 840 ὁμολογῶμεν
1355 804 1436 830 αὐτόν
1445 812 1451 818 ·
1459 803 1525 830 Θεὸν
1535 803 1564 830 δὲ
1575 803 1678 838 μᾶλλον
1692 800 1769 829 εἶναι

973 851 1175 886 πιστεύσωμεν,
1190 852 1220 878 ὲν
1235 851 1300 877 εἴδει
1317 850 1356 885 τῷ
1372 850 1432 877 καθ’
1451 851 1536 885 ἡμᾶς,
1555 850 1603 876 καὶ
1617 851 1647 876 ἐν
1660 851 1694 885 τῇ
1718 850 1769 876 τοῦ

131 899 211 925 batur
227 896 314 930 adest,
326 900 354 922 et
365 895 436 929 quod
447 894 512 921 olim
524 898 553 920 ut
565 893 634 920 Deus
647 892 705 919 fore
717 892 875 926 praenuntiat

1024 899 1066 924 λου
1093 899 1197 932 μορφῇ,
1220 896 1392 932 μεμνημένοι
1406 896 1450 922 διὰ
1468 896 1559 931 φωνῆς
1573 896 1653 929 ἁγίου
1669 895 1768 929 λέγον-

131 951 181 972 suo
194 947 316 978 tempore
330 941 460 976 implevit,
480 939 627 967 crucifixus
637 938 804 965 humanitus.
814 936 919 964 Caelum

131 996 249 1024 namque
278 987 472 1022 propemodum
504 985 622 1012 tenebris
655 990 780 1018 tanquam
815 980 920 1016 lugubri

130 1041 206 1064 veste
228 1041 258 1062 se
274 1034 381 1066 induit;
396 1033 436 1060 sol
452 1031 547 1064 etiam,
563 1038 624 1058 curn
651 1031 789 1058 radiorum
809 1035 920 1056 suorum

132 1081 263 1116 fulgorem
280 1087 332 1107 non
353 1079 423 1106 ultra
440 1078 474 1106 iis
490 1078 578 1110 daret,
597 1076 642 1111 qui
661 1076 790 1103 adversus
813 1075 922 1102 univer—

131 1135 224 1154 sorum
238 1127 380 1154 Dominum
395 1132 426 1151 ac
441 1125 523 1152 Deum
543 1123 698 1157 petulanter
712 1121 842 1149 insultare
861 1121 920 1148 ausi

132 1174 249 1204 fuerant,
266 1171 393 1199 tenebras
417 1170 508 1196 animo
531 1169 638 1195 illorum
667 1175 699 1194 ac
725 1167 809 1194 menti
831 1166 921 1194 oll'un-

131 1219 236 1247 dendas
248 1217 450 1253 prmnuntiavit.
467 1215 562 1242 Psallit
576 1215 648 1241 enim
664 1215 697 1242 de
712 1214 778 1248 ipsis
792 1213 920 1241 nimirum

131 1267 212 1293 etiam
226 1265 321 1292 beatus
336 1263 440 1290 David:
460 1271 468 1287 ι
493 1260 679 1289 Obscurentur
692 1260 764 1288 oculi
777 1267 870 1288 eorum
888 1267 922 1288 ue

130 1313 250 1344 videant,
265 1315 291 1338 et
302 1311 410 1337 dorsum
427 1315 520 1336 eorum
539 1315 646 1341 semper
669 1308 780 1335 incurva
792 1307 825 1334 ".
841 1316 851 1332 ι
874 1306 920 1334 Di-

132 1363 239 1394 ruptum
257 1361 299 1384 est
310 1357 391 1384 etiam
406 1355 495 1382 velum
520 1354 624 1389 templi,
646 1358 675 1380 ut
691 1353 716 1380 in
733 1361 794 1381 eutn
810 1353 922 1380 creden-

131 1407 204 1433 tibus
217 1405 354 1439 detegeret
374 1403 430 1437 jam
455 1401 554 1428 Sancta
571 1406 746 1434 sanctorum,
773 1405 800 1428 et
827 1399 921 1427 intima

131 1453 176 1480 illa
190 1451 339 1488 penetralia
357 1449 556 1477 demonstraret
574 1456 580 1473 :
606 1451 734 1481 tanquam
753 1453 806 1473 non
834 1447 923 1473 adhuc

132 1499 250 1526 habente
265 1501 365 1524 statum
382 1495 472 1529 priore
486 1493 531 1521 illo
547 1493 732 1524 tabernaculo,
745 1492 793 1519 sed
807 1491 863 1526 jam
880 1499 922 1519 re-

131 1545 218 1572 velata
233 1548 388 1571 sanctorum
406 1542 447 1569 via
460 1541 492 1574 ",
514 1541 642 1568 nimirum
661 1540 705 1567 illa
727 1547 786 1575 quae
802 1540 877 1567 ducit
895 1540 921 1566 in

133 1591 232 1618 Sancta
251 1594 416 1617 sanctorum.
443 1587 542 1615 Sancta
562 1587 634 1614 enim
650 1591 709 1613 erat
725 1585 819 1621 procul
841 1585 923 1612 dubio

133 1638 191 1671 ipsa
207 1637 247 1663 lex
261 1642 380 1671 quoque,
402 1634 500 1669 quippe
517 1640 577 1668 quae
587 1632 700 1667 justiti-aa
725 1637 783 1660 erat
808 1631 922 1663 arbitra,

131 1689 159 1709 et
177 1683 337 1717 paedagogus
357 1681 390 1708 ad
416 1681 553 1707 Christum
567 1678 611 1705 ":
635 1679 682 1706 sed
705 1678 782 1713 longe
804 1678 924 1705 sanctior

133 1729 294 1763 intelligitur
311 1727 355 1754 illa
372 1728 398 1754 in
421 1726 529 1753 Christo
545 1726 610 1757 vita,
627 1729 654 1752 et
670 1725 715 1752 illo
728 1725 761 1759 ⁸ἱιι
778 1724 882 1751 umbris
897 1728 924 1751 et

132 1774 226 1808 figuris
239 1773 309 1800 cultu
323 1772 494 1807 prmstanlior
508 1779 541 1798 ac
555 1771 650 1798 melior
664 1771 687 1798 is
703 1771 750 1806 qui
770 1771 796 1797 in
824 1770 922 1805 spiritu

132 1825 160 1847 et
177 1820 290 1847 veritate
304 1818 458 1846 exhibetur.
475 1817 516 1844 An
536 1823 601 1844 vero
615 1824 670 1844 non
689 1816 779 1844 divina
797 1821 825 1843 et
841 1824 923 1851 supra

132 1866 250 1894 hominis
280 1870 403 1892 naturam
418 1862 550 1898 ejusmodi
569 1867 632 1890 sunt
648 1862 752 1897 opera?
767 1870 856 1890 nonne
877 1870 924 1889 sa-

132 1913 230 1940 lutaris
250 1911 294 1939 illa
317 1911 409 1946 passio
429 1910 584 1937 versatilem
610 1909 684 1936 illum
703 1909 820 1945 gladium
845 1909 924 1936 cohi-

133 1953 254 1992 huit,‘et
281 1958 417 1986 hominem
444 1965 539 1985 rursus
562 1957 588 1984 in
615 1956 769 1992 paradisum
796 1956 924 1983 induxit?

133 2006 206 2034 Dixit
222 2005 293 2033 enim
320 2004 445 2032 Christus
460 2003 539 2031 simul
555 2010 685 2038 suspenso
707 2003 803 2030 latroni
822 2011 829 2029 :
845 2011 854 2028 ι
870 2001 925 2029 llo-

134 2053 178 2080 die
194 2058 298 2079 mecum
316 2051 371 2078 eris
386 2050 414 2076 in
434 2050 559 2084 paradiso
571 2049 604 2076 ⁸⁸.
625 2058 635 2075 ›
654 2047 750 2076 Nonne
764 2048 865 2076 affulsit
882 2048 924 2075 his

133 2097 179 2132 qui
193 2097 220 2124 in
235 2096 355 2124 tenebris
367 2101 458 2127 erant,
473 2103 533 2123 cum
545 2099 680 2130 potestate
695 2094 856 2127 inclamans,
871 2093 924 2121 lic-

133 2142 317 2170 velamini"?
338 2141 485 2169 Evaeuavit
511 2141 584 2170 enim
611 2140 714 2168 inferos
740 2146 769 2167 ut
797 2140 876 2173 Deus,
898 2144 925 2168 et

134 2197 193 2222 cos,
215 2190 259 2224 qui
274 2189 309 2216 ibi
326 2193 415 2221 erant,
440 2196 455 2215 a
481 2187 597 2215 vinculis
618 2187 748 2215 relaxavit
761 2187 794 2214 ⁸⁸.
813 2187 846 2214 Et
868 2187 926 2222 ipse

971 954 1017 977 τος
1028 953 1034 960 ·
1055 954 1064 970 t
1084 944 1140 971 Καὶ
1154 943 1256 970 ἐνδύσω
1271 943 1316 969 τὸν
1331 943 1445 978 οὐρανὸν
1457 942 1563 974 σκότος,
1576 943 1623 968 καὶ
1638 941 1716 977 θήσω
1729 942 1770 973 ὡς

973 991 1075 1018 σάκκον
1089 990 1119 1017 τὸ
1134 989 1310 1026 περιϐόλαιον
1334 988 1428 1016 αὑτοῦ.
1447 997 1457 1014 ›
1476 989 1562 1020 Αὐτὸς
1579 989 1633 1023 γὰρ
1649 989 1664 1014 ὁ
1677 987 1769 1014 λᾶλῶν

972 1037 1100 1072 πάρεστι,
1125 1036 1173 1062 καὶ
1196 1035 1210 1062 ὃ
1231 1035 1316 1062 πάλαι
1342 1034 1556 1070 προμεμήνυκεν
1576 1034 1708 1068 ἐσόμενον
1728 1033 1769 1065 ὡς

971 1083 1050 1114 Θεὸς,
1066 1082 1210 1117 ἐπλήρωσε
1223 1080 1295 1107 κατὰ
1310 1081 1423 1116 καιροὺς
1437 1079 1617 1115 ἀνθρωπίνως
1631 1080 1769 1115 σταυρού-

973 1137 1063 1164 μενος.
1086 1127 1238 1163 Μονονουχὶ
1259 1127 1314 1162 γὰρ
1340 1126 1468 1153 πενθικὸν
1493 1126 1600 1160 ἱμάτιον
1617 1127 1632 1153 ό
1648 1126 1767 1161 οὐρανὸς

971 1175 1017 1202 τὸν
1034 1174 1129 1201 σκότον
1146 1173 1281 1209 ὑπέσχετο
1291 1182 1297 1187 ·
1314 1173 1328 1199 ὁ
1343 1172 1419 1207 ἣλιος
1433 1172 1461 1198 δὲ
1475 1171 1529 1199 τῶν
1542 1172 1659 1198 ἀκτίνων
1673 1171 1704 1198 τὸ
1720 1172 1767 1198 σέ-

972 1221 1021 1253 λας
1033 1221 1124 1248 οὐκέτι
1144 1219 1232 1251 διδοὺς
1245 1220 1300 1250 τοῖς
1314 1218 1515 1254 ὲμπαροινῆσαι
1529 1217 1710 1253 τετολμηκόσι
1726 1217 1767 1252 τῷ

971 1268 1026 1308 ίτῶν
1040 1268 1109 1295 ὅλων
1121 1267 1245 1303 Δεσπότῃ
1259 1266 1306 1293 καὶ
1319 1265 1389 1301 Θεῷ,
1398 1265 1444 1292 τὸν
1458 1267 1497 1297 εἰς
1514 1265 1576 1292 νούν
1592 1265 1639 1292 καὶ
1649 1264 1767 1300 καρδίαν

973 1316 1103 1350 ἐσόμενον
1126 1314 1217 1346 αὐτοῖς
1240 1315 1512 1349 προκαταμεμήνυκε
1529 1312 1634 1339 σκότον.
1662 1311 1767 1340 Ψάλλει

973 1363 1027 1396 γάρ
1043 1370 1093 1387 που
1106 1361 1153 1388 καὶ
1165 1362 1179 1387 ὁ
1195 1360 1331 1395 μακάριος
1343 1359 1426 1386 Δαϐὶδ
1443 1359 1509 1394 περὶ
1525 1358 1633 1385 αὐτῶνθ
1647 1357 1766 1384 «-Σκοτι-

974 1407 1116 1442 σθήτωσαν
1132 1407 1156 1432 οἱ
1179 1405 1315 1441 ὀφθαλμοὶ
1330 1404 1429 1437 αὐτῶν,
1446 1404 1493 1431 τοῦ
1515 1404 1552 1439 μὴ
1569 1403 1691 1438 βλέπειν,
1715 1403 1766 1429 καὶ

972 1453 1018 1479 τὸν
1043 1453 1126 1479 νῶτον
1146 1451 1236 1478 αὐτῶν
1258 1446 1405 1483 διαπαντὸς
1424 1451 1596 1486 σύγκαμψον.
1614 1460 1622 1475 ι
1645 1451 1765 1486 Διεῤῥή-

973 1507 1055 1533 γνυτο
1078 1499 1107 1525 δὲ
1131 1498 1178 1525 καὶ
1201 1498 1232 1525 τὸ
1248 1498 1452 1533 καταπέτασμα
1475 1497 1522 1524 τοῦ
1547 1497 1624 1530 ναοῦ,
1647 1498 1705 1528 τοῖς
1725 1498 1766 1528 εις

974 1546 1056 1573 αὑτὸν
1084 1546 1259 1572 πιστεύουσιν
1278 1544 1447 1571 ἔκκαλύπτον
1471 1544 1521 1580 ἤδη
1545 1544 1580 1570 τὰ
1598 1545 1685 1578 ’Λγια
1709 1543 1766 1570 τῶν

975 1592 1072 1626 ἁγίων,
1095 1592 1142 1618 καὶ
1162 1591 1196 1618 τὰ
1217 1591 1345 1618 ἐσωτάτω
1368 1591 1508 1618 δεικνύον·
1536 1591 1574 1623 ὡς
1597 1590 1690 1617 οὐκέτι
1716 1591 1767 1625 μὲν

975 1638 1090 1673 ἐχούσης
1107 1638 1200 1664 στάσιν
1212 1638 1259 1673 τῆς
1276 1637 1388 1673 πρώτης
1402 1637 1516 1673 σκηνῆς,
1530 1636 1766 1672 πεφανερωμένης

974 1684 1002 1711 δὲ
1021 1684 1070 1720 ἠδη
1085 1685 1133 1719 τῆς
1150 1683 1204 1710 τῶν
1221 1684 1306 1718 ἁγίων
1321 1683 1393 1715 ὀδοῦ,
1406 1683 1487 1718 δῆλον
1506 1683 1533 1710 δὲ
1549 1684 1589 1709 ὃτι
1607 1683 1657 1718 τῆς
1673 1683 1713 1714 είς
1732 1682 1768 1709 τὰ

977 1731 1060 1764 Ἂγια
1077 1730 1131 1756 τῶν
1145 1729 1241 1764 ἁγίων·
1258 1730 1336 1763 ἆγιος
1350 1729 1398 1764 μὲν
1415 1729 1470 1764 γὰρ
1485 1728 1708 1764 ὁμολογουμένως
1718 1728 1767 1755 καὶ

975 1777 989 1802 ὀ
1003 1776 1083 1811 νόμος
1100 1774 1144 1812 ἦν,
1161 1777 1202 1802 ὅτι
1220 1776 1266 1802 καὶ
1277 1775 1450 1810 δικαιοσύνης
1464 1775 1606 1810 πρύτανις,
1625 1775 1722 1809 γέγονε
1737 1775 1765 1800 δὲ

975 1823 1023 1850 καὶ
1053 1822 1226 1857 παιδαγωγὸς
1256 1823 1296 1854 εἰς
1322 1822 1455 1857 Χριστὸνο
1484 1822 1622 1856 ἁγιωτέρα
1650 1829 1682 1855 γε
1713 1820 1766 1855 μὴν

975 1869 1149 1904 ἁσυγκρίτως
1171 1869 1188 1904 ἡ
1205 1869 1234 1894 ἑν
1250 1868 1361 1904 Χριστῷ
1385 1869 1485 1895 νοεῖται
1510 1868 1566 1903 ζωὴ
1581 1888 1587 1899 ,
1604 1867 1651 1894 καὶ
1667 1866 1718 1901 τῆς
1737 1868 1766 1893 ἐν

975 1916 1090 1951 σκηναῖς
1105 1915 1113 1950 [
1127 1916 1170 1942 ἴσ.
1189 1914 1300 1951 σκιαῖς]
1314 1915 1362 1942 καὶ
1375 1914 1469 1947 τύποις
1483 1914 1610 1950 λατρείας
1629 1922 1767 1950 προφερε-

976 1962 1060 1997 στέρα
1081 1969 1111 1987 τε
1135 1960 1182 1986 καὶ
1204 1961 1233 1986 ὲν
1258 1960 1399 1996 ἀμείνοσιν
1421 1960 1438 1995 ἠ
1460 1961 1488 1986 ὲν
1508 1959 1645 1994 πνεύματί
1665 1967 1695 1985 τε
1720 1960 1767 1986 καὶ

975 2008 1100 2044 ἀληθείᾳ.
1116 2006 1190 2042 ’Δρα
1211 2007 1272 2042 οὐχὶ
1295 2007 1452 2042 θεοπρεπῆ,
1471 2006 1520 2034 καὶ
1538 2006 1607 2042 ὑπὲρ
1620 2005 1766 2041 ἀνθρώπου

975 2054 1057 2088 φύσιν
1080 2053 1114 2079 τὰ
1128 2053 1218 2080 τοιάδε
1240 2052 1292 2079 τῶν
1311 2052 1531 2087 κατορθωμάτων
1545 2050 1598 2078 εἷεν
1613 2052 1663 2083 iv;
1679 2051 1716 2078 Οὐ
1736 2051 1768 2077 τὸ

977 2099 1109 2134 σωτήριον
1124 2098 1210 2129 πάθος
1235 2097 1411 2132 δεδυσὼπηκε
1436 2097 1485 2132 μὲν
1504 2097 1553 2132 τὴν
1575 2096 1768 2132 στρεφομένην

977 2144 1125 2180 ῥομφαίαν,
1143 2144 1318 2178 είσκεκόμικε
1335 2143 1364 2170 δὲ
1384 2143 1466 2171 πάλιν
1490 2143 1520 2169 ὲν
1543 2143 1582 2178 τῷ
1609 2143 1768 2178 παραδείσῳ

975 2190 1021 2217 τὸν
1047 2190 1207 2226 ἄνθρωπον;
1226 2191 1298 2225 Ἔφη
1316 2190 1370 2225 γὰρ
1385 2190 1399 2216 ὁ
1412 2190 1528 2225 Χριστὸς
1553 2189 1592 2225 τῷ
1607 2197 1768 2224 συγκρεμα-

133 2240 193 2263 erat
211 2235 258 2270 qui
287 2235 351 2262 olim
381 2234 414 2261 ad
442 2233 668 2269 patientissimum
695 2232 746 2260 Job
774 2233 877 2260 clamav

1024 2245 1052 2271 up
1066 2236 1166 2272 λῃστῇ’
1185 2245 1194 2261 t
1212 2236 1337 2271 Σήμερον
1352 2235 1410 2271 μετ’
1425 2235 1493 2271 ἐμοῦ
1510 2235 1560 2271 ἔσῃ
1576 2236 1606 2262 ὲν
1620 2235 1660 2271 τῷ
1677 2243 1768 2271 παρα-

136 2293 145 2308 ι
166 2281 269 2309 Venisti
285 2281 319 2309 ad
336 2280 449 2308 fundum
470 2280 564 2313 maris,
583 2283 612 2306 et
628 2280 656 2306 in
677 2279 818 2314 profundis
831 2279 922 2314 abyssi

133 2326 333 2356 deambulasti?
349 2326 551 2361 Aperiunturne
576 2324 625 2352 tibi
647 2329 720 2352 metu
743 2329 827 2360 porta:
849 2332 923 2352 mor—

134 2375 188 2406 tis,
216 2379 244 2401 et
269 2373 402 2408 janitores
425 2370 536 2405 inferni,
553 2376 579 2399 te
602 2376 760 2407 conspecto,
778 2376 841 2399 sunt
870 2376 924 2398 ter-

134 2419 227 2447 riti”?
255 2429 265 2445 ι
281 2419 336 2446 Cur
358 2419 440 2453 igitur
461 2425 505 2445 res
527 2419 596 2446 adeo
620 2418 726 2446 divinas
745 2418 790 2444 uni
813 2425 847 2445 ex
871 2426 922 2445 no-

133 2470 191 2494 stro
207 2473 321 2493 numero
337 2469 363 2492 et
379 2465 480 2492 homini
504 2464 591 2491 solum
608 2464 726 2492 tribuere
747 2472 801 2491 non
826 2465 923 2492 erube-

134 2511 211 2540 scis?
236 2511 324 2545 Ipsum
350 2518 467 2545 namque
496 2510 541 2538 Dei
558 2510 687 2543 Verbum,
713 2515 823 2545 accepta
849 2511 920 2538 servi

135 2558 233 2591 forma,
247 2564 308 2584 cum
325 2557 398 2584 carni
415 2561 443 2584 et
457 2557 581 2592 sanguini
603 2558 841 2590 communicasset,
856 2565 921 2592 pro-

134 2604 224 2640 prium
238 2611 335 2638 corpus
343 2608 452 2638 propter
461 2612 509 2631 nos
519 2604 598 2631 morti
609 2604 673 2632 dare
682 2611 734 2631 non
746 2603 887 2639 refugisse,
897 2608 924 2632 et

135 2659 197 2680 cum
209 2655 280 2679 esset
289 2659 322 2678 ex
333 2655 430 2678 natura
439 2651 608 2686 impatibilis,
618 2659 700 2679 carne
708 2659 816 2687 passum
827 2657 923 2686 sponte

139 2697 216 2733 137
229 2697 321 2730 fuisse,
334 2697 412 2726 (idem
425 2698 504 2725 faciet
519 2699 611 2726 beatus
622 2697 721 2725 Paulus
732 2705 792 2725 eum
806 2698 902 2724 scribit
915 2707 922 2724 :

139 2743 272 2771 tGratias
296 2749 406 2779 agentes
431 2744 519 2777 Patri,
545 2744 590 2778 qui
616 2751 664 2771 nos
689 2743 784 2779 dignos
808 2742 871 2770 fecit
896 2743 923 2770 in

166 2835 189 2851 ⁶¹
206 2834 300 2862 Matth.
316 2842 400 2866 sxvn,
414 2834 457 2861 46.
496 2835 518 2850 ³¹
532 2833 583 2861 lsa.
600 2842 625 2865 L,
639 2834 666 2861 3.
704 2833 727 2848 ⁸³
743 2833 812 2860 Paul.
828 2841 910 2860 uvrn

496 2835 518 2850 "
532 2833 583 2861 lsa.
600 2842 625 2865 L,
639 2834 666 2861 3.
704 2833 727 2848 ⁸³
743 2833 812 2860 Paul.
828 2841 922 2866 uvrn,
934 2833 978 2860 Ξῖ.
1018 2834 1040 2849 ⁸⁵
1053 2833 1132 2861 llehr.
1152 2842 1190 2868 ιιι,
1205 2835 1231 2863 8.

977 2283 1068 2319 δείσῳ.
1086 2292 1095 2308 ι
1112 2283 1169 2310 Οὐκ
1185 2282 1327 2317 ἐπέλαμψε
1342 2283 1397 2313 τοῖς
1410 2283 1439 2309 ὲν
1454 2283 1552 2317 σκότῳ,
1570 2282 1629 2317 μετ’
1645 2281 1769 2315 ἐξουσίας

977 2329 1121 2364 ὲπιιρωνῶν
1147 2328 1196 2362 τὸ,
1223 2328 1462 2363 ’Δνακαλύφθητε;
1486 2328 1631 2355 Κεκένωχε
1649 2329 1704 2364 γὰρ
1724 2329 1770 2355 τὸν

977 2376 1044 2412 ᾅδην
1057 2375 1094 2407 ὼς
1109 2375 1185 2407 Θεὸς,
1203 2376 1250 2401 καὶ
1264 2375 1372 2410 δεσμῶν
1387 2375 1472 2410 ἀνῆκε
1484 2374 1548 2405 τοὺς
1563 2375 1593 2400 ἐν
1607 2373 1700 2409 αὐτῷ·
1722 2375 1770 2401 καί

978 2422 1061 2453 αὐτὸς
1074 2420 1108 2458 ἧν
1119 2421 1134 2447 ὸ
1149 2422 1233 2448 πάλαι
1248 2421 1317 2456 βοῶν
1329 2421 1398 2456 πρὸς
1413 2421 1458 2447 τὸν
1468 2419 1768 2455 τληπαθέστατονῚώσ·

982 2467 1097 2500 «Ἦλθες
1114 2469 1161 2495 ἐπὶ
1172 2467 1261 2503 πηγὴν
1278 2467 1426 2502 θαλάσσης,
1442 2468 1471 2493 ὲν
1487 2467 1515 2493 δὲ
1533 2466 1635 2501 ἴχνεσιν
1649 2466 1768 2493 ἀϐύσσου

978 2513 1380 2550 περιεπάτησας;“ᾼνοίγονταί
1398 2521 1439 2539 σοι
1451 2512 1527 2548 φόϐῳ
1541 2511 1624 2538 πύλαι
1642 2511 1767 2543 θανάτου,
1793 2511 1794 2526 ³

977 2560 1097 2596 πυλωροὶ
1112 2560 1140 2586 δὲ
1155 2560 1218 2595 ᾅδου
1235 2559 1335 2590 ἰδόντες
1353 2567 1383 2585 σε
1397 2558 1537 2594 ἐπτηξαν;
1558 2568 1567 2584 ι
1584 2558 1617 2584 Τί
1630 2558 1723 2585 τοίνυν
1737 2557 1770 2584 τίι

978 2607 1018 2633 ἔτι
1034 2606 1088 2642 [Ian
1105 2605 1189 2641 οὕτω]
1203 2605 1345 2642 θεοπρεπῆ
1360 2605 1414 2632 τῶν
1429 2605 1490 2632 καθ’
1504 2605 1577 2640 ἡμᾶς
1599 2603 1639 2630 ἑνὶ
1660 2603 1708 2630 καὶ
1722 2603 1770 2629 ἀν-

979 2653 1080 2689 θρώπῳ
1094 2653 1168 2688 μόνῳ
1180 2654 1341 2688 προσνέμων
1358 2652 1408 2679 οὐκ
1420 2651 1550 2688 ἐρυθριᾷς
1560 2659 1567 2684 ;
1579 2651 1641 2678 Ὀτι
1656 2651 1712 2686 γὰρ
1724 2650 1770 2677 αύ-

978 2700 1023 2732 τὸς
1039 2701 1053 2726 ὁ
1071 2699 1117 2726 τοῦ
1133 2699 1200 2726 Θεοῦ
1213 2700 1308 2734 Λόγος,
1328 2699 1436 2735 μορφὴν
1448 2698 1541 2725 δούλου
1557 2696 1658 2729 λαϐὼν,
1671 2696 1770 2732 σαρκός

979 2754 1007 2771 τε
1024 2745 1069 2771 καὶ
1085 2745 1198 2780 αἵματος
1220 2744 1445 2780 κεκοινωνηκὼς,
1466 2744 1599 2780 ἠνέσχετο
1616 2743 1666 2779 μὲν
1680 2743 1770 2770 δοῦναι

1273 2834 1295 2850 ⁸⁵
1313 2834 1402 2862 Calai.
1420 2842 1462 2868 ιιι,
1480 2833 1524 2860 24.
1564 2833 1587 2849 ⁵⁸
1605 2832 1671 2860 Luc.
1692 2839 1770 2864 mn,

139 2869 182 2899 43,
221 2871 243 2886 ⁸⁷
259 2870 309 2897 lsa.
327 2878 387 2897 un
419 2871 459 2897 tt).
497 2871 519 2885 "‘
536 2871 544 2897 ι
562 2869 632 2898 l'etr.
653 2878 692 2903 ιιι,
714 2869 756 2895 19.
795 2869 815 2885 ³⁵
831 2868 882 2897 Job

419 2871 459 2897 ιυ,
497 2871 519 2885 ³⁸
536 2871 544 2897 ι
562 2869 632 2898 l'etr.
653 2878 692 2903 ιιι,
714 2869 756 2895 19.
795 2869 815 2885 ³⁵
831 2868 882 2897 Job
915 2876 1031 2901 xvxmt,
1054 2869 1097 2902 17,
1121 2870 1162 2898 l8.
