1886 3056
72 135 126 167 ’257

623 138 812 170 λογεῐιευε
832 137 1035 169 NESTORIUM
1053 140 1116 169 LIB.
1131 138 1167 169 ν.

1673 143 1726 172 253

83 201 120 237 τῷ
139 201 251 238 Baetin!)
274 202 307 229 το
333 202 405 230 ἴδιον
425 203 506 239 σῶμα
529 203 562 229 δι’
586 204 672 239 ἡμᾶς,
691 203 738 230 καὶ
754 203 886 238 ὑπάρχων

982 207 1042 230 -lem
1063 202 1145 230 sortis
1162 206 1319 229 sanctorum
1337 201 1363 229 in
1376 201 1489 234 lumine,
1503 203 1549 235 qui
1564 203 1664 238 eripuit
1677 211 1728 232 nos

88 248 188 284 ἀπαθὴς
202 249 276 276 κατὰ
303 249 403 284 φύσιν,
430 249 512 285 σαρκὶ
529 249 663 276 πέπονθεν
684 249 766 281 ἑκὼν,
785 248 887 275 πιστώ-

92 303 161 321 astat
177 294 294 329 γράφων
308 296 323 321 ὁ
335 296 479 330 πάνσοφος
492 294 608 326 Παῦλος·
627 304 637 320 ς
655 292 888 330 Εὑχαριστοῦντες

95 340 129 376 τῷ
143 339 227 375 “arpi.
241 340 282 375 τῷ
305 340 477 367 ἱκανώσαντι
506 341 578 375 ἡμᾶς
597 341 638 371 εἰς
653 340 702 375 τὴν
722 339 820 374 μερίδα
839 338 888 366 τοῦ

93 387 189 422 κλήρου
209 386 265 412 τῶν
281 386 371 420 ἁγίων
395 387 425 412 ὲν
442 386 480 421 τῷ
498 386 579 421 φωτὶ,
603 385 632 417 ὃς
656 385 793 421 ἐρρύσατο
815 385 888 420 ἡμᾶς

96 434 126 459 ἐκ
135 432 184 472 τῇς
195 432 324 464 ἐξουσίας
339 432 389 459 τοῦ
407 433 530 464 σκότους,
547 431 594 458 καὶ
609 431 777 466 μετέστησεν
789 432 829 462 εἰς
840 431 888 465 τὴν

92 479 230 514 βασιλείαν
247 478 295 505 τοῦ
310 478 379 505 Υἱοῦ
397 476 447 513 τῆς
471 478 581 512 ἀγάπης
597 476 691 508 αὐτοῦ,
708 477 738 503 ἐν
754 472 776 510 ᾧ
790 476 889 511 ἔχομεν

92 525 141 560 τὴν
150 524 358 560 ἀπολύτρωσιν,
371 525 424 560 τὴν
434 525 531 558 ἄφεσιν
545 523 599 549 τῶν
611 522 764 558 ἁμαρτιῶν
775 522 804 553 ὃς
814 523 888 547 ἐστιν

90 571 173 598 εἰκὼν
195 571 244 598 τοῦ
271 571 342 598 θεοῦ
367 571 416 597 τοῦ
441 570 568 606 ἀοράτου,
599 569 772 604 πρωτότοκος
798 568 889 601 πάσης

90 619 206 650 κτίσεως
217 627 224 634 ·
245 619 288 645 ὅτι
307 619 336 644 ὲν
351 617 428 652 αὐτῷ
447 616 560 651 ἐκτίσθη
579 616 614 642 τὰ
629 615 716 643 πάντα
731 616 760 641 ὲν
773 616 830 646 τοῖς
843 615 890 640 οὑ-

92 666 183 701 pavo‘t;
203 665 251 691 καὶ
270 665 317 691 ἐπὶ
341 665 391 698 τῆς
415 664 478 699 γῆς,
494 663 528 690 τὰ
544 662 628 698 ὁρατὰ
643 662 690 687 καὶ
713 660 748 687 τὰ
764 661 868 696 ἀόρατα
879 669 887 676 ·

90 712 145 738 εἴτε
158 711 269 746 Θρόνοι,
283 711 339 737 εἴτε
354 710 532 746 κυριότητες,
548 708 602 735 εἴτε
625 707 733 742 Ἀρχαὶ,
751 707 805 733 εἴτε
827 706 888 738 Ἐξ-

88 759 193 789 meiat,
217 757 251 783 τὰ
274 757 366 784 πάντα
379 757 413 783 δι’
429 755 511 783 αὑτοῦ
526 755 574 781 καὶ
588 755 628 786 εἰς
650 753 731 780 αὑτὸν
748 753 886 780 ἔκτισται·

91 805 138 831 καὶ
156 804 239 836 αὐτός
254 804 314 830 ἐστι
332 803 386 838 προ
401 802 522 833 πάντων,
538 800 586 827 καὶ
600 799 635 826 τὰ
652 800 742 826 πάντα
763 799 792 825 ὲν
814 797 888 833 αὑτῷ

92 850 244 885 συνέστηκε
255 857 262 864 ’
279 849 327 875 καὶ
346 848 426 878 αὐτὸς
448 848 522 873 ἐστιν
535 847 552 881 ἡ
573 845 679 880 κεφαλὴ
695 844 743 871 τοῦ
763 844 887 879 σώματος

92 896 141 930 τῆς
159 894 339 930 Ἐκκλησίας,
354 894 384 925 ὃς
399 894 472 919 ἐστιν
487 892 559 927 ἀρχὴ
571 911 578 923 ,
603 891 775 926 πρωτότοκος
789 891 822 916 ὲκ
835 889 888 915 τῶν

92 940 210 976 νεκρῶν,
233 940 278 966 ἵνα
293 939 407 974 γένηται
424 939 452 964 ὲν
477 938 560 964 πᾶσιν
585 937 667 968 αὐτὸς
689 935 848 972 πρωτεύων.
875 945 884 960 ι

98 987 166 1013 Ἰδοὺ
189 986 223 1021 δὴ
245 986 292 1012 καὶ
311 985 384 1021 μάλα
400 984 494 1018 σαφῶς
517 984 531 1010 ὁ
547 983 603 1009 τῶν
625 982 707 1008 αὑτοῦ
726 981 886 1017 μυστηρίων

94 1033 247 1069 ἱερουργὺς,
266 1032 348 1059 αὑτὸν
361 1031 417 1065 ἔφη
436 1031 481 1057 τὸν
496 1030 528 1056 δι’
545 1026 574 1056 οὗ
589 1029 623 1055 τὰ
639 1028 738 1058 πάντα.
756 1027 804 1054 καὶ
819 1028 848 1053 ὲν
865 1023 887 1060 ᾦ

92 1081 128 1107 τὰ
143 1081 235 1106 πάντα
249 1079 317 1106 Θεὸν
339 1079 437 1112 Λόγον,
453 1077 482 1108 ὂς
497 1077 570 1103 ἐστιν
585 1074 666 1102 εἰκὼν
690 1074 737 1101 τοῦ
752 1074 820 1101 Θεοῦ
840 1074 886 1100 τοῦ

95 1125 225 1160 ἀοράτου,
243 1123 289 1150 τδν
302 1123 336 1149 δι’
350 1119 382 1150 οὗ
397 1121 527 1157 παρήχθη
549 1120 617 1156 πρὸς
634 1119 752 1155 ’ὕπαρξιν
766 1118 801 1144 τά
814 1127 844 1144 τε
859 1119 887 1144 ἐν

94 1173 152 1202 τοῖς
167 1171 304 1205 οὐρανοῖς,
323 1169 372 1195 καὶ
390 1169 425 1195 τὰ
441 1168 488 1194 ἐπὶ
500 1167 550 1201 τῆς
572 1166 633 1200 γῆς,
648 1166 682 1192 τὰ
696 1165 783 1201 ὁρατά
795 1173 825 1190 τε
840 1163 888 1190 καὶ

94 1217 216 1251 ἀόρατα,
229 1216 276 1242 τὸν
297 1215 363 1241 ὄντα
379 1213 433 1249 πρὸ
450 1213 569 1244 πάντων,
588 1213 616 1238 ὲν
664 1211 699 1238 τὰ
716 1211 804 1237 πάντα
825 1219 888 1236 συν-

95 1264 207 1298 έστηκε,
229 1261 352 1297 κεφαλὴν
365 1259 489 1287 δεδόσθαι
512 1261 545 1294 τῇ
566 1257 725 1294 Ἐκκλησία,
743 1257 790 1284 καὶ
807 1256 888 1282 αὐτὸν

95 1306 165 1334 εἶναι
183 1307 357 1342 πρωτότοκον
373 1307 406 1332 ὲκ
417 1304 531 1340 νεκρῶν.
541 1304 610 1330 Ἀλλ’
623 1303 708 1335 ἐστιν,
725 1303 790 1333 ἴσως
803 1302 886 1336 ἐρεῖς,

95 1355 166 1382 κατὰ
181 1354 264 1389 φύσιν
278 1353 346 1388 ζωὴ,
362 1353 376 1379 ὁ
386 1353 418 1378 ἐκ
429 1351 497 1378 Θεοῦ
510 1350 618 1386 Πατρος
628 1349 730 1383 Λόγος·
745 1347 803 1375 εἶτα
818 1347 887 1379 πῶς,

96 1401 112 1435 ἢ
127 1400 187 1426 τίνα
201 1399 235 1434 δὴ
248 1399 351 1434 τρόπον
367 1396 479 1432 τεθναίη
496 1397 512 1431 ἡ
528 1395 603 1431 ζωῆς
620 1394 717 1426 Καλῶς
727 1402 733 1408 ’
750 1393 889 1428 ἀναγκαία

97 1448 143 1474 καὶ
159 1445 309 1480 ἐπωφελὴς
323 1446 340 1480 ἡ
356 1444 453 1475 πεῦσις
464 1452 472 1458 ⁸
486 1443 584 1470 οὐκοῦν
606 1443 646 1473 εἰς
658 1441 707 1476 τὴν
721 1441 768 1467 τοῦ
785 1449 889 1476 μυστη-

99 1494 155 1527 ρίου
171 1492 288 1526 δύναμιν
304 1489 452 1526 χρησίμως
469 1488 717 1523 παραλαμϐάνεται
741 1488 782 1519 τὸ,
800 1487 890 1522 σάρκα

96 1537 223 1572 γενέσθαι
240 1537 310 1564 νοεῖν
332 1544 363 1562 τε
376 1536 422 1562 καὶ
444 1534 545 1568 λέγειν,
561 1534 607 1560 τὸν
623 1533 666 1560 ἀεί
682 1541 711 1559 τε
727 1533 825 1565 ζῶντα,
842 1532 890 1559 καὶ

904 904 925 931 Β

940 250 973 276 de
992 252 1126 284 potestate
1147 248 1331 280 tenebrarum,
1357 252 1384 275 et
1409 249 1545 276 transtulit
1564 249 1592 276 in
1616 257 1727 284 regnum

939 295 998 323 Filii
1014 295 1165 323 dilectionis
1177 302 1243 327 sum,
1255 295 1280 321 in
1292 303 1346 329 quo
1359 295 1490 323 habemus
1501 296 1726 331 redemptionem,

939 342 1127 368 remissionem
1143 344 1332 376 peccatorum;
1348 341 1392 375 qui
1411 345 1454 368 est
1477 342 1566 376 imago
1583 342 1630 370 Dei
1653 342 1726 370 invi-

939 388 1037 420 sibilis,
1054 387 1250 422 primogenitus
1274 388 1362 414 omnis
1377 392 1526 421 creaturae;
1543 388 1605 423 quia
1626 388 1653 415 in
1670 389 1728 424 ipso

940 435 1049 461 condita
1065 439 1126 461 sunt
1140 433 1229 460 omnia
1251 434 1276 459 iu
1293 432 1368 460 caelis
1385 437 1412 459 et
1429 433 1454 460 in
1471 437 1554 465 terra,
1570 433 1688 461 visibilis
1701 439 1729 461 et

940 479 1097 509 invisibilia,
1125 479 1184 505 sive
1210 477 1323 510 Throui,
1352 479 1408 506 sive
1435 479 1646 512 Dominationes,
1672 480 1729 507 sive

939 525 1122 560 Principatus,
1135 525 1193 552 sive
1208 525 1370 557 Poteslates,
1390 526 1480 551 omnia
1497 533 1544 560 per
1556 525 1642 559 ipsum
1659 530 1686 553 et
1701 526 1728 552 in

941 571 1028 605 ipsum
1047 577 1138 598 creata
1154 577 1232 602 sunt;
1251 576 1277 598 et
1299 572 1355 605 ipse
1369 577 1412 598 est
1431 577 1494 598 autc
1509 573 1610 602 omnia.
1626 577 1654 600 et
1667 580 1728 600 om-

941 618 983 643 nia
1012 617 1038 643 iu
1070 617 1128 651 ipso
1147 620 1290 649 constant;
1314 622 1341 643 et
1363 617 1421 652 ipse
1442 623 1483 644 est
1508 621 1590 652 Caput
1609 619 1730 653 corporis

941 663 1079 694 Ecclesitlt,
1093 663 1138 697 qui
1153 667 1195 690 est
1211 663 1384 697 principium,
1399 664 1594 698 primogenitus
1608 672 1642 691 ex
1657 673 1729 692 mor-

941 709 1013 736 tuis?
1027 714 1055 736 ut
1069 710 1103 736 sit
1117 709 1143 735 in
1161 709 1287 735 omnibus
1313 709 1369 740 ipse
1385 709 1531 742 primatum
1557 716 1651 737 tenens
1663 710 1696 737 ’°.
1715 719 1726 736 ι

940 755 1075 788 Ecoejam
1093 755 1264 789 apertissime
1275 755 1319 782 ille
1336 755 1526 790 mysteriorum
1539 755 1585 782 Dei
1603 757 1729 784 sacerdos

941 801 1015 827 illum
1039 800 1122 826 Deum
1142 800 1258 827 Verbum
1281 808 1329 835 per
1353 808 1432 834 quem
1457 800 1547 827 omnia
1572 806 1600 828 et
1623 801 1650 828 in
1674 809 1729 836 quo

940 847 1041 879 omnia,
1065 847 1110 881 qui
1138 851 1179 873 est
1210 848 1300 881 imago
1328 846 1375 873 Dei
1404 847 1555 880 invisibilis,
1581 848 1654 875 illuni
1680 855 1730 883 per

939 900 1018 927 quem
1038 898 1067 919 ut
1086 898 1179 920 essent
1199 894 1330 927 producta
1350 897 1414 919 sunt
1435 898 1463 920 et
1478 901 1539 928 quae
1565 894 1590 921 in
1610 895 1686 922 caelis
1700 899 1729 922 et

938 947 998 973 quaa
1017 939 1042 965 in
1062 944 1144 971 terra,
1162 938 1279 965 visibilia
1297 943 1323 966 et
1348 939 1505 973 invisibilia,
1530 940 1602 966 illum
1616 941 1663 975 qui
1685 944 1730 968 est

938 989 1002 1011 ante
1024 985 1127 1015 omnia,
1153 984 1179 1010 in
1198 992 1251 1018 quo
1276 984 1367 1011 omnia
1393 989 1530 1018 constant,
1555 985 1642 1020 ipsum
1661 986 1730 1013 dixit

937 1036 1019 1066 caput
1033 1039 1094 1059 esse
1108 1032 1200 1058 datum
1217 1031 1356 1064 Ecclesiae,
1373 1037 1400 1058 et
1416 1032 1503 1066 ipsum
1518 1039 1580 1059 esse
1592 1032 1729 1068 primoge-

938 1077 1023 1104 nitum
1047 1085 1081 1104 ex
1105 1077 1218 1104 mortuis
1255 1077 1307 1104 Sed
1336 1078 1409 1105 dices
1438 1078 1553 1106 fortasse
1573 1087 1581 1105 :
1600 1079 1729 1107 Concedo

938 1123 1064 1158 equidem
1079 1123 1144 1150 illud
1161 1131 1193 1150 ex
1204 1123 1260 1152 Deo
1276 1123 1357 1151 Patre
1373 1124 1491 1151 Verbum
1507 1132 1569 1152 esse
1585 1133 1618 1152 ex
1633 1130 1729 1152 natura

938 1170 1039 1201 vitam;
1053 1169 1099 1196 sed
1112 1177 1165 1204 quo
1186 1170 1277 1200 modo.
1297 1177 1385 1204 quave
1401 1170 1507 1197 ratione
1522 1171 1575 1198 vita
1591 1171 1660 1198 tnori
1675 1178 1726 1206 po-

940 1215 1011 1242 tuit?
1024 1215 1168 1246 Praeclare,
1186 1216 1339 1243 necessaria
1362 1221 1390 1243 et
1410 1217 1532 1250 pet-utilis
1548 1221 1590 1244 est
1604 1218 1727 1252 quaestio.

940 1261 1011 1296 Ergo
1036 1263 1068 1287 ad
1092 1262 1214 1296 mysterii
1236 1262 1289 1288 vim
1313 1262 1378 1289 illud
1405 1261 1507 1290 utiliter
1525 1263 1681 1296 assumitur,
1700 1267 1731 1290 ut

940 1307 1123 1341 intelligamus
1149 1313 1231 1343 atque
1255 1309 1338 1336 etiam
1368 1308 1490 1336 dicamus
1510 1309 1598 1343 ipsum
1623 1316 1732 1343 semper

939 1353 1034 1380 vivens
1055 1358 1083 1380 et
1101 1353 1241 1380 viviﬁcaris
1263 1353 1309 1380 Dei
1329 1353 1448 1380 Verbum
1471 1360 1580 1380 carnem
1602 1361 1663 1381 esse
1688 1353 1730 1380 fa-

940 1403 1026 1430 ctum,
1044 1398 1095 1426 hoc
1108 1403 1158 1429 est,
1175 1406 1273 1434 corpus
1294 1398 1359 1426 illud
1374 1399 1446 1432 quod
1464 1404 1577 1425 mortem
1593 1398 1731 1433 suscipere

940 1449 1046 1480 posset,
1063 1445 1203 1479 proprium
1219 1444 1270 1472 sibi
1291 1443 1402 1476 fecisse,
1419 1449 1449 1470 ut
1461 1444 1547 1478 ipsum
1563 1452 1672 1478 passum
1691 1445 1731 1469 in-

941 1489 1090 1524 telligatur,
1115 1490 1178 1525 quia
1204 1490 1343 1524 proprium
1366 1490 1449 1524 ipsius
1470 1497 1579 1524 passum
1603 1494 1647 1516 est
1669 1497 1732 1517 cor-

941 1544 1002 1571 pus.
1020 1536 1066 1563 Sic
1083 1543 1200 1570 namque
1223 1536 1309 1571 ipsum
1326 1536 1427 1562 factum
1443 1535 1577 1570 primitias
1597 1535 1733 1562 dormien—

97 1584 227 1617 ζωοποιὸν
240 1582 289 1609 τοῦ
306 1581 376 1608 Θεοῦ
400 1581 496 1614 Λόγον,
513 1579 663 1610 τουτέστιν,
687 1578 752 1605 ἴδιον
777 1579 889 1614 ποιήσα-

984 1590 1009 1609 m
1023 1583 1151 1614 dicimus,
1166 1587 1194 1609 et
1206 1582 1416 1617 primogenitum
1432 1589 1465 1608 ex
1479 1582 1612 1609 mortuis:
1627 1582 1733 1616 positul

99 1629 158 1656 σθαι
175 1629 257 1664 σῶμα
272 1627 305 1654 τὸ
320 1627 435 1654 θανάτου
459 1625 594 1656 δεκτικὸν,
621 1625 665 1651 ἵνα
687 1625 779 1659 νοῆται
794 1625 890 1651 παθὼν

98 1677 187 1708 αὐτὸς,
204 1676 246 1702 ὄτι
265 1675 296 1701 τὸ
310 1675 376 1701 ἴδιον
397 1673 480 1700 αὐτοϋ
505 1671 623 1699 πέπονθε
639 1671 729 1706 σῶμα.
743 1671 820 1698 Οὕτω
834 1672 890 1706 γὰρ

99 1723 178 1749 αὐτὸν
193 1721 322 1756 γενέσθαι
347 1720 438 1755 φαμὲν
452 1718 582 1754 ἀπαρχὴν
594 1718 649 1744 τῶν
670 1718 888 1753 κεκοιμημένων,

99 1769 146 1797 καὶ
167 1768 344 1803 πρωτότοκον
360 1768 393 1793 ὲκ
413 1765 528 1801 νεκρῶν.
548 1764 691 1791 Τεθεῖσθαι
705 1764 759 1799 γὰρ
780 1764 890 1798 λέγεται

100 1814 158 1850 μεθ’
176 1813 257 1848 ἡμῶν
273 1813 303 1839 ὲν
322 1812 444 1847 μνήματι
461 1810 505 1837 διὰ
519 1811 567 1845 τῆς
591 1809 658 1841 ιδίας
679 1809 779 1845 σαρκὸς
804 1810 818 1835 ὁ
841 1810 890 1836 ἁν-

99 1860 175 1892 ιπὰς
188 1859 253 1890 τοὺς
268 1858 394 1894 νεκροὺς,
407 1858 451 1883 ἵνα
465 1856 512 1883 καὶ
523 1857 604 1891 ἡμεῖς
619 1855 828 1891 συνεγερθῶμεν
840 1855 889 1882 αὑ-

98 1907 153 1942 τ-ξν
169 1905 273 1940 ταύτην
291 1904 346 1939 γὰρ
357 1904 425 1939 ἡμῖν
441 1902 593 1930 ὲνεκαίνισε
611 1901 660 1937 τὴν
672 1901 742 1934 ὁδὸν,
759 1902 804 1928 καὶ
823 1901 890 1928 ταύ-

98 1962 146 1988 της
167 1953 250 1979 ἓνεκα
272 1951 321 1986 τῆς
342 1950 431 1981 αἰτίας
453 1948 654 1975 τεταπείνωκεν
669 1947 774 1979 ἑαυτὸν,
795 1947 891 1979 ’καθεὶς

98 2001 138 2031 εἰς
151 1999 282 2029 κένωσιν,
299 1996 346 2023 καὶ
361 1997 401 2027 εἰς
414 1995 611 2030 ὰνθρωπότη·;α
629 1994 687 2028 μεθ’
701 1993 789 2029 ἡμῶνυ
802 1993 890 2019 καίτοι

98 2046 165 2077 65b;
184 2044 223 2071 ῶν
250 2043 348 2079 φύσει,
367 2042 416 2069 καὶ
437 2043 469 2068 ὲκ
492 2040 560 2068 Θεοῦ
585 2041 692 2076 Πατρὸς
715 2040 857 2076 πεφηνὼς.
877 2040 891 2066 ὁ

98 2091 267 2126 Μονογενής.
289 2089 361 2116 Ἀλλ’
371 2088 456 2115 οἴεται
473 2088 532 2123 μὲν,
545 2087 615 2114 κατὰ
627 2087 656 2114 τὸ
671 2087 754 2119 εἰκὸς,
763 2088 824 2118 τοὺς
840 2083 890 2113 ὦδε

99 2137 174 2164 ταῦτ’
198 2137 271 2172 ἔχειν
297 2135 493 2170 ὑπειληφότας,
520 2135 568 2161 καὶ
599 2133 706 2168 ἀληθῶς
732 2133 891 2165 δοξάζοντας

99 2182 302 2219 ἑμὸροντησὶας
320 2182 361 2212 εἰς
376 2181 454 2216 λῆξιν
471 2180 521 2216 τῆς
535 2180 665 2206 ἀνωτάτω
679 2180 803 2216 δραμεῖν·
823 2188 891 2215 σκη-

99 2230 236 2265 πτόμενος
252 2229 281 2255 δὲ
305 2227 446 2263 πανταχοῦ
468 2226 499 2253 τὸ
513 2227 568 2253 δεῖν
585 2226 680 2260 ἀπαθῆ
704 2227 750 2252 τὸν
774 2227 806 2252 ἐκ
822 2225 890 2252 Θεοῦ

101 2275 209 2310 nam;
228 2274 308 2309 ὴμῶν
327 2272 519 2308 ὁμολογεῖσθαι
534 2272 631 2306 Λόγον,
646 2271 783 2307 ἐξίστησιν
797 2271 890 2303 αὑτοῦ,

101 2322 148 2348 καί
160 2320 241 2347 τοῦτο
253 2321 293 2351 εἰς
308 2319 382 2346 ἆπαν
393 2340 400 2351 ,
414 2319 464 2354 τῆς
480 2318 637 2353 οἰκονομίας
652 2317 697 2344 τὸν
710 2318 811 2353 τρόπον
821 2326 828 2333 ·
842 2319 891 2344 οὐκ

101 2367 213 2400 ἁξυοῖδὲ
226 2366 363 2402 ὣσπερ,ἦ
383 2366 502 2401 φρονεῖν,
524 2365 539 2400 ἢ
564 2364 666 2398 λέγειν,
692 2365 733 2391 ὅτι
758 2365 891 2391 πέπονθεν

102 2414 172 2448 ὑπὲρ
187 2414 277 2450 ἡμῶν,
294 2414 383 2440 καίτοι
408 2413 457 2446 τῆς
480 2411 660 2438 θεοπνεύστου
677 2411 788 2447 Γραφῆς
809 2413 891 2447 σαρκὶ

102 2462 234 2498 λεγούσης
256 2463 365 2495 παθεῖν,
390 2462 438 2488 καὶ
452 2461 545 2496 ἀπαθῆ
563 2460 611 2487 καὶ
625 2460 782 2494 ἀσώματον,
798 2461 839 2487 ὅτι
857 2461 887 2487 τδ

101 2512 129 2538 δὲ
141 2511 222 2538 πάλιν
236 2511 284 2537 ὡδί
297 2519 304 2525 ·

138 2556 146 2593 [
158 2557 207 2583 Διὰ
220 2556 299 2583 muro
316 2556 381 2592 περὶ
395 2555 444 2590 τῆς
457 2554 594 2591 ἡμετέρας
610 2555 736 2590 suam;
748 2575 757 2588 ,
770 2555 785 2580 ὁ
799 2555 890 2590 μακά-

105 2613 157 2639 ριος
175 2604 279 2639 Πέτρος
303 2601 511 2636 καταγγέλλων,
528 2601 576 2628 καὶ
587 2601 638 2636 τὴν
652 2602 684 2627 ἐκ
700 2600 749 2636 τῆς
766 2601 892 2635 θεότητος

104 2650 270 2686 φαινομένης
293 2648 404 2684 φύσεως
426 2647 605 2682 διηγούμενος
624 2646 738 2682 ὖᾲωσιν,
759 2646 892 2678 «Τοῦτον,

104 2698 192 2732 φησὶν,
207 2697 253 2723 τὸν
269 2695 375 2731 Ἰησοῦν
393 2694 544 2729 ἀνέστησεν
559 2694 573 2720 ὁ
586 2693 662 2724 Θεός.
682 2702 691 2718 ι
708 2692 764 2719 Οὐκ
775 2692 891 2719 ἀπέθανε

104 2746 174 2778 θεὸς,
195 2744 267 2771 ἀλλὰ
283 2743 449 2778 ἆνὲστησεν.
467 2742 565 2768 ’Ἄκουε
579 2741 634 2767 τῶν
650 2740 698 2767 τοῦ
721 2740 827 2776 Πέτρου
845 2742 892 2776 ρη-

105 2793 209 2828 μάτων,
233 2790 410 2824 Ἀπολινάριε
421 2808 428 2820 ,
453 2788 536 2815 ἄκουε
561 2786 608 2812 σὺν
627 2786 810 2821 ’Λπολιναρξῳ
821 2806 829 2818 ,
846 2787 893 2812 καὶ

134 2883 156 2898 ’θ
173 2882 282 2910 Coloss.
304 2887 323 2912 t,
348 2877 431 2906 l2-18
475 2876 497 2891 "
517 2875 576 2902 Act.
599 2881 629 2908 ιι,
643 2873 688 2900 2L

941 1635 1059 1663 namque
1081 1628 1220 1655 nobiscum
1245 1628 1271 1655 in
1297 1633 1473 1655 monumento
1493 1627 1592 1654 dicitur
1606 1635 1653 1662 per
1667 1634 1732 1663 pro-

942 1675 1028 1708 priam
1045 1682 1168 1705 carnem,
1192 1674 1237 1709 qui
1253 1680 1376 1702 mortuos
1389 1674 1514 1706 suscitat,
1539 1678 1569 1700 ut
1583 1681 1633 1700 nos
1649 1674 1732 1701 etiam

941 1720 1022 1747 simul
1051 1728 1113 1747 cum
1141 1720 1199 1755 ipso
1223 1720 1394 1748 excitemur:
1418 1721 1488 1747 hanc
1513 1726 1631 1753 namque
1654 1719 1733 1747 nobis

942 1766 1082 1793 innovavit
1097 1768 1178 1798 viam,
1193 1771 1219 1794 et
1236 1766 1287 1794 hac
1303 1767 1336 1794 de
1353 1774 1436 1794 causa
1458 1765 1611 1793 humiliavit
1630 1770 1730 1793 semet-

941 1813 1042 1847 ipsum,
1059 1812 1092 1839 ad
1108 1812 1323 1840 exinanitiouem
1337 1817 1364 1840 et
1379 1813 1412 1839 ad
1430 1812 1627 1839 humanitatem
1642 1812 1734 1840 nobis-

942 1866 1003 1885 cum
1021 1866 1051 1886 se
1068 1858 1208 1892 dejiciens,
1224 1858 1349 1892 quamvis
1364 1858 1409 1885 ille
1434 1857 1594 1892 Unigenitus
1610 1857 1680 1885 Deus
1699 1865 1733 1884 ex

942 1911 1038 1932 natura
1056 1909 1127 1932 esset
1144 1911 1170 1931 ct
1185 1912 1218 1931 ex
1236 1904 1292 1931 Dco
1309 1903 1389 1931 Patre
1403 1908 1489 1931 ortus.
1509 1903 1561 1930 Sed
1589 1903 1640 1930 iste
1656 1907 1734 1938 putat

943 1952 1072 1978 nimirum
1087 1958 1148 1983 cos,
1164 1950 1208 1985 qui
1227 1950 1285 1977 Ιιίιτο
1306 1951 1343 1977 ita
1364 1957 1393 1976 se
1413 1949 1514 1977 habere
1528 1949 1685 1976 existimant
1705 1953 1734 1976 et

944 2004 1007 2025 vere
1021 1997 1154 2029 sentiunt,
1173 1997 1206 2023 ad
1223 2001 1375 2024 extremum
1391 2003 1504 2023 summa:
1517 1995 1660 2023 dementia
1671 2002 1734 2030 per-

943 2043 1050 2071 venisse
1071 2052 1078 2070 :
1100 2048 1127 2070 ut
1155 2043 1253 2077 ubique
1277 2047 1427 2076 praetexens
1453 2046 1580 2077 oportere
1605 2041 1670 2068 illud
1696 2048 1731 2068 ex

944 2090 998 2117 Deo
1015 2088 1096 2117 Patre
1118 2089 1235 2116 Verbum
1261 2088 1411 2123 impatibile
1435 2087 1568 2119 conﬁteri,
1591 2086 1733 2122 dispensa-

944 2136 1025 2163 tionis
1040 2136 1148 2163 modum
1164 2135 1197 2161 ab
1211 2142 1245 2161 eo
1259 2134 1360 2166 aufert,
1376 2140 1404 2161 et
1417 2134 1526 2168 quidem
1544 2133 1570 2160 in
1591 2137 1688 2165 totum,
1706 2136 1734 2159 et

943 2182 1142 2217 quodammodo
1156 2181 1236 2216 138
1248 2181 1420 2215 dedignatur,
1435 2185 1481 2206 aut
1496 2179 1609 2210 sentire.
1627 2183 1673 2205 aut
1692 2178 1734 2206 di-

945 2236 1007 2255 cere
1028 2227 1093 2254 illud
1117 2235 1178 2254 esse
1201 2235 1249 2261 pro
1265 2227 1342 2254 nobis
1360 2233 1480 2261 passum,
1496 2225 1620 2259 quamvis
1646 2231 1732 2251 sacrae

945 2274 1055 2302 Littera)
1081 2281 1164 2302 carne
1186 2281 1296 2308 passum
1321 2273 1424 2304 dicant,
1446 2272 1511 2298 licet
1536 2270 1684 2306 impatibilo
1705 2275 1733 2297 et

946 2320 1149 2356 incorporeum,
1173 2320 1236 2355 quia
1259 2327 1357 2354 corpus
1376 2326 1484 2354 passum
1506 2323 1549 2345 est
1567 2317 1652 2352 ipsius
1667 2323 1731 2351 pro-

927 2399 930 2402 ν
945 2367 1034 2401 prium
1061 2367 1166 2401 ipsique
1188 2366 1302 2392 unitum.
1321 2365 1390 2393 Dixit
1405 2369 1494 2392 autem
1508 2371 1603 2391 rursus
1618 2363 1644 2389 in
1661 2363 1733 2390 hunc

907 2461 941 2487 ἴδι

946 2414 1054 2441 modum
1069 2422 1077 2440 :

944 2470 971 2488 ον
1006 2462 1086 2488 αὐτοῦ
1105 2462 1150 2489 καὶ
1183 2461 1283 2488 ὲνωθὲν
1300 2461 1375 2496 αὑτῴ
1399 2459 1532 2486 πέπονθεν
1550 2459 1640 2494 σῶμα.
1659 2457 1731 2492 Ἔφη

982 2553 1101 2580 Νεετοιι.
1123 2551 1195 2588 [Ideo
1211 2552 1244 2578 de
1260 2551 1359 2578 nostris
1375 2549 1426 2577 illis
1440 2549 1566 2584 primitiis
1585 2557 1646 2576 cum
1667 2557 1731 2584 age-

946 2605 987 2626 ret
1003 2600 1097 2626 beatus
1115 2598 1223 2629 Petrus,
1240 2603 1268 2624 et
1289 2597 1480 2623 exaltationem
1501 2596 1614 2623 visibilis
1628 2601 1732 2624 naturae

946 2647 971 2672 vi
998 2644 1147 2672 divinitatis
1172 2644 1275 2671 {actam
1302 2648 1454 2676 enarraret,
1487 2652 1496 2668 ε
1513 2642 1599 2675 Hunc,
1631 2643 1729 2678 inquit,

945 2691 1038 2719 Jesum
1058 2691 1199 2718 suscitavit
1213 2690 1332 2722 Deus";
1351 2699 1360 2715 ›
1377 2697 1429 2716 non
1447 2694 1570 2716 mortuus
1589 2693 1631 2717 est
1650 2689 1730 2719 Deus.

947 2739 994 2766 sed
1015 2737 1165 2765 suscitavit.
1176 2736 1264 2772 (Audi,
1281 2736 1442 2771 Apollinari,
1459 2735 1531 2762 Petri
1552 2736 1649 2769 verba;
1670 2734 1732 2761 audi

948 2792 1010 2812 cum
1024 2783 1189 2819 Apollinario
1207 2784 1299 2815 etiam,
1316 2783 1374 2810 Ari.
1398 2792 1407 2808 ι
1423 2781 1510 2815 Hunc,
1529 2781 1627 2816 inquit,
1641 2780 1731 2808 losum
