1886 3056
80 164 141 190 τοι,

638 165 824 194 Αῡνιειιειιε
842 166 1045 195 NESTORIUM
1068 166 1132 194 LIB.
1154 166 1186 193 ν,

1679 164 1735 192 243

92 216 289 253 ξηλαφηθὲντα
299 219 412 255 χερσὶν,
421 221 499 248 οὐδὲν
507 220 588 258 ἦττον
597 223 678 257 ἡμεῖς
689 224 898 259 σεσαρκωμὲνον

961 225 1030 252 tibus
1046 228 1256 256 contrectatam,
1270 223 1446 250 ntht.ommus
1461 222 1527 250 illud
1542 229 1576 250 ex
1590 221 1645 249 Deo
1654 221 1736 250 Patro

94 262 206 298 νοοῦμεν
222 263 271 290 τὸν
295 265 329 290 ὲκ
347 264 419 292 Θεοῦ
437 267 545 302 Πατρός
560 267 655 301 Λόγον,
676 269 724 295 ἕνα
740 277 770 295 τε
786 270 834 296 καὶ
851 269 896 296 τὸν

97 310 176 337 αὑτὸν
194 310 390 347 ὁμολογοῦμεν
414 313 489 341 Υιόν.
511 313 640 348 Ἀόρατος
663 314 718 351 γὰρ
743 315 792 350 τὴν
817 315 898 349 φύσιν

100 357 239 392 ὑπάρχωνι
253 357 375 392 γέγονεν
389 359 499 394 ὁρατὸς,
513 360 554 386 ὅτι
571 361 617 387 καὶ
634 361 699 387 ἴδιον
720 359 754 397 ἦν
769 361 851 388 αὐτοῦ
868 362 899 387 τὸ

101 402 236 438 ὁρώμενον
262 403 358 438 σῶμα..
385 405 490 432 Ψάλλει
504 407 570 440 γοῦν
584 408 597 433 ὁ
617 407 688 438 θεῖος
711 406 777 442 ἡμῖν
798 407 896 434 Δαϐίδ·

105 458 114 473 ι
132 449 162 474 ὐ
179 449 244 479 Θεὸς
258 450 394 484 ἐμφανῶς
410 452 481 487 ἥξει,
496 453 509 478 ό
521 452 587 483 Θεὸς
600 452 690 488 ἡμῶν,
703 454 749 479 καὶ
764 453 795 479 οὐ
811 461 899 488 παρα-

104 495 284 529 σιωπήσεται,
298 506 308 522 ι
329 497 385 523 Καὶ
404 497 457 533 μὴν
475 499 521 524 καὶ
538 499 551 524 ὁ
569 499 705 534 μακάριος
723 499 897 534 Ἀὕϐακούμ-

106 542 162 573 ‹,”0
174 541 241 573 Θεὸς
260 543 294 568 ἑκ
308 542 419 578 Θαιμάν
433 544 503 578 ἥξει,
517 545 562 570 καὶ
577 546 590 571 ὁ
603 545 637 570 ’Ἀ
645 553 697 578 (to;
714 545 743 576 ἐξ
757 545 836 581 ὅρους
851 553 898 572 κα-

103 588 217 614 τασκίου
231 587 354 620 δασέως·
363 599 373 615 ι
387 588 472 621 Οὗτος
486 590 617 626 ὑπάρχων
630 591 677 617 καὶ
687 587 805 627 Ξιναφὴς,
815 591 900 623 ἁπτὸς

103 634 233 668 γενέσθαι
247 635 360 669 λέγεται
373 636 419 662 διὰ
430 637 461 663 τὸ
474 636 572 663 ἑνωθὲν
585 637 660 672 αὐτῷ
684 638 764 673 σῶμα
775 647 780 653 ι
799 639 899 673 γράφει

104 679 173 714 γοῦν
193 681 208 707 ὁ
227 680 338 712 Λουκᾶς
350 689 357 696 ·
377 691 387 707 ι
408 681 571 719 Ἐπειδήπερ
601 683 694 709 πολλοὶ
718 683 900 719 ἐπεχείρησαν

105 727 295 760 ἀνατάξασθαι
312 727 440 763 διήγηοιν
456 729 519 764 περὶ
535 730 591 755 τῶν
609 729 900 767 πεπληροφορημένων

107 774 177 807 ἡμῖν
198 773 384 808 πραγμάτων,
400 773 492 805 καθὼς
509 775 662 809 παρέδοσαν
674 776 740 810 ἡμῖν
755 777 778 801 οἱ
792 775 839 802 ἀπ’
852 777 901 812 ἁρ-

109 819 161 853 χῆς
180 819 314 846 αὐτόπται
336 819 383 846 καὶ
400 820 535 856 ὑπηρέται
552 821 692 856 γενόμενοι
709 821 755 848 τοῦ
777 821 855 856 λόγου
867 829 873 836 ·
888 831 897 848 ι

109 866 159 895 καὶ
175 865 245 901 πρός
260 874 294 900 γε
310 866 388 893 τοῦτό
404 875 486 902 φησιν
505 868 519 894 ὁ
537 867 617 902 σοφὸς
637 867 776 903 Ἰωάννης·
796 878 805 894 ι
819 869 851 894 ‘0
866 866 900 904 ἦν

110 911 158 937 ἀπ’
179 912 287 947 ἀρχῆς,
300 912 314 938 ὃ
328 913 499 948 ἀκηκόαμεν,
513 909 527 939 ὃ
544 913 708 949 ἑωράκαμεν
731 916 788 946 τοῖς
803 914 903 949 ὀφθαλ-
919 907 941 936 Β

113 959 173 992 μοῖς
185 958 278 993 ἡμῶν,
291 958 305 984 ὃ
315 958 497 994 ἐθεασάμεθα,
514 960 559 986 καὶ
571 961 599 986 αἰ
615 961 704 996 χεῖρες
713 961 791 996 ⁴ἡμῶν
804 961 904 996 ἐψηλά-

113 1013 201 1039 φησαν
219 1006 284 1041 περὶ
300 1005 347 1032 τοῦ
363 1005 451 1040 Λόγου
466 1007 515 1041 τῆς
536 1006 620 1042 ζωῆς,
636 1008 682 1033 καὶ
695 1009 711 1042 ἡ
726 1007 783 1043 ζωὴ
807 1008 904 1041 ἐφανεη

115 1050 199 1086 ρώθη,
215 1052 262 1078 καὶ
284 1052 449 1087 ἑωράκαμεν
467 1053 513 1079 καὶ
532 1053 735 1089 μαρτυροῦμεν,
751 1055 798 1080 καὶ
813 1054 905 1088 ἀπαγ-

114 1096 245 1131 γέλλομεν
264 1097 329 1132 ὑμῖν
344 1098 394 1133 τὴν
411 1097 480 1133 ζωὴν
506 1099 556 1133 τὴν
571 1098 688 1130 αἰώνιον,
705 1099 767 1133 ἥτις
786 1097 820 1134 ἦν
836 1099 905 1134 πρὸς

115 1143 158 1170 τὸν
175 1144 284 1179 Πατέρα
307 1145 354 1171 καὶ
379 1144 537 1180 ἐφανερώθη
555 1146 631 1180 ἡμῖν.
647 1155 656 1170 ›
678 1145 746 1171 Ἀλλ’
759 1146 784 1171 εἰ
803 1146 840 1181 μὴ
857 1145 905 1180 γὲ-

115 1198 191 1222 γονεν
206 1190 292 1221 ἁπτός
306 1198 336 1216 τε
353 1191 400 1216 καὶ
416 1190 522 1226 ὁρατὸς,
541 1190 578 1222 ὡς
594 1191 659 1217 ἴδιον
676 1190 745 1226 ἔχων
758 1191 788 1217 τὸ
804 1191 905 1218 ὐποπῐ-

115 1245 180 1262 πτον
193 1236 249 1272 ἁφῇ
263 1237 310 1263 καὶ
323 1237 418 1272 ὁράσει
433 1237 522 1273 σῶμα,
538 1237 597 1269 πῶς
610 1237 744 1264 αὐτόπται
758 1236 804 1264 τοῦ
818 1238 904 1271 Λόγου

116 1283 258 1316 γεγόνασιν
267 1283 291 1308 οἱ
300 1283 433 1317 πάνσοφοι
445 1283 563 1318 μαθηταί
574 1292 581 1316 ;
592 1283 653 1315 Πῶς
661 1283 742 1309 δὲκαὶ
750 1283 904 1316 τεθὲανται,

116 1329 161 1354 καὶ
167 1327 329 1363 ψηλαφῆσαι
343 1337 410 1362 φασι
424 1329 469 1355 τὸν
480 1330 566 1363 Λόγον
575 1329 623 1363 τῆς
632 1329 716 1364 ζωῆς,
725 1329 785 1364 ἥτις
793 1326 826 1364 ἦν
838 1329 906 1364 πρὸς

117 1375 159 1400 τὸν
175 1374 295 1410 Πατέρα,
312 1375 359 1401 καὶ
375 1374 536 1410 ἐφανερώθη
555 1375 635 1410 ἡμῖν;
651 1375 752 1402 Τοῦτον
763 1373 808 1401 οὖν
824 1375 906 1402 αὑτὸν

116 1419 159 1446 τδν
168 1419 253 1448 ἁπτόν
264 1428 293 1445 τε
306 1419 353 1446 καὶ
368 1420 478 1453 ὁρατὸν,
487 1420 533 1446 τὸν
543 1419 582 1455 τῷ
597 1419 668 1455 ξύλῳ
682 1420 911 1456 προσηλωμένον,-

117 1466 221 1500 ἐπέγνω
245 1466 295 1501 μὲν
307 1467 321 1492 ό
343 1466 455 1500 Θωμᾶς,
470 1465 605 1500 ὡμολόγει
622 1465 651 1492 δὲ
665 1466 713 1492 καὶ
730 1465 802 1501 μάλα
818 1464 906 1502 ὀρθῶς

117 1512 181 1538 Θεὸν
205 1512 253 1538 καὶ
278 1512 391 1547 Κύριον.
417 1512 489 1547 Ἔφη
516 1512 571 1547 γὰρ
597 1511 693 1543 εὐθύς·
713 1521 722 1537 ι
752 1511 781 1538 '0
803 1511 906 1546 Κύριός

120 1567 167 1594 μου
181 1559 227 1585 καὶ
241 1559 256 1584 ὁ
273 1558 339 1590 Θεός
349 1567 400 1593 μου
409 1566 431 1584 Ὶ
444 1556 504 1584 εἶτα
519 1558 587 1593 πρὸς
597 1558 678 1584 αὑτὸν
688 1559 701 1584 ό
712 1558 813 1593 Κύριος
827 1558 905 1593 ἡμῶν

125 1604 224 1640 Ἰησοῦς
238 1604 359 1640 Χριστός
372 1612 379 1619 δ
399 1614 407 1630 ι
423 1604 485 1630 ’Ὁτι
497 1603 623 1639 ἑώρακάς
639 1613 687 1639 με,
699 1604 885 1635 πεπίστευκας
896 1612 903 1619 ·

120 1652 246 1686 μακάριοι
261 1653 286 1678 οἱ
307 1651 343 1686 μὴ
367 1650 534 1687 ἑωρακότες,
557 1651 604 1677 καὶ
627 1650 834 1681 πιστεύσαντες.
847 1659 855 1675 ι
873 1650 906 1676 Τί

119 1699 322 1730 πιστεύσαντες,
339 1697 400 1724 εἰπέ
415 1707 460 1732 μοι
472 1706 478 1730 ;
492 1695 565 1733 τΑριι
574 1698 623 1732 οὐχ
636 1697 677 1723 ὅτι
688 1697 754 1728 Θεὸς
764 1696 801 1722 ὢν
814 1696 904 1732 φύσει,

118 1746 159 1772 τὸν
174 1745 240 1772 ἴδιον
255 1747 288 1771 ἐκ
305 1744 410 1780 νεκρῶν
424 1745 556 1779 ἀνέστησε
572 1743 651 1776 ναόν;
667 1743 762 1769 Καίτοι
780 1742 837 1774 πῶς
854 1743 907 1777 άμ-

118 1791 225 1826 φῐλογαν
250 1792 282 1817 τὸ
307 1791 425 1825 πρᾶγμά
441 1791 533 1821 ὲστιν;
552 1789 645 1815 ¹Αλλ¹ό
664 1789 780 1824 χρηστὸς
796 1788 905 1820 οὑτοσὶ,

119 1838 258 1872 μονονουχὶ
290 1838 350 1868 ταῖς
378 1836 425 1862 τοῦ
456 1834 578 1870 μαθητοῦ
606 1836 707 1870 φωναῖς
735 1833 907 1870 ἐπερυθριῶν

116 1883 271 1915 ἀσυνέτως,
286 1883 344 1918 Οὐχ
366 1882 537 1918 ὡμολόγησε,
561 1883 654 1917 φησὶν.
679 1881 770 1913 αὑτὸν,
794 1882 835 1907 ὅτι
860 1881 908 1907 καὶ

117 1929 217 1965 Κύριος
241 1930 291 1955 καὶ
308 1928 374 1960 Θεός
400 1929 473 1955 ἐστιν
491 1929 505 1955 ό
526 1928 697 1963 πρωτότοκος
724 1928 756 1953 ὲκ
783 1926 887 1962 νεκρῶν
900 1933 906 1941 ·

117 1974 291 2010 παρατρέπει
311 1973 340 1999 δὲ
358 1972 458 2006 μᾶλλον
473 1973 519 1999 ἐπὶ
534 1972 565 1998 τὸ
581 1971 656 2007 αὺτῴ
674 1971 769 1998 δοκοῦν
790 1971 838 2006 τὴν
861 1970 908 1997 τοῦ

116 2020 195 2054 λόγου
205 2021 333 2055 δύναμιν,
348 2019 395 2046 καί
410 2027 503 2054 φησιν,
516 2019 556 2045 ὅτι
569 2018 615 2044 τὸν
629 2017 841 2052 παραδοξοποιὺν
857 2017 909 2042 ἐδο-

118 2067 221 2101 ξο).όγει
232 2067 310 2097 Θεὸν,
324 2066 410 2100 λέγων
419 2074 441 2091 ·‹
452 2066 481 2092 ’0
494 2064 594 2100 Κύριός
607 2073 656 2099 μου
671 2065 717 2090 καὶ
726 2064 739 2089 ό
749 2063 814 2095 Θεός
829 2072 906 2101 μου.)

117 2097 292 2149 ᾖροσεπάγει
307 2112 336 2139 δὲ
358 2097 479 2143 τούτοις·
495 2097 578 2138 Οὺ-τὺ
591 2097 753 2145 φηλαφηθὲν
774 2097 910 2145 προσαγᾶ-

119 2161 206 2196 ρεύων
221 2160 304 2186 Θεόν·
320 2159 350 2185 οὗ
368 2158 423 2194 γὰρ
445 2157 600 2193 ψηλαφήσει
623 2157 725 2192 Θεότης
740 2156 908 2190 εὑρίσκεται.

123 2207 271 2241 Ἐπιτιμᾷς
289 2202 337 2232 οὖν
352 2204 391 2240 τῷ
423 2204 542 2239 μαθητῇ,
567 2203 628 2230 εἰπέ
654 2212 718 2238 μοι,
744 2202 844 2238 Κύριον
863 2202 910 2228 καὶ

950 269 1256 304 Verbumiutelligimus
1268 269 1449 302 incarnatum,
1466 275 1605 303 unumque
1621 272 1647 295 et
1658 275 1735 295 eum-

948 318 1009 344 dem
1030 317 1126 344 Filium
1155 317 1316 344 confitemur
1353 316 1418 344 Cum
1440 317 1511 343 enim
1538 323 1586 351 per
1611 320 1735 342 naturam

949 368 1022 390 esset
1040 363 1193 396 invisibilis,
1217 363 1302 390 factus
1326 367 1368 390 est
1385 363 1508 395 visibilis,
1526 369 1558 389 eo
1581 362 1651 396 quod
1666 355 1736 388 'visi-

950 410 1003 437 bile
1021 410 1084 437 illud
1105 418 1202 444 corpus
1217 410 1353 444 proprium
1373 409 1430 442 ejus
1446 413 1515 436 eral.
1530 408 1623 443 Itaque
1641 408 1735 435 beatus

951 455 1034 482 David
1056 457 1146 491 psallit
1161 465 1168 483 ς
1186 465 1195 481 ι
1212 456 1281 482 Deus
1306 456 1447 482 manifeste
1469 455 1569 486 veniet,
1592 453 1660 481 Deus
1685 461 1734 480 no-

950 508 1016 534 ster,
1037 507 1064 529 et
1083 510 1135 529 non
1152 502 1240 529 silebit
1253 502 1277 535 ³;
1294 512 1303 527 ι
1321 507 1400 536 atque
1416 502 1497 529 etiam
1525 501 1619 529 beatus
1647 501 1735 527 lit-ba-

951 555 1000 575 cuc
1010 555 1016 574 :
1028 557 1038 572 t
1053 548 1122 574 Deus
1137 549 1170 573 de
1181 547 1302 574 Theman
1316 547 1416 578 veniet,
1432 552 1457 574 et
1471 547 1586 574 Sanctus
1603 547 1635 573 de
1646 550 1736 573 monte

950 594 1093 626 ttntbroso,
1109 593 1243 620 condenso
1253 593 1274 619 ‘.
1286 602 1296 618 ι
1319 592 1368 620 Hic
1382 601 1442 619 cuin
1459 597 1532 620 esset
1544 593 1625 620 etiam
1639 591 1735 626 impal-

951 639 1058 674 pabilis,
1081 644 1191 674 propter
1206 640 1310 666 unitum
1334 639 1384 666 sibi
1408 646 1506 673 corpus
1526 638 1668 673 palpabilis
1695 637 1736 665 fa-

951 691 1010 713 ctus
1027 693 1088 713 esse
1109 685 1216 713 dicitur.
1235 685 1321 712 Lucas
1343 689 1417 712 certe
1443 684 1559 712 scribit:
1576 693 1586 710 ί
1602 684 1735 717 Quoniam

951 732 1058 766 quidem
1088 731 1162 758 multi
1187 732 1277 758 conati
1303 736 1366 758 sunt
1396 731 1525 758 ordinare
1552 730 1736 757 narrationem

951 785 1011 812 qua:
1028 777 1054 804 iu
1070 776 1148 804 nobis
1167 777 1307 810 completa:
1329 781 1393 802 sunt
1407 783 1509 807 rerutn,
1530 775 1602 803 sicut
1617 775 1738 802 tradide-

952 829 1015 851 runt
1033 823 1110 850 nobis
1126 822 1172 856 qui
1189 823 1224 850 ab
1238 822 1315 849 initio
1336 821 1386 856 ipsi
1403 821 1541 853 viderunt,
1567 825 1595 848 et
1620 821 1737 847 ministri

953 868 1061 896 fuerunt
1082 867 1214 895 sermonis
1224 867 1245 894 ⁸.
1263 876 1273 892 ι
1300 867 1397 894 Adhaec
1422 866 1459 893 ait
1488 866 1583 893 beatus
1598 864 1715 892 Joannes
1728 873 1737 891 :

957 923 967 940 ι
983 914 1060 948 Quod
1082 914 1131 940 fuit
1155 914 1188 940 ab
1209 913 1295 945 initio,
1315 914 1386 947 quod
1400 913 1562 944 audivimus,
1577 912 1649 946 quod
1668 911 1737 938 vidi-

955 967 1015 987 mus
1032 959 1117 986 oculis
1140 960 1250 991 nostris,
1271 958 1342 993 qttod
1367 958 1564 992 perspeximus,
1591 961 1618 984 et
1642 963 1738 983 manus

956 1010 1055 1033 nostra!
1069 1011 1304 1033 contrectaverunt
1323 1006 1357 1033 de
1372 1005 1461 1034 \‘erbo
1479 1006 1552 1037 vitae,
1568 1010 1595 1032 et
1610 1004 1665 1031 vita
1681 1011 1738 1030 ma-

956 1051 1078 1078 nifestata
1093 1057 1144 1083 est,
1163 1056 1189 1078 et
1203 1052 1318 1079 vidimus
1332 1056 1360 1078 et
1380 1056 1522 1083 testamur,
1540 1055 1569 1078 et
1591 1049 1737 1077 annuntia-

955 1105 1015 1124 nuts
1030 1098 1106 1125 vobis
1118 1099 1199 1125 vitam
1223 1104 1364 1131 aeternam,
1379 1106 1440 1132 qua:
1454 1102 1513 1125 erat
1527 1097 1596 1131 apud
1617 1096 1737 1128 Patrem,

955 1149 982 1172 et
1007 1144 1132 1178 apparuit
1156 1143 1232 1171 nobis
1245 1144 1265 1170 ⁸.
1285 1153 1293 1169 ι
1322 1143 1386 1176 Sed,
1400 1143 1450 1171 nisi
1481 1142 1576 1170 fuisset
1601 1141 1740 1177 palpabilis

955 1196 1037 1225 atque
1064 1191 1195 1223 visibilis,
1226 1194 1318 1225 utpote
1343 1198 1442 1224 corpus
1468 1191 1605 1224 proprium
1638 1189 1740 1215 habens

957 1236 1037 1263 tactui
1060 1235 1183 1270 visuique
1201 1236 1364 1270 subjectum,
1387 1235 1523 1270 quomodo
1546 1232 1739 1268 sapientissimi

956 1283 993 1310 illi
1010 1282 1134 1317 discipuli
1156 1281 1286 1309 vidissent
1298 1281 1428 1313 Verbum,
1445 1279 1581 1315 quomodo
1605 1279 1687 1306 etiam
1710 1285 1740 1305 se

955 1330 1124 1366 perspexisse
1143 1333 1170 1356 et
1194 1332 1378 1356 contrectasse
1393 1327 1515 1354 dicerent
1527 1326 1646 1354 Verbum
1663 1325 1738 1356 vitae,

955 1383 1016 1410 quae
1036 1379 1095 1402 erat
1116 1374 1186 1410 apud
1209 1374 1326 1405 Patrem,
1350 1378 1378 1400 et
1394 1373 1519 1408 apparuit
1542 1372 1642 1399 nobis?
1664 1370 1740 1399 liunc

956 1421 1038 1455 igitur
1054 1420 1140 1455 ipsum
1162 1419 1385 1447 contrectabilem
1407 1422 1488 1453 atque
1508 1417 1652 1448 visibilem.
1670 1417 1740 1444 hunc

956 1467 1000 1501 qui
1014 1466 1085 1500 ligno
1097 1464 1207 1493 suffixus
1220 1465 1318 1496 fuerat,
1335 1464 1452 1491 Thomas
1466 1463 1584 1498 agnovit,
1601 1470 1632 1490 ac
1644 1463 1739 1489 recusa

957 1512 1024 1539 sime
1053 1511 1135 1538 Deum
1164 1518 1195 1537 ac
1223 1510 1364 1536 Dominutn
1389 1508 1524 1536 fatebatur
1545 1517 1552 1536 :
1575 1507 1645 1535 dixit
1668 1508 1739 1535 enim

957 1557 1085 1583 continuo
1100 1554 1197 1590 :140
1212 1564 1220 1580 ‹
1235 1554 1362 1581 Dominus
1376 1560 1460 1585 meus,
1473 1559 1499 1580 et
1512 1552 1582 1579 Deus
1593 1560 1669 1579 meus
1679 1553 1690 1568 ⁷
1703 1560 1710 1585 ;
1727 1561 1737 1577 ι

957 1602 1054 1629 deinde
1075 1602 1108 1628 ad
1137 1602 1210 1627 illum
1229 1599 1358 1627 Dominus
1375 1604 1469 1626 noster
1491 1598 1570 1625 Jesus
1590 1598 1738 1625 Christus:

960 1656 969 1673 ι
985 1647 1063 1679 Quia,
1088 1646 1185 1680 inquit,
1214 1644 1304 1672 vidisti
1333 1651 1386 1676 me,
1417 1643 1557 1670 credidisti
1574 1652 1582 1669 :
1597 1643 1669 1669 beati
1693 1643 1739 1676 qui

958 1701 1009 1720 non
1025 1692 1159 1725 viderunt,
1173 1697 1199 1718 et
1213 1691 1384 1718 crediderunt
1394 1688 1415 1716 ⁸.
1431 1699 1440 1715 ι
1453 1688 1535 1722 Quid,
1548 1696 1612 1723 rogo
1629 1693 1664 1721 te,
1680 1696 1740 1716 cre-

957 1738 1101 1766 diderunt?
1117 1745 1206 1764 nonne
1222 1736 1304 1771 quod,
1318 1743 1379 1762 cuto
1400 1735 1472 1762 Deus
1487 1739 1560 1761 esset
1576 1742 1610 1761 ex
1635 1740 1740 1767 natura,

958 1784 1094 1820 proprium
1112 1784 1239 1817 templum
1264 1782 1393 1810 excitavit
1418 1789 1432 1807 a
1457 1781 1589 1808 mortuis?
1607 1781 1688 1816 Atqui
1710 1790 1741 1808 ea

959 1839 1002 1858 res
1026 1831 1089 1865 quid
1113 1829 1295 1863 ambiguitatis
1322 1828 1423 1856 habet?
1451 1827 1503 1855 Sed
1526 1828 1570 1855 hic
1594 1829 1680 1855 bonus
1702 1828 1744 1854 vir

959 1877 1149 1912 propemodum
1181 1875 1214 1902 de
1245 1874 1368 1910 discipuli
1395 1874 1508 1901 vocibus
1534 1874 1616 1901 stulte
1641 1873 1740 1900 erube-

959 1931 1048 1954 scens,
1066 1931 1119 1950 non
1131 1921 1272 1948 confessus
1286 1926 1338 1953 est,
1351 1921 1447 1955 inquit,
1465 1919 1607 1947 Dominum
1620 1923 1647 1946 et
1661 1919 1742 1946 Deum

959 1977 1019 1997 esse
1036 1969 1108 1996 illum
1124 1967 1332 2003 primogenitum
1352 1974 1385 1993 ex
1403 1965 1535 1998 mortuis;
1553 1965 1600 1992 sed
1614 1965 1668 1991 vim
1685 1971 1745 1991 se:-

960 2016 1046 2042 monis
1062 2015 1191 2049 pervertit
1208 2013 1241 2040 ad
1262 2020 1339 2039 suam
1362 2011 1529 2046 opinionem,
1548 2016 1574 2037 et
1595 2011 1643 2042 ait,
1660 2011 1742 2037 Deum

960 2060 1158 2087 admirabilium
1181 2066 1292 2093 operum
1309 2057 1463 2085 effectorem
1486 2055 1665 2090 gloriﬁcasse,
1682 2063 1741 2082 cum

960 2107 1028 2134 dixit
1043 2115 1050 2133 :
1067 2115 1076 2132 ‹
1091 2105 1220 2132 Dominus
1235 2111 1320 2135 meus,
1335 2107 1362 2130 et
1377 2102 1448 2130 Deus
1468 2110 1555 2129 meus.
1572 2112 1581 2128 ι
1597 2101 1644 2128 liis
1660 2102 1742 2129 etiam

961 2152 1055 2187 adjicit
1069 2161 1076 2180 :
1092 2151 1151 2179 Non
1167 2151 1237 2186 qttod
1255 2149 1474 2177 contrectabatur
1494 2148 1631 2184 appellans
1647 2147 1742 2180 Deum,

961 2208 1013 2227 non
1040 2199 1110 2226 enim
1134 2195 1351 2224 contrectatione
1375 2195 1502 2222 divinitas
1527 2194 1671 2221 invenitur.
1691 2193 1743 2220 Ac-

116 2253 185 2280 θεδν
210 2239 370 2286 όνομάζοντι
385 2251 430 2277 τὸν
445 2249 576 2285 Χριστόν;
596 2249 693 2276 Καίτοι
708 2249 826 2284 δέδειχεν
844 2250 906 2284 ἡμῖν

961 2252 1074 2274 cusasne
1088 2243 1258 2278 discipulum,
1281 2242 1325 2268 die
1342 2241 1418 2274 mihi,
1441 2240 1512 2275 quod
1531 2239 1667 2267 Christum
1691 2239 1743 2266 Do-

117 2298 219 2334 ἀρτίως
232 2299 247 2324 ὁ
262 2297 350 2331 λόγος,
373 2295 496 2327 ὅτιθεὸς
512 2294 549 2321 ὢν
568 2295 638 2321 κατὰ
656 2294 736 2329 φύσιν
758 2295 772 2320 ὁ
791 2295 911 2328 Μονογε-

117 2344 177 2378 γῆς,
190 2343 297 2378 ἀναφὴς
313 2343 360 2369 καὶ
375 2342 500 2377 ἀόρατος,
521 2340 606 2372 ἁπτὸς
621 2341 717 2375 γέγονε
738 2340 785 2368 καὶ
801 2340 909 2375 ὁρατός.

119 2390 210 2417 Ὅταν,
222 2389 250 2416 δὲ
266 2389 362 2424 λέγῃς·
377 2388 415 2414 Οὐ
430 2387 484 2423 γὰρ
499 2386 654 2422 ψηλαφήσει
675 2387 776 2422 Θεότης
786 2386 911 2420 εὑρίσκε-

118 2444 175 2467 ται,
192 2435 272 2462 πάλιν
287 2435 376 2461 ἐκεῖνο
389 2432 521 2469 ἐροῦμεν·
535 2432 570 2458 Τί
587 2432 785 2467 παρωσάμενος
801 2431 850 2467 τὴν
872 2432 911 2458 ol-

120 2482 260 2516 κονομίαν,
274 2481 312 2512 ὡς
328 2480 394 2515 περὶ
407 2480 513 2514 γυμνῆς
527 2478 638 2514 διαλέγῃ
653 2478 796 2513 θεότητος;
811 2478 849 2509 εἰς
864 2477 912 2512 λή-

121 2528 171 2563 θην
191 2528 219 2554 δὲ
239 2527 335 2561 ὥσπερ
358 2525 512 2560 ἐληλακὼς,
530 2525 570 2551 ὅτι
584 2525 629 2550 καὶ
645 2523 788 2559 ὲσαρκώθη
812 2523 857 2549 καὶ
872 2523 913 2549 ἑν-

120 2573 298 2610 ηνθρώπησεν
312 2575 326 2599 ὁ
337 2571 443 2606 ἀναφὴς
457 2571 503 2598 καὶ
517 2571 671 2605 ἀσώματος,
685 2570 735 2596 οὐκ
749 2569 832 2605 ἀνέχῃ
845 2568 912 2595 Θεὸν

121 2615 305 2653 ὁνομαζοὺσης
319 2616 403 2644 αὑτὸν
417 2617 465 2651 τῆς
479 2616 659 2642 θεοπνεύστου
675 2615 795 2650 Γραφῆς,
811 2614 855 2640 διά
870 2623 911 2641 τοι

122 2664 151 2690 τὸ
168 2654 362 2698 ἐψηλαφῆαθᾶι
377 2663 469 2698 σαρκὶ,
484 2659 572 2696 ὦφθαι
589 2669 617 2687 τε
632 2660 733 2696 ὁμοίως
750 2661 806 2692 τοῖς
823 2659 911 2694 ἁγίοις

123 2709 278 2741 ἀποστόλοις
290 2718 297 2742 ;
317 2709 390 2735 Ἀλλ’
404 2709 485 2743 ἡμεῖς
499 2716 541 2741 γε,
555 2704 644 2739 ὧτᾶν,
656 2706 724 2741 ὁμοῦ
736 2706 775 2741 τῷ
787 2705 912 2741 μακαρίῳ

124 2755 214 2791 Θωμᾷ,
226 2755 272 2782 τὸν
284 2755 326 2790 τῷ
338 2754 412 2788 ξύλῳ
427 2753 648 2788 προσηλωμένον,
659 2752 703 2778 τὸν
715 2750 912 2788 ψηλαφηθέντα

124 2803 222 2837 χερσὶν,
235 2801 402 2837 ἑωραμένον
419 2808 448 2825 τε
463 2800 519 2830 τοῖς
533 2798 711 2830 ἀνθρωπίνοις
723 2798 838 2833 ὖμμασι,
854 2798 914 2828 ταῖς

431 2894 440 2904 ⁸
460 2888 560 2916 lLtbac.
580 2896 618 2922 tu,
634 2889 660 2915 5.

154 2892 164 2907 ³
179 2891 251 2920 [‘sal.
270 2899 349 2924 tux,
362 2890 390 2917 3.
431 2894 440 2904 ⁸
460 2888 560 2916 lLtbac.
580 2896 618 2922 tu,
634 2889 660 2915 5.
700 2888 710 2904 ⁸
725 2887 788 2915 Luc.
808 2896 826 2920 1,
845 2887 871 2920 1,
885 2888 910 2914 Ξ.

963 2292 1065 2320 minum
1083 2298 1114 2317 ac
1128 2289 1210 2316 licunt
1226 2287 1362 2323 appellet?
1385 2287 1465 2321 Atqui
1482 2286 1605 2321 proximo
1621 2292 1745 2312 sermone

963 2338 1176 2365 demonstratum
1203 2338 1258 2367 est,
1285 2334 1357 2361 illum
1381 2333 1565 2367 unigenitum,
1589 2339 1648 2358 cum
1674 2335 1747 2358 esset

962 2384 1109 2411 secundum
1127 2387 1248 2409 naturam
1261 2380 1341 2412 Deus,
1358 2378 1536 2414 impalpabilis
1550 2382 1577 2404 et
1592 2376 1745 2408 invisibilis,

963 2430 1123 2467 palpabilem
1138 2435 1198 2455 esse
1216 2426 1314 2454 factum
1339 2431 1365 2453 et
1381 2425 1522 2451 visibilem.
1541 2423 1608 2450 Cum
1627 2429 1691 2449 vero
1707 2422 1746 2449 di-

966 2477 1006 2503 cis
1021 2485 1027 2502 :
1043 2474 1101 2502 Non
1118 2473 1190 2500 enim
1209 2471 1426 2499 contrectatione
1445 2469 1578 2496 Divinilas
1599 2467 1746 2500 invenitur,

966 2521 1030 2550 illud
1045 2528 1060 2548 ο
1077 2518 1213 2547 contrario
1228 2518 1348 2545 dicemus
1363 2525 1369 2542 :
1386 2516 1466 2549 Quid,
1484 2514 1686 2549 dispensatione
1707 2520 1748 2540 re-

963 2565 1047 2602 jecta,
1060 2571 1186 2600 tauquam
1198 2564 1231 2591 de
1246 2563 1317 2590 nuda
1330 2561 1473 2589 divinitate
1485 2560 1597 2588 disseris
1608 2578 1616 2591 ,
1633 2563 1660 2586 et
1672 2557 1750 2593 quasi

965 2613 1063 2641 oblitus
1080 2617 1108 2639 et
1127 2611 1295 2638 incarnatum
1320 2608 1414 2641 fuisse,
1440 2611 1468 2634 et
1492 2605 1627 2633 lmmiuem
1648 2604 1746 2631 factum

965 2659 1039 2687 illum
1053 2657 1249 2692 impalpabiletu
1265 2660 1292 2682 et
1305 2655 1504 2688 incorporeum,
1523 2659 1615 2680 sacras
1631 2651 1748 2677 Litteras

966 2712 1020 2732 non
1036 2703 1154 2730 sustines
1169 2709 1228 2736 quae
1248 2701 1323 2727 illum
1341 2699 1424 2726 Deum
1446 2698 1592 2734 appellant,
1605 2702 1747 2732 propterea

967 2750 1038 2786 quod
1053 2756 1134 2777 came
1154 2749 1188 2775 sit
1201 2750 1394 2779 contrectatus,
1409 2748 1435 2772 et
1452 2745 1524 2772 visus
1545 2744 1580 2771 sit
1596 2743 1661 2771 item
1683 2749 1747 2769 san-

968 2797 1019 2824 ctis
1033 2794 1180 2830 apostolis?
1197 2793 1249 2821 Sed
1275 2801 1333 2826 ttos,
1356 2800 1372 2820 o
1394 2792 1435 2819 vir
1450 2790 1566 2826 egregie,
1584 2789 1663 2817 simul
1684 2795 1744 2816 cum

950 2888 959 2903 δ
977 2886 986 2913 ι
1001 2885 1077 2914 Joau.
1096 2893 1114 2917 ι,
1146 2884 1171 2912 2.
1211 2885 1219 2900 ⁷
1236 2882 1311 2911 Joau.
1327 2891 1370 2916 λιι,
1387 2883 1432 2915 28,
1453 2883 1496 2909 '29.
1534 2881 1544 2896 ⁸
1563 2879 1626 2907 ibid.
