1886 3056
138 175 192 204 245

638 177 667 205 S.
688 175 824 206 οῖιιιιιιι
845 171 1080 201 ALEXANDRINI
1099 171 1261 200 ARClllEP;

1713 167 1782 194 244⁵

136 237 217 265 beato
233 237 347 272 Thoma,
370 238 443 266 illum
462 239 535 274 ligno
550 239 687 272 snﬁixum,
705 239 781 266 illum
801 237 925 264 manibus

1005 235 1053 270 ἱτῷ
1077 234 1247 270 πρεπούσαις
1271 231 1421 267 εὐφημίαις
1437 228 1632 264 στεφανοῦντές
1648 235 1751 274 ,φαμεν
1765 234 1773 240 ·

138 288 347 317 contrectatum,
370 289 602 320 conspectumque
614 286 742 313 humanis
761 284 858 315 oculis,
882 282 924 310 dio

138 329 199 364 guis
209 328 333 357 laudibus
343 329 509 358 honorantes
520 331 635 358 dicimus
650 341 656 359 :
671 340 680 356 ι
693 330 824 357 Dominus
836 336 923 362 mens,

137 379 166 401 et
178 373 248 402 Deus
263 382 350 402 meus.
367 385 376 401 ι
397 376 434 403 Ac
452 377 474 403 si
488 377 623 411 quispiam
640 377 722 408 dicat,
741 376 787 403 Dei
807 375 923 402 Verbum

139 428 221 448 carne
235 421 342 456 propria
362 429 484 456 passum,
505 430 567 450 eum
586 423 697 458 dignum
715 430 775 450 esse
792 421 925 456 approba-

140 466 224 499 tione,
239 471 295 493 eta
313 474 376 494 vero
401 474 483 495 sensu
499 468 610 495 minime
636 468 773 500 aberrare,
800 475 861 494 cum
885 467 925 493 sic

139 518 247 546 quoque
271 512 337 539 illud
361 513 491 540 manserit
515 513 676 548 impatibile,
700 521 805 540 rursum
829 520 863 540 ex
883 513 926 540 his

137 563 200 590 qua:
218 556 275 592 ipse
294 557 440 593 scripsisti.
458 563 504 585 aut
523 558 615 586 dixisti
641 559 668 586 in
688 558 819 586 Ecclesiis
841 565 925 586 cona-

138 602 189 629 bor
204 603 357 630 ostendere.
375 603 536 632 Laudandos
561 612 677 640 namque
699 612 794 632 censes
806 597 925 632 sanctos

139 647 233 675 Patres
248 654 357 677 nostros
379 649 445 677 olim
466 650 493 677 in
512 650 601 678 Nicaea
620 651 759 685 collectos,
776 657 804 678 ut
817 651 863 686 qui
882 659 926 679 ac-

139 699 263 722 curatam
286 700 314 723 et
337 696 455 731 undique
477 697 622 732 expolitam
636 697 710 725 Fidei
727 698 926 726 confessionem

139 741 288 775 ediderint;
306 743 352 769 sed
368 750 420 770 non
433 743 470 770 ita
486 749 515 770 ut
531 744 569 771 illi
581 744 678 777 sentis,
693 744 805 772 minime
819 754 826 771 :
839 752 927 779 neque

139 787 231 815 animo
245 788 271 815 in
282 789 405 816 veritatis
417 789 553 825 dogmatis
569 790 623 818 ﬁxo
634 798 708 818 recte
722 791 824 826 ingredi
839 791 925 826 cupis,

143 839 153 856 ε
168 833 214 859 sed
238 832 376 861 claudicas
399 835 598 869 quodammodo
621 836 753 863 ambabus
772 835 927 871 suffragini-

140 877 202 910 bus,
218 888 227 904 I
255 884 285 906 ut
309 885 352 908 est
372 881 522 915 scriptum'
541 887 590 909 :et
615 888 695 910 rectae
717 883 767 910 via:
790 888 926 910 amatores

141 924 328 959 imprudenter
360 927 528 963 objurgans,
568 930 638 963 quod
673 930 720 956 tibi
754 930 804 964 ipsi
838 930 927 965 placet

144 969 220 1006 14],
236 976 363 1007 tauquam
387 981 480 1001 verum
506 975 671 1009 conﬁrmas;
687 977 741 1002 imo
758 984 822 1003 vero
841 984 874 1004 ne
899 978 926 1004 in

141 1017 175 1043 iis
192 1017 298 1051 quidem
318 1026 379 1054 quae
397 1020 501 1053 dixisti,
517 1023 730 1056 permanendum
755 1026 849 1056 putas;
865 1031 926 1050 nam

142 1063 250 1091 invenio
263 1069 289 1092 te
303 1066 336 1092 de
350 1068 452 1094 sanctis
466 1067 591 1095 Patribus
603 1069 692 1096 dicere
709 1080 715 1096 :

177 1109 297 1138 st'ron.
324 1111 477 1148 [Quoniam
495 1121 559 1142 vero
580 1115 602 1141 si
618 1115 769 1147 dixissent,
786 1115 928 1143 Credimus

141 1157 169 1184 in
194 1165 276 1184 unum
303 1157 387 1186 Deum
415 1159 548 1192 Verbum,
566 1159 686 1187 futurum
714 1166 772 1188 erat
797 1166 827 1188 ut
854 1170 928 1189 mors

141 1203 239 1230 divinae
257 1209 360 1231 naturae
385 1205 565 1238 tribueretur,
585 1207 643 1233 ideo
670 1215 767 1234 nomen
790 1208 928 1242 accipiunt

141 1256 287 1277 commune
299 1271 306 1283 ,
328 1258 442 1286 nempe.
460 1251 539 1280 Jesus
556 1253 694 1285 Christus.
709 1259 738 1281 ut
750 1258 778 1281 et
793 1259 928 1281 mortuum

141 1295 217 1322 illum
230 1296 412 1331 signiﬁcarent
424 1318 432 1331 ,
450 1302 477 1326 et
489 1299 564 1326 illum
579 1307 631 1326 non
651 1305 797 1327 mortuum.
814 1300 864 1327 His
881 1302 930 1327 ad-

137 1341 198 1376 jicit
213 1349 222 1368 :
237 1343 329 1378 Itaque
344 1345 455 1379 perinde
471 1353 503 1373 ac
511 1346 533 1373 si
548 1347 607 1380 quis
620 1347 711 1374 dicat:
729 1346 775 1374 Ille
791 1346 872 1375 homo
888 1353 928 1375 est

142 1392 276 1422 mortuus,
299 1391 422 1425 quamvis
443 1392 534 1419 anima
562 1393 598 1420 sit
627 1393 810 1427 immortalis;
839 1399 929 1421 tamen

142 1435 205 1469 quia
223 1443 319 1463 nomen
337 1437 408 1464 dixit
429 1438 506 1472 quod'
526 1438 660 1472 signiﬁcat
676 1439 744 1466 ditas
761 1444 890 1472 naturas,
903 1446 930 1467 et

143 1487 240 1516 corpus
255 1482 325 1516 quod
343 1483 457 1510 moritur
473 1490 500 1512 et
515 1486 633 1512 animam
660 1485 854 1517 immortalem,
871 1487 931 1513 ideo

143 1525 210 1553 nihil
223 1531 264 1553 est
279 1527 389 1562 periculi
404 1528 430 1555 in
444 1535 475 1556 ea
488 1537 553 1557 voce
572 1539 578 1556 :
600 1535 746 1565 utrumque
761 1530 834 1557 enim
851 1539 930 1557 voca—

978 291 987 307 ‹
998 281 1027 308 ⁷0
1042 280 1145 315 Κύριός
1164 288 1215 315 μου
1233 278 1280 305 καὶ
1294 279 1308 304 ὁ
1325 277 1390 308 Θεός
1409 285 1486 311 μου.»
1502 276 1564 302 Ὅτι
1578 274 1606 300 δὲ
1622 273 1673 300 κᾶν
1688 272 1716 298 ετ
1726 280 1775 302 τις

975 328 1048 362 λέγοι
1064 327 1146 362 σαρκὶ
1160 327 1193 362 τῇ
1209 325 1262 360 ἰδίᾳ
1279 324 1375 351 παθεῖν
1389 323 1435 349 τὸν
1449 321 1497 349 τοῦ
1514 320 1582 348 Θεοῦ
1598 320 1695 353 Λόγον,
1715 319 1774 344 οὐκ

975 376 1008 402 ἂν
1025 375 1186 410 ἀμοιρήσειε
1203 373 1249 399 τοῦ
1265 371 1311 398 καὶ
1328 369 1498 397 ἐπαινεῖσθαι
1513 368 1579 398 δεῖν,
1593 366 1642 393 καὶ
1657 365 1774 399 φρονεῖν

976 420 1086 447 ἑλέσθαι
1100 420 1136 446 τὰ
1152 418 1240 453 ἀληθῆ
1261 417 1412 453 (μεμένηκε
1429 414 1484 449 γὰρ
1507 413 1557 439 καὶ
1578 411 1664 442 οὕτως
1692 410 1773 436 ἀπα-

976 467 1049 502 θὴς),
1067 465 1235 500 πειράσομαι
1251 461 1407 493 καταδεῖξαι
1421 460 1513 491 πάλιν,
1527 459 1556 492 ἐξ
1572 456 1610 484 ὧν
1625 457 1774 492 γέγραφας

976 512 1066 544 αὐτὸς,
1081 511 1165 546 ἥγουν
1179 509 1284 545 ἑφηςὲν
1303 507 1490 542 Ἐκκλησίαις.
1509 504 1637 531 Ἐπαίνου
1649 503 1698 538 μὲν
1711 502 1775 535 γὰρ

976 558 1062 591 ἀξιοῖς
1081 558 1143 589 τοὺς
1157 556 1252 590 ἁγίους
1267 554 1393 590 Πατέρας
1412 553 1503 588 ἡμῶν,
1524 551 1587 582 τοὺς
1602 550 1630 576 ἐν
1645 548 1677 584 γέ
1693 555 1773 583 φημι

975 606 1008 640 τῇ
1034 603 1160 631 Νικαέων
1190 602 1261 629 κατὰ
1291 600 1404 635 καιροὺς
1433 596 1705 632 συναγηγερμένους,
1730 594 1775 624 ὡς

977 651 1078 687 ἀκριϐῆ
1090 651 1137 678 καὶ
1150 648 1391 685 τετορ[ν]ευμένην
1415 646 1465 680 τῆς
1483 644 1601 674 πίστεως
1624 643 1692 677 ἡμῖν
1715 640 1775 675 τήν

976 697 1122 733 ὁμολογίαν
1145 694 1175 723 εὖ
1200 696 1271 730 μάλα
1291 693 1496 728 πεποιημένους
1510 699 1517 706 ·
1537 687 1714 724 πεφρόντικάς
1736 695 1773 720 γε

978 744 1032 780 μὴν
1052 743 1082 770 οὺ
1097 743 1132 770 τὰ
1154 742 1267 768 ἐκείνων
1290 739 1388 766 ποθέν·
1404 738 1467 765 οὒτε
1486 737 1540 772 μὴν
1556 736 1613 766 τοῖς
1628 734 1678 769 τῆς
1699 733 1773 768 ἀλη-

978 790 1052 822 θείας
1077 790 1211 824 δόγμασιν
1230 787 1371 822 ἐνερείσας
1399 785 1445 812 τδν
1476 782 1550 815 νοῦν,
1574 781 1643 817 ὀρθὰ
1665 780 1783 815 βαίνειν.

978 836 1137 870 ἐπιθυμεῖς,
1164 843 1173 859 ι
1191 832 1320 869 χωλεὺεις
1341 831 1370 857 δὲ
1392 830 1486 865 ὥσπερ
1509 828 1682 863 ἀμφοτέραις
1706 826 1774 855 ταῖς

980 882 1094 916 ἰγνύαις,
1111 890 1120 906 ι
1140 880 1210 906 κατὰ
1224 879 1255 905 τὸ
1268 876 1462 913 γεγραμμένον
1472 883 1478 890 ·
1491 876 1548 906 τοῖς
1562 873 1613 908 μὲν
1621 873 1672 907 τῆς
1690 870 1775 907 ὀρθό-

943 911 963 938 B
978 937 1059 963 τητος
1082 927 1210 962 ἐρασταῖς
1239 924 1378 954 ἀσυνέτως
1402 921 1550 956 ἐπιτιμῶν,
1573 919 1716 955 κρατύνων
1738 925 1774 951 γε

980 975 1034 1010 μὴν
1048 975 1085 1005 ὡς
1100 973 1198 1008 ἀληθὲς
1212 971 1242 998 τὸ
1258 970 1333 1006 αὐτῷ
1355 978 1396 995 σοι
1412 967 1524 995 δοκοῦν·
1543 966 1643 1001 μᾶλλον
1664 965 1692 991 δὲ
1708 963 1775 990 οὐδὲ

1029 1019 1110 1050 αὐτὸς
1121 1019 1188 1053 ἔφης
1201 1016 1331 1052 ἐμμένειν
1344 1014 1441 1047 ἀξιῶν·
1452 1013 1573 1048 εὑρίσκω
1588 1011 1642 1047 γὰρ
1657 1009 1774 1044 λέγοντα

979 1065 1043 1100 περὶ
1057 1063 1110 1090 τῶν
1121 1063 1206 1095 ἁγίων
1217 1060 1361 1107 Παιτέρων⁸
1387 1105 1392 1107 Α
1420 1105 1425 1107 Π
1538 1103 1550 1107 Β
1601 1103 1624 1107 κ
1694 1100 1700 1107 '

1014 1109 1142 1146 [Ἐπειδὴ
1166 1107 1221 1142 γὰρ
1247 1106 1301 1142 [Ῐσ.
1316 1105 1353 1141 εἰ]
1370 1105 1522 1140 εἰρήκασιν,
1537 1103 1578 1130 ὅτι
1601 1103 1776 1135 Πιστεύομεν

979 1157 1019 1188 εἰς
1035 1157 1082 1182 ἕνα
1093 1155 1159 1181 Θεὸν
1173 1154 1269 1188 Λόγον,
1285 1152 1396 1188 ἔμελλεν
1410 1152 1424 1178 ὁ
1445 1150 1559 1181 θάνατος
1571 1150 1604 1184 τῇ
1622 1147 1682 1183 θείᾳ
1698 1147 1774 1180 λογί-

981 1202 1075 1235 ζεσθαι
1088 1202 1179 1237 φύσει,
1190 1201 1276 1234 ὄνομα
1289 1199 1412 1234 δέχονται
1425 1197 1515 1223 κοινὸν
1529 1196 1570 1228 τδ,
1584 1194 1702 1230 Χριστὸς
1719 1193 1774 1228 Ἰη-

981 1249 1055 1282 σοῦς,
1069 1249 1112 1275 ἵνα
1124 1248 1172 1274 καὶ
1188 1247 1233 1273 τὸν
1246 1245 1418 1273 ἀποθανόντα
1433 1243 1586 1278 σημάνωσι,
1602 1241 1649 1267 καὶ
1665 1240 1712 1266 τὸν
1733 1239 1775 1274 μὴ

980 1295 1160 1324 ἀποθανόντα.
1170 1292 1354 1328 Προσεπάγει
1364 1291 1397 1318 δὲ
1406 1293 1523 1321 τούτοις
1531 1297 1538 1304 ο
1553 1289 1634 1314 Ὥστε
1645 1286 1672 1313 εί
1680 1295 1722 1317 τις
1730 1286 1776 1311 λὲὲ

980 1352 1033 1378 γοι,
1054 1343 1082 1370 ’0
1094 1342 1166 1369 δεῖνα
1176 1341 1317 1376 ἄνθρωπος
1333 1337 1463 1369 ἀπέθανε,
1479 1336 1568 1362 καίτοι
1583 1335 1600 1370 ἡ
1615 1333 1689 1369 ψυχὴ
1708 1332 1787 1359 ἀθάρ.

982 1389 1059 1420 νατός
1082 1389 1166 1419 ἐστιν,
1186 1385 1243 1413 ἀλλ’
1255 1384 1349 1419 ἐπειδὴ
1365 1383 1395 1409 τὸ
1410 1383 1495 1417 ονομα
1512 1379 1573 1407 εἶπε
1587 1380 1619 1406 τὸ
1640 1380 1786 1414 σημαῖνον-

981 1435 1031 1466 τὰς
1043 1433 1089 1460 δύο
1103 1433 1209 1468 φύσεις,
1223 1431 1271 1457 καὶ
1285 1431 1316 1456 τὸ
1331 1429 1412 1464 σῶμα
1427 1428 1456 1454 τὸ
1468 1426 1649 1462 ἀποθνῆσκον,
1665 1425 1712 1451 καὶ
1723 1425 1787 1460 τὴν-

981 1479 1071 1514 ψυχὴν
1087 1478 1135 1513 τὴν
1158 1476 1302 1506 ἀθάνατον,
1316 1474 1366 1501 οὐκ
1381 1473 1436 1508 ἕχει
1452 1471 1604 1520 κίνδυνον
1618 1469 1694 1520 φωνή
1704 1475 1710 1482 '
1728 1467 1776 1520 av:

983 1527 1091 1561 ορωπος
1108 1524 1162 1559 γὰρ
1184 1522 1309 1549 καλεῖται
1326 1519 1483 1554 ἀμφότερα,
1501 1518 1546 1543 καὶ
1565 1515 1597 1542 τὸ
1619 1514 1711 1561 σῶμα,
1724 1514 1777 1561 οιαὶ

144 1576 188 1599 tur
210 1572 304 1605 homo,
326 1578 353 1601 et
367 1581 466 1608 corpus
491 1579 518 1602 et
544 1576 634 1602 anima
655 1585 662 1609 ;
682 1577 718 1603 ita
745 1577 829 1612 igitur
854 1578 931 1604 etiam

1005 1558 1089 1606 ¹ψυχή
1102 1579 1108 1585 ·
1120 1558 1192 1596 οὕτω
1207 1568 1298 1595 τοίνυν
1315 1568 1362 1593 καὶ
1374 1567 1390 1592 ὁ
1406 1565 1491 1600 μέγας
1505 1563 1608 1593 ἐκεῖνος
1628 1560 1709 1596 χορὸς
1723 1558 1789 1595 ἔφην

144 1625 257 1653 magnus
268 1618 312 1647 ille
328 1620 427 1647 chorus
439 1620 474 1648 de
488 1621 596 1649 Christo
613 1622 691 1649 dixit.
706 1622 716 1658 ]

459 1688 499 1716 CA
506 1689 534 1716 P.
554 1688 609 1716 VII.

179 1756 246 1784 Cum
273 1757 311 1784 illi
343 1757 480 1785 Christum
510 1758 602 1785 Iesum
629 1759 771 1793 dixerunt,
789 1769 839 1787 non
866 1761 934 1788 duos

147 1802 216 1830 lilios
234 1803 347 1830 seorsim
361 1823 368 1834 ,
383 1803 430 1838 qui
447 1812 589 1831 cotnmune
607 1805 738 1832 haberent
754 1807 805 1833 hoc
820 1814 930 1840 nomen,

146 1848 271 1876 Christus
283 1848 381 1882 Jesns,
396 1850 442 1876 sed
455 1849 519 1877 illud
534 1858 567 1878 ex
586 1850 639 1878 Deo
662 1851 781 1879 Verbum
798 1853 933 1880 hominem

146 1895 248 1922 factum
262 1895 445 1930 signiﬁcasse,
463 1902 674 1931 repugnaturnm
692 1898 739 1932 qui
755 1899 843 1933 sapiat
861 1903 935 1927 certe

147 1946 212 1976 puto
225 1941 373 1968 neminem
388 1949 395 1967 :
410 1949 441 1969 ac
458 1948 555 1976 prmter
574 1950 604 1969 ea
625 1951 685 1978 qua;
704 1943 759 1978 jam
777 1944 847 1971 dicta
861 1950 934 1976 sunt,

146 1987 198 2014 hac
210 1987 243 2014 de
264 1995 293 2014 re
307 1987 382 2021 plura
394 1987 482 2015 adhuc
500 1987 601 2016 referre
620 1989 700 2016 verba
712 2010 719 2022 ,
735 1998 933 2024 supervacuum

147 2032 193 2064 sil,
209 2033 316 2067 opinor.
337 2031 527 2061 Verumtamen
558 2035 580 2062 si
603 2035 636 2062 iis
659 2043 718 2070 qua:
743 2035 813 2062 dicta
842 2041 906 2063 sunt
922 2044 936 2063 a

147 2079 243 2110 nobis,
272 2080 428 2114 perSuaderi
457 2080 503 2107 tibi
533 2089 585 2107 non
615 2086 702 2115 potest
729 2087 758 2109 ut
789 2083 933 2118 intelligas,

147 2124 254 2152 etiamsi
274 2125 396 2153 dicamus
423 2126 509 2160 ipsum
540 2127 587 2154 Dei
606 2127 734 2160 Verbum,
751 2134 863 2164 propter
886 2138 936 2157 nos

147 2177 228 2198 carne
247 2178 372 2205 passum,
388 2171 562 2199 nihilominus
578 2173 641 2200 illud
657 2181 671 2200 a
688 2174 765 2201 nobis
791 2175 936 2209 impatihile

147 2221 275 2250 tanquam
290 2215 374 2244 Deum
392 2218 494 2245 servari
508 2237 515 2250 ,
532 2217 627 2245 saltem
647 2219 700 2246 tuis
714 2220 823 2247 vocibus
836 2220 936 2255 largire

148 2267 177 2288 ut
195 2267 268 2290 recte
289 2263 400 2298 prolatae
420 2263 572 2292 videantur.
601 2264 677 2292 Sicut
693 2265 764 2292 cnim
780 2266 825 2301 qui
847 2266 935 2293 homi-
951 2253 975 2283 Π

147 2315 209 2334 nem
222 2307 308 2341 dixit,
323 2308 403 2336 simul
419 2316 481 2336 cum
497 2317 612 2343 corpore
627 2311 787 2345 signiﬁcavit
804 2311 934 2344 animam,

147 2354 272 2389 quamvis
287 2355 346 2382 haec
370 2359 494 2382 naturam
514 2356 611 2383 habeat
633 2357 666 2384 ab
683 2365 715 2385 eo
727 2358 877 2392 diversam,
899 2360 936 2388 ila

149 2404 190 2433 ut,
203 2401 311 2429 etiamsi
326 2409 424 2434 corpus
441 2402 558 2431 fortasse
582 2403 696 2438 alicujus
725 2410 860 2432 mortuum
876 2414 937 2435 esse

149 2444 273 2478 dicatur,
291 2451 363 2475 totus
378 2448 403 2474 id
423 2448 503 2476 homo
525 2457 621 2483 passus
642 2457 695 2477 non
717 2451 834 2479 absurde
855 2452 935 2480 intel-

148 2490 268 2528 ligatur},
283 2494 405 2526 quamvis
425 2494 542 2521 animam
570 2495 669 2522 habeat
695 2496 765 2524 haud
789 2499 868 2525 morti
890 2499 939 2527 ob-

150 2538 259 2565 noxiam
279 2538 301 2555 ¹⁰
320 2547 328 2571 ς
346 2539 385 2567 sic
407 2547 436 2567 se
460 2548 503 2568 res
526 2541 607 2568 habet
629 2542 655 2568 in
675 2543 796 2570 omnium
817 2549 938 2572 nostrum

152 2582 293 2610 Salvatore
316 2583 436 2612 Christo.
462 2585 529 2612 Nam
553 2587 615 2622 quia
637 2587 703 2614 illud
724 2595 757 2615 ex
780 2587 836 2615 Deo
859 2588 938 2616 Patre

152 2628 288 2661 Verbum,
311 2634 340 2657 ut
360 2638 431 2665 saepe
451 2631 588 2664 diximus,
615 2634 749 2668 particeps
777 2633 827 2661 fuit
848 2636 938 2663 carnis

152 2681 180 2704 et
200 2677 339 2712 sanguinis
371 2678 496 2706 similiter
513 2687 546 2706 ac
566 2686 634 2711 nos.
650 2684 679 2707 et
695 2688 794 2715 corpus
817 2681 881 2709 illud
904 2690 937 2710 ex

153 2728 248 2750 sancta
265 2722 377 2760 Virgine
391 2724 443 2751 sibi
460 2725 597 2759 proprium
616 2725 680 2753 fecit
691 2747 698 2758 .
712 2731 739 2754 et
752 2728 789 2755 ita
808 2728 878 2756 ﬁlius
892 2729 941 2756 ho-

154 2770 237 2798 minis
250 2775 291 2798 est
307 2769 393 2798 factus
409 2779 415 2803 ;
431 2771 483 2799 hac
497 2771 529 2798 de
542 2779 635 2804 causa,
649 2777 754 2801 mortua
768 2773 827 2807 ejus
846 2782 938 2807 carne,

154 2823 225 2844 verae
253 2815 325 2843 illius
347 2816 453 2844 unionis
478 2817 547 2845 ratio
577 2818 730 2853 passionem
754 2820 805 2855 ipsi
836 2821 938 2854 tribuit,

188 2902 199 2920 '
216 2905 250 2932 llI
267 2904 335 2940 Reg.
356 2912 435 2939 mn,
450 2906 494 2933 2i.
536 2906 555 2922 '°
570 2905 651 2934 Hebr.
668 2914 698 2939 ιι,
714 2908 756 2935 l5.

987 1617 1051 1653 περὶ
1068 1614 1210 1652 Χριστοῦ.]

1286 1681 1400 1709 ΚΕΦΛΛ
1406 1699 1412 1706 .
1431 1680 1468 1706 Z’.

1022 1757 1082 1784 ’Ότι
1107 1757 1156 1792 μὲν
1178 1753 1294 1790 Χριστὸν
1324 1750 1427 1786 Ἰησοῦν
1456 1748 1654 1783 ὀνομάσαντες,
1672 1745 1703 1772 οὐ
1725 1744 1772 1771 δύο

987 1805 1033 1832 καὶ
1047 1804 1099 1831 ἀνὰ
1120 1802 1201 1838 μέρος
1217 1800 1300 1831 υἱοὺς,
1320 1798 1412 1825 καινὸν
1428 1796 1539 1831 ἔχοντας
1558 1794 1644 1841 ὕνομα
1656 1793 1697 1841 τὸ,
1711 1792 1788 1841 ξριῐ.

987 1851 1048 1882 στος
1067 1837 1181 1885 Ἰησοῦς,
1196 1845 1426 1882 ὲνηνθρωπηκότα
1438 1842 1467 1868 δὲ
1485 1841 1585 1877 μᾶλλον
1599 1839 1645 1866 τὸν
1659 1837 1786 1889 εις-Θεοῦ

987 1896 1073 1929 Λόγον
1099 1883 1362 1927 κατασημαίνουσιν,
1389 1887 1527 1922 ἀνταίρειν
1566 1883 1645 1920 οἶμαι
1672 1883 1778 1934 τῶν

988 1940 1157 1977 φρονούντων
1177 1938 1290 1965 οὐδένα·
1306 1935 1353 1962 καὶ
1368 1934 1408 1965 τὸ,
1430 1933 1469 1959 ἔτι
1494 1932 1616 1967 μακροὺς
1637 1929 1702 1963 περὶ
1720 1929 1779 1954 τού-

986 1997 1040 2014 των
1059 1987 1132 2023 ἡμᾶς
1153 1984 1312 2018 ἀντεξάγειν
1329 1981 1426 2015 λόγους
1442 1979 1509 2026 πρὸς
1523 1979 1588 2026 τοῖς
1599 1977 1779 2026 ἠδη-γεγενη-

990 2022 1090 2069 μένοις,
1106 2030 1232 2067 περιττδν
1247 2027 1323 2064 οἶμαί
1339 2035 1401 2054 που.
1418 2025 1492 2060 Πλὴν
1507 2025 1532 2051 εἰ
1547 2024 1604 2054 τοῖς
1617 2022 1780 2074 πρὸς-ἡμων

988 2081 1038 2107 οὐκ
1056 2078 1190 2112 ἀναπείθῃ
1205 2077 1306 2111 λόγοις,
1322 2074 1360 2105 εἷς
1374 2082 1405 2108 γε
1426 2072 1457 2098 τὸ
1474 2071 1582 2098 ἑλέσθαι
1601 2069 1723 2118 φρονεῖν,
1741 2069 1780 2118 ὅτι

989 2128 1041 2154 κᾶν
1063 2126 1187 2160 λέγωμεν
1211 2123 1294 2158 σαρκὶ
1320 2119 1486 2148 πεπονθέναι
1509 2118 1542 2144 Bt‘
1562 2118 1640 2152 ἡμᾶς
1664 2116 1710 2141 τὸν
1732 2116 1778 2140 τοῦ

989 2172 1057 2201 Θεοῦ
1080 2171 1178 2205 Λόγον,
1202 2169 1296 2203 ἀπαθῆ
1320 2168 1367 2194 καὶ
1390 2166 1462 2193 οὕτω
1481 2164 1618 2200 τηροῦμεν
1643 2162 1726 2190 αὐτὸν
1744 2161 1779 2192 ὼς

990 2221 1072 2247 Θεὸν·
1091 2219 1142 2245 κᾶν
1158 2217 1223 2252 γοῦν
1238 2217 1298 2247 ταῖς
1316 2213 1430 2241 σεαυτοῦ
1448 2211 1561 2247 χαρίζου
1577 2210 1690 2244 φωναῖς,
1707 2208 1738 2234 τὸ
1751 2205 1778 2233 εὖ

992 2265 1160 2301 πεποιῆσθαι
1177 2263 1276 2290 δοκεῖν.
1290 2262 1397 2295 ’Ὠσπερ
1414 2260 1468 2294 γὰρ
1491 2259 1505 2285 ὁ
1519 2257 1662 2307 ἄνθρωπον
1686 2254 1778 2307 εἰπὼν,

993 2314 1163 2348 συνεσῆμανε
1180 2309 1219 2345 τῷ
1232 2307 1339 2343 σώματι
1355 2307 1402 2342 τὴν
1417 2305 1515 2341 ψυχὴν,
1531 2303 1618 2330 καίτοι
1635 2302 1684 2337 τὴν
1703 2302 1780 2348 φύσιν

992 2346 1169 2396 ὑπάρχουσαν
1190 2355 1325 2392 ἑτεροφυᾶ
1343 2353 1407 2388 παρ’
1427 2352 1502 2382 αὐτο,
1525 2350 1576 2399 κάν
1590 2350 1615 2375 εί
1631 2348 1739 2399 λέγοιτο
1752 2346 1781 2372 τὸ

991 2408 1039 2436 τοῦ
1061 2407 1147 2437 δεῖνος
1164 2403 1244 2439 σῶμα
1258 2401 1339 2436 τυχὸν
1362 2399 1518 2429 ἀποθανεῖν,
1541 2397 1609 2427 ὅλως
1633 2397 1713 2421 τοῦτο
1737 2401 1781 2419 πε-

994 2453 1099 2484 πονθὼς
1113 2453 1127 2478 ὀ
1150 2450 1293 2484 ἅνθρωπος
1314 2446 1394 2474 νοοῖτ“
1412 2445 1445 2471 ἂν
1469 2443 1597 2474 εἰκότως,
1621 2441 1713 2467 καίτοι
1733 2439 1777 2465 θα-

993 2502 1075 2528 νάτου
1091 2499 1140 2525 οὐκ
1156 2497 1225 2532 ἔχων
1244 2494 1371 2529 δεκτικὴν
1391 2492 1440 2527 τὴν
1459 2490 1562 2525 ψυχήν·
1580 2488 1652 2515 οΰτω
1673 2487 1722 2513 καὶ
1739 2486 1780 2512 ἐπὶ

993 2547 1040 2574 τοῦ
1058 2546 1166 2573 πάντων
1181 2542 1260 2578 ἡμῶν
1279 2540 1405 2575 Σωτῆρος
1423 2537 1553 2572 Χριστοῦ.
1572 2534 1682 2568 Ἐπειδὴ
1704 2532 1754 2568 γὰρ
1767 2532 1781 2557 ό

993 2594 1025 2620 ἐκ
1038 2592 1105 2620 Θεοῦ
1120 2590 1224 2624 Πατρός
1240 2587 1337 2621 Λόγος,
1351 2584 1423 2612 καθὰ
1444 2581 1604 2612 πλειστάκις
1620 2580 1780 2615 εἰρήκαμεν,

994 2639 1162 2674 μετέσχηκεν
1178 2636 1294 2671 αἵματος
1308 2633 1355 2660 καὶ
1370 2631 1470 2667 σαρκὸς
1486 2626 1688 2674 παραπλησίως
1699 2625 1780 2674 ημῖν,

994 2670 1116 2719 σῶμάδτε
1133 2683 1198 2710 ἴδιον
1212 2670 1364 2714 ἐποιήσατο
1379 2677 1408 2703 τὸ
1424 2677 1456 2702 ὲκ
1471 2676 1520 2709 τῆς
1537 2673 1617 2708 ἁγίας
1634 2670 1779 2722 Παρθένου,

993 2730 1181 2766 κεχρημάτικέ
1206 2736 1235 2754 τε
1258 2725 1331 2752 οὕτω
1347 2723 1395 2750 καὶ
1419 2721 1476 2753 υἱὸς
1501 2718 1660 2771 ἀνθρώπρυ-
1683 2718 1779 2771 ταύτης

993 2777 1074 2803 ’ἑνεκα
1097 2775 1148 2810 τῆς
1172 2774 1263 2805 αἰτίας
1281 2769 1473 2804 ἀποθανούσης
1490 2767 1572 2794 αὑτοῦ
1596 2767 1645 2799 τῆς
1666 2767 1779 2798 σαρκὸς,

994 2823 1069 2859 αὖτῷ
1085 2823 1132 2858 μὲν
1149 2821 1179 2848 τι)
1196 2820 1281 2851 πάθος
1294 2821 1307 2846 ὁ
1325 2818 1374 2853 τῆς
1389 2814 1505 2851 ἀληθοῦς
1528 2813 1654 2846 ἑνότητος
1671 2810 1782 2837 ἀνάπτει
