1886 3056
106 169 164 198 ελδ

648 171 836 200 ADVERSUS
854 168 1060 200 NESTORIUM
1082 170 1145 198 LIB.
1168 170 1198 198 ν.

1695 169 1748 198 2ιῦ

107 227 200 260 λόγος·
217 226 271 260 ἔξω
287 235 319 261 γε
337 227 391 262 μὴν
409 225 463 254 οἶδε
481 227 721 264 μεμενηκότα-τοῦ
739 228 847 262 παθεῖν,

1004 228 1081 256 tmvis
1106 227 1275 255 illud‘extra
1294 226 1447 261 passionem
1475 225 1608 254 mansisse
1633 227 1748 256 noverit.

108 274 158 300 καὶ
172 273 239 305 Θεός
254 273 313 300 ἐστι
333 274 405 300 κατὰ
423 275 504 308 φύσιν
527 274 573 301 καὶ
591 273 659 310 ζωή.
680 275 735 302 Καὶ
750 274 816 310 γοῦν
830 275 844 301 ό
862 274 906 301 θε-

108 318 222 350 σπέσιος
237 318 343 353 Πέτρος
355 319 485 355 τοιαύτην
496 320 560 354 ἡμῖν
572 320 734 355 παρατιθεὶς
755 321 806 356 τὴν
822 329 907 356 μυστ-

108 364 244 398 αγωγίαν,
265 361 317 391 ὧδέ
339 365 376 400 πή
398 374 465 401 φησι
485 366 549 401 περὶ
568 366 649 392 αὑτοῦ
663 367 719 398 τοῖς
734 367 907 394 πιστεύουσιν

108 410 151 441 εἰς
167 410 266 436 αὐτόν·
286 420 296 437 ι
314 411 363 438 ’ον
379 411 430 437 οὐκ
452 411 553 444 εἰδότες
573 412 700 446 ἀγαπᾶτε
711 421 718 427 ·
734 413 774 444 εὶς
797 412 827 439 ὃν
845 412 907 449 ἄρτι

110 456 149 490 μὴ
171 456 301 491 ὁρῶντες,
314 457 491 489 πιστεύοντες
504 457 543 489 δὲ,
559 458 725 493 ἀγαλλιᾶσθε
741 459 813 494 χαρᾷ
828 459 908 485 dvex—

109 501 221 538 λαλήτῳ
233 503 283 529 καὶ
302 502 497 539 δεδοξασμένῃ,
512 505 691 540 κομιζόμενοι
718 504 748 531 τὸ
765 505 842 536 τέλος
856 504 907 539 τῆς

109 548 246 581 πίστεως,
270 549 410 584 σωτηρίαν
432 549 538 586 ψυχῶν.
562 551 630 586 Περὶ
651 549 685 587 ἦς
709 551 848 587 σωτηρίας
864 551 908 583 ἐξα

108 591 252 629 εζήτησαν
269 594 318 621 καὶ⁸
332 593 519 630 ἐξηρεύνησαν
529 595 679 631 προφῆται,
694 597 717 622 οἱ
731 596 795 631 περὶ
807 596 855 631 τῆς
866 596 908 627 εἰς

108 639 186 674 ἡμᾶς
201 640 313 675 χάριτος
336 640 587 676 προφητεύσαντες,
601 642 766 677 ἐρευνῶντες
779 642 819 674 εἰς
835 642 905 675 τίνα,

109 684 127 719 ἢ
145 686 222 712 ποῖον
237 686 333 722 καιρὸν
346 686 442 722 ἐδήλου
454 686 484 713 τὸ
500 687 529 713 ἐν
540 687 633 720 αὐτοῖς
647 688 760 723 Πνεῦμα
775 687 906 723 Χριστοῦ,

110 732 376 768 προμαρτυρόμενον
390 733 424 760 τὰ
441 733 481 764 εἰς
492 733 610 768 Χριστὸν
621 733 782 769 παθήματα,
797 734 844 760 καὶ
858 734 908 765 τὰς

111 778 183 812 μετά
191 778 279 805 ταῦτα
292 779 387 811 δόξεις⁸
402 777 443 810 οἷς
454 779 647 814 ἀπεκαλύφθη,
665 780 704 806 ὅτι
718 779 767 815 οὐχ
787 780 905 812 ἑαυτοῖς,

108 823 178 858 ἡμῖν
190 824 219 850 δὲ
233 824 377 859 διηκόνουν
403 823 484 857 αὐτὰ,
507 824 525 851 ἃ
544 825 592 851 νῦν
609 825 676 861 ἡμῖν
698 825 838 861 ἀνηγγέλη
863 825 907 852 διὰ

111 869 166 896 τῶν
191 871 451 906 εὐαγγελισαμένων
473 871 546 906 ἡμᾶς
569 871 638 906 (38),
668 871 809 906 Πνεύματι
836 872 907 907 ἁγίῳ

110 917 295 947 ἀποσταλέντι
313 917 361 944 ἀπ’
375 917 502 953 οὐρανοῦ,
514 918 554 949 εἰς
567 917 584 944 ἆ
599 917 779 952 ἐπιθυμοῦσιν
795 917 907 952 ἄγγελοι

112 964 287 1000 παρακύψαι,
299 973 308 990 ι
328 964 450 995 Ἀκούεις
465 964 538 995 ὅπως
555 964 584 990 τὺ
599 963 712 999 Πνεῦμα
723 962 842 1000 Χριστοῦ
860 963 908 990 καὶ

111 1011 143 1036 ὲν
163 1012 219 1042 τοῖς
241 1011 331 1045 ἁγίοις
355 1011 509 1047 προφήταις
524 1009 568 1046 ἦν,
595 1008 858 1046 προανακεκράγασι
879 1009 907 1036 δὲ

111 1056 147 1083 τὰ
165 1057 206 1088 είς
221 1057 340 1092 Χριστὸν
354 1057 516 1093 παθήματα,
540 1057 588 1083 καὶ
604 1056 654 1088 τὰς
672 1057 740 1092 μετὰ
759 1056 846 1083 ταῦτα
862 1055 908 1082 δό-

113 1101 178 1136 Eas;
191 1100 256 1138 Ἆρ’
275 1100 323 1130 οὖν
340 1103 376 1135 ὠς
398 1103 542 1139 ἄνθρωπον
557 1102 650 1134 ἁπλῶς
667 1103 737 1137 ὑπὲρ
759 1102 838 1137 ἡμῶν
860 1110 909 1128 πε-

113 1149 233 1176 πονθότα
256 1149 296 1184 τῷ
319 1150 418 1188 κόσμῳ*
431 1149 673 1184 διακηρύττοντες;
689 1149 736 1176 καὶ
752 1148 832 1175 τοῦτό
848 1149 908 1175 ἐστι

114 1195 145 1222 τὸ
160 1196 311 1231 μυστήριον
329 1196 360 1223 τὸ
373 1196 418 1223 διὰ
432 1195 486 1222 τῶν
504 1195 589 1229 ἁγίων
603 1194 682 1230 ἡμῶν
696 1193 855 1221 ἀποστόλων
877 1203 907 1221 τε

115 1243 163 1269 καὶ
177 1243 381 1277 εὖαγγελιστῶν
406 1243 436 1269 ἐν
456 1243 547 1270 πίστει
571 1242 767 1278 δεδωρημένον,
794 1242 841 1268 καὶ
868 1243 908 1273 εἰς

114 1289 201 1317 ταῦτα
225 1289 388 1324 παρακύψαι
404 1290 488 1323 φησιν
508 1288 651 1324 ἐπιθυμεῖν
665 1289 729 1320 τοὺς
753 1288 906 1322 ἁγγέλουςς

116 1334 212 1362 Καίτοι
226 1333 285 1365 πῶς
300 1334 350 1360 οὐκ
366 1333 520 1369 ἀπόϐλητος
532 1333 575 1369 εἴη
591 1333 634 1366 ἂν,
646 1334 660 1359 ὁ
676 1333 757 1368 μέχρι
772 1332 803 1367 δὴ
820 1332 908 1367 μόνων

114 1379 168 1406 τῶν
182 1379 234 1413 τῆς
248 1379 461 1414 ἁνθρωπότητος
474 1379 545 1414 ὅρων
559 1379 608 1414 τὴν
624 1378 670 1405 τοῦ
694 1378 845 1414 μυστηρίου
863 1378 910 1404 δύ-

116 1433 195 1461 ναμιν
213 1425 386 1452 κατακλείειν
409 1424 573 1460 ἐπιχειρῶν;
595 1424 680 1456 Αὐτὸς
704 1433 713 1449 ‹
728 1425 742 1451 ὁ
762 1425 791 1450 ἐν
816 1425 907 1460 μορφῇ

117 1471 162 1499 τοῦ
176 1471 245 1498 Θεοῦ
262 1472 310 1498 καὶ
326 1470 433 1506 Πατρός
458 1471 589 1505 ὑπάρχων
605 1469 671 1500 Θεὸς
693 1469 780 1504 Λόγος
793 1489 800 1501 ,
827 1469 908 1496 κεκέ-

117 1525 200 1544 νωκεν
224 1517 332 1549 ἐαυτὸν,
347 1516 455 1551 μορῳὴν
469 1515 563 1542 δούλου
583 1514 683 1548 λαϐὼν,
700 1516 747 1541 καὶ
766 1515 816 1551 τὴν
838 1515 910 1542 κατὰ

117 1564 206 1600 σάρκα
221 1563 349 1598 γέννησιν
373 1562 566 1598 ὑπομεμενηκε
585 1562 620 1588 δι⁸
643 1563 718 1597 ἡμᾶς
730 1571 737 1577 ⁸
759 1563 841 1594 αὐτὸς
860 1563 908 1589 πὲ-
922 1579 944 1608 c

117 1609 213 1640 τωνθεν
230 1609 302 1644 ὑπὲρ
319 1608 398 1644 ἡμῶν
415 1609 448 1644 τῇ
470 1608 523 1642 ἰδίᾳ.
538 1608 630 1643 σαρκὶ,
647 1608 695 1634 καὶ
712 1607 812 1635 ἀνεϐίω
827 1608 908 1636 πάλιν

116 1653 154 1686 ὡς
175 1655 259 1687 Θεὸς,
277 1653 402 1685 κενώσας
421 1653 466 1680 τὸν
489 1653 565 1689 ᾆδην,
591 1653 638 1679 καὶ
658 1652 778 1688 εἰρηκὼς
799 1655 857 1686 τοῖς
880 1655 909 1681 ἐν

116 1699 240 1735 δεσμοῖς·
255 1710 264 1726 ι
277 1699 431 1732 Ἐξέλθετε’
442 1699 490 1726 καὶ
502 1700 558 1730 τοῖς
571 1699 600 1725 ἐν
610 1698 650 1734 τῷ
666 1698 757 1725 σκότει
770 1707 777 1714 ·
796 1699 910 1726 Ἀνακα-

117 1744 245 1780 λύφθητε.
254 1754 262 1770 ι
278 1744 311 1772 Τί
324 1744 412 1771 τοίνυν
432 1742 596 1779 ἀνατρέπειν
610 1744 762 1779 ἐπιχειρεῖς
776 1743 825 1779 τὴν
838 1743 910 1771 οὕτω

117 1791 219 1826 σεπτὴν
235 1790 283 1818 καὶ
297 1790 463 1825 ἀξιάγαστον
478 1790 646 1826 οἰκονομίαν,
661 1790 695 1817 δι’
708 1787 742 1826 ἧς
759 1791 807 1817 καὶ
824 1791 910 1818 σεσώ-

117 1837 218 1872 opaea,
233 1838 282 1864 καὶ
297 1837 398 1869 παντὸς
414 1837 479 1863 εῖσω
494 1836 646 1871 γεγόναμεν
660 1835 782 1870 imiimi;
801 1836 833 1862 Ti
855 1837 910 1872 γὰρ

116 1883 150 1910 δι’
162 1884 249 1918 αὐτῆς
264 1883 462 1918 ἐκερδάναμεν,
476 1883 538 1919 εἴσῃ
545 1891 586 1910 τοι
600 1883 648 1909 καὶ
661 1882 734 1918 μάλα
748 1882 852 1917 σαφῶς,
862 1883 911 1909 ὡδὶ

116 1929 286 1966 γεγραφότος
299 1929 346 1955 τοῦ
362 1928 498 1964 μακαρίου
516 1928 623 1957 Παύλου
634 1935 640 1940 ·
661 1938 670 1954 ‹
686 1929 740 1955 Καὶ
754 1929 830 1964 ἡμᾶς
845 1937 911 1955 ποτε

116 1975 198 2007 ιντας
221 1974 517 2010 ἀπηλλοτριωμένους,
543 1975 590 2001 καὶ
615 1974 731 2010 ἐχθροὺς
752 1976 786 2010 τῇ
805 1975 911 2011 διανοίᾳ

117 2023 147 2049 ἰν
160 2023 215 2054 τοῖς
237 2022 329 2057 ἔργοις
342 2023 399 2053 τοῖς
413 2022 550 2057 πονηροῖς,
564 2021 622 2047 νυνὶ
635 2020 664 2047 δέ
687 2020 910 2056 ἀποκατήλλαξεν

118 2069 148 2094 ἐν
161 2068 202 2103 τῷ
218 2067 326 2103 σώματι
343 2067 394 2102 τῆς
417 2067 518 2102 σαρκὸς
534 2067 626 2095 αὑτοῦ,
644 2066 689 2093 διὰ
713 2066 761 2093 τοῦ
779 2066 909 2099 θανάτου,

118 2114 296 2150 παραστῆσαι
316 2115 391 2150 ἡμᾶς
405 2114 498 2148 ἁγίους
509 2133 518 2146 ,
543 2114 590 2140 καὶ
605 2113 748 2148 ἀμώμους,
761 2113 810 2139 καὶ
830 2113 911 2147 ἀνεγ-

119 2159 236 2195 κλήτους
251 2160 311 2186 κατ’
327 2159 444 2186 ἐνώπιον
457 2157 552 2192 αὑτοῦ,
566 2159 593 2186 εί
605 2167 636 2193 γε
659 2159 804 2193 ἐπιμένετε
820 2159 853 2194 τῇ
869 2158 912 2185 πί-

120 2214 189 2233 στει.
203 2215 213 2232 ι
239 2205 344 2234 Οὐκοῦν
357 2205 464 2240 ὀνίνησι
483 2205 531 2241 μὲν
546 2206 562 2240 ὴ
580 2205 671 2236 πίστις
686 2205 748 2237 τοὺς
762 2205 911 2232 ἀσάλευτον

120 2252 204 2288 αὐτὴν
226 2252 371 2287 ἑλομένους
387 2252 480 2288 τηρεῖν
491 2259 499 2267 ⁸
515 2251 619 2286 ὀνίνησι
635 2251 663 2277 δὲ
685 2251 756 2277 κατὰ
772 2250 833 2277 τίνα
847 2253 911 2286 τρό-
928 2265 950 2292 D

119 2304 181 2328 πον,
193 2297 207 2323 ὁ
222 2296 360 2330 advenam;
373 2296 447 2330 ἡμᾶς
466 2295 592 2331 Ἰωάννης
609 2295 787 2328 πιστώσεται,
805 2295 909 2330 λέγων’

123 2351 137 2367 ι
147 2342 196 2372 Τίς
210 2341 239 2368 δέ
255 2342 329 2368 ἐστιν
344 2341 453 2369 ὸννικῶν
466 2341 511 2369 τὸν
525 2342 637 2376 κόσμον,
652 2342 675 2368 εἰ
692 2341 730 2376 μὴ
744 2342 757 2368 ό
773 2342 910 2369 πιστεύων

119 2387 160 2414 ὅτι
178 2387 282 2422 Ἰησοῦς
301 2387 377 2413 ἐστιν
402 2387 415 2413 ό
439 2387 502 2418 Υἱὸς
524 2387 571 2413 τοῦ
595 2386 678 2420 Geo-3;
695 2383 780 2419 Οὗτός
806 2387 880 2414 ἐστιν
896 2389 910 2414 ό

120 2432 204 2459 ἐλθὼν
217 2433 250 2460 δι’
265 2432 360 2465 ὓδατος
377 2433 424 2460 καὶ
441 2433 568 2468 αἵματος,
590 2433 695 2468 Ἰησοῦς
711 2433 843 2468 Χριστός·
860 2435 912 2462 οὐκ

121 2479 149 2504 ἐν
165 2479 203 2514 τῷ
220 2478 298 2505 ὕδατι
314 2479 405 2514 μόνον,
417 2478 473 2505 ἀλλ’
485 2479 514 2505 ἐν
525 2479 564 2514 τῷ
579 2479 655 2505 ὕδατι
669 2479 716 2506 καὶ
736 2479 832 2515 αἵματι
842 2488 849 2494 ·
865 2481 912 2507 καὶ

119 2525 149 2551 τὸ
171 2525 284 2560 ι]νεῦμὰ
299 2526 374 2551 ἐστιν
389 2526 406 2560 ἡ
421 2524 550 2560 ἀλήθεια,
570 2525 610 2550 ὅτι
634 2526 708 2559 τρεῖς
729 2525 911 2562 μαρτυροῦσι,

119 2571 280 2607 τὸΠνεῦμα,
294 2571 325 2598 τὺ
339 2571 423 2607 ὕδωρ,
438 2571 486 2598 καὶ
497 2571 527 2597 τὺ
538 2567 617 2606 αἷμα.
634 2571 689 2597 Καὶ
706 2572 731 2598 οἱ
747 2573 822 2607 τρεῖς
835 2572 866 2598 τὸ
879 2573 915 2599 ἐν,

156 2664 174 2680 ¹¹
194 2663 201 2690 Ι
216 2663 291 2691 Petr.
308 2671 328 2696 ι,
346 2662 426 2692 8-12.

958 284 1019 304 cum
1035 279 1063 304 et
1077 276 1148 303 Deus
1161 276 1196 303 sit
1208 276 1356 303 secundum
1372 279 1508 306 naturam,
1523 278 1550 301 et
1565 273 1630 300 vita.
1655 273 1749 308 Itaque

957 322 1053 350 beatus
1080 322 1176 350 Petrus
1196 329 1258 350 cum
1286 321 1421 356 ejusmodi
1448 320 1570 356 mysterii
1597 319 1749 347 doctrinam

959 369 1037 396 nobis
1047 372 1221 402 proponeret,
1235 367 1274 395 sic
1288 367 1344 394 fere
1358 367 1392 395 de
1404 366 1448 394 illo
1460 366 1486 393 in
1500 374 1561 393 eum
1576 365 1750 393 credentibus

958 415 1023 442 dicit
1038 422 1046 442 :
1065 424 1074 440 ι
1091 414 1176 447 Quem
1195 421 1256 441 cum
1272 421 1325 440 non
1342 413 1463 441 videritis
1479 412 1601 447 diligitis,
1624 412 1652 439 in
1668 419 1748 447 quem

958 468 1030 488 nunc
1051 468 1159 495 quoque
1177 468 1229 488 non
1253 461 1374 488 videntes
1392 458 1502 487 creditis
1515 479 1522 491 ,
1536 459 1679 486 credentes
1700 465 1750 485 au-

959 512 1012 535 tem
1037 507 1180 535 exsultatis
1202 507 1293 534 laetitia
1319 505 1492 533 inenarrabili
1513 505 1590 541 142
1604 509 1632 532 et
1647 504 1749 540 gloriﬁ-

958 558 1031 585 cata.
1046 557 1217 588 reportantes
1231 553 1311 580 ﬁnem
1327 553 1387 579 ﬁdei
1402 557 1509 584 vestrm,
1523 551 1636 579 salutem
1649 551 1750 578 anima‘

959 606 1018 625 rum
1037 602 1198 626 vestrarum.
1227 598 1263 625 De
1276 605 1327 632 qua
1340 598 1455 626 salutem
1470 597 1656 632 exquisierunt
1668 601 1750 631 atque

958 644 1072 672 scrutati
1104 648 1167 671 sunt
1195 644 1352 679 prophetae.
1369 643 1415 678 qui
1440 643 1474 671 de
1504 643 1593 670 futura
1621 643 1648 670 in
1673 642 1750 669 vobis

959 690 1045 725 gratia
1077 690 1310 725 prophetavernut
1334 699 1342 722 ;
1369 694 1521 718 scrutantes
1547 689 1574 716 in
1602 688 1674 724 quod
1708 688 1750 716 vel

958 735 1038 770 quale
1061 739 1167 770 tempus
1192 734 1360 769 signiﬁcaret
1381 735 1408 761 in
1428 734 1468 762 eis
1491 734 1609 768 Spiritus
1636 734 1749 766 Christi,

959 780 1145 815 pranuntians
1164 788 1195 808 ea
1213 788 1273 815 qua:
1288 781 1314 807 in
1340 780 1449 808 Christo
1472 785 1538 808 sunt
1561 781 1701 815 passiones
1723 784 1752 807 et

959 827 1123 861 posteriores
1136 826 1234 862 glorias
1252 835 1260 860 ;
1276 826 1374 861 quibus
1391 826 1538 854 revelatum
1554 832 1604 860 est,
1619 827 1681 861 quia
1696 833 1749 854 non

958 871 1145 906 sibimetipsis,
1160 871 1238 898 nobis
1251 876 1340 898 autem
1357 872 1547 898 ministrabant
1561 879 1592 899 ea
1605 879 1665 907 qua:
1677 879 1750 899 nunc

959 917 1036 945 vobis
1062 917 1184 944 nuntiata
1201 921 1264 945 sunt
1278 915 1330 952 per
1353 924 1400 944 eos
1428 917 1473 952 qui
1492 917 1750 953 evangelizaverunt

959 963 1036 991 vobis
1051 963 1151 998 Spiritu
1169 967 1263 991 sancto
1281 963 1364 991 misso
1377 963 1410 990 de
1425 963 1505 996 cudo,
1518 964 1544 991 in
1563 971 1623 998 quae
1641 963 1750 992 deside-

959 1015 1020 1037 rant
1031 1010 1118 1045 angeli
1135 1009 1288 1044 prospicere
1302 1009 1334 1036 ".
1356 1019 1366 1035 ι
1382 1009 1467 1036 Audis
1479 1015 1507 1036 ut
1522 1009 1638 1044 Spiritus
1648 1009 1751 1038 Christi

959 1056 985 1084 in
1007 1056 1107 1084 sanctis
1131 1056 1271 1092 praphetis
1293 1056 1391 1088 fuerit,
1409 1061 1491 1091 utque
1513 1056 1550 1083 illi
1575 1056 1752 1091 praedixerint

958 1110 1006 1130 eas
1032 1102 1133 1138 quaein
1156 1101 1265 1130 Christo
1291 1106 1354 1130 sunt
1384 1102 1525 1138 passiones
1537 1107 1565 1130 et
1584 1102 1751 1137 posteriores

959 1148 1059 1184 glerias
1075 1148 1087 1175 ?
1102 1147 1177 1176 Itane
1193 1148 1268 1183 quasi
1284 1147 1420 1176 hominem
1439 1149 1589 1184 simplicem
1609 1157 1659 1184 pro
1673 1149 1751 1177 nobis

959 1203 1067 1230 passum
1080 1195 1139 1222 orbi
1160 1195 1338 1230 prredicarent
1351 1195 1363 1222 2
1376 1195 1455 1230 idque
1471 1200 1514 1223 est
1527 1196 1685 1232 mysterium
1701 1203 1751 1230 per

960 1245 1069 1268 sanctos
1092 1240 1226 1275 apostolos
1242 1244 1269 1267 et
1286 1241 1466 1277 evangelislas
1478 1241 1505 1268 in
1521 1241 1573 1269 ﬁde
1595 1242 1686 1270 datum
1697 1263 1704 1274 .
1721 1247 1751 1270 et

960 1287 986 1313 in
1001 1287 1068 1319 iure,
1081 1286 1167 1320 inquit
1183 1286 1338 1314 desiderare
1348 1286 1457 1321 angelos
1471 1287 1626 1323 prospicere
1638 1288 1650 1314 ?
1666 1288 1750 1323 Atqui

959 1332 1094 1366 quomodo
1106 1340 1158 1359 non
1179 1331 1214 1359 sit
1228 1332 1406 1366 repudiandus
1419 1333 1464 1368 qui
1482 1333 1535 1360 vim
1559 1333 1627 1360 tanti
1649 1337 1750 1369 mystc-

960 1378 992 1404 rii
1002 1377 1028 1404 in
1040 1377 1106 1405 solis
1118 1377 1295 1405 humanitatis
1307 1378 1430 1406 terminis
1444 1378 1606 1407 concludere
1617 1379 1751 1407 conatur?

959 1422 1020 1458 Ipse
1033 1432 1042 1450 ι
1057 1424 1103 1459 qui
1115 1424 1142 1450 in
1160 1422 1248 1450 forma
1261 1422 1307 1450 Dei
1323 1428 1351 1451 et
1361 1423 1448 1452 Patris
1463 1428 1524 1452 erat
1535 1424 1606 1452 Deus
1618 1424 1750 1457 Verbum.

959 1470 1107 1497 exinanivit
1123 1471 1295 1506 semetipsum
1308 1471 1441 1503 ,l'ormam
1461 1471 1531 1498 servi
1544 1471 1678 1506 accipiens
1689 1471 1721 1503 η,
1741 1481 1750 1496 ι

960 1521 987 1543 et
1006 1515 1078 1543 illam
1096 1516 1244 1545 secundum
1273 1524 1383 1544 carnem
1399 1517 1569 1545 nativitatem
1596 1517 1679 1545 subiit
1703 1524 1753 1552 pro

961 1561 1055 1592 nobis,
1076 1561 1132 1595 ipse
1154 1568 1248 1596 passus
1274 1566 1315 1589 est
1334 1569 1383 1596 pro
1412 1561 1490 1590 nobis
1519 1562 1627 1597 propria
1650 1570 1752 1595 carne,

961 1611 989 1635 et
1007 1607 1104 1635 iterum
1126 1612 1156 1634 ut
1173 1608 1245 1635 Deus
1270 1607 1381 1640 revixit,
1397 1607 1534 1635 evacuatis
1559 1607 1664 1640 inferis,
1690 1614 1751 1635 cum

961 1653 1074 1681 dixisset
1088 1662 1100 1678 ι
1110 1653 1143 1680 iis
1155 1653 1201 1688 qui
1214 1653 1242 1681 in
1254 1653 1368 1681 vinculis
1381 1658 1461 1681 erant
1474 1662 1482 1681 :
1502 1653 1580 1681 Exite
1595 1663 1602 1687 ;
1621 1658 1648 1681 et
1661 1653 1695 1681 iis
1706 1654 1753 1688 qui

961 1699 990 1727 in
1006 1698 1127 1727 tenebris
1138 1703 1216 1726 erant
1231 1708 1238 1726 :
1255 1699 1423 1727 Revelamini
1435 1700 1467 1726 ".
1488 1708 1497 1725 ι
1511 1698 1567 1727 Cur
1579 1699 1662 1734 igitur
1676 1707 1754 1728 ever-

962 1750 1020 1774 tere
1039 1746 1142 1774 moliris
1167 1746 1394 1781 dispensationem
1417 1746 1484 1773 adeo
1506 1750 1647 1781 augustam
1672 1750 1754 1780 atque

961 1791 1148 1819 admirabilem
1159 1810 1166 1824 ,
1182 1799 1231 1826 per
1245 1798 1326 1826 quam
1344 1791 1411 1818 salvi
1426 1790 1489 1818 facti
1507 1798 1615 1823 sumus,
1631 1794 1659 1818 et
1673 1797 1755 1818 omna

961 1836 1062 1864 bonum
1088 1836 1253 1864 consecuti?
1278 1836 1346 1870 Quid
1373 1838 1444 1864 enim
1472 1836 1557 1871 ipsius
1581 1844 1632 1871 ope
1658 1836 1753 1864 lucrati

962 1883 1057 1915 simus,
1073 1882 1243 1918 apertissime
1255 1889 1404 1918 cognosces
1415 1890 1448 1910 ex
1461 1883 1541 1910 beato
1553 1881 1636 1910 Paulo
1652 1883 1698 1917 qui
1713 1883 1755 1911 sie

962 1929 1071 1965 scripsit
1087 1938 1094 1956 :
1113 1938 1122 1955 ι
1142 1928 1175 1956 Ει
1187 1937 1235 1956 nos
1249 1937 1310 1957 cum
1327 1936 1448 1957 essemus
1467 1929 1593 1963 alienati,
1605 1934 1633 1957 et
1651 1929 1754 1957 inimici

962 1983 1054 2009 sensu,
1072 1975 1097 2002 in
1112 1975 1240 2010 operibus
1254 1975 1353 2002 malis:
1368 1982 1440 2002 llllllc
1459 1979 1548 2002 autem
1571 1974 1755 2003 reconciliavit

963 2020 990 2046 iu
1004 2027 1117 2055 corpore
1128 2019 1218 2047 carnis
1234 2027 1290 2047 sua:
1305 2027 1353 2054 per
1366 2025 1490 2053 mortem,
1504 2024 1535 2047 ut
1546 2019 1687 2047 exhiberet
1705 2027 1754 2047 nos

963 2070 1071 2094 sanctos
1087 2071 1115 2094 et
1136 2066 1324 2094 immaculatos
1341 2071 1369 2093 et
1387 2066 1640 2101 irreprehensibiles
1659 2073 1752 2094 coram

963 2113 1021 2147 ipso
1037 2122 1044 2141 :
1062 2113 1084 2140 si
1101 2118 1190 2140 tamen
1212 2113 1377 2146 permanetis
1393 2113 1419 2140 in
1439 2112 1490 2140 ﬁde
1504 2113 1538 2139 η.
1555 2121 1565 2138 ι
1589 2112 1661 2146 Ergo
1685 2112 1752 2140 ﬁdes

963 2159 1071 2194 quidem
1084 2159 1160 2192 juvat
1173 2166 1220 2186 eos
1241 2159 1288 2194 qui
1305 2158 1376 2186 illam
1401 2158 1506 2185 ﬁrmam
1523 2165 1633 2186 servare
1652 2162 1754 2186 statue-

964 2206 1018 2232 rint
1034 2213 1041 2238 ;
1058 2205 1104 2232 sed
1127 2205 1262 2240 quomodo
1283 2205 1375 2240 juvet,
1397 2204 1492 2232 beatus
1509 2203 1629 2232 Joannes
1655 2205 1754 2232 asserit

965 2259 1025 2278 cum
1050 2252 1138 2279 dicit:
1155 2260 1165 2277 ‹
1179 2251 1247 2284 Quis
1268 2256 1359 2278 autem
1379 2257 1420 2278 est
1438 2251 1484 2285 qui
1507 2251 1592 2278 vincit
1612 2251 1753 2283 mundum,

965 2298 1016 2325 nisi
1028 2299 1072 2333 qui
1092 2298 1178 2326 credit
1193 2297 1266 2333 quod
1277 2297 1356 2325 Jesus
1378 2301 1421 2325 est
1440 2296 1526 2324 Filius
1546 2297 1616 2325 Dei?
1640 2297 1690 2325 Hic
1711 2302 1755 2325 est

964 2343 1009 2377 qui
1033 2343 1107 2370 venit
1121 2351 1169 2378 per
1182 2350 1278 2377 aquam
1298 2347 1324 2370 et
1335 2343 1491 2377 sanguinem
1510 2341 1589 2370 Jesus
1604 2337 1730 2370 Christus
1743 2351 1754 2372 :

966 2397 1018 2416 non
1038 2389 1064 2416 in
1081 2397 1149 2424 aqua
1171 2389 1257 2417 solum
1270 2411 1277 2422 ,
1299 2389 1346 2416 sed
1371 2389 1396 2416 in
1424 2397 1494 2423 aqua
1506 2394 1533 2415 et
1549 2390 1691 2424 sanguine.
1721 2389 1755 2416 Et

965 2435 1083 2470 Spiritus
1098 2440 1140 2463 est
1153 2435 1264 2468 veritas,
1282 2435 1344 2470 quia
1366 2440 1421 2462 tres
1440 2434 1518 2470 143
1533 2438 1595 2461 sunt
1611 2434 1658 2469 qui
1675 2435 1754 2462 testi-

966 2481 1086 2509 monium
1104 2481 1266 2516 perhibent,
1284 2481 1417 2516 Spiritus,
1434 2486 1462 2508 et
1479 2488 1566 2515 aqua,
1582 2487 1609 2508 et
1620 2481 1730 2515 sanguis
1742 2489 1754 2508 :

965 2533 993 2555 et
1014 2527 1041 2554 hi
1062 2531 1118 2555 tres
1142 2535 1225 2554 unum
1252 2531 1326 2554 sunt.
1353 2526 1380 2554 Si
1408 2526 1593 2554 testimonium
1615 2526 1754 2553 hominum

965 2573 1128 2608 accipimus,
1146 2572 1330 2601 testimonium
1354 2572 1401 2600 Dei
1427 2572 1515 2607 majus
1542 2577 1585 2599 est
1600 2580 1607 2605 ;
1622 2572 1685 2607 quia
1703 2571 1755 2599 hoc

466 2662 616 2697 uvPhilipp.
634 2670 663 2694 ll,
676 2661 703 2696 6,
722 2662 748 2690 7.
788 2662 809 2678 "
826 2662 876 2691 lsa.
893 2672 967 2696 uix,
989 2664 1014 2691 9.
1055 2663 1076 2680 "
1093 2663 1196 2692 Coloss.
1214 2672 1232 2697 I,
1249 2664 1345 2692 21-25.

751 2739 831 2768 ANT.
853 2740 990 2769 AGELLII
1010 2741 1125 2769 NOT/E.

153 2830 208 2865 (58)
227 2831 274 2858 Sic
292 2829 434 2857 habebant
449 2828 633 2865 codduCyrilli
653 2829 724 2856 hunc
739 2828 828 2856 locum
845 2829 907 2864 Epi-

119 2867 190 2893 stula:
206 2866 301 2894 lbeati
319 2865 395 2892 Petri
412 2870 472 2897 cap.
485 2871 503 2890 ι.
520 2864 652 2891 Caeterum
665 2868 693 2890 et
704 2864 810 2898 vulgata
824 2865 907 2891 editio

118 2899 224 2934 Latina.
237 2907 264 2930 et
284 2900 369 2929 codd.
396 2898 485 2927 Graeci
503 2898 667 2927 Tcstamenli
684 2898 760 2932 Novi,
783 2904 809 2927 ct
832 2899 906 2928 Vati-

962 2838 1048 2858 canus
1061 2833 1146 2868 codex
1164 2832 1370 2866 antiquissimus
1384 2833 1483 2860 habent
1500 2833 1618 2860 secunda
1635 2839 1753 2868 persona

962 2867 1101 2901 ἀνηγγέλη
1118 2867 1182 2901 ὑμῖν
1195 2873 1220 2896 et
1235 2868 1492 2903 εὐαγγελισαμένων
1503 2868 1585 2903 ὑμᾶς.
