1886 3056
158 158 212 187 2"]

655 154 684 182 S.
705 151 842 180 CYRILLI
861 148 1095 178 ALEXANDBIN!
1116 147 1273 176 ARCHIEP.

1739 141 1803 167 258

159 217 202 241 est
223 211 407 240 testimonium
431 210 477 237 Dei
496 210 559 244 quia
577 209 739 237 testiﬁcatus
752 213 795 236 est
823 208 856 235 de
881 207 901 235 F

1055 215 1079 233 ν.
1095 206 1126 232 Εἰ
1140 206 1190 240 τὴν
1205 204 1357 240 μαρτυρίαν
1371 203 1426 229 τῶν
1439 200 1590 236 ἀνθρώπων
1604 198 1797 233 λαμϐάνομεν,

159 267 219 287 suo.
245 259 296 292 Qui
310 258 396 285 credit
415 258 442 284 in
458 257 554 284 Filium
578 256 642 288 Dei,
663 256 744 283 habet
763 254 948 283 testimonium

160 305 186 332 in
199 312 229 332 se
239 304 297 339 ipso
309 311 317 336 ;
333 303 378 338 qui
391 310 443 330 non
456 302 542 330 credit.
553 301 617 335 Deo,
630 303 786 329 mendacem
800 301 864 328 fecit
875 309 947 332 eum,

161 352 206 386 qui
226 358 279 378 non
298 349 383 377 credit
401 349 428 376 in
446 348 628 376 testimonium
647 347 717 382 quod
735 347 894 374 testiﬁcatus
907 351 951 374 est

161 397 194 425 de
209 397 277 423 Filio
291 395 381 423 suo".
401 404 410 420 ι
437 395 496 428 Quo
519 395 598 422 modo
622 398 711 422 autem
739 393 808 421 Deus
823 401 856 421 ac
871 394 950 421 Pater

163 442 323 469 testiﬁcatus
333 441 410 468 sitde
420 441 489 468 Filio
502 448 550 468 suo
560 461 567 474 ,
580 441 677 468 beatus
697 441 815 468 Joannes
829 441 950 476 Baptista

162 488 240 516 nobis
256 487 403 515 declarabit
414 507 421 519 .
437 486 531 514 dicens
545 496 551 513 :
569 496 579 512 ί
599 487 632 514 Et
646 494 697 522 ego
710 486 864 514 nesciebam
876 494 949 518 eum,

163 533 208 561 sed
223 534 267 567 qui
285 533 358 560 misit
373 540 416 560 me
431 533 568 568 baptizare
587 533 614 560 in
629 541 715 568 aqua,
730 533 775 560 ille
785 532 852 560 mihi
864 532 948 560 dixit:

165 579 250 614 Super
279 586 358 614 quem
391 579 492 617 videris
522 578 654 613 Spiritum
684 579 892 606 descendentem
923 583 951 606 ct

163 629 316 652 manentem
338 633 421 660 super
432 633 493 652 eum
505 645 513 657 ,
525 625 568 652 hic
584 629 625 652 est
643 625 688 659 qui
708 623 826 658 baptizat
846 624 871 651 in
887 623 950 658 Spi-

163 670 217 697 ritu
237 675 341 698 sancto.
368 671 402 698 Et
420 679 470 706 ego
487 670 557 702 vidi,
572 675 600 698 et
616 670 796 697 testimonium
817 669 950 704 perhibui,

164 715 227 751 quia
246 717 291 743 hic
313 721 354 744 est
374 716 458 744 Filius
481 716 527 744 Dei
544 716 576 743 ¹⁶.
600 726 611 743 ι
636 715 832 743 Testimonium
862 715 951 749 itaque

164 762 320 795 perhibetur
344 762 458 790 Domino
483 767 576 789 nostro
605 761 668 789 Jesu
694 761 802 789 Christo
821 765 848 788 et
865 761 952 788 Patris

164 815 248 841 voce,
267 808 337 842 quod
357 808 414 842 ejus
427 808 512 835 Filius
524 807 559 835 sit
573 813 667 834 natura
677 812 705 834 et
715 807 863 834 secundum
878 807 950 834 veri-

167 857 248 880 tatem
261 861 269 879 :
283 853 466 881 testimonium
488 860 594 887 quoque
609 851 784 879 nihilominus
797 852 952 887 perhibetur

166 905 235 933 aqua
250 903 278 926 et
292 898 422 934 sanguine
433 903 461 925 et
474 898 578 932 Spiritu
594 905 600 924 :
616 902 644 925 et
654 903 746 925 sancta
761 898 871 933 quidem
883 904 952 932 aqua

166 947 276 977 peccata
297 943 465 972 credentium
485 943 633 978 abstergit,
649 943 767 970 viviﬁcat
795 948 884 970 autem
905 944 954 970 ho-

167 989 254 1017 mines
266 989 311 1022 qui
326 994 389 1017 sunt
403 997 489 1025 super
501 994 612 1022 terram,
624 996 673 1016 suo
687 990 835 1024 sanguine,
849 997 880 1016 ac
899 989 954 1016 Deo

167 1035 315 1070 canjungit.
341 1035 395 1063 Sed
415 1036 478 1070 quia
500 1041 542 1063 est
556 1036 702 1069 secundum
726 1042 850 1062 naturam
873 1034 953 1068 Dens,

167 1081 249 1108 etiam
274 1081 360 1108 sancti
383 1080 501 1116 Spiritus
526 1089 624 1108 munus
654 1081 761 1109 abunde
788 1081 911 1116 largitur.
928 1086 954 1108 et

169 1131 297 1161 tanquam
316 1127 454 1162 proprium
469 1127 494 1154 in
509 1127 615 1154 animus
636 1127 804 1154 credentium
828 1127 953 1159 eﬂ‘undit,

169 1177 199 1200 ut
214 1173 273 1201 illos
288 1178 345 1200 tum
361 1173 459 1201 divinae
475 1177 579 1200 natura:
599 1173 688 1200 socios
703 1172 818 1206 efﬁciat,
836 1177 891 1200 tum
909 1181 956 1207 spe

170 1218 321 1246 futurorum
336 1220 468 1246 bonorum
493 1223 615 1246 coronet.
640 1218 727 1246 Unum
743 1219 825 1253 igitur
843 1219 955 1246 conﬁte-

170 1272 231 1292 mur
256 1264 353 1292 Filium
383 1264 520 1292 Christum
552 1263 644 1292 Jesum
669 1264 829 1296 Dominum,
847 1265 874 1292 id
903 1270 956 1296 est.

171 1309 235 1337 illud
252 1309 299 1337 Dei
318 1309 435 1338 Verbum
456 1310 593 1337 hominem
619 1309 718 1337 factum
733 1313 760 1337 et
777 1310 957 1342 incarnatum,

171 1362 198 1383 et
224 1356 298 1384 hunc
333 1356 512 1389 cruciﬁxum,
529 1361 557 1384 et
572 1361 761 1391 resurgentem
795 1364 810 1383 a
832 1358 957 1389 mortuis,

171 1405 367 1436 venturumque
384 1409 434 1429 suo
454 1406 575 1437 tempore
597 1402 624 1428 in
650 1401 734 1436 gloria
758 1401 804 1428 Dei
827 1406 854 1428 et
872 1401 959 1429 Patris

171 1454 232 1473 rum
254 1447 357 1474 sanctis
371 1447 484 1482 angelis.
511 1447 562 1474 Per
579 1447 681 1481 ipsum,
699 1451 801 1473 etcum
816 1446 888 1480 ipso,
904 1446 959 1474 Deo

171 1498 198 1519 ut
208 1492 280 1520 Patri
293 1493 377 1526 gloria
389 1500 449 1520 cum
463 1497 557 1520 sancto
568 1492 669 1527 Spiritu
684 1492 710 1518 in
726 1492 835 1520 sarcula.
860 1493 957 1520 Amen.

1000 254 1017 288 ἡ
1037 251 1174 287 μαρτυρία
1199 250 1244 277 rei
1261 250 1340 281 Θεοῦ,
1363 249 1403 275 ἔτι
1429 246 1528 282 μείζων
1545 245 1636 271 ἐστίν·
1661 245 1704 270 ὄτι
1723 243 1800 288 αὕτη

1001 297 1073 324 ἐστὶν
1089 298 1106 332 ὴ
1123 297 1260 332 μαρτυρία
1275 295 1321 322 τοῦ
1344 293 1424 325 Θεοῦ,
1440 293 1480 318 ὅτι
1502 290 1701 326 μεμαρτύρηκε
1728 287 1802 322 περὶ

1000 342 1046 368 τοῦ
1062 341 1128 368 Υίοῦ
1146 340 1244 368 αὐτοῦ·
1259 342 1272 367 ὁ
1288 339 1424 367 πιστεύων
1445 339 1485 369 εἰς
1501 337 1546 363 τὸν
1562 336 1625 362 Υἰδν
1640 335 1687 361 τοῦ
1712 333 1798 363 Θεοῦ,

1001 388 1056 423 ἔχει
1080 387 1129 422 τὴν
1158 386 1311 422 μαρτυρίαν
1335 386 1364 411 ὲν
1386 383 1488 418 ἑαυτῷ·
1505 383 1519 408 ὁ
1541 382 1578 417 μὴ
1599 380 1737 408 πιστεύων
1755 379 1802 413 τῷ

1000 433 1070 468 Θεῷ,
1085 433 1212 468 ψεύστην
1224 432 1374 466 πεποίηκεν
1395 429 1488 461 αὐτὸν,
1510 429 1551 454 ὅτι
1567 428 1616 454 οὐκ
1631 427 1800 453 ἐπίστευσεν

1001 481 1040 511 είς
1057 480 1106 515 τὴν
1125 478 1290 514 μαρτυρίαν,
1305 478 1338 513 ἢν
1357 475 1571 512 μεμαρτύρηκεν
1587 474 1650 508 περὶ
1665 472 1712 499 τοῦ
1726 470 1799 498 Υἰοῦ

1001 526 1111 553 αὑτοῦ.)
1123 524 1328 560 Μεμαρτύρηκε
1342 523 1370 549 δὲ
1386 523 1447 550 τίνα
1460 522 1561 558 τρόπον
1574 522 1587 547 ὁ
1600 520 1666 551 Θεὸς
1679 519 1728 545 καὶ
1739 519 1803 544 Πα-

1000 572 1052 608 τὴρ
1066 572 1104 607 τῷ
1118 571 1185 606 Υῐῷ,
1198 571 1324 606 σαφηνιεῖ
1334 570 1421 603 λέγων
1434 570 1448 595 ὁ
1464 567 1607 598 θεσπέσιος
1622 567 1687 601 ἡμῖν
1702 563 1802 592 Ἰωάν-

1001 627 1049 653 νης
1072 619 1086 645 ὸ
1109 618 1281 652 Βαπτιστής·
1302 626 1310 642 ι
1325 615 1410 649 Κάγὼ
1433 615 1483 641 οὐκ
1501 613 1574 649 ᾔδειν
1599 612 1692 642 αὐτὴν,
1708 610 1769 638 ἀλλ’
1785 611 1802 636 ὁ

1002 664 1114 699 πεμψας
1129 673 1162 699 με
1181 663 1322 698 βαπτίζειν
1341 662 1427 692 ὕδατι.
1440 660 1544 691 ἐκεῖνός
1562 668 1606 695 μοι
1622 656 1715 685 εἶπεν·
1737 657 1800 690 Ἐφ’

1001 710 1030 736 ὃν
1045 710 1078 737 ἂν
1099 709 1156 745 ἴδῃς
1173 709 1203 736 τὸ
1220 707 1334 744 Πνεῦμα
1348 707 1511 734 καταϐαῖνον
1527 706 1572 732 καὶ
1589 705 1668 739 μένον
1685 704 1728 730 ἐπ’
1746 703 1801 729 αὺ-

1001 757 1058 788 τὸν,
1080 754 1157 788 οὗτός
1184 757 1257 782 ἐστιν
1279 756 1293 781 ὀ
1311 753 1451 790 βαπτίζων
1477 754 1504 779 ἐν
1531 752 1568 786 τῷ
1593 751 1733 786 Ιῐνεύματι
1760 750 1802 784 τῷ

1003 803 1083 838 ἁγίῳ.
1098 802 1153 828 Καὶ
1167 802 1222 836 ἐγὼ
1237 801 1358 836 ἑώρακα,
1374 801 1421 828 καὶ
1438 799 1649 835 μεμαρτύρηκα,
1663 798 1705 824 ὅτι
1717 794 1801 827 οὗτος

1003 850 1076 875 ἐστιν
1089 848 1103 874 ὁ
1119 849 1182 879 Υἱὸς
1198 847 1245 874 τοῦ
1265 847 1345 874 Θεοῦ.
1361 857 1370 872 ι
1385 846 1574 881 Μαρτυρεῖται
1586 844 1674 870 τοίνυν
1690 843 1739 869 καὶ
1755 842 1802 868 διὰ

1003 895 1052 931 τῆς
1074 894 1121 920 τοῦ
1145 893 1253 929 Πατρδς
1279 893 1371 927 φωνῆς
1394 893 1408 918 ὁ
1433 891 1534 926 Κύριος
1560 889 1639 924 ἡμῶν
1657 887 1764 923 Ἰησοῦς
1785 889 1801 913 ὁ

1005 940 1131 976 Χριστὸς,
1144 940 1184 966 ὅτι
1204 939 1283 974 φύσει
1297 947 1328 964 τε
1344 938 1392 965 καὶ
1408 937 1479 964 κατὰ
1495 935 1624 971 ἀλήθειαν
1641 934 1705 966 Υἱός
1724 935 1802 960 ἐστιν

1004 986 1102 1014 αὐτοῦ’
1122 987 1303 1022 μαρτυρεῖται
1316 985 1345 1011 δὲ
1358 984 1434 1011 οὐδὲν
1447 980 1528 1017 ἦττον
1543 982 1587 1009 διὰ
1600 991 1629 1008 τε
1642 981 1689 1008 τοῦ
1702 980 1802 1010 ὕδατος

1007 1034 1052 1060 καὶ
1073 1033 1119 1059 τοῦ
1143 1033 1274 1068 αἵματος,
1299 1032 1346 1058 καὶ
1370 1030 1417 1058 τοῦ
1435 1030 1606 1064 Πνεύματος.
1621 1028 1721 1054 ’Ὑδατι
1749 1027 1800 1061 μὲν

1005 1079 1044 1113 τῷ
1066 1078 1137 1114 ἁγίῳ
1151 1078 1297 1113 διασμήχει
1313 1077 1367 1103 τῶν
1384 1076 1565 1103 πιστευόντων
1579 1075 1628 1105 τὰς
1645 1073 1799 1109 ἁμαρτίας,

1010 1125 1136 1158 ζωοποιεί
1150 1124 1178 1150 δὲ
1195 1124 1238 1150 διὰ
1255 1123 1302 1151 τοῦ
1317 1123 1382 1150 ἰδίου
1401 1122 1516 1157 αἵματος
1532 1121 1579 1147 καὶ
1593 1119 1723 1147 συνάπτει
1740 1118 1801 1152 Θεῷ

1009 1173 1072 1204 τοὺς
1087 1172 1132 1197 ἐπὶ
1147 1171 1195 1206 τῆς
1210 1171 1272 1205 γῆς.
1293 1169 1400 1205 Ἐπειδὴ
1415 1168 1442 1194 δέ
1457 1169 1514 1194 ἐστι
1538 1167 1607 1194 κατὰ
1628 1166 1708 1200 φύσιν
1721 1164 1801 1196 Θεὸς,

1010 1218 1057 1244 καὶ
1068 1218 1116 1252 τὴν
1127 1216 1173 1243 τοῦ
1187 1217 1265 1250 ἁγίου
1279 1215 1435 1249 [Ινεύματος
1448 1212 1580 1249 χορηγίαν
1591 1213 1708 1239 ποιεῖται
1721 1211 1804 1238 πλου-

1011 1263 1086 1295 σίως,
1102 1263 1140 1295 ὡς
1154 1263 1218 1289 ἴδιον
1229 1262 1295 1289 αὐτὸ
1303 1263 1362 1293 ταῖς
1373 1260 1426 1287 τῶν
1436 1259 1619 1286 πιστευόντων
1633 1256 1736 1292 ὲκχέων
1749 1256 1802 1291 ψυ-

1010 1312 1070 1346 χαῖς
1086 1310 1161 1341 θείας
1174 1318 1204 1336 τε
1225 1309 1332 1343 φύσεως
1349 1306 1491 1337 κοινωνοὺς
1509 1303 1679 1338 ἀποψαίνων,
1696 1301 1744 1329 καὶ
1766 1303 1801 1336 τῇ

1009 1356 1064 1383 τῶν
1079 1355 1215 1391 ἐσομένων
1230 1354 1339 1389 ἀγαθῶν
1356 1352 1442 1380 ἐλπίδι
1460 1350 1609 1385 στεφανῶν.
1625 1349 1692 1376 Ἕνα
1709 1347 1802 1374 τοίνυν

1009 1401 1193 1437 ὁμολογοῦμεν
1207 1400 1269 1427 Υίδν
1285 1398 1401 1435 Χριστὸν
1418 1397 1521 1434 Ἰησοῦν
1535 1396 1582 1423 καὶ
1596 1396 1708 1431 Κύριον,
1722 1403 1803 1420 τουτ-

1010 1448 1079 1480 έστι,
1098 1449 1143 1474 τὸν
1158 1447 1206 1474 τοῦ
1226 1446 1293 1474 Θεοῦ
1315 1446 1401 1480 Λόγον
1419 1444 1668 1480 ὲνανθρωπήσαντα
1689 1442 1803 1481 καὶησεη

1011 1492 1196 1530 σαρκωμένον,
1213 1494 1260 1520 καὶ
1281 1493 1374 1519 τοῦτον
1395 1490 1609 1526 ἐσταυρωμένον,
1625 1489 1672 1515 καὶ
1687 1489 1803 1523 ἐγηγερρ

173 1538 252 1573 μένον
265 1538 298 1565 ὲκ
312 1537 427 1572 νεκρῶν,
440 1538 540 1573 ἥξοντά
551 1546 579 1564 τε
597 1537 667 1564 κατὰ
680 1539 793 1572 καιροὺς
822 1539 852 1565 ἐν
867 1539 901 1574 τῇ
915 1538 977 1574 δόξῃ
995 1539 1044 1566 τοῦ
1060 1539 1126 1566 Θεοῦ
1143 1540 1190 1566 καὶ
1224 1539 1328 1574 Πατρὸς
1348 1538 1417 1573 μετὰ
1437 1536 1491 1563 τῶν
1506 1535 1590 1570 ἁγίων
1613 1534 1748 1569 ἀγγέλων.
1762 1533 1807 1559 At"

172 1585 254 1613 αὑτοῦ
269 1594 299 1612 τε
312 1595 360 1612 και
372 1587 420 1613 σὺν
432 1585 505 1621 αὐτῷ
516 1585 555 1621 τῷ
566 1586 625 1620 Θεῷ
638 1586 685 1613 καὶ
696 1586 784 1622 Πατρὶ
797 1587 813 1622 ἡ
828 1586 890 1618 δόξα
906 1588 954 1614 σὺν
975 1587 1044 1623 ἁγίῳ
1058 1587 1197 1623 Πνεύματι
1212 1588 1251 1618 εἰς
1266 1587 1328 1618 τοῦς
1344 1585 1454 1616 αίῶνας.
1473 1583 1568 1618 ’Λμήν.

209 1662 232 1679 ⁸⁸
246 1661 257 1691 Ι
272 1659 350 1691 Joan.
369 1671 395 1696 ν,
409 1663 486 1691 5-10.
527 1664 548 1679 ³ο
562 1663 640 1691 toan.
660 1664 797 1697 1,55,31.
