1886 3056
174 155 224 184 251

673 157 704 183 S.
724 155 861 184 CVRILL‘I
881 153 1116 182 ALEXANDRINI
1139 155 1298 183 ARGIIIEP.

1766 154 1829 182 259

177 213 321 243 Nobiscum
341 214 409 241 Deus
425 213 457 240 ¹’.
477 223 486 239 ι
514 213 585 241 Deus
612 220 671 242 erat
699 215 791 250 itaque
816 215 862 249 qui
891 218 955 242 natu

1053 214 1308 250 ξθερμηνευόμενον,
1328 214 1399 241 Μεθ’
1416 214 1501 248 ἡμῶν
1517 215 1533 241 o'
1549 215 1621 247 Θεός
1633 223 1640 229 ⁸
1659 214 1727 246 Θεὸς
1743 211 1794 241 οὖν
1811 214 1825 240 ὁ

176 267 229 295 est,
246 261 320 293 velis,
334 261 417 288 nolis.

213 307 314 335 NEST.
331 307 448 342 Angelus
460 307 579 341 Josepho
598 307 666 334 dixit
685 317 691 334 ε
715 317 724 332 ι
747 306 867 341 Surgens
879 305 972 341 accipe

178 361 289 388 puerum
305 359 332 380 et
354 358 477 381 matrem
491 353 560 388 ejus,
585 359 611 380 et
637 353 698 388 fuge
719 353 744 380 in
766 352 921 387 Egyptum,
944 359 972 379 et

177 405 235 427 esto
250 399 285 427 ibi
298 407 383 434 usque
394 400 456 427 dum
472 400 560 427 dicam
571 400 618 428 tibi
631 401 665 428 '°.
677 409 686 426 ι
699 399 756 427 Non
767 399 836 426 dixit
849 408 856 427 :
872 399 971 434 Accipe

179 446 262 474 Deum
280 451 308 474 et
323 450 437 474 matrem
453 445 521 480 ejus.

213 534 294 563 CVR.
310 535 436 564 Attamen
462 535 643 571 archangelus
658 535 767 564 Gabriel
791 535 895 571 Virgini
911 536 969 563 ait:

181 588 192 605 ι
211 579 329 614 Spiritus
343 585 456 608 sanctus
481 580 658 615 superveniet
671 581 698 608 in
715 585 752 613 te,
765 586 793 608 et
809 581 897 608 virtus
921 581 970 607 Al-

179 626 277 653 tissimi
290 626 464 654 obumbrabit
487 627 545 655 libi.
568 627 630 655 Ideo
651 632 679 655 et
695 627 767 662 quod
793 632 921 654 nascetur
936 635 970 654 ex

180 677 206 700 te
217 673 447 705 sanctum,Filius
468 673 601 701 Altissimi
618 673 760 701 vocabitur
775 673 825 700 ²¹.›

222 760 321 788 NEST.
337 761 484 796 Apostolus
508 762 565 789 ait:
584 772 594 788 ‹
613 763 795 797 Semetipsum
809 765 969 800 exinanivit,

179 805 295 833 lbrmam
310 808 383 834 servi
406 808 543 843 accipiens
556 809 601 841 “;
623 819 632 835 ι
654 809 744 841 idest,
772 814 894 837 nostrum
917 811 970 838 sibi

180 851 294 878 iuduens
321 859 430 887 corpus,
459 853 487 880 in
507 861 560 888 quo
589 854 750 888 proﬁciebat
777 855 908 888 sapientia
937 863 969 882 ac

178 901 258 924 astate
270 901 299 924 et
322 897 407 933 gratia
429 899 499 932 apud
515 898 598 926 Deum
610 904 638 926 et
655 900 778 928 homines
794 900 828 933 ",
841 905 968 936 tanquam

179 942 259 970 homo
271 943 440 972 Dominicus.

213 987 293 1016 CVR.
310 989 444 1025 Quidquid
460 989 559 1018 factum
583 996 631 1019 est.
650 999 684 1019 ex
709 999 802 1026 carne,
826 1001 891 1020 caro
915 999 968 1027 est,

178 1042 266 1070 neque
283 1040 372 1063 tamen
387 1037 449 1064 hinc
461 1037 604 1071 perimitur
622 1039 772 1066 nativitatis
791 1040 965 1068 miraculum.

179 1081 254 1108 Sicut
271 1082 341 1109 enim
359 1082 429 1110 Deus
455 1083 586 1111 divinitus
613 1089 736 1119 generat,
760 1085 797 1112 ita
824 1086 968 1112 venerabi-

179 1125 211 1153 lis
228 1133 334 1161 quoque
357 1127 436 1162 Virgo
452 1129 557 1163 peperit
571 1130 598 1156 in
614 1137 697 1157 carne
721 1130 836 1158 Verbum
861 1139 893 1158 ex
915 1131 968 1159 Deo

178 1171 271 1199 Deum.
901 1201 906 1205 _

227 1217 328 1246 NEST.
359 1219 457 1248 Omnis
483 1225 570 1249 mater
600 1223 860 1251 consubstantialem
890 1233 967 1252 suum

177 1264 267 1298 parit:
283 1272 337 1292 non
354 1270 475 1301 estergo
501 1267 559 1301 ejus
588 1273 685 1302 mater,
714 1270 763 1297 nisi
781 1270 838 1304 ipse
864 1275 907 1298 est
930 1272 967 1298 illi

178 1311 427 1340 consubstantialis.
439 1312 505 1340 Nam
522 1315 658 1348 quomodo
677 1315 713 1342 sit
736 1320 823 1343 mater
840 1316 908 1351 eius,
922 1318 966 1353 qui

178 1355 213 1382 ab
228 1356 314 1390 ipsius
327 1357 478 1385 substantia
495 1359 600 1388 alienus
620 1360 726 1389 fuerit?

212 1444 292 1472 CYR.
308 1445 402 1474 Nosex
416 1446 525 1482 Virgine
549 1453 575 1476 et
592 1457 626 1476 ex
643 1450 746 1484 Spiritu
763 1457 858 1480 saneto
882 1461 965 1482 unum

178 1490 275 1518 Filium
301 1493 388 1520 edocti
415 1493 516 1522 initurus
532 1496 679 1529 ‘eontiteri,
707 1500 964 1528 consubstantialem

179 1538 258 1564 matri
275 1543 303 1564 ut
325 1538 409 1572 Patri,
429 1541 508 1568 sicuti
529 1540 624 1570 Patres
639 1543 777 1572 dixerunt.

214 1582 314 1611 NEST.
332 1584 426 1612 Dividn
445 1590 567 1619 naturas,
583 1595 663 1615 uuam
684 1588 752 1616 facio
768 1591 964 1626 adorationem,

178 1629 241 1663 quia
255 1628 326 1656 Deus
342 1631 532 1664 inseparabilis
545 1637 587 1660 est
599 1633 633 1660 ab
650 1642 682 1662 eo
698 1635 745 1670 qui
759 1636 892 1664 cernitur.
904 1637 966 1666 ideo

179 1675 309 1702 honorem
326 1684 378 1702 non
396 1677 497 1705 divido.

227 1721 308 1749 CVR.
339 1723 389 1755 Qui
421 1727 534 1750 naturas
560 1725 666 1757 dividit,
693 1727 760 1755 duos
789 1729 854 1757 dicit
885 1730 965 1765 ﬁlios,

182 1766 279 1803 1M4:
298 1767 445 1802 Scriptura:
469 1778 521 1797 non
539 1772 653 1799 credens
676 1774 777 1801 dicenti
793 1784 800 1802 :
820 1785 830 1801 ι
847 1776 966 1804 Verbum

180 1819 243 1838 caro
256 1813 356 1840 factum
370 1819 410 1841 cst
425 1814 458 1841 ".
478 1825 487 1841 ι

224 1856 324 1884 NEST.
353 1857 452 1886 Paulus
482 1860 548 1887 dicit
567 1870 576 1886 ι
599 1863 752 1896 pontiﬁcem
775 1868 966 1901 etapostolum

181 1902 359 1930 confessionis
375 1910 474 1931 postne
490 1913 552 1933 esse
569 1907 672 1942 Jusum,
702 1911 747 1944 qui
775 1911 862 1940 ﬁdelis
882 1917 924 1941 est
940 1915 965 1942 ei

181 1949 227 1981 qui
248 1948 420 1984 fecitipsum,
435 1951 480 1985 qui
505 1958 591 1980 semet
615 1954 730 1982 hostiam
757 1957 853 1985 obtulit
874 1967 924 1994 pro
936 1967 967 1987 se

181 1994 252 2021 haud
283 1996 372 2023 minus
404 2004 485 2031 quant
516 2007 563 2033 pro
596 2002 701 2035 populo.
728 2003 817 2036 Quare
846 2007 965 2040 pontifex

180 2044 224 2066 est
248 2041 411 2069 constitutus
430 2043 456 2070 in
472 2044 504 2071 iis
520 2053 578 2078 qua:
594 2046 627 2072 ad
648 2047 730 2075 Deum
750 2051 886 2083 pertinent
901 2053 934 2079 ’⁵.
953 2063 964 2080 ο

218 2085 297 2113 CVR.
314 2086 414 2115 Paulus
443 2089 503 2116 ait:
523 2099 532 2115 ι
553 2090 679 2120 Christus
697 2096 780 2121 semel
801 2097 908 2125 oblatus
932 2099 966 2126 ad

180 2131 326 2159 multorum
349 2133 509 2166 perferenda
521 2141 642 2170 peccata,
665 2140 782 2166 secundo
797 2141 855 2168 sine
869 2150 965 2176 pecca-

181 2180 208 2203 to
220 2179 360 2212 apparebit
376 2179 408 2206 ".
427 2189 436 2205 ι
452 2179 536 2207 Item:
557 2191 565 2207 ι
588 2182 638 2215 Qui
660 2191 799 2218 peccatum
817 2195 870 2214 non
890 2188 964 2220 fecit,

1022 260 1140 294 τεχθεὶς,
1157 261 1209 286 κάν
1222 259 1312 296 θέλῃς,
1328 259 1379 286 κᾶν
1396 259 1433 294 μὴ
1453 259 1544 294 θέλῃς.

1058 306 1158 333 ΝΕΣΤ.
1180 307 1210 332 '0
1231 305 1347 340 ἄγγελος
1360 305 1406 340 ἶτῷ
1426 306 1524 341 Ἰωσὴφ
1539 304 1632 333 εἶπεν·
1653 315 1663 333 ι
1685 305 1828 336 Ἀναστὰς

1023 352 1166 388 παράλαῢε
1190 352 1221 378 τὸ
1251 352 1357 379 παιδίον
1374 353 1421 379 καὶ
1439 353 1489 388 τὴν
1516 353 1621 389 μητέρα
1645 353 1741 385 αὐτοῦ,
1771 352 1829 379 καὶ

1022 398 1107 432 φεῦγε
1121 398 1160 430 εις
1174 397 1322 432 Αἴγυπτον,
1341 397 1388 424 καὶ
1400 397 1455 425 ῐσθι
1470 399 1527 425 ἐκεῖ
1541 398 1594 431 ἕως
1605 398 1638 426 ἂν
1652 399 1723 426 εἴπω
1737 407 1796 426 σοι·
1814 408 1825 424 ι

1021 443 1072 469 οὐκ
1092 440 1154 469 εἶπε
1179 443 1226 476 δὲ,
1242 443 1388 479 Παράλαϐε
1406 443 1452 470 τὸν
1473 443 1539 470 Θεὸν
1565 444 1612 471 καὶ
1634 444 1684 480 τὴν
1707 445 1829 480 μητέρα

1022 487 1116 516 αὑτοῦ.

1057 535 1139 561 ΚΥΡ.
1164 535 1234 561 Ἀλλ’
1253 536 1268 562 ὁ
1280 536 1451 572 ἀρχάγγελος
1465 537 1587 573 Γαὸριὴλ
1601 538 1671 573 πρὸς
1682 538 1731 574 τὴν
1742 538 1829 572 Παρ-

1022 582 1098 609 Θένον
1114 583 1207 617 λέγει·
1229 593 1238 609 ι
1262 583 1375 619 Πνεῦμα
1395 584 1473 618 ἆγιον
1492 584 1670 611 ἐπελεύσεται
1696 584 1746 611 ἐπὶ
1777 584 1826 615 σὲ,

1021 630 1069 655 καὶ
1091 629 1206 664 δύναμις
1226 629 1354 664 Ὑψίστου
1381 629 1539 656 ἐπισκιάσει
1566 638 1622 656 σοι·
1646 629 1687 656 διὸ
1712 630 1761 656 καὶ
1792 627 1828 654 τὸ

1021 675 1191 711 γεννώμενον
1216 677 1248 702 ἐκ
1275 675 1322 702 σοῦ
1350 676 1439 710 ἆγιον,
1470 676 1526 708 υἱὸς
1551 675 1682 711 Ὑψίστου
1711 674 1828 710 κληθή-

1023 731 1109 749 σεται.
1129 732 1138 748 ι

1057 768 1158 796 ΝΕΣΤ.
1187 769 1216 795 Ὀ
1245 769 1407 800 Ἀπόστολος
1431 768 1500 804 ἔφη’
1523 777 1533 794 t
1549 768 1661 796 Ἑαυτὸν
1683 767 1822 798 ὲκένωσε,

1023 815 1130 850 μορφὴν
1146 814 1240 841 δούλου
1256 815 1347 842 λαϐών
1357 824 1363 830 ·
1381 826 1389 841 ι
1407 815 1475 851 ὅπερ
1490 815 1550 841 ἐστὶ
1563 816 1594 841 τὸ
1611 815 1747 850 ἡμέτερον
1770 814 1822 839 ὲν-

1021 860 1171 895 ὂυσάμενος
1187 861 1277 896 σῶμα,
1298 861 1363 888 ἔνθα
1379 861 1534 897 προέκοπτε
1557 861 1639 896 σοφίᾳ
1660 860 1708 886 καὶ
1721 859 1823 894 ἡλικίᾳ

1021 907 1069 933 καὶ
1083 906 1174 942 χάριτι
1191 906 1265 941 παρά
1288 905 1347 941 Θεῷ
1363 907 1409 933 καὶ
1430 905 1595 942 ἀνθρώποις,
1620 906 1659 937 ὡς
1673 903 1822 940 Κυριακὺς

1020 953 1069 980 ἄνο
1074 961 1176 987 ρωπος.

1055 1000 1138 1026 ΚΥΡ.
1153 999 1210 1025 Πᾶν
1224 999 1254 1025 τὺ
1264 998 1409 1034 γενόμενον
1426 1000 1458 1026 ἐχ
1469 999 1519 1034 τῆς
1534 997 1644 1033 σαρκὸς,
1659 997 1728 1032 σάρξ
1742 997 1819 1023 ἐστι·

1020 1045 1069 1072 οὐκ
1086 1046 1196 1080 ἀναιρεῖ
1205 1045 1233 1071 δὲ
1250 1045 1300 1080 τῆς
1320 1046 1472 1080 γεννήσεως
1496 1044 1648 1079 παράδοξον
1659 1052 1665 1058 ·
1679 1043 1717 1075 ὡς
1731 1042 1789 1078 γὰρ
1804 1043 1821 1068 ὁ

1022 1091 1088 1122 Θεὸς
1099 1091 1185 1117 τίκτει
1199 1090 1308 1123 θεῖκῶς,
1321 1090 1393 1117 οὕτω
1408 1090 1455 1116 καὶ
1471 1091 1488 1125 ἡ
1509 1089 1664 1125 θεοπρεπὴς
1674 1089 1820 1124 Παρθένος

1020 1136 1113 1162 ἔτεκεν
1126 1135 1155 1161 ἐν
1169 1135 1252 1169 σαρκὶ
1267 1135 1312 1161 τὸν
1327 1136 1359 1161 ὲκ
1376 1135 1444 1161 Θεοῦ
1461 1134 1527 1161 Θεὸν
1540 1134 1638 1168 Λόγον.

1054 1224 1154 1251 ΝΕΣΤ.
1171 1225 1250 1251 Πᾶσα
1278 1224 1369 1259 μήτηρ
1393 1223 1423 1250 τὸ
1437 1223 1581 1258 ὸμοοὺσιον
1603 1223 1690 1258 αὐτῆς
1706 1222 1798 1249 τίκτει
1809 1231 1815 1236 ·

1018 1271 1069 1297 οὐκ
1084 1270 1158 1297 ἔστιν
1181 1269 1227 1297 οὖν
1248 1270 1332 1297 αὐτοῦ
1350 1270 1451 1305 μήτηρ,
1464 1271 1488 1295 εἰ
1510 1269 1648 1306 μὴιαὺτὺς
1667 1269 1817 1303 ὀμοούσιος

1018 1318 1105 1352 αὐτῆς
1118 1317 1236 1353 ὑπάρχει
1248 1326 1254 1333 ·
1269 1317 1328 1348 πῶς
1339 1316 1394 1352 γὰρ
1408 1316 1490 1342 αὑτοῦ
1504 1317 1597 1355 μήτηρ
1610 1315 1656 1343 τοῦ
1669 1316 1817 1350 ἀλλοτρὶου

1018 1364 1066 1399 τῆς
1081 1364 1174 1396 οὐσίας
1204 1364 1289 1399 αὐτῆς
1315 1363 1483 1398 ὑπάρχοντος
1508 1362 1581 1398 [cod.
1606 1362 1638 1389 τὸ
1667 1362 1815 1397 ἀλλότριον

1021 1409 1155 1446 ὑπάρχον]
1167 1419 1174 1442 ;

1054 1456 1135 1483 ΚΥΡ.
1167 1456 1256 1491 Ἦμᾶς
1285 1456 1316 1482 ἐκ
1345 1455 1484 1491 Παρθένου
1517 1454 1564 1481 καὶ
1596 1454 1629 1481 ἐκ
1652 1453 1816 1488 Πνεῦματος

1019 1503 1096 1537 ἁγίου
1111 1503 1160 1529 ἕνα
1176 1503 1241 1529 Υῐὸν
1263 1502 1442 1537 ἐδιδάχθημεν
1456 1501 1606 1535 ὁμολογεῖν,
1620 1500 1766 1535 ὁμοούσιον
1779 1501 1814 1534 τῇ

979 1562 1000 1591 C
1019 1550 1103 1585 μητρὶ
1116 1549 1155 1580 ὡς
1165 1548 1203 1583 τῷ
1216 1548 1315 1583 Ila-cpt,
1328 1547 1420 1579 καθὼς
1437 1548 1461 1573 οἱ
1479 1547 1601 1582 Πατέρες
1611 1547 1768 1581 εἰρήκασιν.

1054 1595 1154 1622 ΝΕΣΤ.
1171 1594 1274 1630 Διαιρῶ
1285 1594 1335 1625 τὰς
1352 1593 1458 1628 φύσεις,
1476 1592 1529 1619 ἑνῶ
1543 1593 1592 1627 τὴν
1609 1593 1812 1627 προσκύνησιν,

1018 1640 1111 1675 ἐπειδὴ
1124 1639 1276 1676 ἀχώριστος
1302 1639 1349 1665 τοῦ
1376 1638 1539 1673 φαινομένου
1562 1637 1645 1668 Θεός·
1662 1637 1707 1664 διὰ
1732 1637 1814 1664 τοῦτο

1017 1687 1048 1714 οὐ
1064 1685 1174 1721 χωρίζω
1188 1685 1238 1720 τὴν
1252 1685 1347 1720 τιμήν.

1053 1732 1135 1758 ΚΥΡ.
1158 1731 1187 1756 'O
1205 1729 1319 1765 διαιρῶν
1337 1730 1375 1765 (1)
1391 1729 1441 1761 τὰς
1452 1728 1558 1764 φύσεις,
1572 1729 1620 1755 δύο
1633 1729 1710 1760 υἱοὺς
1725 1729 1812 1763 λέγει,

1020 1779 1057 1815 μὴ
1071 1778 1207 1805 πιστεύων
1217 1779 1249 1814 τῇ
1264 1778 1360 1814 Γραφῇ
1372 1777 1501 1813 λεγούσῃ,
1513 1777 1555 1804 ὅτι
1572 1786 1582 1802 t
1601 1777 1629 1804 '0
1641 1777 1730 1810 Λόγος
1744 1775 1815 1811 σὰρξ

1017 1825 1137 1851 ἐγένετο.
1154 1834 1164 1851 ι

1033 1834 1164 1897 γὲἓέῗὲ..
1181 1870 1287 1902 Παῦλος
1311 1869 1386 1904 λέγει
1405 1878 1414 1894 ι
1435 1869 1568 1904 ἀρχιερέα
1590 1868 1638 1894 καὶ
1661 1866 1814 1894 ἀπόστολον

1017 1917 1066 1951 τῆς
1084 1915 1228 1950 ὁμολογίας
1255 1915 1332 1950 ἡμῶν
1353 1914 1481 1949 γενέσθαι
1504 1913 1618 1949 Ἰησοῦν,
1633 1913 1732 1939 πιστὸν
1747 1913 1814 1940 ὄντα

1017 1961 1055 1995 τῷ
1067 1961 1212 1995 ποιήσαντι
1233 1960 1329 1986 ἑαυτὸν
1345 1960 1394 1994 (2),
1407 1958 1504 1985 θυσίαν
1521 1958 1617 1985 ἑαυτὸν
1638 1957 1813 1993 προσέφερεν

1018 2007 1087 2041 ὑπὲρ
1102 2006 1198 2032 ἑαυτοῦ
1211 2006 1248 2038 ὡς
1269 2005 1339 2041 ὑπὲρ
1351 2005 1398 2032 τοῦ
1408 2004 1488 2032 λαοῦ·
1501 2004 1562 2031 ὅθεν
1578 2004 1727 2041 ἀρχιερεὺς
1743 2004 1813 2031 καθ-

1019 2053 1125 2078 ίσταται
1144 2052 1177 2078 τὰ
1192 2052 1261 2086 πρὸς
1277 2051 1323 2078 τὸν
1337 2051 1413 2078 Θξόν.
1433 2060 1442 2076 ι

1052 2099 1135 2125 ΚΥΡ.
1151 2097 1257 2129 Παῦλος
1272 2097 1361 2131 λέγει·
1377 2106 1386 2122 ι
1402 2096 1520 2132 Χριστὸς
1531 2095 1604 2128 ἅπαξ
1617 2095 1814 2131 προσενεχθεὶς

1016 2146 1056 2176 εἰς
1068 2144 1098 2171 τὸ
1112 2144 1216 2171 πολλῶν
1233 2144 1388 2177 ἀνενεγκεῖν
1401 2143 1548 2178 ἁμαρτίας,
1566 2143 1598 2168 ἐκ
1614 2141 1743 2176 δευτέρου
1759 2150 1812 2176 χω-

1018 2191 1060 2226 ρὶς
1074 2191 1210 2226 ἁμαρτιας
1228 2189 1387 2225 ὀφθήσεται.
1408 2198 1417 2214 ι
1434 2189 1490 2216 Καὶ
1511 2188 1606 2215 πάλιν⁸
1628 2197 1637 2213 ι
1658 2187 1813 2222 ’Λμαρτίαν

181 2231 232 2251 nec
249 2224 327 2251 dolus
349 2230 407 2252 erat
434 2226 460 2253 in
478 2234 527 2254 ore
539 2228 599 2262 ejus
617 2229 650 2256 ³⁷.
668 2239 678 2256 ι
695 2231 727 2258 Ει
741 2239 774 2259 en
793 2232 850 2266 ipse
878 2241 959 2262 semel

1053 2246 1067 2263 κ
1083 2224 1221 2271 ὲγποῖησεν,
1238 2236 1285 2262 καὶ
1298 2235 1373 2267 δόλος
1385 2236 1434 2271 οὐχ
1448 2234 1571 2270 ὑπῆρχεν
1588 2235 1618 2260 ἐν
1634 2233 1674 2269 τῷ
1694 2233 1812 2267 στόματι

181 2277 230 2304 pro
257 2271 336 2298 nobis
352 2272 440 2299 otIert.
460 2272 565 2301 Videsis
585 2275 676 2311 itaque
699 2279 771 2312 quod
793 2287 845 2306 non
869 2288 918 2315 pro
935 2288 965 2308 se

180 2316 238 2350 ipso
247 2323 276 2344 se
287 2318 392 2350 obtulit,
409 2319 455 2347 sed
471 2327 520 2355 pro
531 2322 637 2356 populo.

216 2405 315 2433 NEST.
337 2406 403 2434 Cum
431 2408 488 2442 ipse
510 2409 605 2437 dicat:
625 2420 634 2436 t
655 2411 706 2444 Qui
723 2414 964 2443 manducatmeam

180 2458 300 2484 carnem,
325 2458 351 2479 et
371 2454 438 2480 bibit
455 2462 543 2482 meum
568 2458 736 2492 sanguinem.
764 2460 834 2486 vivet
856 2466 965 2496 propter

180 2505 234 2529 me,
252 2498 322 2525 sicut
332 2507 380 2533 ego
393 2499 580 2536 vivo.propter
593 2511 665 2536 eum,
679 2504 724 2538 qui
741 2513 782 2532 tne
808 2506 890 2539 misit,
912 2507 964 2534 Pa-

215 2585 298 2624 "’_l_sa.
315 2587 370 2617 vn‘.
388 2590 431 2616 Μ.
485 2591 507 2607 ¹⁰
522 2590 614 2617 Matth.
633 2592 719 2623 ",15.
775 2594 796 2608 ²¹
814 2593 881 2621 Luc.
902 2603 920 2624 ι.
939 2596 983 2623 55.

180 2620 203 2636 ’⁵
219 2620 299 2648 Hebr.
313 2623 382 2655 tu,t.
421 2625 443 2640 ’θ
460 2625 541 2653 Hebr.
557 2633 596 2658 Ix,
607 2620 661 2653 28..
694 2628 714 2642 ³⁷
730 2627 737 2654 1
759 2627 830 2655 Pctr.
845 2620 930 2661 ιιξ2ξὶ.

215 2701 253 2737 (Ι)
267 2701 351 2740 Negat
373 2703 488 2739 Cyrillus
516 2712 545 2732 se
567 2705 685 2733 dividere
710 2705 810 2733 Christi
835 2712 955 2740 naturas,

179 2738 336 2774 nun_rquud_
354 2746 434 2765 unatn
452 2744 575 2767 naturam
599 2741 691 2767 credat
708 2741 781 2774 (nam
796 2743 862 2768 duas
874 2738 955 2770 etiam

179 2772 205 2798 in
226 2771 305 2812 |ih_ro_
322 2772 358 2800 Da
376 2775 555 2812 incarnatione
583 2775 697 2807 Domini,
712 2771 783 2810 'cap.
801 2777 830 2803 51
853 2777 891 2812 [in
905 2778 957 2811 ﬁne

179 2807 320 2847 superioris
333 2809 407 2845 ιοηιὶ]
419 2817 478 2847 esse
490 2810 554 2843 ait),
570 2811 616 2847 sed
631 2811 691 2844 quia
705 2807 837 2844 personati
853 2807 956 2847 Leopula

179 2842 267 2868 unitas
280 2842 407 2870 allii-mat:
421 2844 478 2870 1am
501 2842 658 2872 vocabulum
673 2842 815 2876 diuisionix,
831 2855 843 2872 a
863 2842 957 2874 Nesto-

180 2876 262 2905 riuuis
277 2885 357 2912 prave
379 2879 539 2912 adhibitum,
559 2888 652 2908 ausam
675 2880 866 2916 Mutumhysitis
887 2890 956 2916 prtu-

1019 2281 1123 2308 αὑτοῦ·
1150 2291 1159 2307 ι
1177 2281 1224 2308 καὶ
1253 2281 1307 2308 ἰδοὺ
1327 2281 1409 2313 αὐτὸς
1433 2280 1530 2307 ἑαυτὸν
1558 2280 1711 2316 προσφέρει
1739 2278 1812 2312 ὑπὲρ

1018 2327 1116 2362 ἡμῶν
1134 2327 1170 2353 ἴδε
1191 2325 1238 2354 οὖν
1255 2327 1304 2362 οὐχ
1328 2327 1399 2362 ὑπὲρ
1420 2325 1517 2353 ἑαυτοῦ
1546 2326 1698 2361 ἀνήνεγκεν
1716 2324 1811 2355 αὐτὸν.

1018 2373 1075 2400 ἀλλ’
1088 2373 1158 2408 ὑπὲρ
1173 2373 1220 2399 τοῦ
1235 2373 1311 2400 λαοῦ.
1530 2397 1532 2400 .

1056 2419 1155 2445 ΝΕΣΤ.
1183 2419 1270 2446 Αὑτοῦ
1294 2419 1429 2454 λέγοντος’
1449 2428 1458 2444 t
1485 2418 1514 2444 '0
1539 2417 1653 2453 τρώγων
1680 2425 1732 2452 μου
1760 2417 1810 2450 τὴν

1020 2463 1119 2497 σάρκα,
1139 2463 1187 2489 καὶ
1208 2464 1292 2490 πίνων
1316 2464 1414 2499 μου.τδ
1435 2461 1516 2498 αἷμα,
1541 2462 1654 2498 ζήσεται
1668 2461 1705 2488 δι’
1729 2460 1808 2496 ἐμοῦ,

1018 2508 1108 2538 καθὼς
1127 2507 1182 2542 ἐγὼ
1206 2509 1244 2540 ζῶ
1259 2509 1303 2535 διὰ
1321 2509 1367 2535 τὸν
1384 2508 1582 2535 ἀποστείλαντά
1603 2516 1636 2542 με
1655 2507 1776 2542 Πατέρα.
1794 2516 1805 2532 ι

1577 2598 1600 2613 ’⁵
1619 2597 1699 2624 Joan.
1720 2606 1744 2629 ι,
1764 2597 1804 2627 Η,

1034 2598 1057 2612 "
1070 2596 1217 2632 Philipp”.
1234 2599 1260 2626 7.
1317 2600 1338 2614 ’³
1355 2599 1419 2626 Luc.
1437 2607 1465 2632 ll,
1480 2599 1525 2626 5:2.

1010 2708 1067 2736 ltuit
1086 2708 1269 2748 calumniandi
1285 2709 1450 2748 catholicos,
1465 2709 1511 2748 qui
1525 2712 1684 2748 naturarum
1718 2707 1807 2748 quali-

1011 2748 1093 2772 tatem
1125 2745 1281 2772 tuebantur.
1316 2744 1384 2771 Hinc
1412 2743 1543 2772 mentium
1580 2744 1713 2775 tenebrae,
1743 2743 1806 2769 hinc

1010 2787 1105 2806 vocum
1115 2780 1268 2811 abusiones.
1281 2780 1344 2807 hinc
1359 2780 1423 2807 rixae
1433 2779 1564 2814 proximae
1579 2779 1715 2814 interdum
1728 2778 1804 2811 λογο-

1013 2814 1133 2848 μαχίαις.
1160 2814 1322 2849 Quanquam
1339 2813 1475 2848 reapserin
1490 2820 1561 2841 secta
1582 2813 1797 2847 Mmmphvsilicu

1012 2857 1063 2875 non
1079 2849 1264 2884 imaginarius.
1282 2851 1328 2876 sed
1344 2850 1467 2882 capitalis
1486 2857 1563 2878 error
1580 2850 1655 2876 latet.

1048 2883 1085 2919 (“3)
1103 2884 1139 2912 Ita
1159 2885 1217 2912 cod.
1240 2893 1288 2920 pro
1305 2885 1396 2912 α’)τόν.
