1886 3056
64 219 122 246 Τίνα
135 215 180 245 οὖν
193 217 294 249 ἐσθίεις
304 238 312 250 ,
326 217 452 253 αἱρετικὲ
464 226 471 249 ;
485 217 535 250 τὴν
556 216 685 251 θεότητα,
698 216 713 251 ἢ
735 216 785 249 τὴν
803 215 849 241 ἀν-
863 216 889 245 Α.

66 265 235 301 θμυπὸτητα;
252 263 307 290 υύκ
339 261 400 290 εἷπε
426 263 481 298 γὰρ
502 263 516 288 6
533 262 662 298 Χριστος,
679 262 708 288 ’0
730 260 847 296 τρώγων

69 320 112 347 μου
126 310 172 346 τὴν
187 309 315 345 θεότητα.
333 309 402 337 ἀλλὰ
420 309 488 344 ,Τὴν
503 309 603 344 σάρκα.

97 357 169 384 ΚΥΡ.
191 355 263 390 Ἐγὼ
291 357 344 391 μὲν
373 356 463 383 πίστει
494 354 694 390 μεταλαμϐἀνω
721 355 771 389 τὴν
799 353 847 380 τοῦ

67 402 186 435 ζωοποιοῦ
204 402 295 436 Λόγου
311 402 499 434 ζωοποιοῦσαν
519 401 609 436 σάρκα
619 409 626 416 ”
647 400 709 427 ὅθεν
725 402 738 426 6
752 400 847 435 Σωτὴρ

67 450 124 483 ἐςη·
141 458 150 474 ι
172 446 204 474 οι
225 447 367 480 ἐσθίοντες
392 450 423 474 ἐκ
442 447 539 474 τούτου
562 447 610 473 τοῦ
636 447 730 482 ἄρτου,
750 447 780 472 οὑ
808 447 847 481 μὴ

67 496 205 529 γεύσωνται
221 494 342 522 θανάτου
361 496 403 526 εὶς
426 495 471 522 τὸν
488 491 574 522 αἰῶνα
586 502 592 508 ·
614 504 623 519 ι
642 495 667 520 οἱ
684 494 712 520 δὲ
729 494 848 526 ἀναξίως

68 541 321 577 μεταλαμϐάνοντες,
338 541 381 568 διὰ
394 541 444 576 τῆς
460 541 601 572 ἀπειθείας
621 540 810 576 κριθήσονται.

97 586 190 612 ΝΕΣΤ.
206 595 216 612 ‹
229 586 337 622 Κύριος
350 586 507 613 ἀπέσταλκε
527 595 561 621 με
576 586 622 612 καὶ
633 585 663 611 τὸ
674 585 787 621 Πνεῦμα
801 585 849 612 αὐ-

66 633 122 660 τοῦ·
149 632 263 667 Πνεῦμα
292 633 397 668 Κυρίου
424 633 468 659 ἐπ’
493 633 553 667 ἐμὲ,
574 629 604 658 οὗ
628 632 732 658 εἵνεκεν
757 631 848 666 ἐχρισέ

68 689 110 715 με·
126 689 134 705 ι
150 680 195 706 καὶ
219 679 265 706 διὰ
288 679 369 706 τοῦτό
382 688 482 715 φησιν’
503 689 512 705 ι
528 679 643 714 Ἔχριοέ
662 687 692 705 σε
709 680 724 706 6
736 679 814 712 Θεὸς,
834 680 848 705 6

67 726 122 758 Θεός
136 734 192 757 σου,
205 725 300 752 ἔλαιον
324 726 513 760 ἀγαλλιάσεως
529 725 606 760 παρὰ
628 725 692 757 τοὺς
716 725 849 760 μετόχους

67 781 121 799 σου·
143 782 153 798 ι
167 772 223 798 νόει
251 770 303 798 οὖν
325 773 371 798 τὸν
394 771 551 807 χρισθέντα,
574 771 702 807 ὁμολόγει
727 771 772 797 τὸν
790 771 850 806 χρί-

68 828 148 850 σαντα,
164 819 209 845 καὶ
225 818 382 854 προσκύνει
395 819 440 845 τὸν
457 819 520 845 ναὸν
536 818 583 845 διὰ
592 818 637 844 τὸν
647 819 675 844 ἐν
688 817 764 853 αὐτῷ
783 826 850 844 καφ-

66 874 176 892 οικουντα
181 886 187 891 .

96 910 170 937 ΚΥΡ.
191 909 264 944 Ἐγὼ
284 911 317 937 ὲκ
334 909 493 945 Πνεὺματος
512 909 591 943 ἁγίου
611 909 658 935 καὶ
670 909 781 944 Μαρίας
799 909 849 944 τῆς

67 957 191 993 Παρθένου
203 957 251 984 ’.ἕνα
274 957 340 984 Υἰὸν
356 958 388 983 ἐκ
406 956 452 983 δύο
464 956 588 991 ὁμολογῶ
601 965 608 972 ·
626 956 672 983 τὸν
687 957 734 983 ἕνα
749 957 789 988 εἰς
803 956 850 982 δύο

67 1005 92 1031 οὗ
107 1004 207 1039 διαιρῶ.

98 1050 188 1076 ΝΕΣΤ.
205 1050 272 1081 Πῶς
291 1051 400 1084 ἀγνοεῖν
427 1049 517 1084 λέγεις
532 1049 581 1084 τὴν
594 1048 678 1085 ὥραν,
696 1049 730 1084 ἢν
744 1050 759 1076 6
786 1049 850 1080 Υἰὺς

67 1096 110 1122 οὑκ
123 1094 198 1129 οἶδεν,
225 1097 249 1122 εἰ
279 1097 318 1132 μὴ
344 1097 424 1131 μόνος
441 1097 456 1122 6
484 1097 596 1131 Πατὴρ;
623 1097 658 1122 Ἢ
689 1096 748 1128 πῶς
773 1095 851 1127 εἰδὼς

69 1144 176 1178 ἀρνεῖται
194 1142 269 1178 [ωδ.
295 1143 434 1178 ἄρχεταιις
452 1144 487 1169 Ἢ
503 1143 540 1178 μὴ
562 1143 651 1174 εἰδὼς,
671 1142 731 1174 πῶς
748 1142 850 1178 ἐκλήθη

70 1189 138 1223 σοφία
163 1189 209 1216 καὶ
236 1189 357 1223 δύναμις
380 1188 449 1215 Θεοῦ
477 1190 492 1215 6
515 1190 566 1224 τῆς
592 1189 704 1223 ἀγνοίας
730 1188 852 1224 μετέχων

73 1236 135 1271 (end.
150 1235 194 1262 τὸν
210 1235 328 1270 ἀγνοίας
343 1235 493 1271 μετέχοντα
507 1235 617 1270 τόπον);

868 909 887 935 Β

100 1325 175 1352 ΚΥΡ.
188 1326 246 1353 Οὐκ
273 1327 368 1360 ἁγνοεί
384 1326 397 1353 6
409 1325 473 1357 Υἱὸς
491 1325 539 1352 τοῦ
562 1325 635 1352 Θεοῦ
646 1325 695 1360 τὴν
714 1324 800 1361 ὥραν,
818 1323 853 1350 τὰ

71 1371 147 1398 πάντα
160 1371 238 1404 εἰδὼς
261 1373 311 1398 καὶ
326 1371 395 1407 ἔχων
410 1373 438 1398 ὲν
455 1372 545 1408 ἑαυτῷ
561 1372 607 1398 τὸν
619 1372 741 1407 Πατέρα,
761 1370 853 1402 καθὼς

72 1418 139 1448 αὐτὸς
151 1414 226 1444 εἶπεν
239 1425 245 1432 ·
268 1427 278 1443 ι
299 1418 394 1449 οὐδεὶς
410 1418 540 1452 γινώσκει
555 1419 600 1445 τὸν
614 1418 736 1453 Πατέρα,
751 1418 776 1444 ει
790 1417 827 1453 μὴ
840 1418 854 1443 6

73 1463 141 1495 Υἱός·
165 1474 173 1489 ι
193 1464 275 1499 μόνος
289 1464 341 1500 τὴν
366 1464 447 1499 φύσιν
460 1464 507 1491 τοῦ
529 1464 637 1499 Πατρὸς
650 1464 780 1498 γινώσκει
804 1463 854 1498 τὴν

74 1511 117 1545 πρὸ
128 1511 244 1542 πάντων,
262 1511 312 1538 καὶ
331 1511 363 1538 τὸ
376 1511 453 1543 τέλος
467 1511 515 1538 τοῦ
538 1511 636 1542 αἰῶνος
651 1511 747 1545 ἀγνοεῖ
760 1511 775 1537 6
790 1510 854 1542 Υἱὸς

71 1556 109 1582 εοῦ
121 1557 202 1589 Θεοῦ;
231 1558 279 1592 Μὴ
298 1557 421 1591 γένοιτο·
439 1557 496 1584 ἀλλ’
512 1558 605 1590 ἀγνοεῖ
621 1556 671 1591 μὲν
687 1557 701 1583 ὀ
721 1556 792 1582 κατὰ
805 1555 852 1590 χά-

74 1612 109 1638 ριν
121 1604 190 1637 Υἱὸς,
209 1604 239 1630 οὐ
265 1604 360 1638 μέντοι
376 1612 409 1637 γε
432 1605 446 1630 6
465 1603 536 1630 κατὰ
552 1602 649 1637 φύσιν·
677 1602 748 1628 κατὰ
774 1602 855 1637 χάριν

73 1650 141 1684 ἡμεῖς
154 1651 236 1684 ἐσμεν
258 1649 424 1684 ἀγνοοῦντες
443 1649 474 1675 τὸ
493 1649 557 1680 πᾶν,
571 1649 618 1675 καὶ
639 1648 724 1684 μηδὲν
742 1647 856 1674 ἐπιστάς

74 1705 138 1731 μενοι
151 1697 213 1732 περὶ
228 1697 263 1723 τὰ
278 1696 344 1731 τέλη
358 1696 405 1723 τοῦ
416 1696 524 1728 αἰῶνος.

104 1741 194 1769 ΝΕΣΤ.
207 1742 334 1774 Φυσικῶς
351 1741 490 1777 πεινῶμεν
502 1742 550 1768 καὶ
561 1741 684 1776 διψῶμεν
697 1742 743 1768 καὶ
757 1740 856 1767 καθεύ-

74 1786 153 1822 δομεν,
169 1787 199 1813 οὐ
212 1787 313 1823 γνώμῃ
330 1786 410 1814 τοῦτο
427 1787 589 1822 πάσχοντες.
609 1786 668 1813 ἀλλ’
682 1786 792 1821 ἀνάγκῃ
806 1786 857 1820 φύ-

75 1840 133 1865 σεως
155 1833 348 1868 ὑποκείμενον
366 1833 392 1859 τι
407 1831 473 1865 οὖν;
490 1832 669 1868 εὑρεθήσεται
695 1831 760 1863 Θεὸς
773 1833 858 1866 ἀναγ-

75 1880 201 1911 καπικοίς
216 1879 314 1914 νόμοις
327 1878 527 1912 ὲξακολουθῶν;
545 1879 592 1914 Μὴ
604 1878 719 1913 γένοιτο.

106 1925 180 1952 ΚΥΡ.
199 1926 297 1961 Ἡμεῖς
313 1925 362 1960 μὲν
382 1924 504 1958 φυσικῶς
518 1924 656 1959 πεινῶμεν
675 1925 723 1951 καὶ
736 1923 858 1959 διψῶμεν

76 1973 116 1999 καὶ
128 1972 304 2008 καθεύδομεν,
317 1972 348 1999 οὐ
358 1971 467 2007 γνώμῃ,
481 1971 539 1998 ἀλλ’
555 1970 663 2006 ἀνάγκῃ
677 1970 786 2005 φύσεως
799 1970 858 1996 δου-

76 2018 203 2050 λεύοντες·
227 2019 310 2050 αὐτὸς
329 2018 358 2045 δὲ
383 2018 433 2044 οὐκ
448 2017 567 2054 ἀνάγκῃ,
585 2017 655 2043 ἀλλὰ
677 2016 791 2052 γνώμῃ·
810 2016 858 2042 καὶ

77 2065 124 2100 γὰρ
138 2065 168 2091 ἐκ
181 2065 262 2091 πέντε
280 2065 373 2100 ἄρτων
386 2063 623 2099 πεντακισχιλίους
636 2063 795 2098 ὲχόρτασεν,
810 2062 858 2088 καὶ

77 2111 103 2144 ἐξ
117 2111 180 2138 ἑπτὰ
194 2111 276 2138 πάλιν
291 2110 528 2146 τετρακισχιλίους
540 2118 547 2124 ·
564 2109 645 2141 αὐτὸς
664 2107 740 2135 εἶπεν
753 2117 760 2124 ·
777 2118 785 2133 ι
804 2108 858 2134 Οὑ-

77 2158 125 2189 6:1;
141 2158 271 2192 λαμόἁνει
287 2159 337 2193 τὴν
357 2157 447 2192 ψυχήν
471 2165 521 2192 μου
546 2156 595 2183 ἀπ’
610 2155 689 2190 ἐμοῦ,
711 2154 769 2182 ἀλλ’
794 2155 859 2181 ὃταν

80 2203 140 2230 θέλω
157 2203 284 2239 λαμϐάνω
298 2203 399 2238 αὐτὴν
419 2212 429 2228 ›
444 2202 532 2233 οὐδεὶς
544 2201 572 2228 δὲ
589 2201 733 2237 ἄνθρωπος
747 2199 859 2227 δύναται.

79 2249 149 2277 τοῦτο
167 2251 290 2286 ποιῆσαι,
307 2251 332 2277 εἰ
349 2250 386 2286 μὴ
399 2250 414 2276 6
429 2249 509 2284 μόνος
522 2247 652 2284 Χριστός.

876 2264 899 2292 D

113 2385 207 2412 ΝΕΣΤ.
228 2385 326 2420 Λέγεις
342 2385 384 2411 ὅτι
409 2383 510 2411 ἔπαθεν
533 2385 547 2410 6
565 2383 630 2413 Υἱός
643 2391 651 2415 ;
666 2381 788 2408 Ἔπαθεν
814 2380 861 2407 οὖν

82 2431 124 2458 ut
136 2432 149 2458 6
161 2432 254 2470 Πατήρ
264 2439 271 2446 ·
291 2432 316 2458 εἰ
327 2431 356 2459 δὲ
367 2430 458 2464 λέγεις
478 2431 519 2457 ὅτι
533 2430 548 2456 6
562 2429 657 2465 Πατὴρ
676 2429 726 2455 οὐκ
749 2427 861 2460 ἔπαθεν,

84 2479 238 2514 ὲτεροούσιον
252 2477 336 2505 αὐτοῦ
351 2478 506 2512 πεποίηκας
516 2476 562 2503 τὸν
574 2476 650 2503 Υἱόν.

113 2524 188 2550 ΚΥΡ.
209 2523 278 2550 Οΰτε
303 2523 348 2550 τὸν
364 2522 476 2558 Πατέρα
496 2522 568 2557 λέγω
584 2521 716 2557 παθητὸν,
736 2520 798 2547 οὔτε
814 2519 859 2546 τὸν

84 2569 141 2596 Υἱὺν
154 2570 243 2606 ἁπαθῆ
255 2578 262 2586 ·
277 2570 334 2596 ἀλλ’
343 2570 447 2601 ἀπαθὲς
460 2570 510 2604 μὲν
525 2569 555 2595 τὸ
568 2569 657 2600 Θεῖον,
669 2569 710 2594 ὅτι
726 2568 774 2594 καὶ
785 2566 860 2594 ἀσώ-

87 2623 161 2649 ματον
173 2625 179 2631 ·
193 2615 314 2652 παθητὸς
327 2615 357 2642 δὲ
371 2615 385 2641 6
400 2614 501 2650 Κύριος
517 2613 562 2640 διὰ
573 2613 623 2648 τὴν
641 2613 739 2648 σάρκα.

117 2704 208 2732 ΝΕΣΤ.
231 2705 303 2739 Ἐγὼ
316 2705 344 2732 οὺ
362 2704 434 2738 λέγω
444 2703 490 2730 τὸν
499 2703 585 2737 Λόγον
601 2702 691 2738 σάρκα
704 2700 861 2735 γενόμενον,

88 2749 141 2776 οὐδὲ
153 2750 271 2778 παθόντα
283 2760 290 2766 ·
307 2751 412 2783 ἀπαθὲς
426 2750 480 2785 γὰρ
491 2749 521 2776 τὺ
533 2749 620 2782 Θεῖον,
631 2748 677 2775 καὶ
689 2746 784 2774 παθῶν
795 2746 862 2773 ἀνώς

121 2853 140 2868 ’⁵
155 2852 228 2881 Joan.
240 2861 278 2882 Vl.
294 2853 337 2881 57.
376 2854 398 2869 ’τ’
412 2853 487 2880 Jnan.
503 2862 538 2882 vt.
555 2854 597 2881 59.
638 2853 659 2868 “‘
676 2852 727 2879 lsa.
743 2859 835 2880 vatn.
854 2850 895 2878 l6.

93 2885 163 2917 Herc.
183 2897 238 2923 χιιι,
255 2889 300 2917 59..
338 2889 359 2905 ³³
374 2888 453 2918 ιιοιιιι.
470 2898 494 2924 tt,
511 2890 554 2917 58.
594 2889 615 2905 ³⁸
631 2888 725 2917 Matth.
744 2895 781 2919 tu.
796 2886 841 2914 27.
882 2885 903 2902 ⁵⁸

640 155 819 184 οιΑιθοιιε
839 153 911 182 CUM
931 153 1114 182 NESTORIO;

1642 150 1705 178 254a

903 220 971 242 trem
987 214 1022 242 ’⁸.
1052 213 1206 248 ριιὶἁλθιεο
1231 212 1395 244 manducas,
1415 219 1431 239 ο
1455 209 1600 238 ltmretice?
1627 209 1697 235 divi'

899 261 1022 291 nitatem,
1036 267 1069 286 an
1086 257 1364 286 humanitatem?Non
1385 257 1458 284 enim
1472 255 1674 283 dixitGltristus
1687 263 1694 281 :

900 306 950 339 Qui
969 305 1114 332 manducat
1128 312 1214 331 meam
1227 304 1406 336 divinitatem,
1421 303 1481 334 sed,
1502 291 1623 329 carnem.

934 351 1013 378 CYR.
1032 351 1087 383 Ego
1102 350 1153 377 ﬁde
1170 349 1270 382 recipio
1292 348 1456 375 vivilicanlis
1473 345 1555 373 Verbi
1571 352 1694 372 carnem.

899 398 976 425 Unde
989 396 1118 424 Servatur
1131 396 1185 422 ait:
1207 404 1216 420 ι
1233 394 1283 428 Qui
1304 393 1469 421 manducaut
1490 400 1523 419 ex
1545 392 1597 419 hoc
1614 397 1694 426 pane,

900 452 952 471 non
970 444 1116 479 gustabunt
1139 447 1256 469 mortem
1272 441 1298 468 in
1326 446 1459 468 aeternum
1476 439 1511 465 ”.
1532 447 1542 464 ι
1558 437 1609 471 Qui
1630 443 1696 464 vero

900 491 1007 525 indigne
1041 492 1163 520 sumtmt,
1193 479 1307 522 propter
1334 485 1555 514 incredulitatem
1590 482 1699 517 judica-

900 539 1010 566 buntur.

936 582 1036 610 NEST.
1054 591 1062 607 ι
1086 581 1215 608 Dominus
1229 579 1303 607 misit
1330 585 1373 605 me
1395 581 1423 604 et
1448 576 1565 612 Spiritus
1588 574 1648 609 eius
1660 575 1694 601 ³⁸;

901 629 1020 663 Spiritus
1047 626 1153 654 Domini
1179 632 1262 660 super
1291 632 1343 656 me,
1375 627 1485 657 propter
1515 621 1587 656 quod
1618 619 1696 647 unxit

901 674 985 701 me“.
1000 682 1009 698 ι
1024 673 1138 706 Ideoque
1153 671 1220 698 dixit
1235 679 1241 696 :
1261 679 1271 695 (
1295 669 1376 696 Unxit
1389 674 1415 695 te
1438 668 1518 698 Deus,
1535 667 1604 694 Deus
1619 669 1693 696 tuus.

901 722 960 748 oleo
976 720 1075 747 laetitiae
1100 725 1155 753 prs
1172 717 1345 744 consortibus
1361 715 1415 742 tuis
1429 715 1479 740 ³³.»
1494 713 1616 748 lntellige
1627 720 1692 747 ergo

903 771 1025 794 unctum.
1036 763 1165 790 conlltere
1177 766 1330 796 ungeutem,
1349 760 1432 787 adora
1442 759 1570 794 templum
1585 762 1697 792 proptet:

903 819 966 838 eum
983 809 1028 844 qui
1046 809 1072 835 in
1086 809 1144 843 ipso
1163 807 1278 834 habitat.

936 899 1016 926 CYR.
1047 898 1101 932 Ego
1122 905 1154 924 ex
1172 901 1268 924 sancto
1292 894 1395 930 Spiritu
1419 898 1446 920 et
1471 892 1557 919 Maria
1586 892 1696 927 Virgine

903 954 985 973 unum
1013 945 1111 972 Filium
1129 951 1162 970 ex
1191 942 1297 969 duobus
1323 939 1466 968 conﬁteor.
1483 938 1572 965 Unum
1585 939 1611 964 in
1628 938 1697 965 duos

903 1001 955 1020 non
975 991 1075 1018 divido.

938 1036 1038 1064 NEST.
1058 1035 1198 1069 Quomodo
1215 1031 1325 1069 (illum)
1341 1032 1466 1066 ignorare
1492 1030 1562 1057 dicis
1585 1029 1696 1060 horam,

903 1091 984 1118 quant
1017 1090 1111 1116 reapse
1137 1081 1221 1108 Filius
1252 1079 1376 1110 nescivit,
1399 1077 1482 1103 Pater
1504 1080 1595 1103 autent
1621 1075 1703 1102 solus.

902 1130 981 1156 scivit
993 1128 1038 1154 “‘2
1061 1128 1113 1154 Aut
1129 1126 1275 1162 quomodo,
1299 1124 1322 1151 si
1335 1123 1418 1151 Filius
1431 1121 1522 1155 scivit,
1534 1122 1560 1148 id
1574 1120 1698 1156 negavit?

904 1175 952 1202 Vel
967 1175 990 1202 si
1013 1181 1107 1201 revera
1129 1172 1254 1203 nescivit,
1274 1169 1410 1205 quomodo
1430 1167 1578 1202 appellatus
1596 1171 1637 1193 est
1650 1173 1693 1193 sa-

904 1221 1004 1256 pientia
1021 1228 1053 1247 ac
1066 1219 1151 1246 virtus
1168 1217 1226 1249 Dei,
1241 1217 1264 1244 is
1278 1215 1323 1251 qui
1333 1213 1448 1242 inscitiae
1457 1219 1562 1247 partem
1578 1212 1699 1247 aliquam

904 1267 1019 1295 habuit?

943 1315 1025 1345 CYB.
1044 1314 1107 1341 Non.
1122 1313 1230 1348 ignorat
1243 1310 1289 1338 Dei
1308 1309 1393 1337 Filius
1412 1309 1507 1336 horam
1519 1326 1527 1339 ,
1542 1305 1589 1340 qui
1603 1303 1701 1331 omnia

904 1365 981 1392 novit
995 1359 1168 1395 hubetquein
1193 1366 1222 1385 se
1243 1359 1301 1391 ipso
1322 1356 1430 1383 Patrem
1444 1355 1478 1386 ν’,
1505 1358 1534 1380 ut
1558 1352 1615 1386 ipse
1637 1350 1697 1377 ait:

908 1421 916 1437 ι
933 1410 1017 1437 Nemo
1032 1407 1105 1435 novit
1120 1406 1227 1432 Patrem
1240 1404 1291 1430 nisi
1303 1401 1430 1428 Filius“.
1451 1411 1460 1427 ι
1482 1399 1561 1426 Solus
1578 1398 1636 1432 ipse
1649 1404 1699 1423 na-

906 1463 994 1484 turam
1007 1454 1096 1481 Patris
1114 1451 1255 1486 cognoscit
1282 1458 1341 1484 qmc
1361 1453 1401 1476 est
1414 1452 1477 1474 ante
1489 1445 1593 1477 omnia,
1608 1442 1699 1470 saeculi

905 1510 969 1530 vero
984 1502 1062 1528 linem
1075 1499 1160 1526 Filius
1171 1497 1217 1524 Dei
1230 1494 1358 1531 ignorat?
1373 1492 1468 1520 Absitl
1482 1492 1593 1526 ignorat
1607 1488 1701 1522 utique

906 1550 932 1577 is
954 1549 999 1583 qui
1016 1545 1166 1574 secundum
1184 1543 1298 1578 gratiam
1312 1545 1355 1568 est
1383 1539 1465 1570 ﬁlius,
1495 1545 1552 1565 non
1579 1534 1703 1570 profecto

910 1596 954 1623 ille
980 1594 1026 1629 qui
1042 1590 1191 1620 secundum
1216 1592 1354 1615 naturam.
1377 1586 1462 1612 Porro
1477 1583 1624 1611 secundum
1638 1587 1701 1616 gra-

911 1643 976 1669 tiam
989 1626 1044 1666 nos
1063 1643 1167 1668 sumus,
1183 1636 1228 1669 qui
1253 1633 1374 1660 funditus
1398 1632 1565 1666 ignoramus,
1581 1626 1702 1661 nihilque

910 1689 943 1715 ad
964 1687 1044 1714 linem
1054 1683 1144 1712 saeculi
1155 1681 1295 1717 pertinens
1315 1680 1429 1706 scimus.

945 1731 1047 1760 NEST.
1064 1728 1232 1758 Naturaliter
1247 1725 1394 1762 esurimus,
1407 1723 1526 1754 sitimus,
1545 1725 1626 1755 atque
1640 1719 1704 1746 dor-

911 1780 1021 1811 mimus,
1052 1776 1124 1804 haud
1150 1773 1300 1802 deliberate
1327 1772 1353 1798 id
1379 1772 1499 1805 agentes,
1527 1768 1574 1795 sed
1601 1770 1704 1792 natura:

911 1825 1075 1854 necessitate
1089 1827 1214 1856 cogente.
1228 1819 1298 1852 Quid
1320 1816 1406 1852 ergo?
1421 1814 1491 1842 Num
1503 1814 1574 1841 Deus
1594 1818 1704 1846 compe-

912 1873 999 1900 rietur
1015 1868 1177 1904 cogentibus
1194 1865 1299 1900 legibus
1314 1860 1525 1898 obtemperare?
1540 1859 1634 1886 Absit!

946 1916 1028 1946 CYB.
1045 1915 1098 1942 Nos
1107 1913 1216 1949 quidem
1238 1910 1402 1938 naturaliter
1421 1907 1567 1937 esurimus,
1586 1905 1703 1937 silimus,

912 1958 992 1999 atque
1006 1961 1166 1992 dormimus,
1186 1965 1239 1986 non
1252 1961 1358 1992 sponte,
1369 1955 1417 1982 sed
1431 1958 1536 1981 natura:
1549 1950 1705 1979 necessitati

913 1995 1152 2041 sel'vientesﬂpse
1179 2011 1245 2032 vero
1268 2010 1320 2029 non
1344 2005 1471 2032 coactus,
1488 1998 1534 2026 sed
1557 2001 1653 2031 sponte
1679 1995 1705 2021 id

912 2040 1115 2089 experiebatur.
1134 2051 1205 2078 Idem
1224 2049 1324 2083 quippe
1340 2051 1382 2074 est
1397 2045 1443 2080 qui
1461 2045 1581 2079 quinque
1591 2040 1706 2076 panibus

912 2088 1032 2134 quinque
1062 2095 1145 2123 millia
1177 2093 1315 2121 hominum
1348 2089 1480 2118 saturavit
1495 2088 1527 2120 “,
1555 2093 1580 2114 et
1607 2093 1703 2113 rursus

913 2131 1015 2178 septem
1039 2141 1154 2178 panibus
1187 2139 1269 2166 millia
1304 2141 1420 2172 quatuor
1435 2136 1468 2162 ³⁷.
1502 2134 1573 2161 Idem
1601 2131 1668 2159 dixit.
1696 2139 1704 2157 :

917 2201 926 2217 ι
947 2189 1032 2218 Nemo
1043 2187 1114 2216 tollit
1136 2187 1255 2214 animum
1272 2191 1360 2211 meam
1374 2191 1389 2209 a
1406 2188 1458 2214 me,
1471 2181 1529 2211 sed,
1551 2186 1611 2206 cum
1634 2177 1705 2208 volo»,

914 2243 974 2263 eam
1004 2237 1129 2270 pono;et
1157 2238 1264 2262 rursus,
1282 2236 1344 2256 cum
1369 2227 1441 2259 volo,
1466 2234 1543 2254 sumo
1569 2231 1629 2251 eam
1645 2222 1678 2249 ³⁸.
1695 2230 1705 2247 ι

915 2282 1010 2310 Nullus
1034 2285 1124 2307 autem
1152 2278 1205 2306 hoc
1226 2283 1307 2312 agere
1334 2279 1424 2310 potest
1444 2274 1535 2304 homo,
1561 2270 1613 2297 nisi
1639 2276 1708 2296 unus

913 2328 1049 2354 Christus.

952 2371 1052 2400 NEST.
1078 2370 1127 2398 Ais
1149 2369 1247 2397 Filium
1263 2373 1373 2403 passum
1394 2363 1590 2392 esse?Passus
1618 2360 1709 2393 itaque

914 2419 995 2446 etiam
1008 2416 1089 2444 Pater
1105 2420 1158 2442 est.
1171 2413 1247 2447 Quod
1259 2413 1282 2440 si
1297 2418 1377 2446 negas
1389 2409 1498 2437 Patrem
1510 2414 1570 2434 esse
1579 2412 1706 2440 passum,

916 2466 1030 2492 diversze
1045 2463 1079 2490 ab
1091 2469 1123 2489 eo
1136 2460 1295 2489 substantite
1315 2457 1414 2486 Filium
1431 2461 1491 2483 esse
1507 2453 1618 2481 :tsscris.

950 2510 1032 2538 ΟΥΕ.
1048 2509 1142 2543 Neque
1163 2507 1271 2534 Patrem
1289 2503 1444 2540 passibilem
1460 2501 1534 2533 dico,
1551 2505 1640 2534 neque
1662 2495 1709 2526 Fi-

914 2557 978 2584 lium
993 2554 1185 2591 impassibilein
1199 2562 1206 2580 :
1225 2553 1272 2580 sed
1285 2549 1459 2586 impassibilis
1478 2546 1627 2579 estdeitas,
1644 2545 1708 2580 quia

914 2604 1093 2638 incorporea;
1112 2599 1248 2635 passibilis
1271 2605 1334 2625 vero
1357 2594 1488 2622 Dominus
1514 2596 1626 2628 propter
1647 2598 1709 2618 car-

915 2658 986 2677 DCIII.

948 2694 1049 2722 NEST.
1065 2694 1121 2728 Ego
1134 2700 1187 2720 non
1199 2692 1243 2718 aio
1255 2690 1374 2717 Verbum
1389 2688 1492 2716 factum
1512 2693 1573 2714 esse
1583 2691 1705 2715 carnem.

914 2749 1003 2776 neque
1030 2747 1162 2775 passum;
1179 2742 1222 2765 est
1248 2736 1319 2764 enim
1351 2732 1528 2768 impassibilis
1553 2731 1659 2762 deitas;
1680 2733 1708 2756 et

934 2850 954 2864 ¹¹
975 2848 1026 2876 lsu.
1041 2856 1096 2879 ιιι,
1114 2846 1123 2873 l
1146 2855 1152 2878 ;
1169 2845 1234 2872 Luc.
1253 2853 1290 2876 ιν,
1316 2844 1356 2871 l8.
1387 2843 1425 2879 7"
1440 2841 1512 2879 P_.~r_:tl_.
1534 2846 1604 2869 Iuv.
1622 2834 1707 2879 28;"

919 2870 1123 2915 Marci-vd.-
1146 2870 1345 2911 ’ίΜειίιιίιινς
1362 2878 1406 2906 36.
1457 2876 1479 2892 ³⁸
1496 2876 1572 2904 Joan.
1596 2881 1623 2904 ε,
1643 2870 1683 2899 1.8.
