1886 3056
67 127 112 155 257

68 185 160 211 τούτων
188 185 307 216 εὐκόλως
337 187 472 222 τιμωρίαν
502 189 683 224 ἐκφύγωμεν·

67 229 139 267 ἧττον
153 230 201 257 καὶ
227 231 308 257 τοῦτο
328 232 398 267 apt;
422 235 478 265 τοῖς
504 234 593 265 ἄλλοις
619 235 794 270 προείρηκεν,
818 236 855 267 ᾡς

68 278 165 304 ἔσονται
188 277 383 314 ψευδόχριστοι
406 280 453 306 καὶ
477 280 732 314 ψευδοδιδάσκαλοι,
759 281 856 313 οἵτινες

69 323 274 359 παρεισάξουσιν
298 325 422 358 αἱρέσεις
442 326 590 358 ἀπωλείας.
611 328 692 354 αὑτὸν
710 328 756 354 τὸν
776 328 856 362 μόνον

70 370 197 404 Δεσπότην
212 370 262 396 καὶ
279 369 385 405 Κύριον
399 371 478 406 ἡμῶν
503 372 606 407 Ἰησοῦν
620 373 737 408 Χριστὸν
757 374 855 409 ἀρνού-

71 423 155 450 μενοι·
186 415 235 441 καὶ
264 415 360 442 πολλοὶ
388 415 652 453 ἐξακολουθήσουσιν
681 419 770 446 αὐτῶν
797 421 855 450 ταῖς

69 461 223 495 ἀσελγείαις,
251 461 287 488 δι’
313 462 362 494 οὓς
385 463 483 499 ἠδόξει
509 464 558 499 τῆς
586 465 716 500 ἀληθείας
737 465 857 500 βλασφη-

70 507 240 543 μισθήσεται·
271 508 316 534 ἵνα
342 509 446 535 τούτων
468 510 698 545 παραγενομένων
723 511 856 546 μηδαμῶς

68 553 223 588 ἀπατώμεθα
235 574 243 584 ,

66 598 193 633 ὣγμασιν.

98 643 128 678 β’.
154 643 343 679 Πεπλήρωται
368 644 398 675 δὲ
425 644 477 678 τῆς
506 646 683 682 προρρήσεως
705 645 736 672 τὸ
758 646 854 681 ἔργον·

70 688 154 716 πολλαὶ
170 689 226 725 γὰρ
251 690 327 716 κατὰ
350 690 447 726 καιρὸν
472 691 659 726 ἐπανέστησαν
678 691 798 726 αἱρέσεις
821 693 854 726 τῇ

69 735 107 763 τοῦ
130 735 195 762 Θεοῦ
227 736 394 772 Ἐκκλησία,
415 738 464 772 τὴν
490 737 574 773 ὀρθὴν
595 738 746 774 παραλύειν
773 738 855 765 πολυ-

68 782 163 817 τρόπως
183 781 349 817 βιαζόμεναι
368 783 468 816 πίστιν,
488 780 526 811 ὧν
546 784 563 819 ἡ
586 784 637 818 μὲν
652 784 698 811 τὸν
716 783 764 810 τοῦ
786 784 854 810 Θεοῦ

69 830 142 863 Λόγον
157 828 230 860 ξένον
247 829 427 856 παντάπασιν
442 829 491 864 τῆς
509 831 638 866 πατρῴας
655 831 749 862 οὐσίας
765 830 854 864 λέγειν

281 555 340 586 τοῖς
372 554 506 591 ὀλεθρίοις
533 556 622 582 αὐτῶν
657 557 856 588 ὑποπίπτοντες

68 874 232 910 τετόλμηκεν,
244 875 261 908 ἡ
278 874 309 900 δὲ
325 874 371 900 τοῦ
387 874 545 909 Πνεῦματος
554 875 602 910 τὴν
616 876 694 908 ἀξίαν
708 876 852 910 ἠγνόηκεν,
870 867 891 893 Β

68 921 82 956 ἡ
100 920 125 948 δὲ
143 920 191 954 τῆς
209 919 362 955 ἐπιδημίας
381 920 429 946 τοῦ
451 920 538 954 Λόγου
563 921 702 956 ἠρνήσατο
722 920 770 956 τὴν
787 920 854 954 ἁλή-

69 966 148 994 θειαν’
178 965 285 1002 ἐσχάτη
315 965 344 993 δὲ
376 965 472 992 πασῶν
491 965 620 1001 καθάπερ
648 965 851 1002 τρυγίας[εο‹1.

68 1012 86 1038 Δ
102 1011 225 1047 τρυγίος,
248 1011 270 1037 Β
291 1010 413 1047 τρυγία]
437 1011 491 1038 τῶν
514 1012 626 1043 κακῶν,
646 1013 662 1047 ἡ
684 1012 732 1038 νῦν
750 1012 853 1039 ἀναπέ-

69 1067 156 1091 φανται
189 1058 376 1093 βλασφημία,
418 1058 455 1093 μὴ
491 1059 655 1093 γεγενῆσθαι
687 1058 732 1085 τὸν
767 1058 853 1092 Λόγον

68 1103 216 1139 ἄνθρωπον,
241 1103 304 1129 ἀλλ’
337 1103 366 1129 ὲν
401 1103 538 1138 ἀνθρώπῳ
565 1104 722 1138 γεννηθέντι
746 1105 778 1131 ἐκ
803 1112 853 1138 γυ-

70 1150 149 1181 ναικὸς
177 1150 351 1184 ἑνῳκηκέναι
383 1148 516 1183 λέγουσα·
551 1150 590 1181 ὡς
617 1149 709 1176 λοιπὸν
741 1151 780 1180 εἰς
807 1150 854 1177 δύο

69 1195 107 1220 τὸν
135 1194 181 1220 ἕνα
215 1194 337 1229 Χριστὸν
368 1195 413 1221 διὰ
440 1194 520 1221 τοῦτο
554 1195 723 1230 μερίζεσθαι,
756 1197 796 1228 είς
823 1205 852 1223 τε

70 1240 135 1271 Θεὸν,
153 1240 236 1275 φημὶ,
256 1240 306 1267 καὶ
319 1239 464 1276 ἄνθρωπον
476 1249 484 1256 ο
502 1240 560 1267 ἔστι
577 1241 606 1267 δὲ
625 1240 704 1267 τοῦτο
720 1241 771 1276 τῆς
786 1243 854 1268 ἀπο-

70 1285 182 1320 στολικῆς
195 1285 378 1317 διδασκαλίας
392 1286 546 1321 ἀλλότριον,
563 1286 727 1323 δαιμονικῆς
742 1287 770 1313 δὲ
785 1288 854 1322 μᾶλ-

71 1333 108 1359 λην
122 1333 239 1363 ἐπινοίας
253 1332 404 1368 ὲφεὺρεσις
415 1341 421 1347 '
443 1332 587 1368 ἄνθρωπον
608 1333 658 1367 μὲν
671 1333 726 1368 γὰρ
747 1333 792 1360 τὸν
806 1333 852 1360 τοῦ

71 1378 127 1404 Θεοῦ
141 1378 224 1411 Λόγον
246 1379 297 1404 ἐπὶ
319 1379 460 1413 συντελείᾳ
480 1379 534 1405 τῶν
559 1379 665 1406 αἰώνων
681 1380 825 1415 γενόμενον
839 1382 853 1408 ὁ

72 1424 132 1456 θεῖος
149 1425 214 1459 ἡμῖν
235 1425 448 1458 εὐαγγελίζεται
467 1425 556 1459 λόγος,
581 1425 631 1452 οὐκ
654 1427 694 1457 εἰς
709 1426 852 1461 ἀνθρώπου

73 1470 247 1502 μεταϐαλόντα
267 1470 362 1504 φύσιν,
379 1470 447 1497 ἀλλὰ
465 1470 567 1506 ταύτην
589 1471 628 1502 είς
654 1471 751 1497 ἑαυτὸν
768 1479 853 1506 προσ-

72 1515 205 1551 λαϐόμενον
215 1524 222 1531 ·
238 1515 378 1552 ἄτρετπος
388 1516 444 1552 γὰρ
457 1516 576 1551 ὑπάρχει
595 1516 643 1543 καὶ
656 1516 835 1548 ἀναλλοίωτος
844 1525 851 1531 ·

73 1561 92 1587 εί
103 1561 138 1593 δὲ,
152 1561 278 1597 καθάπερ
301 1561 401 1588 ἐκεῖνοί
419 1570 511 1596 φασιν,
535 1563 574 1593 είς
591 1561 737 1597 ἄνθρωπον
754 1564 786 1589 ἐκ
804 1571 853 1597 γυ-

72 1608 152 1639 ναικὸς
167 1608 300 1643 τεχθέντα
319 1609 336 1643 ἡ
359 1607 419 1634 θεία
437 1607 548 1642 γέγονεν
566 1608 750 1642 ἐπιφοίτησις,
773 1608 854 1634 τοῦτο

72 1654 111 1679 καὶ
119 1654 146 1680 ὲν
157 1655 212 1685 τοῖς
228 1654 388 1688 προφήταις
402 1654 484 1679 πᾶσιν
497 1653 602 1686 ἐγίνετο
613 1661 621 1668 ·
633 1653 686 1679 ἔδει
699 1654 853 1690 τοιγαροῦν,

73 1698 138 1733 ειπερ
158 1698 244 1730 οὕτως
266 1698 389 1733 ἐγένετο,
414 1699 625 1734 μεμερισμένως
643 1699 759 1726 ἑκάστου
780 1701 854 1735 παρὰ

72 1745 102 1778 τῇ
117 1744 172 1780 θείᾳ
188 1745 286 1780 Γραφῇ
301 1745 351 1776 τὰς
369 1745 515 1780 ὁμολογίας
531 1745 708 1780 εὑρίσκεσθαι
719 1753 725 1760 ·
743 1745 790 1772 καὶ
807 1746 853 1772 τον

75 1791 116 1827 μὲν
138 1791 188 1827 ίδία
203 1793 265 1819 καθ’
290 1792 386 1819 ἑαυτὸν
413 1793 451 1824 ὡς
474 1793 540 1820 Θεοῦ
558 1794 646 1828 Λόγον
670 1794 857 1830 ἀνυμνεῖσοαι,

73 1838 193 1874 ἀνθρώπῳ
209 1838 350 1873 πρέπουσι
368 1838 527 1870 δοξάζεσθαι
540 1839 639 1872 λόγοις.

103 1888 133 1919 τ.
158 1885 225 1912 Ἀλλ’
256 1885 308 1920 οὐχ
321 1885 406 1917 οὕτως
417 1886 482 1920 ἡμῖν
494 1886 518 1912 οί
531 1886 674 1912 ἀπόστολοι
686 1887 735 1922 τὴν
748 1887 856 1914 εὐθεῖαν

74 1930 220 1965 εὐαγγελίαν
246 1931 398 1966 ἐκήρυξαν,
416 1931 473 1957 ἀλλ’
493 1931 541 1958 ἕνα
561 1931 680 1967 Χριστὸν
695 1933 761 1959 Θεὸν
786 1933 854 1968 ὁμοῦ

74 1977 115 2004 καὶ
129 1976 267 2012 ἄνθρωπον
287 1977 335 2003 τὸν
351 1977 432 2003 αὐτὸν
448 1977 659 2012 παραδεδώκασι
671 1986 677 1992 ·
705 1980 752 2006 καὶ
775 1979 854 2006 τοῦτο

75 2022 157 2057 σαφῶς
176 2024 190 2049 ό
205 2022 255 2058 μὲν
273 2022 398 2056 θεολόγος
414 2022 540 2059 Ἰωάννης
553 2025 583 2049 ὲν
596 2023 771 2058 Εὑαγγελίοις
784 2025 854 2052 διδά-

75 2074 126 2094 σκει
137 2067 220 2102 λέγων
230 2075 237 2082 ·
255 2078 264 2094 ι
281 2068 326 2094 Ἐν
349 2069 421 2104 ἀρχῇ
436 2066 470 2104 ἦν
483 2070 497 2095 ὁ
510 2069 607 2103 Λόγος,
623 2070 670 2096 καὶ
687 2071 701 2096 ὁ
721 2071 807 2105 Λόγος
819 2069 852 2107 ἦν

75 2113 134 2148 πρὸς
150 2114 193 2140 τον
216 2113 284 2141 Θεὸν
296 2136 304 2147 ,
328 2115 375 2141 καὶ
393 2114 459 2146 Θεὸς
483 2112 517 2150 ἦν
532 2116 546 2141 ὁ
565 2115 668 2149 Λόγος·
685 2125 695 2142 ι
720 2114 770 2143 εἷθ’
789 2117 853 2153 ἑξῆς

75 2159 173 2194 ὶπάγων
182 2168 188 2175 ·
209 2170 218 2186 ι
229 2161 284 2187 Καὶ
296 2161 311 2187 ὁ
320 2160 408 2194 Λόγος
418 2160 488 2196 σὰρξ
502 2161 620 2195 ἐγένετο.
641 2163 687 2188 καὶ
699 2163 852 2199 ἐσκήνωσεν

75 2204 100 2230 ἐν
110 2205 178 2240 ἡμῖν.
192 2215 202 2230 ι
218 2207 247 2232 '0
260 2206 289 2232 δὲ
306 2206 452 2241 ίεροκήρυξ
462 2206 567 2239 Παῦλος
582 2207 719 2242 Ἐόραίοις
733 2209 856 2236 ἐπιστέλ-

76 2248 111 2276 λει
130 2250 229 2284 λέγων·
267 2261 277 2277 ‹
295 2252 372 2278 Ἐπεὶ
393 2250 441 2278 οὖν
466 2253 500 2279 τὰ
530 2253 624 2279 παιδία
655 2254 852 2290 κεκοινώνηκεν

76 2295 179 2331 αἵματος
191 2298 237 2324 καὶ
254 2298 356 2332 σαρκὸς
371 2318 378 2331 ,
402 2298 450 2325 καὶ
464 2299 546 2330 αὑτὸς
562 2300 762 2335 παραπλησίως
786 2310 852 2336 μετ-

77 2342 132 2378 έσχε
155 2343 208 2370 τῶν
238 2343 364 2371 αὐτῶν.»
397 2344 519 2375 Ἀκούεις
543 2345 617 2376 ὅπως
644 2345 658 2371 ό
687 2345 736 2380 μὲν
762 2347 851 2381 σάρκα

77 2388 225 2423 γεγενῆσθαι
239 2389 287 2415 τὸν
303 2389 399 2424 Λόγον,
416 2389 430 2416 ό
449 2390 477 2416 δὲ
493 2390 574 2417 πάλιν
587 2390 668 2417 αὑτὸν
688 2391 742 2418 τῶν
761 2391 851 2418 αὐτῶν

79 2434 232 2469 μετασχόντα
246 2434 357 2470 εἴρηκεν
371 2443 378 2467 ;
394 2435 426 2461 El
440 2434 469 2461 δὲ
484 2435 629 2471 ἄνθρωπος
647 2436 696 2471 μὲν
710 2438 743 2463 ἐκ
758 2445 851 2467 γυναι-

78 2478 119 2510 κὸς
136 2480 149 2505 ό
164 2480 264 2515 Ἰησοῦς
279 2480 388 2516 ἐτέχθη,
406 2480 475 2515 μετὰ
498 2480 526 2507 δὲ
550 2480 637 2508 ταῦτα
660 2482 677 2517 ἡ
694 2481 741 2509 τοῦ
761 2482 849 2516 Λόγου

79 2523 176 2557 γέγονεν
188 2524 255 2560 πρὸς
266 2525 349 2551 αὐτὸν
367 2525 549 2560 ἐπιφοίτησις,
568 2525 621 2552 ἔδει
635 2526 758 2562 καθάπερ
775 2526 850 2562 εἴρη-

79 2576 126 2600 ται,
143 2568 187 2596 δύο
204 2569 251 2596 καὶ
274 2570 364 2604 πάντη
387 2570 596 2605 μεμερισμένως
617 2572 686 2607 πρὸς
711 2572 784 2598 ἅπαν
801 2572 851 2603 τὰς

79 2614 209 2649 ὁμολογίας
235 2615 431 2650 εὑρίσκεσθαι·
460 2617 518 2642 νυνὶ
545 2617 574 2643 δὲ
596 2619 647 2652 τῆς
669 2617 849 2645 θεοπνεύστου

80 2660 178 2696 Γραφῆς
197 2662 404 2697 κοινολογούσης
430 2662 465 2691 τά
486 2671 517 2697 ’ςε
538 2664 572 2698 τῇ
596 2663 703 2698 θεότητι
728 2664 851 2697 φυσικῶς

81 2706 228 2740 ἁρμόζοντα,
247 2708 296 2734 καὶ
311 2707 347 2734 τὰ
361 2709 403 2742 ,τῇ
427 2707 570 2743 ἀνθρώπου
593 2708 733 2743 πρέποντα
757 2709 848 2743 φύσει,

81 2752 174 2788 καθαρὰ
185 2754 232 2794 τῇς
245 2753 371 2785 ὲνὼσεως
387 2754 404 2788 ἡ
424 2754 565 2789 οἰκονομία
580 2754 748 2789 εὑρίσκεται.
763 2755 848 2782 Ὅταν

113 2841 132 2858 ⁵³
144 2841 219 2871 Hebr.
233 2851 270 2876 ix,
284 2843 332 2870 ‘26.
372 2843 396 2859 “
411 2842 485 2871 Joan.
502 2852 521 2876 t,
539 2843 565 2870 1.
580 2843 602 2861 ⁸⁸
617 2843 682 2873 ibid.
699 2843 743 2872 Μ.

615 125 710 162 Q‘UOD
731 129 762 158 Β.
781 123 893 156 Manta
915 128 968 157 sn
990 125 1148 159 tit-Iram.

1644 133 1695 158 Ξίὶᾶ

726 190 802 216 οὐδὲν
830 191 857 218 δὲ
875 193 1131 225 Apseudochristos
1159 197 1185 218 et
1215 185 1472 225 pseutlmnng’istros,
1503 190 1547 224 qui
1579 190 1696 218 haereses

907 238 1036 266 exitiosus
1057 239 1194 271 invehent,
1215 239 1300 272 ipsum
1319 238 1427 264 unicum
1448 245 1536 271 regem
1553 244 1583 264 ac
1605 237 1696 263 Domi—

907 293 969 312 num
987 290 1106 312 nostrum
1121 285 1212 312 Jesum
1229 285 1365 312 Christum
1383 289 1524 319 negaulrs;
1543 283 1695 318 multosque

908 330 965 357 fore
976 331 1070 357 horum
1083 330 1270 364 improbitates
1281 335 1474 361 assectalttros,
1487 337 1599 368 quorum
1614 337 1696 359 causa

906 377 1029 404 veritatis
1052 378 1134 412 gloria
1156 378 1307 404 convicium
1333 377 1461 411 patietur.
1483 375 1622 408 Prscdixit,
1652 375 1695 401 in-

906 430 1002 456 quam.
1028 430 1061 449 ne
1078 430 1138 448 cum
1154 422 1180 449 hi
1197 422 1412 456 supervenerint,
1430 422 1523 448 fraude
1543 423 1696 448 circumve—

907 468 1024 500 niamur,
1042 469 1153 500 perditis
1174 468 1294 502 ipsorum
1319 468 1490 503 dogmatibus
1508 473 1614 494 nosmet
1630 468 1695 495 sub-

907 513 1055 541 mittentes.

941 646 968 672 ἓ.
992 645 1154 672 Vaticinimn
1175 650 1264 672 autem
1286 645 1313 672 in
1332 652 1387 672 rem
1404 645 1529 672 collatum
1541 651 1592 673 est.
1609 645 1696 673 Multa:

906 693 978 719 enim
993 699 1040 725 per
1058 696 1178 725 tempora
1194 695 1293 717 exortu:
1309 695 1369 717 sunt
1393 691 1509 718 haereses
1529 691 1556 718 in
1576 691 1695 719 Ecclesia

907 737 965 769 Dei,
989 743 1089 765 rectam
1111 737 1257 764 dis5nlverc
1278 737 1357 764 fidem
1379 737 1553 764 multifariam
1571 743 1693 769 conatur;

907 791 1020 818 quarunt
1036 783 1086 809 alia
1110 782 1155 809 Dei
1184 781 1299 810 Verbum
1320 783 1436 811 alienum
1457 791 1568 816 prorsus
1584 789 1694 818 paterna

908 829 1058 856 substantia
1073 828 1162 855 dicere
1177 835 1240 854 ausa
1256 833 1311 861 est;
1332 828 1382 854 alia
1400 828 1517 862 Spiritus
1537 828 1693 861 dignitatem

906 883 957 901 non
970 874 1092 909 agnovit;
1109 874 1158 900 alia
1174 873 1254 900 Verbi
1269 873 1400 900 adventus
1411 874 1552 900 veritatem
1567 873 1694 908 negavit:

906 925 1050 955 postrema,
1067 920 1187 946 omnium
1204 919 1285 945 veluti
1301 919 1432 946 malorum
1451 920 1570 951 sentina,
1588 919 1695 945 hodier-

905 974 938 992 na
954 966 1078 999 apparuit
1095 965 1272 1000 blasphemia,
1291 973 1350 1000 qua:
1367 965 1404 992 ait
1430 965 1548 992 Verbum
1569 974 1619 991 non
1635 972 1694 996 esse

904 1012 1039 1039 hominem
1055 1012 1165 1043 factum,
1189 1012 1235 1039 sed
1251 1014 1277 1039 in
1296 1012 1406 1039 homine
1420 1019 1453 1038 ex
1476 1011 1587 1038 muliere
1603 1011 1694 1045 genito

904 1057 1069 1084 habitavisse
1097 1066 1103 1084 :
1133 1058 1204 1084 ttnde
1229 1057 1404 1091 conscquitur
1430 1057 1457 1083 in
1486 1056 1554 1082 duos
1584 1056 1693 1082 ttuicttm

904 1103 1040 1130 Christum
1058 1104 1160 1130 idcirco
1177 1104 1270 1136 dividi,
1288 1103 1313 1129 in
1332 1103 1414 1130 Deum
1433 1103 1492 1130 dico
1509 1108 1590 1136 atque
1607 1102 1694 1129 homi—

905 1157 977 1176 nent.
995 1149 1042 1176 Est
1058 1154 1145 1176 autem
1161 1150 1211 1176 hoc
1223 1150 1256 1176 ab
1268 1150 1414 1183 apostolica
1428 1149 1549 1175 doctrina
1564 1148 1692 1180 alienum,

904 1199 932 1221 et
947 1194 1071 1221 diabolici
1085 1195 1174 1230 potius
1189 1195 1289 1228 ingenii
1304 1195 1452 1221 inventum.
1475 1193 1694 1228 Natnquehomi-

905 1248 966 1268 nem
985 1242 1084 1268 factum
1100 1249 1160 1268 esse
1174 1240 1221 1267 Dei
1231 1240 1348 1267 Verbum
1365 1241 1390 1267 in
1404 1241 1456 1267 ﬁne
1468 1241 1638 1272 sreculorum,
1655 1239 1695 1266 di-

904 1288 983 1314 vinus
998 1288 1075 1315 nobis
1092 1296 1181 1314 sermo
1201 1288 1307 1314 nuntiat
1321 1287 1356 1320 ‘3,
1374 1295 1427 1314 non
1444 1294 1508 1314 sane
1527 1287 1599 1321 quod
1623 1294 1652 1312 se
1668 1286 1695 1312 in

905 1334 1021 1361 ltominis
1039 1340 1162 1361 naturam
1180 1335 1336 1366 mutaverit,
1352 1335 1398 1360 sed
1412 1335 1475 1369 quia
1499 1334 1568 1360 hanc
1584 1332 1635 1360 sibi
1651 1340 1695 1358 as-

904 1380 1071 1413 sumpserit:
1086 1383 1126 1406 est
1141 1380 1212 1406 enim
1237 1379 1354 1407 Verbum
1375 1379 1529 1406 invertibile
1548 1382 1630 1412 atque
1644 1378 1698 1404 im-

904 1425 1043 1452 mutabile.
1056 1425 1132 1458 Quod
1149 1426 1182 1458 si,
1203 1429 1231 1452 ut
1245 1425 1287 1452 isti
1307 1426 1392 1456 aiunt,
1411 1425 1513 1451 homini
1532 1431 1566 1451 ex
1585 1423 1698 1455 muliere

904 1475 981 1506 parto
997 1471 1067 1498 Deus
1078 1471 1245 1504 supervenit,
1264 1471 1333 1497 idem
1351 1471 1403 1497 ltoc
1417 1472 1522 1497 cunctis
1543 1477 1619 1504 atque
1637 1477 1698 1504 pro-

905 1518 994 1552 phetis
1012 1517 1113 1544 accidit
1133 1526 1139 1544 :
1159 1524 1324 1551 prorsusque
1340 1521 1487 1551 oporteret,
1510 1517 1532 1542 si
1551 1523 1594 1542 res
1609 1515 1646 1542 ita
1668 1523 1698 1541 se

907 1563 1030 1594 haberet,
1046 1570 1167 1590 seorsum
1184 1563 1396 1597 uniuscujusque
1410 1563 1436 1588 in
1450 1562 1540 1588 divina
1557 1560 1698 1595 Scriptura

906 1609 1092 1636 confessiones
1107 1609 1270 1643 compcriri;
1292 1614 1319 1635 et
1333 1608 1449 1635 alterum
1465 1608 1574 1642 quidem
1596 1607 1697 1642 sigilla-

909 1655 956 1680 lim
980 1662 1027 1688 per
1043 1654 1162 1688 seipsum
1180 1661 1228 1680 ccn
1249 1653 1296 1680 Dei
1318 1653 1435 1680 Verbqu
1457 1651 1612 1684 decantari;
1633 1651 1687 1677 alte

907 1707 967 1727 rum
978 1707 1043 1726 vero
1055 1707 1103 1726 cett
1115 1699 1267 1729 homincm,
1279 1702 1306 1725 et
1322 1706 1355 1726 ex
1370 1703 1464 1724 nostro
1479 1705 1591 1724 numero
1603 1704 1698 1728 unum,

908 1747 997 1773 verbis
1013 1753 1072 1780 qua:
1085 1745 1221 1772 hominem
1238 1745 1345 1776 decent,
1361 1744 1523 1779 gloriﬁcare.

878 1796 923 1822 τὸν
945 1795 973 1822 δὲ
1006 1794 1043 1826 ὡς
1071 1793 1282 1829 ἇνθρωπον’ριαὶ
1306 1793 1354 1819 ἕνα
1377 1793 1431 1820 τῶν
1457 1793 1519 1820 καθ’
1544 1794 1617 1829 ἡμᾶς
1643 1795 1698 1828 τοῖς

946 1885 972 1911 5.
993 1884 1074 1917 Atqui
1095 1890 1148 1910 non
1171 1882 1207 1909 ita
1226 1882 1302 1909 nobis
1323 1887 1423 1909 rectam
1449 1883 1630 1916 praedicavere
1652 1886 1694 1915 do-

908 1932 1024 1959 ctrinam
1049 1929 1175 1964 apostoli,
1198 1929 1246 1955 sed
1269 1936 1352 1954 ttnttm
1366 1928 1546 1962 eumdemque
1561 1929 1698 1958 Christum

906 1976 990 2004 Deum
1011 1975 1092 2002 simul
1115 1979 1142 2001 et
1167 1973 1305 2000 hominem
1323 1980 1384 2000 esse
1402 1973 1573 2000 tradiderunt
1595 1975 1698 2011 :idque

907 2029 999 2058 aperte
1008 2021 1147 2055 theologus
1157 2019 1276 2046 Joannes
1289 2020 1314 2045 in
1325 2018 1476 2054 Evangeliis
1488 2019 1576 2055 docet,
1585 2021 1698 2050 dicens:

909 2078 918 2095 ι
933 2068 962 2095 In
976 2067 1109 2103 principio
1128 2065 1223 2102 ιάηο
1237 2069 1297 2092 erat
1313 2063 1442 2097 Verbum,
1459 2069 1486 2092 et
1507 2065 1623 2093 Verbum
1640 2073 1697 2094 erat

905 2115 976 2149 apud
1002 2113 1098 2146 Deum,
1125 2119 1152 2139 et
1171 2112 1242 2139 Deus
1269 2116 1328 2138 erat
1357 2110 1474 2138 Verbqu
1497 2112 1530 2139 “.
1552 2122 1562 2138 ι
1599 2113 1698 2141 Deinde

906 2161 1007 2188 addens
1035 2169 1067 2186 ει
1083 2159 1116 2186 Et
1129 2158 1247 2186 Verbum
1272 2164 1336 2184 caro
1364 2156 1464 2183 factum
1488 2162 1540 2189 est,
1567 2162 1593 2185 et
1618 2158 1698 2186 habi-

872 2207 894 2233 D
910 2207 975 2233 tavit
1002 2207 1028 2232 in
1052 2205 1164 2232 nobis.)
1188 2203 1272 2230 Sacer
1298 2209 1405 2238 quoque
1430 2210 1519 2236 praeco
1543 2203 1643 2231 Paulus
1669 2205 1697 2232 in

905 2252 1024 2288 Epistula
1037 2253 1070 2278 ad
1083 2250 1211 2278 Hebraeos
1223 2249 1317 2275 scribit
1330 2257 1336 2274 :
1351 2257 1360 2273 ι
1373 2247 1440 2281 Quia
1451 2256 1516 2283 ergo
1530 2249 1605 2283 ptteri
1621 2251 1697 2277 carni

905 2305 932 2325 et
949 2297 1072 2331 sanguini
1086 2295 1367 2324 communicaverunt,
1390 2297 1418 2320 et
1435 2293 1492 2327 ipse
1512 2294 1638 2321 similiter
1651 2303 1697 2322 ea—

905 2345 965 2371 dem
988 2342 1161 2378 participavit
1174 2340 1207 2366 ⁸⁸.
1229 2349 1239 2365 ι
1259 2338 1358 2366 Audin’
1371 2339 1506 2373 quomodo
1527 2339 1571 2366 ille
1588 2340 1695 2374 quidem

905 2390 1024 2418 Verbum
1043 2396 1152 2416 carnem
1167 2395 1226 2415 esse
1246 2386 1359 2418 factum,
1376 2385 1421 2412 hic
1441 2390 1531 2412 autem
1549 2386 1637 2413 denuo
1658 2387 1697 2413 ait

906 2437 994 2471 ipsum
1013 2436 1070 2463 haec
1086 2435 1180 2462 eadem
1199 2431 1422 2468 participavisse?
1436 2431 1512 2465 Quod
1526 2432 1548 2459 si
1567 2433 1647 2460 homo
1662 2440 1696 2460 ex

906 2482 1019 2509 muliere
1039 2481 1119 2508 Jesus
1144 2481 1234 2508 editus
1258 2484 1310 2510 est,
1339 2478 1437 2505 deinde
1465 2485 1530 2505 vero
1557 2477 1638 2506 Verbi
1668 2480 1695 2505 in

908 2530 996 2564 ipsum
1022 2528 1153 2555 adventus
1175 2527 1298 2561 contigit,
1329 2529 1487 2559 oporteret,
1513 2531 1542 2551 ut
1567 2525 1694 2558 diximus.

905 2575 971 2602 duas
984 2575 1094 2601 omnino
1112 2573 1239 2606 omnique
1252 2572 1278 2598 in
1297 2579 1325 2598 re
1343 2571 1488 2605 separatim
1509 2571 1695 2605 confessiones

905 2620 1048 2654 comperiri
1069 2629 1076 2647 :
1103 2626 1173 2647 nunc
1192 2622 1305 2649 contra,
1327 2624 1388 2644 cum
1412 2616 1542 2644 divinitus
1565 2617 1694 2653 inspirata

906 2664 1046 2699 Scriptura
1061 2663 1243 2691 communiter
1261 2661 1421 2696 pronuntiet.
1441 2664 1498 2688 tum
1520 2668 1579 2695 quae
1600 2662 1694 2689 deitati

905 2710 1066 2737 naturaliter
1086 2709 1262 2740 conveniunt,
1293 2713 1348 2734 tum
1376 2707 1457 2734 etiam
1484 2715 1543 2741 quae
1575 2707 1694 2735 hominis

904 2760 1055 2791 congruunt
1072 2759 1186 2788 natura,
1201 2753 1342 2790 perspicua
1355 2753 1566 2789 deprehenditur
1581 2753 1695 2783 unitatis

783 2844 806 2860 ’θ
821 2842 903 2872 Hebr.
923 2851 954 2877 tr,
972 2844 1014 2873 Μ,
