1886 3056
57 153 98 182 261

592 145 699 180 ’QuoD
718 140 878 173 3.11.th
899 140 953 172 sit“
974 139 1132 172 ualcant.

1628 141 1681 169 552

58 213 103 248 πρὸ
115 210 250 238 τοσούτων
267 209 372 244 γενεῶν
395 210 444 244 τῆς
466 209 498 235 ἐκ
515 208 653 243 Παρθένου
668 208 838 242 γεννήσεως·

928 213 954 233 ιιι
971 205 1101 233 miracula
1119 209 1156 232 tot
1170 209 1231 232 ante
1245 204 1411 232 nativitatem
1423 211 1456 231 ex
1470 203 1579 238 Virgine
1593 206 1682 231 anati—

58 259 102 286 ποῦ
113 257 204 284 τοῦτον
214 256 272 291 ἄρα
286 256 349 282 κατ’
366 255 489 286 ἐκείνους
502 253 565 286 τοὺς
581 254 693 290 χρόνους
711 253 845 287 ὑπάρχειν

58 305 193 334 aboetiam;
208 302 276 328 πότε
283 301 312 328 δὲ
320 301 515 336 τῆς-γενέσεως
530 300 580 336 τὴν
594 299 680 336 ἀρχὴν
693 298 842 334 ἐσχηκότας

60 348 146 376 Οὐκέτι
159 347 214 382 γὰρ
231 347 328 379 αὐτοῖς
343 347 424 381 λόγος
442 346 616 382 συγχωρήσει
632 344 732 379 λέγειν,
749 345 781 370 ἐκ
794 343 844 378 τῆς

61 393 214 430 παρθενικῆς
235 393 357 428 προόδου
379 393 429 429 τὴν
444 393 532 428 ἀρχὴν
546 391 593 419 τοῦ
611 388 680 418 εἶναι
702 389 843 425 εἰληφότα.

61 439 255 467 Διδασκέτωσαν
267 438 363 465 τοίνυν
372 440 404 465 οἱ
415 438 469 465 τῶν
482 438 575 465 κακῶν
590 437 735 472 ὲφευρεταὶ
746 436 846 471 δογμά-

61 495 114 517 των,
130 486 194 511 πότε
205 484 258 519 τῆς
273 484 413 518 γενέσεως
426 484 474 519 τὴν
487 484 575 519 ἀρχὴν
585 492 663 514 ουτος
673 484 687 510 ὁ
702 483 844 518 ἄνθρωπος

61 532 180 567 ἔσχηκεν,
197 530 251 557 ποῦ
268 528 300 557 δὲ
315 531 363 557 καὶ
380 531 409 556 ἐν
422 531 492 556 τίσιν
506 530 560 565 ἄρα
579 529 692 556 διετέλει
707 528 844 560 τοσούτοις

60 577 146 603 ἔτεσιν.
165 575 235 602 Ἀλλ’
253 575 307 602 οὐκ
325 575 366 602 ἔτι
383 575 478 602 τοῦτον
495 573 639 610 ἄνθρωπον
653 573 722 600 εἶναι
743 573 797 600 τῶν
814 571 843 599 εὖ

61 622 218 659 φρονούντων
235 630 282 653 τις
299 623 370 658 ἐρεῖ,
396 622 426 654 ὃς
450 622 497 648 καὶ
513 622 568 653 τοῖς
585 620 656 647 κατὰ
679 620 710 647 τὸ
729 619 844 647 παλαιὸν

61 669 250 703 ἁμαρτήσασιν,
262 668 314 694 καὶ
324 667 355 694 τὸ
366 667 430 694 ἴδιον
441 665 662 702 ἀπολίε]ιποῦσιν
673 665 769 700 οἰκητή
775 673 842 700 ριον,

61 716 86 741 ἐκ
100 714 156 740 τότε
176 713 228 745 τὰς
252 714 394 749 τιμωρίας
420 713 531 749 ὥρισεν,
557 713 604 739 καὶ
623 713 673 747 τῆς
687 710 843 745 Αἰγυπτίων

60 761 137 795 χειρὸς
161 759 271 796 Ἰσραὴλ
291 760 406 793 ἐνδόξως
419 759 545 796 ἐρύσατο.
563 760 594 786 Et
606 759 697 785 τοίνυν
711 758 781 785 κατὰ
793 757 843 793 τὴν

60 806 136 833 αὐτῶν
150 805 267 838 ἔκδοσιν,
287 806 350 832 οὗτε
364 807 378 832 ὁ
395 805 460 838 Θεὸς
474 806 561 840 Λόγος
577 805 748 832 ὑπονοεῖσθαι
763 804 843 831 δύνα-

60 861 106 884 ται,
119 852 159 878 διὰ
173 852 203 878 τὸ
213 851 261 878 τὸν
277 852 312 878 ἐκ
327 851 377 887 τῆς
396 851 535 886 Παρθένου
555 850 685 886 τεχθέντα
709 847 778 877 εἶναι
797 850 843 876 τὸν

897 253 948 279 bus
961 252 1120 287 patravisse,
1137 251 1244 278 ubinam
1254 252 1326 278 hunc
1347 251 1511 286 temporibus
1534 251 1586 279 illis
1599 253 1684 280 exsti-

897 299 962 325 tisse
984 298 1155 326 concedent?
1181 299 1314 325 undenam
1343 304 1431 325 autem
1454 299 1602 326 nativitatis
1629 307 1684 328 sua;

898 344 1031 378 originem
1044 344 1179 371 traxisse?
1190 343 1283 378 Neque
1297 344 1368 371 enim
1385 345 1449 379 ipsis
1464 345 1534 372 ratio
1547 347 1684 380 permittet

895 389 986 418 dicere
1000 391 1073 417 illum
1085 398 1116 417 ex
1132 389 1243 424 Virgine
1256 390 1361 418 initium
1371 392 1515 418 exsistendi
1526 393 1683 427 sumpsisse.

896 435 1091 462 Demonstrent
1118 435 1215 471 Iud
1241 436 1332 470 itaque
1357 444 1501 470 pravorum
1529 439 1683 473 dogma‘tum

896 481 1063 513 inventores.
1076 481 1147 508 unde
1164 487 1240 510 ortus
1255 483 1295 510 Sui
1309 483 1469 518 principium
1486 484 1621 512 hic‘homo
1634 486 1684 513 ha-

895 527 1004 557 buerit;
1023 527 1132 553 ubinam
1155 527 1286 562 quibusve
1308 528 1336 555 in
1357 528 1423 556 locis
1440 534 1478 556 tot
1496 531 1574 557 annis
1596 531 1640 558 hic
1655 538 1684 558 se

895 573 1071 599 continuerit.
1095 572 1148 599 Sed
1168 572 1229 607 jam'
1248 580 1327 601 nemo
1349 582 1432 602 sanus
1449 575 1520 602 hunc
1543 577 1615 604 dicet
1636 577 1685 604 ho-

895 619 1006 651 minem,
1023 618 1109 652 quiet
1129 619 1192 645 oiim
1215 621 1389 653 peccantibus
1412 629 1544 656 suumque
1571 623 1684 651 domici-

895 664 959 691 lium
973 664 1160 691 deserentibus
1174 672 1267 698 paenas
1278 665 1439 698 decreverit,
1454 672 1480 693 et
1494 675 1526 694 ex
1545 667 1685 704 2Eg'yplio-

896 719 955 738 rum
969 719 1048 738 manu
1063 711 1190 738 lsraelem
1205 712 1347 746 splendide
1360 714 1503 747 eripuerit.
1521 715 1548 742 Si
1562 724 1627 750 ergo
1641 724 1685 744 se-

895 757 1011 785 cundum
1025 757 1143 791 ipsorum
1155 758 1369 789 concessionem,
1384 767 1470 794 neque
1485 760 1555 788 Deus
1563 760 1682 790 Verbum

895 803 968 831 credi
981 807 1069 838 potest
1083 803 1171 835 Jesus.
1186 809 1296 838 propter
1308 806 1366 838 ejus
1378 813 1411 832 ex
1427 805 1538 841 Virgine
1555 809 1684 836 nativita-

895 855 967 883 tem;
987 857 1075 884 neque
1091 857 1185 876 rursus
1211 851 1291 877 homo
1307 858 1368 878 esse
1382 857 1469 885 potest
1487 854 1533 888 qui
1552 855 1683 889 ejusmodi

65 896 166 933 Ἰησοῦν,
182 897 246 924 οὔτε
259 897 409 933 ἄνθρωπος
429 897 510 924 πάλιν
531 897 546 923 ὁ
568 896 656 923 ταῦτα
672 896 838 932 θαυματουρ-

924 896 1019 931 'odigia
1036 896 1153 923 ediderit
1169 896 1287 930 (etenim
1305 897 1339 924 ab
1356 897 1473 925 hominis
1492 904 1587 927 natura
1603 906 1630 928 et
1647 901 1686 928 [ιι-

60 944 134 978 γήσας
159 943 246 978 (ξένα
272 942 332 978 γὰρ
357 944 406 979 τῆς
434 943 578 978 ἀνθρώπου
605 942 712 977 φύσεώς
737 951 767 969 τε
795 943 842 969 καὶ

59 990 184 1024 δυνάμεως
199 990 234 1017 τὰ
249 990 442 1026 προειρημένα
459 989 648 1024 καθέστηκεν),
667 989 728 1016 τίνα
750 988 842 1016 λοιπὸν

60 1036 187 1070 ἐπινοῆσαι
198 1035 300 1062 οὐσίαν
316 1036 405 1071 τούτῳ
418 1036 465 1062 καὶ
479 1035 555 1068 τάξιν
572 1036 731 1071 δυνήσονται
746 1044 753 1068 ;

91 1082 123 1114 ς’.
143 1082 212 1109 Ἀλλ’
224 1083 311 1117 ἡμεῖς
324 1082 359 1109 τὰ
369 1081 471 1108 τούτων
485 1082 595 1117 ῥήματα
604 1081 739 1116 τοσαύτης
749 1081 842 1113 ἀνοίας

62 1128 101 1153 καὶ
123 1127 339 1163 παραφροσύνης
357 1127 474 1162 ὁρῶντες
499 1127 597 1162 μεστὰ,
620 1127 669 1154 καὶ
690 1125 789 1162 οἷάπερ
812 1127 842 1153 ἐν

62 1173 143 1205 ὕπνοις
155 1174 202 1200 καὶ
219 1173 292 1210 μέθῃ
308 1173 378 1209 πρὸς
395 1173 484 1200 αὐτῶν
499 1173 645 1210 λεγόμενα,
668 1174 774 1205 τούτοις
791 1174 842 1209 μὲν

62 1219 122 1246 κατὰ
135 1219 182 1254 τὴν
197 1219 245 1246 τοῦ
264 1220 398 1257 Σωτῆρος
414 1219 532 1256 ἐροῦμεν
549 1220 660 1256 φωνήν·
677 1229 687 1246 ι
699 1220 841 1247 Πλανᾶσθε

63 1266 94 1301 μὴ
104 1266 199 1297 εἰδότες
212 1265 264 1297 τὰς
275 1266 401 1302 Γραφὰς,
413 1266 480 1301 μηδὲ
490 1266 539 1302 τὴν
549 1266 664 1302 δύναμιν
678 1266 725 1293 τοῦ
738 1266 806 1293 Θεοῦ
815 1275 838 1292 ἰ

62 1312 95 1338 διὸ
105 1312 133 1347 δὴ
147 1312 286 1348 ἐκνήψατε
301 1312 426 1345 δικαίως,
440 1312 487 1339 καὶ
501 1312 539 1347 μὴ
555 1313 739 1348 ἁμαρτάνετε,
754 1313 842 1347 ἀγνω-

63 1358 112 1384 σίαν
122 1357 187 1384 Θεοῦ
203 1359 243 1389 εις
255 1358 388 1384 τοσοῦτον
404 1358 583 1393 νοσήσαντες’
600 1357 688 1393 ὀρθῶς
704 1358 732 1385 δὲ
749 1358 838 1390 πάλιν,

63 1404 101 1431 καὶ
126 1404 160 1436 ὠς
185 1404 405 1440 προαποδέδοται
425 1403 476 1439 τῆς
501 1403 624 1436 ἐνώσεως
643 1404 767 1436 νοοῦντες
790 1405 840 1440 τὴν

63 1449 136 1482 δόξαν,
150 1449 215 1476 Θεόν
241 1458 273 1476 τε
304 1449 348 1475 ἀεὶ
362 1448 426 1476 ὄντα
453 1448 562 1482 τοῦτον,
583 1449 727 1484 γενόμενον
742 1449 769 1476 δὲ
795 1451 839 1476 ἐπ’

63 1495 169 1531 ἐσχάτων
183 1495 233 1522 καὶ
255 1494 404 1530 ἄνθρωπον
423 1495 618 1530 ἐπιστάμενοι,
636 1495 772 1530 ἁτρέπτου
792 1496 839 1522 καὶ

63 1541 225 1569 animum
244 1540 432 1576 φυλαχθείσης
447 1541 530 1567 αὐτοῦ
542 1540 592 1576 τῆς
607 1541 745 1576 θεότητος,
756 1542 838 1569 αὐτὸν

63 1588 102 1615 καὶ
114 1587 168 1614 τότε
185 1587 236 1622 τῆς
251 1587 283 1620 ἐξ
304 1586 443 1621 Αἰγύπτου
464 1587 577 1622 πορείας
592 1586 638 1613 τοῦ
660 1587 768 1623 Ἰσραὴλ
783 1588 839 1614 Σω-

63 1635 121 1670 τῆρα
133 1634 324 1670 πιστεύωμεν·
346 1633 390 1660 ἀεὶ
407 1633 456 1669 μὲν
470 1633 518 1660 τοῦ
533 1634 639 1669 Πατρὸς
658 1634 722 1660 ὄντα
742 1634 837 1668 Λόγον,

63 1681 101 1707 καὶ
115 1680 177 1715 φῶς,
191 1681 239 1707 καὶ
251 1680 438 1714 ἀπαύγασμα,
451 1680 496 1706 καὶ
509 1679 559 1715 τῆς
575 1679 744 1715 θεοπρεποῦς
760 1679 839 1716 δόξης

62 1725 103 1760 τὴν
116 1725 271 1751 δυναστείαν
284 1724 383 1759 ἔχοντα
393 1732 400 1739 ·
417 1723 456 1749 διὸ
472 1723 504 1759 δὴ
520 1724 567 1751 καὶ
587 1723 679 1759 ἔλεγεν
693 1724 732 1760 τῷ
747 1733 838 1760 μακα-

65 1771 106 1806 ρίῳ
120 1771 218 1806 Μωῢσῇ
229 1780 236 1786 ⁸
257 1780 267 1796 ι
285 1769 358 1804 Ἐγώ
372 1771 428 1805 εἰμι
445 1771 459 1797 ὀ
471 1769 540 1797 ὤν’»
560 1771 617 1803 καὶ,
638 1780 647 1796 ι
660 1771 731 1806 Ἐγὼ
743 1772 757 1798 ὁ
772 1772 839 1804 Θεὸς

69 1818 187 1853 ’Λῦραὰμ,
199 1818 247 1845 καὶ
256 1817 326 1849 Θεὸς
343 1816 444 1849 Ἰσαὰκ,
457 1817 500 1843 xal
514 1817 581 1849 Θεὸς
600 1817 698 1844 Ἰακώὸ
707 1826 714 1832 ·
726 1827 736 1844 ι
750 1819 800 1853 τὴν
810 1818 839 1845 δὲ

63 1864 101 1890 τοῦ
114 1863 174 1891 Υίοῦ
187 1862 379 1900 προσηγορίαν
397 1855 587 1898 προσλαϐόντά
607 1863 656 1898 μὲν
671 1863 716 1890 ὅτε
727 1863 838 1898 γέγονεν

64 1910 201 1946 ἄνθρωπος,
216 1910 269 1945 τῆς
284 1909 314 1936 δὲ
329 1908 453 1941 ὲνώσεως
469 1909 561 1945 χάριν,
578 1910 624 1937 καὶ
649 1909 693 1937 διὰ
707 1910 737 1937 τὸ
756 1911 838 1937 αὑτὸν

64 1955 190 1990 ἄνθρωπον
208 1955 389 1990 γεγενῆσθαι,
400 1953 456 1981 ἀλλ’
471 1955 521 1981 οὐκ
539 1955 567 1981 ἐν
588 1954 723 1990 ἀνθρώπῳ
737 1956 840 1991 ἐνῳκη-

64 2001 143 2028 κέναιδ
155 2002 201 2028 καὶ
216 2001 252 2028 τὰ
269 2001 344 2034 τότε,
360 2000 454 2027 καὶτὰ
477 2000 525 2027 νῦν
548 2001 582 2036 τῇ
600 2000 688 2036 Ἰησοῦ
712 2001 758 2028 καὶ
774 2002 839 2036 Χρι-

64 2048 116 2075 στοῦ
135 2048 306 2084 προσηγορίᾳ
326 2046 483 2078 ἀκολούθως
506 2048 558 2074 ὑπὸ
582 2047 634 2083 τῆς
657 2048 837 2075 θεοπνεύστου

63 2094 160 2130 Γραφῆς
174 2095 368 2130 δοξαζόμενον.

93 2141 121 2172 ζ’.
136 2142 188 2168 Καὶ
208 2141 274 2176 γοῦν
303 2142 353 2177 τὴν
377 2143 505 2178 τοιαύτην
525 2142 653 2169 ὑπόθεσιν
680 2142 767 2176 ἔξεστι
792 2142 838 2169 διὰ

64 2187 178 2215 πλειόνων
193 2187 308 2224 θεωρεῖν
326 2189 378 2215 ὑπὸ
394 2189 449 2215 τῶν
463 2189 548 2222 ἁγίων
567 2189 775 2224 κηρυττομένην
790 2189 838 2215 ἀν-

894 941 996 970 cultate
1010 949 1069 976 quae
1085 949 1165 976 supra
1180 942 1298 970 diximus
1311 942 1596 979 abhorrent),qualem
1610 948 1686 974 deni-

893 996 946 1024 que
960 993 1089 1024 poterunt
1104 989 1183 1023 hujus
1198 996 1258 1016 esse
1270 989 1450 1017 substantiam
1466 996 1494 1018 et
1504 993 1685 1021 conditionem

892 1035 1071 1063 existimare?

921 1081 955 1108 '6.
977 1081 1029 1109 Sed
1041 1082 1113 1109 enim
1131 1089 1180 1109 nos
1194 1082 1290 1109 horum
1306 1082 1387 1110 verba
1401 1084 1469 1111 adeo
1481 1085 1622 1113 dementia:
1637 1087 1685 1114 de-

891 1127 1001 1163 liriique
1025 1128 1102 1163 plena
1127 1134 1282 1162 cernentes,
1300 1137 1332 1156 ac
1353 1130 1436 1157 veluti
1453 1138 1467 1157 a
1489 1132 1686 1159 somniantibus

892 1173 1061 1208 ebriosisque
1085 1177 1222 1206 eructata,
1245 1174 1288 1202 his
1303 1174 1380 1208 juxta
1403 1175 1559 1203 Servateris
1575 1176 1685 1204 eﬂ‘atum

892 1219 1014 1246 dicemus
1027 1228 1033 1246 :
1049 1228 1058 1244 ι
1070 1219 1187 1252 Erratis,
1197 1220 1352 1247 nescientes
1364 1220 1523 1256 Scripturas
1534 1230 1621 1257 neque
1633 1224 1686 1250 vir-

893 1269 976 1292 tutcm
995 1264 1042 1292 Dei
1054 1265 1088 1291 '°.
1107 1275 1116 1290 ι
1135 1265 1197 1292 Ideo
1213 1271 1242 1292 ut
1258 1274 1306 1301 par
1319 1272 1361 1294 est
1379 1268 1512 1295 edormite
1534 1269 1684 1304 crapulam,

891 1316 920 1337 et
935 1311 1018 1338 nolite
1036 1319 1160 1345 peccare,
1179 1316 1251 1338 tanta
1267 1313 1306 1340 rei
1321 1313 1421 1340 divime
1438 1314 1591 1348 ignorantia
1613 1315 1686 1344 labo-

892 1361 993 1384 rantes.
1009 1357 1062 1384 Sed
1081 1361 1154 1384 recte
1175 1358 1277 1392 potius,
1300 1363 1381 1393 atque
1396 1364 1424 1387 ut
1441 1360 1496 1394 jam
1514 1361 1687 1389 demonstra-

892 1407 946 1429 tum
971 1410 985 1429 a
1011 1403 1089 1429 nobis
1108 1403 1167 1434 fuit,
1189 1403 1363 1431 adunationis
1386 1402 1684 1441 gloriam'cogitantes,

891 1448 962 1475 hunc
978 1452 1005 1475 et
1024 1447 1108 1476 Deum
1122 1457 1229 1483 semper
1243 1449 1336 1483 fuisse,
1351 1455 1378 1477 et
1393 1455 1530 1485 postremo
1549 1453 1684 1480 hominem

889 1501 997 1530 quoque
1020 1494 1121 1522 factum
1145 1501 1345 1530 agnoscentes,
1371 1496 1407 1523 ita
1432 1502 1522 1524 tamen
1548 1503 1576 1526 ut
1601 1498 1686 1533 ipsius

889 1541 1081 1569 invertibiliter
1109 1545 1136 1569 et
1169 1542 1373 1569 iinmutahiliter
1399 1550 1560 1572 conservata
1596 1546 1684 1573 deitas

853 1578 874 1606 (ἶ
891 1587 1132 1621 iuerit,§eumdem
1153 1592 1180 1615 et
1202 1593 1267 1616 tunc
1289 1588 1396 1616 Israelis
1420 1596 1453 1616 ex
1468 1589 1586 1626 Egypto
1603 1599 1684 1619 exce-

890 1633 981 1660 dentis
1007 1633 1180 1660 Servalorem
1216 1633 1378 1666 credamus,
1408 1641 1568 1670 semperque
1597 1635 1685 1663 Patris

891 1678 1009 1706 Verbum
1027 1679 1120 1710 fuisse,
1138 1679 1228 1707 lumen
1245 1684 1327 1715 atque
1347 1681 1531 1716 splendorem,
1551 1687 1578 1709 et
1598 1683 1685 1717 dignae

890 1725 946 1753 Deo
961 1725 1055 1761 gloria:
1076 1730 1235 1760 potestatem
1262 1726 1383 1754 tenuisse
1399 1735 1407 1754 :
1426 1727 1541 1761 ideoque
1561 1733 1588 1756 et
1605 1729 1685 1757 beato

890 1771 975 1808 Moysi
989 1773 1097 1800 dicebat
1113 1781 1120 1799 :
1137 1781 1146 1795 ι
1163 1771 1219 1807 Ego
1230 1780 1288 1799 sum
1301 1773 1348 1808 qui
1360 1781 1419 1800 sum
1431 1774 1468 1806 ⁶¹;
1487 1784 1496 1800 ι
1509 1779 1536 1801 et
1552 1782 1602 1810 ego
1614 1776 1685 1804 Deus

889 1817 1047 1848 Abrahami,
1060 1822 1088 1844 et
1099 1817 1170 1844 Deus
1183 1817 1280 1851 lsaaci,
1297 1822 1324 1845 et
1338 1817 1409 1846 Deus
1419 1818 1512 1847 Jacobi
1524 1820 1547 1836 "
1562 1832 1568 1848 :
1582 1826 1607 1847 et
1623 1821 1684 1850 Filii

890 1863 997 1898 quidem
1011 1870 1109 1890 nomen
1122 1868 1186 1890 tunc
1201 1864 1349 1898 sumpsisse
1360 1871 1420 1891 cum
1438 1865 1526 1893 factus
1537 1871 1578 1894 est
1591 1868 1685 1902 homo,

890 1910 1062 1937 adnnationis
1084 1910 1180 1944 gratia,
1200 1915 1228 1937 et
1254 1910 1317 1944 quia
1336 1910 1482 1938 humanam
1499 1913 1683 1942 conditionem

890 1955 1054 1990 assumpsit,
1083 1963 1136 1983 non
1158 1956 1184 1982 in
1206 1956 1314 1984 homine
1341 1956 1473 1985 habitavit
1495 1967 1502 1985 :
1527 1963 1555 1986 et
1573 1959 1638 1987 olim
1657 1966 1685 1987 et

890 2009 963 2029 nunc
973 2003 1023 2029 sub
1042 2001 1108 2029 Jesu
1128 2001 1287 2037 Christique
1310 2003 1489 2038 appellatione
1500 2005 1535 2032 ab
1554 2005 1684 2041 inspirata

889 2049 1020 2076 divinitus
1038 2049 1179 2084 Scriptura
1197 2054 1379 2078 consectanee
1394 2050 1549 2086 gloriﬁcari.

927 2137 953 2165 7.
973 2137 1062 2172 Atque
1075 2137 1126 2164 hoc
1144 2140 1333 2172 argumentum
1349 2136 1472 2170 pluribus
1487 2137 1577 2165 verbis
1592 2138 1684 2165 videre

890 2184 953 2212 licet
966 2192 980 2211 a
990 2184 1093 2211 sanctis
1103 2183 1169 2211 viris
1184 2182 1376 2218 praedicatum;
1393 2181 1510 2210 Ieremia
1521 2184 1628 2217 quidem
1642 2185 1684 2212 di-

63 2233 140 2268 δρῶνο
153 2233 197 2261 τοῦ
220 2235 270 2270 μὲν
295 2235 431 2270 Ἰερεμίου
447 2235 596 2271 διαρρήδην
613 2234 744 2270 βοῶντοςο
763 2245 772 2260 ι
785 2231 836 2262 Οὗ-

924 2235 961 2257 rte
980 2229 1114 2257 clamante
1128 2238 1134 2256 :
1156 2238 1165 2255 ι
1182 2228 1231 2256 Hic
1243 2227 1315 2255 Deus
1329 2232 1423 2255 noster
1437 2233 1489 2261 est,
1507 2237 1595 2264 neque
1614 2230 1683 2259 alius

63 2288 100 2311 τος
112 2280 125 2307 ό
138 2280 200 2313 Θεὸς
217 2281 308 2317 ήμῶν,
329 2282 360 2308 οὐ
381 2282 573 2317 λογισθήσεται
595 2282 688 2318 ἕτερος
704 2282 774 2318 πρὸς
788 2282 838 2308 αύ-

63 2326 116 2352 τόν·
137 2326 244 2362 ἐξεῦρεν
268 2328 361 2354 πᾶσαν
384 2328 443 2355 ὁδὸν
468 2329 639 2364 ἐπιστήμης,
658 2328 707 2355 καὶ
735 2327 836 2354 ἔδωκεν

64 2371 136 2407 αὐτὴν
152 2372 257 2399 Ἰακὼϐ·
267 2373 307 2408 τῷ
327 2373 404 2400 παιδὶ
422 2373 504 2400 αὑτοῦ
515 2395 522 2407 ,
536 2374 701 2416 καὶῚσραῂλ
715 2373 755 2409 τῷ
768 2374 838 2408 ἠγα-

63 2418 164 2453 πημένῳ
176 2419 219 2445 ὑπ’
234 2419 333 2446 αὐτοῦ’
357 2418 427 2454 μετὰ
442 2419 528 2447 ταῦτα
546 2420 592 2446 ἐπὶ
607 2419 658 2454 τῆς
672 2420 724 2455 γῆς
746 2418 837 2454 ὤφθη,

65 2463 165 2495 καὶτοῖς
176 2463 329 2500 ἀνθρώποις
343 2465 548 2500 συνανεστράφη
559 2473 565 2480 ·
574 2474 583 2490 ι
600 2463 648 2491 τοῦ
659 2464 688 2490 δὲ
699 2463 837 2499 ὕμνογρά-

65 2517 107 2542 φοῦ
118 2510 294 2546 μεὶρῆοῦντος
315 2510 426 2538 Δαὸίδ·‹
436 2511 537 2546 Μήτηρ
551 2511 588 2545 (l)
603 2510 672 2537 Σιὼν
684 2511 756 2545 ἐρεῖ·
774 2510 838 2536 "Av-

98 2590 118 2605 "
133 2589 221 2618 Matth.
235 2599 303 2623 ull,
318 2590 364 2618 29.
402 2591 423 2607 ⁸¹
442 2590 528 2618 Exod.
545 2599 585 2623 Ill,
605 2590 649 2618 Μ.
686 2590 709 2606 ⁵³
730 2590 795 2617 ibid.
815 2590 841 2616 6.

95 2669 170 2707 (Uita
185 2671 276 2707 μήτηρ
285 2672 386 2707 habent
403 2670 502 2699 Greca:
515 2670 658 2707 editiones,
670 2669 751 2696 etiam
761 2669 836 2696 Vati-

67 2711 133 2732 cana.
144 2705 190 2733 Sic
198 2705 294 2741 legisse
304 2706 427 2733 videmus
435 2707 516 2733 etiam
527 2705 672 2741 Cyrillum,
687 2711 838 2741 magnoque

69 2747 165 2778 [lnquere
180 2740 273 2778 Patres
282 2740 395 2778 Latinos
409 2740 670 2778 apudSabaterium,
684 2740 729 2774 qui
745 2744 837 2778 vetere

70 2773 290 2804 ltala'utebantur
317 2773 447 2804 editione.
472 2775 576 2811 Vulgati
600 2773 734 2809 interpres
760 2775 838 2811 lectio

71 2811 189 2845 numquid,
202 2819 249 2846 pro
262 2816 359 2843 mater,
380 2812 493 2847 deducta
511 2810 552 2838 est
572 2811 663 2847 capi]
680 2811 724 2847 τῇ,
743 2810 836 2847 νειγμή

72 2820 189 2845 "umqum,
202 2820 249 2846 pro
262 2820 359 2843 mater,
380 2820 493 2839 ueuucta
511 2820 552 2838 es:
572 2820 605 2838 ex
647 2820 663 2846 η
680 2820 724 2845 τῃ,
744 2820 836 2847 νειγμη

72 2852 102 2882 τι,
117 2851 142 2872 ιιι
159 2847 356 2882 cognoscimus
371 2853 403 2873 ex
418 2845 533 2881 Origene
554 2846 580 2873 in
607 2820 744 2882 demptis.
755 2850 788 2882 et
804 2853 837 2871 ex

74 2878 216 2916 Hieronynio
242 2883 313 2917 apud
336 2878 514 2909 Nobilium-in
540 2882 601 2909 adn.
632 2882 665 2909 ad
692 2881 835 2908 Sixtinam.

891 2278 1034 2311 quisquam
1046 2283 1107 2303 cum
1120 2283 1152 2303 eo
1163 2274 1366 2309 comparabitur
1380 2282 1386 2300 :
1404 2274 1461 2308 ipse
1473 2282 1581 2302 omnem
1597 2276 1684 2304 scien~

891 2323 935 2350 tite
945 2323 1069 2350 semitam
1080 2321 1228 2354 adinvenit,
1241 2320 1406 2354 tradiditque
1419 2327 1478 2348 eam
1489 2321 1589 2349 Jacobo
1599 2330 1683 2357 puero

889 2376 949 2400 suo,
963 2373 991 2395 et
1005 2367 1097 2395 lsraeli
1115 2367 1214 2395 dilecto
1234 2374 1294 2394 suo.
1309 2365 1375 2394 Post
1395 2366 1453 2394 haec
1469 2367 1496 2394 in
1518 2372 1588 2394 terra
1609 2369 1682 2395 visus

889 2419 940 2446 est.
962 2419 1067 2442 etcum
1095 2413 1251 2442 hominibus
1280 2419 1458 2442 conversatus
1475 2418 1517 2440 est
1531 2413 1571 2446 ⁵¹;
1590 2423 1600 2439 ι
1625 2418 1681 2440 tum

888 2462 970 2490 etiam
990 2461 1194 2496 hymnographo
1211 2465 1327 2488 canente
1345 2459 1445 2487 Davide
1466 2468 1473 2486 :
1493 2470 1503 2486 ‹
1517 2459 1601 2486 Mater
1616 2459 1681 2487 Sion

889 2508 962 2535 dicet
972 2517 979 2536 :
990 2507 1086 2540 Homo,
1097 2511 1124 2534 et
1133 2507 1213 2534 homo
1223 2512 1302 2534 natus
1311 2511 1353 2533 est
1362 2506 1387 2533 in
1399 2512 1443 2538 ea,
1452 2510 1479 2532 et
1490 2505 1548 2540 ipse
1559 2504 1682 2532 fundavit

881 2589 904 2605 "
919 2589 1023 2616 Baruch
1044 2595 1084 2620 ιιι,
1103 2587 1196 2615 36-58.

892 2669 1051 2695 Doctissime
1068 2675 1133 2694 vero
1152 2667 1271 2700 disputat
1295 2666 1328 2692 de
1344 2666 1393 2692 hac
1410 2665 1523 2692 lectione
1540 2664 1585 2700 ilio.
1601 2664 1679 2699 Bapt.

891 2704 1006 2735 Branca,
1037 2699 1222 2730 Ambrosrana:
1248 2701 1313 2728 olim
1341 2700 1513 2728 bibliothecae
1537 2699 1679 2727 Mediolani

891 2739 1044 2774 pra‘fectns,
1065 2738 1090 2774 in
1107 2745 1215 2774 magno,
1228 2743 1387 2774 quanquam
1413 2736 1680 2774 imperfectohopere

891 2769 941 2801 ξιυο
965 2769 1042 2808 quod
1064 2769 1204 2806 inscripsit
1223 2769 1259 2798 De
1284 2769 1420 2808 sacrorum
1437 2771 1563 2797 librorum
1578 2769 1681 2808 Latini:

891 2804 1003 2844 vulgaria
1017 2809 1140 2836 editionis
1149 2804 1323 2840 auctoritate,
1341 2806 1387 2835 lib.
1402 2814 1443 2838 ιιι,
1458 2811 1527 2840 part.
1545 2814 1563 2838 ι,
1576 2813 1636 2839 cap.
1650 2804 1678 2831 5.

891 2853 916 2880 p.
935 2845 981 2872 157
1003 2851 1079 2879 seqq.
