1886 3056
131 145 181 172 9431

626 139 655 168 S.
672 138 811 169 CYRILLI
829 138 1065 168 ALEXANDRlNI
1083 140 1246 170 ARCHIEP.

1711 143 1766 172 268

116 202 195 239 \bum
210 199 387 227 humanatum
400 204 434 226 ex
453 196 562 232 Virgine
577 195 724 231 prodiisse.
743 197 873 224 recedam.
890 196 906 224 h

1001 197 1056 231 Ξγος
1069 197 1286 234 ὲνανθρωπήσας
1300 198 1375 225 ἐστὶν
1392 198 1406 225 ὁ
1427 199 1460 224 ὲκ
1473 197 1521 233 τῆς
1537 197 1680 234 Παρθένου
1694 207 1764 231 προρ

119 242 165 275 ἰώ
180 254 274 275 errore
281 253 340 277 suo,
352 243 526 272 etJudaicam
538 242 674 271 insaniam
684 243 822 271 omittant.
839 252 848 269 ι
861 242 918 271 Nisi

131 293 202 320 enim
216 291 340 319 conversi
357 289 468 322 fuerint.
485 288 607 324 gladium
625 296 706 317 suum
718 289 853 317 adversus
867 296 916 316 eos

130 337 332 374 splendiﬁcabit
347 335 533 363 Dominus‘m
548 334 615 362 Nam
636 335 709 369 quod
724 334 831 362 illorum
841 334 918 362 blas-

130 385 264 420 phemiam
289 383 348 410 sine
361 382 415 409 ﬁne
432 389 487 409 non
502 381 538 409 sit
549 381 715 417 perlaturus,
723 385 751 408 et
764 382 836 416 quod
848 389 918 409 non-

130 431 182 459 nisi
198 428 403 465 longanimitate
417 435 464 456 sua
493 435 566 456 nunc
588 428 672 455 etiam
700 427 830 463 patiatur,
856 428 918 455 audi

129 475 193 510 quid
202 482 253 510 per
264 474 373 501 beatum
386 473 548 508 prophetam
562 473 646 504 dicat.
657 477 686 500 ut
698 473 828 500 ultionem
840 480 917 500 suam

127 525 189 556 post
204 519 333 548 toleratos
348 519 395 547 diu
417 519 488 551 illos.
516 519 563 554 qui
583 518 610 546 in
636 518 739 545 malitia
758 525 917 554 persevera-

127 570 202 600 runt,
218 566 385 594 demonstret
401 572 408 591 :
426 574 436 591 ι
453 564 550 598 Tacui,
573 565 680 600 inquit,
704 565 752 593 sed
769 572 832 592 num
853 572 917 599 per-

126 617 210 648 petuo
220 611 315 640 tacebo
331 618 365 639 ac
390 610 536 639 tolerabo?
559 610 671 639 Patiens
686 611 723 638 fui
739 611 917 646 parturientis

127 660 224 686 instar.
242 657 320 685 Nunc
342 657 482 692 dissipabo
495 661 524 684 et
542 657 689 686 exsiccabo
707 657 800 692 simul,
823 657 918 686 deser-

126 706 190 734 tabo
206 709 312 733 montes
322 708 350 732 et
365 703 460 737 colles,
477 708 592 732 etomne
605 711 718 739 gramen
728 704 839 732 illorum
853 712 916 732 are-

126 752 234 785 faeiam,
251 757 349 786 ponam
367 749 479 777 ﬂumina
496 749 523 776 in
538 748 660 783 insulas,
684 754 713 778 et
733 750 844 785 paludes
868 757 917 777 ex-

125 804 252 825 arescere
271 795 368 824 faciam
392 796 426 822 “.
446 804 456 822 ι
481 794 575 831 Neque
595 802 675 824 secus
689 795 915 830 praclarissimus

132 842 274 878 ﬂymnista
289 840 405 869 celerem
423 840 568 875 impiorum
587 840 737 875 perniciem
751 840 811 868 fore
825 841 912 874 docet,

124 888 176 916 etsi
191 895 238 916 eos
254 887 394 922 aliquanto
415 891 537 921 tempore
556 891 667 922 propter
683 886 732 914 Dei
751 886 915 922 longanimi-
929 878 953 908 Β

125 938 210 962 tatem
224 933 355 961 valituros
370 932 408 960 ait
417 943 431 960 -:
445 941 457 958 ι
474 931 534 960 Vidi
546 933 619 960 enim
633 932 746 967 impium
759 932 915 967 superexal-

124 983 222 1012 tatum,
244 983 272 1006 et
286 978 421 1006 elevatum
435 977 505 1004 sicut
524 977 621 1005 cedrus
639 977 734 1006 Libani
754 985 761 1004 :
779 981 805 1005 et
825 982 915 1005 trans-

124 1024 175 1059 ivi,
191 1029 220 1052 et
249 1031 314 1052 ecce
332 1031 384 1051 non
405 1027 465 1050 erat
485 1031 492 1049 :
510 1023 623 1057 quaesivi
644 1031 706 1051 eum
719 1043 728 1057 ,
749 1027 778 1051 et
795 1030 849 1051 non
870 1027 915 1051 est

122 1071 251 1098 inventus
265 1070 341 1111 locus
356 1070 415 1105 eius
430 1070 463 1097 “.
487 1078 497 1096 ι

161 1116 206 1144 11.
223 1115 287 1144 Haec
300 1116 372 1144 enim
395 1120 423 1144 et
447 1115 499 1143 alia
526 1115 681 1151 huiusmodi
707 1116 861 1144 communia
881 1116 916 1144 iis

124 1162 252 1190 omnibus
264 1167 338 1195 sunt.
352 1162 400 1198 qui
428 1167 510 1189 recta:
535 1161 597 1190 ﬁdei
617 1162 772 1198 dispergere
792 1162 916 1190 nituntur

125 1208 206 1242 ovile,
220 1207 300 1235 sicuti
317 1212 345 1235 et
369 1207 562 1242 prtedictarum
585 1207 726 1235 haereseon
752 1207 844 1235 exitus
868 1215 915 1235 os-

125 1254 221 1282 tendit.
237 1253 306 1287 Quid
317 1253 390 1280 enim
403 1253 521 1288 proiecit
542 1253 601 1280 Arii
627 1253 702 1288 impii
725 1253 824 1281 error?
845 1253 916 1287 Quid

125 1300 263 1333 Eunomii,
277 1303 305 1327 et
321 1299 427 1327 illorum
443 1299 489 1334 qui
505 1299 532 1326 in
553 1303 679 1327 sanctum
696 1299 828 1334 Spiritum
843 1300 916 1327 blas-

124 1346 298 1381 phemarunt,
311 1350 340 1372 et
369 1344 446 1372 Pauli
474 1345 686 1378 Samosatensis,
705 1351 733 1373 et
751 1346 916 1381 Apollinaris

126 1392 230 1420 insania
244 1392 256 1418 ?
269 1391 373 1426 Quippe
389 1391 416 1418 hi
433 1398 530 1419 omnes
543 1396 571 1419 et
592 1391 620 1418 in
640 1392 771 1427 praesenti
789 1393 916 1428 turpissi-

125 1445 199 1465 mum
215 1438 294 1465 linem
309 1437 382 1464 nacti
406 1441 481 1468 sunt.
506 1441 589 1472 atque
614 1437 810 1466 ecclesiasticis
828 1438 914 1473 septis

126 1485 205 1520 ejecti
222 1485 349 1516 fuerunt,
363 1489 392 1511 et
406 1490 483 1511 extra
506 1485 646 1511 caelestem
671 1483 915 1519 primogenitorum

127 1530 275 1558 Ecclesiam
290 1528 466 1564 projicientur
479 1536 487 1561 ;
501 1528 583 1556 deleti
599 1534 664 1556 sunt
683 1529 716 1556 de
733 1529 804 1557 libro
820 1531 916 1557 viven-

127 1576 195 1603 tium
208 1575 241 1608 ",
264 1578 292 1602 et
311 1581 372 1602 cum
397 1574 478 1608 justis
505 1582 559 1602 non
583 1575 749 1602 scribentur.
772 1573 845 1602 idem
868 1576 917 1603 hos

127 1628 236 1657 quoque
252 1624 343 1648 manet
366 1620 448 1653 ﬁnis;
473 1620 526 1648 nisi
553 1621 625 1648 forte
653 1621 746 1648 statim
770 1622 917 1648 amentiam

127 1674 204 1695 suam
218 1669 397 1701 agnoscentes
413 1685 420 1697 .
448 1664 514 1693 illuc
541 1665 615 1693 unde
638 1666 799 1693 exciderunt
818 1667 916 1694 reverti

128 1713 292 1748 sategerint,
314 1712 332 1739 ii
351 1712 503 1747 praesertim
523 1711 570 1746 qui
591 1719 738 1746 pravarum
758 1713 916 1748 opinionum

128 1763 254 1786 auctores
268 1757 349 1792 primi
378 1757 556 1785 exstiterunt.
577 1757 698 1785 Audient
719 1759 792 1786 enim
819 1766 916 1794 propc-

127 1803 236 1832 modum
255 1803 352 1831 horum
367 1802 466 1838 singuli
484 1802 619 1831 dicentem
637 1803 688 1831 sibi
711 1803 888 1832 Servatorem
905 1814 911 1831 :

129 1859 140 1876 ι
155 1848 394 1883 'Quemadmodum
412 1847 603 1876 vestimentum
627 1856 725 1877 cruore
744 1849 915 1885 inquinatum

127 1902 182 1922 non
197 1894 384 1927 mandabitur,
409 1894 450 1921 sic
473 1900 508 1921 ne
531 1899 558 1921 tu
582 1894 690 1929 quidem
707 1897 824 1924 mundus
837 1896 914 1930 eris;

126 1941 190 1977 quia
207 1940 343 1975 regionem
358 1947 445 1967 meam
457 1941 581 1973 vastasti,
593 1941 721 1976 populum
736 1949 826 1970 meum
845 1944 917 1971 occi-

126 1985 201 2017 disti,
228 1991 282 2012 non
308 1984 481 2018 permanebis
505 1984 533 2012 in
558 1989 693 2013 aeternum
713 1991 820 2022 tempus
835 1988 869 2016 “.
902 1998 912 2015 ι

125 2029 180 2058 Nos
196 2037 260 2058 vero
278 2030 324 2064 qui
337 2029 415 2057 ﬁdem
432 2034 554 2057 nostram
577 2037 660 2066 super
682 2032 814 2060 immobili
837 2037 914 2069 petra

125 2077 249 2105 stabilem
263 2076 468 2108 aediﬁcavimus,
493 2076 527 2104 ad
544 2076 623 2104 linem
642 2085 727 2113 usque
750 2079 916 2115 religiosita-

126 2127 179 2150 tem
193 2129 285 2150 veram
300 2128 511 2155 conservemus,
530 2121 683 2150 nullatenus
702 2123 737 2151 ab
750 2125 914 2153 adversariis

125 2168 241 2199 turbati,
267 2167 314 2195 sed
338 2174 403 2203 erga
433 2167 578 2194 Dominum
605 2168 787 2203 charitatem,
805 2171 912 2200 invictae

123 2219 270 2242 armatura:
284 2214 371 2240 instar
382 2213 526 2246 habentes,
542 2214 569 2241 in
594 2214 653 2250 ipso
681 2223 790 2252 semper
812 2218 911 2253 glorie-
926 2232 949 2260 ο

124 2268 194 2293 mur,
202 2260 340 2294 propheta:
349 2260 430 2287 verba
443 2259 634 2294 decantantes,
645 2266 672 2289 et
687 2262 909 2291 adversariorum

123 2306 317 2342 ignobilitatem
329 2305 493 2333 irridentes:
514 2315 523 2331 ι
539 2305 684 2334 Nobiscum
699 2307 778 2336 Deus.
794 2308 908 2343 Scitote,

121 2352 224 2387 populi,
243 2357 270 2379 et
283 2351 473 2387 deprimamini
485 2361 492 2386 ;
505 2352 552 2388 qui
567 2353 710 2386 valuistis,
734 2360 829 2390 postea
844 2358 910 2385 estis

122 2398 242 2432 depressi
257 2407 264 2424 :
281 2402 309 2424 et
326 2397 349 2424 si
368 2397 468 2425 iterum
484 2398 726 2435 valueritis,a:que
738 2401 884 2430 vincemini
898 2412 907 2437 ;

121 2447 148 2469 et
164 2442 185 2469 si
198 2442 262 2476 quid
276 2441 493 2470 deliberaveritis
504 2462 512 2475 .
527 2443 675 2472 consilium
690 2450 811 2473 vestrum
827 2447 908 2476 dissi-

122 2488 195 2523 pabit
212 2487 357 2521 Dominus;
379 2492 406 2514 et
429 2495 509 2522 quem
526 2496 678 2517 sermonem
700 2491 859 2526 ioqnemini,
887 2494 910 2522 is

121 2533 191 2568 apud
215 2540 263 2560 vos
285 2540 338 2560 non
359 2533 528 2568 permanebit
546 2543 554 2569 ί
583 2536 646 2570 quia
668 2537 739 2566 Deus
763 2539 904 2567 nobiscum

121 2584 162 2606 est
177 2579 210 2606 θ’.
231 2589 240 2605 ι

157 2626 200 2652 12.
217 2625 270 2653 Sed
286 2633 360 2659 ecce,
379 2627 407 2654 hi
423 2627 527 2661 dicunt,
541 2628 685 2664 Apostolus
700 2637 794 2666 aperte
815 2633 903 2666 ipsum

121 2670 257 2698 hominem
274 2671 429 2698 conﬁtetur.
454 2671 579 2708 Namque
595 2675 627 2701 ad
644 2675 816 2704 Timotheum
832 2679 902 2706 scri-

120 2716 186 2743 bcns
203 2716 242 2744 sic
256 2718 314 2744 ait:
332 2726 341 2742 ι
361 2716 446 2745 llomo
459 2717 585 2748 Christus
598 2719 678 2749 Jesus
689 2721 724 2752 ".
745 2732 754 2750 ι
771 2723 828 2752 lloc
840 2725 904 2753 dum

152 2807 174 2848 ‘_°
192 2806 262 2835 Psal.
275 2808 382 2848 vlui-7).
406 2808 457 2848 ‘_‘_'
469 2809 529 2848 ἐστι.
542 2818 621 2848 ιιιιιἨ
632 2812 674 2848 Η,
692 2814 735 2842 i5.

121 2843 142 2882 οξ
156 2841 206 2869 Ira.
222 2842 368 2885 νιιινθξιοτ
402 2842 453 2887 :1
469 2844 538 2873 Tim.
555 2854 586 2880 Il,
602 2841 633 2874 ’5.

793 2817 814 2832 ⁵³
829 2815 899 2846 Psal.
918 2826 1010 2853 xxxvr,
1024 2820 1068 2853 55,
1086 2821 1130 2849 56.

971 243 1068 276 ελθὼν,
1086 245 1367 278 μεταγινωσκέτωσαν
1379 246 1402 271 οἱ
1418 244 1634 280 πεπλανημένοι,
1651 245 1698 271 καὶ
1713 245 1764 279 τῆς

977 289 1125 324 Ἰουδαϊκῆς
1144 290 1237 321 ἀνοίας
1257 290 1433 325 ληγέτωσαν·
1455 300 1465 316 ‹
1484 291 1547 318 Ἐὰν
1562 290 1617 325 γὰρ
1642 291 1680 325 μὴ
1703 291 1765 317 έπι-

970 335 1137 371 στραφῶσιν,
1155 336 1204 371 τὴν
1230 336 1369 371 ῥομφαίαν
1396 335 1478 362 αὑτοῦ
1496 336 1556 363 κατ’
1579 336 1670 362 αὐτῶν
1688 336 1764 362 στιλ-

971 380 1053 416 βώσει
1070 381 1184 417 Κύριος.
1200 390 1210 406 ›
1225 381 1288 408 Ὀτι
1300 381 1354 416 γὰρ
1364 381 1413 408 οὐκ
1425 383 1464 414 είς
1477 382 1553 413 τέλος
1569 382 1658 409 αὐτῶν
1670 382 1765 415 ἀνέξε‹

968 436 1014 454 ται
1041 426 1285 463 βλασφημούντων,
1306 427 1354 454 καὶ
1369 428 1414 455 διὰ
1435 427 1627 463 μακροθυμίαν
1646 427 1686 454 ἔτι
1714 429 1765 454 καὶ

970 473 1018 500 νῦν
1037 473 1166 509 ἀνέχεται
1193 473 1425 508 βλασφημούντων
1437 493 1444 506 ,
1469 474 1552 501 ἄκουε
1566 473 1593 500 τί
1618 483 1700 510 φησιν
1717 474 1765 501 διὰ

969 519 1015 547 τοῦ
1032 520 1169 556 μακαρίου
1195 520 1347 556 προφήτου,
1370 520 1422 556 τὴν
1438 520 1471 547 ὲκ
1492 520 1543 555 τῆς
1568 520 1667 555 ἀνοχῆς
1692 521 1764 556 πρὸς

969 567 1032 599 τοὺς
1051 567 1231 602 ἐπιμένοντας
1251 567 1285 602 τῇ
1304 566 1391 602 κακίᾳ.
1418 566 1593 603 ἐπαγομένην
1617 567 1761 602 ἐκδίκησιν

967 613 1071 649 δηλῶν·
1091 624 1100 639 ‹
1118 613 1287 648 Ἐσιώπησα,
1303 612 1380 647 φησί·
1396 612 1435 648 μὴ
1447 613 1495 640 καὶ
1506 613 1550 639 ἀεὶ
1569 613 1760 648 σιωπήσομαι,

967 660 1016 686 καὶ
1028 659 1177 695 ἀνέξομαι;
1194 659 1386 695 Ἐκαρτέρησα
1404 658 1442 690 ὼς
1455 659 1472 694 ὴ
1494 659 1628 685 τίκτουσα
1659 658 1762 693 ἐκστή-

968 714 1007 732 σω
1028 705 1075 732 καὶ
1091 704 1200 740 ξηρανῶ
1217 705 1286 740 ἅμα,
1312 704 1360 730 καὶ
1385 703 1524 739 ὲρημώσω
1542 703 1593 739 ὁρη
1617 704 1665 730 καὶ
1696 703 1762 738 βου-

967 752 1040 783 νοὺς,
1051 752 1099 778 καὶ
1112 752 1202 778 πάντα
1213 751 1258 778 τὸν
1272 751 1369 788 χόρτον
1381 750 1471 777 αὑτῶν
1485 749 1595 785 ξηρανῶ
1604 757 1610 764 ·
1623 750 1670 776 καὶ
1684 749 1761 784 θήσω

967 797 1107 832 ποταμοὺς
1133 797 1173 828 είς
1196 797 1306 832 νήσους,
1322 797 1370 823 καὶ
1386 795 1434 831 ἕλη
1457 795 1576 831 ξηρανῶ.
1601 805 1610 822 ι
1631 795 1713 822 Ούδὲν
1731 795 1761 820 δὲ

965 840 1047 879 ἦττον
1061 843 1108 870 καὶ
1122 843 1136 870 ὁ
1151 842 1287 874 θειότατος
1301 841 1440 877 Ὑμνῳδδς
1458 842 1569 876 ταχεῖαν
1584 841 1638 867 τῶν
1652 839 1761 867 ἀσεϐῶν

966 889 1087 917 διδάσκει
1103 888 1152 924 τὴν
1169 887 1320 921 ἀπώλειαν,
1336 888 1388 915 κᾶν
1405 887 1475 924 πρὸς
1487 888 1579 921 ὀλίγον
1594 886 1638 914 διὰ
1655 895 1762 922 μακρο-

967 935 1068 970 θυμίαν
1083 934 1152 961 Θεοῦ
1174 933 1321 970 ἰσχύσωσιν
1333 942 1340 948 ·
1367 943 1376 959 ι
1397 934 1466 961 Ἰδον
1481 933 1544 968 ,γὰρ
1567 933 1655 967 ἀσεὸἧ
1673 933 1760 966 ὑπερ-

968 980 1132 1017 υψούμενον,
1150 981 1196 1007 καὶ
1209 980 1390 1016 ἐπαιρόμενον
1405 980 1443 1012 ὡς
1457 980 1506 1012 τὰς
1517 979 1629 1015 κέδρους
1645 979 1692 1006 τοῦ
1711 979 1762 1006 Λι-

966 1028 1049 1054 6άνου
1060 1035 1067 1043 ·
1083 1027 1131 1054 καὶ
1141 1026 1291 1062 παρῆλθον,
1308 1027 1356 1054 καὶ
1373 1026 1427 1052 ἰδοὺ
1441 1026 1491 1052 οὐκ
1507 1023 1540 1061 ἦν
1550 1033 1557 1040 ·
1574 1025 1621 1051 καὶ
1635 1024 1759 1060 ἐζήτησα

965 1073 1059 1106 αὑτὸν,
1073 1074 1121 1100 καὶ
1131 1073 1180 1108 οὐχ
1195 1073 1297 1109 εὑρέθη
1307 1074 1321 1100 ό
1335 1073 1418 1105 τόπος
1432 1071 1526 1099 αὑτοῦ.
1544 1081 1553 1097 ι

1003 1124 1048 1148 ια’.
1061 1119 1152 1147 Ταῦτα
1162 1120 1217 1155 γὰρ
1232 1120 1279 1147 καὶ
1289 1120 1324 1146 τὰ
1337 1119 1449 1146 τοιαῦτα
1460 1118 1539 1145 κοινὰ
1553 1117 1662 1144 πάντων
1673 1116 1760 1147 ἐστὶν,

966 1166 1023 1192 ὅσοι
1048 1165 1098 1201 τῆς
1124 1166 1266 1198 εὐσεὸείας
1294 1165 1499 1201 διασκορπίζειν
1526 1163 1698 1199 ἐπιχειροῦσι
1729 1163 1761 1188 τὸ

966 1213 1102 1248 ποίμνιον.
1118 1211 1214 1248 ὥσπερ
1238 1209 1284 1239 οὖν
1301 1212 1349 1239 καὶ
1376 1211 1430 1238 τῶν
1451 1210 1658 1246 προειρημένων
1683 1208 1761 1244 αἱρέ-

968 1267 1037 1286 σεων
1051 1259 1081 1286 τὺ
1095 1259 1170 1290 τέλος
1188 1258 1335 1290 ἐπέδειξεν.
1355 1257 1388 1284 Τί
1403 1257 1458 1293 γὰρ
1471 1255 1576 1292 ώνησεν
1589 1256 1638 1291 τῆς
1653 1256 1760 1291 Ἀρείου

967 1304 1126 1336 δυσσεϐείας
1141 1305 1158 1340 ὴ
1175 1304 1281 1340 πλάνη;
1310 1304 1337 1330 τί
1356 1303 1412 1338 δὲή
1431 1303 1577 1338 Εύνομίου,
1596 1302 1643 1328 καὶ
1660 1301 1716 1328 τῶν
1730 1301 1762 1327 τὺ

968 1351 1081 1387 Πνεῦμα
1097 1351 1126 1378 τὸ
1147 1351 1224 1385 ἇγιον
1241 1349 1473 1386 βλασφημούντων
1483 1370 1491 1382 ,
1510 1349 1557 1376 καὶ
1570 1348 1618 1375 τοῦ
1634 1348 1761 1383 Σαμοσα-

966 1399 1035 1430 τέως
1060 1397 1177 1427 Παύλου,
1192 1397 1240 1424 καὶ
1258 1396 1305 1423 τοῦ
1329 1395 1500 1430 καλουμένου
1525 1393 1716 1429 Ἀπολιναρίου
1741 1394 1758 1428 ὴ

968 1443 1167 1480 παραφροσύνη
1179 1452 1186 1476 ;
1200 1443 1305 1474 Πάντες
1322 1442 1377 1477 γὰρ
1389 1439 1463 1468 οὗτοι
1479 1440 1528 1467 καὶ
1542 1441 1571 1467 ὲν
1586 1440 1625 1475 τῷ
1642 1439 1761 1475 παρόντι

968 1490 1150 1517 ἐπονείδιστον
1162 1488 1239 1520 τέλος
1259 1489 1421 1524 ἐσχήκασιν,
1438 1487 1485 1514 καὶ
1500 1486 1553 1513 τῶν
1568 1486 1762 1522 ἐκκλησιαστι-

969 1537 1025 1564 κῶν
1052 1535 1204 1571 περιϐόλων
1221 1534 1389 1569 ἐξώσθησαν,
1406 1535 1454 1560 καὶ
1475 1533 1525 1568 τῆς
1546 1533 1575 1559 ἐν
1590 1533 1714 1568 οὐρανοῖς
1732 1532 1761 1559 δὲ

967 1583 1023 1609 τῶν
1047 1582 1227 1618 πρωτοτόκων
1246 1579 1407 1615 Ἐκκλησίας
1432 1579 1486 1611 ἔξω
1506 1579 1668 1614 ριφήσονται
1682 1586 1688 1593 ·
1713 1578 1760 1611 ἐξ·

967 1628 1137 1664 ηλεῖφθησαν
1148 1627 1204 1662 γὰρ
1219 1627 1251 1653 ἐκ
1263 1626 1356 1661 βίὸλου
1368 1625 1488 1658 ζώντων,
1503 1627 1550 1652 καὶ
1566 1626 1634 1661 μετὰ
1647 1625 1762 1652 δικαίων

967 1675 1017 1701 οὐκ
1027 1674 1259 1708 ὲγγραφήσσνται.
1273 1672 1309 1698 Τὸ
1319 1671 1347 1698 δὲ
1362 1672 1428 1698 αὐτὸ
1440 1671 1487 1698 καὶ
1499 1671 1611 1703 τούτους
1621 1671 1761 1704 ἐκδέξεται

967 1720 1053 1751 τέλος,
1067 1719 1091 1745 εἰ
1107 1717 1145 1753 μὴ
1160 1718 1216 1753 ἄρα
1231 1718 1328 1743 θᾶττον
1342 1715 1393 1750 τῆς
1413 1715 1506 1746 ἀνοίας
1518 1715 1647 1747 λαϐόντες
1660 1715 1760 1750 αἰσθη-

967 1773 1021 1796 σιν,
1034 1763 1194 1790 ἐπανελθεῖν
1207 1762 1268 1789 ὅθεν
1282 1762 1416 1794 ἐξέπεσαν
1430 1761 1628 1793 σπουδάσωσιν,
1642 1761 1688 1787 καὶ
1705 1761 1760 1796 μά-

965 1811 1045 1837 λιστα
1061 1811 1123 1840 τοὺς
1140 1809 1278 1845 ἀρχηγοὺς
1292 1808 1343 1843 τῆς
1353 1806 1562 1842 κακοφροσύνης
1575 1807 1740 1842 γενομένους
1750 1815 1758 1822 ’

966 1855 1129 1883 ἀκούσονται
1139 1855 1194 1890 γὰρ
1211 1854 1354 1890 μονονουχὶ
1374 1853 1421 1880 καὶ
1436 1853 1539 1880 τούτων
1552 1853 1669 1884 ’ἕκαστος
1683 1852 1760 1887 παρὰ

965 1902 1013 1930 τοῦ
1041 1902 1182 1937 Σωτῆρος·
1207 1909 1216 1926 ι
1230 1901 1278 1927 Ὃν
1293 1900 1395 1936 τρόπον
1422 1900 1528 1935 ἱμάτιον
1542 1900 1571 1926 ἐν
1587 1899 1685 1933 αἵματι
1710 1893 1764 1926 πε)

966 1948 1104 1984 φυρμένον
1121 1948 1172 1974 οὐκ
1198 1947 1276 1974 ἕσται
1303 1946 1434 1982 καθαρὸν,
1459 1945 1545 1977 οὕτως
1563 1945 1624 1972 οὐδὲ
1650 1946 1682 1972 σὺ
1707 1945 1758 1980 ἔσῃ

965 1995 1098 2029 καθαρός·
1116 1993 1184 2021 διότι
1200 1994 1250 2029 τήν
1264 1994 1316 2027 γῆν
1333 2001 1384 2028 μου
1400 1991 1554 2023 ἀπώλεσας,
1569 1992 1616 2018 καὶ
1631 1992 1677 2018 τὸν
1691 1991 1757 2018 λαόν

966 2050 1019 2076 μου
1035 2040 1216 2071 ἀπέκτεινας·
1240 2040 1270 2066 οὐ
1296 2039 1334 2074 μὴ
1351 2038 1447 2074 μείνῃς
1460 2039 1501 2069 είς
1522 2038 1568 2064 τὸν
1587 2037 1673 2064 αἰῶνα
1692 2037 1759 2073 χρόα

965 2095 1022 2114 νον.
1037 2096 1047 2113 ›
1065 2087 1163 2122 Ἡμεῖς
1173 2086 1201 2113 δὲ
1225 2086 1250 2112 οἱ
1261 2085 1310 2120 τὴν
1320 2085 1425 2113 ἑαυτῶν
1439 2084 1583 2111 πίστινὲπὶ
1591 2084 1639 2119 τὴν
1647 2085 1757 2120 ἀρραγῆ

965 2133 1070 2168 πέτραν
1093 2132 1323 2168 οἰκοδομήσαντες
1341 2131 1465 2167 βεϐαίαν,
1492 2131 1573 2167 μέχρι
1595 2131 1690 2163 τέλους
1707 2131 1756 2167 τὴν

965 2178 1106 2205 εὐσέϐειαν
1120 2178 1347 2213 διαφυλάξωμεν,
1368 2177 1500 2214 μηδαμῶς
1521 2177 1574 2204 ὑπὸ
1598 2177 1654 2205 τῶν
1678 2178 1757 2204 ἐναν-

964 2225 1029 2251 τίων
1047 2224 1251 2260 θορυϐούμενοι,
1264 2223 1332 2251 ἀλλὰ
1341 2224 1391 2259 τὴν
1406 2224 1445 2255 είς
1456 2223 1502 2250 τὸν
1519 2223 1625 2259 Κύριον·
1643 2224 1756 2259 ἀγάπην

964 2270 1047 2296 ὅπλον
1074 2270 1203 2305 ἀνίκητον
1225 2269 1344 2305 ἔχοντες,
1373 2270 1403 2296 ἐν
1427 2269 1502 2304 αὐτῷ
1527 2268 1697 2304 καυχώμεθα
1712 2269 1757 2295 διὰ

965 2316 1085 2348 παντὸς,
1106 2316 1232 2350 λέγοντες
1256 2315 1291 2343 τὰ
1318 2315 1365 2342 τοῦ
1383 2316 1524 2351 προφήτου
1551 2316 1680 2351 ῥήματα,
1708 2317 1756 2342 καὶ

964 2362 1097 2397 γελῶντες
1129 2361 1183 2389 τῶν
1213 2361 1342 2388 ἐναντίων
1369 2361 1419 2397 τὴν
1461 2361 1618 2388 εὐτέλειαν·
1647 2371 1656 2387 ι
1685 2361 1754 2389 Μεθ’

964 2408 1043 2443 ἡμῶν
1055 2409 1069 2435 ὁ
1083 2407 1166 2439 θεός·
1183 2407 1280 2442 γνῶτε,
1301 2407 1376 2442 ἔθνη,
1398 2407 1447 2434 καὶ
1463 2407 1592 2442 ἡττᾶσθε,
1614 2407 1755 2442 ἰσχυκότες

963 2454 1100 2489 ἡττᾶσθε⁸
1118 2453 1166 2480 ἐὰν
1182 2454 1236 2488 γὰρ
1258 2453 1338 2480 πάλιν
1360 2453 1504 2488 ίσχύσητε,
1527 2453 1609 2480 πάλιν
1632 2453 1754 2488 ἡττηθή-

965 2499 1061 2526 σεσθε⁸
1089 2499 1136 2526 καὶ
1170 2499 1217 2526 ἐὰν
1236 2499 1430 2534 βουλεύσησθε,
1461 2498 1558 2534 βουλὴν
1579 2498 1752 2525 διασκεδάσει

963 2545 1081 2580 Κύριος’
1095 2546 1142 2573 καὶ
1159 2546 1237 2580 λόγον
1254 2546 1283 2572 ὃν
1297 2546 1344 2572 ἐὰν
1360 2546 1507 2581 λαλήσητε,
1522 2545 1558 2580 {ob
1581 2545 1618 2581 μή
1634 2545 1753 2581 ὲμμείνῃ

938 2612 940 2617 .
963 2591 992 2617 ὲν
1010 2591 1074 2627 ὑμῖν
1085 2600 1092 2607 ·
1106 2592 1147 2618 ὅτι
1164 2592 1223 2627 μεθ’
1241 2591 1321 2628 ἡμῶν
1334 2591 1436 2628 Κύριος
1449 2593 1463 2618 ὁ
1477 2591 1554 2624 Θεός.
1575 2601 1584 2617 ι

1000 2637 1043 2672 ιβ’.
1068 2638 1138 2664 Ἀλλ’
1150 2638 1216 2671 ίδοὺ,
1233 2638 1328 2673 φασὶν,
1344 2639 1358 2665 ὁ
1377 2638 1538 2670 ’Λπόστολος
1560 2637 1688 2673 φανερῶς
1703 2637 1752 2664 αὺ-

962 2682 1007 2709 τὸν
1021 2683 1163 2718 ἄνθρωπον
1179 2684 1367 2719 ὡμολόγησεν.
1381 2684 1506 2719 Τιμοθέῳ
1520 2683 1574 2719 γὰρ
1585 2683 1752 2709 ἐπιστέλλων

961 2727 1032 2755 οὕτω
1045 2730 1136 2765 φησίν·
1159 2739 1168 2756 ε
1182 2729 1344 2766 Ἀνθρωπος
1363 2730 1482 2765 Χριστὸς
1503 2728 1619 2765 Ἰησοῦς.
1639 2739 1648 2755 ι
1665 2729 1752 2756 Τοῦτο

1185 2822 1208 2839 ⁸³
1220 2821 1294 2850 Psal.
1308 2829 1403 2856 mm,
1421 2821 1468 2850 29.

1523 2821 1545 2837 “
1560 2821 1612 2850 lsa.
1628 2828 1686 2854 xw,
1706 2821 1749 2849 i9.
