1886 3056
85 152 131 182 269

645 153 740 187 QUOD
761 153 792 183 Β.
811 153 922 181 MARIA
942 153 997 182 SIT
1016 150 1174 182 DEIPARA.

1669 154 1724 192 2Ἰὰ

86 212 109 238 is
128 209 268 244 λέγοντες,
286 210 344 236 τῶν
370 208 575 247 ὰκεραιοτέρων
589 210 716 239 δοκοῦσιν
737 211 883 247 ταράττειν

974 216 1020 245 tnl,
1037 212 1237 247 simpliciorum
1253 213 1381 240 ‘vtdentur
1393 214 1513 241 mentem
1531 214 1654 242 turbare.
1669 214 1722 243 Sed

86 257 125 283 τὸν
144 255 206 282 νοῦν
217 264 224 271 ·
242 257 269 282 εί
294 257 353 292 γάρ
369 265 412 289 τις
429 252 548 289 συνετῶς
568 257 608 293 τῷ
632 257 807 293 ἀποστολικῷ
823 258 886 284 ἑπι-

87 303 173 329 σάλλει
197 301 288 337 ῥητῷ,
327 303 363 330 ὲκ
388 303 484 330 τούτου
511 303 629 338 μάλιστα
656 303 703 330 τοῦ
728 303 812 339 ῥητοῦ
835 304 885 339 τῆς

88 348 211 379 ἀσεὸεἰας
243 348 340 375 αὐτῶν
364 349 597 385 καταψηφίσεται.
628 349 711 375 Ἀλλὰ
738 349 776 384 μὴ
799 347 885 380 οὕτως

89 394 350 430 ἁκρωτηριάζωμεν
375 394 426 429 τὴν
451 395 538 427 λέξιν,
556 395 614 421 ἀλλ’
636 395 726 429 ὀλίγον
751 394 809 420 τῶν
833 394 884 429 ἐμ-

88 439 203 475 προσθεν
213 439 447 475 ἐπιμνησθέντες,
461 440 544 476 ὀρθὴν
558 440 608 475 τῆς
622 439 777 475 οἰκονομίας
790 439 884 466 ἐντεῦ-

89 487 133 512 θεν
147 485 196 520 τὴν
211 485 364 521 ὁμολογίαν
381 486 477 522 νοῆσαι
493 486 677 522 δυνησόμεθα.
693 486 726 513 Τί
740 483 787 513 οῦν
802 493 885 521 φησιν

88 533 101 557 ὁ
115 531 250 565 μακάριος
262 530 371 562 Παῦλος
382 540 389 564 ;
408 540 416 556 ι
430 528 477 563 Εἷς
488 531 564 564 Θεὸς,
576 541 585 558 ι
601 531 683 566 φησὶν
693 531 815 567 περὶτοῦ
829 532 885 558 Πα-

88 579 163 614 τρός·
179 579 229 604 καὶ
244 579 300 614 εἴη·
310 579 377 614 περὶ
389 578 437 605 τοῦ
449 578 525 605 Υίοῦ·
539 588 548 604 ι
561 576 609 611 Εἷς
623 579 672 606 καὶ
684 579 806 614 Μεσίτης
816 579 884 605 Θεοῦ

88 625 135 650 καὶ
148 623 317 659 ἀνθρώπων.
331 632 341 649 ι
356 623 389 650 El
403 623 468 659 γὰρ,
484 624 576 659 φησὶν,
592 625 640 651 καὶ
655 625 766 658 γέγονεν
780 624 886 659 ἄνθρω-

87 678 147 701 πος,
165 669 224 696 ἀλλ’
240 670 272 696 οὐ
289 669 334 696 διὰ
357 669 437 696 τοῦτο
456 669 503 696 δύο
519 670 602 696 αὑτὸν
629 669 793 697 ὑποπτεύειν
809 670 885 705 ὀφεί-

87 715 188 751 λομεν-
206 715 306 751 ὥσπερ
325 715 380 752 γὰρ
400 715 466 746 Θεὸς
493 713 528 751 ἦν
550 716 604 752 πρὸ
619 716 671 751 τῆς
694 716 845 751 ἐπιδημίας
869 717 883 742 ὁ

87 760 187 794 Λόγος,
202 760 278 787 οὕτω
296 760 344 787 καὶ
358 761 502 796 γενόμενος
517 760 669 797 ἄνθρωπος,
684 762 732 788 καὶ
757 761 883 796 μεσιτεύ-

88 813 138 836 σας
150 804 198 830 καὶ
213 805 246 839 τῇ
259 803 403 840 ἀνθρώπου
419 804 511 839 φύσει,
527 803 567 835 εἷς
579 805 740 832 πάλινέστίν
749 813 756 820 ⁸
772 806 817 832 διὰ
830 806 884 840 γὰρ

87 850 168 876 τοῦτο
180 849 305 885 Μεσίτην
320 850 400 876 αὑτὸν
412 850 506 886 εἴρηκε
522 849 589 876 Θεοῦ
607 851 655 877 καὶ
668 849 830 886 ἀνθρώπων,
845 850 883 882 ὡς

937 257 1009 285 enim
1027 257 1049 285 si
1064 258 1126 293 quis
1143 258 1256 286 cordate
1276 258 1455 294 apostolicum
1480 260 1581 288 dictum
1599 262 1724 289 conside-

937 308 989 336 ret,
1005 304 1032 332 vi
1046 304 1127 338 hujus
1137 305 1256 333 maxime
1270 305 1346 338 dicti,
1365 306 1597 341 irreligiositatem
1614 307 1722 335 illorum

937 351 1088 379 damnabit.
1106 350 1234 378 Profecto
1255 351 1327 379 haud
1344 352 1401 380 haec
1416 353 1495 380 nobis
1515 353 1617 381 locutio
1640 354 1724 381 veluti

937 396 1031 423 mutila
1047 396 1205 431 accipienda
1221 396 1261 424 sic
1273 402 1326 429 est,
1343 397 1390 425 sed
1404 398 1484 432 paulo
1499 401 1573 426 retro
1587 398 1724 426 dictorum

936 443 970 469 ab
985 441 1117 478 Apostolo
1134 450 1284 475 memores,
1312 447 1415 470 rectam
1437 444 1500 470 inde
1524 444 1724 471 incarnationis

935 487 1137 515 confessionem
1151 487 1301 522 intelligere
1316 487 1419 515 licebit.
1438 487 1508 520 Quid
1522 495 1586 523 ergo
1607 488 1645 514 ait
1660 488 1720 515 bea-

935 537 979 560 tus
995 532 1116 560 Paulus?
1134 541 1144 558 ι
1157 531 1235 560 Unus
1248 533 1331 566 Deus,
1351 543 1360 559 ι
1378 533 1467 568 inquit
1482 533 1515 561 de
1535 533 1636 567 Patre;
1653 537 1723 560 esto.

935 576 973 604 De
983 576 1052 604 Filio
1068 586 1103 604 :.t
1117 577 1192 605 Unus
1204 582 1231 605 et
1248 578 1382 606 Mediator
1396 578 1445 605 Dei
1456 582 1484 606 et
1499 578 1639 605 hominum
1654 574 1689 605 θ.
1712 588 1722 604 ι

936 621 995 649 Etsi
1017 622 1100 654 enim,
1125 622 1225 655 inquit,
1250 623 1340 650 factus
1362 627 1404 650 est
1422 623 1523 655 homo,
1555 630 1609 650 non
1634 627 1724 650 tamen

936 668 1041 696 idcirco
1061 669 1130 696 duos
1154 668 1241 703 ipsum
1271 668 1406 703 suspicari
1440 669 1580 697 debemus.
1604 669 1726 703 Namque

935 714 974 741 uti
987 718 1047 742 erat
1064 718 1128 742 ante
1143 721 1224 742 suum
1240 715 1385 742 adventum
1402 715 1522 742 Verbum
1539 715 1611 743 Deus
1623 736 1631 748 ,
1645 715 1685 743 sic
1698 720 1726 743 et

936 761 1018 788 homo
1032 760 1130 792 factus,
1144 765 1171 788 et
1187 761 1313 788 humanm
1326 765 1430 789 natum
1442 761 1638 795 interveniens,
1654 765 1725 789 unus

934 809 1024 836 adlmc
1037 813 1090 836 est.
1106 808 1169 836 Ideo
1185 808 1362 836 Mediatorem
1380 808 1471 843 ipsum
1482 808 1529 836 Dei
1545 812 1572 836 et
1585 809 1725 837 hominum

935 854 1014 887 dixit,
1040 855 1104 889 quia
1124 862 1158 882 ex
1183 859 1299 889 utraque
1324 855 1476 883 substantia
1499 862 1568 882 unus
1583 859 1635 882 est.
1654 850 1722 882 Nam

87 896 118 928 ἐξ
133 896 302 932 ἀμφοτέρων
315 896 370 922 τῶν
393 895 492 923 οὐσιῶν
514 896 563 922 ἕνα
579 896 659 923 ὄντα·
676 896 706 923 τὸ
731 896 786 932 γάρ
806 905 888 924 τινων

977 901 1010 928 od
1025 900 1096 927 inter
1112 899 1204 934 aliqua
1228 900 1351 928 medians
1371 905 1435 933 est,
1458 903 1603 935 utramque
1620 903 1724 935 partem

89 941 236 976 μεσιτεῦον
263 941 429 977 ἀμφοτέρων
451 940 542 976 ἔχεται
562 941 683 973 πάντως.
702 942 780 968 Ἔστι
793 942 883 969 τοίνυν

87 988 212 1024 Meet-:11;
223 987 303 1020 Θεοῦ,
317 988 362 1015 διὰ
375 988 406 1015 τὺ
424 988 474 1023 τῆς
489 989 573 1024 αὐτῆς
588 989 681 1021 οὐσίας
696 989 829 1025 ὑπάρχειν
846 989 885 1024 τῷ

89 1033 196 1069 Πατρί·
213 1034 272 1060 ἔστι
287 1034 317 1060 δὲ
332 1034 413 1061 πάλιν
425 1035 472 1061 καὶ
484 1034 636 1070 ἀνθρώπων
646 1035 779 1070 Μεσίτης.
794 1035 839 1062 διὰ
854 1036 884 1062 τὸ

87 1080 137 1106 καὶ
150 1081 202 1115 τῆς
225 1079 401 1114 ἀνθρωπείας
425 1080 624 1115 μετεσχηκέναι
645 1081 753 1115 φύσεως
773 1080 885 1112 τελείως

87 1125 175 1161 χωρὶς
190 1124 332 1160 ἁμαρτίας
344 1125 393 1161 (1).
405 1126 565 1162 Ἄνθρωπον
574 1125 620 1154 οὖν
636 1127 718 1154 αὑτὸν
732 1127 797 1154 ὅταν
809 1126 885 1161 λέγει

88 1171 209 1206 Χριπὺν
230 1171 346 1206 Ἰησοῦν,
371 1171 411 1207 μὴ
429 1172 475 1199 διὰ
496 1173 576 1200 τοῦτο
601 1173 884 1206 σκανδαλιζὲσθιιισαν,

88 1217 147 1245 ἀλλ’
172 1217 353 1244 ὲννοείτωσαν
370 1219 451 1245 αὑτὸν
473 1219 521 1245 καὶ
541 1218 644 1254 Κύριον
660 1219 708 1246 καὶ
734 1219 800 1246 Θεὸν
826 1219 882 1245 ὀνο-

89 1263 246 1299 μαζόμενον
259 1262 329 1298 μετὰ
349 1263 397 1290 τοῦ
421 1264 468 1290 καὶ
481 1264 598 1300 Χριστὸν
619 1264 701 1290 πάλιν
725 1264 815 1298 λέγειν
836 1264 885 1291 καὶ

95 1309 216 1344 Ἰησοῦν·
244 1309 420 1336 ἁκουέτωσαν
450 1309 505 1345 γὰρ
536 1309 620 1336 αὑτοῦ
645 1310 692 1337 τοῦ
721 1310 884 1337 Ἀποστόλου

89 1356 171 1383 τοῦτο
185 1356 313 1392 φανερῶς
327 1355 399 1382 οὕτω
413 1355 610 1391 κηρύττοντος·
629 1365 639 1382 ι
657 1356 882 1392 Προσδεχόμενοι,

89 1404 168 1438 φησι,
180 1402 233 1437 τὴν
249 1402 389 1438 μακαρίαν
406 1401 513 1434 ἐλπίδα,
530 1403 579 1428 καὶ
594 1403 756 1436 ἐπιφάνειαν
772 1403 821 1438 τῆς
840 1403 882 1430 δύ-

90 1447 139 1482 ξης
149 1448 199 1474 τοῦ
213 1447 333 1483 μεγάλου
344 1446 412 1474 Θεοῦ
425 1447 473 1474 καὶ
487 1447 612 1482 Σωτῆρος
624 1447 703 1482 ὴμῶν
721 1446 808 1484 Ἰησοῦ
821 1449 886 1484 Χρι-

92 1494 168 1526 στοῦ,
181 1494 211 1525 ὃς
232 1494 334 1520 ἔδωκεν
352 1493 448 1521 ἐαυτὺν
463 1492 534 1529 ὑπὲρ
552 1493 640 1528 ἡμῶν.
659 1503 668 1519 ι

135 1543 170 1574 γ’.
199 1540 282 1575 Ὁρᾷς
295 1539 371 1570 ὅπως
384 1539 442 1565 ἐκεῖ
457 1539 507 1573 μὲν
525 1538 669 1574 ἄνθρωπον
691 1539 808 1574 Χριστὸν
829 1539 883 1576 Ἰη-

92 1585 155 1612 σοῦν
171 1585 246 1619 λέγει
266 1584 312 1611 τὸν
329 1584 400 1620 ὑπὲρ
426 1584 535 1611 πάντων
560 1585 657 1612 ἑαυτὸν
679 1585 824 1618 δεδωκότα,
842 1586 885 1612 ὲν-

92 1631 179 1658 ταῦθα
203 1631 233 1657 δὲ
261 1631 351 1666 μέγαν
377 1630 443 1656 Θεὸν
466 1630 584 1666 Χριστὸν
606 1630 720 1666 Ἰησοῦν,
742 1631 788 1658 τὸν
804 1631 885 1658 δόντα

93 1678 174 1704 πάλιν
191 1678 289 1704 ἑαυτὸν
308 1677 380 1713 ὑπὲρ
399 1676 494 1713 ήμῶν;
515 1677 602 1713 Διπλῆ
617 1677 671 1713 γὰρ
687 1677 804 1705 ἐνταῦθα
825 1679 884 1705 κατ’

93 1724 194 1756 αὐτῶν,
216 1724 317 1759 μᾶλλον
334 1723 405 1759 ὑπὲρ
421 1723 521 1756 αὐτῶν,
547 1724 571 1750 εἰ
597 1723 714 1751 ἐθέλοιεν
731 1725 885 1760 μεταγινώ-

95 1780 178 1803 σκειν,
195 1770 308 1805 γέγονεν
324 1771 341 1806 ὴ
357 1770 506 1803 ἀπόδειξις,
522 1770 567 1797 διὰ
588 1770 618 1796 τὸ
643 1770 734 1805 λέγειν
758 1771 804 1798 καὶ
819 1771 886 1798 Θεὸν

94 1817 140 1843 καὶ
153 1816 260 1852 Κύριον
280 1815 396 1851 Ἰησοῦν,
411 1815 440 1842 ὃν
452 1816 541 1841 ἐκεῖσε
558 1815 703 1850 ἄνθρωπον
714 1816 822 1852 εἴρηκε,
837 1817 886 1843 καὶ

93 1863 137 1890 διὰ
147 1863 195 1890 τοῦ
214 1863 244 1889 ὲν
269 1861 435 1898 ἀμφοτέροις
455 1861 552 1888 ἑαυτὸν
568 1862 639 1897 ὑπὲρ
656 1861 735 1897 ἡμῶν
751 1862 887 1889 δεδωκότα

95 1910 250 1946 σημαίνειν.
276 1919 285 1935 ι
307 1909 469 1944 Ἀνθρωπος
490 1908 556 1944 γὰρ,
581 1909 675 1943 φησὶν,
695 1908 815 1944 Χριστὸς
835 1909 887 1944 ’1η-

95 1957 166 1990 σσῦς,
187 1957 202 1983 ὁ
216 1956 280 1988 δοὺς
294 1955 390 1982 ἑαυτὸν
407 1954 478 1990 ὑπὲρ
492 1954 603 1981 πάντων
617 1955 788 1991 ἀντίλυτρον.
808 1965 817 1982 ι
831 1956 888 1982 Καὶ

94 2003 191 2030 πάλιν·
213 2012 221 2028 ι
241 2001 457 2038 Προσδεχόμενοι
475 2001 525 2037 τὴν
550 2001 688 2037 μακαρίαν
706 2001 813 2033 ἐλπίδα,
839 2002 888 2029 καὶ

93 2049 141 2086 τὴν
165 2049 329 2084 ἐπιφάνειαν
345 2048 397 2083 τῆς
422 2048 502 2082 δόξης
517 2047 565 2074 τοῦ
602 2047 721 2083 μεγάλου
745 2047 812 2074 Θεοῦ
840 2047 888 2075 καὶ

93 2096 223 2132 Σωτῆρος
238 2095 318 2131 ἡμῶν
348 2092 436 2130 Ἰησοῦ
461 2093 591 2130 Χριστοῦ,
617 2093 646 2126 ὃς
668 2094 770 2121 ἔδωκεν
792 2094 888 2122 ἑαυτὸν

93 2143 163 2178 ὑπὲρ
180 2141 273 2178 ἡμῶν,
285 2141 330 2168 ἵνα
347 2141 523 2176 λυτρώσηται
538 2140 611 2176 ἡμᾶς
625 2139 680 2167 ἀπὸ
696 2140 787 2176 πάσης
797 2141 888 2176 ἁμαρ·

92 2189 165 2221 τίας,
182 2189 231 2215 καὶ
254 2187 393 2224 καθαρίσῃ
408 2186 497 2222 ἑαυτῷ
517 2186 582 2213 λαὸν
596 2186 752 2221 περιούσιον
773 2186 823 2222 (2),
839 2187 888 2221 ζη-

936 946 1091 981 participat.
1110 942 1206 982 1M9
1221 945 1270 973 Est
1283 953 1348 981 ergo
1368 945 1418 973 Dei
1431 945 1575 978 Mediator,
1593 949 1727 980 quatenus

935 991 1058 1026 ejusdem
1073 998 1104 1018 ac
1122 991 1203 1018 Pater
1217 991 1381 1019 substantiae
1399 997 1441 1019 est
1458 1000 1466 1019 :
1491 996 1534 1020 est
1559 990 1624 1018 item
1640 990 1727 1018 homi-

937 1043 999 1064 num
1029 1045 1137 1072 quoque
1150 1036 1286 1065 Mediator
1298 1057 1307 1071 ,
1327 1043 1461 1072 quatenus
1473 1038 1619 1065 humanam
1643 1036 1726 1064 etiam

936 1089 1060 1111 naturam
1074 1084 1196 1119 perfecte
1219 1083 1367 1119 participat
1387 1084 1493 1119 absque
1507 1086 1632 1119 peccato.
1657 1082 1726 1110 Cum

935 1136 1001 1163 ergo
1026 1129 1173 1165 Apostolus
1199 1130 1337 1158 hominem
1362 1130 1429 1158 dicit
1454 1129 1594 1157 Christum
1612 1125 1726 1159 Jesum.

936 1181 1053 1203 caveant
1078 1184 1114 1203 ne
1141 1180 1286 1211 propterea
1313 1175 1473 1204 scandalum
1494 1175 1655 1211 patiantur,
1679 1171 1727 1201 sed

938 1224 1066 1255 reputent
1080 1221 1226 1256 ipsummet
1241 1225 1270 1248 et
1289 1221 1373 1248 Deum
1385 1225 1413 1248 et
1427 1220 1570 1248 Dominum
1583 1217 1724 1256 appellari.

936 1267 1073 1302 simulque
1092 1267 1176 1295 etiam
1189 1267 1329 1295 Christum
1342 1265 1492 1301 Jesumque
1518 1267 1583 1295 dici.
1608 1267 1728 1295 Audiant

935 1313 1007 1340 enim
1019 1312 1145 1340 eumdem
1161 1309 1322 1347 Apostolum
1335 1312 1390 1340 hoc
1401 1317 1497 1348 aperte
1509 1311 1704 1348 praedicantem
1718 1314 1726 1337 ι

938 1368 948 1384 ι
966 1355 1278 1392 Ειερεειειιιεε,ἰηιιιιὶι,
1295 1358 1404 1385 beatam
1416 1364 1504 1392 spem,
1527 1360 1556 1385 et
1568 1355 1729 1384 manifesta-

935 1405 1037 1432 tionem
1050 1404 1144 1440 gloria:
1158 1404 1250 1438 magni
1273 1404 1322 1431 Dei
1339 1407 1368 1431 et
1380 1398 1535 1431 Servatoris
1554 1403 1643 1431 nostri
1664 1397 1728 1431 Iesu

935 1449 1049 1482 Christi,
1067 1449 1115 1485 qui
1130 1449 1205 1477 dedit
1218 1449 1398 1485 semetipsum
1412 1456 1461 1484 pro
1476 1448 1555 1477 nobis
1576 1448 1610 1475 ⁸⁸.
1627 1457 1637 1474 ι

974 1538 1018 1565 15.
1042 1537 1135 1566 Viden‘
1152 1536 1289 1573 quomodo
1305 1538 1361 1566 illic
1375 1538 1485 1574 quidem
1499 1538 1636 1567 hominem
1648 1534 1728 1566 Citri-

936 1588 1009 1612 stum
1020 1583 1115 1612 Jesum
1129 1584 1195 1612 dicit
1211 1591 1272 1612 eum
1288 1584 1335 1620 qui
1343 1592 1393 1620 pro
1403 1584 1531 1613 omnibus
1544 1585 1662 1620 seipsum
1673 1588 1728 1612 traa

935 1630 1020 1663 didit,
1035 1630 1081 1657 hic
1101 1635 1194 1658 autem
1213 1637 1343 1665 magnum
1361 1630 1446 1658 Deum
1467 1629 1605 1658 Christum
1623 1630 1727 1664 Iesum.

935 1677 982 1712 qui
1001 1675 1120 1711 seipsnm
1137 1676 1202 1704 item
1219 1683 1269 1712 pro
1294 1676 1373 1704 nobis
1394 1675 1520 1704 dedidit?
1538 1676 1642 1712 Duplex
1655 1678 1727 1704 enim

937 1723 1001 1750 hinc
1024 1726 1120 1750 contra
1146 1722 1231 1757 ipsos,
1252 1722 1308 1750 imo
1331 1723 1421 1758 potius
1444 1730 1494 1758 pro
1515 1722 1593 1757 ipsis,
1616 1722 1639 1751 si
1662 1723 1729 1750 resi-

937 1768 1046 1804 piscere
1057 1768 1154 1801 velint,
1168 1768 1200 1796 fit
1219 1769 1428 1802 demonstratio,
1442 1768 1506 1796 dum
1523 1767 1589 1796 dicit
1604 1773 1632 1795 et
1645 1767 1727 1796 Deum

937 1819 964 1842 et
978 1814 1123 1842 Dominum
1137 1813 1242 1847 Jesum,
1264 1821 1346 1849 quem
1368 1814 1425 1842 illic
1440 1813 1579 1842 hominem
1603 1813 1728 1846 dixerat,

938 1861 1057 1896 dumque
1071 1860 1203 1888 ambobus
1217 1860 1245 1888 in
1259 1860 1328 1889 locis
1349 1861 1439 1895 ipsum
1456 1868 1505 1896 pro
1529 1860 1610 1888 nobis
1632 1863 1730 1895 sponte

938 1914 969 1935 se
985 1906 1132 1935 tradidisse
1145 1907 1291 1942 signiﬁcat.
1309 1916 1318 1933 r
1333 1906 1420 1935 Homo
1433 1907 1516 1939 enim,
1534 1906 1634 1942 inquit,
1649 1906 1730 1934 Chri-

938 1959 997 1981 stus
1012 1952 1102 1985 Jesus,
1118 1953 1165 1988 qui
1180 1953 1254 1981 dedit
1270 1953 1389 1988 seipsum
1406 1960 1457 1988 pro
1481 1953 1607 1980 omnibus
1624 1949 1730 1980 redem-

938 1999 1060 2035 ptionem
1075 2000 1108 2027 “.
1128 2009 1138 2026 ι
1156 1998 1317 2034 Rursusque
1338 2007 1345 2026 :
1364 2008 1374 2025 ι
1404 1999 1600 2034 Exspectantes
1620 1999 1730 2026 beatam

939 2054 1027 2082 spem,
1038 2050 1068 2074 et
1082 2046 1330 2074 manifestationem
1343 2044 1437 2080 glorla:
1453 2045 1542 2080 magni
1555 2037 1604 2072 Dei
1624 2049 1651 2072 et
1667 2044 1729 2072 Ser-

938 2092 1044 2120 vatoris
1067 2092 1153 2120 nostri
1171 2091 1235 2119 Jesu
1256 2091 1376 2123 Christi,
1394 2091 1440 2126 qui
1455 2091 1529 2118 dedit
1551 2090 1730 2126 semetipsum

938 2146 988 2174 pro
997 2138 1086 2171 nobis,
1104 2142 1135 2166 ut
1162 2138 1237 2166 omni
1253 2145 1304 2165 nos
1320 2142 1431 2172 peccato
1455 2137 1621 2169 redimeret,
1648 2144 1730 2164 mun-

939 2185 1070 2220 daretque
1089 2183 1142 2213 sibi
1168 2183 1296 2219 populum
1324 2182 1512 2217 peculiarem,
1541 2182 1726 2210 acmulatorem

93 2235 182 2270 λωτὴν
198 2234 289 2261 καλῶν
308 2233 408 2270 ἔργων.
427 2243 436 2259 ι
453 2233 483 2260 Ei
495 2233 522 2259 δὲ
537 2232 680 2268 ἄνθρωπος
698 2234 757 2260 κατ’
767 2233 889 2265 ἐκείνους

974 2239 1074 2258 νηοιιιιιι
1092 2235 1204 2266 operum
1214 2226 1248 2257 ⁷⁸.
1266 2239 1276 2256 ›
1288 2229 1364 2262 Quod
1375 2230 1399 2256 si
1412 2229 1521 2256 nonnisi
1542 2229 1623 2256 homo
1642 2233 1684 2256 est
1702 2228 1730 2254 in

95 2281 177 2317 μόνον
194 2279 312 2315 Χριστὸς
344 2278 459 2313 Ἰησοῦς,
475 2279 488 2304 ὁ
508 2278 569 2309 δοὺς
586 2277 682 2304 ἑαυτὸν
703 2278 774 2313 ὑπὲρ
797 2278 887 2314 ἡμῶν,

94 2327 142 2354 καὶ
157 2325 410 2361 περιποιησάμενος
427 2324 501 2359 ἡμᾶς
520 2323 609 2359 ἑαυτῷ
631 2323 695 2350 λαὸν
719 2324 887 2359 περιούσιον,

96 2370 234 2406 ἀνθρώπῳ
258 2369 313 2405 ἄρα
334 2368 503 2404 λατρεύομεν
519 2368 718 2403 παραπλησίως
740 2370 797 2401 τοῖς
814 2368 887 2395 ἔθνε-

98 2425 150 2449 σιν,
167 2416 213 2442 καὶ
223 2417 256 2452 τῇ
271 2415 360 2442 κτίσει
375 2415 467 2441 λοιπὸν
482 2414 531 2450 τὴν
547 2416 715 2450 Δεσποτικὴν
731 2415 890 2443 αὺθεντείαν

99 2462 289 2496 ἀποδιδόαμεν.
315 2460 386 2488 Ἀλλ’
414 2461 464 2488 οὐκ
487 2461 560 2488 ἐστιν
582 2460 684 2493 οὕτως,
711 2460 748 2496 μὴ
773 2460 888 2494 γένοιτο,

100 2507 168 2534 ἀλλὰ
197 2506 312 2543 [Κύριον
333 2506 381 2533 καὶ
409 2505 474 2532 Θεὸν
497 2504 718 2540 ὲπιγινὼσκομεν
752 2504 797 2531 τὸν
822 2505 889 2540 Χρι-

102 2552 179 2579 στόν·
202 2552 298 2586 γέγονε
323 2550 373 2579 μὲν
401 2550 456 2586 γὰρ
476 2549 618 2586 ἄνθρωπος
648 2549 681 2575 δι’
707 2549 781 2584 ἡμᾶς
803 2550 817 2575 ὀ
839 2548 887 2575 τοῦ

942 2284 1035 2304 eorum
1047 2276 1182 2304 sententia
1197 2275 1322 2303 Christus
1334 2274 1424 2307 Jesus,
1440 2275 1488 2309 qui
1501 2274 1614 2302 tradidit
1624 2279 1726 2302 semet-
1740 2302 1751 2317 ε,

943 2322 1029 2357 ipsum
1043 2330 1091 2358 pro
1105 2322 1243 2353 omnibus,
1262 2320 1369 2356 sibique
1383 2327 1434 2348 nos
1449 2320 1514 2347 fecit
1530 2319 1658 2355 populum
1679 2312 1744 2355 pe-Z

943 2367 1084 2401 culiarem,
1110 2367 1216 2395 homini
1229 2366 1333 2402 utique,
1357 2373 1410 2394 non
1425 2373 1505 2394 secus
1518 2370 1600 2400 atque
1614 2358 1743 2395 ethnici]

945 2413 1047 2440 cultum
1068 2412 1239 2446 exhibemus,
1257 2417 1284 2439 et
1309 2416 1441 2439 creaturae
1463 2411 1592 2444 deinceps
1605 2410 1728 2438 Domini-

945 2465 1006 2485 cam
1023 2458 1182 2494 dignitatem
1205 2457 1392 2485 attribuimus.
1410 2455 1604 2485 Verumtamen
1624 2460 1678 2483 non
1694 2456 1731 2484 ita

944 2512 974 2532 se
986 2511 1029 2532 res
1046 2505 1137 2537 habet,
1152 2504 1240 2532 absit!
1264 2504 1314 2531 sed
1331 2503 1488 2539 [Dominum
1499 2511 1532 2531 ac
1546 2502 1630 2531 Deum
1646 2500 1733 2538 agno.

944 2549 1044 2577 scimus
1059 2549 1209 2577 Christum.
1226 2547 1353 2576 Profecto
1371 2548 1472 2576 factum
1497 2552 1538 2576 est
1552 2553 1664 2584 propter
1682 2555 1733 2576 nos

138 2641 260 2670 "lTim.
279 2647 310 2673 tt,
327 2640 355 2667 5.
394 2638 416 2654 “
430 2637 484 2667 'l'it.
502 2647 533 2670 ιι,
549 2638 591 2665 13.
630 2638 652 2654 ⁶⁹
669 2635 680 2663 1
695 2636 768 2664 Tim.
786 2643 815 2669 ιι,
829 2635 855 2662 5.
892 2636 893 2641 ‘

974 2655 987 2664 τ.
1001 2644 1032 2670 tt,
1048 2636 1093 2669 15,
1114 2637 1158 2664 Η.

139 2734 175 2769 (l)
194 2733 265 2769 Hem
271 2730 435 2769 pulchram
449 2734 477 2757 et
497 2729 674 2765 theologicam
696 2727 821 2756 vocabuli
835 2735 891 2756 mo-

105 2766 191 2796 didtor
204 2766 416 2802 explicationem
429 2766 436 2792 !

140 2790 540 2841 [ἱξξίοῦῖτιοῖᾜὲριιιὶατειῃ
563 2799 726 2841 interpretor
747 2805 809 2826 cum
827 2790 905 2841 divo.

108 2832 281 2873 Hieronymo,
302 2832 386 2871 cujus'
404 2836 615 2873 disputationem
625 2832 669 2873 _de
684 2834 735 2873 hoc
759 2832 891 2873 vgcabulo

107 2875 184 2904 refert
195 2868 229 2903 ἐκ
251 2868 343 2909 ipsius
360 2868 564 2901 commentariis
587 2869 755 2898 Sabaterius.
770 2868 892 2898 Caetero-

926 2751 930 2756 .
945 2728 991 2763 qui
1003 2729 1182 2768 abundant_em
1202 2727 1414 2762 interpretantur
1427 2727 1596 2789 etzmologiae
1617 2727 1670 2754 vim
1687 2734 1731 2755 se-

945 2769 1059 2789 auentes
1079 2764 1199 2789 Luctfer.
1215 2764 1390 2789 Aueustinus.
1407 2768 1434 2789 et
1475 2763 1648 2789 mbrosiaster
1672 2763 1731 2789 loco

945 2769 1059 2798 quentes
1079 2763 1199 2794 Lucifer,
1215 2764 1390 2798 Augustinus,
1407 2768 1434 2790 et
1449 2763 1648 2790 Ambrosiaster
1672 2763 1733 2790 loco

944 2797 1083 2833 praedicto.
1097 2798 1202 2833 Vulgati
1219 2797 1299 2826 lectio
1322 2798 1506 2833 acceptqbilem
1530 2798 1575 2824 vix
1591 2797 1703 2833 dissidet
1714 2805 1731 2825 ιι
1750 2802 1752 2804 ⁷

946 2831 1103 2870 Symmachi
1117 2831 1209 2869 sensu,
1227 2841 1309 2869 quem
1321 2831 1394 2862 idem
1407 2832 1586 2868 Hieronymus
1602 2831 1696 2860 refert.
1745 2851 1748 2868 κ
