1886 3056
133 114 186 147 275

121 180 164 200 ~es
179 176 268 205 natus,
276 174 304 198 et
318 170 499 198 Ahrahamum
514 167 665 205 cognovisti
677 167 724 194 ⁸³2
742 177 751 194 ι
769 166 841 194 Sane
853 172 921 199 opus
935 167 957 196 Α

133 221 206 244 esset
222 216 357 251 prtedictis
388 215 572 249 acquiescere,
600 219 688 248 neque
712 212 828 240 ulterius
846 210 922 246 quid-

136 271 218 294 quam
232 262 381 296 requirere.
411 260 478 288 Nam
492 259 538 294 qui
555 263 630 287 recto
646 258 788 286 ratiocinio
808 258 847 284 uti
864 262 922 284 stu-

138 310 205 335 dent
216 308 242 335 in
256 307 409 335 divinarum
429 305 630 339 Scripturarum
647 303 764 334 acroasi,
787 302 857 329 bona
872 301 924 328 fide

135 355 236 386 dicent,
251 352 316 380 nihil
326 358 488 387 repugnare,
507 350 589 377 Deum
617 348 708 385 ιηω
732 347 810 375 simul
829 352 856 374 et
877 347 924 374 ho-

137 400 248 432 minem,
263 406 323 426 cum
337 398 506 432 loquebatur,
522 396 602 424 modo
615 403 646 423 se
659 395 753 426 Deum,
770 394 850 420 modo
876 393 923 420 ho-

138 445 236 472 minem
248 451 278 472 se
295 444 461 475 nominasse,
476 442 541 477 quin
561 446 622 468 utra
641 448 674 468 ex
699 441 740 468 bis
762 439 924 475 appellatio-

139 491 217 519 nibus
230 490 344 518 alteram
358 489 489 517 destruat.

175 581 220 608 l'l.
235 580 306 607 Sane
314 584 341 608 et
356 578 466 607 aliunde
480 584 593 606 cernere
604 577 679 609 licet,
696 576 835 604 Christum
852 574 926 603 haud

139 627 175 654 ita
189 626 391 662 intelligendum
415 633 479 653 esse
497 624 647 656 hominem,
659 627 689 650 ut
711 623 825 650 istorum
837 622 928 657 opinio

140 673 202 700 fert.
214 671 360 707 Postquam
369 670 456 698 Judaei
472 670 578 698 facinus
592 668 656 696 illud
668 666 861 703 patrarunt,de
875 672 929 701 quo

139 718 265 746 cumillis
282 725 352 746 nunc
363 717 495 746 Dominus
522 715 687 751 expostulat,
716 713 929 746 salutarem,in-

139 772 231 799 quam,
241 763 405 799 passionem,
414 763 436 790 si
445 767 572 797 tanquam
585 760 704 788 hominis
711 759 846 788 occisores
854 759 930 785 dam-

141 809 199 837 nati
213 809 338 842 fuissent,
354 813 419 836 tunc
436 807 507 835 haud
521 814 603 835 sensu
626 813 736 834 cassum
761 804 832 832 foret
857 802 928 838 quod

140 855 175 884 ab
191 855 244 884 illis
260 841 409 883 dicebatur.
420 853 473 882 Sed
486 861 549 881 cum
566 857 695 888 tanquam
704 851 777 886 Rege
790 857 823 877 ac
837 848 931 877 Domi-
946 841 967 868 Β

143 902 279 930 noocciso
295 899 414 929 damnati
432 899 543 931 fuerint,
558 898 729 933 exploratum
753 897 784 924 lit
797 895 929 924 adversa-

142 947 198 975 rios
210 951 318 974 nostros
329 945 440 974 stultam
453 945 504 972 sibi
518 944 674 979 opinionem
690 949 810 976 creasse,
824 949 884 969 cum
899 940 930 968 il-

142 993 198 1020 lum
213 992 370 1020 existimant
381 998 485 1018 merum
501 997 562 1018 esse
574 989 723 1022 hominem,
747 988 854 1016 etiamsi
867 987 931 1015 Ver-

142 1039 206 1066 bum
222 1038 249 1066 in
264 1037 322 1072 ipso
335 1037 458 1065 habitare
469 1036 570 1064 dicant.
579 1034 660 1063 Certe
674 1034 772 1062 beatus
784 1032 885 1060 Paulus
897 1032 931 1060 de

143 1083 365 1118 cruciﬁgentibus
377 1083 500 1118 loquens,
514 1080 622 1109 Domini
647 1081 784 1109 occisores
808 1079 868 1109 illos
891 1085 932 1106 re-

142 1133 303 1165 praesentat,
317 1129 360 1156 bis
371 1129 461 1157 verbis
478 1132 574 1156 utens:
586 1137 596 1153 ι
607 1126 675 1154 Nam
691 1126 713 1154 si
728 1125 930 1161 cognovissent,

144 1183 283 1211 nunquam
303 1176 447 1203 Dominum
474 1174 567 1209 glorise
596 1171 842 1200 crucilixissent‘“.
871 1180 880 1198 ›
900 1171 933 1198 Ει

144 1223 202 1256 ipse
215 1229 324 1257 quoque
342 1221 472 1249 Dominus
484 1221 511 1248 iu
523 1220 609 1247 vineae
621 1218 748 1254 parabola
762 1218 799 1245 ait
814 1222 934 1253 patrem-

144 1268 263 1295 familias
284 1267 393 1296 misisse
421 1273 517 1294 servos
540 1273 605 1294 suos
628 1265 662 1292 ad
685 1263 828 1300 agricolas.
854 1263 889 1290 At
906 1263 933 1290 hi

150 1323 160 1341 :
175 1314 258 1341 alium
274 1313 382 1349 quidem
398 1313 588 1345 vcrberarunt,
599 1311 699 1347 inquit,
723 1310 806 1337 alium
828 1309 935 1337 occide-

146 1364 222 1392 runt,
238 1360 320 1388 alium
332 1359 465 1396 lapidibus
477 1359 637 1391 obruerunt,
657 1366 667 1384 ι
679 1356 804 1392 agricolae
817 1355 933 1383 scilicet.

146 1406 288 1434 Postremo
303 1406 411 1434 misisse
423 1405 490 1433 dicit
500 1404 596 1436 ﬁlium,
612 1411 666 1439 quo
681 1403 741 1430 viso
754 1401 879 1437 agricola:
891 1401 934 1427 in-

149 1457 190 1480 tra
203 1460 233 1480 se
246 1452 391 1480 dixerunt:
409 1460 419 1477 ι
437 1450 487 1479 llic
501 1454 543 1478 est
556 1450 654 1481 hares,
668 1449 767 1479 venite,
779 1447 935 1476 occidainus

147 1504 222 1530 etim,
243 1497 356 1533 ejusque
371 1496 556 1525 hereditatem
572 1501 737 1530 occupemus
755 1503 762 1521 :
788 1499 869 1528 atque
897 1493 934 1519 ita

149 1551 214 1571 eum
243 1543 469 1578 comprehensum
498 1546 526 1570 et
559 1542 638 1569 vinea
661 1540 778 1576 ejectum
792 1541 937 1567 intereme-

149 1589 256 1617 sunt".
271 1598 283 1616 ι
298 1589 328 1618 Si
336 1597 401 1624 ergo
410 1589 555 1624 Apostolus
566 1588 675 1624 quidem
689 1587 782 1623 gloria:
793 1586 937 1614 Dominum

149 1635 295 1664 confitetur
308 1642 370 1663 eum
379 1635 426 1671 qui
440 1635 586 1664 cruciﬁxus
600 1634 671 1666 fuit;
688 1634 747 1669 ipse
761 1638 849 1660 autem
873 1632 941 1660 Ser-

151 1687 230 1710 valor
245 1683 393 1718 prophetas
407 1683 516 1718 quidem
533 1688 676 1709 servorum
692 1681 835 1708 missorum
851 1678 939 1705 nomi-

152 1735 188 1755 ne
198 1728 322 1756 denotari
337 1728 432 1760 docet,
447 1728 624 1762 semetipsum
639 1733 705 1754 vero
722 1726 820 1753 Filium
834 1723 940 1751 Domini

154 1781 294 1802 servorum
306 1774 424 1807 illorum;
442 1775 503 1809 quis
515 1774 567 1806 iam
577 1773 692 1802 ulterius
704 1772 776 1800 ausit
789 1772 880 1799 dicere
891 1771 941 1798 ho-

155 1820 255 1848 minem
271 1820 346 1848 illum
361 1820 445 1849 fuisse
457 1821 502 1855 qui
520 1821 618 1854 aiebat,
635 1830 645 1846 ι
659 1819 736 1847 Nunc
753 1826 797 1846 me
821 1817 942 1852 quaeritis

156 1866 291 1900 occidere,
308 1876 318 1893 ι
335 1871 363 1895 et
373 1874 427 1894 non
441 1867 532 1902 potius
545 1867 724 1894 humanatum
736 1864 841 1892 Deum?
868 1863 942 1890 Prae-

155 1913 252 1941 sertim
275 1913 338 1948 quia
357 1913 411 1941 Deo
429 1913 508 1949 digna
523 1920 617 1948 opera,
646 1912 696 1940 sub
721 1910 838 1938 hominis
865 1910 943 1937 titulo

155 1960 313 1994 ‘artedic‘ata,
341 1959 433 1986 audiet
443 1963 582 1986 eventura.
603 1968 612 1984 ι
629 1957 709 1985 Venit
721 1957 793 1985 enim
817 1957 893 1990 hora,
916 1959 944 1983 et

157 2010 230 2032 nunc
248 2008 299 2038 est,
310 2011 370 2031 cum
387 2004 485 2032 mortui
496 2004 607 2031 audient
619 2011 713 2031 vocem
729 2002 790 2030 Filii
806 2001 941 2034 hominis;

157 2051 187 2075 et
198 2048 243 2083 qui
260 2047 555 2081 audierint,vivent“',
575 2057 584 2073 ι
604 2052 653 2076 et:
671 2056 680 2073 ι
693 2047 760 2075 Cum
772 2047 887 2079 venerit,
901 2047 943 2074 iu—

158 2094 227 2128 quit,
243 2093 329 2121 Filius
351 2093 504 2122 hominisin
519 2100 632 2129 regnum
645 2101 732 2126 suum,
745 2097 772 2120 et
786 2099 881 2120 omnes
897 2099 945 2119 an-

157 2140 207 2176 geli
222 2139 280 2175 ejus
291 2148 353 2168 cum
365 2147 408 2174 eo,
423 2144 489 2168 tunc
501 2140 608 2168 sedebit
621 2140 647 2167 in
660 2140 758 2167 throno
770 2139 863 2173 gloria:
878 2146 944 2171 sum,

155 2185 256 2221 justam
268 2187 301 2215 de
312 2187 437 2214 omnibus
446 2187 605 2214 sententiam
618 2185 707 2214 ferens
715 2186 736 2202 ⁸⁷
748 2194 756 2218 ;
766 2195 775 2212 ι
790 2191 827 2218 et,
841 2195 850 2211 ι
861 2185 946 2213 Nemo
961 2206 983 2233 Β

159 2233 281 2260 ascendit
293 2233 318 2260 in
331 2232 442 2264 C(Bltlm,
457 2232 509 2260 nisi
525 2232 571 2267 qui
584 2232 617 2260 de
642 2231 711 2260 coelo
739 2231 880 2260 descendit
899 2231 945 2259 Fi-

159 2277 212 2309 lius
226 2278 343 2306 hominis
356 2278 390 2305 “.
408 2287 418 2304 ι

950 1520 971 1548 C

195 2411 339 2439 l8.Audin‘
350 2410 494 2438 manifeste
501 2410 584 2439 Deum
600 2410 718 2439 Verbum
725 2411 842 2440 hominis
852 2412 945 2447 appel-

160 2457 272 2491 latione,
299 2464 410 2494 propter
433 2467 509 2487 suam
536 2466 597 2487 cum
636 2467 718 2487 carne
742 2460 944 2492 adunationem,

160 2503 423 2530 nominatum?Nam
440 2504 501 2538 quis
528 2503 598 2531 alius
622 2504 655 2532 de
676 2504 748 2532 caelo
773 2505 946 2533 descendisse

161 2549 294 2584 putandus
311 2550 370 2577 est?
383 2549 441 2577 Noli
458 2550 549 2584 itaque
568 2549 668 2578 diutius
702 2550 858 2578 scandalum
878 2551 946 2585 pati,

161 2603 222 2622 cum
235 2595 258 2622 is
281 2595 338 2622 ait:
357 2604 366 2622 ι
383 2595 460 2623 Nunc
476 2597 519 2623 m'e
531 2596 652 2631 quaeritis
666 2597 799 2630 occidere,
811 2597 947 2624 hominem

161 2641 206 2674 qui
221 2641 360 2668 veritatem
376 2642 452 2670 vobis
469 2642 523 2670 dixi
535 2643 568 2669 3°:
588 2652 598 2669 ι
619 2643 665 2671 sed
682 2644 875 2671 incarnationis
889 2651 947 2679 my-

162 2687 275 2715 sterium
290 2693 429 2723 reputans,
444 2688 488 2724 pie
506 2689 607 2718 dictum
619 2690 741 2718 admitte.
757 2689 880 2729 Namque
903 2690 946 2718 his

645 110 675 138 S.
695 109 833 141 CYRILLI
851 105 1086 137 ALEXANDRINI
1106 103 1267 135 ABClllEP.

1701 105 1704 107 λ
1712 97 1769 124 276

973 163 1085 191 σεαυτὸν
1112 164 1219 194 ποιεῖς;
1243 170 1252 187 ι
1280 158 1335 186 Καὶ
1355 157 1451 185 πάλιν·
1480 165 1489 182 ι
1516 155 1689 194 Πεντήκοντα
1718 154 1771 188 ἐτη

979 209 1056 237 οὖπω
1069 209 1152 245 ἔχεις,
1170 192 1218 235 καί
1248 204 1373 241 Ἀϐραὰμ
1387 203 1549 238 γινώσκεις;
1576 212 1585 228 ι
1607 192 1664 228 Καὶ
1682 199 1772 236 ἐχρῆν

977 256 1026 292 μὲν
1051 256 1107 286 τοῖς
1130 254 1181 289 ἤδη
1199 250 1408 288 προειρημένοις
1426 249 1582 285 ἀρκεῖσθαι.
1607 247 1655 273 καὶ
1683 245 1772 281 μηδὲν

975 301 1056 328 πλέον
1075 299 1231 335 ἐπιζητεῖν·
1246 298 1271 324 οί
1286 297 1340 332 γὰρ
1355 294 1484 330 λογισμὸν
1497 293 1575 327 ὀρθὸν
1593 292 1666 327 ἔχειν
1684 299 1773 318 σπου-

975 347 1102 379 δάζοντες
1117 346 1181 380 περὶ
1197 344 1247 377 τὴν
1260 342 1314 368 τῶν
1333 341 1414 368 θείων
1428 338 1544 374 Γραφῶν
1563 338 1707 374 ἀκρόασιν,
1723 336 1774 362 εὐ-

976 391 1124 426 γνωμόνως
1137 389 1269 421 λέξουσιν,
1290 387 1327 418 ὡς
1344 385 1421 413 οὐδὲν
1439 385 1539 412 ἄτοπον
1556 384 1600 420 εἴη
1619 382 1687 409 Θεὸν
1699 380 1774 417 ὁμοῦ

977 437 1024 465 καὶ
1039 436 1182 472 ἄνθρωπον
1199 434 1272 466 ὂντα,
1297 434 1340 459 ὅτε
1359 431 1517 466 λελάληκεν,
1535 429 1600 455 ποτὲ
1624 430 1674 464 μὲν
1690 427 1774 460 Θεὸν,

978 483 1044 510 ποτὲ
1062 483 1092 510 δὲ
1115 482 1257 517 ἄνθρωπον
1274 477 1466 515 ὀνομάζεσθαι,
1486 475 1612 510 οὐδαμῶς
1634 474 1776 510 ἑκατέρας

977 529 1164 566 προσηγορίας
1176 528 1226 563 τὴν
1242 527 1338 562 ἑτέραν
1354 524 1514 559 ἀθετούσης.

1015 575 1059 607 ιζ’.
1084 573 1194 609 Ἐπειδὴ
1209 573 1238 599 δὲ
1253 572 1341 599 ἔνεστι
1357 571 1404 597 καὶ
1421 569 1553 605 ἑτέρωθεν
1567 567 1646 595 τοῦτο
1657 567 1777 602 Θεωρεῖ-

979 622 1057 654 σθαι,
1075 620 1112 653 ὡς
1128 621 1178 647 οὐκ
1193 619 1338 656 ἄνθρωπος
1362 617 1483 645 νοεῖσθαι
1504 616 1548 643 διὰ
1566 615 1644 642 τοῦτο
1666 613 1775 649 ὀφείλει

978 667 1050 695 κατὰ
1062 666 1112 702 τὴν
1128 665 1231 692 τούτων
1256 664 1403 691 ι’.)ιτόνοιιιν⁸
1432 662 1501 698 μετὰ
1523 661 1555 688 τὸ
1579 660 1682 696 πρᾶξαι
1709 660 1778 690 τοὺς

985 712 1128 744 Ἰουδαίους
1143 711 1234 744 τοῦτο,
1250 710 1319 746 ὅπερ
1339 708 1455 736 ἐνταῦθα
1476 707 1575 738 αὐτοὺς
1599 706 1741 742 ἐμέμφετο
1760 705 1778 731 ὁ

980 760 1094 797 Κύριος,
1111 758 1183 793 λέγω
1201 757 1234 793 δὴ
1250 757 1280 784 τὸ
1298 757 1432 792 σωτήριον
1448 754 1543 788 πάθος,
1563 755 1588 780 εἰ
1604 754 1658 789 ἄρα
1673 752 1712 784 ὡς
1729 752 1779 779 ἇν-

981 805 1089 845 θρωπον
1111 803 1321 834 ἀποκτείναντες
1338 801 1553 836 κατεκρίθησαν,
1576 799 1638 826 τότε
1661 798 1717 834 γὰρ
1741 798 1779 824 ἂν

980 850 1107 886 δυνηθείη
1124 849 1203 883 λόγον
1216 849 1288 884 ἔχειν
1307 848 1337 874 τὸ
1359 847 1404 886 im“
1420 846 1509 874 αὐτῶν
1523 845 1668 880 λεγόμενον
1679 852 1686 858 '
1702 845 1728 870 εἰ
1747 844 1779 870 δὲ

981 898 1019 929 ὠς
1033 896 1104 924 κατὰ
1116 895 1251 922 Δεσπότου
1259 894 1306 921 καὶ
1313 894 1417 929 Κυρίου
1427 891 1613 927 τολμήσαντες
1627 889 1780 916 κατεδικά-

982 943 1095 978 σθησαν,
1112 941 1191 977 δῆλον
1215 941 1254 973 ὡς
1271 940 1389 976 ματαίαν
1414 939 1541 966 ὑπόνοιαν
1559 938 1666 969 ἑαυτοῖς
1687 935 1780 962 ἐπλά-

982 999 1074 1022 σαντο,
1090 989 1233 1024 ἄνθρωπον
1251 987 1412 1022 νομίσαντες
1437 983 1517 1017 εῖναι,
1534 984 1586 1011 κᾶν
1601 985 1718 1010 ἐνοικεῖν
1737 983 1780 1014 εἰς

982 1037 1063 1064 αὑτὸν
1075 1035 1119 1062 τὸν
1133 1035 1219 1069 Λόγον
1235 1033 1361 1067 λέγωσιν.
1384 1031 1413 1059 '0
1428 1031 1476 1066 μὲν
1490 1028 1536 1059 οὖν
1553 1030 1687 1066 μακάριος
1702 1027 1781 1055 Παῦ-

981 1083 1027 1115 λος
1039 1082 1103 1117 περὶ
1118 1080 1174 1108 τῶν
1187 1078 1402 1115 σταυρωσάντων
1416 1076 1616 1112 διαλεγόμενος,
1634 1074 1781 1111 κυριοκτό-

982 1136 1044 1160 νους
1074 1126 1173 1158 αὐτοὺς
1203 1124 1328 1160 ἐναργῶς
1357 1123 1533 1159 παρίστησιν,
1549 1122 1643 1152 αὑταῖς
1671 1119 1781 1152 λέξεσιν

982 1173 1097 1209 γράφων
1116 1172 1220 1203 οὕτως·
1242 1180 1252 1196 ι
1274 1170 1306 1196 Εἰ
1325 1169 1380 1204 γὰρ
1396 1169 1528 1203 ἔγνωσαν,
1543 1167 1593 1193 οὐκ
1610 1166 1643 1193 ἂν
1655 1166 1702 1193 τὸν
1719 1165 1781 1191 Κύ-

985 1228 1042 1256 ριον
1058 1219 1108 1254 τῆς
1125 1217 1204 1252 δόξης
1226 1215 1412 1251 ἐσταύρωσαν.
1436 1224 1445 1240 ι
1463 1214 1517 1240 Καὶ
1536 1213 1616 1244 αὐτος
1630 1212 1659 1239 δὲ
1674 1211 1780 1246 Κύριος

984 1267 1012 1293 ὲν
1028 1266 1061 1301 τῇ
1083 1264 1130 1291 τοῦ
1147 1263 1307 1298 ἀμπελῶνος
1327 1261 1468 1298 παραϐολῇ
1486 1259 1687 1288 ἀπεσταλκέναι
1711 1257 1782 1292 φησὶ

983 1312 1029 1339 τὸν
1041 1310 1236 1345 οἰκοδεσπότην
1247 1309 1309 1340 τοὺς
1324 1307 1434 1338 δούλους
1445 1306 1526 1333 αὐτοῦ
1537 1305 1605 1341 πρὸς
1616 1305 1679 1336 τοὺς
1691 1312 1781 1338 γεωρ-

985 1359 1049 1394 γούς
1061 1368 1068 1375 ·
1086 1368 1095 1385 ι
1107 1358 1154 1385 καὶ
1163 1358 1193 1384 ὃν
1207 1357 1257 1392 μὲν
1272 1357 1388 1391 ἔδειραν,
1403 1355 1495 1390 φησὶν,
1512 1353 1542 1380 ὃν
1558 1353 1587 1379 δὲ
1602 1352 1781 1383 ἀπέκτειναν,

985 1406 1014 1432 ὃν
1038 1404 1239 1438 ἐλιθοϐόλησαν,
1256 1412 1265 1428 ι
1278 1402 1303 1429 οἱ
1314 1400 1432 1436 γεωργοὶ
1456 1399 1597 1435 δηλονότι⁹
1622 1397 1737 1432 ὕστερον
1753 1396 1781 1423 δὲ

986 1449 1188 1478 ἀπεσταλκέναι
1212 1448 1295 1484 φησὶν
1315 1446 1396 1475 αὑτὸν
1416 1445 1460 1472 τὸν
1483 1444 1552 1478 υίὺν,
1574 1443 1604 1470 ὃν
1619 1443 1645 1469 οἱ
1661 1441 1783 1477 γεωργοὶ

987 1497 1150 1532 θεασάμενοι
1167 1493 1244 1522 εἷπον
1269 1493 1337 1529 πρὸς
1360 1491 1494 1523 ἑαυτούς’
1521 1500 1531 1516 ι
1560 1485 1645 1521 Οὗτός
1669 1490 1744 1515 ἐστιν
1768 1488 1783 1513 ό

988 1542 1166 1578 κληρονόμος,
1176 1540 1262 1571 δεῦτε,
1282 1538 1488 1573 ἀποκτείνωμεν
1502 1535 1593 1569 αὑτὸν,
1608 1535 1656 1561 καὶ
1672 1534 1782 1569 σχῶμεν

989 1587 1072 1615 αὐτοῦ
1085 1587 1134 1622 τὴν
1147 1584 1331 1621 κληρονομίαν
1339 1591 1346 1598 ”
1359 1584 1407 1610 καὶ
1420 1582 1548 1614 λαϐόντες
1560 1581 1643 1608 αὑτὸν
1654 1579 1784 1613 ἐξέϐαλον

989 1634 1042 1666 ἔξω
1063 1633 1111 1660 τοῦ
1133 1631 1305 1668 ἀμπελῶνος,
1323 1630 1370 1657 καὶ
1390 1629 1564 1656 ἀπέκτειναν.
1586 1637 1596 1653 ι
1614 1627 1647 1654 El
1663 1625 1755 1653 τοίνυν
1769 1625 1784 1650 ό

993 1681 1044 1716 μὲν
1059 1678 1219 1710 Ἀπόστολος
1228 1677 1331 1712 Κύριον
1350 1675 1399 1711 τῆς
1414 1674 1493 1709 δόξης
1514 1673 1560 1700 τὸν
1575 1671 1785 1707 ἐσταυρωμένον

991 1726 1126 1761 ὁμολογεῖ,
1143 1724 1223 1756 αὐτὸς
1237 1723 1266 1749 δὲ
1280 1723 1294 1748 ὁ
1310 1721 1404 1757 Σωτὴρ
1421 1720 1484 1752 τοὺς
1504 1719 1555 1754 μὲν
1569 1718 1714 1754 προφήτας
1725 1716 1784 1743 δού-

991 1772 1054 1803 λους
1071 1769 1293 1804 ἀπεσταλμένους
1309 1768 1440 1800 διδάσκει,
1458 1766 1553 1793 ἑαυτὸν
1574 1765 1602 1791 δὲ
1616 1763 1664 1791 τοῦ
1681 1763 1784 1790 Δεσπό-

992 1825 1039 1843 του
1049 1816 1104 1843 τῶν
1117 1815 1218 1842 δούλων
1234 1813 1308 1847 Υἰὸν,
1323 1813 1365 1844 τίς
1379 1813 1420 1839 ἑτι
1433 1811 1563 1847 τολμήσει
1575 1810 1668 1844 λέγειν
1684 1809 1723 1840 ὠς
1738 1808 1784 1835 ἄν·

994 1863 1103 1898 θρωπυς
1117 1859 1151 1896 ἦν
1172 1861 1186 1887 ὁ
1210 1860 1308 1894 λέγων,
1326 1869 1334 1884 ι
1353 1858 1410 1886 Νῦν
1429 1858 1457 1885 δὲ
1471 1856 1578 1892 ζητεῖτέ
1598 1864 1631 1889 με
1651 1855 1784 1882 ἀποκτεῖ-

994 1917 1048 1941 ναι,
1068 1917 1077 1934 ι
1096 1907 1143 1934 καὶ
1160 1906 1220 1942 οὐχ).
1247 1905 1348 1940 μᾶλλον
1372 1904 1439 1936 Θεὸς
1462 1900 1701 1938 ὲνηνθρωπηκώς;
1730 1900 1786 1926 Καὶ

997 1954 1104 1991 μάλισθ’
1119 1954 1184 1980 ὅταν
1207 1952 1306 1979 καὶτὰ
1325 1950 1466 1986 θεοπρεπῆ
1493 1949 1560 1984 ἔργα
1582 1949 1615 1983 τῇ
1639 1945 1785 1982 ἀνθρώπου

995 2000 1166 2037 προσηγορίᾳ
1193 1999 1328 2034 λεγόμενα
1355 1996 1443 2033 ἀκούῃ
1475 1995 1605 2029 μέλλοντα
1637 1991 1785 2027 γίνεσθαιο

999 2057 1008 2073 ι
1032 2048 1162 2082 Ἔρχεται
1178 2045 1233 2080 γὰρ
1248 2045 1317 2080 ὥρα,
1334 2043 1381 2070 καὶ
1405 2042 1453 2068 νῦν
1476 2041 1561 2073 ἐστιν,
1584 2040 1627 2066 ὅτε
1649 2039 1674 2065 οἱ
1694 2037 1787 2072 νεκροὶ

995 2094 1148 2121 ἀκούσωσιν
1169 2093 1218 2128 τῆς
1236 2090 1328 2126 φωνῆς
1344 2089 1390 2116 τοῦ
1405 2088 1471 2115 Υἱοῦ
1489 2087 1535 2114 τοῦ
1553 2084 1697 2122 ἀνθρώπου
1708 2093 1715 2099 ’
1740 2083 1789 2110 κα)⁵

995 2141 1019 2166 οἱ
1035 2138 1201 2168 ἀκούσαντες
1221 2137 1342 2172 ζήσουσι.
1359 2138 1373 2162 ἰ
1387 2135 1450 2167 Καὶ,
1469 2143 1478 2159 ι
1498 2133 1583 2160 Ὅταν
1601 2131 1677 2167 ἔλθῃ,
1692 2130 1786 2165 φησὶν,

996 2188 1011 2214 ὸ
1033 2186 1097 2218 Υἱὸς
1117 2185 1165 2212 τοῦ
1189 2183 1333 2219 ἀνθρώπου
1356 2182 1385 2207 ὲν
1409 2181 1442 2215 τῇ
1471 2178 1593 2214 βασιλείᾳ
1619 2177 1718 2208 αὐτοῦ,
1741 2175 1788 2201 καὶ

997 2233 1097 2263 πάντες
1107 2232 1130 2258 οἱ
1142 2229 1252 2264 ἄγγελοι
1268 2228 1326 2263 μετ’
1338 2226 1431 2257 αὐτοῦ,
1442 2225 1503 2251 τότε
1513 2223 1620 2250 καθίσει
1631 2222 1678 2248 ἐπὶ
1692 2221 1787 2256 θρόνου

999 2278 1077 2313 δόξης
1093 2276 1187 2308 αὑτοῦ,
1201 2275 1251 2310 τὴν
1263 2273 1371 2300 δικαίαν
1387 2271 1489 2298 ἅπασιν
1502 2269 1640 2304 ἐπιφέρων
1653 2267 1755 2303 κρίσιν.
1775 2275 1786 2292 ι

1000 2324 1066 2355 Καὶ,
1087 2332 1096 2348 ι
1117 2321 1212 2352 Οὐδεὶς
1231 2318 1401 2354 ἀναϐέϐηκεν
1417 2318 1456 2348 εἰς
1475 2316 1520 2342 τὸν
1537 2315 1660 2350 οὐρανὸν,
1675 2314 1700 2339 εἱ
1716 2313 1754 2348 μὴ
1774 2313 1788 2339 ό

1001 2371 1033 2396 ἐκ
1052 2369 1099 2396 τοῦ
1115 2366 1230 2404 οὐρανοῦ
1245 2365 1378 2397 καταϐὰς,
1394 2365 1408 2390 ὁ
1423 2363 1485 2394 Υἱὸς
1499 2361 1545 2388 ’τοῦ
1560 2359 1717 2396 ἀνθρώπου.
1743 2369 1752 2384 ι

1036 2418 1079 2450 ιη’.
1107 2403 1228 2443 Ἀκούεις
1243 2410 1369 2445 φανερῶς
1390 2409 1436 2435 τὸν
1448 2406 1514 2434 Θεὸν
1529 2406 1613 2440 Λόγον
1628 2406 1662 2440 τῇ
1685 2403 1789 2439 (“Opob-

999 2470 1050 2488 που
1064 2458 1234 2496 προσηγορίᾳ
1248 2456 1292 2483 διὰ
1304 2455 1353 2494 τὴν
1367 2454 1434 2490 πρὸς
1447 2453 1495 2488 τὴν
1509 2452 1598 2486 σάρκα
1612 2451 1710 2477 ἕνωσιν
1729 2450 1786 2476 ὀνο-

1001 2495 1167 2542 μαζόμενονι
1190 2505 1238 2535 Τίς
1256 2503 1310 2538 γὰρ
1333 2502 1366 2528 ἂν
1381 2500 1424 2534 εἴη
1440 2499 1534 2533 ἕτερος
1548 2498 1580 2523 ἐκ
1601 2496 1648 2522 τοῦ
1672 2495 1787 2531 οὐρανοῦ

1002 2540 1123 2583 καταϐάς
1134 2561 1140 2584 ;
1151 2549 1257 2585 Μηκέτι
1272 2546 1318 2575 οὖν
1334 2544 1590 2576 σκανδαλῖζου,ὃταν
1605 2541 1679 2576 λέγει
1689 2550 1695 2555 -
1710 2551 1719 2566 ι
1733 2540 1788 2567 Νῦν

1001 2599 1029 2625 δὲ
1045 2597 1151 2633 ζητεῖτέ
1169 2605 1201 2632 με
1220 2595 1389 2624 ἀποκτεῖναι,
1403 2591 1545 2626 ἄνθρωπον
1557 2588 1585 2619 ὃς
1602 2587 1650 2623 τὴν
1663 2587 1786 2623 ἀλήθειαν

1002 2645 1067 2679 ὑμῖν
1094 2643 1247 2677 λελάληκα·
1266 2649 1275 2665 ι
1299 2638 1356 2666 ἀλλ’
1377 2635 1474 2663 ἐννοῶν
1492 2635 1539 2670 τὴν
1560 2633 1728 2668 οἰκονομίαν,
1747 2632 1788 2657 εὑ-

1002 2689 1087 2721 σεϐὦς
1120 2688 1197 2722 δέχου
1227 2687 1257 2713 τὸ
1281 2684 1442 2719 λεγόμενον·
1474 2682 1506 2707 ἐκ
1533 2679 1636 2706 τοὺτων
1657 2678 1712 2713 γὰρ
1740 2677 1787 2712 τῆς

197 2789 220 2806 ⁸³
234 2789 311 2817 Joan.
329 2799 389 2823 vni,
406 2791 450 2822 57,
488 2791 606 2820 MlCor.
623 2800 652 2825 ιι,
670 2793 695 2820 8.
734 2793 756 2809 ⁸⁸
776 2792 869 2820 Matth.
895 2800 935 2820 xxi

1050 2792 1072 2807 "
1086 2789 1163 2819 Ioan.
1183 2797 1209 2822 ι’,
1229 2787 1272 2815 25.
1312 2786 1332 2802 ⁸⁷
1348 2782 1514 2813 λιπιιῑπιςν,
1530 2777 1573 2807 51.
1614 2778 1637 2793 ⁸⁸
1650 2775 1727 2804 Joan.
1747 2783 1786 2809 ιιι,

166 2825 209 2860 13.

247 2825 268 2842 "
285 2825 362 2855 «luan.
375 2832 431 2859 ιω,
447 2826 493 2855 4οε
