1886 3056
99 139 153 167 ΞΠ

104 200 229 234 {vdisse};

106 247 248 282 ἄνθρωπος
264 250 451 289 ὀνομάζηται,
468 256 498 282 οὐ
518 257 580 292 δίχα
602 259 651 294 τῆς
668 260 793 296 θεὺτητος
808 263 910 296 ὀφείλει

107 297 270 326 neeum
279 302 479 337 ὀνομάζεσθαι.
491 307 540 339 Τίς
554 307 609 343 γὰρ
619 308 750 344 τολμήσει
761 309 852 343 λέγειν
864 310 911 337 ἄν-

110 345 226 390 θρωπον,
241 347 291 374 καὶ
304 349 396 378 ταῦτα
402 352 501 387 ὲνεργή
506 362 562 380 σειν
571 354 605 381 τὰ
612 363 726 390 προειρη
731 356 815 390 μένω
838 356 910 390 λέγω

107 389 139 424 δὴ
152 390 201 425 τὴν
207 391 235 423 ἐξ
241 392 363 428 οὐρανοῦ
375 397 525 431 μέλλουσαν
531 398 641 426 ἔσεσθαι
651 401 804 436 παρουσίαν
815 402 908 436 αὐτοῦ,

106 436 155 461 καὶ
172 437 223 472 τὴν
243 440 310 474 περὶ
325 441 438 469 πάντων
454 443 561 471 δικαίαν
572 446 678 480 κρίσιν·
690 446 735 473 τοῦ
748 447 908 483 ἱεροψάλτου

107 481 228 516 μάλιστα
235 485 320 512 Δαὸὶδ
330 486 442 522 ᾄδοντος
450 497 456 503 ’
475 499 484 515 t
496 490 541 516 Xo".
549 491 649 526 πρέπει
666 481 782 526 ὔμνος,ῦ
793 481 870 525 Θεὸς,
878 494 908 521 ἐν

105 527 189 562 Σιὼν,
206 530 254 556 καὶ
267 532 311 558 σοὶ
333 533 534 570 ἀποδοθήσεται
548 537 616 572 εὐχὴ
630 537 659 564 ἐν
684 538 872 574 Ἰερουσαλήμ.
894 549 904 565 ι

105 575 281 603 Είσάκουσον
302 581 477 615 προσευχῆς·
489 582 578 617 (Πρὸς
596 583 625 609 σὲ
647 584 723 610 πᾶσα
741 585 810 620 σὰρξ
818 585 903 619 ﬁget.-

105 621 139 647 Τί
154 622 210 657 γὰρ
223 622 319 659 ἕτερόν
335 625 410 652 ἐστιν
426 627 516 661 τοῦτο,
532 628 590 655 ἀλλ’
606 629 623 664 ἢ
638 630 707 665 ὅπερ
720 630 766 658 τὸν
780 631 844 658 Υἱὸν
858 631 905 659 τοῦ

105 667 256 703 ἀνθρώπου
274 671 399 707 ποιήσειν
416 674 632 710 μεμαθήκαμενς
651 685 661 701 ‹
682 676 748 703 Τότε
768 677 834 712 γὰρ,
855 687 906 714 φη-

106 713 162 744 σὶν,
187 714 297 742 καθίσει
315 717 362 742 ἐπὶ
380 717 475 753 θρόνου
489 719 568 755 δόξης
589 720 682 753 αὑτοῦ,
702 721 751 748 καὶ
768 713 906 758 συναχθή-

108 766 202 785 σονται
221 759 382 796 ἔμπροσθεν
408 764 489 791 αὐτοῦ
510 767 598 792 πάντα
622 766 656 793 τὰ
677 767 753 803 ἔθνη.
783 777 792 794 ι
824 769 905 805 Ὁρᾷς

105 804 184 836 ὅπως
197 806 246 832 τοῦ
261 808 345 835 Δαϐιδ
361 809 399 841 ὡς
422 810 491 846 πρὸς
513 811 579 838 Θεὸν
593 812 728 847 λέγοντος,
748 823 757 840 ι
779 814 850 850 Πρδς
874 817 904 842 σὲ

107 851 185 878 πᾶσα
199 852 271 887 σὰρξ
285 853 356 889 ἥξει,
376 865 386 881 ι
404 857 444 888 εἰς
462 857 508 884 τὸν
528 857 592 885 Υίὸν
608 859 654 886 τοῦ
668 859 812 896 ἀνθρώπου
824 862 903 888 τοῦτο

673 152 768 185 QUOD
788 153 817 181 Β.
837 155 945 183 ΜΑΙὶΙΑ
967 158 1021 185 SIT
1042 159 1201 189 DEIPARA.

244 205 373 238 μάλιστα
391 208 409 243 ή
424 209 563 245 οἰκονομία
576 212 731 241 δείκνυταιο
748 216 794 243 καὶ
810 217 850 244 ὅτι
862 218 896 244 xi

244 250 374 262 ,ιηηιν
488 256 494 262 .
521 257 542 262 -.
620 259 632 262 _
672 260 678 262 .

964 220 1056 248 verbis
1081 221 1188 250 unionis
1198 224 1373 258 potissimum
1389 226 1557 262 dispensatio
1571 237 1750 262 monstratur:

1699 172 1754 202 278

961 270 989 293 et
1006 268 1086 300 quod,
1098 269 1204 297 etiamsi
1226 270 1306 300 homo
1326 273 1487 307 appelletur,
1499 282 1554 303 non
1582 281 1672 304 tamen
1686 279 1750 306 abs-

961 316 1013 343 que
1024 310 1166 339 divinitate
1188 321 1311 342 seorsum
1340 324 1389 351 per
1407 325 1436 345 se
1454 319 1537 348 homo
1567 328 1750 357 nuncupatur.

960 356 1025 389 Quis
1045 358 1117 385 enim
1136 360 1209 387 ausit
1221 361 1311 389 dicere
1327 363 1474 399 hominem,
1493 374 1540 401 qui
1552 368 1642 401 qualia
1660 356 1749 403 supra

959 402 1030 429 dicta
1045 409 1108 431 sunt
1123 405 1269 435 eﬂecturus
1285 408 1343 435 sit?
1363 408 1484 438 futurum
1496 412 1623 440 videlicet
1634 413 1667 441 de
1681 402 1750 442 coelo

957 448 1102 477 adventum
1117 451 1185 485 ejus,
1199 452 1360 489 justumque
1386 456 1419 484 de
1436 458 1562 486 omnibus
1591 459 1748 488 faciendum

954 492 1097 528 judicium.
1115 496 1185 525 Cum
1209 501 1360 534 presertim
1390 510 1469 531 sacer
1498 504 1640 539 psalmista
1663 507 1748 534 David

957 547 1060 568 canat:
1096 551 1105 568 ι
1134 543 1172 571 Te
1185 545 1263 572 decet
1281 546 1409 582 hymnus,
1442 550 1521 584 Deus,
1536 552 1562 579 in
1593 552 1696 586 Sione;
1721 558 1749 581 et

958 585 1004 614 tibi
1019 586 1150 616 oﬂ‘cretur
1164 591 1252 618 oratio
1265 592 1291 619 in
1305 592 1453 622 Jerusalem
1468 596 1501 623 ³ο.
1520 590 1530 623 ὦ
1559 598 1629 625 Audi
1646 600 1748 627 oratio-

956 640 1017 660 nem
1034 643 1041 661 :
1061 644 1071 660 ‹
1090 635 1130 662 Ad
1155 640 1182 664 te
1210 639 1300 666 omnis
1326 647 1391 667 caro
1416 642 1549 670 veniet".
1567 653 1576 670 ›
1595 644 1663 677 Quid
1675 646 1752 673 enim

956 678 1008 706 hoc
1024 679 1156 713 aliudest,
1174 689 1255 717 quam
1273 684 1345 718 quod
1360 684 1461 714 Filium
1479 688 1597 717 hominis
1614 689 1746 718 facturum

955 731 1016 752 esse
1028 725 1215 755 didicimusit
1244 729 1320 758 Tunc
1352 732 1435 766 enim,
1463 732 1561 768 inquit,
1588 735 1692 763 sedebit
1719 736 1748 764 in

956 770 1053 797 throno
1069 771 1161 805 gloriae
1176 781 1244 808 suae,
1260 779 1288 802 et
1302 777 1546 812 congregabuntur
1571 787 1662 807 coram
1689 781 1748 814 ipso

954 822 1050 843 omnes
1065 822 1159 851 gentes
1173 819 1207 846 ".
1226 829 1236 845 ι
1249 820 1356 854 Viden’,
1368 824 1504 857 quomodo
1518 832 1577 852 cum
1594 826 1677 853 David
1691 826 1747 854 Deo

954 860 1077 888 dixerit:
1104 872 1113 887 ι
1129 862 1169 890 Ad
1185 869 1210 892 ιο
1226 866 1314 893 omnis
1341 874 1405 894 caro
1434 869 1533 903 veniet,
1563 879 1572 896 ι
1604 878 1660 898 rem
1677 870 1747 898 hanc

107 897 284 933 πληροῦσθαι
297 901 393 936 μέλλον
408 903 610 938 ἀποδέδεικται;
624 905 690 937 Θεὸς
701 904 747 933 οῦν
762 907 836 934 ἐστιν
849 909 896 943 ἄρα

962 906 982 932 ‘n
998 905 1065 934 Filio
1078 907 1194 936 hominis
1217 910 1320 938 evitum
1342 912 1497 940 habituram
1527 897 1745 942 demonstratum

106 943 327 980 ἑνανθρωπήσας
342 948 356 973 ὁ
369 948 402 974 ὲκ
421 949 531 984 Μαρίας
543 949 659 985 τεχθεὶς,
674 951 730 978 τῶν
743 951 824 979 θείων
837 953 904 988 ἡμῖν

108 988 127 1014 Γ
129 989 227 1024 ραφῶν
242 991 322 1018 τοῦτο
340 992 384 1019 διὰ
400 993 505 1021 πολλῶν
526 996 690 1028 ἀποδείξεων
709 998 833 1033 ἐναργῶς
854 1000 903 1034 ἐμ-

107 1036 275 1069 φαινουσῶν.
296 1038 427 1071 Θεοτόκος
445 1040 474 1067 δὲ
495 1042 602 1074 πάντως
621 1043 668 1070 καὶ
689 1043 758 1079 αὕτη
777 1045 793 1079 ἠ
809 1045 903 1072 καλλι-

109 1081 255 1117 πάρθενος,
273 1084 326 1111 κᾶν
345 1081 418 1111 οὗτοι
437 1086 475 1121 μὴ
500 1087 663 1121 βούλωνταν
680 1090 703 1115 εἰ
721 1090 775 1125 γὰρ
797 1090 903 1126 ἄνθρω-

108 1135 158 1158 πος
172 1126 207 1163 ἦν
222 1129 237 1155 ὁ
251 1129 282 1162 ἐξ
304 1130 390 1166 αὐτῆς
411 1132 552 1167 προελθὼν
571 1133 675 1167 Ἰησοῦς
698 1135 826 1171 Χριστὸς,
844 1136 903 1168 πῶς

108 1174 123 1200 ὁ
142 1174 250 1207 Παῦλος
272 1176 406 1210 Γαλάταις
431 1179 596 1206 ἐπιστέλλων
613 1181 731 1216 ἔγραφε·
752 1191 761 1207 ι
792 1182 901 1215 Παῦλος

108 1220 268 1255 ἀπόστολος,
293 1223 343 1249 οὐκ
368 1224 415 1250 ἀπ’
432 1224 595 1260 ἀνθρώπων,
612 1227 672 1253 οὐδὲ
688 1227 722 1254 δι’
743 1228 900 1264 ἀνθρώπου,

108 1265 176 1292 ἀλλὰ
189 1266 235 1293 διὰ
254 1267 341 1303 Ἰησοῦ
357 1269 494 1304 Χριστοῦ;
513 1280 522 1297 ι
539 1271 623 1307 Δῆλον
638 1272 676 1304 ὡς
691 1272 742 1300 οὐκ
758 1273 902 1310 ἄνθρωπος

112 1312 200 1346 μόνον,
222 1313 291 1340 ἀλλᾶ
310 1314 376 1347 Θεὸς
397 1316 617 1353 ὲνηνθρωπηκώς
637 1318 720 1346 ἐστιν.
745 1320 790 1356 Μὴ
811 1321 901 1347 τοίνυν

111 1357 380 1390 σκανδαλιζὼθωσαν
415 1360 462 1387 ἐπὶ
492 1363 553 1394 ταῖς
582 1363 721 1396 τοιαύταις
749 1367 853 1399 φωναῖς
875 1367 900 1393 οἱ

108 1403 277 1437 ἀπαίδευτοι,
300 1405 369 1432 ἀλλὰ.
386 1406 606 1435 διδασκέσθωσαν
629 1410 677 1435 τοῦ
703 1410 774 1437 θείου
796 1420 900 1447 μυστη-

111 1449 166 1484 ρίου
179 1449 229 1485 τὴν
244 1451 413 1486 οἰκονομίαν,
429 1453 476 1479 καὶ
496 1454 735 1489 προσκυνείτωσαν
748 1456 840 1483 λοιπὸν
853 1457 899 1484 τὸν

108 1495 225 1530 Χριστὸν
253 1496 323 1531 μετά
350 1496 404 1524 τῶν
428 1498 552 1532 ἀγγέλων
577 1500 625 1526 καὶ
654 1500 740 1527 αὐτοί.
774 1510 784 1528 ι
814 1503 898 1530 Ὀταν

108 1542 171 1576 γὰρ,
186 1542 281 1577 φησιν,
296 1543 434 1580 εἰσαγάγῃ
448 1545 494 1571 τὸν
504 1545 680 1581 Πρωτότοκον
697 1548 738 1578 εἰς
747 1547 796 1584 τὴν
811 1548 897 1575 οἰκου-

956 951 1009 978 sit?
1022 951 1089 979 Deus
1102 958 1144 980 est
1158 954 1239 989 igitur
1252 955 1416 985 humanatus
1430 966 1509 992 quem
1528 958 1611 986 Maria
1628 961 1743 995 peperit,

955 997 1053 1025 divinis
1068 1000 1145 1027 nobis
1168 1000 1318 1036 Scripturis
1344 1011 1401 1030 rem
1432 1005 1502 1032 hanc
1523 1011 1743 1040 argumentorum

954 1043 1128 1073 multitudine
1139 1046 1279 1075 evidenter
1291 1050 1508 1078 ostendentibus.
1523 1051 1638 1086 Deipara
1653 1047 1742 1080 autem

953 1089 1064 1117 omnino
1073 1095 1114 1118 est
1129 1091 1185 1125 ipsa
1201 1099 1308 1128 qttoque
1323 1096 1432 1131 egregia
1452 1096 1545 1132 Virgo,
1564 1098 1740 1132 quantumvis

954 1134 998 1161 isti
1015 1136 1109 1163 nolint.
1125 1137 1192 1164 Nam
1201 1138 1224 1165 si
1245 1139 1326 1167 homo
1339 1140 1433 1168 fuisset
1448 1143 1495 1176 qui
1509 1150 1542 1170 ex
1569 1143 1625 1178 ipsa
1645 1145 1744 1178 prodiit

952 1179 1029 1208 Jesus
1046 1181 1181 1216 Christus,
1197 1185 1332 1218 quomodo
1349 1185 1448 1214 Paulus
1461 1187 1488 1214 in
1505 1187 1624 1223 Epistula
1641 1189 1675 1216 ad
1689 1188 1742 1216 Ga-

952 1225 1020 1255 latas
1037 1229 1214 1263 scripsisset:
1232 1239 1241 1257 t
1257 1231 1357 1260 Paulus
1375 1234 1523 1268 apostolus,
1535 1243 1590 1262 non
1606 1235 1639 1263 ab
1652 1237 1742 1263 homi-

952 1274 1042 1308 nibus,
1056 1284 1142 1311 neque
1153 1285 1201 1312 per
1227 1279 1377 1313 hominem,
1405 1281 1452 1308 sed
1484 1288 1532 1316 per
1556 1281 1647 1310 Jesum
1663 1282 1742 1310 Chri-

952 1325 1022 1348 stum
1034 1322 1074 1349 "i
1092 1331 1102 1349 ι
1119 1322 1200 1351 Plane
1211 1329 1282 1358 patet
1299 1333 1350 1353 non
1365 1334 1427 1354 esse
1456 1327 1595 1356 hominem
1623 1333 1741 1356 tantum-

951 1369 1040 1402 modo,
1052 1370 1098 1397 sed
1112 1371 1194 1398 Deum
1209 1372 1397 1401 hutnanatum.
1428 1373 1467 1401 Ne
1490 1381 1555 1409 ergo
1578 1374 1619 1402 his
1627 1374 1738 1402 vocibus

950 1416 1164 1443 scandalizentur
1183 1417 1294 1451 indocti,
1304 1419 1350 1445 sed
1360 1414 1448 1446 'divini
1468 1420 1742 1455 mysteriidispensa-

951 1460 1051 1488 tionem
1067 1462 1183 1496 discant,
1199 1464 1367 1498 adorentque
1401 1465 1529 1499 deinceps
1548 1465 1684 1493 Christum
1712 1470 1740 1493 et

950 1505 1000 1540 ipsi
1016 1513 1075 1533 cum
1097 1508 1209 1542 angelis.
1229 1508 1330 1545 144]
1349 1519 1358 1535 ι
1381 1509 1447 1537 Cum
1470 1510 1552 1543 enim,
1574 1510 1672 1546 inquit,
1700 1511 1739 1538 in<

950 1551 1066 1579 lroducit
1086 1551 1299 1588 Primogenitutn
1316 1555 1342 1581 in
1360 1555 1500 1588 mundutn,
1531 1556 1618 1583 dicit:
1636 1556 1670 1583 Et
1695 1556 1740 1584 ad-

110 1587 210 1623 μένην,
232 1588 324 1622 λέγει’
344 1590 400 1617 Καὶ
415 1592 683 1627 προσκυνησάτωσαν
699 1593 773 1629 αὐτῷ
797 1595 896 1627 πάντες

962 1603 1027 1625 τθηι
1040 1605 1101 1626 eum
1113 1587 1201 1634 angeli
1216 1600 1305 1634 Dei“;
1323 1611 1333 1627 ι
1347 1606 1374 1629 et
1389 1608 1412 1628 ε(
1422 1601 1450 1629 In
1468 1602 1648 1630 nominelesu
1658 1610 1738 1631 omne

107 1633 217 1668 ἄγγελοι
224 1635 292 1662 Θεοῦ
301 1644 308 1651 ·
322 1645 332 1662 ι
345 1638 402 1669 καὶ,
412 1647 421 1662 ι
434 1638 636 1674 Ἐντῷὸνόματι
643 1639 671 1666 δὲ
679 1640 767 1676 Ἰησοῦ
778 1642 897 1676 Χριστοῦ

106 1681 158 1707 πᾶν
174 1683 239 1715 γόνυ
255 1681 360 1717 κάμψει
375 1684 546 1719 ἐπουρανίων
569 1685 617 1712 καὶ
638 1686 766 1720 ἐπιγείων
781 1687 828 1714 καὶ
848 1697 898 1715 κα-

106 1725 266 1760 ταχθονίων·
289 1728 337 1754 καὶ
361 1729 438 1756 πᾶσα
453 1729 564 1764 γλῶσσα
588 1731 827 1769 ἐξομολογήσεται,
855 1735 896 1762 ὃτι

107 1770 208 1807 Κύριος
230 1773 335 1808 Ἰησοῦς
358 1775 476 1810 Χριστὸς
496 1777 537 1808 εἰς
553 1777 632 1811 δόξαν
656 1778 723 1805 Θεοῦ
746 1780 862 1816 Πατρός.
883 1791 893 1808 ›

105 1817 359 1852 Μνημονεύετωσαν
376 1821 495 1856 Χριστὸν
517 1823 620 1858 Ἰησοῦν
633 1825 736 1860 Κύριον
750 1826 896 1861 ὁμολογού-

107 1871 196 1897 μενον,
222 1866 270 1891 καὶ
293 1865 331 1901 μὴ
346 1867 575 1902 ταραττέσθωσαν
596 1869 660 1897 ὅταν
683 1870 828 1906 ἄνθρωπον
851 1871 895 1900 διὰ

104 1908 150 1945 τήν
170 1911 328 1946 οἰκονομίαν
349 1912 494 1940 ἀκούωσιν.

137 1956 180 1983 ιϐ’.
203 1956 284 1984 Οὕτω
300 1958 446 1986 νοείτωσαν
460 1960 508 1986 καὶ
528 1961 562 1988 τὰ
576 1961 621 1989 διά
634 1971 694 1989 τινα
717 1964 812 1999 χρείαν
825 1964 841 2000 ἢ
856 1965 894 1991 οἰ-

103 2003 232 2038 κονομίαν
244 2004 311 2040 περὶ
320 2005 403 2032 αὑτοῦ
416 2007 566 2042 εἰρημένα·
579 2007 634 2035 οἷόν
647 2009 720 2036 ἐστιν
735 2010 783 2036 καὶ
794 2009 825 2037 τὸ
840 2011 893 2038 ὑπὸ

101 2050 205 2084 Πέτρου
232 2051 280 2077 τοῦ
306 2052 455 2079 ἀποστόλου
480 2053 643 2089 λεγόμενοψ
662 2064 672 2081 ι
695 2056 800 2091 Ἰησοῦν
825 2056 889 2092 γὰρ,

99 2096 194 2131 φησὶν,
208 2097 256 2123 τὸν
266 2097 429 2134 Ναζωραῖον
440 2098 525 2134 ἄνδρα
535 2100 762 2136 ἀποδεδειγμένον
777 2102 831 2129 ἀπὸ
843 2102 891 2129 τοῦ

98 2142 164 2169 Θεοῦ
181 2143 222 2175 εἰς
238 2143 322 2178 ὑμᾶς,
340 2154 350 2170 ι
368 2145 436 2180 πρὸς
456 2145 601 2178 Ἰουδαίους
613 2147 804 2183 διαλεγόμενος
815 2150 829 2175 ὁ
839 2149 892 2176 Πέ-

97 2196 160 2223 τρος
171 2197 178 2204 ·
196 2189 250 2224 χρὴ
264 2190 319 2225 γὰρ
331 2190 377 2217 τὸν
390 2192 447 2222 τοῖς
463 2191 546 2224 θείοις
561 2192 659 2227 Λόγοις
678 2194 887 2229 ἐντυγχάνοντα,

96 2235 144 2262 καὶ
166 2235 202 2262 τὰ
217 2236 354 2271 πρόσωπα
368 2236 493 2271 θεωρεῖν,
516 2238 564 2265 καὶ
585 2238 631 2266 τὸν
653 2240 760 2275 χρόνον,
777 2241 823 2267 καὶ
844 2240 888 2267 διὰ

949 1650 1016 1677 genu
1033 1641 1156 1670 ﬂectatur
1181 1644 1346 1678 caelestium,
1372 1648 1542 1675 terrestrium
1561 1652 1588 1675 et
1615 1647 1738 1676 inferno-

948 1695 1028 1716 rum:
1045 1689 1169 1718 etomnis
1179 1690 1269 1726 lingua
1285 1692 1445 1719 conﬁteatur
1473 1693 1616 1721 Dominum
1643 1693 1738 1722 Jesum

946 1734 1085 1762 Christum
1102 1735 1129 1763 in
1141 1735 1225 1770 gloria
1240 1744 1300 1765 esse
1321 1736 1370 1766 Dei
1386 1737 1473 1765 Patris
1486 1739 1522 1766 ".
1539 1747 1549 1765 ι
1564 1738 1736 1766 Meminerint

946 1780 1083 1808 Christum
1102 1780 1192 1809 Iesum
1208 1782 1343 1810 communi
1367 1791 1498 1812 consensu
1527 1784 1669 1812 Dominum
1694 1786 1736 1813 di-

946 1830 1030 1860 ctum,
1050 1834 1138 1862 neque
1157 1829 1365 1862 conturbentur,
1386 1837 1447 1857 cum
1466 1837 1527 1858 eum
1543 1830 1679 1858 hominem
1693 1837 1735 1859 se-

945 1872 1063 1899 cundum
1078 1873 1308 1903 dispensationem
1327 1879 1452 1902 vocatum
1467 1875 1591 1903 audiunt.

981 1960 1024 1989 19.
1040 1960 1086 1989 Sic
1112 1967 1140 1990 et
1166 1963 1225 1991 alia:
1241 1962 1391 1991 locutiones
1406 1963 1587 2000 intelligenda
1599 1969 1732 1999 sunt-pro

946 2007 984 2035 rei
1002 2013 1072 2036 natm
1089 2017 1138 2036 usu
1153 2014 1181 2036 et
1200 2009 1403 2044 dispensatione
1431 2011 1519 2044 dictae,
1540 2011 1623 2038 veluti
1650 2011 1733 2038 etiam

945 2053 1017 2082 Petri
1032 2055 1095 2082 ilhtd
1109 2054 1225 2090 apostoli
1239 2054 1349 2083 eﬂ’atum
1360 2060 1420 2083 est:
1435 2064 1444 2082 t
1456 2055 1547 2084 Jesum
1562 2055 1635 2084 enim
1645 2055 1733 2084 Nan-

944 2108 1038 2127 renum
1068 2101 1156 2128 virum
1178 2101 1356 2135 approbatum
1377 2109 1391 2128 a
1424 2101 1479 2129 Deo
1501 2102 1570 2129 inter
1587 2109 1645 2135 vos,
1666 2110 1676 2128 ι
1693 2102 1731 2129 ait

943 2144 1049 2173 Judaaos
1065 2146 1204 2180 alloquens
1215 2145 1312 2174 Petrus
1332 2147 1365 2174 “.
1379 2146 1492 2182 Oportet
1501 2147 1573 2174 enim
1586 2147 1619 2175 ab
1631 2155 1673 2180 eo.
1684 2147 1730 2182 qui

943 2192 1042 2220 divinis
1057 2192 1168 2220 Litteris
1183 2193 1279 2227 utitur,
1292 2198 1457 2228 etpersonas
1471 2193 1599 2228 spectari,
1610 2199 1638 2222 et
1664 2199 1729 2222 tem-

943 2245 1003 2272 pus,
1017 2243 1044 2266 et
1057 2246 1137 2273 quant
1153 2239 1188 2266 ob
1202 2246 1311 2266 causam
1328 2239 1442 2274 quodvis
1457 2240 1576 2272 dicatur,
1593 2240 1722 2275 reputari.

95 2281 178 2308 ποίαν
193 2282 287 2309 αἰτίαν
300 2282 417 2309 ἕκαστον
433 2283 552 2319 εἴρηται,
564 2284 720 2319 λογίζεσθαι
731 2295 737 2301 ·
750 2285 821 2312 οὕτω
834 2286 890 2322 γὰρ

964 2285 989 2312 ic
1000 2285 1072 2312 enim
1085 2285 1200 2320 singulis
1214 2285 1293 2312 dictis
1302 2286 1506 2314 convenientem
1520 2287 1736 2314 accommodare

95 2327 206 2361 ἑκάστῳ
223 2327 299 2362 ῥητῷ
312 2327 364 2362 τὴν
375 2327 534 2362 πρέπουσαν
550 2329 706 2364 ἐφαρμόσαι
719 2330 836 2366 θεωρίαν
848 2340 891 2364 τις

93 2375 127 2409 τῇ
145 2372 193 2400 τοῦ
219 2374 378 2408 Πνεύματος
394 2373 539 2410 δυνήσεται
564 2375 666 2410 χάριτι.
692 2376 767 2402 Ἐπεὶ
778 2374 825 2404 οὖν
842 2377 891 2404 καὶ

93 2419 174 2446 τοῦτο
194 2419 226 2446 τὸ
252 2419 336 2455 ῥητὸν
362 2419 460 2446 ἐκεῖνοι
485 2420 554 2455 πρὸς
576 2421 704 2448 σύστασιν
728 2423 778 2457 τῆς
800 2423 890 2449 αὐτῶν

94 2465 255 2498 δυσσεϐείας
263 2465 474 2501 προὸάλλονται,
487 2466 603 2502 εἴδωμεν
612 2467 639 2493 τί
653 2467 751 2503 δήποτε
760 2469 775 2495 ὁ
786 2469 889 2505 Πέτρος

94 2512 274 2546 οἰκονομῆσαι
292 2511 466 2546 βουλόμενος,
478 2512 549 2539 οὕτω
561 2513 710 2549 λελάληκεν
719 2522 725 2528 ·
745 2515 845 2550 μᾶλλον
857 2515 886 2541 δὲ

94 2558 176 2584 αὐτὰν
197 2558 423 2593 ὲπερωτήσωμεν
437 2558 487 2594 τὴν
503 2558 592 2585 αἰτίαν
608 2559 734 2594 ἀγγεῖλαι
750 2562 826 2596 ἡμῖν,
850 2562 884 2588 δι’

95 2605 126 2639 ἢν
145 2603 218 2630 οὕτω
240 2603 330 2638 λέγειν
348 2604 473 2640 προήχθη
484 2613 491 2620 ·
506 2605 531 2631 τί
547 2605 611 2640 φὴς.
625 2603 648 2633 ὦ
664 2606 802 2641 μακάριε;
821 2607 885 2634 "Av-

97 2648 205 2682 θρωπον
221 2649 369 2684 κηρύττεις
382 2650 428 2676 τὸν
441 2650 568 2685 Χριστὸν,
582 2650 630 2677 καὶ
642 2650 730 2687 τούτῳ
743 2652 884 2679 πιστεύειν

97 2693 167 2728 ἡμᾶς
189 2694 366 2727 ἀναπείθεις,
391 2695 436 2722 ἵνα
453 2695 581 2731 κτίσματι
594 2695 738 2732 λατρεύειν
757 2697 882 2733 διδάξῃς;

99 2740 150 2767 Καὶ
165 2739 220 2775 μὴν
233 2740 328 2775 ἕτερος
343 2740 493 2773 ἀπόστολος
512 2741 649 2777 μέμφεται
664 2743 727 2775 τοὺς
742 2744 775 2778 τῇ
796 2744 883 2771 κτίσει

132 2845 153 2883 ’.⁸
163 2843 234 2872 Psal.
248 2851 322 2883 ιξιν,
335 2843 375 2883 εί,
389 2844 426 2883 μυ
443 2843 506 2872 ibid.
522 2844 554 2883 ξιτ.
569 2846 592 2861 ’³
602 2845 703 2883 Matth.
717 2853 780 2883 13v,
796 2845 840 2883 5|,
854 2847 898 2876 52.

102 2880 197 2913 ,“Acr‘
214 2888 243 2915 ιι,
261 2880 310 2908 ‘22.
351 2879 375 2896 "
388 2878 469 2908 Rom.
488 2880 577 2916 1,25;
595 2880 656 2910 Act.
669 2889 725 2916 xiv,
738 2878 780 2909 li;

942 2338 1051 2357 sensum
1068 2330 1200 2365 quispiam
1218 2338 1278 2357 cum
1294 2330 1411 2364 Spiritus
1431 2330 1518 2365 gratia
1535 2331 1645 2365 poterit.
1657 2331 1726 2364 Quia

942 2376 1026 2412 igitur
1040 2377 1109 2404 hanc
1123 2383 1231 2412 quoque
1246 2376 1409 2417 locutionem
1426 2376 1463 2403 illi
1479 2376 1512 2404 ad
1529 2376 1727 2412 suairreligio-

940 2422 1029 2450 sitatis
1040 2423 1272 2450 conﬁrmationem
1287 2422 1430 2456 objiciunt,
1442 2423 1583 2450 videamus
1596 2422 1727 2456 quidnam

940 2469 1038 2497 Petrus
1050 2469 1128 2503 juxta
1142 2468 1351 2504 dispensationis
1373 2468 1480 2503 regulas
1497 2468 1654 2504 signiticare-
1677 2475 1725 2495 vo-

939 2515 1008 2547 lens,
1025 2515 1061 2542 ita
1076 2514 1183 2542 locutus
1197 2515 1243 2542 sit.
1266 2514 1321 2541 hno
1341 2521 1408 2541 vero
1421 2514 1454 2542 ab
1466 2521 1499 2541 eo
1521 2520 1674 2546 quaeramus
1695 2516 1725 2539 ut

938 2567 989 2588 nos
1001 2560 1105 2593 doceat,
1116 2568 1238 2595 quietiam
1254 2567 1315 2587 eum
1325 2567 1406 2587 causa
1428 2559 1460 2586 ad
1473 2559 1500 2587 id
1527 2559 1626 2586 dictum
1640 2558 1725 2593 impu-

937 2604 1008 2633 lerit.
1022 2605 1092 2639 Quid
1106 2605 1158 2639 ais,
1174 2613 1190 2633 ο
1204 2605 1301 2633 beate?
1320 2604 1462 2632 Hominem
1493 2604 1622 2640 praedicas
1644 2604 1723 2631 Chri-

936 2656 1019 2684 stum,
1036 2656 1116 2687 atque
1130 2657 1159 2679 ut
1173 2651 1235 2679 huic
1250 2653 1391 2679 credamus
1403 2652 1511 2684 suades,
1526 2655 1556 2678 ut
1569 2655 1720 2678 creaturam

936 2698 1050 2725 adorare
1063 2705 1112 2725 nos
1126 2697 1242 2726 doceas?
1254 2698 1333 2732 Atqui
1349 2697 1418 2725 alius
1438 2696 1583 2731 Apostolus
1596 2696 1720 2730 increpat

935 2751 992 2778 eos,
1007 2744 1051 2779 qui
1063 2747 1195 2772 creatura:
1210 2743 1312 2771 cultum
1321 2743 1414 2772 volunt
1425 2743 1552 2771 exhibere
1561 2742 1594 2770 ’⁷.
1607 2740 1738 2796 Praeter}

937 2848 959 2865 "
977 2846 1063 2877 Galat.
1079 2855 1098 2882 t,
1114 2848 1137 2876 Ι.
1176 2847 1198 2863 ³³
1209 2846 1289 2876 Hebr.
1306 2855 1325 2881 ι,
1337 2847 1364 2875 6.
1401 2847 1425 2863 ”
1437 2844 1552 2881 Philipp.
1563 2851 1594 2878 tt,
1611 2843 1654 2878 l0,
1677 2842 1720 2872 ll.
