1886 3056
72 145 113 174 28!
631 146 726 181 QUOD
743 147 773 175 Β.
795 148 904 176 MAltlA
925 149 979 176 SIT
1001 149 1163 178 DEIPARA.

1658 143 1712 173 282

73 201 150 230 αὑτοῦ
168 203 184 230 ὁ
201 202 284 235 Θεός.
299 212 308 230 ι
325 202 396 232 Εἶτα
412 203 460 232 τοῦ
475 203 592 240 σταυροῦ
606 205 809 241 μνημονεύσας,
826 205 873 232 καὶ

979 207 1124 236 rectionem
1139 214 1247 242 quoque
1263 206 1290 234 in
1314 205 1433 233 medium
1457 203 1580 235 adducit,
1599 207 1624 230 et
1642 205 1713 229 hanc

75 250 118 284 τὴν
134 247 295 276 ἁνάστασιν
320 249 464 286 εἰσφέρει,
481 249 531 276 καὶ
551 249 652 286 ταύτην
676 251 715 283 ὼς
731 250 809 286 παρὰ
828 250 874 278 τοῦ

77 294 180 329 Πατρδς
207 293 293 322 πάλιν
317 296 527 331 γεγενημένην,
548 296 592 322 ἶνα
609 296 653 323 διὰ
675 296 770 323 τούτου
794 296 875 323 πάλιν

79 339 121 366 καὶ
137 339 226 375 αὐτὴν
246 340 350 372 αὐτοὺς
374 340 575 374 καταδέξασθαι
590 343 704 377 ποιήσῃ·
724 342 772 369 καὶ
784 341 875 369 λοιπὸν

79 385 170 421 ὥσπερ
183 384 409 422 κεκαλυμμένως
426 386 518 419 αὐτοῖς
531 387 579 414 καὶ
597 387 648 422 τὴν
662 387 803 422 θεολογίαν
817 388 876 414 εἰσ-

81 433 167 468 φέρει·
182 432 309 468 είρηκὼς
324 432 391 468 γὰρ,
402 443 412 458 ι
420 431 468 460 ’ον
478 433 492 459 ὁ
502 432 568 465 Θεὸς
575 433 724 468 ἀνέστησεν
733 433 816 465 λύσας
827 434 877 466 τὰς

80 479 175 510 drive:
185 479 235 505 τοῦ
246 479 393 511 θανάτου,›
405 479 513 513 ὲπάγει·
533 488 542 504 ι
554 479 623 506 Καθ’
633 479 735 507 ὅτιούκ
749 477 784 516 ἦν
795 480 876 507 δυνα-

80 525 125 552 τὺν
138 525 304 559 κρατεῖσθαι
321 525 404 552 αὑτὸν
422 525 468 552 ὑπ’
479 525 574 552 αὐτοῦ.
594 535 604 552 ›
618 525 717 553 Οὐκέτι
733 525 825 553 λοιπὸν
839 526 877 558 ὡς

83 571 146 607 περὶ
157 570 306 607 ἀνθρώπου
315 570 394 598 τοῦτο
404 580 411 587 ⁸
419 572 442 599 εί
450 571 503 607 γὰρ
514 570 656 607 ἄνθρωπος
665 569 710 607 ἦν,
718 571 827 603 πάντως
837 572 877 598 ὃτι

84 618 128 644 καὶ
141 616 305 653 κρατεῖσθαι
319 616 436 652 ἠδύνατο
446 617 498 644 ὑπὸ
512 617 560 644 τοῦ
574 617 705 644 θανάτου·
718 617 787 644 ἀλλὰ
798 617 880 644 τοῦτο

84 662 203 698 εἰρηκὼς
217 682 225 694 ,
242 662 414 697 καταφεύγει
436 663 542 697 ταχέως
564 663 612 690 ἐπὶ
631 662 681 698 τὴν
705 663 879 699 προφητικὴν

86 707 253 743 μαρτυρίαν,
266 707 310 734 ἵνα
326 707 426 742 μηκέτι
439 707 477 738 ὡς
487 707 554 742 παρ’
569 707 664 739 αὑτοῦ,
676 707 744 735 ἀλλὰ
753 707 791 740 ὡς
803 708 880 744 παρὰ

84 753 131 781 τοῦ
147 754 295 789 προφήτου
312 752 413 789 μᾶλλον
436 752 593 785 ἀκούοντες,
610 752 816 789 προθυμότερον
835 754 879 780 δέ-

85 799 186 833 ξωνται
203 799 236 826 τὺ
247 799 411 834 λεγόμενον·
430 798 477 824 καί
495 805 595 833 φησιν·
613 806 622 823 ι
636 798 719 824 Δαεὶδ
734 798 789 834 γὰρ
804 798 880 832 λέγει

85 847 125 878 είς
133 845 218 873 αὐτόν
227 853 233 860 ·
245 843 443 880 Προεωρώμην
456 843 501 870 τὸν
518 842 621 878 Κύριον
634 843 750 870 ἐνώπιόν
766 853 817 879 μου
835 844 880 871 διὰ.

86 891 186 923 παντός
196 899 204 907 ·
223 899 233 916 ι
246 891 293 917 καὶ
307 890 341 917 τὰ
351 889 506 925 ὲξῆς.”ορα
521 889 581 924 μεθ’
597 889 662 925 ὅσης
673 890 773 925 τέχνης
788 890 880 923 αὐτοῖς
896 887 917 915 Β

86 938 134 972 τὴν
153 935 339 971 Κυριολογίαν
366 935 530 970 εἰσήγαγεν
568 932 628 962 εἶτα
651 934 700 971 τὴν
723 936 880 972 μαρτυρίαν

86 980 248 1016 πληρώσας,
263 980 344 1006 πάλιν
364 979 454 1006 αὐτῶν
470 979 565 1015 ὥσπερ
584 979 631 1006 τὸν
647 979 777 1015 λογισμὸν
795 989 880 1008 κατα-

89 1026 220 1059 στέλλων,
239 1025 389 1061 ἐπειδήπερ
417 1024 605 1061 φανερώτερον
630 1024 711 1052 αὺτδν
735 1025 880 1060 ὲθεολόγει,

88 1073 135 1099 ἐπὶ
147 1072 199 1108 τὴν
217 1071 264 1098 τοῦ
281 1071 386 1107 Πατρὺς
402 1071 483 1097 πάλιν
502 1071 667 1107 κατατρέχει
684 1072 882 1107 προσηγορίαν,

88 1119 137 1146 καί
162 1125 261 1154 φησιν’
279 1127 288 1144 ι
311 1117 455 1152 Ἀσφαλῶς
480 1114 526 1144 οὖν
544 1118 703 1151 γινωσκέτω
727 1119 781 1150 πᾶς
807 1116 881 1151 οἰκος

96 1165 216 1200 Ἰσραὴλ,
231 1166 273 1191 δτι
288 1165 335 1191 καὶ
346 1163 450 1199 Κύριον
463 1164 510 1191 καὶ
526 1164 644 1200 Χριστὸν
661 1164 675 1190 ὁ
687 1164 752 1197 Θεὸς
769 1164 882 1200 ἐποίησε

90 1210 184 1238 τοῦτον
209 1211 256 1237 τὸν
284 1210 397 1246 Ἰησοῦν,
420 1209 450 1236 ὃν
473 1209 553 1245 ὑμεῖς
575 1209 779 1244 ἐσταυρώσατε·
799 1220 808 1236 ι
835 1211 882 1238 καὶ

91 1256 262 1292 αἰτησάντων
279 1255 370 1283 αὐτῶν
383 1255 477 1283 λοιπὸν
489 1255 612 1286 ἐκείνων.
629 1255 656 1282 τί
673 1255 786 1291 ποιῆσαι
801 1256 883 1290 ὤφει-

90 1302 147 1335 λον,
170 1303 352 1338 βαπτισθῆναι
369 1303 462 1334 αὐτοῖς
475 1301 641 1337 προσέταξεν
657 1301 703 1328 ἐπὶ
717 1302 756 1337 τῷ
771 1303 884 1338 ὀνόματι

91 1349 187 1382 αὖτοῦ,
204 1349 252 1376 καὶ
273 1349 370 1384 ἄφεσιν
387 1348 529 1384 ἁμαρτιῶν
546 1347 590 1375 διὰ
607 1347 704 1374 τούτου
717 1347 882 1382 λαμϐάνειν·

927 252 990 279 item
1006 257 1133 289 tanquam
1149 261 1164 280 a
1184 251 1266 279 Patre
1282 250 1426 284 effectam;
1446 255 1477 277 ut
1500 247 1713 276 resurrectionis

927 306 1009 326 causa
1022 306 1131 327 crucem
1147 306 1254 334 quoque
1267 298 1303 325 ab
1313 298 1347 325 iis
1362 296 1467 324 admitti
1488 298 1608 324 curaret.
1637 293 1714 321 Dein-

927 349 990 377 ceps
1003 343 1142 371 veracium
1156 342 1239 370 veluti
1265 341 1350 377 Ipsius
1379 340 1560 375 theologicam
1588 337 1713 366 notitiam

926 389 1059 418 insinuat.
1076 389 1144 417 Nam
1159 397 1221 416 cum
1234 388 1376 420 dixisset,t
1391 387 1476 421 Quem
1490 385 1562 413 Deus
1573 383 1716 413 suscitavit

926 435 1022 463 solutis
1038 435 1135 464 mortis
1147 434 1299 466 doloribus,
1312 443 1323 461 ι
1342 434 1431 466 addit,
1442 442 1452 459 ι
1468 433 1537 466 Quis
1548 429 1717 466 impossibile

927 486 987 509 erat
1004 482 1076 509 hunc
1087 481 1123 508 ab
1137 481 1181 508 illa
1196 482 1283 508 teneri
1298 482 1320 509 ³.
1338 490 1347 506 ι
1366 479 1435 507 Ecce
1445 479 1516 506 haud
1540 478 1597 512 jam
1614 476 1716 504 diutius

928 532 1058 562 tanquam
1073 527 1107 555 de
1118 527 1228 554 homine
1241 526 1361 561 loquitur
1377 534 1385 552 :
1399 532 1460 551 nam
1475 524 1498 552 si
1514 524 1595 551 homo
1609 521 1716 552 fuisset.

928 580 1039 607 prorsus
1071 581 1085 600 ει
1102 578 1190 600 morte
1213 573 1324 600 retineri
1354 575 1460 606 poterat
1474 579 1480 597 :
1497 570 1556 602 sed,
1571 570 1622 597 hoc
1632 568 1716 601 dicto,

928 617 1049 653 confugit
1062 617 1154 645 statim
1168 618 1201 644 ad
1211 617 1395 652 propheticum
1414 615 1610 647 testimonium,
1625 613 1717 647 ullam

929 672 982 692 non
1013 665 1048 691 ab
1077 664 1146 698 ipso,
1160 665 1207 690 sed
1241 670 1256 690 ι
1291 663 1423 697 propheta
1459 662 1548 696 potius
1565 660 1717 692 audientes,

928 710 1079 746 promptius
1093 710 1164 736 dicta
1186 709 1353 743 exciperent,
1368 708 1482 743 aitque:
1501 716 1511 733 ‹
1537 706 1621 733 David
1645 705 1718 732 enim

929 755 995 784 dicit
1017 757 1051 783 de
1068 762 1116 783 eo:
1130 755 1309 782 Providebam
1326 755 1468 782 Dominum
1484 760 1574 780 coram
1589 759 1632 779 me
1645 757 1718 780 sem-

929 809 977 837 per
986 801 1006 833 ³,
1027 811 1036 826 ι
1051 806 1079 828 et
1090 801 1204 835 reliqua.
1216 800 1411 827 Animadverte
1421 804 1521 834 quanto
1532 798 1648 825 artitlcio
1660 804 1719 824 εει-ς

930 855 1037 875 munem
1050 847 1083 874 de
1096 847 1209 875 Domino
1222 847 1292 880 apud
1310 853 1358 873 eos
1379 845 1452 872 facit.
1471 844 1582 876 Deinde,
1600 843 1721 870 testimo-

932 893 977 920 nio
1001 892 1138 925 absoluto,
1168 900 1263 920 rursus
1282 892 1389 919 illorum
1413 890 1593 925 cogitationes
1616 893 1721 920 compe-

932 947 1023 971 scens,
1035 939 1098 974 quia
1116 939 1254 974 apertiore
1271 938 1405 972 theologia
1417 938 1449 965 de
1462 936 1524 964 Iesu
1539 935 1645 962 locutus
1667 933 1723 960 fue-

933 989 985 1016 rat,
1002 986 1035 1011 ad
1047 984 1156 1012 Patrem
1170 985 1258 1012 denuo
1274 984 1404 1010 transiert
1431 987 1594 1012 sermonem,
1607 979 1698 1013 aitque
1712 985 1720 1003 :

936 1041 945 1058 ι
964 1031 1045 1059 Certo
1060 1031 1143 1066 igitur
1157 1030 1226 1058 sciat
1238 1030 1364 1057 universa
1376 1027 1486 1057 lsraelis
1513 1026 1609 1054 domus
1619 1043 1627 1057 ,
1651 1023 1722 1058 quod

934 1082 962 1105 et
974 1077 1117 1104 Dominum
1130 1082 1158 1104 et
1172 1076 1312 1104 Christum
1337 1075 1408 1103 Deus
1429 1073 1527 1102 fecerit
1548 1072 1619 1099 hunc
1643 1076 1722 1104 quem

936 1131 986 1152 vos
999 1123 1174 1151 cruciilxistis
1192 1122 1286 1150 Jesum
1299 1123 1323 1151 ⁵.
1343 1131 1353 1148 ι
1368 1121 1424 1148 Illis
1433 1127 1499 1147 vero
1513 1123 1606 1153 postea
1631 1122 1725 1150 rogan-

936 1170 1009 1198 tibus
1021 1170 1084 1205 quid
1099 1170 1172 1198 factu
1195 1177 1264 1205 opus
1282 1173 1373 1200 esset.
1385 1166 1519 1202 baptizari
1530 1171 1577 1192 eos
1604 1162 1687 1198 jussit
1698 1161 1725 1188 in

936 1215 1046 1242 nomine
1059 1215 1142 1247 illius,
1154 1219 1179 1242 et
1189 1219 1361 1250 peccatorum
1374 1212 1562 1240 remissionem
1587 1215 1636 1243 per
1647 1212 1726 1234 eum-

936 1261 998 1288 dem
1012 1261 1153 1295 recipere;
1169 1260 1329 1287 remissione
1345 1258 1469 1286 videlicet
1489 1259 1661 1292 peccatormn
1676 1259 1726 1279 su-

937 1307 1138 1335 ctoritatemcis
1147 1305 1406 1338 Christisuadens‘;
1416 1303 1507 1332 verbis
1516 1307 1618 1332 autem,
1632 1308 1642 1326 ι
1655 1299 1727 1326 Deus

942 1351 1018 1384 fecit,
1033 1361 1042 1378 ι
1066 1352 1172 1379 illorum
1186 1351 1431 1380 contradictionem
1446 1347 1605 1376 excludens.

91 1397 125 1431 τῇ
139 1395 195 1422 τῶν
212 1394 353 1431 ἁμαρτιῶν
368 1395 466 1429 ἀφέσει
485 1393 534 1430 τὴν
560 1394 708 1430 κυριότητα
726 1394 825 1426 αὐτοὺς
848 1396 974 1432 ἐννοῆσαι
988 1398 1089 1426 ποιῶν·
1104 1399 1149 1425 διὰ
1173 1398 1202 1425 δὲ
1219 1397 1267 1424 τοῦ
1284 1397 1386 1431 λέγειν,
1397 1407 1407 1423 ι
1427 1396 1457 1422 ’0
1470 1395 1537 1427 Θεὸς
1553 1392 1693 1428 ἐποίησεν,
1715 1399 1727 1418 s

91 1440 142 1476 τὴν
156 1440 268 1468 ἐκείνων
286 1440 442 1467 ἀποκλείων
456 1439 667 1474 ὲναντιολογίαν.

129 1486 183 1522 κβ’.
207 1486 269 1513 Ὀτι
293 1486 348 1521 γὰρ
372 1487 530 1522 πρόσφατον
548 1487 615 1522 ἡμῖν
639 1485 742 1522 Κύριον
761 1487 775 1513 ὁ
797 1485 890 1522 Πατὴρ

979 1487 1024 1514 2‘2.
1044 1486 1120 1520 Quod
1144 1491 1236 1514 autem
1262 1485 1334 1514 haud
1359 1492 1458 1512 novum
1482 1483 1626 1512 Dominum
1651 1479 1730 1511 nobi’

93 1534 144 1560 οὐκ
161 1532 300 1567 εποίησεν,
314 1532 411 1559 οὐδένα
426 1529 503 1567 οἶμαι
526 1532 580 1558 τῶν
596 1531 799 1568 εὐφρονούντων
826 1533 887 1559 ἀντ-

981 1539 1022 1560 ter
1034 1532 1165 1565 eti‘eeerit,
1181 1532 1317 1559 nemiuem
1332 1538 1398 1558 sana
1418 1533 1508 1557 mente
1523 1528 1666 1563 praeditum
1680 1534 1729 1555 ue-

94 1579 179 1614 ερεῖν·
193 1579 241 1604 καὶ
251 1577 307 1613 γὰρ
319 1577 379 1613 οὐχ,
388 1577 426 1610 ὣς
437 1584 510 1609 τινες
518 1577 639 1612 ἀνοήτως
650 1577 690 1608 είς
701 1575 750 1612 τὴν
760 1575 807 1603 τοῦ
821 1575 887 1603 Υίοῦ

94 1624 213 1658 θεότητα
229 1623 260 1650 τὸ
278 1622 359 1658 ῥητὸν
373 1622 603 1658 ἑκλαμϐἀνουσιν.
619 1620 707 1654 οὕτως
720 1621 841 1657 εἴρηκεν·
857 1621 887 1648 οὐ

94 1669 152 1705 γὰρ
178 1668 243 1703 περὶ
266 1669 316 1704 τῆς
333 1667 476 1704 ὑπάρξεως
492 1667 575 1694 αὐτοῦ
593 1667 693 1698 σκοπὸς
712 1665 801 1703 ἧντῷ
820 1666 889 1693 ἁπο-

97 1715 184 1750 στόλῳ
198 1714 372 1749 διαλέγεσθαι
386 1734 393 1746 ,
421 1714 490 1741 ἀλλὰ
505 1714 570 1749 περὶ
591 1714 642 1748 τῆς
667 1713 737 1749 μετὰ
755 1713 803 1749 τὴν
822 1712 889 1740 ἀνά-

99 1769 192 1786 στασιν
206 1759 296 1795 δόξης.
307 1760 344 1786 Τὸ
358 1758 416 1792 οὖν,
431 1769 439 1784 ι
453 1760 557 1795 Κύριον
570 1759 651 1786 αὐτὴν
662 1759 815 1794 ἐποίησεν,›
830 1758 891 1785 ἀντὶ

98 1806 321 1842 τοῦ,Κυριότητα
335 1806 383 1832 καὶ
392 1805 511 1841 Χριστοῦ
524 1805 603 1838 δόξαν
617 1804 693 1838 αὐτῷ
705 1804 830 1830 δέδωκεν·
842 1803 892 1839 οὐχ

99 1854 142 1879 ὅτι
159 1851 240 1884 δόξαν
258 1851 406 1886 ἐπίκτητον
421 1850 517 1877 ἐλαϐεν
531 1852 545 1877 ὁ
560 1850 635 1882 Υἱὸς,
652 1850 709 1877 ἀλλ’
722 1850 836 1882 ἰκτίνοις
848 1850 892 1877 διὰ

99 1899 148 1933 τὴν
172 1898 379 1933 προειρημένην
402 1897 559 1932 οἰκονομίαν
580 1896 667 1928 οὕτως
691 1895 892 1932 διαλεγόμενος,

99 1943 140 1969 ὃτι
153 1942 235 1969 οὕτω
257 1941 398 1968 πιστεύειν
420 1942 461 1973 εἰς
477 1941 558 1968 αὑτὸν
577 1941 710 1975 ὀφείλετε,
728 1941 767 1973 ὡς
781 1940 893 1977 Χριστῷ

101 1989 147 2016 καὶ
161 1989 259 2024 Κυρίῳ
267 1988 438 2024 προσιόντες.
455 1988 517 2014 ὐτι
533 1987 587 2023 γὰρ
602 1988 653 2015 οὐκ
670 1988 814 2024 ἄνθρωπος
830 1987 893 2015 καθ’

101 2036 175 2071 ἡμᾶς
191 2034 393 2069 γεγεννημένος
416 2034 499 2069 χωρὶς
523 2034 572 2070 τῆς
595 2034 642 2061 τοῦ
657 2034 747 2068 Λόγου
770 2033 895 2065 ἐνώσεως

107 2082 213 2118 Ἰησοῦς
226 2082 241 2108 ὁ
252 2081 424 2117 Ναζωραῖος,
436 2082 449 2108 ό
463 2081 494 2107 τὸ
508 2080 572 2107 ίδιον
587 2081 656 2116 ὑπὲρ
671 2081 751 2116 ἡμῶν
762 2077 832 2116 αἷμα
846 2081 894 2107 ὲκ-

102 2128 210 2164 meum.
228 2128 456 2163 καταδεξάμενος,
470 2128 552 2155 ἄκουε
568 2128 663 2162 σαφῶς
679 2128 726 2154 τοῦ
744 2128 896 2156 ἀποστόλου

104 2175 213 2202 Παύλου
239 2177 295 2207 τοῖς
323 2174 455 2209 Ἐφεσίων
471 2174 642 2207 διδασκάλοις
667 2174 746 2202 τοῦτο
769 2174 896 2211 φανερῶς

104 2220 309 2252 καθιστῶντος”
329 2230 338 2246 ι
357 2221 509 2255 Προσέχετε
524 2220 589 2254 γὰρ,
610 2220 692 2255 φησὶ,
720 2221 827 2253 ἑαυτοῖς
840 2209 895 2248 ’καὶ
912 2209 934 2237 D

105 2268 187 2294 παντὶ
200 2266 240 2302 τῷ
258 2266 387 2301 ποιμνίῳ,
402 2267 431 2292 ὲν
450 2262 472 2300 ᾧ
492 2266 563 2301 ὑμᾶς
578 2266 610 2292 τὺ
634 2267 747 2302 Πνεῦμα
765 2267 796 2293 τὸ
815 2267 895 2302 ἆγιον

104 2313 182 2340 ιθετο
207 2312 375 2343 ἐπισκόπους
389 2332 397 2344 ,
413 2312 568 2347 ποιμαίνειν
585 2311 634 2347 τὴν
662 2312 827 2347 Ἐκκλησίαν
846 2312 895 2339 τοῦ

105 2357 185 2389 Θεοῦ.
199 2358 233 2393 ἣν
249 2358 466 2393 περιεποιήσατο
479 2357 525 2384 διὰ
539 2357 586 2383 τοῦ
601 2358 717 2392 αἵματος
729 2358 776 2384 τοῦ
791 2357 870 2385 ἰδίου.
884 2367 895 2384 ι

112 2403 235 2436 ’Δκούεις
244 2403 309 2430 Θεὸν
319 2403 443 2439 φανερῶς
452 2403 504 2430 ὑπὸ
512 2403 559 2430 τοῦ
573 2403 735 2431 Ἀποστῦλου
749 2403 795 2431 τὸν
805 2405 898 2430 ἑσταυο

108 2451 230 2487 ρωμένον
250 2451 472 2486 κηρυττόμενον;
497 2450 654 2486 Ποιμαίνειν
678 2450 733 2487 γάρ
752 2459 835 2486 φησιν
847 2450 898 2486 τὴν

113 2497 278 2533 Ἐκκλησίαν
291 2496 340 2524 τοῦ
357 2496 438 2530 Θεοῦ,
454 2497 488 2532 ἢν
501 2498 715 2532 περιεποιήσατο
728 2497 772 2524 διὰ
785 2496 834 2523 τοῦ
854 2496 885 2524 ατ

109 2552 193 2578 ματος
217 2543 265 2570 τοῦ
277 2543 356 2570 ἰδίου·
376 2542 426 2577 οὐχ
440 2543 480 2568 ἂι
493 2544 526 2578 τῇ
536 2542 616 2578 φύσει
628 2544 676 2578 τῆς
692 2542 818 2578 θεότητος
828 2542 896 2568 ἐπα-

109 2597 182 2624 σχεν,
196 2588 254 2615 ἀλλ’
267 2589 309 2615 ὅτι
328 2587 363 2614 τὰ
385 2587 435 2622 τῆς
457 2587 557 2622 σαρκὸς
572 2587 654 2614 αὑτοῦ
668 2587 741 2622 πάθη
759 2588 798 2620 είς
816 2586 897 2614 αὑτὸν

109 2636 286 2671 ἀναφέρεται,
297 2634 343 2661 διὰ
355 2634 387 2660 τὸ
403 2634 441 2668 μὴ
456 2633 600 2668 ἀνθρώπου
615 2634 687 2665 τινὸς
702 2631 772 2661 εἷναι
783 2633 897 2668 ταύτην,

110 2682 164 2708 ἀλλ’
180 2682 264 2709 αὑτοῦ
282 2680 331 2708 τοῦ
354 2680 440 2714 Λόγου
460 2679 528 2706 ἰδίαν
542 2680 641 2715 σάρκα.
659 2680 690 2707 Εἰ
714 2679 805 2706 τοίνυν
830 2679 899 2706 Θεοῦ

111 2725 175 2763 αἷμα
185 2728 216 2755 τὸ
231 2725 303 2763 αἷμα
319 2726 440 2761 λέγεται,
454 2725 532 2759 δῆλον
545 2726 582 2758 ὡς
595 2727 660 2758 Θεὸς
673 2724 707 2762 ἦν
720 2727 810 2761 σάρκα
820 2734 899 2761 περι-

113 2775 242 2810 κείμενος.

143 2866 261 2896 ’.\Lt.tt,
281 2863 329 2890 25.
372 2862 381 2878 ³
397 2861 462 2890 ibid.
478 2861 523 2890 ‘25.
563 2861 571 2877 ⁸
585 2861 648 2889 ibid.
667 2861 711 2890 56.

939 1585 1063 1615 gaturum
1079 1583 1156 1614 puto.
1172 1577 1231 1606 Non
1246 1577 1331 1609 enim,
1345 1580 1374 1603 ut
1389 1575 1498 1610 quidam
1517 1573 1677 1608 insipienter
1689 1573 1731 1600 dl-

939 1631 1012 1653 ctum
1027 1626 1079 1654 boc
1094 1626 1127 1652 de
1140 1624 1202 1652 Filii
1222 1623 1368 1651 divinitate
1383 1621 1548 1656 intelligunt,
1570 1619 1608 1647 ita
1624 1618 1731 1646 locutus

939 1677 981 1700 est
990 1682 996 1700 :
1007 1679 1095 1707 neque
1103 1671 1137 1699 de
1149 1670 1209 1698 Filii
1224 1668 1385 1697 exsistentia
1398 1667 1470 1701 loqui
1481 1664 1627 1701 Apostolus
1635 1662 1732 1700 [ut

941 1718 993 1746 sibi
1007 1717 1162 1753 proposuit,
1175 1716 1222 1745 sed
1234 1716 1267 1743 de
1282 1714 1341 1750 ejus
1355 1717 1417 1748 post
1431 1711 1659 1740 resurrectionem
1673 1710 1732 1745 glo-

942 1765 992 1792 ria.
1008 1764 1078 1798 Ergo
1095 1763 1188 1795 verba,
1206 1770 1216 1787 ι
1228 1761 1372 1788 Dominum
1392 1766 1453 1786 eum
1476 1757 1550 1789 fecit,
1571 1765 1581 1783 ι
1605 1756 1733 1783 dicuntur

942 1817 1010 1844 pro,
1026 1808 1201 1836 Dontiuattttn
1211 1810 1240 1833 et
1251 1798 1354 1832 Christi
1378 1802 1492 1838 gloriam
1516 1801 1567 1836 ipsi
1588 1798 1731 1827 attribuit:

943 1843 998 1883 non
1014 1855 1084 1890 quod
1111 1852 1272 1888 acquisitam
1294 1850 1407 1886 gloriam
1420 1848 1507 1876 Filius
1521 1846 1668 1881 acceperit,
1685 1843 1734 1872 sed

943 1889 1045 1929 Iudaeis
1059 1899 1209 1929 secundum
1227 1897 1386 1933 praedictum
1403 1893 1634 1930 dispensationem
1647 1891 1684 1918 ita
1696 1889 1735 1917 lo-

944 1948 1049 1982 quitur,
1068 1946 1131 1981 quia
1149 1945 1189 1972 sic
1207 1944 1320 1972 credere
1337 1941 1362 1969 ei
1380 1941 1521 1972 deberent,
1540 1943 1569 1965 ut
1583 1936 1686 1964 Christi
1703 1942 1736 1962 ac

945 1993 1054 2021 Domini
1073 1992 1129 2027 jam
1146 1991 1213 2018 facti
1241 1989 1365 2018 asscclze.
1389 1986 1466 2021 Quod
1487 1984 1559 2013 enim
1583 1991 1636 2011 non
1654 1982 1738 2027 homo

945 2046 1021 2067 more
1037 2026 1130 2066 nostro
1145 2036 1261 2072 genitus,
1286 2034 1347 2062 sine
1360 2032 1443 2061 Verbi
1460 2031 1571 2063 unione,
1588 2029 1667 2056 Jesus
1681 2026 1736 2054 Na-

946 2092 1063 2113 zarenus
1090 2083 1136 2115 sit,
1157 2083 1204 2118 qui
1221 2089 1271 2117 pro
1291 2081 1371 2108 nobis
1397 2078 1559 2113 sanguinem
1577 2082 1656 2102 suum
1670 2073 1736 2118 iun-

947 2131 1013 2158 dere
1027 2137 1082 2157 non
1099 2116 1248 2160 recusavit,
1264 2126 1327 2153 audi
1343 2123 1486 2152 tnanifeste
1501 2119 1653 2156 apostolum
1669 2116 1739 2144 Pam

949 2176 1004 2204 lum
1023 2181 1116 2202 coram
1135 2172 1314 2208 Ephesiorum
1333 2168 1471 2204 magistris
1492 2166 1580 2202 palam
1596 2163 1736 2208 alllrmanf

950 2226 1022 2248 tem:
1040 2229 1050 2246 ι
1065 2207 1220 2251 Atteudite,
1239 2217 1336 2252 inquit,
1359 2215 1436 2242 vobis
1464 2217 1492 2241 et
1507 2212 1635 2239 universo
1650 2207 1735 2244 gregi.

949 2267 976 2294 in
991 2274 1045 2301 quo
1061 2273 1109 2294 vos
1119 2264 1240 2300 Spiritus
1253 2267 1368 2290 sanctus
1383 2259 1473 2296 posuit
1483 2258 1626 2293 episcopos
1641 2260 1738 2289 regere

949 2300 1101 2341 Ecclesiam
1123 2310 1183 2343 Dei,
1200 2316 1281 2344 quam
1305 2306 1453 2342 acquisivit
1470 2303 1604 2339 sanguine
1621 2309 1670 2329 suo
1685 2300 1707 2327 ⁸.
1726 2308 1739 2326 ι

951 2358 1049 2386 Audin’
1059 2358 1142 2385 Deum
1154 2355 1299 2384 manifeste
1307 2353 1341 2381 ab
1354 2351 1483 2388 Apostolo
1496 2348 1657 2377 cruciﬁxum
1671 2354 1742 2382 pnes

952 2405 1059 2433 dicari?
1076 2404 1181 2439 Regere
1198 2402 1271 2429 enim
1289 2399 1400 2428 mandat
1415 2396 1568 2426 Ecclesium
1585 2394 1645 2426 Dei,
1658 2400 1739 2428 quam

952 2450 1098 2486 acquisivit
1110 2438 1243 2484 sanguine
1258 2454 1320 2478 suo,
1339 2451 1394 2472 non
1407 2443 1478 2479 quod
1495 2442 1521 2469 in
1540 2445 1637 2486 natura
1650 2438 1739 2486 deitaa

952 2484 1037 2525 tis-sit
1051 2503 1161 2531 passus,
1177 2494 1224 2522 sed
1245 2492 1309 2528 quia
1327 2490 1420 2519 carnis
1436 2487 1578 2524 passiones
1593 2484 1740 2531 adripsum

952 2529 1119 2575 referuntur,
1138 2545 1282 2577 propterea
1298 2537 1369 2573 quod
1392 2543 1445 2564 non
1461 2533 1580 2562 hominis
1600 2529 1741 2565 cujusdam

951 2591 1010 2618 haec
1020 2590 1055 2617 sit
1070 2596 1146 2620 caro,
1164 2586 1211 2615 sed
1225 2586 1311 2621 ipsius
1323 2583 1404 2611 Verbi
1418 2580 1538 2617 propria.
1558 2578 1586 2605 Si
1601 2584 1666 2612 ergo
1677 2584 1743 2604 san-

954 2636 1014 2671 guis
1037 2635 1083 2663 Dei
1107 2635 1205 2662 dicitur
1225 2632 1348 2666 sanguis,
1368 2629 1452 2656 Deum
1473 2627 1548 2654 illuni
1579 2625 1674 2656 fuisse,
1697 2622 1742 2658 qui

954 2683 1005 2710 sibi
1023 2690 1132 2709 carnem
1151 2680 1247 2711 imluit,
1263 2677 1434 2712 exploratum
1453 2679 1506 2702 cst.

775 2860 839 2890 ibid.
857 2860 901 2893 s7,
920 2860 963 2887 58.
1004 2857 1081 2885 οΛρι.
1098 2864 1143 2889 ιχ,
1160 2852 1213 2888 28.
