1886 3056
126 130 182 159 283

642 133 672 160 S.
692 130 832 159 CYRlLLl
851 130 1085 159 ALEXANDRINI
1105 132 1263 160 ARCHIEP.

1709 127 1766 157 284

165 191 211 219 23.
235 190 296 219 Jam
318 192 341 219 si
365 192 455 220 dicere
483 197 610 227 pergant,
627 200 746 227 quonam
770 192 948 227 Seripturaad

1012 196 1058 226 ιγ’.
1082 193 1113 220 Εἰ
1128 192 1156 219 δὲ
1171 193 1328 227 ὲπιμένοιεν
1346 192 1483 226 λέγοντες,
1501 191 1555 218 Ποῦ
1577 191 1626 226 τῆς
1648 188 1766 225 Γραφῆς

129 236 189 264 loco
207 236 287 272 Virgo
301 238 450 272 appelletur
462 238 592 273 Dcipara,
621 240 732 266 audiant
746 240 796 266 hoc
810 239 917 274 perspi-

131 291 182 310 cue
197 283 365 311 nuntiantem
384 285 541 319 pastoribus
557 285 694 320 angelum,
710 286 916 319 dicentemque:

137 339 146 354 ι
164 329 232 362 Quia
249 335 327 357 natus
340 336 382 357 est
398 331 474 358 vobis
487 331 565 358 hodie
575 330 709 370 Salvator,
723 332 768 367 qui
784 337 822 359 est
840 331 920 359 Chri-

131 380 191 402 stus
205 375 336 403 Dominus
348 377 370 403 '.
390 385 399 402 ι
413 376 471 404 Non
488 377 563 410 dicit,
575 378 624 411 Qui
642 378 695 404 erit
707 378 847 408 Dominus.
865 378 918 410 vel,

130 420 158 447 in
176 429 229 456 quo
240 421 371 449 Dominus
387 422 558 450 habitaturus
566 424 613 455 sit,
627 424 701 455 sed,c
715 423 818 457 Quiest
828 424 919 451 Domi—

131 474 192 493 uus.
206 476 215 492 ι
234 466 271 494 En
289 467 373 502 igitur
387 468 530 495 Dominum
545 469 689 496 manifeste
703 470 920 505 eum,quinatus

130 517 198 545 erat,
210 513 335 550 "angelus
365 515 483 541 nuntiat.
512 515 615 542 Deinde
645 520 773 550 tanquam
811 516 918 551 signum

131 559 270 593 spectandi
292 567 353 587 mox
366 560 472 588 Domini
491 561 555 595 ipsis
573 561 716 594 exhibens,
735 571 744 587 ι
765 561 919 594 Invenietis,

132 604 231 639 inquit,
250 605 413 633 infantulum
430 606 524 634 fasciis
548 606 698 634 involutum
719 613 748 635 et
766 609 792 635 in
805 609 919 644 praesepi

131 651 249 684 positum
260 651 281 679 ⁸.
295 661 305 677 ι
320 651 397 678 Paria
412 652 507 687 angelo
519 653 614 680 Petrus
629 661 737 689 quoque
754 654 917 688 prmdieans.

131 704 194 724 cum
211 697 244 724 ad
263 697 420 725 Cornelium
443 699 570 732 accessit,
585 699 674 726 aiebat
688 710 693 727 :
710 708 720 725 ί
737 699 856 727 Verbum
871 700 921 727 mi-

132 743 169 769 sit
196 743 259 770 ﬁliis
281 743 411 777 lsraelis,
439 752 532 779 pacem
553 745 680 772 tmntians
702 753 750 780 per
781 746 920 773 Christum

131 787 236 816 Jesum.
259 788 308 816 Hic
321 794 363 816 est
381 791 503 817 omnium
532 790 664 818 Dominus
678 792 699 817 '.
719 800 727 817 ι
743 791 841 818 Cernis
855 799 922 826 quo-

133 833 213 860 modo
244 834 366 867 verbum,
384 834 553 869 prosalutari
577 836 778 870 praedicatione.
803 843 851 870 per
874 835 915 863 Je-

132 886 191 906 sum
215 878 353 906 Christum
375 880 487 907 missum
509 880 594 907 fuisse
619 881 705 907 dicit?
735 880 841 917 lum
866 881 919 908 De-
937 871 959 899 Β

133 929 342 960 monstransque
362 925 428 957 illis,
448 926 574 960 quisnam
591 931 662 953 esset
677 925 757 953 .Iesus
782 927 920 960 Christus,

135 980 145 996 ε
169 970 218 998 llic
233 976 284 1004 est,
313 972 362 1005 ait,
380 974 501 999 omnium
519 972 660 999 Dominus.
684 982 693 998 ι
714 972 810 1000 Viden’
828 973 920 1000 infan-

134 1019 220 1045 tnlum
241 1024 296 1046 tum
319 1019 353 1046 ab
370 1019 466 1054 angelo
482 1024 536 1046 tum
551 1027 567 1046 a
587 1019 669 1047 Petro
690 1019 834 1047 Dominum
849 1020 921 1047 dici?

135 1064 206 1100 Ergo
224 1064 337 1099 Deipara
355 1066 467 1092 omnino
493 1070 535 1093 est
562 1073 623 1100 qua‘
646 1066 788 1093 Dominum
805 1067 920 1101 peperit.

133 1110 179 1138 Sic
205 1110 290 1144 ipsam
317 1111 399 1138 etiam
425 1111 498 1138 beati
523 1111 651 1146 Baptista:
681 1116 792 1144 mater,
817 1113 921 1147 Spiritu

133 1162 228 1184 sancto
244 1161 379 1191 permota,
394 1157 549 1192 appellavit.
566 1167 575 1183 ι
592 1157 703 1191 Repleta
721 1163 763 1185 est
778 1159 861 1191 enim,
879 1159 922 1186 in-

134 1203 194 1238 quit
211 1203 363 1237 Scriptura,
381 1203 520 1230 Elisabeth
536 1203 639 1239 Spiritu
665 1209 770 1238 sancto,
789 1209 817 1232 et
831 1204 923 1232 excla-

134 1247 400 1276 niavitchuedicta
423 1254 450 1276 tu
472 1250 542 1277 inter
560 1250 700 1283 mulieres,
720 1254 748 1278 ct
765 1251 923 1278 benedictus

135 1294 240 1322 fructus
262 1295 366 1322 ventris
388 1295 438 1323 tui.
472 1296 504 1322 Et
520 1297 591 1324 unde
610 1297 662 1324 hoc
685 1298 760 1331 mihi,
783 1302 812 1324 ut
835 1303 924 1325 mater

135 1341 242 1368 Domini
267 1342 318 1369 mei
336 1341 428 1368 veniat
443 1342 476 1369 ad
501 1343 562 1369 me?
581 1352 590 1369 ι
608 1343 674 1376 Quis
690 1343 746 1377 jam
766 1345 833 1371 adeo
848 1344 922 1371 insa-

135 1388 202 1419 niat.
226 1392 254 1414 ut
274 1387 340 1415 nolit
362 1396 424 1415 cum
446 1388 602 1423 Evangeliis
619 1389 762 1424 Deiparam
786 1390 924 1424 appellare

134 1440 255 1461 sanctam
270 1433 430 1468 Virginem?
451 1433 489 1462 Ne
506 1442 570 1470 ergo
591 1435 788 1470 simpliciorum
812 1437 924 1464 auribus

134 1480 189 1507 sint
211 1479 328 1513 molesti,
341 1480 403 1506 dum
426 1488 540 1514 puerum
561 1485 588 1508 et
607 1481 771 1508 infantulum
790 1482 923 1515 vocitant,

136 1534 170 1553 ne
187 1525 258 1553 forte
273 1526 403 1560 paulatim
416 1526 695 1562 nniversum'quoque
710 1528 768 1562 ejus
780 1529 922 1556 adventum

135 1576 292 1607 pernegant.
315 1571 480 1599 Nominatus
498 1578 541 1600 est
560 1572 633 1600 enim
657 1573 806 1601 infantulus
823 1574 856 1601 ab
873 1582 922 1602 an-

136 1619 205 1654 gelo,
221 1618 268 1646 sed
285 1617 366 1646 simul
383 1618 524 1648 Dominus.

172 1778 219 1805 ‘24.
237 1777 330 1811 Neque
354 1777 405 1804 hoc
424 1776 482 1804 loco
508 1783 602 1804 rursus
627 1776 844 1809 obmurmurent,
865 1785 926 1811 pas-

137 1824 244 1852 sionem
258 1823 419 1857 obiicientes
432 1827 460 1850 et
475 1823 714 1855 resurrectiOnem,
728 1827 755 1850 et
767 1823 837 1857 quod
852 1823 924 1851 Deus

138 1871 212 1898 illum
230 1869 490 1902 suscitaverit;jam
507 1868 579 1896 enim
603 1869 629 1895 in
648 1868 864 1902 praecedentibus
878 1870 926 1897 de-

138 1921 288 1944 monstrata
315 1915 368 1942 fuit
395 1915 610 1950 dispensationis
639 1915 720 1942 ratio.
747 1916 874 1942 Attamen
903 1916 926 1943 si

137 1963 209 1991 forte
229 1963 311 1990 velint
333 1961 487 1989 evidentius
506 1961 594 1988 adhuc
622 1961 739 1993 discere,
764 1962 826 1995 quis
854 1967 928 1989 esset

139 2009 184 2036 ille
197 2008 354 2040 crucifixus,
368 2008 480 2034 audiant
495 2007 588 2034 mundi
613 2007 765 2040 doctorem,
783 2007 808 2034 id
826 2007 924 2035 Corin.

137 2055 203 2082 thiis
216 2054 382 2081 scribentem
401 2062 430 2080 :(
449 2053 504 2088 Ego
516 2053 600 2087 enim,
617 2053 715 2087 inquit,
732 2054 824 2088 accepi
840 2062 854 2080 a
870 2053 926 2081 Do-

139 2102 224 2133 mino,
243 2105 270 2128 et
284 2101 360 2127 vobis
378 2100 489 2131 tradidi,
504 2100 633 2135 quoniam
654 2099 784 2127 Dominus
798 2099 878 2127 Jesus
898 2100 924 2127 in

138 2156 191 2180 qua
208 2152 286 2173 nocte
301 2146 468 2176 tradebatur.
480 2146 694 2180 accepitpanem
708 2146 740 2179 ",
757 2151 798 2173 iet
810 2146 923 2180 reliqua.

138 2193 235 2220 Cernis
260 2200 320 2218 eum
346 2192 390 2225 qui
417 2199 465 2224 pro
491 2191 570 2218 nobis
594 2198 691 2225 passus
711 2196 765 2224 est,
782 2191 924 2218 Dominum

139 2239 226 2273 palam
244 2237 436 2273 praedicatum?
455 2237 530 2270 Quod
543 2237 564 2264 si
581 2237 675 2269 verba,
689 2246 698 2263 ι
719 2237 791 2264 Dens
807 2238 894 2272 ipsum
912 2245 927 2265 e

140 2285 254 2312 mortuis
272 2284 417 2312 suscitavit
431 2283 481 2313 ¹²,›
501 2283 666 2310 oll'endiculo
684 2283 841 2310 hominibus
853 2287 926 2315 sunt,

140 2337 234 2366 utpote
246 2331 279 2358 de
297 2331 407 2358 homine
421 2329 504 2361 dicta,
522 2330 608 2364 ipsum
625 2330 715 2357 adhuc
729 2330 841 2356 audiant
853 2330 927 2363 Apo-

140 2379 238 2405 stolum
257 2379 326 2405 hanc
340 2384 447 2412 quoque
465 2377 646 2412 suspicionem
666 2376 857 2410 perimentem.
877 2377 927 2403 Se-

140 2424 257 2451 cundum
269 2424 340 2451 enim
358 2423 572 2458 dispensationis
587 2423 720 2449 rati0nem
741 2422 799 2449 haec
816 2422 842 2448 in
860 2430 926 2449 san-

141 2470 194 2496 ctis
209 2469 282 2496 dicta
301 2474 364 2495 sunt
384 2469 546 2502 Scripturis.
565 2467 631 2494 Nam
648 2467 719 2501 quod
732 2467 864 2494 Dominus
881 2475 925 2494 es-

942 2223 964 2251 D

142 2520 183 2542 set
200 2516 222 2542 is
234 2516 278 2549 qui
294 2516 320 2541 in
337 2522 421 2542 carne
437 2521 534 2549 passus
550 2517 592 2540 est
603 2519 630 2540 et
646 2513 807 2545 resurrexit,
822 2519 925 2546 etnon,

142 2567 171 2588 ut
188 2561 228 2587 isti
241 2562 330 2592 aiunt,
344 2560 425 2587 homo
439 2559 541 2586 habens
555 2557 675 2586 Verbum
693 2559 859 2589 inhabitans,
876 2566 925 2584 au—

143 2609 218 2634 diant
235 2606 347 2633 Paulum
365 2605 497 2633 Romanis
511 2605 547 2632 ita
564 2605 597 2632 de
617 2605 774 2632 Ahrahamo
789 2605 927 2632 conliden-

144 2658 185 2681 ter
210 2654 372 2680 scribentem
393 2661 399 2678 :
428 2661 436 2677 ι
460 2652 518 2679 Non
547 2651 608 2686 ejus
631 2659 714 2679 causa
742 2652 929 2678 tantumnodo

145 2699 244 2733 scripta
268 2703 332 2726 sunt
353 2698 421 2730 haec,
444 2698 491 2724 sed
516 2698 599 2724 etiam
627 2701 738 2731 propter
756 2705 815 2728 nos,
831 2697 931 2731 quibus

147 2745 343 2780 reputabuntur
366 2742 540 2771 credentibus
559 2743 584 2770 in
602 2750 675 2776 eum,
695 2743 739 2778 qui
761 2741 854 2770 Jesum
879 2742 932 2769 Do-

190 2859 276 2886 ‘Lue.
295 2866 323 2891 ll,
341 2857 381 2886 ll.
421 2859 431 2873 ⁸
443 2857 508 2885 ibid.
524 2857 565 2885 1‘2.
613 2858 623 2874 ⁸
636 2858 695 2886 Acl.
711 2865 736 2891 Χ,
752 2858 795 2886 ὖΰ,
847 2859 867 2875 ¹⁰
881 2858 945 2886 Luc.
965 2867 970 2886 l

971 238 1101 271 Θεοτόκος
1116 240 1131 274 ὴ
1145 238 1284 274 Παρθένος
1297 237 1453 272 ὠνόμασται
1464 246 1471 270 ;
1483 236 1658 263 ἀκουέτωσαν
1668 235 1766 269 σαφῶς

970 284 1050 310 τοῦτο
1069 283 1116 310 τοῦ
1132 284 1248 319 ἀγγέλου
1270 285 1328 314 τοῖς
1351 283 1479 318 ποιμέσιν
1504 281 1764 317 εὐαγγελιζομένου,

971 331 1018 357 καὶ
1032 329 1158 364 λέγοντος
1170 350 1177 362 ,
1196 339 1205 356 ‹
1224 330 1285 356 ’Ότι
1306 329 1403 364 ἐτέχθη
1420 329 1485 364 ὑμῖν
1507 329 1627 364 σήμερον
1642 327 1740 362 Σωτὴρ
1755 345 1764 357 ,

970 377 998 409 ὃς
1013 377 1085 404 εστιν
1101 377 1217 412 Χριστὸς
1228 375 1341 411 Κύριοςο
1356 386 1365 402 ι
1381 377 1412 402 οὐ
1427 375 1502 409 λέγει
1513 375 1605 407 δὲ,“ος
1618 374 1695 400 ἔσται
1705 374 1766 400 Κύ-

971 423 1074 459 ριος,ἦ,
1093 423 1136 449 Ἐν
1147 419 1169 457 ᾧ
1183 422 1305 457 όΚύριος
1316 422 1468 458 ὲνοικήσειν
1484 420 1585 456 μέλλει,
1600 419 1668 451 ἀλλ’,
1684 428 1692 444 ι
1711 419 1765 449 ”Ος

971 472 1044 497 ἐστιν
1055 469 1166 504 Κύριος.
1184 479 1193 495 ι
1217 469 1292 496 Ἰίδοὺ
1308 469 1397 495 τοίνυν
1409 467 1512 503 Κύριον
1523 466 1648 501 φανερῶς
1662 465 1708 491 τὸν
1719 473 1767 490 τε·

971 516 1069 551 χθέντα
1085 517 1099 542 ὁ
1113 516 1229 550 ἄγγελος
1251 514 1476 549 εὐαγγελίζεται·
1501 511 1560 540 εἶτα
1578 513 1625 539 καὶ
1647 512 1766 547 σημεῖον

971 561 1065 597 ὥσπερ
1088 563 1181 593 αὐτοῖς
1205 562 1256 597 τῆς
1284 561 1331 588 τοῦ
1347 562 1451 597 Κυρίου
1480 560 1544 592 θέας
1564 559 1767 595 παρεχόμενος,

973 608 1146 644 «Εὑρήσετε,
1172 608 1268 642 φησιν,
1297 608 1396 643 βρέφος
1418 606 1684 642 ἐσπαργανωμένον,
1715 604 1769 631 καὶ

971 654 1096 689 κείμενον
1111 655 1140 682 ὲν
1154 655 1253 690 φάτνῃ.
1272 664 1282 680 ›
1300 653 1486 689 Παραπλήσιὰ
1497 661 1526 679 τε
1541 651 1580 688 τῷ
1593 651 1702 686 ἀγγέλῳ
1717 651 1769 677 καὶ

970 700 985 726 ὁ
996 700 1097 735 Πέτρος
1108 700 1260 735 κηρύττων,
1270 700 1315 726 ὅτε
1323 700 1392 735 πρὸς
1404 699 1450 726 τὸν
1462 698 1611 734 Κορνήλιον
1623 697 1765 732 εἰσῆλθεν,

971 745 1062 780 ἔλεγεν
1073 754 1079 760 ·
1104 756 1113 772 ι
1131 746 1184 772 Τὸν
1200 745 1280 778 λόγον
1297 745 1459 772 ἀπέστειλεν
1480 746 1537 775 τοῖς
1552 744 1619 775 υἱοῖς
1642 741 1766 778 Ἰσραὴλ,

972 790 1217 826 εὐαγγελιζόμενος
1234 791 1347 826 εἰρήνην
1362 791 1406 818 διὰ
1422 789 1511 825 Ἰησοῦ
1531 788 1650 825 Χριστοῦ
1661 796 1668 803 ·
1684 783 1769 818 οὗτός

973 837 1031 864 ἔστι
1048 837 1150 872 Κύριος
1174 836 1294 864 πάντων.
1311 846 1320 863 ι
1345 837 1425 872 Ὁρᾷς
1446 836 1504 868 πῶς
1527 835 1572 861 τὸν
1595 835 1685 869 λόγον,
1704 833 1768 860 ἀντὶ

973 881 1019 908 τοῦ
1039 882 1070 908 τὸ
1088 882 1223 917 σωτήριον
1245 882 1378 917 κήρυγμα
1394 881 1438 907 διὰ
1457 880 1544 915 Ὶησοῦ
1569 879 1689 916 Χριστοῦ
1711 879 1768 908 ἀπ-

972 926 1101 954 εστάλθαι
1117 926 1199 961 φησίς
1214 927 1261 953 καὶ
1278 926 1387 958 δεικνὺς
1415 926 1507 958 αὐτοῖς
1529 926 1571 957 τίς
1594 925 1637 961 εἴη
1661 924 1768 959 Ἰησοῦς

972 973 1099 1008 Χριστὸς,
1112 982 1120 998 ι
1134 969 1219 1004 Οὗτός
1232 974 1315 1003 ἐστιν,
1327 971 1391 1007 ἔφη,
1406 972 1516 999 πάντων
1526 972 1641 1007 Κύριος.
1651 980 1660 997 ι
1682 970 1769 1006 Ὁρᾷς

971 1019 1002 1045 τὸ
1016 1018 1125 1054 βρέφος,
1140 1019 1244 1054 Κύριον
1258 1019 1303 1045 καὶ
1320 1019 1372 1046 ὑπὸ
1385 1019 1432 1046 τοῦ
1448 1018 1575 1053 ἀγγέλου,
1591 1017 1638 1044 καὶ
1653 1017 1707 1043 ὑπὸ
1719 1016 1768 1042 τοῦ

973 1065 1077 1100 Πέτρου
1095 1065 1144 1101 [ita
1160 1070 1273 1100 uterque
1286 1065 1369 1092 codex
1379 1065 1438 1092 sine
1451 1064 1547 1100 verbo]
1559 1073 1566 1098 ;
1579 1063 1686 1091 Οὐκοῦν
1698 1063 1768 1089 Θεο-

971 1111 1051 1143 τόκος
1066 1110 1259 1146 ἀναμφιϐόλως
1274 1111 1290 1146 ἡ
1305 1111 1352 1138 τὸν
1366 1111 1468 1145 Κύριον
1481 1111 1646 1145 γεννήσασα.
1669 1109 1767 1140 Οὕτως

973 1158 1059 1193 αὐτὴν
1081 1158 1161 1193 καὶὴ
1187 1157 1234 1184 τοῦ
1259 1159 1397 1193 μακαρίου
1420 1157 1572 1185 Βαπτιστοῦ
1600 1158 1692 1193 μήτηρ
1712 1156 1766 1183 ὑπὸ

973 1204 1132 1239 Πνεύματος
1144 1204 1222 1238 ἁγίου
1237 1204 1384 1239 κινουμένη
1398 1205 1632 1240 προσηγόρευσεν·
1646 1213 1655 1229 ι
1669 1203 1768 1236 Ἐπλή-

976 1250 1027 1286 σθη
1047 1250 1113 1286 γὰρ,
1131 1251 1225 1285 φησὶν,
1239 1251 1256 1286 ἡ
1279 1250 1420 1277 Ἐλισάϐετ
1438 1250 1598 1286 Πνεύματος
1618 1250 1708 1284 ἁγίου,
1719 1249 1767 1275 καὶ⁸

973 1297 1136 1332 ἀνεϐόησεν·
1154 1297 1332 1332 Εὐλογημένη
1348 1297 1380 1323 σὺ
1402 1298 1431 1323 ὲν
1455 1297 1574 1331 γυναιξὶ,
1590 1296 1636 1323 καὶ
1650 1296 1767 1330 εὐλογη-

975 1343 1055 1379 μένος
1066 1343 1080 1369 ὁ
1091 1343 1196 1379 καρπὸς
1206 1343 1255 1377 τῆς
1267 1342 1372 1374 κοιλίας
1384 1351 1442 1369 σου*
1457 1343 1503 1369 καὶ
1518 1342 1600 1368 πόθεν
1616 1350 1661 1377 μοι
1673 1340 1765 1372 τοῦτο,

973 1389 1018 1415 ἵνα
1037 1389 1054 1424 ὴ
1081 1389 1172 1424 μήτηρ
1191 1388 1239 1415 τοῦ
1253 1389 1357 1424 Κυρίου
1378 1397 1428 1424 μου
1446 1389 1511 1424 ἔλθῃ
1529 1388 1597 1422 πρός
1616 1396 1665 1423 με;
1685 1397 1694 1413 ι
1717 1387 1766 1419 Τίς

975 1436 1021 1461 ἐπὶ
1045 1434 1171 1462 τοσοῦτον
1193 1435 1325 1470 μέμηνεν,
1353 1435 1391 1467 ὡς
1409 1435 1445 1470 μὴ
1460 1435 1604 1470 βούλεσθαι
1623 1434 1693 1469 μετά
1712 1434 1766 1460 τῶν

975 1481 1151 1516 Εὑαγγελίων
1174 1481 1307 1509 Θεοτόχον
1321 1482 1470 1508 ἀποκαλεῖν
1486 1481 1535 1517 τὴν
1560 1481 1640 1516 ἁγίαν
1657 1480 1765 1516 Παρθέ-

976 1537 1038 1561 νον;
1062 1527 1108 1563 Μὴ
1120 1528 1208 1554 τοίνυν
1223 1527 1278 1554 τῶν
1289 1528 1490 1563 ἀκεραιοτέρων
1508 1528 1557 1559 τὰς
1571 1527 1655 1559 ἀκοὰς
1684 1527 1766 1562 θορυ-

977 1574 1121 1607 ϐείτωσαν,
1140 1573 1246 1601 παιδίον
1270 1574 1317 1600 καὶ
1339 1573 1438 1610 βρέφος
1453 1573 1650 1609 ὀνομάζοντες,
1665 1573 1709 1600 ἴνα
1730 1572 1768 1607 μὴ

977 1619 1037 1644 κατ’
1054 1618 1143 1653 ὀλίγον
1159 1618 1208 1645 καὶ
1232 1619 1322 1645 πᾶσαν
1337 1618 1421 1645 αὑτοῦ
1442 1619 1491 1653 τὴν
1512 1619 1660 1653 ἐπιδημίαν
1683 1618 1768 1653 ἀρνή-

978 1673 1092 1691 σωνται·
1111 1665 1268 1701 ὠνόμασται
1295 1665 1349 1701 γὰρ
1374 1664 1475 1701 βρέφος
1498 1665 1551 1692 ὑπὸ
1566 1664 1613 1691 τοῦ
1638 1663 1767 1698 ἀγγέλου,

977 1711 1034 1737 ἀλλ’
1050 1711 1108 1747 ἅμα
1125 1711 1172 1738 καὶ
1186 1711 1299 1748 Κύριος.

1012 1777 1062 1803 κδ’.
1082 1777 1152 1812 Μηδ¹
1168 1777 1197 1803 ὲν
1209 1776 1296 1812 τούτῳ
1309 1776 1338 1803 δὲ
1351 1776 1432 1803 πάλιν
1441 1775 1660 1811 ψιθυριζέτωσαν
1673 1783 1704 1802 το
1719 1780 1770 1801 παι

978 1823 1023 1854 θος
1040 1823 1267 1859 προόαλλόμενοι,
1283 1822 1330 1850 καὶ
1346 1823 1396 1858 τὴν
1411 1822 1570 1853 ἀνάστασιν,
1587 1822 1633 1848 καὶ
1647 1822 1689 1847 ὅτι
1702 1820 1770 1852 Θεὸς

978 1869 1060 1896 αὑτὸν
1077 1869 1186 1904 ἤγειρεν
1197 1876 1204 1884 ⁸
1219 1868 1270 1904 ήδη
1288 1869 1337 1904 μὲν
1350 1868 1405 1904 γὰρ
1417 1868 1465 1894 καὶ
1476 1869 1505 1894 ὲν
1517 1869 1573 1899 τοῖς
1586 1866 1769 1902 προλαϐοῦσιν

978 1915 1167 1942 ἀποδέδεικται
1185 1915 1236 1950 τῆς
1257 1915 1413 1949 οἰκονομίας
1435 1915 1449 1940 ὁ
1476 1914 1563 1948 λόγος.
1581 1913 1654 1947 Πλὴν
1681 1913 1705 1938 εί
1721 1912 1769 1939 καὶ

979 1961 1169 1997 φανερώτερον
1185 1961 1331 1996 μανθάνειν
1342 1960 1492 1995 βούλονται,
1509 1960 1551 1991 τίς
1561 1961 1575 1986 ό
1591 1958 1770 1995 ἐσταυρωμέ-

978 2016 1023 2039 νος
1035 2007 1170 2043 ὑπῆρχεν,
1189 2004 1365 2033 ἀκουέτωσᾶν
1382 2006 1430 2033 τοῦ
1448 2007 1497 2041 τῆς
1513 2005 1676 2040 οἰκουμένης
1695 2004 1768 2031 διδα-

979 2054 1104 2085 σκάλου,
1131 2053 1210 2080 τοῦτο
1239 2052 1395 2088 Κορινθίοις
1421 2051 1642 2082 ἐπιστέλλοντος·
1669 2060 1678 2076 ι
1699 2049 1770 2083 Ἐγὼ

978 2099 1044 2135 γὰρ,
1057 2100 1135 2134 φησι,
1148 2099 1303 2135 παρέλαϐον
1315 2098 1369 2125 ἀπὸ
1382 2097 1429 2124 τοῦ
1441 2098 1555 2132 Κυρίου,
1564 2097 1611 2123 καὶ
1622 2096 1771 2131 παρέδωκα

979 2147 1054 2181 ὑμῖν,
1070 2147 1111 2173 ὅτι
1134 2147 1148 2172 ὁ
1166 2145 1268 2181 Κύριος
1294 2144 1399 2179 Ἰησοῦς
1415 2146 1448 2179 τῇ
1469 2144 1546 2170 νυκτὶ
1600 2142 1770 2177 παρεδίδοτο,

979 2194 1074 2221 Eietch
1089 2194 1181 2228 ἄρτον,
1193 2203 1201 2218 ι
1214 2193 1260 2219 καὶ
1274 2193 1308 2219 τὰ.
1322 2192 1395 2227 ἑξῆς.
1414 2191 1533 2226 Θεωρεῖς
1549 2189 1595 2216 τὸν
1609 2189 1680 2224 ὑπὲρ
1692 2187 1770 2223 ἡμῶν

980 2240 1114 2273 παθόντα,
1131 2240 1234 2275 Κύριον
1258 2238 1382 2274 φανερῶς
1399 2237 1617 2273 κηρυττόμενον;
1633 2236 1665 2262 Εἰ
1682 2234 1712 2261 δὲ
1724 2234 1772 2260 καὶ

979 2287 1020 2319 τὸ,
1041 2297 1049 2312 ι
1061 2287 1090 2314 '0
1104 2286 1171 2318 Θεὸς
1187 2286 1270 2312 αὑτὸν
1292 2286 1402 2320 ἤγειρεν
1418 2285 1450 2310 ἐκ
1463 2283 1579 2318 νεκρῶν,
1595 2291 1603 2307 ι
1625 2280 1771 2307 σκανδαλί-

981 2333 1021 2366 ζει
1032 2333 1096 2364 τοὺς
1115 2331 1288 2366 ἀνθρώπους,
1308 2331 1346 2362 ὠς
1366 2330 1431 2364 περὶ
1445 2328 1592 2364 ἀνθρώπου
1612 2328 1771 2362 λεγόμενον,

981 2378 1065 2406 αὑτοῦ
1080 2377 1162 2404 πάλιν
1179 2377 1224 2404 τοῦ
1241 2376 1405 2403 Ἀποστόλον
1417 2375 1464 2402 καὶ
1479 2374 1580 2409 ταύτην
1596 2373 1772 2400 ἁκουέτωσαν

981 2423 1155 2459 ἀναιροῦντος
1170 2422 1218 2457 τὴν
1237 2422 1363 2448 ὑπόνοιαν
1375 2430 1381 2436 '
1399 2419 1579 2454 οἰκονομικῶς
1599 2419 1653 2454 γὰρ
1667 2419 1701 2446 τὰ
1718 2427 1772 2444 τοι-

981 2469 1050 2496 αῦτα
1059 2469 1087 2495 ὲν
1100 2469 1160 2499 ταῖς
1175 2467 1267 2501 ἁγίαις
1275 2466 1384 2503 εἴρηται
1391 2466 1590 2502 Γραφαῖς.”υτι
1603 2465 1658 2499 γὰρ
1669 2464 1772 2500 Κύριος

979 2513 1013 2550 ἦν
1025 2516 1038 2542 ὸ
1045 2516 1078 2550 τῇ
1089 2514 1170 2550 σαρκὶ
1180 2514 1228 2541 καὶ
1236 2513 1348 2548 πάσχων
1357 2513 1404 2540 καὶ
1412 2513 1601 2547 ἀνιστάμενος,
1608 2511 1656 2538 καὶ
1664 2511 1724 2545 οὐχ,
1734 2510 1772 2542 ὡς

979 2560 1056 2588 αὺτοί
1065 2569 1156 2594 φασιν,
1164 2559 1212 2586 ἀνθ
1216 2568 1305 2594 ρωπος
1312 2559 1447 2593 ἐνοίκησιν
1453 2558 1522 2593 ἔχων
1530 2557 1577 2584 τοῦ
1588 2557 1687 2591 Λόγου,
1695 2557 1772 2583 ἀκου-

980 2607 1083 2633 έτωσαν
1093 2606 1140 2633 τοῦ
1150 2605 1256 2633 Παύλου
1265 2605 1411 2640 Ῥωμαίοις
1419 2605 1490 2631 οὕτω
1502 2603 1646 2639 παρρησίᾳ
1657 2604 1772 2638 γράφον-

980 2661 1025 2685 τος
1034 2653 1098 2688 περὶ
1109 2652 1157 2678 τοῦ
1175 2652 1300 2687 Ἀΰραάμ
1310 2660 1316 2666 ·
1332 2662 1341 2677 ι
1354 2651 1411 2678 Οὐκ
1419 2651 1525 2686 ὲγράερη
1536 2650 1569 2676 δι’
1577 2650 1660 2676 αὑτὸν
1680 2650 1770 2684 μόνον,

982 2699 1050 2726 ἀλλὰ
1059 2700 1106 2725 καὶ
1114 2699 1148 2725 δι’
1155 2699 1240 2734 ἡμᾶς,
1248 2696 1288 2729 οἷς
1297 2697 1388 2733 μέλλει
1397 2697 1553 2732 λογίζεσθαι
1561 2697 1619 2727 τοῖς
1628 2695 1771 2722 πιστεύου-

983 2755 1024 2772 σιν
1040 2745 1086 2772 Eni.
1103 2745 1149 2771 τὸν
1164 2744 1311 2780 ἐγείραντα
1328 2743 1433 2779 Ἰησοῦν
1450 2743 1496 2769 τὸν
1517 2741 1621 2778 Κύριον
1644 2741 1725 2776 ἡμῶν
1739 2741 1770 2767 ὲκ

976 2879 982 2891 ,
1004 2858 1093 2886 llJS.
1135 2857 1176 2884 “l
1196 2857 1257 2886 Cor.
1277 2865 1314 2891 xi,
1330 2857 1375 2884 Ξῖ).
1416 2857 1436 2872 ¹²
1451 2855 1510 2883 Act.
1527 2862 1556 2888 ιι,
1574 2853 1619 2882 2i.
