1886 3056
74 135 128 167 ἐἴη

642 142 738 176 QUOD
758 143 789 171 B.
810 143 920 172 MARIA
942 143 995 172 SlT
1017 143 1177 172 DEIPARA.

1673 147 1726 175 936

78 195 193 232 νεκρῶν.
213 205 222 221 ι
239 197 389 230 Ἤκουσας
411 199 458 227 τὸν
473 200 663 236 ἐγειρόμενον,
675 201 779 237 Κύριον
796 211 876 238 προσ-

956 202 1041 231 linum
1066 208 1190 231 nostrum
1212 209 1227 230 e
1247 202 1363 230 mortuis
1375 202 1517 230 suscitavit
1535 202 1569 229 ".
1590 212 1599 228 ι
1619 202 1725 230 Audisti

80 242 284 278 αγορευόμενον
297 251 304 276 ;
321 245 433 280 Μηκέτι
448 246 624 278 σκανδαλίζου
638 247 685 273 ἐπὶ
703 249 759 280 τοῖς
778 249 882 276 οἰκονο-

84 288 169 324 μικῶς
186 287 363 324 λεγομένοις.

90 412 93 415 _
116 382 164 406 κε’.
177 379 234 406 Καὶ
253 379 337 407 τοῦτο
347 381 374 408 δὲ
383 382 439 412 τοῖς
452 382 608 417 εἰρημένοις
619 384 777 420 προσθεῖναι
797 386 879 420 ἀναγ-

83 427 158 452 καῖον
172 426 305 461 ὑπάρχει,
324 427 369 453 ἵνα
385 429 421 463 μή
433 437 474 460 τις
490 429 615 466 ὑπολάΰῃ
628 431 720 466 χάριτι
729 431 777 457 καὶ
787 432 880 466 αὑτὸν,

82 472 211 507 καθάπερ
225 473 314 508 ἡμᾶς.
333 473 402 500 Θεὸν
420 474 467 500 καὶ
486 474 589 511 Κύριον
603 476 650 502 καὶ
663 476 728 503 Υίὸν
742 486 879 513 προσαγο-

83 518 244 554 ρευόμενον.
269 519 367 554 Ἡμεῖς
385 520 434 555 μὲν
449 520 503 555 γὰρ
521 522 546 547 εἰ
565 522 613 548 καὶ
628 522 786 558 καλούμεθα
811 524 878 556 θεοὶ,

81 565 150 592 ἀλλὰ
170 565 256 592 πάλιν
281 565 421 602 ἀκούομεν
444 567 491 594 καὶ
512 568 562 603 τῆς
585 568 728 601 ἀσθενείας
748 569 826 605 ἡμῶν
850 570 881 596 τὸ

83 613 184 649 μέτρον
196 621 204 629 ο
225 622 235 639 ι
256 611 328 646 Ἐγὼ
343 611 398 647 γὰρ
414 610 489 644 εἶπα,
507 614 585 648 φησὶ,
597 613 659 641 Θεοί
676 615 749 647 ὲστε,
765 615 811 641 καὶ
826 615 881 641 υἱοὶ

86 658 232 693 Ὑψίστου·
251 667 262 684 ν
278 657 336 684 ἀλλ’
353 657 456 690 εὐθέως
471 659 569 692 ἐπάγει
579 667 586 674 ·
604 669 614 684 ί
630 659 725 694 Ὑμεῖς
740 660 768 686 δὲ
783 660 820 691 ὡς
833 660 880 688 ἄν-

81 705 191 740 θρωποι
211 704 417 739 ἀποθνήσκετε·
434 714 443 729 ι
461 705 509 731 καὶ
522 704 601 740 δῆλον
620 704 659 737 ὡς
675 705 724 742 τὴν
740 714 878 741 προσηγο-

82 752 145 787 ρίαν
170 751 244 778 κατὰ
260 750 343 786 χάριν
360 751 535 786 ἐσχήκαμεν·
554 751 636 783 αὐτὸς
657 752 687 778 δὲ
708 752 758 787 οὐχ
780 752 877 785 οὓτως,

82 796 151 824 ἀλλὰ
172 796 243 831 μετὰ
264 796 316 831 τῆς
336 795 507 831 θεοπρεποῦς
537 796 616 831 δόξης
645 797 693 823 καὶ
722 798 771 833 τὴν
794 806 878 833 προσ-

81 844 200 879 ηγορίαν
216 842 286 877 ἔχει.
309 842 442 869 Καλείται
457 843 512 878 γὰρ
536 842 586 877 οὐχ
609 842 701 875 ἁπλῶς
717 843 793 875 Θεὸς,
810 843 878 870 ἀλλὰ

81 890 148 921 Θεὸς
166 889 216 914 ἐπὶ
234 889 356 920 πάντων,
377 887 425 914 καὶ
441 888 589 923 εὐλογητὸς
604 890 644 920 είς
671 889 734 920 τοὺς
756 889 858 921 αἰῶνας
870 897 876 904 ·
894 889 915 917 Β

82 935 207 963 καλεῖται
221 934 249 961 δὲ
263 934 345 961 πάλιν
365 934 414 961 καὶ
437 934 551 970 Κύριος,
567 935 619 961 οὔκ
643 934 755 970 ὀνόματι
784 936 876 971 μόνον,

82 981 178 1015 ὥσπερ
199 981 291 1015 ἡμεῖς,
309 979 378 1006 ἀλλὰ
403 979 506 1014 Κύριος
520 979 571 1014 τῆς
596 980 685 1016 δόξης,
704 981 752 1007 καὶ
774 981 877 1017 Κύριος

82 1028 206 1058 πάντων,
229 1026 267 1057 ὡς
283 1027 298 1052 ὁ
325 1026 430 1061 Πέτρος
451 1026 586 1059 ἐδίδαξεν·
608 1026 756 1062 λεγόμενος
779 1027 806 1054 δὲ
829 1029 877 1055 καὶ

82 1073 157 1105 Υἱὸς,
175 1073 237 1100 οὐδὲ
261 1071 344 1099 τοῦτο
361 1072 490 1108 καθάπερ
505 1073 586 1108 ἡμεῖς
604 1073 699 1105 ἁπλῶς
714 1073 784 1106 υίὸς,
807 1074 877 1101 ἀλλὰ

82 1120 147 1152 Υίὸς
175 1120 269 1155 μόνος,
294 1121 341 1146 καὶ
366 1119 492 1155 ἀληθινὸς
517 1119 707 1151 κατόὺσίαν,
728 1119 766 1151 ὦς
794 1129 876 1156 φησιν

88 1167 234 1202 Ἰωάννης·
250 1176 259 1192 ι
274 1166 330 1193 Καὶ
345 1166 428 1201 ἐσμὲν
445 1166 473 1192 ἐν
494 1165 533 1201 τῷ
552 1165 673 1201 ἀληθινῷ
695 1166 765 1202 Θεῷ,
781 1167 827 1193 καὶ
847 1168 877 1194 ἐν

80 1212 119 1247 τῷ
134 1211 192 1247 Υἱῷ
207 1212 307 1239 αὐτοῦ·
324 1208 401 1243 οὗτός
413 1212 485 1238 ἐστιν
500 1213 513 1238 ὁ
528 1212 657 1247 ἀληθινὸς
669 1212 747 1244 Θεὸς,
759 1213 806 1240 καὶ
819 1213 876 1248 ζωὴ

81 1258 202 1289 αἰώνιος.
215 1267 224 1284 ι
241 1257 433 1293 Φανερώτερον
449 1258 477 1284 δὲ
493 1257 588 1284 τοῦτον
603 1258 617 1284 ὁ
631 1258 781 1291 ἀπόστολος
800 1259 875 1285 Παῦ-

80 1304 124 1335 3.1;
137 1305 193 1331 ἀπὸ
207 1303 261 1331 τῶν
277 1304 383 1331 πολλῶν
395 1304 506 1339 διορίζει
521 1304 560 1336 ὡς
575 1304 656 1340 μόνον
668 1305 796 1332 καὶκατὰ
807 1305 875 1341 ἁλή-

81 1351 159 1378 θειαν
169 1351 234 1378 Υίόν
247 1359 254 1365 ”
270 1351 346 1385 λέγει
359 1350 414 1385 γὰρ
424 1350 524 1383 οὓτως·
543 1360 552 1376 ι
571 1351 628 1378 Καὶ
644 1350 698 1387 γὰρ
712 1352 791 1388 εἴπερ
806 1352 875 1379 είσὶν

80 1397 224 1433 λεγόμενοι
240 1397 307 1429 οεοὶ,
325 1397 380 1424 εἴτε
403 1398 432 1424 ὲν
447 1397 564 1433 οὐρανῷ,
589 1398 644 1424 εἴτε
667 1399 714 1425 ἐπὶ
739 1400 790 1434 τῆς
810 1399 874 1434 γῆς,

81 1443 176 1479 ὥσπερ
190 1444 262 1470 εἰσὶν
287 1443 344 1470 θεοὶ⁵
371 1443 465 1470 πολλοῖ¹
494 1444 542 1470 καὶ
570 1443 662 1479 κύριοι
683 1443 777 1471 πολλοὶ
795 1445 874 1479 λεγό‹

82 1499 167 1525 μενοι·
185 1499 195 1515 ›
213 1490 295 1516 πάλιν
311 1490 356 1516 ἵνα
368 1489 418 1525 [ita
433 1489 519 1517 codex
537 1489 664 1525 uterque]
680 1491 754 1525 νοῇς,
772 1500 781 1516 ι
801 1491 875 1517 Ἀλλ’

80 1538 146 1573 ἡμῖν
159 1534 201 1568 εἷς
211 1536 278 1567 Θεὸς
294 1537 308 1563 ὁ
325 1536 419 1572 Πατὴρ
434 1536 464 1569 es
482 1532 514 1563 οὗ
529 1536 564 1562 τὰ
579 1536 679 1568 πάντα,
693 1536 740 1563 καὶ
757 1533 797 1568 εἷς
816 1537 874 1563 Κύ-

81 1592 138 1620 ριος
154 1583 261 1619 *Ιησοῦς
276 1583 396 1618 Χριστὸς
407 1583 440 1610 δι’
455 1579 485 1610 οὗ
496 1583 530 1610 τὰ
547 1582 647 1610 πάντα.
666 1591 674 1608 ι
695 1582 779 1618 Ὁρᾷς
795 1583 832 1614 ὡς
844 1583 874 1610 οὐ

83 1630 153 1666 μετὰ
170 1630 282 1657 πάντων
293 1630 377 1661 αὐτὸς
391 1630 493 1666 Κύριος
509 1629 603 1665 ἢΘεὸς
620 1628 793 1664 ὀνομάζεται,
807 1629 876 1656 ἀλλὰ

84 1677 161 1713 μόνος
173 1676 212 1712 τῷ
225 1677 313 1712 “arpi.
326 1676 527 1710 συνδοξάζεται,
541 1675 579 1708 ὡς
591 1675 622 1708 ἐξ
638 1674 721 1702 αὺτοῦ
737 1675 808 1702 κατὰ
824 1675 875 1710 φύ-

83 1732 124 1750 σιν
141 1723 275 1758 ὑπάρχων
286 1731 294 1755 ;

115 1768 172 1802 κς’.
193 1769 298 1804 Καιρὸς
310 1768 340 1795 δὲ
354 1768 458 1800 λοιπὸν,
476 1768 524 1795 καὶ
543 1767 593 1804 τὴν
614 1767 712 1803 ἑτέραν
727 1767 774 1794 τοῦ
795 1768 876 1794 Ἀπο-

83 1816 173 1843 στόλου
195 1815 352 1851 μαρτυρίαν
369 1816 409 1847 εἰς
427 1815 509 1850 μέσον
521 1816 704 1851 παραγαγεῖν,
722 1814 816 1841 τοῦτον
830 1814 875 1841 τὸν

82 1861 207 1897 ἀληθινὸν
226 1861 293 1887 Θεὸν
307 1861 385 1897 [Θεὸν
401 1862 478 1888 abest
502 1861 535 1888 ab
546 1869 601 1888 uno
618 1869 632 1888 e
643 1860 794 1895 codicibus]
811 1860 875 1887 Υἱὸν

81 1907 226 1934 δεικνῦσαν
239 1906 312 1941 [cod.
326 1912 440 1941 uterque
454 1906 572 1942 δεικνύς]
587 1906 729 1942 ἄνθρωπον
743 1903 813 1933 εἶναι
830 1906 876 1932 τὸν

81 1952 112 1978 ἐκ
135 1953 187 1987 τῆς
209 1951 429 1987 καλλιπαρθένου
455 1951 606 1986 τεχθέντα·
632 1952 688 1986 ἔχει
714 1951 743 1978 δὲ
769 1951 873 1983 οὕτως·

84 2009 94 2025 ι
109 2000 174 2025 Ὅτε
193 1999 222 2026 δὲ
232 1996 316 2033 ἦλθεν
327 1999 358 2024 τὸ
375 1998 514 2034 πλήρωμα
528 1998 576 2025 τοῦ
592 1998 701 2033 χρόνου,
717 1998 877 2030 ἐξαπέστει-

81 2046 125 2071 λεν
138 2046 153 2071 ὁ
163 2044 231 2076 Θεὸς
245 2044 292 2071 τὸν
306 2044 371 2071 Υἱὸν
389 2044 473 2071 αὐτοῦ
493 2035 639 2080 γενόμενον
654 2045 686 2070 ὲκ
700 2044 828 2078 γυναικός
838 2053 844 2058 ·
862 2053 872 2069 ι

83 2091 178 2126 μηδεὶς
201 2090 231 2117 δὲ
256 2089 337 2117 τοῦτο
357 2090 447 2124 λέγειν
471 2091 641 2126 ὲρυθριάτω·
667 2090 795 2125 οὐδεμίαν
820 2090 875 2126 γὰρ

82 2137 162 2172 ὓϐριν
180 2136 262 2164 τοῦτο
280 2136 320 2172 τῷ
335 2136 415 2172 Λόγῳ
429 2138 519 2172 φέρει,
537 2136 742 2172 φιλανθρωπίαν
763 2136 790 2163 δὲ
809 2136 876 2171 μᾶλ-

82 2184 136 2217 λον,
152 2184 202 2210 καὶ
225 2183 305 2216 δόξαν
329 2183 375 2210 διὰ
396 2184 476 2210 τοῦτο
498 2184 611 2220 ἄπειρον
631 2183 678 2210 καὶ
705 2183 874 2219 ἀμέτρητον.

935 257 997 276 eum
1011 249 1057 284 qui
1075 249 1225 276 suscitatus
1242 248 1471 281 fuit,-Dominum
1488 248 1672 284 appellatum?
1687 248 1725 276 Ne

933 303 1000 331 ergo
1026 303 1087 330 qme
1113 295 1262 323 secundum
1288 295 1520 330 dispensationem
1546 300 1611 323 sunt
1637 295 1722 327 dicta,

933 341 1065 369 seandalo
1082 340 1129 369 tibi
1144 341 1208 369 sint.

969 388 1016 414 25.
1029 387 1085 415 Sed
1097 387 1208 415 et-aliud
1222 388 1362 422 praedictis
1375 388 1530 415 necessario
1541 387 1723 422 adjiciendum

931 439 984 468 est,
999 441 1034 462 ne
1052 434 1113 470 quis
1134 434 1290 469 suspicetur
1317 435 1406 469 ipsum
1430 435 1561 470 gratiose,
1578 434 1652 462 sicut
1671 441 1721 460 no-

931 481 973 509 bis
987 481 1125 513 usuvenit,
1144 486 1171 508 et
1189 481 1273 508 Deum
1298 480 1384 508 fuisse
1395 480 1559 516 appellatum
1581 485 1606 507 et
1628 479 1722 506 Domi-

931 534 995 554 num
1008 532 1089 562 atque
1104 527 1214 554 Filium.
1236 526 1292 554 Nos
1306 527 1405 561 quippe
1425 526 1532 553 etiamsi
1549 525 1585 552 dii
1603 524 1722 560 appelle-

931 581 1002 608 mur,
1019 573 1105 600 nihilo
1119 577 1208 599 tamen
1225 573 1316 599 minus
1332 571 1500 599 inﬁrmitatis
1516 570 1596 598 simul
1619 575 1722 598 nostra:

930 619 1069 647 modulum
1090 618 1228 646 audimus.
1246 628 1254 644 ι
1275 617 1331 653 Ego
1347 617 1420 645 enim
1444 617 1519 651 dixi,
1538 616 1627 651 inquit
1645 615 1722 643 Psal‘

930 665 1076 698 mista,Dii
1100 665 1167 693 estis
1183 668 1210 692 et
1223 663 1357 690 Altissimi
1379 663 1426 690 ﬁlii
1443 662 1476 689 ¹⁵.
1494 672 1503 689 ι
1527 662 1579 690 Sed
1596 661 1721 696 protinus

929 710 1023 739 addit:
1035 720 1044 737 ι
1054 710 1109 738 Vos
1119 715 1211 737 autem
1224 714 1253 736 ut
1265 708 1390 736 homines
1401 714 1517 736 mortem
1530 707 1654 743 patimini
1663 707 1696 733 ".
1707 716 1718 733 ι

929 758 1011 786 Certe
1025 761 1134 785 constat
1149 756 1199 784 hac
1211 763 1260 783 nos
1277 754 1459 790 appellatione
1474 753 1584 782 nonnisi
1596 761 1643 788 per
1656 760 1720 787 gra-

929 804 994 831 tiam
1011 802 1074 830 frui.
1088 801 1147 829 Non
1161 801 1200 829 sic
1212 801 1280 835 ipse,
1298 800 1345 827 sed
1364 807 1425 827 cum
1443 799 1524 835 digna
1547 799 1604 826 Deo
1632 798 1719 834 gloria

929 857 1027 877 nomen
1042 855 1152 884 quoque
1169 847 1249 883 gerit.
1262 846 1383 874 Vocatur
1394 853 1446 873 non
1464 845 1627 880 simpliciter
1636 845 1719 877 Deus,

929 897 978 925 sed
997 903 1080 931 super
1093 895 1184 923 omnia
1210 893 1290 925 Deus,
1303 896 1330 919 et
1346 892 1507 920 benedictus
1529 891 1556 918 in
1571 891 1669 918 saecula
1684 891 1718 917 η.

928 942 1051 970 Vocatur
1065 942 1128 969 item
1145 940 1289 973 Dominus,
1302 947 1355 967 non
1370 938 1482 966 nomine
1501 942 1592 969 tenus,
1611 941 1641 963 ut
1657 943 1718 967 nos,

928 990 975 1017 sed
996 988 1091 1024 glorias
1109 987 1253 1019 Dominus,
1271 986 1459 1019 Dominusque
1479 984 1611 1016 omnium,
1629 987 1658 1009 ut
1670 983 1720 1010 Pe-

928 1042 988 1064 trus
1005 1035 1098 1062 docuit
1115 1035 1147 1061 ".
1162 1034 1267 1061 Dicitur
1283 1034 1365 1060 etiam
1376 1031 1480 1064 Filius;
1495 1036 1523 1057 at
1542 1038 1576 1056 ne
1589 1029 1640 1057 hoc
1656 1029 1719 1063 qui-

928 1082 989 1110 dem
1007 1086 1099 1108 utnos
1115 1080 1286 1114 simpliciter,
1309 1079 1357 1106 sed
1378 1078 1475 1105 unicus
1495 1076 1590 1108 Filius,
1607 1080 1634 1102 et
1652 1075 1719 1103 sub-

927 1128 1095 1156 stantialiter
1121 1134 1204 1153 verus
1218 1147 1225 1159 ,
1240 1132 1270 1153 ut
1288 1126 1327 1152 ait
1343 1124 1463 1152 Joannes
1481 1131 1489 1150 :
1505 1132 1514 1148 ι
1534 1122 1568 1149 Et
1581 1129 1674 1149 sumus
1690 1121 1718 1148 in

928 1182 993 1202 vero
1011 1174 1076 1206 Deo,
1098 1177 1126 1200 et
1143 1173 1169 1200 in
1190 1172 1260 1199 Filio
1279 1170 1347 1205 ejus.
1364 1169 1415 1198 Hic
1431 1177 1509 1197 verus
1524 1169 1596 1196 Deus
1618 1172 1670 1200 est,
1691 1172 1719 1194 et

927 1221 982 1248 vita
992 1225 1094 1248 {eterna
1107 1219 1142 1246 ’⁸.
1164 1229 1173 1245 ι
1194 1218 1362 1246 Manifestius
1380 1222 1470 1244 autem
1492 1216 1564 1243 hunc
1580 1215 1719 1250 apostolus

927 1267 1027 1295 Paulus
1042 1274 1056 1293 a
1072 1266 1165 1293 multis
1183 1265 1323 1297 discernit,
1339 1267 1432 1298 utpote
1446 1262 1534 1289 solum
1551 1267 1575 1288 et
1591 1268 1656 1288 vere
1672 1260 1719 1288 Fi-

928 1313 1003 1341 liutn.
1017 1313 1063 1340 Ait
1076 1313 1149 1340 enim
1165 1312 1205 1339 sic
1224 1320 1232 1338 :
1250 1320 1259 1337 ι
1277 1309 1346 1337 Nam
1361 1309 1412 1337 etsi
1432 1313 1497 1336 sunt
1519 1308 1565 1342 qui
1587 1307 1719 1334 dicuntur

927 1357 975 1390 dii,
990 1357 1048 1384 sive
1063 1357 1089 1383 in
1109 1356 1189 1388 cmlo,
1205 1356 1264 1383 sive
1280 1362 1364 1389 super
1379 1359 1494 1385 terram,
1519 1353 1599 1380 sicuti
1621 1359 1717 1379 revera

927 1408 990 1430 sunt
1015 1403 1051 1430 dii
1077 1402 1173 1434 multi,
1191 1406 1219 1428 ct
1238 1401 1314 1428 multi
1330 1401 1375 1435 qui
1390 1400 1518 1427 dicuntur
1532 1398 1633 1425 domini
1648 1397 1688 1430 ’9;
1705 1407 1717 1423 ι

927 1449 1017 1476 subdit
1032 1449 1206 1482 utintelligas
1217 1456 1223 1474 :
1236 1456 1245 1473 ι
1257 1446 1340 1474 Nobis
1358 1451 1447 1472 tamen
1461 1452 1532 1472 unus
1549 1444 1620 1471 Deus
1635 1442 1718 1470 Pater

927 1503 960 1523 ex
972 1503 1027 1529 quo
1042 1494 1144 1526 omnia,
1154 1499 1181 1521 et
1192 1501 1262 1521 unus
1279 1492 1412 1520 Dominus
1429 1490 1509 1518 Jesus
1527 1490 1655 1517 Christus
1669 1496 1718 1524 per

927 1548 1007 1576 quem
1027 1541 1117 1568 omnia
1131 1540 1163 1567 ’°.
1185 1549 1194 1565 ›
1211 1539 1318 1571 Cernis,
1339 1537 1410 1572 quod
1431 1545 1486 1565 non
1508 1544 1569 1564 cum
1590 1535 1718 1563 omnibus

927 1587 985 1622 ipse
1008 1586 1139 1614 Dominus
1164 1585 1207 1612 vel
1227 1585 1298 1612 Deus
1321 1584 1490 1616 nominatur,
1504 1582 1552 1609 sed
1570 1589 1639 1609 unus
1655 1589 1716 1608 cum

927 1634 1008 1662 Patre
1037 1632 1217 1668 gloriﬁcatur,
1246 1637 1376 1665 tanquam
1406 1637 1438 1657 ex
1467 1629 1527 1663 ipso
1554 1627 1719 1655 naturaliter

927 1677 1081 1707 exsistens?

944 1765 1008 1793 Δ26.
1029 1764 1159 1799 Superest
1185 1763 1310 1791 utaliud
1333 1763 1454 1797 Apostoli
1480 1761 1665 1789 testimonium
1689 1760 1717 1787 in

927 1813 1046 1839 medium
1062 1810 1244 1846 proferamus,
1263 1811 1335 1844 quod
1358 1810 1431 1837 hunc
1449 1816 1542 1836 verum
1564 1808 1649 1835 Deum
1676 1806 1718 1834 Fi-

926 1859 993 1886 lium
1010 1857 1130 1885 ostendit
1142 1864 1204 1883 esse
1218 1856 1368 1888 hominem,
1383 1863 1463 1890 quem
1479 1854 1588 1890 egregia
1611 1853 1717 1888 peperit

927 1904 1020 1938 Virgo.
1037 1903 1075 1930 lta
1095 1909 1161 1930 vero
1181 1909 1211 1929 se
1232 1901 1334 1928 habet:
1358 1910 1367 1926 ι
1387 1901 1455 1927 Cum
1481 1900 1555 1927 venit
1576 1899 1717 1934 plenitudo

928 1949 1069 1984 temporis,
1085 1948 1159 1976 misit
1180 1948 1254 1975 Deus
1278 1947 1376 1974 Filium
1393 1954 1471 1974 suum
1492 1945 1592 1973 factum
1607 1953 1639 1972 ex
1658 1953 1717 1972 mu-

927 1996 996 2024 liere
1008 1996 1041 2022 ¹¹.
1060 2005 1069 2021 ι
1087 1994 1227 2021 Neminem
1243 2001 1327 2028 porro
1342 1993 1393 2020 hoc
1405 1993 1498 2020 dicere
1512 1992 1627 2026 pudeat;
1644 1991 1716 2018 nulla

926 2042 998 2069 enim
1016 2041 1078 2068 hinc
1089 2041 1188 2076 injuria
1202 2039 1292 2067 Verbo
1308 2039 1349 2071 ﬁt,
1366 2038 1522 2073 benignitas
1540 2044 1603 2064 vero
1620 2036 1718 2072 1M1:

927 2087 1016 2122 potius
1037 2085 1164 2121 patescit,
1183 2089 1210 2112 et
1229 2084 1315 2119 gloria
1336 2083 1444 2110 inﬁnita
1461 2087 1544 2118 atque
1568 2082 1716 2109 immensu—

926 2133 1032 2160 rabilis.
1054 2131 1122 2158 Nam
1143 2131 1214 2165 quod
1240 2130 1307 2157 nihil
1330 2130 1394 2157 inde
1417 2128 1535 2156 Verbum
1560 2127 1714 2156 detrimenti

927 2179 1028 2214 capiat,
1043 2185 1104 2206 cum
1120 2178 1156 2205 sit
1173 2176 1336 2211 intangibile
1357 2181 1453 2209 suapte
1471 2179 1579 2207 natura,
1595 2174 1717 2208 impossi-

83 2230 144 2257 Ὀτι
158 2230 215 2265 γὰρ
227 2230 305 2256 οὐδὲν
322 2231 355 2256 ὲκ
368 2229 464 2256 τούτου
480 2231 494 2256 ὁ
506 2230 594 2264 Λόγος
611 2229 771 2261 ἐϐλάπτετο,
787 2229 874 2264 ἄψαυ-

956 2227 992 2259 le,
1008 2229 1036 2253 et
1059 2223 1326 2258 incircumscriptum
1341 2241 1349 2254 ,
1370 2222 1417 2249 sed
1430 2220 1561 2248 incll'abili
1581 2228 1629 2248 sua
1652 2227 1715 2255 erga

84 2284 144 2307 στος
160 2275 294 2311 ὑπάρχων
309 2274 358 2310 τὴν
376 2274 458 2309 φύσιν
475 2275 523 2301 καὶ
537 2274 645 2309 ἀπαθὴς
660 2275 707 2301 καὶ
720 2274 874 2310 ἀπερίγρα-

85 2330 142 2355 φος,
159 2321 274 2358 ἀρρήτῳ
290 2320 319 2346 δὲ
337 2320 528 2357 φιλανθρωπίᾳ.
550 2321 581 2347 τὸ
602 2321 719 2356 πρᾶγμα
736 2320 876 2356 διήνυσεν,

85 2368 164 2394 ἄκουε
181 2368 263 2394 πάλιν
289 2365 373 2393 αὐτοῦ
392 2367 439 2393 τοῦ
451 2366 558 2393 Παύλου
576 2365 655 2393 τοῦτο
683 2366 872 2398 διδάσκοντος·

89 2413 210 2450 ιἸησο-ῦς
225 2412 356 2449 Χριστὸς,
376 2412 468 2448 φησὶν,
481 2412 544 2448 χθὲς
561 2412 609 2439 καὶ
618 2412 750 2447 σήμερον,
761 2412 775 2438 ὁ
792 2412 875 2443 αὐτὸς

87 2460 131 2486 καὶ
141 2460 181 2492 είς
187 2459 370 2491 τοῦςαίῶνας·
377 2467 386 2483 ι
397 2458 427 2485 τὸ
436 2457 500 2493 γὰρ,
511 2457 586 2492 χθὲς,
593 2457 690 2490 λέγων,
697 2457 747 2492 τὴν
756 2456 875 2494 προαιώ-

86 2515 139 2533 νιον
150 2505 233 2532 αὑτοῦ
248 2504 378 2541 σημαίνει
391 2503 485 2537 δόξαν·
497 2503 528 2530 τὸ
542 2503 571 2530 δὲ
585 2504 716 2539 σήμερον,
727 2503 875 2535 ἐνεστῶτος

87 2551 180 2588 καιροῦ
203 2552 324 2578 ποιεῖται
344 2549 533 2585 σημαντικόν·
552 2549 599 2575 καὶ
619 2549 660 2575 ὃτι
684 2548 734 2574 οὐκ
755 2548 874 2583 ἐτράπη,

87 2599 139 2625 ἀλλ’
153 2598 195 2625 ὅτι
210 2599 225 2624 ὁ
237 2597 320 2628 αὐτὸς
335 2596 443 2631 ἔμεινεν
457 2595 503 2622 καὶ
517 2596 546 2621 ὲν
562 2595 646 2630 σαρκὶ
658 2594 814 2629 γενόμενος,
829 2594 876 2620 καὶ

88 2645 159 2671 ἔσται.
185 2644 228 2675 είς
241 2643 306 2674 τοὺς
319 2641 433 2674 αἰῶνας,
449 2641 601 2676 ἐπήγαγεν,
628 2650 637 2666 ι
651 2641 665 2667 ὁ
677 2640 759 2672 αὐτὸς
778 2639 826 2666 καὶ
837 2640 876 2671 είς

87 2691 146 2722 τοὺς
162 2689 276 2721 αἰῶνας.
291 2697 300 2714 t
317 2688 383 2715 Ὅτε
399 2687 489 2714 τοίνυν
496 2686 583 2713 ταῦτα
594 2686 680 2718 οὕτως
690 2686 755 2722 ἔχει,
779 2686 876 2721 φιλαν-

90 2736 191 2772 θρωπίᾳ.
214 2735 324 2771 μεγάλῃ
340 2733 391 2769 τὴν
420 2734 459 2764 εἰς
486 2733 559 2768 ἡμᾶς
578 2733 689 2768 ἀγάπην
713 2732 875 2766 ἐνεδείξατο,

126 2839 233 2866 “Rom.
252 2846 290 2870 ιν,
306 2838 353 2870 25,
370 2836 416 2863 24.
457 2836 478 2852 ιδ
492 2837 561 2864 Psat.
578 2844 670 2866 Lxxxt.
686 2836 712 2862 6.
753 2836 773 2851 "
785 2835 850 2863 ibid.
870 2836 876 2858 τ

126 2874 203 2899 lCnr.
217 2882 278 2899 vm.
298 2873 326 2899 5.
367 2872 390 2888 ³³
406 2871 468 2899 ibid.
487 2873 512 2899 6.
560 2873 581 2887 "
595 2871 682 2899 Galat.
700 2879 737 2899 tv.
757 2871 783 2898 4.
824 2872 846 2886 ¹¹
860 2870 876 2898 ll

956 2834 1048 2861 ‘Rom.
1065 2842 1102 2864 ix.
1122 2833 1148 2861 5.
1191 2833 1210 2849 "
1222 2832 1282 2860 Act.
1297 2840 1324 2864 κ,
1344 2831 1388 2859 56.

958 2878 1017 2899 xm.
1033 2871 1060 2897 8.

619 2877 682 2898 atat.
700 2879 737 2903 tv,
757 2877 783 2898 4.
824 2877 846 2886 "
860 2877 940 2898 ttenr.
958 2878 1017 2903 χιιι,
1033 2877 1060 2897 δ.

94 2874 203 2903 "lCor.
217 2882 278 2907 vni,
367 2872 390 2888 ’°
406 2871 468 2900 ibid.
487 2873 512 2899 6.

929 2271 1054 2299 homines
1072 2271 1195 2298 bonitate
1212 2269 1238 2296 id
1256 2268 1386 2299 eﬂecerit,
1405 2267 1467 2295 audi
1491 2274 1586 2294 rursus
1604 2265 1715 2293 Paulum

930 2319 982 2346 hoc
1007 2318 1169 2345 docentem:
1187 2324 1196 2341 ι
1216 2315 1296 2342 Jesus
1311 2314 1452 2347 Christus,
1481 2313 1588 2348 inquit,
1609 2312 1668 2339 heri
1690 2316 1718 2338 et

929 2363 1019 2397 hodie,
1036 2363 1105 2390 idctn
1114 2367 1141 2390 et
1152 2361 1179 2389 in
1197 2360 1295 2388 saecula
1312 2361 1346 2387 ".
1363 2369 1372 2385 ι
1388 2359 1456 2387 Cum
1471 2359 1538 2386 dicit
1553 2358 1624 2390 lteri,
1645 2365 1717 2384 sem-

930 2410 1063 2446 piternam
1085 2409 1143 2442 ejus
1160 2407 1226 2436 dicit
1250 2406 1375 2442 gloriam.
1406 2405 1494 2432 Hodie
1514 2412 1580 2432 vero
1598 2411 1718 2439 praesens

930 2461 1038 2492 tempus
1058 2455 1202 2489 signiﬁcat.
1227 2453 1261 2480 Et
1275 2452 1338 2488 quia
1362 2459 1499 2486 nunquam
1525 2455 1644 2478 mutatus
1663 2455 1716 2481 est,

930 2501 1055 2535 idemque
1072 2500 1174 2527 mansit
1188 2498 1270 2527 etiam
1284 2505 1348 2525 caro
1365 2498 1464 2528 factus,
1476 2496 1583 2530 eritque
1602 2496 1629 2522 in
1643 2499 1719 2523 mter-

929 2555 1004 2581 nnm,
1025 2546 1150 2574 addiditc
1170 2545 1239 2572 idem
1260 2548 1287 2571 et
1309 2544 1337 2571 in
1358 2542 1471 2570 sacula.
1495 2552 1504 2568 ›
1522 2541 1587 2575 Quae
1601 2549 1662 2569 cum
1681 2541 1719 2568 ita

929 2593 993 2626 sint,
1004 2600 1100 2627 magna
1115 2591 1216 2626 oppido
1231 2589 1400 2625 benignitate
1415 2588 1576 2616 charitatem
1589 2595 1652 2622 erga
1667 2594 1718 2614 nos

930 2647 1005 2666 suam
1026 2637 1238 2670 demonstravit,
1260 2643 1345 2670 seque
1370 2634 1584 2662 communicavit
1614 2637 1718 2660 natura:

930 2690 1040 2717 nostrae,
1058 2688 1088 2711 ιιι
1098 2691 1157 2710 eam
1174 2682 1319 2714 relevaret,
1337 2687 1419 2716 atque
1437 2688 1452 2708 a
1467 2679 1567 2707 diaboli
1587 2679 1719 2706 servitute

930 2731 1103 2760 subduceret.
1122 2730 1263 2758 Neminem
1289 2737 1354 2765 ergo
1375 2729 1486 2764 pudeat,
1514 2734 1576 2754 cum
1602 2733 1716 2761 puerum

1440 2829 1461 2846 "
1484 2828 1584 2857 lJoan.
1614 2836 1643 2861 v,
1669 2826 1716 2853 20.
