1886 3056
138 137 190 165 287

143 195 197 224 dici
213 195 290 224 audit
304 200 332 223 et
346 195 521 228 iniantulum,
536 199 565 223 et
584 194 718 232 quidquid
736 195 811 223 aliud
833 195 928 223 buma-
945 197 968 226 Δ

141 242 215 271 nitus
235 242 268 270 de
290 242 337 270 illo
355 243 486 277 scriptum
504 246 556 270 est.
573 241 678 269 Cuncta
693 241 768 270 enim
786 241 859 269 haud
876 242 932 274 sui.

142 289 190 316 sed
207 288 292 317 nostri
314 295 396 316 causa
413 287 562 320 sustinuit,
579 288 650 323 quod
677 288 825 316 humanam
849 291 932 315 natu-

144 343 201 361 ram
219 335 297 362 decet
324 334 425 368 ubique
440 341 617 367 conservans,
637 341 671 362 ne
691 333 762 362 forte
780 334 935 370 phantasia

143 378 232 405 instar
245 377 334 405 divina
350 377 517 413 dispensatio
530 378 744 407 existimaretur.

179 509 225 537 2⁸1.
245 508 330 543 igitur
345 517 407 537 cum
426 510 547 538 audieris
563 514 720 545 susceptum
737 518 800 539 eum
820 518 836 539 a
855 511 937 539 beato

146 556 263 591 Juseplto
278 556 306 583 in
318 555 466 591 Egyptum
474 556 585 591 fugisse,
593 564 637 589 ne,
645 564 748 592 quaeso,
758 557 936 594 ignominiam

147 603 173 630 id
196 610 257 630 esse
280 608 373 638 putes,
395 602 442 630 sed
466 604 557 637 potius
580 604 669 639 cogita
693 604 935 639 dispensationem.

147 648 204 676 Hoc
217 649 288 676 enim
303 655 357 675 non
373 653 436 675 tunc
448 649 636 676 tantummodo
648 648 682 676 de
694 656 727 676 eo
740 649 870 684 scriptum
883 654 936 683 est,

147 695 193 722 sed
207 695 289 722 etiam
304 702 366 722 cum
382 694 522 722 tricesimo
535 695 624 722 aetatis
636 702 708 722 anno
721 695 870 730 praedicare
882 702 939 723 ca:-

147 742 187 776 pit
200 745 228 768 et
241 741 349 775 docere,
366 749 398 769 ac
414 741 608 769 miraculorum
622 742 738 769 virtutes
751 747 871 777 patrare,
887 742 938 770 ile-

148 795 206 814 l‘lltn
220 787 278 815 lnec
289 788 323 815 de
332 795 364 815 eo
376 787 475 821 scripta
488 789 679 823 comperimus.
694 797 703 814 I
718 787 838 815 Audiens
848 788 920 815 enim
929 808 938 822 ,

148 836 252 870 inquit,
268 835 400 863 Joannem
420 835 505 864 fuisse
525 835 670 868 traditum,
688 836 801 863 secessit
819 835 845 862 in
862 835 938 863 Gali-

149 882 225 909 lmm
240 882 290 910 η.»
303 882 394 909 Etalia
402 881 767 916 bttjusmodidcprehendere
778 885 830 909 est.
838 881 937 910 Verum
955 883 976 912 Β

149 929 206 955 haec
221 928 293 955 baud
309 933 394 960 metu,
409 935 496 963 neque
511 932 575 955 tunc
589 935 677 962 neque
692 933 785 963 postea
801 928 876 960 fecit,
889 928 937 956 sed

148 975 211 1009 quia
226 979 333 1010 tempus
346 974 472 1002 idoneum
488 973 665 1009 exspectabat
677 974 791 1002 salutari
806 974 937 1009 passioni.

149 1020 298 1055 Oportebat
312 1021 384 1048 enim
401 1021 489 1056 primo
505 1021 685 1049 inclarescere
698 1020 938 1055 praedicationem,

149 1072 177 1095 et
195 1067 284 1095 omnia
302 1075 363 1102 qure
380 1067 540 1095 decreverat
557 1067 634 1099 iieri,
653 1074 687 1094 ac
704 1071 760 1093 tum
777 1065 885 1094 demum
904 1066 938 1094 ad

150 1113 296 1141 salutarem
311 1113 466 1148 passionem
477 1113 586 1146 venire;
599 1111 670 1147 quod
682 1116 710 1140 et
722 1119 818 1147 reapse
829 1110 938 1140 accidit.

150 1159 227 1193 Quod
246 1164 336 1186 autem
356 1166 409 1186 non
429 1157 653 1186 consternatione
672 1158 755 1185 animi
773 1161 821 1184 aut
839 1164 941 1192 pavore

151 1206 188 1233 ita
206 1212 235 1233 se
251 1205 376 1240 gesserit,
392 1209 498 1233 constat
513 1212 546 1233 ex
564 1205 607 1232 liis
623 1211 683 1239 qutc
700 1203 774 1238 fecit,
790 1211 852 1232 cum
871 1204 940 1231 tradi

151 1260 180 1279 se
199 1251 285 1279 noluit
302 1261 308 1279 :
328 1259 390 1279 nam
407 1250 509 1279 Judaei!
525 1251 591 1280 dare
608 1259 669 1279 eutn
688 1251 856 1286 pracipilem
876 1255 940 1278 tunc

150 1297 315 1329 volentibus,
331 1306 341 1323 ι
358 1297 429 1333 Ipse,
446 1297 534 1332 inquit
548 1297 725 1332 evangelista,
741 1297 878 1324 transiens
893 1303 942 1331 per

150 1342 269 1370 medium
291 1343 399 1370 illorum
421 1343 478 1370 ibat
488 1343 523 1371 ".
545 1351 555 1369 ι
575 1343 634 1370 Alio
655 1343 718 1370 item
741 1347 861 1377 tempore
879 1350 941 1369 cutn

151 1388 252 1416 vellent
268 1395 331 1416 eum
349 1396 465 1423 capere,
482 1398 492 1415 t
511 1388 613 1422 Nemo,
630 1389 735 1423 inquit,
752 1389 845 1424 injecit
863 1389 889 1416 in
909 1388 942 1416 il-

151 1435 206 1462 lum
219 1443 328 1468 manus.
339 1435 401 1470 quia
415 1436 533 1463 nondum
545 1440 656 1462 venerat
669 1435 735 1463 hora
747 1436 805 1470 ejus
814 1436 847 1462 ".
864 1445 874 1461 ι
888 1434 941 1463 Sed

151 1488 212 1508 cum
227 1481 328 1517 alioqui
345 1482 381 1509 sit
396 1481 514 1510 invictus
530 1481 611 1515 Deus,
626 1487 748 1508 attamen
764 1482 942 1510 humanitatis

152 1535 209 1555 suae
223 1535 306 1554 causa
323 1528 451 1560 cedebat.
466 1532 496 1555 ut
511 1535 573 1555 vere
591 1528 678 1556 factus
694 1528 777 1555 homo
792 1529 942 1556 videretur.

152 1573 228 1606 Quod
246 1573 269 1601 si
288 1574 453 1609 quisIdicat,
472 1574 527 1601 Cur
544 1582 598 1602 non
618 1579 673 1601 tum
692 1582 800 1609 quoque
818 1582 879 1602 cura
898 1575 942 1602 in-
956 1572 977 1601 C

152 1618 274 1646 tantulus
293 1624 364 1652 erat,
385 1619 499 1646 insidias
520 1626 568 1654 per
588 1626 617 1647 se
638 1619 697 1654 ipse
719 1619 876 1653 declinavit,
895 1620 942 1647 sed

153 1664 317 1693 admonente
335 1664 448 1699 angelo?
462 1665 540 1697 sciat,
559 1670 615 1692 tum
632 1673 739 1700 quoque
757 1673 868 1700 operam
884 1665 943 1700 ejus

153 1710 349 1743 intervenisse;
366 1711 413 1738 sed
429 1719 463 1738 ne
478 1718 509 1737 ea
524 1719 567 1738 res
582 1711 793 1746 dispensationis
809 1711 942 1739 rationem

153 1757 359 1790 pessumdaret,
382 1756 474 1784 habito
496 1757 585 1784 aetatis
609 1761 734 1792 respectu
772 1757 874 1785 idcirco
895 1764 945 1792 per

154 1803 278 1838 angelum
293 1810 349 1831 rem
365 1803 492 1839 gessisse.

188 1894 234 1924 28.
255 1894 332 1929 Quod
349 1899 438 1922 autem
456 1894 568 1923 humani
586 1894 666 1923 allicit
684 1902 780 1928 causa,
796 1900 893 1924 cuncta
910 1896 945 1923 ad

156 1941 365 1976 dispensationis
383 1948 504 1968 normam
523 1941 667 1975 dirigeret,
686 1948 852 1976 carnemque
869 1947 946 1976 pate-

156 1992 231 2015 retur
251 1987 432 2022 proprietates
455 1993 519 2013 suas
542 1986 747 2019 demonstrare,
771 1987 947 2022 persuadebit

156 2032 206 2060 tibi
224 2039 318 2060 rursus
334 2032 450 2067 ipsemet
463 2032 600 2060 Christus.
616 2030 683 2058 Nam
700 2040 762 2059 cum
778 2032 874 2060 beatus
891 2033 944 2059 Ba-

156 2079 238 2115 ptista
250 2079 275 2106 ei
288 2079 392 2106 diceret
404 2089 411 2106 :
427 2088 436 2105 t
454 2079 509 2114 Ego
521 2086 590 2113 opus
604 2080 688 2106 habeo
700 2087 714 2105 a
730 2084 754 2107 te
767 2079 916 2113 baptizari,
933 2088 942 2105 ι

156 2125 297 2161 respondit
314 2125 338 2153 ei
356 2132 364 2152 :
385 2133 394 2151 ι
415 2125 481 2152 Sine
500 2126 595 2158 modo;
613 2126 653 2152 sic
669 2125 740 2153 enim
759 2129 867 2160 oportet
883 2132 944 2152 om-

155 2179 217 2199 nem
230 2170 365 2205 justitiam
381 2169 487 2205 impleri
501 2170 534 2196 “.
552 2179 562 2196 ι
578 2170 710 2201 Videsne.
726 2171 797 2204 quod
812 2176 841 2198 et
856 2171 945 2206 bapti-

154 2225 242 2245 smum
258 2222 285 2245 et
300 2222 398 2245 cuncta
415 2217 571 2252 huiusmodi
587 2216 674 2244 oﬂicia
692 2217 816 2251 prudenti
833 2217 944 2252 dispen-

155 2265 260 2292 satione
274 2264 427 2299 receperit‘l
439 2263 552 2297 Quoties
565 2271 630 2298 ergo
642 2269 669 2290 et
683 2271 794 2298 puerum
808 2268 836 2290 et
850 2264 941 2291 infan-

155 2311 259 2343 tulum,
279 2316 306 2338 et
324 2310 456 2345 quidquid
475 2310 592 2337 humano
612 2317 685 2337 more
705 2309 738 2337 de
757 2317 790 2337 eo
810 2310 941 2344 scriptum

154 2363 212 2389 est,
230 2357 324 2389 audis,
340 2362 371 2384 ut
384 2356 440 2391 jam
457 2357 592 2387 diximus,
609 2362 746 2391 nunquam
762 2364 823 2383 enm
840 2357 943 2391 absque

155 2405 296 2431 divinitate
314 2403 399 2431 fuisse
414 2403 558 2433 arbitrare.
574 2402 641 2429 Nam
656 2407 684 2430 et
698 2410 759 2430 cum
776 2403 858 2430 homo
873 2403 941 2430 dici-

155 2455 210 2481 tur,
225 2450 296 2476 Deus
308 2456 369 2476 esse
383 2449 598 2480 demOnstratnr,
613 2452 642 2474 ut
656 2455 728 2481 smpe
743 2455 759 2475 a
773 2448 854 2476 nobis
867 2456 942 2475 com-

959 2251 981 2278 D

155 2495 297 2528 probatum
312 2494 373 2521 i‘uit.
383 2493 503 2522 Accedet
515 2494 647 2521 hactenus
661 2493 741 2520 dictis
755 2493 832 2520 testis
846 2493 941 2521 beatus

155 2548 262 2575 quoque
277 2539 408 2574 Baptista,
423 2540 463 2568 sic
479 2540 512 2567 de
528 2539 573 2567 illo
588 2539 720 2574 loquens:
733 2548 743 2564 I
758 2539 824 2566 Post
836 2545 879 2566 me
893 2546 940 2566 ve-

156 2587 195 2612 nit
207 2585 261 2618 vir,
274 2585 320 2620 qui
336 2590 401 2613 ante
416 2591 459 2613 me
474 2585 561 2613 factus
576 2590 629 2617 est,
643 2585 704 2620 quia
721 2586 795 2620 prior
807 2592 850 2612 me
864 2589 941 2617 erat;

154 2638 182 2659 et
202 2639 252 2667 ego
271 2639 333 2659 eum
354 2632 509 2659 nesciebam
521 2632 555 2658 ".
579 2640 589 2657 ι
611 2631 750 2665 Quomodo
769 2638 835 2665 ergo
853 2631 941 2657 virum

155 2685 216 2705 eum
233 2677 336 2708 dicens,
353 2677 473 2712 priorem
487 2684 518 2704 se
534 2676 620 2704 dicit?
650 2676 783 2711 siquidem
800 2676 941 2710 dispensa-

156 2724 237 2751 tionis
250 2729 371 2758 tempore
383 2724 441 2758 ipse
453 2724 527 2758 prior
537 2723 632 2751 beatus
642 2723 762 2757 Baptista
776 2727 856 2750 natus
867 2729 943 2749 cont-

155 2770 268 2803 peritur.
284 2769 349 2797 Nam
367 2777 427 2796 cum
443 2770 530 2797 beata:
545 2769 662 2804 deipara:
677 2769 767 2796 Maria:
783 2768 942 2796 immacula-

192 2858 316 2886 ".‘l-lllll.
336 2867 372 2892 μ’,
390 2859 429 2886 l'2.
469 2858 566 2886 "Luc.
582 2865 620 2890 ιν,
639 2857 682 2885 30.
733 2859 757 2874 "
770 2858 846 2885 Jnan.
861 2865 908 2889 rit,
923 2856 965 2884 30.

637 135 665 163 S.
686 134 825 164 CYRILLI
844 134 1082 164 ALEXANDRINI
1101 134 1260 164 ARCHIEP.

1720 131 1778 165 18¢

982 195 1029 222 καὶ
1049 193 1252 229 κεκοινώνηκεν
1264 194 1298 228 τῇ
1316 191 1440 228 ἡμετέρᾳ
1455 191 1545 227 φύσει,
1566 192 1610 220 ινα
1631 192 1776 230 ἀναστήσῃ

984 240 1079 275 αὐτὴν,
1091 240 1140 267 καὶ
1155 240 1205 272 τῆς
1220 238 1272 266 ὑπὸ
1287 238 1333 266 τὸν
1343 238 1467 265 διάϐολον
1478 238 1621 276 ἀπαλλάξῃ
1633 239 1757 271 δουλείας
1765 258 1775 266 .

982 286 1087 321 Μηδεὶς
1096 283 1143 313 οὖν
1160 284 1331 320 αἰσχυνέσθω
1348 284 1454 311 παιδίον
1470 283 1588 316 ἀκούων,
1603 286 1650 311 καὶ
1661 282 1776 320 βρέφος,

984 333 1032 359 καὶ
1054 331 1104 359 ὅσα
1133 330 1376 367 ἀνθρωπινώτερον
1402 331 1467 366 περί
1492 329 1574 357 αὑτοῦ
1599 330 1776 366 γέγραπται·

986 378 1133 414 ὑπέμεινεν
1148 378 1202 413 γὰρ
1217 377 1305 404 πάντα
1321 377 1352 404 οὐ
1373 377 1407 403 δι’
1425 377 1532 410 ἑαυτὸν,
1549 376 1617 404 άλλά
1635 377 1670 405 δι’
1689 378 1778 413 ἡμᾶς,

987 424 1125 460 πανταχοῦ
1139 423 1170 450 τὺ
1183 423 1289 459 πρέπον
1303 422 1444 457 φυλάττων
1463 424 1495 459 τῇ
1508 422 1667 459 ἀνθρωπεία
1683 423 1779 458 φύσει,

986 471 1030 498 ῐνα
1045 471 1083 506 μὴ
1098 469 1235 504 φαντασία
1251 469 1268 505 ἡ
1283 468 1424 504 οἰκονομία
1436 469 1589 509 νομίζηται.

1023 516 1075 549 κζ’.
1092 515 1198 544 Οὐκοῦν
1214 515 1265 543 κᾶν
1276 515 1398 551 ἀκούσῃς
1410 516 1451 542 ὃτι
1468 515 1681 551 παραλαμϐάνει
1695 516 1781 543 αὐτὸν

985 563 1001 591 ὁ
1020 562 1155 599 μακάριος
1181 561 1289 598 Ἰωσὴφ.
1311 563 1360 589 καὶ
1386 561 1483 596 φεύγει
1499 563 1539 594 εἰς
1564 562 1714 597 Αἴγυπτον,
1740 561 1781 598 μὴ

988 608 1120 645 αἰσχύνην
1135 608 1202 635 αὐτὸ
1216 607 1321 644 νόμιζε,
1335 607 1385 643 τὴν
1397 608 1426 635 δὲ
1438 607 1595 644 οἰκονομίαν
1608 606 1695 635 ἐννόει
1705 615 1714 624 ⁸
1731 608 1782 636 καὶ

987 656 1043 691 γὰρ
1056 655 1086 682 οὺ
1098 655 1160 682 τότε
1176 655 1256 690 μόνον
1265 654 1345 682 τοῦτο
1357 654 1421 689 περὶ
1435 653 1517 680 αὑτοῦ
1531 654 1697 689 γέγραπται,
1711 650 1783 681 ἀλλὰ

988 702 1038 730 καὶ
1056 702 1102 728 ὅτε
1117 702 1157 733 είς
1171 701 1218 728 τὸν
1233 700 1255 727 λ’
1272 700 1395 727 ἐνιαυτὸν
1411 699 1496 727 ἐλθὼν
1510 700 1613 736 ἤρξατο
1632 699 1783 736 κηρύττειν

989 748 1038 775 καὶ
1051 747 1197 780 διδάσκειν,
1215 747 1263 774 καὶ
1279 746 1335 773 τῶν
1353 746 1514 782 θαυμασίων
1529 746 1651 773 ἐπιτέλει
1670 745 1722 782 τὴν
1737 744 1784 772 δύ-

990 802 1083 830 ναμιν,
1099 793 1182 821 πάλιν
1194 792 1306 820 τοιαῦτα
1325 793 1389 828 περὶ
1407 792 1491 820 αὑτοῦ
1506 791 1688 828 γεγραμμένα
1702 791 1784 827 εὑρί-

991 847 1108 876 σκομεψ
1124 849 1134 866 ι
1155 838 1287 870 ’Δκούσας
1303 838 1370 874 γὰρ,
1384 838 1478 873 φησὶν.
1498 838 1540 864 ὃτι
1562 837 1692 872 Ἰωάννης
1707 843 1784 871 παρ-

991 885 1081 921 εδόθη,
1106 884 1282 921 ἀνεχώρησεν
1301 885 1342 916 εἰς
1355 883 1404 919 τὴν
1424 883 1589 910 Γαλιλαίαν·
1606 892 1616 909 ι
1634 883 1683 910 καὶ
1698 882 1786 918 ἕτερα

989 931 1018 959 δι
1032 931 1147 958 τοιαῦτα
1169 930 1243 958 ἐστιν
1262 930 1353 966 εὑρεῖν
1365 938 1372 945 ·
1388 929 1445 956 ἀλλ’
1461 930 1492 956 οὐ
1509 929 1584 965 φόϐῳ
1598 927 1679 956 τοῦτο
1693 928 1786 956 ἐποίει

989 977 1051 1005 οὐδὲ
1066 977 1127 1004 τότε
1141 977 1202 1004 οὐδὲ
1222 976 1280 1008 νῦν,
1295 975 1363 1003 ἀλλὰ
1380 975 1427 1003 τδν
1446 975 1587 1011 πρέποντα
1599 975 1696 1011 καιρὸν
1717 975 1787 1003 ἁνα-

992 1024 1080 1060 μένων
1094 1023 1142 1050 τοῦ
1165 1022 1302 1059 σωτηρίου
1318 1023 1422 1054 πάθους
1432 1031 1439 1038 -
1457 1022 1511 1048 ἔδει
1525 1022 1580 1058 γὰρ
1594 1022 1703 1056 πρῶτον
1725 1021 1786 1049 δια⁹

991 1070 1097 1105 λάμψαι
1120 1069 1152 1096 sb
1176 1069 1331 1104 κήρυγμα,
1360 1068 1409 1096 καὶ
1432 1068 1521 1095 πάντα
1548 1067 1706 1095 ἐπιτελέσαι
1732 1068 1786 1095 ὅσα

991 1114 1128 1147 ἐϐούλετο,
1137 1114 1184 1141 καὶ
1195 1113 1257 1141 τότε
1271 1113 1319 1140 καὶ
1332 1113 1379 1140 tat
1389 1112 1421 1140 τὸ
1433 1113 1567 1149 σωτήριον
1579 1113 1665 1144 πάθος
1676 1112 1767 1140 ἐλθεῖν
1777 1121 1785 1129 ·

991 1162 1006 1189 ὃ
1024 1161 1057 1197 δὴ
1070 1162 1118 1189 καὶ
1133 1161 1256 1196 γέγονεν.
1271 1160 1334 1187 Ὀτι
1358 1160 1387 1187 δὲ
1402 1160 1433 1187 οὐ
1454 1159 1529 1196 φόϐῳ
1543 1160 1590 1186 καὶ
1603 1159 1690 1196 δειλίᾳ
1704 1159 1787 1187 τοῦτο

993 1209 1107 1243 ἐγίνετο,
1119 1207 1198 1243 δῆλον
1209 1207 1255 1242 ἀφ’
1263 1202 1301 1234 ὧν
1313 1206 1463 1241 πεποίηκεν
1473 1206 1518 1233 δτι
1532 1205 1719 1241 παραδοθῆναι
1734 1204 1785 1232 οὐκ

994 1255 1137 1282 ἐϐούλετο·
1152 1255 1200 1282 καὶ
1218 1253 1274 1290 γὰρ
1293 1253 1349 1280 τῶν
1367 1252 1505 1280 Ἰουδαίων
1524 1253 1606 1280 αὐτὸν
1621 1253 1682 1279 τότε
1699 1260 1784 1279 uara-

993 1302 1145 1338 κρημνίσαι
1159 1300 1344 1337 Θελησάντων,
1363 1309 1373 1326 ί
1386 1299 1483 1331 Αὺτδς,
1499 1299 1592 1334 φηαὶν,
1611 1297 1725 1326 διελθὼν
1740 1298 1785 1326 διὰ

996 1348 1079 1384 μέσου
1099 1347 1190 1375 αὐτῶν
1200 1347 1363 1382 ὲπορεύετο’
1380 1355 1390 1372 ι
1409 1346 1457 1373 καὶ
1471 1345 1567 1373 ἄλλοτε
1585 1344 1615 1372 ὁὶ
1629 1345 1727 1372 πιάσαι
1736 1345 1786 1372 αὑ-

993 1394 1040 1421 τὸν
1050 1394 1191 1425 θελόντων,
1202 1402 1211 1419 ι
1225 1393 1329 1425 οὐδεὶς,
1342 1392 1435 1428 φησὶν,
1447 1391 1580 1418 έπέὸαλεν
1590 1390 1633 1417 ἐπ’
1644 1389 1726 1417 αὑτὸν
1735 1388 1786 1421 τὰς

994 1442 1098 1476 χετρας,
1115 1441 1156 1467 ὅτι
1168 1439 1245 1466 οὔπω
1259 1439 1390 1475 έλήλυθεν
1404 1440 1421 1474 ῄ
1431 1437 1591 1474 ὥρααὺτοῦ.
1606 1447 1616 1464 ι
1629 1436 1703 1472 Πλὴν
1717 1435 1787 1463 ἀλλὰ

994 1486 1043 1513 καὶ
1057 1486 1208 1522 ἀχείρωτος
1232 1483 1303 1512 εῖναι
1326 1486 1477 1520 δυνάμινος
1495 1483 1534 1517 ὠς
1546 1484 1623 1517 Θεὸς,
1643 1483 1724 1510 πάλιν
1741 1482 1787 1510 διὰ

995 1531 1025 1560 τὸ
1040 1532 1210 1568 ἀνθρώπινον
1228 1531 1410 1567 ὑπανεχώρει,
1427 1532 1472 1558 ἵνα
1487 1531 1617 1566 φαίνηται
1634 1529 1704 1556 κατὰ
1718 1529 1786 1565 ἁλή-

994 1579 1070 1605 Θειαν
1083 1579 1231 1614 γενόμενος
1251 1578 1403 1613 ἄνθρωπος.
1422 1578 1453 1604 El
1477 1578 1505 1604 δὲ
1529 1577 1604 1611 λέγοι
1617 1585 1670 1608 τις,
1684 1576 1735 1603 Διὰ
1758 1576 1786 1602 τί

996 1624 1035 1659 μὴ
1051 1623 1098 1650 καὶ
1113 1623 1175 1650 τότε
1195 1623 1239 1650 ὅτε
1256 1623 1364 1649 παιδίον
1380 1620 1425 1658 ἦν,
1438 1622 1473 1648 δι’
1492 1621 1590 1649 ἑαυτοῦ
1608 1623 1658 1657 τὴν
1674 1620 1787 1648 έπιόου⁴

994 1670 1045 1706 λὴν
1069 1668 1217 1703 ἐξέκλινεν,
1248 1668 1307 1696 ἀλλ’
1327 1668 1444 1702 ἀγγέλου
1463 1667 1695 1703 χρηματίζοντοςς
1717 1674 1786 1702 μαν-

995 1715 1110 1748 θανέτω,
1122 1716 1160 1748 ὡς
1176 1715 1223 1742 καὶ
1237 1715 1299 1742 τότε
1314 1713 1397 1741 αὑτοῦ
1412 1711 1446 1749 ἦν
1461 1714 1490 1740 τὸ
1504 1713 1600 1749 ἔργον·
1615 1713 1673 1739 ἀλλ’
1689 1712 1733 1739 ἵνα
1747 1711 1786 1747 μὴ

994 1762 1044 1796 τῆς
1071 1761 1228 1797 οἰκονομίας
1247 1759 1377 1787 τοσοῦτον
1403 1759 1550 1795 παραλύσει
1571 1758 1617 1785 τὸν
1639 1758 1718 1793 λόγον
1741 1757 1787 1784 διὰ

994 1806 1044 1842 τὴν
1060 1805 1180 1842 ἡλικίαν,
1200 1805 1246 1833 διὰ
1261 1803 1341 1831 τοῦτο
1362 1804 1396 1830 δι’
1411 1803 1529 1837 ἀγγέλου
1545 1802 1574 1830 τὸ
1593 1803 1711 1838 πρᾶγμα
1736 1807 1787 1827 πι-

996 1851 1122 1886 ποίηκεν.

1031 1902 1085 1933 κη’.
1114 1898 1175 1925 Ὀτι
1198 1897 1227 1924 δὲ
1248 1896 1283 1924 τὰ
1313 1897 1454 1932 πρέποντα
1481 1895 1577 1927 σώζειν
1605 1892 1785 1930 βουλόμενος,

996 1943 1088 1972 πάντα
1110 1943 1291 1979 οἰκονομικῶς
1305 1942 1404 1973 ὲποίει,
1418 1941 1467 1968 καὶ
1483 1939 1631 1975 συνεχώρει
1651 1940 1685 1974 τῇ
1703 1937 1787 1973 σαρκὶ

995 1989 1130 2017 δεικνύειν
1144 1989 1179 2015 τὰ
1196 1988 1264 2023 αὐτῇ
1279 1987 1427 2019 ἀκόλουθα,
1442 1986 1645 2021 πληροφορήσει
1659 1991 1690 2010 σε
1703 1982 1786 2010 πάλιν

996 2036 1093 2068 αὐτός·
1108 2036 1153 2063 ὅτε
1168 2035 1223 2070 γὰρ
1237 2035 1251 2060 ὁ
1270 2034 1405 2069 μακάριος
1420 2031 1576 2066 Βαπτιστὴς
1591 2029 1665 2065 αὐτῷ
1682 2029 1786 2063 ἔλεγεν,

999 2091 1008 2108 ι
1021 2082 1091 2116 Ἐγὼ
1100 2080 1192 2117 χρείαν
1209 2081 1264 2115 ἔχω
1275 2079 1326 2106 ὑπο
1337 2078 1384 2105 σοῦ
1396 2077 1605 2113 βαπτισθῆναι,›
1616 2074 1787 2110 ἁπεκρίνατο

996 2127 1065 2163 πρὸς
1080 2126 1160 2153 αὐτόν
1171 2134 1178 2141 ”
1193 2135 1202 2151 ι
1217 2126 1301 2160 Ἀφες
1315 2125 1388 2160 ἄρτι·
1412 2123 1483 2150 οὕτω
1506 2122 1560 2157 γὰρ
1586 2121 1691 2156 πρέπον
1711 2119 1787 2146 ἐστὶν

996 2173 1142 2209 πληρῶσαι
1167 2173 1257 2198 πᾶσαν
1289 2170 1473 2205 δικαιοσύνην.
1490 2179 1499 2195 ι
1538 2169 1618 2204 Ὁρᾷς
1631 2167 1672 2194 ὅτι
1692 2166 1740 2193 καὶ
1755 2166 1787 2192 τὺ

997 2220 1151 2255 βάπτισμα,
1169 2218 1216 2244 καί.
1232 2217 1320 2244 πάντα
1335 2217 1370 2244 τὰ
1385 2216 1526 2251 πρέποντα
1548 2213 1699 2249 οἰκονομῶν
1716 2220 1786 2239 κατ-

994 2266 1119 2300 εδέχετο;
1132 2264 1218 2290 Ὅταν
1242 2264 1330 2289 τοίνυν
1351 2262 1471 2297 ἀκούσῃς
1489 2260 1594 2288 παιδίον
1615 2260 1664 2287 καὶ
1685 2259 1786 2295 βρέφος

994 2311 1042 2337 καὶ
1065 2311 1116 2337 ὅσα
1141 2308 1385 2344 ἀνθρωπινώτερον
1411 2307 1476 2342 περὶ
1505 2305 1589 2333 αὑτοῦ
1616 2304 1784 2340 γέγραπται,

993 2355 1084 2386 καθὼς
1099 2354 1272 2390 προείρηται.
1289 2353 1424 2388 μηδέποτε
1439 2353 1499 2386 δίχα
1516 2352 1565 2386 τῆς
1587 2350 1715 2385 θεότητος
1735 2350 1784 2376 αὑ-

994 2400 1039 2427 τὸν
1055 2400 1121 2426 ὅντα
1139 2398 1314 2434 ὑπολάμϐανε
1325 2405 1332 2412 ·
1351 2398 1396 2424 καὶ
1413 2397 1467 2432 γὰρ
1489 2396 1534 2422 καὶ
1548 2394 1692 2429 ἄνθρωπος
1708 2393 1786 2426 λεγό-

995 2453 1086 2480 μενος.
1102 2444 1241 2471 δείκνυται
1265 2443 1330 2476 Θεὸς
1351 2442 1491 2478 ὑπάρχων,
1511 2440 1549 2473 ὡς
1567 2440 1697 2473 πολλάκις
1716 2439 1784 2466 άπο-

994 2490 1139 2517 δέδεικται.
1154 2488 1391 2524 Ἐπιμαρτυρήσει
1406 2488 1434 2514 δὲ
1453 2487 1523 2523 πρὸς
1539 2486 1619 2513 τοῦτο
1633 2486 1693 2517 τοῖς
1709 2485 1785 2521 εἰρη-

996 2537 1087 2572 μένοις
1103 2535 1149 2562 καὶ
1164 2536 1178 2561 ὀ
1197 2536 1332 2571 μακάριος
1350 2533 1504 2568 Βαπτιστὴς
1526 2531 1597 2559 οὕτω
1613 2532 1700 2566 λέγων
1721 2531 1784 2566 περὶ

995 2582 1095 2610 αὐτοῦ·
1121 2591 1130 2607 ι
1153 2581 1255 2608 Ὀπίσω
1281 2589 1330 2615 μου
1355 2580 1463 2616 ἔρχεται
1480 2579 1560 2614 ἀνὴρ,
1576 2578 1605 2609 ὃς
1629 2577 1785 2613 ἔμπροσθέν

998 2637 1049 2664 μου
1065 2628 1186 2662 γέγονεν,
1206 2627 1248 2653 δτι
1275 2627 1383 2661 πρῶτός
1400 2635 1450 2660 μου
1478 2623 1525 2660 ἧν·
1544 2623 1622 2658 κάγὼ
1641 2624 1693 2650 οὑκ
1711 2623 1785 2659 ᾔδειν

997 2675 1087 2701 αὐτόν.
1106 2683 1115 2700 ι
1130 2673 1194 2705 ῐίὦς
1206 2671 1252 2700 οὖν
1263 2673 1347 2708 ἄνδρα
1359 2673 1446 2703 λέγων
1459 2671 1550 2703 αὑτὸν,
1564 2670 1673 2706 πρῶτον
1686 2669 1782 2697 ἑαυτοῦ

997 2727 1081 2754 φησιν
1095 2719 1175 2746 αὑτὸν
1187 2716 1270 2750 εἷναις
1286 2718 1334 2744 καὶ
1345 2717 1399 2753 μὴν
1413 2717 1483 2743 κατὰ
1495 2715 1540 2742 τὸν
1553 2714 1710 2750 οἰκονομίας
1722 2714 1784 2750 χρό-

998 2775 1041 2792 νον
1051 2765 1130 2796 αὐτὸς
1141 2765 1266 2800 πρῶτ’)ςὸ
1278 2765 1409 2800 μακᾶριος
1421 2762 1574 2796 Bennett;
1587 2761 1784 2797 γεγεννημένος

1007 2855 1133 2884 “Matth.
1152 2863 1193 2886 ill,
1212 2853 1253 2885 Ν,
1268 2853 1306 2881 lii
1347 2851 1445 2879 "anm
1477 2859 1494 2878 ι.
1512 2851 1558 2878 “21'.
