1886 3056
71 132 120 162 ωδ

598 136 805 166 EXPLICATIO
824 137 1000 167 DUODECIM
1020 138 1186 169 CAPITUM.

1650 142 1705 172 ιρι

80 207 1700 233 gmw:

379 301 636 346 ΕΠΙΛΥΣΙΣ
672 303 787 346 ΤΩΝ
825 301 1050 347 ΔΩΔΕΚΑ
1086 305 1411 352 ΚΕΦΑΛΑΙΩΝ

733 405 871 431 meum
889 408 931 433 EN
946 409 1047 442 ΕΦΕΣῼ

459 491 528 518 ΥΠο
547 491 727 519 ΚΥΡῘΛΔΟΥ
745 492 1030 520 ΑΡΧΙΕΠῙΣΚΟΠΟΥ
1051 492 1325 528 ΔΛΕΞΑΝΔΡΕῙΔΣ,

114 578 171 614 Τῆς
184 578 278 613 ἁγίας
295 580 434 608 Συνόδου
447 580 624 615 ἀξιωσάσης
640 581 735 609 αὐτὸν·
750 581 938 616 σαφέστερον
967 581 1069 614 αὐτοῖς
1083 582 1304 618 ἑκτρανωθῆναι
1324 589 1336 604 ι
1351 584 1409 619 τὴν
1423 584 1537 612 τούτων
1552 585 1654 613 λύσιν.

377 742 744 789 EXPLICATIO
782 742 1096 790 DUODECIM
1135 743 1397 788 CAPITUM

705 838 821 864 EPHESI
843 838 1072 865 PRONUNTIATA

481 929 506 959 A
525 928 683 959 CYRILLO
705 929 1002 960 ARCHIEPISCOPO
1020 929 1307 963 ALEXANDRINO,

519 1009 547 1032 S.
563 1007 662 1041 Synodo
678 1007 810 1033 clariorem
821 1007 921 1034 illorum
931 1007 1119 1034 declarationem
1130 1007 1247 1040 exigente.

70 1084 161 1117 {Hujus
175 1082 236 1120 libri
258 1085 289 1120 et.
314 1083 420 1120 duorum
442 1084 599 1120 sequentium
619 1082 851 1119 interpretationem
869 1083 981 1120 Latinam
1001 1090 1074 1120 quam
1094 1084 1202 1120 Joannes
1218 1083 1344 1120 Au_bertus
1360 1082 1703 1120 admiserathparaphrastlco

162 1116 326 1147 adornatam,
339 1114 518 1146 rejecimns,’et
526 1121 580 1139 eam
591 1115 731 1145 recepimus
747 1121 803 1145 quia
821 1117 903 1139 exstat
915 1116 942 1139 in
953 1114 1068 1140 Conciliia
1082 1121 1112 1139 ex
1126 1114 1236 1139 editione
1249 1115 1350 1139 Joannis
1367 1114 1488 1140 Dominici
1501 1114 1600 1147 Mansil)

101 1281 111 1298 ι
130 1271 224 1299 Πάντα
235 1271 347 1299 ἐνώπια
358 1272 415 1303 τοῖς
425 1271 556 1304 συνιοῦσι,
571 1271 618 1298 καὶ
631 1271 699 1307 ὀρθὰ
712 1272 767 1303 τοῖς
791 1270 845 1306 εὑρη

961 1269 1031 1306 [45
1045 1279 1054 1295 ι
1068 1269 1191 1301 Omnia,»
1209 1274 1238 1296 ut
1253 1269 1383 1305 scriptum
1395 1275 1446 1304 est,
1465 1280 1475 1296 ι
1492 1271 1571 1298 obvia
1586 1276 1649 1298 sunt
1661 1271 1705 1299 in-

69 1325 157 1343 σκουσι
183 1316 305 1350 γνῶσιν,
329 1326 339 1341 ι
363 1316 433 1343 κατὰ
457 1316 489 1343 τὸ
513 1316 717 1352 γεγραμμένον.
744 1316 776 1342 Ol
814 1315 864 1351 μὲν

69 1363 117 1397 γὰρ
128 1362 185 1394 ὸξεῖ
199 1371 231 1388 τε
245 1362 299 1388 καὶ
316 1361 431 1398 καθαρῷ
454 1361 573 1393 διανοίας
592 1362 695 1397 ὄμματι
708 1361 764 1393 τοῖς
781 1361 865 1396 ἱεροῖς

68 1408 112 1443 τῆς
125 1408 316 1435 θεοπνεύστου
336 1408 448 1443 Γραφῆς
464 1408 709 1443 περιτυγχάνοντες
720 1407 821 1440 λόγοις,
834 1406 864 1432 τὸ

68 1453 94 1486 ὲξ
122 1454 213 1481 αὐτῶν
240 1454 355 1489 δφελος,
380 1453 452 1480 Θείον
474 1453 568 1488 ὥσπερ
587 1452 648 1479 τινὰ
671 1453 717 1479 καὶ
740 1452 865 1488 οὐράνιον

69 1500 200 1535 θησαυρὸν
214 1502 281 1532 ταῖς
300 1499 404 1527 ἑαυτῶν
417 1499 591 1530 είσοικίζουσι
605 1499 704 1534 ψυχαῖς
714 1507 720 1513 ·
736 1499 760 1525 οἱ
774 1498 803 1524 δὲ
819 1498 864 1524 τὸν

69 1545 126 1571 νοῦν
142 1545 254 1581 ἔχοντες
267 1545 312 1580 τῷ
324 1544 416 1579 ψεύδει
436 1544 660 1580 προσνενευκότα,
675 1544 722 1570 καὶ
740 1544 800 1574 ταῖς
822 1552 864 1569 τι-

68 1600 117 1618 νων
137 1591 361 1626 ὰθυροστομίαις
378 1590 393 1609 ιι
410 1589 576 1625 ἡττώμενον,
595 1588 709 1624 βεϐήλου
735 1587 863 1622 γνώσεως

67 1637 192 1672 ἐραστὴν,
206 1636 329 1663 ἐκείνων
343 1635 449 1662 ἔσονται
462 1635 596 1667 κοινωνοὶ,
613 1643 646 1661 πε
652 1634 677 1669 ρὶ
692 1630 730 1661 ὧν
743 1635 757 1660 ὁ
773 1633 863 1668 μακά-

69 1691 121 1717 ριος
146 1682 252 1718 γράφει
273 1681 399 1712 Παῦλοςι
420 1690 429 1706 ι
454 1680 498 1707 Ὲν
518 1678 559 1712 οἷς
578 1682 592 1706 ὁ
615 1679 675 1711 θεὸς
695 1679 742 1706 τοῦ
767 1678 863 1710 αἰῶνος

67 1727 156 1754 τούτου
178 1726 330 1761 ἐτύφλωσε
356 1726 391 1752 τὰ
405 1727 529 1760 νοήματα
541 1724 596 1751 τῶν
613 1724 747 1754 ἀπίστων,
772 1724 812 1754 είς
833 1723 865 1749 τὸ

69 1773 102 1807 μὴ
117 1773 238 1807 αὐγάσαι
257 1772 310 1798 τὸν
325 1771 463 1807 φωτισμὸν
484 1770 531 1797 τοῦ
551 1770 710 1805 εὐαγγελίου
723 1769 774 1804 τῆς
785 1769 865 1804 δόξης

66 1817 109 1844 τοῦ
123 1817 257 1854 Χριστοῦ.
276 1827 288 1843 ι
307 1816 498 1851 Τυφλώττουσι
514 1816 579 1852 γὰρ,
605 1816 653 1842 καὶ
680 1815 748 1841 είσὶν
773 1813 865 1849 ὁδηγοὶ

66 1863 168 1898 τυφλῶν
179 1872 186 1879 ·
198 1864 348 1899 τοιγάρτοι
358 1862 470 1894 καὶτοῖς
480 1862 530 1897 τῆς
543 1861 681 1892 ἀπωλείας
696 1860 864 1896 ἐμπίπτουσι

68 1909 179 1945 βάθροις.
195 1911 242 1941 Ὠς
273 1909 332 1944 γὰρ
356 1908 436 1940 αὑτός
461 1907 512 1935 πού
527 1915 608 1942 φησιν
627 1907 641 1933 ὁ
654 1906 767 1941 Σωτὴρ,
785 1914 794 1930 ι
810 1905 864 1930 Τυ-

918 1316 1111 1351 telligentlbus,
1132 1320 1159 1342 el.
1186 1320 1259 1343 recta
1279 1316 1478 1344 invenientibus
1497 1315 1636 1344 scientiam
1653 1317 1672 1344 '.
1692 1328 1701 1343 ν

915 1362 1020 1390 Etenim
1050 1362 1094 1397 qui
1119 1369 1197 1389 sacra
1227 1362 1324 1389 divinat
1352 1362 1500 1396 Scripturae
1523 1363 1604 1390 verba
1625 1368 1705 1391 acuto

916 1416 1037 1443 puroque
1069 1408 1149 1436 oculo
1176 1408 1327 1444 perlegunt,
1371 1409 1397 1436 hi
1426 1409 1496 1443 quod
1525 1409 1590 1436 utile
1617 1410 1644 1436 in
1670 1411 1704 1437 iis

915 1455 1045 1486 Ot‘curril,
1059 1454 1140 1481 veluti
1150 1454 1269 1481 divinum
1285 1454 1428 1488 quemdam
1442 1459 1469 1482 et
1489 1454 1627 1482 caelestem
1645 1455 1704 1483 thc-

915 1508 1035 1532 saurum,
1055 1500 1081 1527 in
1095 1500 1201 1527 animos
1226 1508 1289 1527 suos
1305 1501 1474 1528 recondunt:
1488 1502 1533 1535 qui
1550 1508 1614 1528 vero
1629 1509 1704 1529 men-

915 1551 968 1573 tem
981 1547 1114 1573 lobtinent
1138 1546 1171 1573 ad
1189 1546 1360 1573 mendacium
1381 1554 1554 1582 propensam,
1585 1548 1702 1574 nonnul-

915 1592 1055 1626 lorumque
1067 1591 1212 1627 nugacitati
1229 1591 1422 1625 mancipatam,
1436 1599 1468 1618 ac
1481 1592 1599 1625 profante
1616 1593 1702 1619 scicn-

917 1636 960 1662 tia:
990 1636 1108 1669 avidam,
1137 1635 1243 1662 illorum
1267 1636 1332 1663 socii
1350 1637 1543 1668 censebuntur,
1559 1637 1592 1663 de
1606 1637 1704 1672 quibus

916 1682 1010 1709 beatus
1020 1682 1120 1709 Paulus
1142 1681 1273 1716 scriptum
1295 1681 1405 1716 reliquit
1420 1691 1427 1709 :
1445 1691 1454 1708 ι
1471 1682 1498 1709 lu
1515 1683 1614 1716 quibus
1638 1682 1704 1710 deus

916 1727 996 1762 hujus
1021 1727 1110 1754 saeculi
1133 1728 1282 1755 excaecavit
1302 1733 1408 1755 mentes
1425 1728 1584 1761 inlidclium,
1606 1734 1703 1757 utnon

916 1773 1017 1808 fulgeat
1044 1773 1084 1800 eis
1100 1773 1260 1800 illuminatio
1277 1773 1415 1808 Evangelii
1432 1774 1524 1808 gloria:
1534 1775 1633 1802 Christi
1648 1776 1670 1803 '.
1691 1785 1701 1801 ι

914 1817 984 1846 Caeci
1015 1819 1087 1846 enim
1127 1823 1201 1851 sunt,
1227 1823 1256 1846 et.
1291 1819 1373 1846 duces
1410 1820 1588 1847 ctecorum':
1617 1828 1702 1855 quare

915 1868 942 1891 et
957 1864 982 1891 in
1000 1865 1157 1898 perditionis
1171 1864 1262 1892 foveas
1274 1869 1417 1892 corruunt.
1427 1864 1506 1898 Nam,
1522 1870 1550 1892 ut
1575 1865 1703 1894 Salvator

917 1910 974 1944 ipse
997 1910 1095 1937 alicubi
1123 1915 1236 1937 monet:
1258 1920 1268 1936 ‹
1301 1910 1330 1937 Si
1361 1918 1449 1938 caecus
1476 1919 1548 1939 caeco
1574 1913 1702 1940 ducatum

67 1955 126 1989 φλὸς
145 1955 250 1990 τυφλὸν
272 1955 325 1982 ὲὰν
347 1954 442 1989 ὁδηγῇ,
463 1953 613 1989 ἀμφότεροι
628 1953 667 1984 εἰς
691 1951 788 1987 βόθρον

957 1961 1033 1989 estet,
1061 1956 1140 1983 ambo
1159 1956 1184 1983 in
1207 1955 1312 1983 foveam
1337 1958 1435 1984 cadent
1448 1958 1469 1984 ⁵.
1489 1966 1498 1984 ι
1522 1957 1592 1985 Sunt
1619 1959 1701 1994 igitur

66 2001 222 2029 πεσοῦνται.
252 2011 262 2027 ι
296 1999 525 2036 Καταφλυαροῦσι
540 2000 629 2027 τοίνυν
643 1998 716 2030 τινὲς
734 1998 788 2024 τῶν
811 1998 861 2032 τῆς

65 2047 189 2082 ἀληθείας
211 2047 374 2082 δογμάτων,
395 2048 442 2073 καὶ
463 2046 625 2081 σκαιότητος
647 2044 802 2078 διαϐολικῆς
817 2043 862 2069 τὸν

65 2093 160 2120 οἰκεῖον
173 2093 376 2129 ἐμπλήσαντες
398 2092 471 2122 νοῦν,
494 2091 716 2128 παραχαράττειν
735 2089 862 2123 ἐπείγον-

64 2147 106 2166 ται
120 2139 150 2166 τὸ
163 2139 216 2174 τῆς
232 2139 369 2174 ἀληθείας
383 2138 542 2173 μυστήριον,
558 2137 605 2163 καὶ
617 2137 665 2172 τῆς
678 2135 747 2172 μετὰ
762 2134 863 2170 σαρκὸς

66 2186 220 2221 οἰκονομίας
245 2185 300 2212 τοῦ
322 2184 492 2218 Μονογενοῦς
515 2183 546 2210 οὐ
571 2183 690 2218 μετρίως
719 2181 862 2209 ποιοῦνται

65 2230 111 2266 τὴν
135 2231 336 2268 κατάρῤησιν,
364 2239 373 2256 t
401 2230 438 2266 μὴ
462 2229 584 2260 νοοῦντες
607 2229 678 2264 μήτε
702 2228 720 2255 ὃ.
742 2227 861 2262 λέγουσι,

68 2277 134 2312 μήτε
149 2277 216 2312 περὶ
231 2277 312 2307 τίνος
327 2274 555 2307 διαϐεϐαιοῦνται,
578 2283 587 2300 ι
606 2273 676 2301 κατὰ
692 2273 722 2300 τὸ
739 2281 863 2309 γεγραμ-

68 2323 156 2357 μένον.
180 2322 310 2358 Εὒρεταὶ
325 2321 353 2347 δὲ
369 2321 420 2356 τῆς
439 2320 567 2355 τοιαύτης
583 2319 710 2350 ἀσεϐείας
732 2318 861 2352 γεγόνασι

65 2368 157 2395 πολλοὶ
182 2369 235 2404 μὲν
265 2368 316 2395 καὶ
341 2367 442 2402 ἕτεροι,
469 2366 540 2393 κατὰ
564 2366 627 2397 τοὺς
650 2365 753 2392 ἄνωθεν
782 2364 822 2390 ἔτι
848 2369 859 2383 ε

67 2417 272 2451 παρῳχηκότας
297 2414 427 2450 καιρούς·
443 2415 501 2441 νυνὶ
511 2414 539 2441 δὲ
558 2414 608 2449 τῆς
622 2414 733 2440 ἐκείνων
756 2413 862 2439 ἀνοσιό-

67 2469 144 2496 τητος
159 2461 238 2488 οὐδὲν
253 2460 429 2492 ἀποδέοντες,
446 2459 604 2495 Νεστόριος,
623 2459 672 2485 καὶ
684 2459 709 2484 ol
723 2459 771 2485 σὺν
785 2458 861 2493 αὐτῷ

68 2506 137 2533 κατὰ
149 2507 213 2538 τοὺς
228 2506 365 2542 ἀρχαίους
379 2505 500 2537 ἐκείνους
515 2504 677 2540 Φαρισαίους
698 2504 861 2531 ἀντανιστα-

70 2561 141 2586 μενοι
157 2552 198 2587 τῷ
212 2550 339 2586 Χριστῷ,
355 2551 403 2578 καὶ
419 2550 515 2584 ἀνέδην
529 2550 746 2585 ἀνακεκραγότες
757 2558 764 2565 ·
783 2559 792 2575 ι
812 2550 862 2577 Διὰ

70 2597 93 2622 εἰ
108 2597 138 2623 σὺ
152 2596 299 2632 ἄνθρωπος
324 2596 363 2622 ὢν
378 2596 465 2626 ποιεῖς
485 2595 580 2622 ἑαυτὸν
606 2594 688 2628 Θεόν;
707 2604 716 2620 ι
744 2593 798 2621 Ἦν
813 2592 860 2621 οὖν

913 2000 1045 2033 nonnulli,
1059 2001 1104 2036 qui
1121 2005 1215 2029 contra
1231 2002 1355 2029 veritatis
1372 2002 1495 2037 dogmata
1514 2004 1648 2037 garriunt,
1674 2008 1703 2031 et

911 2046 1043 2074 diabolica
1057 2046 1188 2081 pravitate
1196 2046 1276 2083 146
1284 2052 1399 2075 mentem
1415 2048 1544 2075 imbutam
1561 2048 1702 2082 habentes,

912 2092 1037 2120 veritatis
1050 2093 1214 2128 mysterium
1231 2093 1287 2120 acri
1309 2094 1398 2121 studio
1418 2094 1572 2122 adulterare
1586 2100 1700 2122 conten-

912 2139 990 2172 dunt,
1014 2147 1063 2166 nec
1088 2139 1260 2167 mediocriter
1282 2139 1414 2166 incarnati
1433 2140 1570 2175 Unigeniti
1586 2140 1699 2175 dispen-

912 2185 1044 2212 sationem
1068 2185 1237 2212 insectantur
1251 2205 1258 2218 ,
1275 2195 1284 2210 ε
1303 2193 1355 2213 non
1393 2186 1584 2221 intelligentes,
1614 2193 1701 2221 neque

913 2238 972 2266 qua:
988 2230 1145 2265 loquuntur,
1171 2238 1257 2265 neque
1277 2232 1310 2258 de
1327 2231 1426 2266 quibus
1443 2231 1588 2264 atﬁrmant,
1603 2241 1612 2257 ›
1630 2232 1701 2259 sicut

912 2278 1042 2311 scriptum
1061 2277 1135 2304 est“.
1157 2275 1315 2308 Hujusmodi
1336 2281 1426 2304 autem
1442 2277 1589 2312 impietatis
1604 2277 1700 2304 inven-

914 2328 985 2350 tores
1006 2324 1169 2349 exstiterunt
1195 2322 1251 2356 jam
1268 2323 1332 2350 olim
1359 2327 1386 2349 et
1411 2323 1486 2349 multi
1512 2323 1619 2357 quidem
1634 2323 1698 2354 alii;

912 2376 984 2395 nunc
1000 2375 1063 2395 vero
1093 2367 1248 2400 Nestorius,
1263 2372 1290 2394 et
1312 2367 1358 2402 qui
1375 2375 1435 2394 cum
1451 2367 1496 2394 illo
1515 2371 1586 2400 sunt,
1603 2374 1698 2394 eorum

913 2414 1045 2448 itnpietati
1076 2413 1146 2440 nulla
1174 2414 1200 2441 in
1227 2419 1305 2448 parte
1326 2413 1460 2445 cedentes,
1490 2414 1524 2440 ad
1547 2413 1697 2448 priscorum

912 2457 1109 2485 Pharisaeorum
1125 2459 1277 2493 exemplum
1302 2459 1432 2486 adversus
1447 2458 1585 2486 Christum
1599 2465 1628 2485 se
1645 2458 1699 2485 cri-

913 2509 989 2539 gunt,
1000 2509 1178 2538 pr0terchue
1190 2504 1373 2532 vociferantur
1388 2513 1395 2531 :
1417 2513 1426 2530 ι
1446 2503 1500 2531 Cur
1514 2509 1553 2536 tu,
1571 2511 1631 2531 cum
1647 2503 1696 2530 ho-

913 2557 957 2576 mo
971 2550 1018 2581 sis,
1029 2549 1096 2576 facis
1107 2550 1221 2583 teipsum
1239 2549 1321 2576 Deum
1335 2549 1368 2575 εἳ
1389 2559 1398 2575 ι
1414 2549 1478 2576 Erat
1492 2549 1582 2582 itaque
1602 2555 1697 2575 neces-

914 2595 1026 2627 sarium,
1041 2599 1069 2621 ut
1081 2595 1211 2622 adversus
1227 2595 1333 2622 illorum
1349 2602 1488 2623 sermones
1508 2602 1557 2622 nos
1572 2594 1697 2629 accinge-

105 2684 204 2713 ῬΙ-ον.
223 2693 286 2719 vui,
299 2685 328 2719 9,
345 2684 494 2712 secundum
509 2683 592 2711 LXX.
623 2684 633 2699 ²
646 2682 668 2711 ll
683 2683 746 2711 Cor.
766 2691 804 2717 iv,
815 2682 842 2711 4.

951 2684 991 2711 th.
1008 2691 1053 2717 xv,
1068 2684 1111 2711 M.
1141 2684 1224 2712 ‘ibid.
1269 2684 1300 2712 ³1
1317 2684 1386 2713 Tim.
1403 2692 1422 2719 ι,
1435 2685 1450 2712 7
1492 2684 1502 2700 '
1514 2683 1593 2712 Joan.
1607 2691 1634 2716 ι,
1648 2683 1695 2712 2i.

584 2761 672 2789 Variae
688 2761 819 2789 lectiones
833 2769 868 2790 ex
883 2761 976 2791 codice
991 2761 1177 2798 Seguieriano.

106 2846 119 2861 ι
132 2841 262 2868 ικθιϊναι.
300 2841 315 2861 δ
329 2839 383 2874 τῆς
398 2847 479 2867 τινων
492 2838 705 2875 ἀθυροστομίας.
745 2843 756 2858 ε
777 2838 823 2866 καὶ
839 2837 891 2867 ἔτι.
