1886 3056
160 140 215 169 299

164 197 248 225 Deum
263 197 380 225 Verbum
400 195 546 230 seiunctim
562 201 614 230 per
640 201 669 222 sc
687 194 902 225 consideratam,
924 202 958 221 ne

134 234 141 246 ’
162 245 230 271 duos
255 244 306 271 hac
337 243 442 270 ratione
479 241 549 269 ﬁlios
575 239 839 275 intelligamus;sed
872 247 954 266 unum

161 289 339 323 curntlemque
350 288 492 315 Christum
520 290 549 313 et
571 285 670 313 Filium
693 290 720 312 et
740 285 956 313 Dominumesse

162 333 391 366 t-oulilentes.Qui
407 337 499 360 autent
516 332 567 359 hoc
579 339 659 359 secus
669 331 774 358 habere
785 331 955 362 existimant,

162 385 208 407 aut
232 387 283 407 non
303 380 341 406 ita
362 379 457 406 volunt
479 379 605 410 credere,
634 378 682 404 sed
705 385 787 403 unmn
800 376 899 404 Filium
928 376 956 404 in

161 429 229 454 duos
240 426 450 460 dispertiuntur,
461 430 489 453 et
506 432 567 460 qua:
589 431 620 451 re
633 423 692 458 ipsa
714 423 858 458 conjuncta
882 427 956 455 sunt,

162 482 175 499 ιι
199 480 228 499 se
257 471 434 506 disiungunt,
468 471 599 505 aiuntque
633 469 769 497 hominem
807 469 956 496 secundum

161 519 300 552 dignitatis
326 518 367 545 vel
398 517 569 544 auctoritatis
592 515 760 543 consortium:
790 515 845 542 Deo
891 521 958 542 con-

159 566 281 599 junctum
295 571 357 591 esse
373 572 381 595 ;
397 571 445 590 eos
459 571 474 589 a
488 566 562 589 recta
577 561 770 597 inculpataque
787 562 838 588 [ide
855 561 957 588 alienos

162 611 287 637 dicimus.
315 609 444 642 Quamvis
468 615 533 642 ergo
565 609 704 642 apostolus
735 607 890 634 nominetur
906 607 955 638 "',

163 662 315 690 unctusque
330 660 359 682 et
372 654 419 682 Dei
438 654 524 681 Filius
545 654 702 689 designatus
722 653 831 681 dicatur
847 653 881 684 “,
904 661 956 680 non

163 702 351 729 erubescimus
384 699 624 734 dispensationem.
660 697 835 726 Aﬂirmamus
866 703 956 725 autem

165 748 210 774 Dei
225 747 313 773 Patris
332 745 449 773 Verbum
468 751 533 772 tunc
557 745 667 772 demum
689 744 841 779 apostolum
868 744 957 772 nomi-

164 799 268 825 natum,
293 793 470 820 ctnobiscum
496 791 646 819 secundum
658 791 855 818 humanitatem
879 791 959 818 inun-

163 846 236 866 ctnm
252 846 323 870 esse,
339 839 448 873 quando
460 837 557 865 similis
574 836 655 872 149
668 837 747 864 nobis
760 836 841 864 homo
857 837 956 864 factum

164 892 214 911 est.
231 884 281 917 Qui
300 884 373 910 enim
401 884 479 910 nobis
495 882 668 910 assimilatas
684 887 737 913 est,
756 882 819 910 licet
839 882 865 909 id
883 882 955 917 quod

164 936 223 957 t‘l':tl
248 930 389 962 manserit,
415 937 475 964 quae
497 932 589 956 nostra
612 933 676 955 δυιιι
708 936 760 955 non
788 933 954 956 aversatur:

166 977 219 1003 imo
231 983 295 1002 vero
317 980 430 1010 propter
457 975 688 1009 dispensationem
716 981 747 1001 ea
772 974 873 1006 omnia,
896 982 956 1009 qua;

165 1022 198 1048 ad
211 1022 357 1048 humanam
379 1024 505 1047 naturam
525 1021 675 1055 pertinent,
692 1027 753 1046 cum
775 1019 954 1047 immanitatis

680 135 708 162 S.
729 133 869 162 C‘YRILLI
886 133 1126 162 ALEXANDle
1144 133 1306 162 ARCHIEP.

1747 134 1803 164 illo

973 198 995 224 Λ
1010 193 1058 220 ’ἐνα
1075 193 1122 220 καὶ
1136 194 1181 220 τὸν
1203 193 1284 220 αὑτὸν
1297 192 1491 229 ὁμολογοῦντες
1503 193 1548 220 τὸν
1571 193 1653 221 αὑτὸν
1671 194 1803 230 Χριστὸν,

1007 240 1054 266 καὶ
1070 239 1145 270 Υίὸν,
1163 240 1211 266 καὶ
1225 239 1339 274 Κύριον.
1355 239 1424 271 Τοὺς
1436 239 1464 265 δὲ
1478 239 1516 275 μὴ
1530 239 1616 272 οὕτως
1632 240 1706 275 ἔχειν
1724 241 1805 267 ὑπει-

1007 285 1139 320 ληφότας,
1157 285 1241 320 ἠγουν
1257 285 1396 311 πιστεύειν
1421 284 1571 317 ἐθέλοντας,
1587 285 1757 321 διορίζοντας
1775 286 1805 313 δὲ

1007 332 1047 362 εἰς
1057 331 1131 363 υἱοὺς
1144 331 1191 357 δύο
1203 331 1248 357 τὸν
1261 331 1321 362 ἕνα,
1338 330 1385 357 καὶ
1401 330 1554 362 διιστάντας
1569 331 1617 358 ἀπ’
1631 331 1757 366 ἀλλήλων
1770 331 1807 357 τὰ

1007 377 1134 412 ἡνωμένα
1156 376 1228 404 κατὰ
1243 376 1383 411 ἀλήθειαν,
1400 377 1553 411 φάσκοντας
1573 377 1602 403 δὲ
1621 377 1692 403 κατὰ
1717 376 1807 411 μόνην

1007 423 1058 458 τὴν
1071 422 1161 455 ἀξίαν,
1176 423 1236 458 ἦτοι
1257 422 1410 454 αὕθεντίαν,
1429 422 1574 458 ἀνθρώπου
1591 422 1722 457 γενέσθαι
1739 430 1807 448 συν-

1008 469 1107 503 άφειαν
1117 469 1187 504 πρὸς
1195 468 1275 501 Θεὸν,
1288 469 1338 504 τῆς
1351 469 1444 504 ὀρθῆς,
1456 469 1503 494 καὶ
1513 468 1667 504 ἀμωμήτου
1683 467 1807 498 πίστεως

1008 514 1166 549 ἀλλοτρίους
1181 512 1254 540 εἷναί
1271 522 1374 549 φαμεν.
1392 513 1474 540 Ὥστε
1502 513 1554 540 κᾶν
1571 512 1720 544 ἀπόστολος
1745 513 1808 539 ὀνο-

1010 559 1141 596 μάζηται,
1158 560 1209 587 κᾶν
1224 559 1367 596 κεχρῖσθαι
1388 559 1514 594 λέγηται,
1529 559 1578 585 καὶ
1593 559 1634 590 είς
1656 558 1722 585 Υἰὸν
1736 557 1804 592 ὡρί-

1010 606 1072 633 σθαι
1092 605 1171 638 Θεοῦ,
1184 606 1234 632 οὐκ
1256 605 1441 640 αἰσχυνόμεθα
1461 604 1510 640 τὴν
1521 604 1689 640 οἰκονομίαν.
1717 603 1807 630 Αὑτὸν

1008 652 1037 678 δέ
1053 661 1144 687 φαμεν
1159 652 1205 678 τὸν
1220 653 1252 678 ἐκ
1270 651 1338 678 Θεοῦ
1351 651 1459 686 [ἰατρὸς
1473 651 1570 685 Λόγον,
1590 651 1635 677 ὅτε
1653 650 1715 677 καθ’
1731 650 1808 684 ἡμᾶς

1008 698 1120 733 γέγονεν
1134 698 1287 734 ἄνθρωπος,
1301 697 1460 734 ὠνομάσθαι
1479 697 1511 733 δὴ
1533 698 1595 724 τότε
1614 697 1662 724 καὶ
1687 697 1809 723 ἀπόστο-

1009 745 1064 777 λον,
1080 745 1127 772 καὶ
1144 744 1288 780 κεχρῖσθαι
1306 744 1336 770 δὲ
1357 743 1418 779 μεθ’
1438 743 1517 779 ἡμῶν
1531 744 1602 770 κατὰ
1614 743 1645 769 τὸ
1665 742 1810 776 ἀνθρώπι-

1009 801 1064 819 νον.
1087 791 1117 819 '0
1138 792 1193 827 γὰρ
1209 790 1328 826 γεγονὼς
1352 790 1414 818 καθ’
1434 791 1520 826 ἡμᾶς.
1543 791 1566 817 εί
1581 790 1628 817 καὶ
1651 789 1809 825 μεμένηκεν

1009 839 1078 874 ὅπερ
1101 835 1146 874 ἧν,
1177 839 1208 864 οὐ
1232 838 1406 873 παραιτεῖται
1431 837 1466 863 τὰ
1491 836 1580 872 ἡμῶν.
1611 835 1759 871 Προσίεται
1780 835 1810 861 δὲ

973 868 997 898 Β
1011 868 1194 919 μᾶλλονπόνμοῦ
1208 868 1330 918 τοίς-τῆς
1349 868 1558 918 ἀνθρωπότητος
1582 868 1692 916 μέτροις
1710 880 1745 907 τὰ
1763 880 1810 906 ἀν-

1009 929 1134 965 θρώπινα
1145 929 1189 956 διὰ
1203 929 1253 965 τὴν
1271 928 1438 964 οἰκονομίαν,
1461 927 1538 954 οὐδὲν
1564 927 1689 954 ἐντεῦθεν
1704 927 1745 958 εἰς
1768 927 1809 953 οἱ·

1009 976 1085 1003 κείαν
1101 975 1280 1010 ἀδικούμενος
1292 975 1380 1007 δόξαν,
1397 974 1414 1009 ἢ
1431 974 1511 1009 φύσιν
1527 982 1534 988 ·
1552 973 1610 1000 ἐστι
1632 974 1687 1008 γὰρ
1707 973 1748 999 ἔτι
1761 973 1810 999 καὶ

1008 1021 1080 1049 οὕτω
1095 1022 1173 1054 Θεὸς,
1189 1022 1236 1048 καὶ
1250 1021 1305 1048 τῶν
1318 1021 1387 1047 ὅλων
1409 1020 1522 1055 Κύριος.

166 1066 300 1094 mensuris
315 1065 395 1092 simul
427 1065 573 1092 admittit:
599 1071 688 1099 neque
701 1064 785 1091 ullum
820 1065 882 1092 hinc
901 1070 991 1093 tamen
1009 1068 1157 1094 secundum
1183 1067 1321 1102 propriam
1349 1070 1488 1098 naturam,
1514 1064 1556 1092 vel
1580 1065 1706 1100 gloriam,
1719 1065 1806 1092 detri-

166 1120 286 1142 inclitum
309 1113 387 1148 capit
403 1121 409 1139 :
428 1121 470 1140 εει
490 1113 564 1141 enim
591 1112 682 1139 adhuc
699 1113 782 1139 etiam
805 1113 857 1140 hoc
875 1114 956 1142 modo

370 1171 693 1200 ANATIIEMATISMUS
711 1171 755 1200 Ill.

202 1230 230 1257 Si
245 1230 306 1264 quis
324 1229 350 1256 iu
369 1229 547 1256 uno'Christo
563 1233 624 1264 post
643 1230 772 1257 unionem
792 1229 889 1256 dividit
906 1230 957 1265 hy-

166 1281 300 1312 postases,
320 1276 449 1310 ipsasque
473 1282 505 1301 ea
534 1279 637 1302 tantum
662 1275 858 1310 conjunctione
888 1276 959 1303 inter

166 1330 196 1349 se
207 1321 357 1352 connectit,
369 1328 428 1355 quae
439 1325 480 1347 est
496 1321 644 1348 secundum
662 1321 830 1356 dignitatem,
857 1322 908 1349 hoc
918 1328 960 1350 est

165 1369 368 1398 auctoritatem,
396 1366 437 1393 vel
466 1371 640 1401 potestatem,
666 1372 695 1394 ct
725 1375 777 1394 non
805 1375 837 1393 eo
869 1368 958 1401 potius

165 1421 309 1444 concursu,
323 1412 368 1447 qui
393 1417 436 1440 est
454 1413 604 1439 secundum
633 1413 788 1440 naturalem
805 1413 931 1441 unionem
949 1422 956 1440 :

166 1459 310 1486 anathema
326 1458 371 1484 sit.

443 1513 592 1541 Declaralio
610 1515 699 1542 tertia.

203 1571 338 1599 lucarnati
368 1571 505 1606 Unigeniti
538 1571 767 1605 dispensatorium
802 1573 959 1608 mysterium

167 1622 293 1644 accurate
304 1616 484 1650 inquirentes,
500 1614 547 1642 Dei
566 1613 657 1643 Patris
671 1614 789 1643 Verbum
803 1616 959 1644 admirabili

169 1662 406 1697 inexplicabilique
436 1662 528 1694 modo,
558 1666 656 1689 sancto
691 1662 798 1697 corpori
839 1663 959 1690 animam

170 1709 283 1736 rationis
300 1713 451 1742 compotem
472 1707 583 1735 habenti
606 1708 711 1735 unitum
725 1708 862 1742 dicimus;
879 1714 961 1744 atque

169 1757 205 1783 ita
216 1763 322 1790 quoque
338 1763 421 1782 unum
441 1762 501 1782 esse
517 1753 617 1782 Filium
632 1754 819 1790 intelligimus;
829 1756 962 1790 quemad-

170 1802 278 1829 modum
295 1801 422 1828 nimirum
445 1804 472 1828 et
493 1801 520 1827 in
543 1800 622 1828 nobis
645 1800 711 1836 ipsis
738 1809 852 1829 cernere
880 1801 957 1829 licet:

169 1854 236 1876 sunt
250 1855 315 1875 sane
331 1847 420 1874 anima
448 1851 475 1874 et
498 1853 597 1881 corpus
611 1852 714 1874 naturai
729 1847 853 1881 diversae.
865 1852 894 1875 at
908 1848 961 1875 duo

171 1896 228 1922 lucc
245 1896 316 1921 inter
340 1901 369 1921 se
387 1892 530 1927 conjuncta
556 1900 640 1920 unum
665 1892 767 1920 animal
781 1894 960 1922 constituunt.

170 1930 268 1967 \‘crum
288 1944 352 1967 sunt
373 1939 417 1973 qui
432 1939 511 1965 aliter
527 1938 586 1966 haec
603 1938 705 1966 habere
722 1939 879 1973 opinantur.
896 1939 960 1966 Sta-

171 1991 249 2013 luunt
274 1985 300 2012 hi
326 1986 404 2012 nobis
422 1985 560 2013 hominem
588 1991 711 2012 seorsum
729 1991 776 2019 per
790 1992 831 2018 se,
844 1993 961 2021 eumque

171 2031 217 2059 Dei
229 2031 316 2058 l’atris
336 2031 424 2058 Verbo
444 2031 592 2058 secundum
610 2030 695 2058 solam
715 2031 875 2066 dignitatem
903 2031 962 2059 sive

170 2078 362 2104 auctoritatem
388 2077 563 2112 conjuuctutn
580 2077 674 2105 dicunt
692 2085 700 2110 ;
721 2077 869 2104 secundum
883 2082 961 2104 natu-

171 2124 252 2151 ralem
280 2128 381 2155 autem,
411 2123 462 2150 hoc
484 2128 536 2156 est,
566 2131 656 2150 veram
670 2123 810 2155 unionem,
823 2128 851 2150 et
863 2128 894 2150 ut
912 2131 962 2150 nos

169 2169 315 2203 νοηόίιιιιιε,
331 2177 514 2204 nequaquam.
537 2167 604 2196 Nam
626 2169 663 2196 ita
679 2169 762 2197 etiam
781 2169 871 2196 divina
887 2169 962 2196 Scri-

171 2223 248 2251 ptura
261 2216 345 2243 dicit:
365 2225 373 2241 ι
392 2215 550 2243 [iteramus
570 2220 665 2242 natura
690 2214 736 2242 lilii
757 2216 816 2247 irae,
838 2215 912 2243 sicut
933 2220 962 2242 et
977 2199 1000 2227 Β

170 2263 263 2290 caeteri
278 2263 300 2278 ¹⁵
316 2271 324 2296 ;
342 2272 351 2289 ι
369 2262 445 2295 illud,
462 2267 569 2293 natura.
593 2268 706 2289 sumens
725 2269 785 2296 pro,
814 2268 888 2290 vero.
908 2261 959 2295 Qui

171 2310 262 2343 itaque
295 2308 486 2336 subsistentias
521 2311 581 2342 post
613 2307 741 2334 unionem
770 2307 904 2340 dividunt,
933 2311 961 2334 et

170 2354 300 2389 singulas,
323 2355 373 2381 hoc
399 2359 451 2386 est,
481 2353 565 2380 Deum
587 2358 615 2381 et
640 2353 789 2385 hominem,
813 2354 959 2388 separatim

171 2407 284 2436 ponunt,
298 2401 435 2435 talemque
449 2400 556 2426 illarum
575 2400 698 2435 copulam
714 2399 885 2435 contingunt,
899 2407 959 2435 quae

170 2447 319 2474 secundum
356 2447 441 2474 solam
468 2446 627 2482 dignitatem
650 2446 794 2481 contingit,
822 2446 858 2473 illi
893 2447 961 2473 duos

170 2493 282 2520 munitm
318 2492 387 2520 lilios
422 2493 619 2524 constituunt;
649 2499 710 2520 cum
746 2497 835 2520 tamen
866 2492 959 2520 divina

172 2540 311 2573 Scriptura
323 2546 407 2566 unum
425 2539 523 2565 Filium
543 2544 571 2565 et
590 2539 733 2566 Dominum
752 2546 814 2566 esse
832 2537 958 2566 atﬁrmet.

171 2586 260 2616 Quare
282 2588 343 2618 post
367 2591 495 2610 arcanam
525 2583 598 2611 illam
625 2583 762 2618 copulam,
790 2583 849 2611 sive
873 2583 958 2611 Deum

172 2629 295 2656 nomines
312 2629 528 2662 Emmanuelem,
554 2630 725 2657 incarnatum
746 2635 774 2657 et
796 2629 958 2657 inhumana-

208 2708 240 2724 "'
252 2707 333 2736 Hebr.
348 2717 389 2742 In.
403 2709 428 2736 l.
469 2709 491 2725 ”
504 2709 575 2737 Psal.
594 2717 667 2743 XLIV,
682 2710 713 2743 8;
729 2709 811 2737 llebr.
827 2717 848 2743 I,
862 2710 889 2737 9.

975 1115 1046 1142 Deus
1058 1123 1090 1143 ac
1110 1115 1241 1143 Dominus
1260 1115 1394 1142 omnium.

1228 1172 1525 1199 ΑΝΑΘΕΜΛΤΙΣΜΟΣ
1550 1171 1589 1199 Γ’.

1045 1229 1079 1256 Εἴ
1090 1238 1131 1261 τις
1143 1229 1188 1256 ἐπὶ
1199 1229 1246 1256 τοῦ
1260 1229 1320 1261 ἐνὸς
1335 1228 1454 1264 Χριστοῦ
1466 1229 1566 1264 διαιρεῖ
1574 1228 1624 1260 τὰς
1640 1228 1808 1260 ὑποστάσεις

1012 1276 1081 1312 μετὰ
1090 1276 1140 1311 τὴν
1154 1276 1261 1308 ἕνωσιν,
1276 1276 1344 1311 μόνῃ
1366 1275 1508 1302 συνάπτων
1520 1275 1605 1306 αὑτὰς
1622 1274 1756 1310 συναφείᾳ
1773 1275 1807 1309 τῇ

1010 1322 1081 1348 κατὰ
1094 1321 1143 1357 τὴν
1157 1321 1246 1355 ἀξίαν,
1265 1322 1351 1357 ἤγουν
1366 1321 1523 1353 αὺθεντίαν,
1538 1320 1555 1356 ἦ
1570 1320 1742 1353 δυναστείαν,
1760 1320 1809 1346 καὶ

1011 1369 1071 1404 οὐχὶ
1085 1369 1117 1404 δὴ
1131 1368 1230 1404 μᾶλλον
1244 1367 1354 1395 σύνοδον
1368 1367 1417 1404 τὴν
1429 1377 1446 1387 -ι
1462 1367 1523 1395 καθ’
1534 1368 1632 1394 ἕνωσιν
1645 1367 1766 1402 φυσικήν
1777 1371 1806 1385 ιτ·

1011 1414 1136 1450 ἀνάθεμα
1155 1414 1235 1441 ἔστω.

1306 1467 1462 1500 Ἐπίλυσις
1481 1470 1518 1502 γ’.

974 1523 1010 1551 ϐ’
1048 1526 1104 1560 Τῆς
1118 1525 1187 1560 μετὰ
1210 1525 1312 1561 σαρκὸς
1333 1525 1488 1560 οἰκονομίας
1503 1524 1550 1551 τοῦ
1567 1524 1739 1558 Μονογενοῦς
1756 1533 1807 1550 πο-

1010 1571 1268 1607 λυπραγμονοῦντες
1289 1572 1320 1598 τὸ
1336 1572 1496 1608 μυστήριον,
1520 1571 1679 1607 παραδόξως
1703 1579 1733 1597 τε
1759 1571 1808 1597 καὶ

1010 1618 1175 1653 ὰπορῤήτως
1205 1618 1327 1653 ἡνῶσθαι
1355 1627 1447 1654 φαμεν
1472 1618 1544 1653 ἁγίῳ
1574 1618 1682 1652 σώματι
1712 1616 1808 1652 ψυχὴν

1010 1663 1098 1700 ἔχοντι
1109 1663 1232 1700 λογικὴν,
1255 1665 1301 1691 τὸν
1318 1665 1351 1692 ὲκ
1372 1664 1439 1692 Θεοῦ
1455 1664 1562 1700 Πατρδς
1574 1664 1660 1698 Λόγον
1671 1672 1678 1679 ·
1705 1664 1754 1690 ἕνα
1777 1671 1807 1689 τε

1011 1710 1059 1738 καὶ
1080 1709 1153 1737 οὕτω
1175 1710 1291 1746 νοοῦμεν
1318 1710 1393 1742 Υίὺν,
1420 1710 1546 1746 καθάπερ
1573 1710 1670 1746 ἀμέλει
1692 1710 1740 1737 καὶ
1763 1709 1808 1743 ἐρ’

1011 1756 1090 1792 ήμῶν
1105 1756 1195 1784 αὐτῶν
1213 1756 1318 1790 ἔξεστιν
1332 1757 1408 1789 ἰδεῖν,
1421 1756 1558 1792 ὲτεροφυᾶ
1580 1755 1630 1791 μὲν
1643 1755 1683 1791 τῷ
1697 1755 1808 1790 σώματι

1010 1803 1061 1838 τὴν
1082 1803 1182 1839 ψυχὴν,
1203 1802 1273 1839 πλὴν
1295 1803 1335 1835 εἰς
1353 1802 1383 1828 ἓν
1407 1802 1490 1838 ἄμφω
1509 1801 1579 1834 ζῶον
1599 1800 1806 1836 συντεθειμένα.

1018 1849 1088 1876 Ἀλλ’
1110 1849 1160 1884 οὐχ
1183 1848 1255 1876 οὕτω
1277 1848 1354 1875 ταῦτ’
1368 1848 1442 1883 ἔχειν
1464 1847 1607 1875 ὑπονοοῦσί
1633 1855 1716 1879 τινες.
1741 1847 1808 1873 'Av-

1012 1895 1121 1931 θρωπον
1140 1895 1169 1921 δὲ
1184 1895 1338 1926 διιστάντες
1361 1895 1427 1930 ἡμῖν
1451 1893 1503 1921 ἀνὰ
1526 1893 1608 1929 μέρος
1629 1893 1677 1919 καὶ
1713 1892 1808 1923 ίδικῶς

1013 1940 1148 1975 συνῆφθαι
1171 1948 1253 1974 φασιν
1281 1940 1363 1967 αὑτὸν
1385 1939 1425 1974 τῷ
1449 1940 1480 1966 ὲκ
1504 1939 1572 1966 Θεοῦ
1594 1938 1702 1973 Πατρὺς
1724 1938 1807 1972 φύντι

1012 1987 1091 2022 Λόγῳ
1103 1986 1176 2013 κατὰ
1191 1986 1276 2021 μόνην
1298 1985 1346 2021 τὴν
1369 1985 1459 2018 ἀξίαν,
1481 1986 1564 2021 ἤγουν
1580 1984 1630 2019 τὴν
1650 1984 1806 2011 αὑθεντίαν·

1011 2033 1043 2060 οὐ
1063 2033 1124 2060 καθ’
1138 2033 1236 2060 ἕνωσιν
1253 2032 1379 2068 φυσικὴν,
1391 2031 1529 2059 τουτέστιν
1541 2031 1640 2066 ἀληθῆ,
1655 2031 1702 2057 καὶ
1720 2031 1808 2058 καθά-

1012 2088 1066 2114 περ
1087 2081 1167 2116 ἡμεῖς
1193 2078 1368 2113 πιστεύομεν.
1383 2077 1462 2105 Οὕτω
1481 2078 1535 2112 γάρ
1558 2077 1609 2103 πού
1625 2084 1692 2112 φησι
1718 2077 1767 2103 καὶ
1789 2078 1807 2112 ἡ

1012 2125 1072 2153 θεία
1088 2125 1184 2161 Γραφή
1197 2133 1203 2140 ·
1223 2134 1231 2150 t
1249 2125 1303 2151 Καὶ
1321 2121 1393 2159 ἦμεν
1407 2123 1491 2150 τέκνα
1506 2123 1586 2157 φύσει
1597 2123 1694 2158 ὀργῆς,
1706 2123 1746 2154 ὡς
1760 2123 1808 2149 καὶ

1012 2172 1037 2198 οἱ
1059 2171 1157 2202 λοιποὶ,
1185 2181 1194 2196 ι
1217 2170 1248 2197 τὸ
1263 2170 1365 2204 φύσει,
1382 2169 1443 2196 ἀντὶ
1462 2168 1527 2201 τοῦ,
1550 2168 1670 2202 ἀληθῶς,
1693 2167 1807 2203 λαμϐά-

1013 2227 1105 2246 νουσα.
1124 2218 1156 2244 οι
1179 2217 1346 2253 διαιροῦντες
1366 2216 1456 2243 τοίνυν
1476 2215 1527 2247 τὰς
1548 2214 1713 2246 ὑποστάσεις
1739 2215 1808 2249 μετὰ

1013 2265 1064 2300 τὴν
1077 2264 1186 2295 ἕνωσιν,
1197 2264 1243 2290 καὶ
1256 2263 1309 2290 ἀνὰ
1330 2263 1413 2298 μέρος
1433 2261 1551 2293 τιθέντες
1566 2260 1715 2296 ἑκατέραν,
1728 2269 1808 2287 τουτ‹

1014 2311 1087 2338 ἐστιν
1106 2310 1251 2346 ἄνθρωπον
1275 2309 1324 2336 καὶ
1349 2308 1426 2341 Θεὸν,
1459 2307 1507 2334 καὶ
1543 2307 1717 2337 ἐπινοοῦντες
1745 2315 1808 2332 συν-

1012 2357 1111 2392 ἀφειαν
1126 2357 1217 2387 αὐτοῖς
1233 2355 1282 2391 τὴν
1299 2355 1370 2382 κατά
1382 2362 1414 2388 γε
1433 2354 1517 2389 μόνην
1533 2353 1582 2387 τὴν
1597 2351 1686 2386 ἀξίαν,
1696 2352 1744 2379 δύο
1756 2361 1807 2378 που

1014 2404 1124 2435 πάντως
1149 2402 1259 2429 ἱστῶσιν
1289 2401 1379 2432 υἱούς·
1424 2400 1514 2427 καίτοι
1541 2399 1590 2435 τῆς
1625 2397 1807 2425 θεοπνεύστου

1014 2449 1125 2484 Γραφῆς
1139 2449 1187 2475 ἕνα
1200 2448 1332 2482 λεγούσης
1356 2446 1428 2478 Υίδν,
1446 2446 1493 2472 καὶ
1509 2445 1621 2480 Κύριον.
1638 2445 1721 2471 Ὥστε
1738 2443 1806 2479 μετά

1013 2494 1063 2530 τὴν
1084 2494 1203 2530 ἄρρητον
1227 2493 1334 2525 ἕνωσιν,
1358 2492 1410 2518 κᾶν
1433 2491 1501 2518 Θεὸν
1521 2490 1660 2526 ὸνομάσῃς
1673 2490 1720 2516 τὸν
1743 2490 1806 2524 Ἐμ-

1014 2539 1145 2576 μανουὴλ,
1162 2538 1339 2575 σαρκωθέντα
1355 2547 1386 2564 τε
1402 2537 1450 2564 καὶ
1467 2536 1718 2572 ἐνανθρωπήσαντα
1732 2535 1806 2562 νοοῦ-

1013 2594 1064 2622 μεν
1075 2586 1157 2621 ἡμεῖς
1169 2585 1215 2612 τὸν
1229 2585 1261 2611 ὲκ
1275 2583 1342 2610 Θεοῦ
1355 2583 1462 2619 Πατρδς
1476 2582 1563 2616 Λόγον
1570 2578 1581 2598 ’⁸
1597 2581 1651 2608 κᾶν
1663 2576 1805 2616 ἄνθρωπον

1011 2631 1104 2667 εἴπῃς,
1126 2630 1202 2658 οὐδὲν
1218 2627 1300 2666 ἧττον
1323 2629 1427 2656 ἐκεῖνον
1450 2627 1543 2660 αὐτὸν,
1563 2627 1592 2653 ὲν
1617 2627 1675 2654 τοῖς
1694 2625 1746 2661 τῆς
1763 2625 1805 2652 ἀν-

936 2709 1070 2744 “_Ephes.
1084 2717 1115 2742 tr,
1135 2709 1162 2736 6.

696 2787 782 2816 Variae
798 2787 931 2816 lectiones
943 2795 977 2816 ex
988 2787 1083 2817 codice
1097 2787 1290 2825 Seguieriano.

199 2858 220 2874 ι
234 2848 335 2891 σῦνοὸῳ
351 2855 396 2891 τῇ.
434 2859 446 2874 π
463 2857 578 2891 φυσικῇ.
