1886 3056
58 137 100 164 3’)!
585 134 791 163 EXPLK‘ATIO
812 133 988 162 DUODECIM
1008 132 1174 161 CAPITUM.

1648 130 1701 158 30‘3

57 194 234 230 θρωπότητοί
265 195 380 230 μέτροις
407 194 578 230 καθηγμένον
603 193 781 229 οἰκονομικῶς
803 194 859 220 ἐπι-

948 200 970 218 tn
983 190 1028 218 Dei
1051 190 1142 218 Patris
1155 189 1271 217 Verbum
1288 189 1441 224 accipimus
1457 196 1464 215 :
1485 187 1543 214 sive
1565 186 1702 214 hominem

57 239 241 276 γινώσκομεν.
264 240 411 275 Γεγονέναι
430 241 458 267 δέ
474 249 565 276 φαμεν
583 241 663 267 αὐτὸν
676 244 688 256 ο
705 239 790 266 ἁπτὸν
813 239 860 265 τὸν

58 287 165 321 ἀναφῆσ
191 287 300 323 ὁρατὸν
322 287 369 314 τὸν
393 288 520 321 ἀόρατον.
544 287 582 314 Οὐ
597 286 651 322 γὰρ
665 285 698 322 ἦν
720 285 861 320 ἀλλότριον

60 332 139 359 αὐτοῦ
165 332 198 359 τὸ
229 333 334 360 ὲνωθὲν
350 333 425 368 αὐτῷ
452 333 542 369 σῶμα,
567 333 582 359 ὃ
605 333 654 359 καὶ
677 331 764 359 ἁπτὸν
790 328 861 357 εἶναί

61 387 160 413 φαμεν,
178 379 229 405 καὶ
251 379 362 415 ὁρατόν.
381 379 450 410 Τοὺς
469 379 498 405 δὲ
520 378 558 414 μὴ
578 377 650 404 οὕτω
669 377 859 409 πιστεύοντας,

61 425 220 456 διιστῶντας
239 425 268 452 δὲ
280 447 288 458 ,
311 426 349 457 ὡς
369 426 447 460 ἔφην,
465 425 516 457 τὰς
540 425 702 455 ὑποστάσεις
718 423 787 459 μετὰ
810 423 860 458 τὴν

61 470 167 501 ἱνωσιν,
196 471 246 497 καὶ
273 472 356 506 ψιλὴν
384 472 480 503 αὑταῖς
509 472 658 507 συνάφειαν
685 470 859 501 ἐπινοοῦντας

63 517 132 543 κατὰ
153 518 240 553 μόνην
254 518 306 554 τὴν
331 517 420 550 ἀξίαν,
445 519 530 553 ἤγουν
545 518 699 548 αὐθεντίαν.
722 517 860 552 ἀλλοτριοϊ

62 564 114 589 τῶν
132 563 203 598 ὀρθὰ
226 563 399 599 φρονούντων
422 569 436 589 l'
457 565 471 590 ὁ
489 564 668 600 προκείμενος
693 563 859 598 ἀναθεματι-

64 608 140 643 σμὸς.

910 237 1023 269 dixeris,
1043 245 1094 264 nos
1111 244 1189 271 aeque
1217 236 1281 263 illud
1295 236 1383 270 ipsum
1408 235 1473 270 (Dei
1494 233 1631 268 Verbum)
1655 241 1702 268 per

909 283 1140 319 dispensationem
1159 283 1184 310 in
1205 289 1347 309 mensuras
1362 281 1540 309 humanitatis
1552 281 1702 307 demissum

911 331 1097 365 agnoscimus.
1133 329 1255 356 Dicimus
1292 329 1383 363 itaque
1419 328 1507 362 ipsum
1539 327 1702 362 palpabilt-m

911 376 1010 403 factum
1027 383 1097 408 esse,
1111 376 1157 410 qui
1176 375 1355 410 impalpabilis
1380 380 1437 407 est;
1453 379 1481 401 et
1494 374 1638 407 visibilem,
1656 374 1702 408 qui

913 423 1066 451 invisibilis.
1083 422 1141 449 Non
1169 421 1242 449 enim
1262 422 1381 449 alienum
1403 426 1464 448 erat
1492 421 1572 456 150
1596 421 1630 448 ab
1657 421 1701 448 illo

914 477 1013 503 corpus
1041 468 1113 503 quod
1125 468 1178 495 sibi
1198 468 1297 500 univit,
1315 467 1384 502 quod
1408 468 1502 501 utiqne
1523 466 1658 501 palpabile
1676 470 1704 493 et

918 515 1025 542 visibile
1048 515 1172 542 dicimus.
1198 514 1252 541 Eos
1279 521 1355 545 vero,
1376 514 1421 548 qui
1444 514 1479 540 ita
1507 520 1558 540 non
1576 513 1704 544 credunt,

911 561 957 588 sed
978 560 1169 587 subsistentias
1193 565 1253 593 post
1274 559 1412 587 unionem.
1433 563 1463 586 ut
1479 559 1558 585 modo
1586 558 1703 590 aiebam,

912 607 1175 639 dividunl;eatnque
1191 605 1289 632 nudam
1309 605 1429 638 ipsarum
1456 605 1581 631 unionem
1595 604 1703 638 excogi-

65 660 132 687 tant,
151 663 209 689 qua:
227 656 252 682 iu
274 655 331 682 sola
366 655 498 690 dignitate
526 657 583 682 sive
605 655 767 682 auctoritate
800 654 936 686 consisﬁt,
956 656 1115 688 propositus
1149 652 1193 678 hic
1236 651 1480 678 anathematismus
1497 651 1531 677 ab
1552 650 1585 677 iis
1601 650 1706 677 alienos

63 709 123 728 esse
138 702 243 736 indicat
264 703 309 729 oni
333 710 393 738 qua:
414 709 485 730 recta
516 707 578 729 sunt
597 703 700 729 sentire
718 706 932 729 consueverunt.

288 758 585 786 ΔΝΛΘΕΜΛΤΙΣΜΟΣ
604 761 640 785 Δ’.

102 815 133 841 Εἰ
148 824 191 847 τις
209 815 367 851 προσώποις
379 816 465 848 δυσὶν,
479 816 562 852 ἤγουν
573 816 749 848 ὑποστάσεσι,
764 815 813 847 τάς
828 823 858 841 τε

1116 753 1438 783 ANATHEMATISMUS
1458 754 1502 782 IV.

949 813 978 841 Si
1000 813 1061 848 quis
1085 811 1191 839 duabus
1214 812 1339 846 personis
1360 811 1418 838 sive
1441 810 1633 846 hypostasibtts
1655 817 1703 837 eas

64 863 94 888 ἐν
107 863 164 893 τοῖς
180 862 371 896 εὖαγγελικοῖς
387 863 435 889 καὶ
450 862 639 894 ἁποστολικοῖς
656 861 858 896 Συγγράμμασι

948 867 990 886 ces
1015 857 1151 890 attribuit,
1176 865 1236 892 qua:
1258 857 1284 883 in
1307 856 1472 892 evangelieis
1496 860 1523 884 et
1547 855 1704 890 apostolicis

64 906 188 942 διανέμει
199 907 329 942 φωνὰς,ῆ
343 908 389 933 ὲπὶ
404 908 516 943 Χριστῷ
530 908 606 943 παρὰ
619 907 674 934 τῶν
686 907 771 941 ἁγίων
783 907 862 941 λεγο-

66 954 162 988 μένας,
184 955 201 989 ἢ
226 955 293 990 παρ’
309 953 393 980 αὑτοῦ
414 955 477 990 περὶ
495 955 590 981 ἑαυτοῦ
602 964 608 969 -
627 955 675 981 καὶ
692 956 741 984 τὰς
759 954 808 990 μὲν
822 954 861 985 ὡς

65 998 205 1034 ἀνθρώπῳ
224 999 301 1035 παρὰ
326 999 373 1036 τὸν
391 1000 422 1026 ἐκ
444 1000 512 1026 Θεοῦ
535 1000 641 1035 Πατρδς
662 1000 749 1034 Λόγον
770 999 861 1031 ἰδικῶς

65 1043 206 1078 νοουμένῳ
220 1045 384 1079 προσάπτει,
402 1045 450 1076 τὰς
464 1045 492 1071 δὲ
507 1045 544 1077 ὡς
559 1046 721 1080 θεοπρεπεῖς
737 1045 810 1081 μόνῳ
822 1045 861 1081 τῷ

65 1089 98 1114 ἐκ
111 1088 180 1114 Θεοῦ
199 1089 304 1124 tinge;
319 1089 413 1124 Λόγῳ·
435 1089 560 1126 ἀνάθεμα
574 1090 654 1117 ἔστω.

358 1188 514 1221 Ἐπίλυσις
533 1188 568 1216 δ’.

107 1243 153 1270 Ἐν
168 1246 260 1280 μορφῇ
282 1244 328 1271 καὶ
345 1245 450 1281 ἰσότητι
466 1246 514 1272 τοῦ
535 1246 604 1272 Θεοῦ
622 1246 670 1273 καὶ
685 1246 791 1281 Πατρὺς
808 1245 861 1273 ὑπο

68 1290 159 1325 άρχων
178 1291 192 1316 ὁ
203 1291 233 1324 eg
247 1290 331 1317 αὑτοῦ
345 1291 443 1326 Λόγος,
459 1292 510 1327 οὐχ
522 1291 668 1328 ἁρπαγμὸν
691 1293 814 1328 ἡγήσατο
831 1291 862 1317 τὸ

67 1334 139 1362 εἶναι
152 1333 200 1362 ἶσα
215 1335 286 1371 Θεῷ,
304 1335 398 1368 καθὼς
411 1336 586 1372 γέγραπται.’
598 1337 702 1372 καθῆκε
716 1338 744 1364 δὲ
762 1337 862 1373 μᾶλλον

68 1382 163 1408 ἑαυτὸν
187 1383 229 1413 εἰς
253 1381 378 1410 ἑκούσιον
399 1383 530 1416 κένωσιν,
557 1383 605 1410 καὶ
623 1383 862 1419 καταπεφοίτηκεν

68 1427 210 1463 ἐθελοντὴς
222 1429 252 1454 ἐν
268 1429 326 1460 τοῖς
342 1427 404 1455 καθ’
420 1429 505 1465 ἡμᾶς,
517 1429 548 1456 οὐ
562 1429 655 1465 μεθεὶς
666 1429 698 1456 τὸ
712 1427 782 1456 εἶναι
793 1429 862 1466 ὅπερ

69 1474 136 1506 ἐστὶ,
161 1474 328 1510 μεμενηκὼς
343 1474 373 1501 δὲ
394 1475 495 1511 μᾶλλον
515 1476 562 1502 καὶ
577 1475 649 1503 οὓτω
671 1475 749 1507 Θεὸς,
767 1475 816 1502 καὶ
831 1475 863 1502 τὸ

914 905 1062 940 Scripturis
1078 904 1178 939 passim
1203 908 1370 936 occurrunt;
1388 909 1482 937 quaeve
1507 910 1521 929 a
1546 902 1649 929 sanctis
1671 902 1704 928 de

911 950 1031 982 Christo,
1050 950 1091 977 vel
1116 950 1150 977 ab
1167 951 1224 984 ipso
1245 957 1353 984 quoque
1375 949 1485 976 Christo
1501 948 1534 975 de
1557 948 1646 982 seipse
1661 948 1702 974 di-

912 1002 962 1023 cta:
978 1000 1060 1028 sunt;
1078 1001 1105 1023 et
1121 995 1187 1022 alias
1202 995 1312 1029 quidem
1329 994 1432 1021 homini
1450 994 1532 1020 veluti
1552 1000 1674 1020 seorsum
1689 1001 1703 1019 ιι

912 1041 959 1069 Dei
981 1041 1071 1068 Verbo
1093 1041 1267 1068 considerato
1290 1036 1429 1073 ascribit;
1445 1039 1513 1067 alias
1537 1047 1614 1072 vero,
1642 1045 1703 1065 tan-

913 1095 992 1122 quam
1011 1087 1065 1115 Deo
1080 1087 1281 1119 convenientes,
1302 1087 1353 1114 snli
1371 1086 1416 1114 Dei
1433 1085 1522 1113 Patris
1535 1085 1623 1112 Verbo
1639 1085 1702 1112 ada-

913 1139 987 1168 ptat:
1005 1134 1147 1161 anathema
1161 1133 1207 1161 sit.

1171 1190 1322 1217 Declaratt'o
1337 1195 1445 1224 quarta.

948 1247 995 1274 Dei
1011 1247 1100 1275 Patris
1116 1247 1233 1274 Verbum
1261 1247 1287 1274 in
1312 1246 1434 1282 ejusdem
1460 1245 1548 1273 Patris
1568 1245 1652 1272 forma
1677 1249 1706 1272 et

912 1293 1068 1328 aequalitate
1083 1294 1228 1325 exsistens,
1252 1300 1307 1320 non
1332 1291 1456 1327 rapinam
1479 1291 1641 1318 arbitratum
1663 1295 1706 1319 est

913 1347 974 1367 esse
996 1347 1025 1366 se
1047 1339 1150 1374 aequale
1171 1339 1237 1371 Deo.
1253 1343 1281 1365 ut
1294 1338 1426 1373 scriptunt
1441 1341 1482 1365 est
1493 1337 1527 1370 ¹⁶,
1545 1338 1592 1365 sed
1615 1337 1705 1372 potius

913 1386 1032 1421 scipstnn
1060 1391 1156 1421 sponte
1175 1384 1344 1416 exinanivit,
1361 1389 1389 1412 et
1409 1384 1442 1411 ad
1459 1390 1550 1412 nostra
1572 1391 1602 1411 se
1616 1384 1705 1411 denti-

913 1431 960 1464 sit,
979 1439 1033 1458 non
1057 1431 1186 1459 amittens
1203 1438 1264 1458 esse
1282 1431 1354 1465 quod
1376 1434 1430 1462 est.
1450 1430 1496 1457 sed
1520 1430 1606 1465 magis
1621 1429 1702 1457 etiam

915 1476 965 1503 hoc
978 1481 1057 1511 pacto
1071 1476 1141 1504 Deus
1157 1484 1330 1511 permanens,
1349 1480 1377 1503 et
1397 1475 1465 1503 nihil
1485 1483 1579 1503 eorum
1593 1483 1654 1511 qum
1670 1475 1705 1502 ad

69 1521 117 1555 τῆς
129 1520 342 1556 ἀνθρωπότητος
354 1521 405 1548 οὐκ
418 1521 558 1557 ἀτιμάσας
576 1521 686 1557 μέτρον.
699 1521 793 1548 Πάντα
810 1521 859 1548 τοί-

948 1531 1040 1550 nnanaa
1051 1528 1155 1550 natura:
1166 1522 1351 1550 conditionem
1368 1522 1516 1556 pertinent,
1531 1526 1702 1557 aspernatus.

70 1574 115 1592 νον
129 1565 214 1592 αὐτοῦ
232 1566 266 1593 τὰ
289 1566 431 1602 θεοπρεπῆ
458 1567 507 1594 καὶ
536 1566 705 1601 ἀνθρώπινα.
732 1566 786 1593 Ποῦ
807 1567 862 1602 γὰρ

70 1611 107 1638 ἔτι
122 1612 280 1638 κεκένωκεν
291 1612 404 1644 ἑαυτὸν,
418 1613 443 1639 εἰ
457 1613 514 1644 τοῖς
529 1612 578 1647 τῆς
590 1612 800 1648 ἀνθρωπότητος
814 1613 862 1648 μέο

69 1667 142 1694 τροις
155 1658 357 1694 imp-segnia;
381 1659 436 1685 Καὶ
457 1659 481 1685 εί
505 1659 677 1694 παρῃτεῖτον
701 1658 735 1686 τὰ
755 1657 863 1694 ἀνθρώ-

71 1713 133 1731 πινα
145 1724 154 1736 ,
170 1705 215 1736 τίς
229 1705 245 1731 ὁ
262 1704 421 1740 καταοήσας
431 1709 443 1723 ι
458 1704 540 1731 αὑτὸν
562 1705 600 1736 ὡς
624 1704 654 1737 ἐξ
675 1705 800 1739 ἀνάγκης
815 1705 863 1731 καὶ

72 1750 127 1784 βίας
143 1750 186 1781 εἰς
203 1750 234 1776 τὸ
251 1750 379 1784 γενέσθαι
396 1749 458 1776 καθ’
479 1749 570 1785 ἡμᾶς;
595 1749 689 1781 Πάσας
704 1750 794 1776 τοίνυν
813 1749 863 1781 τὰς

71 1798 98 1824 ὲν
113 1798 171 1828 τοῖς
188 1795 368 1831 Εὑαγγελίοις
381 1796 471 1831 φωνὰς
482 1816 490 1828 ,
508 1796 558 1828 τάς
572 1804 602 1822 τε
617 1795 802 1831 ἀνθρωπίνας,
814 1796 863 1823 καὶ

71 1844 122 1879 μὴν
133 1843 185 1869 καὶ
199 1842 250 1874 τὰς
266 1842 440 1878 Θεοπρεπεῑς,
455 1843 495 1869 ἑνὶ
505 1844 644 1879 προσώπῳ
656 1844 861 1878 προσάπτομεν.

75 1888 183 1924 Ἐπειδὴ
199 1889 250 1915 καὶ
266 1888 314 1914 ἕνα
335 1888 498 1923 πιστεύομεν
513 1889 575 1915 Υἱὸν
591 1886 661 1915 εἶναι
675 1888 792 1924 Χριστὸν
811 1888 864 1923 ’1η-

71 1934 147 1967 σοῧν,
160 1934 305 1961 τουτέστιν
320 1934 571 1970 ἑνανθρωπήσαντά
584 1944 613 1961 τε
626 1935 672 1961 καὶ
685 1934 863 1969 σεσαρκωμέ-

69 1989 110 2007 νον
125 1981 173 2007 τὸν
192 1980 241 2007 τοῦ
258 1981 327 2007 Θεοῦ
344 1981 440 2015 Λόγον.
456 1981 538 2007 Ὥστε
552 1981 604 2008 κᾶν
619 1981 687 2017 λέγῃ
704 1989 730 2008 τι
744 1981 798 2007 τῶν
817 1981 864 2006 ἁν-

70 2026 226 2061 ϐρωπίνων,
251 2028 310 2058 τοῖς
336 2027 385 2062 τῆς
408 2026 619 2062 ἁνθρωπότητος
641 2027 723 2054 αὐτοῦ
753 2028 863 2062 μέτροις

70 2071 310 2107 καταλογιούμεθα
318 2073 353 2098 τὰ
365 2072 539 2108 ἀνθρώπων
553 2073 636 2100 αὐτοῦ
652 2073 707 2108 γὰρ
720 2074 801 2100 πάλιν
815 2073 864 2100 καὶ

69 2118 97 2144 τὸ
110 2117 285 2153 ἀνθρώπινον
297 2127 303 2134 ν
317 2118 369 2145 κᾶν
384 2118 421 2150 ὡς
437 2119 504 2151 Θεὸς
519 2119 694 2155 διαλέγηται,
711 2120 778 2147 Θεὸν
792 2117 863 2147 εἶναι

69 2164 248 2195 πιστεύοντες
259 2164 306 2190 τὸν
318 2164 579 2200 ὲνανθρωπήσαντα,
592 2165 674 2192 ’πάλιν
688 2165 725 2196 ὡς
743 2165 783 2191 ἐνὶ
794 2165 863 2200 Χρι-

914 1568 985 1595 Suut
999 1569 1089 1604 itaque
1107 1569 1180 1596 illius
1196 1568 1299 1601 omnia,
1315 1576 1370 1596 non
1387 1568 1475 1596 solum
1491 1568 1593 1601 divina,
1609 1575 1703 1595 vertnn

913 1615 995 1642 etiam
1011 1615 1140 1642 humana.
1153 1615 1210 1648 Qua
1226 1615 1297 1642 enim
1314 1615 1419 1642 ratione
1433 1622 1462 1642 se
1476 1615 1562 1649 ipsum
1578 1614 1704 1641 exinani-

913 1661 962 1694 vit,
979 1661 1001 1688 si
1027 1662 1152 1688 humanae
1176 1666 1280 1689 naturae
1295 1666 1388 1696 partes
1404 1661 1535 1688 erubuit?
1550 1661 1582 1688 Et
1607 1661 1629 1688 si
1653 1661 1704 1688 hu-

915 1715 993 1734 mana
1009 1711 1150 1734 aversatus
1168 1713 1220 1737 est.
1233 1707 1294 1742 quis
1309 1706 1382 1734 illum
1397 1710 1526 1740 tanquam
1541 1705 1705 1733 necessitate

914 1757 962 1779 attt
972 1753 999 1779 vi
1013 1753 1046 1780 ad
1060 1753 1111 1780 hoc
1125 1752 1243 1787 impulit,
1258 1756 1286 1779 ut
1299 1751 1377 1779 nobis
1388 1751 1485 1779 similis
1497 1751 1592 1779 ﬂeret?
1602 1751 1705 1780 Omnes

915 1799 1008 1832 itaque
1032 1799 1285 1834 Evangelii‘voces,
1310 1799 1367 1826 sive
1393 1798 1447 1826 illa;
1468 1799 1617 1826 ltumanum
1638 1798 1704 1833 Quid

915 1850 1025 1877 sonant,
1041 1846 1099 1873 sive
1113 1845 1246 1877 divinum,
1264 1845 1310 1872 uni
1325 1851 1448 1880 persona:
1464 1844 1629 1872 tribuimus:
1642 1851 1704 1871 nam

915 1896 942 1920 et
955 1891 1092 1919 Christum
1109 1889 1213 1922 Jesum,
1229 1891 1281 1918 hoc
1296 1894 1338 1917 est
1354 1889 1560 1916 inhumanatum
1576 1894 1604 1917 et
1617 1889 1707 1917 incar-

915 1943 1008 1966 natum
1029 1937 1074 1964 Dei
1089 1936 1221 1968 Verbum,
1246 1944 1330 1964 unum
1349 1936 1449 1964 Filium
1473 1943 1535 1964 esse
1558 1936 1704 1963 credimus.

915 1984 1004 2016 Quare
1019 1983 1041 2010 si
1055 1982 1118 2018 quid
1138 1982 1286 2010 lmmanum
1301 1981 1443 2016 pmdicat,
1460 1982 1511 2009 hoc
1526 1981 1559 2008 ad
1580 1982 1706 2008 humani-

916 2031 979 2058 tatis
993 2030 1052 2064 ejus
1067 2029 1250 2057 conditionem
1267 2028 1465 2056 transferemus
1479 2028 1533 2064 (est
1547 2029 1620 2055 enim
1635 2027 1710 2055 illius

914 2081 942 2104 et
967 2077 1024 2112 ipsa
1050 2083 1158 2112 quoque
1185 2074 1369 2108 humanitas);
1397 2075 1418 2101 si
1443 2081 1507 2102 vero
1527 2073 1654 2108 loquatur
1678 2079 1708 2100 ut

917 2122 996 2154 Deus,
1023 2123 1068 2149 uni
1095 2129 1203 2148 rursum
1229 2121 1340 2148 Christo
1363 2125 1391 2147 et
1414 2119 1484 2147 Filio
1508 2119 1708 2154 assignabimns

916 2175 996 2195 voces
1010 2175 1092 2202 supra
1111 2171 1235 2193 naturam
1253 2165 1383 2196 hominis.
1399 2164 1484 2192 Deum
1499 2165 1707 2192 inltumanatum

70 2210 124 2245 στῷ
145 2211 195 2237 καὶ
205 2210 266 2245 Υἱῷ
278 2211 328 2240 τὰς
340 2210 410 2245 ὑπὲρ
418 2211 563 2247 ἀνθρώπου
570 2211 650 2245 φύσιν
656 2210 859 2246 προσνεμοῦμεπ.

948 2220 992 2239 nm
1009 2220 1071 2239 esse
1095 2211 1247 2239 credentes.
1267 2211 1317 2243 Qui
1338 2217 1403 2238 vero
1424 2210 1498 2236 illum
1521 2209 1547 2237 in
1565 2210 1632 2237 duas
1647 2218 1708 2244 per-

69 2255 174 2290 ςωνάς.
189 2255 224 2282 Οἱ
239 2255 266 2282 δὲ
284 2256 438 2288 διιστάντες
454 2258 494 2288 εἰς
518 2256 565 2283 δύο
590 2257 734 2292 πρόσωπα,
750 2257 797 2283 δύο
810 2265 864 2283 που

68 2301 179 2332 πάντως
195 2300 351 2327 ἐπινοοῦσιν
366 2301 452 2332 υἱούς,
467 2302 573 2336 Ὥσπερ
587 2301 643 2337 γὰρ
658 2302 705 2327 τὸν
718 2301 779 2328 καθ’
790 2301 864 2336 ἡμᾶς

69 2347 214 2383 ἄνθρωπον
237 2347 287 2373 οὐκ
304 2348 345 2378 εἰς
362 2347 410 2373 δύο
432 2348 568 2383 πρόσωπα
584 2347 749 2383 διαιρεῖσθαι
766 2348 863 2383 θέμις,

68 2393 119 2418 κᾶν
136 2394 169 2418 ἐκ
183 2393 278 2427 ψυχῆς
290 2394 380 2419 νοοῖτο
395 2394 443 2420 καὶ
458 2393 596 2429 σώματος,
615 2394 674 2420 ἀλλ’
686 2391 726 2426 εἷς
739 2394 808 2425 ἐστι,
817 2394 865 2420 καὶ

68 2440 82 2464 ὁ
97 2439 180 2470 αὐτὸς
196 2439 342 2474 ἄνθρωπος
356 2460 364 2471 ,
382 2438 453 2466 οὕτω
472 2440 520 2467 καὶ
539 2440 586 2466 ἐπὶ
609 2439 656 2466 τοῦ
676 2440 860 2475 Ἐμμανουήλ.

75 2485 185 2520 Ἐπειδὴ
200 2486 255 2520 γάρ
268 2486 344 2512 ἐστιν
359 2483 400 2516 εἷς
413 2485 478 2517 Υἱὸς
502 2486 549 2512 καὶ
562 2486 674 2521 Κύριος,
691 2488 705 2512 ό
720 2494 861 2521 σεσαρκω-

71 2531 151 2566 μένος
167 2531 216 2557 καὶ
243 2530 462 2567 ὲνανθρωπήσας
479 2532 526 2558 τοῦ
541 2531 608 2558 Θεοῦ
619 2533 714 2566 Λόγος,
730 2532 759 2558 ἓν
777 2532 862 2560 αὐτοῦ

70 2577 177 2609 πάντως
187 2578 246 2604 ἐστὶ
259 2578 308 2604 καὶ
320 2578 484 2613 πρόσωπον-
503 2578 550 2605 καὶ
566 2579 640 2614 αὑτῷ
653 2579 861 2614 προσνεμοῦμεν

116 2666 127 2681 ⁸
138 2665 255 2702 Philipp.
272 2674 304 2698 tt,
321 2665 347 2698 6,
363 2667 391 2693 7.

916 2266 997 2286 sonas
1010 2258 1142 2290 dividunt,
1168 2257 1324 2284 necessario
1344 2257 1411 2283 duos
1430 2263 1539 2290 quoque
1554 2255 1623 2283 lilios
1640 2263 1708 2282 con-

917 2303 1030 2338 tingunt.
1054 2302 1131 2330 Sicut
1151 2303 1225 2330 enim
1247 2302 1328 2329 homo
1351 2309 1385 2329 ex
1410 2301 1487 2329 nobis
1501 2301 1625 2336 quilibet.
1645 2302 1708 2328 licet

918 2350 995 2385 151
1015 2358 1047 2377 ex
1065 2350 1155 2376 anima
1174 2354 1201 2376 et
1215 2356 1329 2383 corpore
1349 2348 1515 2375 constitutus
1530 2347 1706 2382 intelligatur,

918 2404 970 2423 non
986 2395 1122 2431 geminus,
1144 2396 1191 2422 sed
1210 2402 1280 2421 unus
1301 2399 1329 2422 et
1347 2394 1418 2421 idem
1439 2394 1520 2421 homo
1541 2399 1583 2421 est
1599 2403 1605 2420 ε
1623 2394 1660 2420 ita
1674 2394 1708 2420 de

917 2441 1094 2469 Emmanuele
1117 2448 1226 2475 quoque
1252 2441 1330 2467 nobis
1361 2441 1534 2474 cogitandum
1557 2444 1610 2467 est.
1638 2439 1708 2472 Quia

917 2494 1033 2522 namque
1052 2486 1098 2514 Dei
1116 2485 1232 2512 Verbum
1256 2485 1427 2512 incarnatum
1444 2488 1471 2512 et
1492 2485 1574 2511 homo
1596 2484 1706 2515 factum,

917 2541 987 2560 unus
1003 2537 1046 2560 est
1058 2532 1143 2560 Filius
1159 2535 1186 2559 et
1204 2531 1346 2563 Dominus,
1369 2538 1422 2557 una
1445 2531 1526 2557 etiam
1541 2530 1653 2557 omnino
1666 2533 1709 2556 es:

917 2579 1002 2614 ipsius
1012 2585 1126 2614 persona
1142 2587 1149 2605 :
1166 2578 1244 2612 eique
1257 2577 1408 2604 tribuemus
1423 2581 1450 2603 et
1465 2576 1582 2604 humana
1599 2582 1709 2612 propter

601 2742 686 2770 Variae
699 2743 830 2770 iet'liOIleS
840 2751 871 2770 ex
886 2743 980 2771 codice
994 2743 1181 2778 Seguieriano.

107 2826 118 2840 °
135 2823 309 2859 καθηγμένον
324 2821 508 2856 οἰκονομικῶς
520 2821 736 2859 ἐπιγινιίηκομεν
754 2820 906 2859 γεγονέναι,
925 2822 1016 2858 φαμὲν
1039 2823 1128 2851 τοίνυν
1150 2823 1242 2851 αὐτόν.
1283 2828 1296 2848 Ρ
1313 2825 1420 2858 φρονεῖι
1444 2823 1588 2852 εἰωθότων.
1628 2829 1641 2850 οἱ
1660 2824 1705 2850 ἒπ-

73 2857 202 2894 ηρυθρία.’
234 2863 246 2878 ι’
264 2858 429 2893 παραιτείτο
480 2857 670 2892 εκατωηήσις.
693 2857 860 2891 καταδήσας.
