1886 3056
55 163 104 193 3ὶὸ

276 224 578 252 ΔΝΛΘΕΜΑΤΙΣΜΟΣ
598 226 644 259 (τ’.

92 280 124 307 Εἰ
137 289 178 311 τις
197 280 271 307 Θεὸν
293 281 310 317 ἦ
326 282 467 317 Δεσπότην
487 279 556 308 εἶναι
574 281 649 315 λέγει
665 280 711 307 τοῦ
741 279 861 316 Χριστοῦ

63 327 104 353 τὸν
120 328 152 353 ἐκ
165 327 238 354 Θεοῦ
258 328 371 365 Πατρδς
387 329 485 362 Λόγον,
504 327 551 353 καὶ
575 327 637 362 οὐχὶ
649 326 682 362 δὴ
697 326 798 362 μᾶλλον
816 326 863 352 τὸν

66 371 141 398 αὑτὸν
165 372 299 407 ὁμολογεῖ
322 372 391 408 ὁμοῦ
421 381 451 399 τε
479 372 546 399 Θεὸν
570 373 617 399 καὶ
641 372 802 407 ἄνθρωπον,
825 371 863 402 ὡς

67 418 204 452 γεγονότος
217 419 324 455 σαρκὸς
339 419 388 446 τοῦ
404 419 490 454 Λόγου
505 419 577 445 κατὰ
591 419 638 451 τὰς
652 418 775 454 Γραφάς·
797 417 863 445 ἀνά-

68 465 134 501 Θεμα
147 465 230 492 ἔστω.

358 523 520 555 Ἐπίλινσις
541 526 578 554 ς’.

108 579 138 605 ὐ
161 579 267 614 Κύριος
282 578 363 614 ἡμῶν
388 578 491 614 Ἰησοῦς
507 578 645 614 Χριστὸς,
662 579 675 604 ό
700 576 740 610 εἷς
763 586 792 604 τε
817 578 864 604 καὶ

72 625 150 660 μόνος
161 647 170 658 ,
188 625 238 652 καὶ
256 625 329 652 κατὰ
345 625 476 659 ἀλήθειαν
493 625 556 655 Υἱὸς
575 625 706 660 ὑπάρχων
732 624 779 650 τοῦ
795 623 863 650 Θεοῦ

72 672 117 699 καὶ
128 671 248 707 Πατρδς,
257 671 354 706 γέγονε
369 671 438 706 σὰρξ
447 671 462 696 ό
476 671 562 705 Λόγος
571 678 578 686 ⁸
595 671 643 698 καὶ
657 670 841 705 συγκατάρχει
850 674 863 693 1

71 717 124 744 τῶν
136 718 206 745 ὅλων
222 717 290 754 ὁμοῦ
299 717 337 753 τῷ
346 718 403 752 ἰδίῳ
414 718 558 753 Γεννήτορι
568 726 574 733 -
587 727 596 742 ε
611 717 731 752 κάμπτει
747 725 776 743 τε
789 716 864 751 αὐτῴ

72 765 126 790 πᾶν
146 764 213 798 γόνυ
231 763 410 799 ἐπουρανίων,
435 764 481 790 καὶ
495 763 635 797 ἐπιγείων.
660 763 708 789 καὶ
731 762 864 797 καταχθο-

72 810 155 835 νίων
177 809 227 836 καὶ
244 809 445 844 ὲξομολογεῖται
469 810 543 835 πᾶσα
566 808 678 842 γλῶσσα
699 808 741 834 ὅτι
762 807 864 843 Κύριος

79 854 184 890 Ἰησοῦς
194 855 356 890 Χριστὺςεὶς
370 855 449 887 δόξαν
457 854 524 880 Θεοῦ
536 854 654 889 Πατρός.
666 863 674 878 ι
690 853 767 881 Ἐστι
777 853 865 880 τοίνυν

582 165 793 194 EXPLICATIO
809 164 990 195 DUODECII!
1008 166 1135 195 CAPITU
1141 166 1172 193 Μ.

877 229 901 255 Δ

1648 169 1702 201 300

1117 224 1437 254 ANATIIEMATISMUS
1451 226 1497 254 γι,

953 281 982 309 Si
1006 282 1067 316 quis
1092 281 1138 308 Dei
1160 281 1250 309 Patris
1274 280 1405 314 Verbum,
1431 281 1533 310 Christi
1554 282 1637 310 Deum
1661 283 1702 310 vel

915 328 1058 355 Dominum
1079 335 1139 356 esse
1155 328 1273 361 dixerit;
1293 333 1320 356 et
1344 336 1395 355 non
1413 328 1502 363 potius
1516 328 1601 356 Deum
1622 329 1702 356 simul

914 378 942 401 et
964 373 1104 401 hominem
1126 375 1250 401 eumdem
1274 373 1416 402 confessus
1432 373 1523 407 fuerit,
1541 379 1622 409 prout
1634 374 1702 401 Ver-

913 419 977 447 hum
997 427 1061 446 caro
1082 420 1182 446 factum
1201 424 1242 447 est
1264 420 1412 447 secundum
1431 420 1587 455 Scripturas
1604 429 1611 447 :
1632 429 1702 447 ana-

916 465 1004 492 thema
1017 465 1061 492 sit.

1182 521 1335 549 Declarau'o
1353 527 1438 550 sexta.

951 578 1081 605 Dominus
1101 583 1193 605 noster
1204 577 1285 605 Jesus
1306 577 1432 605 Christus
1448 586 1519 606 unus
1534 584 1562 605 et
1576 579 1651 606 solus
1672 584 1699 606 et

915 624 1062 651 secundum
1076 624 1216 651 veritatem
1230 623 1278 651 Dei
1292 623 1382 652 Patris
1396 623 1492 658 Filius,
1506 623 1623 653 Verbum
1637 632 1702 652 cam

915 668 1016 696 hietqu
1033 673 1087 701 est,
1100 674 1128 696 et
1143 675 1196 696 una
1213 677 1275 696 cum
1293 670 1417 704 genitore
1440 677 1489 698 suo
1511 671 1636 697 omnibus
1656 671 1703 697 do-

917 713 1036 740 minatur
1054 723 1059 740 :
1077 713 1182 748 ipsique
1198 722 1207 738 t
1224 713 1344 741 ﬂectitur
1357 721 1437 741 omne
1447 722 1527 749 genu,
1540 715 1703 745 ccelestium.

916 759 1084 786 terrestrium
1115 765 1143 786 et
1163 760 1352 793 inl'ernorum;
1368 765 1395 787 et
1409 761 1497 787 omnis
1515 760 1604 796 lingua
1620 761 1688 788 conli

916 810 998 837 tetur,
1015 807 1077 839 quia
1093 805 1224 834 Dominus
1241 805 1320 834 Jesns
1336 806 1465 834 Christus
1480 806 1506 833 in
1524 807 1638 839 gloriam
1656 806 1701 833 Dei

916 851 1005 879 Patris
1016 852 1049 878 η.
1065 861 1075 877 ›
1091 852 1161 879 Idem
1180 852 1271 886 itaque
1291 853 1600 887 quatenusintelligitnr
1615 857 1642 879 et
1662 859 1704 879 est

74 901 88 928 ὀ
108 901 192 932 αὐτὸς
219 902 270 937 μὲν
288 901 342 928 τῶν
359 901 426 928 ὅλων
450 902 552 936 Κύριος
563 920 571 932 ,
595 900 663 927 καθὸ
681 902 801 933 νοεῖται,
818 900 866 926 καὶ
882 900 902 927 Β
919 897 972 924 Deu

946 905 1008 929 aus;
1036 897 1098 924 licet
1125 902 1186 932 post
1211 898 1463 926 inhumanationem
1492 899 1583 926 carnis
1607 906 1704 933 expeh

74 948 131 973 ἔστι
147 947 224 978 Θεὸς,
237 947 262 973 εί
277 947 323 974 καὶ
340 947 376 982 μὴ
392 946 454 982 δίχα
467 947 568 982 σαρκὸς
585 946 654 982 μετὰ
668 945 717 982 τὴν
729 944 864 980 ἑνανθρώ-

74 1000 168 1027 suam.
187 991 276 1023 Αὐτὸς
291 991 320 1018 δὲ
341 991 437 1018 ἑαυτοῦ
455 991 516 1018 οὔτε
529 991 596 1022 Θεὸς
608 1011 615 1024 ,
631 991 692 1017 οὔτε
708 991 846 1026 Δεσπότης
857 999 863 1006 -

75 1040 122 1065 καὶ
136 1038 192 1073 γάρ
207 1039 266 1064 ἐστι
277 1037 331 1064 τῶν
341 1038 534 1070 ἀτοπωτάτων,
551 1037 650 1073 μᾶλλον
661 1037 690 1063 δὲ
705 1037 866 1068 δυσσεῦείας

74 1083 185 1118 ἁπάσης
204 1084 350 1118 Enipea-tow
373 1083 497 1118 ἀληθῶς,
521 1083 551 1109 τὸ
568 1082 640 1109 οὕτω
660 1084 769 1118 φρονεῖν
785 1083 801 1117 ἦ
822 1082 864 1109 λέ-

77 1134 138 1160 γειν
148 1135 155 1141 '
170 1127 285 1158 είκότως
299 1125 346 1154 οὖν
360 1128 404 1154 ἐπ’
417 1127 492 1162 αὐτῷ
506 1126 539 1163 δὴ
549 1127 637 1163 τούτῳ
651 1127 763 1162 γέγονεν
775 1128 789 1153 ό
804 1136 868 1162 προ-

78 1172 204 1206 ιείμενος
220 1172 453 1208 ἁναθεματισμός.

296 1227 591 1254 ΔΝΔΘΕΜΔΤΙΣΜΟΣ
610 1228 648 1254 Ζ’.

111 1285 145 1311 EI
162 1284 206 1315 τίς
222 1292 306 1319 φησιν
330 1284 368 1316 ὡς
386 1284 531 1320 ἄνθρωπον
554 1284 724 1321 ὲνηργῆσθαι
747 1284 800 1311 ὑπὸ
819 1283 864 1311 τοῦ

78 1330 144 1356 Θεοῦ
164 1330 254 1364 Λόγου
272 1330 318 1356 τδν
345 1330 460 1366 Ἰησοῦν,
486 1332 533 1357 καὶ
557 1331 607 1366 τὴν
626 1330 673 1358 τοῦ
698 1331 868 1365 Μονογενοῦς

80 1376 199 1409 εὐδοξίαν
214 1376 363 1412 περιῆφθαι
377 1376 414 1408 ὡς
430 1375 515 1412 ἑτέρῳ
528 1378 592 1412 παρ’
605 1377 685 1404 αὐτον
700 1377 848 1412 ὑπάρχοντι
860 1397 867 1409 ,

80 1422 204 1457 ἀνάθεμα
221 1422 303 1450 ἔστω.

369 1481 521 1513 Ἑπίλυσις
540 1480 572 1512 ζ’.

113 1538 179 1565 Ὅτε.
197 1539 248 1574 τὴν
264 1539 335 1566 κατὰ
350 1539 439 1575 σάρκα
458 1540 585 1574 γέννησιν
597 1540 643 1566 τοῦ
660 1539 726 1566 Υίοῦ
743 1538 789 1566 τοῦ
801 1539 869 1566 Θεοῦ

917 950 971 970 non
994 944 1040 975 sit,
1067 944 1255 971 universorum
1276 945 1407 972 Dominus
1427 949 1469 972 est
1491 949 1543 971 :at
1569 952 1634 972 vero
1663 945 1703 970 sui

917 988 1003 1023 ipsius
1027 996 1077 1016 nec
1093 988 1174 1021 Deus,
1203 996 1252 1016 nec
1267 989 1395 1017 dominus
1410 995 1452 1017 est
1467 998 1474 1017 :
1490 989 1542 1017 hoc
1564 989 1635 1016 enim
1661 989 1705 1014 ah-

917 1034 1106 1061 surdissitnum
1123 1039 1175 1067 est,
1200 1035 1255 1061 imo
1271 1034 1362 1070 potius
1385 1035 1459 1063 omni
1477 1035 1618 1070 impietate
1641 1042 1706 1062 veru

917 1080 1036 1114 plenum,
1058 1080 1081 1106 si
1104 1080 1141 1107 ita
1165 1080 1268 1108 sentias
1291 1085 1338 1108 aut.
1367 1081 1452 1109 dicas.
1479 1081 1575 1108 Merito
1595 1081 1710 1116 proinde

917 1131 1012 1153 contra
1042 1127 1093 1154 hoc
1119 1127 1206 1161 ipsum
1232 1134 1353 1162 presens
1380 1127 1630 1155 anathematisums
1648 1133 1706 1155 sta.—

917 1172 1001 1198 tuitur

1067 1227 1144 1264 153
1158 1228 1479 1258 ANATHEMATISMUS
1498 1229 1557 1258 VII.

955 1286 983 1313 Si
1004 1285 1066 1321 quis
1083 1285 1175 1313 lesnm
1201 1290 1328 1321 tanquam
1355 1287 1492 1314 hominem
1517 1287 1597 1314 a~Dei
1620 1287 1708 1313 Verbo

919 1337 1048 1366 operante
1075 1337 1177 1359 motum
1199 1332 1349 1365 habuisse,
1374 1332 1569 1368 Unigenitique
1591 1332 1708 1368 gloriam

919 1378 968 1411 illi,
989 1383 1119 1414 tanquam
1139 1379 1218 1406 alteri
1240 1378 1357 1414 cuipiam
1376 1380 1410 1406 ab
1425 1379 1484 1413 ipso
1499 1378 1599 1412 Verbo,
1624 1379 1707 1406 adre-

921 1425 993 1452 nisse
1008 1424 1119 1457 dixerit,
1137 1425 1282 1452 anathema
1298 1425 1342 1453 sit.

1170 1482 1321 1510 Declaralt'o
1338 1484 1460 1517 septima.

957 1539 1025 1567 Cum
1048 1540 1144 1567 beatus
1163 1539 1272 1567 Gabriel
1293 1539 1423 1573 unigeniti
1451 1538 1513 1566 Filii
1529 1539 1576 1567 Dei
1593 1546 1712 1574 genera-

79 1583 123 1609 τοῦ
151 1583 316 1618 μοδογενοῦς
340 1584 533 1619 εὐηγγελίζετο
555 1586 589 1620 τῇ
613 1584 679 1619 ἁγία
700 1583 831 1619 Παρθένῳ
854 1583 869 1609 ό
883 1584 904 1613 C
921 1585 975 1613 tion

946 1593 1022 1613 onem
1043 1585 1190 1613 secundum
1204 1593 1314 1612 carnem
1334 1589 1434 1614 sancte
1448 1585 1546 1620 virgini
1567 1585 1713 1612 annuntia.

81 1630 216 1665 μακάριος
231 1628 352 1666 Γαϐριὴλ
362 1638 369 1644 θ
381 1630 478 1665 «Τέξῃ,
493 1630 586 1665 φησὶν,
601 1631 667 1662 υἱὸν,
683 1629 730 1656 καὶ
743 1629 869 1660 καλέσεις

79 1675 108 1701 ’σὺ
122 1675 212 1709 ὄνομα
234 1675 318 1702 αὑτοῦ
340 1675 460 1710 Ἰησοῦν·
478 1675 558 1706 αὐτὸς
574 1675 629 1710 γὰρ
644 1675 725 1701 σώσει
742 1674 787 1701 τὸν
805 1674 870 1701 λαὸν

80 1720 161 1746 αὐτοῦ
187 1720 244 1746 ἀπὸ
265 1720 320 1747 τῶν
340 1721 484 1756 ἁμαρτιῶν
510 1721 610 1748 αὐτῶν.
628 1731 636 1745 ι
661 1720 824 1755 Ὠνόμασται
842 1719 873 1746 δὲ

80 1767 125 1793 καὶ
138 1766 277 1802 Χριστὸς,
295 1765 337 1792 διὰ
356 1766 387 1792 τὸ
403 1765 545 1801 κεχρῖσθαι
561 1766 620 1800 μεθ’
637 1766 716 1801 ἡμῶν
730 1765 870 1801 ἀνθρωπί-

79 1821 141 1844 νως,
156 1811 232 1839 κατὰ
251 1812 302 1848 τὴν
317 1811 365 1838 τοῦ
377 1812 532 1844 arenam;
553 1812 659 1847 φωνήν
678 1821 687 1837 t
711 1811 871 1846 Ἦγάπησας

80 1857 267 1893 δικαιοσύνην,
280 1858 327 1884 καὶ
338 1858 472 1893 ἐμίσησας
483 1858 600 1893 ἀνομίαν
610 1867 616 1872 ·
630 1857 676 1884 διὰ
683 1857 763 1884 τοῦτο
778 1857 871 1893 ἔχρισε

81 1912 109 1930 σε
121 1904 136 1930 ό
152 1904 233 1935 Θεὸς,
248 1905 263 1930 ό
275 1903 343 1935 Θεός
356 1903 498 1936 σου,ελεον
522 1903 708 1938 ἀγαλλιάσεως
722 1902 797 1937 παρὰ
808 1903 872 1933 τοὺς

82 1949 213 1985 μετόχους
237 1957 295 1976 σου.
313 1959 322 1976 ι
353 1950 450 1976 Καίτοι
476 1949 531 1984 γὰρ
567 1949 699 1984 ὑπάρχων
721 1948 802 1980 αὐτὸς
822 1948 870 1974 τοῦ

81 1995 158 2030 ἁγίου
171 1995 334 2031 Πνεῦματος
347 1996 476 2031 χορηγὸς,
491 1996 538 2022 καὶ
550 1995 600 2022 οὐκ
621 1995 654 2021 ὲκ
672 1994 771 2030 μέτρου
783 1993 872 2025 διδοὺς

80 2043 136 2074 τοῖς
151 2042 240 2074 ἀξίοις
252 2040 330 2069 αὑτό·
346 2042 453 2077 πλήρης
468 2043 521 2078 γάρ
534 2043 602 2073 ἑστι,
619 2050 628 2066 ι
641 2041 689 2068 καὶ
700 2041 733 2067 ὲκ
746 2040 793 2067 τοῦ
807 2040 872 2075 πλη-

81 2088 210 2124 ρώματος
233 2088 318 2114 αὐτοῦ
341 2089 423 2124 ἡμεῖς
438 2088 537 2120 πάντες
554 2087 699 2122 ἐλάϐομεν,
718 2097 727 2113 ι
751 2087 822 2114 κατὰ
841 2087 874 2113 τὸ

81 2134 287 2170 γεγραμμένον·
307 2135 488 2170 οἰκονομικῶς
510 2135 547 2166 ὡς
566 2133 708 2170 ἄνθρωπος
728 2133 872 2169 κεχρῖσθαι

80 2181 204 2214 λέγεται,
227 2180 339 2215 νοητῶς,
354 2181 403 2207 καὶ
428 2181 478 2207 οὐκ
493 2180 671 2216 ἀνθρωπίνως
684 2179 874 2211 καταπτάντος

81 2226 125 2252 ἐπ’
149 2226 235 2253 αὐτὸν
251 2226 299 2253 τοῦ
322 2226 401 2260 ἁγίου
427 2226 586 2261 ῐινεύματος
599 2247 606 2258 ,
624 2226 668 2252 ἶνα
687 2226 734 2252 καὶ
758 2227 788 2252 ἐν
807 2226 873 2261 ἡμῖν

81 2273 253 2308 καταμείνῃ,
279 2273 368 2299 καίτοι
399 2272 445 2300 διὰ
476 2273 525 2308 τὴν
546 2274 576 2299 ἐν
606 2273 693 2308 Ἀδὰμ
713 2271 872 2307 παράϐασιν

80 2318 273 2353 ἁποφοιτῆσαν
293 2319 323 2345 ὲν
337 2319 446 2354 ἀρχαῖς.
459 2318 544 2350 Αὐτὸς
559 2316 607 2345 οὖν
627 2319 641 2344 ό
660 2317 805 2354 μονογενὴς
823 2317 871 2344 τοῦ

81 2365 149 2391 Θεοῦ
163 2365 251 2399 Λόγος
270 2364 339 2400 σὰρξ
358 2365 513 2400 γενόμενος,
530 2365 660 2400 κέκληται
679 2364 811 2400 Χριστός·
826 2363 874 2389 καὶ

82 2412 132 2446 τὴν
154 2411 217 2446 Θεῷ
231 2411 392 2447 πρέπουσαν
412 2411 527 2446 δύναμιν
543 2410 612 2438 ιδίαν
626 2410 706 2446 ἔχων,
730 2407 874 2444 εἰργάζετο

84 2457 236 2493 παράδοξα.
257 2458 290 2483 Οἱ
307 2457 397 2483 τοίνυν
410 2457 534 2491 λέγοντες
548 2459 581 2492 τῇ
598 2455 717 2493 Χριστοῦ
730 2455 876 2490 δυναστείᾳ

83 2502 132 2538 τὴν
144 2502 194 2529 τοῦ
213 2502 387 2536 Μονογενοῦς
414 2502 536 2535 εὺδοξίαν
551 2501 714 2538 περιῆφθαι,
739 2501 777 2534 ὡς
799 2501 876 2532 όντος

83 2548 180 2584 ἑτέρου
193 2547 240 2575 τοῦ
253 2548 429 2582 Μονογενοῦς
446 2549 522 2583 παρὰ
543 2549 588 2575 τὸν
603 2548 730 2584 Χριστὸν,
745 2547 793 2574 δύο
809 2555 876 2582 φρο-

86 2594 175 2621 νοῦσιν
188 2595 279 2626 υἱούς·
301 2596 349 2622 καὶ
364 2595 410 2622 τὸν
439 2595 489 2630 μὲν
508 2594 680 2630 ἐνεργοῦντα,
696 2595 741 2621 τὸν
759 2595 787 2621 δὲ
801 2595 877 2630 ἐνερ-

90 2640 217 2676 (ούμενον
238 2641 277 2673 ὡς
290 2640 437 2677 ἄνθρωπον
451 2641 500 2667 ἕνα
514 2640 568 2667 τῶν
585 2641 647 2668 καθ’
660 2641 734 2676 ἡμᾶς
743 2648 750 2655 '
777 2639 877 2675 ταύτῃ·

118 2730 142 2746 ’⁸
156 2730 273 2766 Philipp.
286 2738 316 2765 ιι,
334 2730 379 2758 10.
421 2729 444 2746 ³³
458 2729 522 2758 Luc.
539 2737 556 2763 l,
573 2730 616 2757 3|.

890 2260 912 2288 Ι)

656 2730 679 2745 ’³
690 2728 784 2756 Matth.
799 2736 818 2760 I.
836 2727 882 2754 ‘21.
920 2728 942 2743 "‘
955 2725 1026 2754 Psal.
1045 2733 1118 2758 xuv,
1133 2725 1159 2752 8.
1199 2725 1221 2740 ³⁸
1231 2723 1308 2752 Joan.
1327 2722 1355 2754 5,
1373 2723 1418 2750 ⁸54.

921 1636 984 1658 ret:
1003 1641 1011 1656 ι
1028 1631 1140 1663 Paries,
1165 1631 1273 1663 aiebat,
1300 1631 1400 1663 ﬁliuni,
1424 1635 1453 1659 et
1480 1631 1591 1658 vocabis
1613 1638 1713 1658 nomen

921 1677 980 1712 ejus
991 1676 1094 1706 Jesnm.
1117 1676 1176 1712 Ipse
1191 1678 1263 1704 enim
1277 1677 1380 1704 salvum
1396 1677 1478 1705 faciet
1491 1676 1617 1712 populum
1631 1685 1711 1704 suum

921 1730 936 1749 a
950 1722 1070 1756 peccatis
1082 1729 1175 1749 eorum
1188 1722 1221 1749 “.
1240 1731 1249 1748 ι
1267 1721 1428 1749 Nominatus
1441 1726 1531 1749 autem
1545 1726 1573 1748 et
1585 1721 1715 1748 Christus

921 1774 963 1795 est
977 1769 1010 1800 “,
1036 1772 1181 1803 propterea
1198 1768 1271 1803 quod
1288 1769 1438 1796 secundum
1461 1767 1607 1794 humanam
1628 1772 1708 1794 natu-

923 1822 980 1840 ram
1002 1814 1141 1841 nobiscum
1171 1818 1269 1841 unctus
1290 1819 1343 1845 est,
1356 1812 1433 1847 iuxta
1455 1812 1520 1840 illud
1535 1812 1686 1840 Psalmisue
1700 1819 1714 1838 ε

925 1868 935 1884 ‹
954 1859 1074 1886 Dilexisti
1094 1859 1242 1894 justitiam,
1270 1863 1297 1885 et
1321 1857 1402 1886 odisti
1425 1857 1597 1892 iniquitatem
1617 1866 1625 1884 ς
1648 1864 1711 1892 pro-

923 1910 1015 1939 pterea
1040 1904 1118 1932 unxit
1135 1908 1162 1932 te
1184 1903 1266 1935 Deus,
1286 1904 1356 1930 Deus
1371 1907 1432 1931 tuus
1446 1903 1507 1931 oleo
1521 1902 1715 1930 exsultatiouis

923 1959 978 1985 pne
995 1950 1169 1978 consortibus
1186 1950 1241 1977 tuis
1254 1949 1287 1976 “.
1306 1957 1315 1974 ι
1335 1948 1466 1981 Quamvis
1480 1948 1552 1976 enim
1567 1948 1612 1974 ille
1629 1947 1713 1982 Spiri-

925 2001 980 2024 tum
997 2001 1120 2024 sanctum
1135 1995 1268 2032 largiatur
1280 1996 1315 2028 '3,
1330 2002 1418 2030 neque
1432 1996 1466 2022 ad
1484 2002 1640 2022 mensuram
1657 1994 1709 2024 his.

924 2045 970 2079 qui
985 2043 1059 2079 digni
1094 2049 1168 2075 sunt,
1196 2050 1258 2070 eum
1282 2042 1413 2077 largiatur
1436 2041 1488 2076 (est
1507 2041 1580 2068 enim
1605 2039 1711 2075 plenus.

928 2100 937 2117 ι
953 2095 981 2118 et
1004 2091 1037 2118 de
1050 2090 1218 2126 plenitudine
1232 2089 1290 2123 ejus
1306 2095 1354 2115 nos
1371 2094 1467 2115 omnes
1481 2087 1635 2121 accepimus
1645 2086 1681 2117 ⁸⁷,
1699 2095 1713 2110 ιν

925 2137 998 2164 sicut
1020 2136 1152 2170 scriptum
1182 2133 1261 2169 est);
1287 2137 1409 2160 attamen
1426 2137 1457 2160 ut
1481 2132 1561 2159 homo
1584 2136 1636 2164 est,
1657 2131 1713 2158 dis—

924 2182 1081 2217 pensatorie
1098 2185 1195 2208 unctus
1213 2179 1322 2212 dicitur,
1346 2177 1514 2213 spiritaliter.
1533 2181 1561 2204 et
1584 2184 1636 2203 non
1662 2176 1713 2202 hu-

927 2233 1009 2254 mano
1021 2232 1111 2258 more,
1126 2223 1269 2252 devolante
1281 2230 1362 2257 super
1380 2223 1466 2256 ipsqu
1487 2220 1590 2255 Spiritu
1607 2224 1712 2249 sancto.

926 2276 956 2299 ut
971 2275 1080 2298 maneat
1103 2270 1130 2297 in
1150 2269 1227 2296 nobis
1248 2267 1341 2300 etiam,
1365 2275 1380 2293 a
1405 2266 1503 2301 quibus
1520 2270 1630 2300 propter
1650 2263 1716 2292 Adae

928 2315 1174 2352 transgressionem
1188 2313 1265 2341 initio
1279 2316 1438 2340 recesserat.
1455 2309 1546 2345 Ipsum
1555 2309 1646 2343 itaque
1653 2307 1715 2335 uni-

928 2363 1049 2398 genitum
1065 2361 1110 2388 Dei
1128 2359 1246 2388 Verbum
1264 2358 1434 2385 lncarnatum
1455 2356 1580 2384 Christus
1596 2353 1716 2389 appella-

929 2414 984 2436 tum
1008 2412 1071 2436 est:
1087 2411 1115 2435 et
1134 2413 1196 2434 cum
1218 2404 1355 2440 propriam
1373 2403 1520 2438 potentiam
1546 2401 1645 2428 habeat
1661 2399 1721 2426 Deo

930 2454 1050 2489 dignam,
1075 2451 1202 2479 miranda
1221 2454 1362 2485 operatum
1382 2453 1434 2476 est.
1451 2447 1502 2481 Qui
1529 2454 1594 2482 ergo
1614 2445 1715 2473 Christi

929 2499 1057 2534 potentia:
1076 2497 1207 2533 unigeniti
1221 2496 1334 2532 gloriam
1351 2494 1503 2522 accessisse
1519 2493 1623 2524 dicunt,
1639 2491 1716 2526 quasi

930 2544 1086 2580 unigenitns
1100 2543 1170 2570 alter
1185 2543 1221 2570 sit
1239 2550 1254 2569 a
1268 2541 1388 2572 Christo,
1407 2541 1475 2567 duos
1494 2539 1566 2566 ﬁlios
1575 2545 1637 2565 esse
1652 2545 1717 2564 sen-

932 2592 1019 2624 tiunt.
1041 2590 1159 2617 alterum
1185 2588 1293 2622 quidem
1315 2591 1491 2621 operantem;
1516 2584 1630 2612 alterum
1655 2591 1718 2610 vero

931 2637 1044 2665 alterius
1064 2636 1101 2667 vi,
1123 2641 1251 2670 tauquam
1268 2633 1404 2661 hominem
1426 2631 1504 2659 nobis
1518 2629 1645 2662 similem,
1668 2629 1719 2656 im-

1458 2722 1479 2737 ¹⁷
1493 2721 1570 2749 Joan.
1587 2729 1606 2753 I,
1623 2720 1663 2748 l6.

616 2809 701 2837 Variae
714 2808 844 2836 lectiones
857 2815 890 2835 cx
904 2807 998 2835 codice
1010 2805 1195 2841 chtticriano.

123 2892 137 2914 1
151 2889 288 2925 συνάρχει.
