1886 3056
71 166 123 196 Σθθ

74 224 216 259 ἄνθρωπος
243 224 374 258 γεγονὼς
386 245 395 257 ,
420 226 609 263 ἑπιμεμένηκε
634 229 684 256 καὶ
703 229 774 256 οὕτω
791 229 874 262 Θεὸς·

77 270 144 297 ὥστε
159 269 215 305 ἰδίᾳ.
228 269 352 306 δυνάμει
367 273 401 308 τῇ
416 272 460 299 διὰ
474 273 521 300 τοῦ
537 273 695 309 Πνεύματος
708 274 829 311 ἐπλήρου
842 276 876 303 τὰ

79 315 214 349 θαύματα.
229 316 264 342 Οἱ
279 316 309 343 δὲ
326 317 465 352 λέγοντες,
480 319 518 350 ὡς
534 319 677 354 ἄνθρωπον
692 321 741 347 ἕνα
755 320 800 347 τὸν
814 322 875 348 καθ’

80 362 162 397 ήμᾶς,
173 361 262 397 ἡγουν
275 362 333 389 τῶν
349 363 447 398 ἁγίων,
461 364 617 397 δεδοξάσθαι
634 365 716 392 αὐτὸν
729 367 762 401 τῇ
774 366 818 393 διὰ
827 365 876 393 τοῦ

83 406 242 442 [ινεύματος
266 408 407 444 ἐνεργείᾳ,
432 409 481 444 οὐχ
508 409 545 441 ὡς
563 410 615 445 ἰδίᾳ
636 410 746 446 μᾶλλον,
764 411 822 437 ἀλλ’
838 410 876 444 ὡς

82 454 219 490 ἀλλοτρίᾳ,
245 454 295 481 καὶ
321 455 353 482 οὐ
375 455 523 491 θεοπρεπεί
536 456 690 492 χρώμενον,
713 458 761 485 καὶ
783 457 821 489 ὡς
845 458 876 484 ὲν

82 502 190 538 χάριτος
206 501 288 538 μέρει
314 502 408 529 λαϐεῖν
433 502 510 539 παρὰ
531 502 579 529 τοῦ
594 502 754 538 Πνεύματος
766 503 816 538 τὴν
835 503 876 535 εἰς

82 547 211 583 οὐρανοὺς
224 547 378 584 ἀνάληψιν·
399 548 591 575 ὑποκείσονται
613 547 725 580 δικαίως
745 549 779 575 τί
794 547 875 575 δυνά-

83 601 126 629 μει
139 593 188 620 τοῦ
206 593 446 630 ἀναθεματισμοῦ.

298 664 596 692 ΔΝΑΘΕΜΔΤΙΣΜΟΣ
615 665 642 692 l'.

120 730 269 767 Ἀρχιερέα
281 752 288 763 ,
315 732 363 758 καὶ
385 732 534 758 ἀπόστολον
554 732 606 767 τῆς
622 732 768 767 ὁμολογίας
794 732 875 767 ήμῶν

83 776 246 812 γεγενῆσθαι
259 778 378 812 Χριστὸν
390 779 407 813 ή
421 777 482 804 θεία
495 778 571 812 λέγει
584 778 679 814 Γραςρή
691 786 697 794 ·
721 786 874 814 προσκεκο-

83 821 193 856 μικέναι
205 822 235 849 δὲ
248 823 346 850 ἑαυτὸν
361 823 430 858 ὑπὲρ
446 823 526 858 ἡμῶν
540 824 581 856 είς
594 824 684 860 ὀσμήν
700 824 814 857 εὐωδίας
833 824 874 860 τῷ

82 867 142 903 Θεῷ
158 869 206 895 καὶ
229 869 328 904 Πατρί.
347 869 380 896 Et
397 878 437 901 τις
460 869 550 896 τοίνυν
570 869 720 906 ἀρχιερέα,
744 870 790 897 καὶ
807 870 872 897 ἀπό-

83 915 176 941 στολον
199 915 281 950 ήμῶν
303 915 470 950 γεγενῆσθαί
495 924 579 950 φησιν
600 916 650 942 οὐκ
671 916 752 943 αὐτὸν
776 916 822 943 τὸν
840 916 873 943 ὲκ

82 961 150 988 Θεοῦ
166 962 275 997 [ἰατρὸς
288 962 385 996 Λόγον,
399 962 444 989 ὅτε
458 963 555 997 γέγονε
569 962 652 998 σὰρξ,
666 963 712 990 καὶ
725 962 787 990 καθ’
800 963 874 998 ἡμᾶς

82 1007 238 1043 ἅνθρωπος,
248 1007 308 1035 ἀλλ’
321 1007 360 1040 ὡς
371 1008 466 1043 ἕτερον
478 1008 544 1044 παρ’
555 1008 646 1040 αὐτὸν,
663 1008 754 1041 ίδικῶς
769 1008 874 1045 ἄνθρω-

82 1062 132 1079 πον
147 1054 180 1080 ὲκ
190 1053 335 1088 γυναικός
350 1054 367 1088 ἢ
382 1054 408 1081 ει
421 1062 464 1085 τις
486 1053 565 1088 λέγει
583 1054 652 1090 ὑπὲρ
666 1054 781 1081 ιη’ὲαυτοῦ
793 1063 875 1091 προσ-

81 1101 205 1134 ενεγκεῖν
227 1099 309 1126 αὑτὸν
323 1099 372 1135 τὴν
386 1100 556 1135 προσφορὰν,
581 1101 629 1128 καὶ
643 1100 703 1136 οὐχὶ
719 1100 752 1136 δὴ
773 1100 875 1136 μᾶλλον

83 1145 154 1181 ὗπὲρ
169 1145 258 1180 μόνων
278 1145 380 1181 ήμῶνο
401 1145 432 1172 οὺ
449 1145 503 1182 γὰρ
521 1146 554 1173 ἂν
569 1145 667 1182 ὲδεήθη
682 1147 840 1182 προσφορᾶς
858 1147 875 1173 ὁ

85 1192 120 1218 ub
132 1191 211 1218 είδὼ·
227 1191 382 1219 ἁμαρτίαν·
400 1192 524 1220 ἀνάθεμα
541 1193 630 1221 ἔστω..

381 1289 536 1322 ἐπίλυσις
552 1294 578 1318 ιη

115 1344 226 1379 Σμικρὰ
252 1344 302 1379 μὲν
323 1345 547 1380 ὁμολογουμένως
568 1345 607 1381 τῷ
627 1346 660 1373 ἐκ
676 1346 744 1373 Θεοῦ
767 1347 876 1383 [ἰατρὸς

83 1390 158 1425 φύντι
185 1391 266 1426 Λόγῳ
283 1390 318 1418 τὰ
329 1391 496 1427 ἀνθρώπινα.
511 1391 584 1428 Πλὴν
601 1392 658 1419 ἀλλ’
668 1393 718 1420 οὒκ
733 1393 874 1430 ἀπόϐλητα

82 1436 124 1463 διὰ
136 1437 186 1472 τήν
200 1437 370 1473 οἰκονομίαν.
395 1437 498 1473 Κύριος
514 1438 567 1474 γὰρ
587 1437 626 1464 ὢν
641 1438 696 1465 τῶν
713 1439 781 1466 ὅλων
804 1439 875 1466 κατὰ

83 1483 172 1517 φῦσιν,
193 1483 316 1518 καθῆκεν
335 1483 432 1510 ἑαυτὸν
452 1484 481 1510 ἐν
498 1485 554 1515 τοῖς
572 1483 632 1510 καθ’
654 1484 744 1520 ἡμᾶς,
767 1485 874 1520 μορφὴν

81 1527 172 1555 δούλου
195 1528 304 1556 λαϐὼν
323 1529 371 1556 καὶ
389 1529 592 1565 κεχρημάτικεν
610 1530 691 1566 ἡμῶν
711 1531 758 1558 καὶ
779 1532 874 1566 ἀρχιε-

82 1575 152 1609 ρεὺς,
170 1575 219 1602 καὶ
234 1575 394 1607 ἀπόστολος,
408 1575 462 1603 τῶν
476 1577 526 1611 τῆς
542 1576 749 1612 ἀνθρωπότητος
767 1578 875 1613 μέτρων

82 1621 127 1647 καὶ
144 1622 186 1652 εἰς
204 1621 286 1648 τοῦτο
307 1622 461 1649 καλούντων
481 1623 577 1649 αὐτόν·
597 1632 606 1648 ι
623 1623 830 1660 Προσκεκὸμικε
845 1625 873 1651 δὲ

80 1667 176 1694 ἑαυτὸν
193 1668 266 1704 ὑπὲρ
286 1669 366 1704 ήμῶν
384 1669 423 1701 είς
445 1669 534 1706 ὀσμὴν
554 1670 667 1702 εὐωδίας
687 1671 726 1705 τῷ
749 1671 808 1707 Θεῷ
828 1672 874 1698 καὶ

81 1712 181 1748 Πατρί·
198 1715 250 1749 μιᾷ
272 1714 328 1749 γὰρ
343 1716 486 1750 προσφορᾷ
507 1716 666 1743 τετελείωκε
684 1717 746 1748 τοὺς
762 1716 874 1751 ἁγιαζο-

81 1759 177 1794 μένους
193 1762 236 1793 είς
248 1761 280 1787 τὸ
294 1761 427 1797 διηνεκὲς,
441 1771 451 1788 ι
468 1762 541 1789 καθὰ
554 1763 719 1798 γέγραπται.
740 1763 811 1789 Ἀλλ’
823 1764 874 1790 οὐκ

78 1805 212 1839 οἷδ’ὃπως
226 1812 247 1826 ιιι
261 1809 286 1835 οἱ
309 1808 485 1844 ἑτερόφρονες
508 1809 559 1836 οὐκ
582 1810 663 1836 αὐτὸν
686 1810 732 1837 τὸν
757 1812 789 1838 ἐκ
805 1811 873 1838 Θεοῦ

79 1854 163 1888 Λόγον
172 1854 318 1890 ἄνθρωπον
329 1855 460 1889 γεγονότα
471 1855 692 1891 διισχυρίζονται,
706 1858 873 1892 χρηματίσαι

78 1907 107 1925 τε
120 1900 169 1926 καὶ
181 1901 348 1933 ἀπόστολον,
357 1901 403 1928 καὶ
414 1901 546 1937 ἀρχιερέα
568 1902 618 1937 τῆς
628 1902 772 1938 ὁμολογίας
783 1903 873 1939 ἡμῶν,

79 1943 135 1970 ἀλλ’
144 1944 183 1976 ὡς
198 1945 294 1981 ἕτερόν
310 1954 374 1973 τινα
385 1947 449 1981 παρ’
462 1947 542 1974 αὐτὸν
555 1947 698 1984 ἄνθρωπον
713 1949 814 1981 ίδικῶς,
827 1948 873 1976 τὸν

78 1990 110 2016 ιιι
118 1990 170 2024 τῆς
182 1991 263 2026 ἁγίας
276 1991 416 2027 Παρθένου
429 1993 613 2028 γεγενημένον
624 1994 689 2028 φασὶ
702 1994 880 2030 χρηματίσαι·

78 2036 125 2062 καὶ
140 2036 302 2069 ἀπόστολον,
314 2038 363 2065 καὶ
373 2038 514 2074 ἀρχιερέα,
528 2039 575 2066 καὶ
590 2039 661 2066 κατὰ.
676 2040 818 2075 προκοπὴν
832 2041 873 2072 είς

77 2082 159 2109 τοῦτο
170 2083 341 2117 ἐληλυθέναι,
355 2084 403 2111 καὶ
414 2085 464 2119 οὐχ
475 2085 547 2119 ὑπέρ
557 2093 586 2118 γε
601 2085 689 2119 μόνων
702 2086 718 2120 ἡ
723 2085 791 2120 μῶν,
804 2085 873 2112 ἀλλὰ

79 2129 126 2155 καὶ
149 2129 223 2164 ὑπὲρ
241 2129 339 2156 ἑαυτοῦ
357 2131 550 2165 προσενεγκεῖν
566 2135 579 2148 η
601 2131 698 2157 ἑαυτὸν
720 2131 760 2162 είς
777 2131 873 2158 θυσίαν

80 2174 119 2205 τῷ
135 2174 196 2210 Θεῷ
219 2176 267 2202 καὶ
283 2176 387 2211 Πατρί⁸
402 2176 471 2212 ὅπερ
485 2177 543 2203 ἐστὶ
557 2178 606 2212 τῆς
623 2177 718 2212 ὀρθῆς,
733 2177 780 2204 καὶ
795 2178 874 2213 ἁμω-

80 2220 168 2255 μήτου
184 2220 303 2253 πίστεως
317 2222 455 2258 ἀλλότριον
467 2222 605 2254 παντελῶς
614 2231 622 2238 ·
635 2223 666 2249 οὺ
679 2223 732 2259 γὰρ
742 2223 872 2259 ιποίησεν

79 2266 234 2301 ἁμαρτίαν·
251 2268 266 2293 ὸ
287 2267 317 2294 δὲ
339 2268 470 2304 κρείττων
495 2268 533 2295 ὣν
551 2268 598 2295 τοῦ
618 2269 799 2304 πλημμελεῖν,
823 2269 871 2297 καὶ

78 2311 234 2346 ἀμοιρήσας
243 2312 381 2348 ἁμαρτίας
394 2313 544 2345 παντελῶς,
554 2313 605 2340 οὐκ
616 2313 650 2340 ἂν
664 2314 761 2350 ἐδεήθη
775 2313 870 2346 θυσίας

78 2356 128 2390 τῆς
143 2356 215 2392 ὑπὲρ
226 2357 335 2384 ἑαυτοῦ.
354 2358 462 2394 Ἐπειδὴ
473 2359 501 2385 δὲ
516 2359 546 2385 τὸ
561 2358 634 2390 είκὸς
651 2358 869 2395 παρωθούμενοι,

79 2402 126 2429 δύο
143 2403 176 2438 δὴ
194 2403 277 2430 ⁵πάλιν
291 2405 367 2435 υἱοὺς
377 2404 528 2432 ἐπινοοῦσιν
541 2406 568 2432 oi-
581 2405 767 2441 ἐτερόφρονες,
784 2407 870 2440 ἀναγ-

80 2450 164 2482 καίως
177 2449 290 2485 γέγονεν
308 2452 325 2478 ὁ.
338 2451 559 2487 ἀναθεματισμὺς
569 2473 576 2484 ,
599 2452 709 2488 ἐμφανῆ
733 2452 879 2480 καθιστῶν,

79 2495 128 2530 τὴν
146 2496 275 2524 ἀσέϐειαν
289 2497 393 2524 αὐτῶν.

292 2593 589 2621 ΔΝΔΘΕΜΑΤΙΣΜΟΣ
605 2595 656 2622 IA'.

114 2647 149 2675 Εῐ
164 2656 206 2680 τις
223 2647 275 2684 οὐχ
294 2648 422 2684 ὁμολογεῖ
435 2649 485 2686 τὴν
507 2650 555 2677 τοῦ
572 2651 676 2686 Κυρίου
694 2651 784 2687 σάρκα
800 2650 869 2683 ζωο-

117 2737 142 2754 ³⁶
153 2739 238 2767 Ilebr.
256 2747 299 2774 III,
316 2741 343 2768 1.

604 169 813 200 EXPLICATIO
833 170 1011 202 DUODECIM
1033 175 1199 206 CAPITUM.

891 232 1102 267 Aoperabatur.
1123 235 1216 269 Quare
1240 241 1416 271 posteaquam
1439 237 1519 264 homo
1542 237 1642 266 factum
1663 245 1717 273 est,
1748 248 1749 251 π

929 278 1001 306 Deus
1025 280 1108 308 etiam
1130 281 1172 308 sic
1193 282 1361 316 permansit;
1380 286 1461 316 atque
1478 283 1516 309 ita
1543 283 1650 318 propria
1673 290 1721 318 per

928 323 1060 360 Spiritum
1085 326 1186 354 virtute
1208 327 1342 355 miracula
1365 329 1500 361 patrabat.
1521 328 1571 361 Qui
1593 336 1658 356 vero
1679 329 1720 356 di-

925 375 1002 404 cunt,
1017 371 1104 405 illum,
1121 377 1250 407 tanquam
1267 381 1350 400 unum
1367 374 1522 409 quempiam
1537 382 1553 402 e
1566 375 1654 407 nobis.
1669 375 1720 403 hoc

925 419 969 443 est
991 423 1007 443 e
1031 417 1120 444 sancti
1143 417 1265 452 Spiritus
1285 418 1443 452 operatione
1466 418 1658 452 clariﬁcatum.
1674 427 1718 447 ea-

925 467 989 495 que,
1007 469 1059 489 nou
1084 467 1114 489 ut
1135 463 1256 497 propria,
1281 463 1327 490 sed
1351 467 1479 498 tanquam
1502 464 1600 497 aliena,
1618 470 1645 492 et
1660 473 1722 500 qua:

927 505 1012 534 Deum
1033 515 1085 536 non
1117 508 1226 541 deceat,
1250 517 1347 542 usum,
1371 518 1476 543 necnon
1500 512 1577 545 quasi
1602 511 1719 547 Spiritus

925 552 1013 586 gratia
1028 553 1062 580 ad
1085 553 1171 581 caelos
1186 562 1246 582 esse
1264 559 1435 590 assumptum
1450 564 1458 584 :
1477 556 1513 584 illi
1534 558 1634 585 merito
1651 565 1720 586 ana-

926 597 1092 626 thematismi
1109 598 1189 633 hujus
1205 600 1298 628 virtuti
1319 601 1509 636 subjacehunt.

1133 665 1456 695 ANATHEMATISMUS
1476 669 1509 696 X.

960 731 1143 760 Confessionis
1166 738 1264 761 nostrae
1283 735 1439 769 pontificem
1460 741 1487 763 et
1500 742 1651 770 apostomm
1674 740 1717 766 ta-

925 783 998 806 ctum
1025 786 1086 807 esse
1121 779 1261 808 Christum
1295 781 1436 816 Scriptura
1462 783 1551 809 divina
1581 784 1716 811 docet":

924 821 1055 849 obtulisse
1065 829 1174 857 quoque
1193 823 1373 857 semetipsum
1392 832 1442 858 pro
1459 825 1537 851 nobis
1554 825 1608 852 Deo
1624 830 1649 852 et
1665 825 1716 852 Pa-

926 867 960 895 tri
973 872 1002 896 et
1015 868 1042 896 in
1057 868 1169 897 odorem
1191 869 1338 897 suavitatis
1349 870 1385 897 ³³.
1399 871 1428 898 Si
1443 871 1504 906 quis
1523 871 1714 907 ergodixerit.

888 907 1081 948 Bpontiﬁcem
1103 919 1132 942 et
1146 915 1306 950 apostolum.
1323 921 1445 943 nostrum
1470 924 1524 943 non
1542 924 1605 944 esse
1628 917 1714 952 ipsum

926 958 972 986 Dei
985 958 1117 993 Verbum,
1127 965 1305 996 posteaquam
1322 968 1386 988 caro
1401 966 1431 988 et
1449 961 1531 989 homo
1544 961 1622 990 nobis
1639 963 1715 989 simi-

925 1004 958 1032 lis
979 1004 1080 1032 facttmt
1095 1012 1157 1038 est;
1174 1007 1223 1033 sed
1240 1006 1378 1034 hominem
1393 1007 1480 1040 illum,
1496 1008 1542 1042 qui
1556 1015 1588 1035 ex
1604 1008 1717 1035 muliere

925 1055 1007 1078 natus
1026 1055 1078 1085 est,
1094 1051 1181 1086 quasi
1192 1052 1308 1080 alterum
1325 1053 1481 1088 quempiam
1498 1053 1532 1080 ab
1557 1053 1616 1088 ipso
1633 1055 1719 1080 diver.

924 1104 984 1124 sum
999 1105 1007 1124 ε
1022 1102 1070 1124 aut
1093 1097 1115 1125 si
1131 1099 1192 1133 quis
1209 1097 1349 1126 Christum
1375 1106 1424 1134 pro
1449 1099 1539 1134 seipso
1554 1106 1673 1134 quoque.
1690 1104 1721 1126 et

924 1150 978 1170 non
1005 1143 1094 1178 potius
1118 1151 1167 1179 pro
1191 1144 1270 1172 nobis
1298 1144 1365 1172 solis
1391 1145 1557 1172 sacriﬁcium
1585 1145 1722 1172 obtulisse

924 1188 1025 1217 dixerit
1039 1191 1138 1225 (neque
1163 1191 1236 1218 enim
1258 1190 1396 1218 oblatione
1418 1191 1528 1226 egebat,
1543 1191 1588 1226 qui
1612 1199 1717 1226 pecca-

925 1239 981 1262 tum
995 1243 1053 1262 norr
1066 1236 1150 1271 novit)
1166 1245 1173 1262 :
1192 1236 1336 1264 anathema
1351 1236 1398 1264 sit.

1180 1292 1330 1320 Declaralio
1340 1293 1454 1321 decima.

960 1349 1064 1384 Exigua
1085 1356 1151 1377 sane
1165 1354 1228 1377 sunt
1247 1350 1344 1383 Verbo,
1363 1350 1434 1384 quod
1451 1357 1483 1377 ex
1503 1349 1558 1377 Deo
1573 1349 1653 1377 Patre
1668 1357 1725 1377 or.

926 1399 981 1423 tum
993 1401 1044 1428 est,
1059 1402 1119 1430 quia
1131 1395 1247 1422 humana
1261 1401 1343 1430 sunt;
1357 1401 1475 1423 attamen
1487 1400 1596 1430 propter
1607 1397 1714 1431 dispen-

925 1443 1057 1471 sationem
1078 1450 1130 1470 non
1152 1441 1310 1476 rcjiciendL
1327 1442 1393 1469 Cum
1412 1442 1484 1478 enim
1502 1443 1648 1470 secundum
1665 1452 1715 1470 nn-

926 1490 1014 1515 tnrat’n
1037 1488 1224 1516 universorum
1247 1488 1375 1516 Dominus
1395 1492 1489 1520 essetI
1513 1488 1606 1516 servili
1629 1488 1724 1516 forma.

926 1539 1046 1568 aceepta,
1060 1534 1085 1561 in
1105 1541 1137 1560 ea
1158 1541 1218 1568 quae
1239 1537 1330 1560 nostra
1347 1539 1421 1565 sunt.
1439 1534 1612 1568 semetipsum
1625 1534 1716 1561 demi?

888 1584 914 1613 cp
930 1579 982 1612 sit;
999 1578 1203 1614 appellatusque
1215 1583 1256 1606 est
1274 1583 1367 1606 noster
1385 1579 1504 1614 pontifex
1521 1584 1549 1607 et
1565 1579 1724 1614 apostolus.

927 1625 1050 1652 humanae
1064 1631 1168 1652 natura:
1184 1624 1385 1652 conditionibus
1400 1624 1434 1652 ad
1455 1624 1505 1652 hoc
1524 1625 1606 1652 etiam
1623 1625 1718 1659 ipsum

925 1670 1094 1697 vocantibus.
1117 1678 1127 1694 ι
1146 1667 1249 1696 Obtulit
1264 1674 1355 1697 autem
1373 1670 1548 1704 semetipsum
1565 1678 1615 1705 pro
1633 1671 1715 1698 nobis

925 1715 980 1742 Deo
1001 1715 1075 1742 Patri
1095 1715 1121 1742 in
1131 1715 1243 1742 odorem
1258 1715 1441 1743 suavitatis".
1454 1715 1513 1743 Una
1527 1717 1624 1750 quippe
1635 1716 1712 1744 obla-

926 1762 1202 1790 tioneconsummavit
1212 1761 1394 1790 sattctilicalos
1409 1762 1435 1789 in
1451 1762 1646 1797 sempiternum
1657 1763 1708 1795 "9

925 1808 996 1835 sicut
1020 1808 1149 1842 scriptum
1176 1811 1227 1834 est.
1249 1807 1284 1834 At
1303 1807 1394 1834 nescio
1419 1808 1554 1842 quomodo
1571 1807 1618 1842 qui
1634 1815 1719 1835 secus

924 1854 1057 1886 sentiunt,
1073 1854 1224 1888 nomipsum
1244 1853 1292 1880 Dei
1314 1852 1431 1880 Verbum
1457 1854 1592 1881 hominem
1615 1853 1721 1881 factum

925 1899 1075 1932 exstitisse,
1090 1904 1117 1926 et
1133 1898 1285 1934 apostolum
1308 1906 1340 1926 ac
1363 1899 1518 1934 pontiﬁcem
1534 1899 1714 1926 confessionis

925 1950 1036 1976 nostrze,
1052 1945 1099 1972 sed
1120 1945 1198 1980 quasi
1216 1945 1352 1972 diversum
1365 1945 1520 1980 quempiam
1538 1945 1572 1972 ab
1589 1946 1647 1980 ipso
1663 1945 1713 1972 ho-

925 1993 1025 2020 minem
1039 1998 1163 2020 seorsum
1181 1998 1196 2018 e
1209 1996 1310 2018 sancta.
1323 1990 1434 2026 Virgine
1458 1996 1550 2018 natum
1562 2011 1570 2024 ,
1588 1995 1616 2018 et
1634 1990 1719 2026 156

924 2037 1074 2073 apostolum
1099 2045 1131 2065 ac
1158 2037 1313 2072 pontiﬁcem
1337 2043 1463 2065 vocatum
1491 2037 1576 2065 fuisse
1598 2043 1713 2064 conten~

924 2084 1007 2117 dunt;
1023 2088 1050 2110 et
1066 2083 1233 2118 proﬁciendo
1248 2084 1281 2110 ad
1297 2083 1349 2111 hoc
1363 2088 1486 2111 evectum
1502 2091 1562 2111 esse
1575 2092 1581 2110 :
1599 2091 1648 2110 nec
1664 2091 1721 2117 pro~

924 2129 1002 2156 nobis
1013 2128 1080 2156 solis
1093 2128 1266 2162 semetipsum
1287 2127 1342 2155 Deo
1362 2133 1391 2155 et
1411 2128 1484 2155 Patri
1502 2128 1527 2155 in
1546 2128 1710 2156 sacriﬁcium

923 2174 1062 2206 obtulisse,
1082 2175 1129 2202 sed
1155 2174 1236 2201 etiam
1258 2181 1308 2209 pro
1329 2175 1441 2209 seipso:
1460 2175 1486 2201 id
1506 2175 1576 2209 quod
1599 2183 1614 2201 a
1637 2179 1715 2202 recta.

923 2220 1116 2256 inculpataque
1138 2219 1191 2248 ﬁde
1213 2220 1325 2246 omnino
1345 2225 1387 2248 est
1409 2219 1525 2247 alienum
1539 2240 1547 2253 ,
1570 2225 1714 2254 peccatum

924 2266 997 2293 enim
1011 2274 1065 2294 non
1079 2265 1192 2293 fecerat.
1209 2265 1260 2299 Qui
1280 2270 1370 2293 autem
1385 2266 1484 2293 delicto
1502 2267 1635 2301 superior,
1649 2274 1712 2302 pec-

923 2312 1031 2346 catique
1043 2318 1156 2346 prorsus
1170 2317 1267 2346 expers
1279 2315 1356 2344 erat,
1370 2310 1508 2338 oblatione
1522 2319 1570 2346 pro
1591 2319 1620 2338 se
1637 2311 1712 2338 nullo

923 2360 1001 2392 pacto
1015 2364 1083 2392 opus
1097 2357 1224 2384 habebat.
1243 2357 1374 2390 Quoniam
1389 2363 1452 2384 vero
1471 2358 1516 2392 qui
1539 2361 1632 2384 contra
1649 2365 1710 2384 sen-

925 2403 1006 2434 tiunt,
1029 2402 1099 2430 duos
1116 2409 1211 2430 rursus
1228 2401 1298 2429 ﬁlios
1315 2401 1430 2429 absurde
1449 2401 1708 2432 comminiscuntur.

922 2454 1011 2483 operae
1024 2447 1140 2482 pretium
1157 2447 1218 2479 l'uit,
1235 2451 1264 2474 ut
1275 2447 1319 2474 hic
1335 2454 1443 2482 quoque
1463 2447 1707 2474 auathematismus

922 2494 1119 2528 assignarelur,
1145 2493 1191 2528 qui
1216 2493 1383 2529 impietatem
1408 2493 1516 2521 illorum
1539 2494 1708 2529 perspicuam

923 2539 1055 2570 redderet,

887 2258 909 2286 D

1122 2593 1443 2622 ANATHEMATISMUS
1463 2593 1509 2621 XI:

958 2652 986 2680 Si
997 2651 1058 2687 quis
1069 2650 1176 2679 Domini
1188 2658 1297 2679 carnem
1311 2651 1457 2684 viviﬁcam,
1469 2651 1607 2686 ipsiusque
1619 2649 1710 2681 Verbi,

393 2741 414 2756 ³¹
429 2740 529 2776 Ephes.
545 2749 571 2775 ν,
584 2742 611 2769 2.
649 2742 672 2758 ⁸²
687 2741 754 2769 Ibid.
800 2742 822 2758 ³³
831 2743 914 2770 Hebr.
931 2750 959 2776 Σ,
975 2744 1024 2772 IL

619 2819 705 2847 Variae
725 2820 857 2848 lectiones
870 2829 904 2849 ex
919 2821 1014 2850 codice
1031 2821 1220 2858 Seguieriano.

106 2892 117 2916 ι
132 2895 181 2923 καὶ
189 2895 273 2932 ὺπέρ.
314 2898 331 2910 “
347 2893 407 2923 οῖδα
421 2895 488 2929 πῶς.

527 2902 539 2916 ιι
559 2898 658 2933 μᾶλλον
673 2899 761 2935 ήμῶν,
779 2899 794 2935 ἤ
808 2899 904 2927 ἑαυτοῦ
921 2901 1125 2936 προσενεγκεῖν.

1664 184 1721 212 3ft)
1757 181 1767 192 ¹
