1886 3056
88 180 137 208 3’3
395 181 660 210 APOLOGETICUS
677 178 745 209 PRO
765 180 812 208 XII
833 180 1016 209 CAPITIBL‘S
1035 178 1175 208 CONTRA
1194 177 1422 208 ORIENTALES.
1671 179 1727 210 5N

91 275 1495 292 Wﬁm;=?2:m=ﬁr==

735 376 1079 424 ADMONITIO

306 488 349 520 IN
384 488 598 525 UTRUMQUE
629 489 762 519 SANCTI
795 490 945 520 CYRILLI
979 489 1170 519 LIBELLUM
1203 489 1506 521 APOLOGETICUM.

849 589 970 609 SCILICET

371 659 433 692 Pro
454 658 508 690 XII
522 659 677 700 capitibus
696 664 805 691 contra
825 659 1007 695 Orientales,
1029 662 1058 690 cl
1074 663 1182 691 contra
1200 659 1448 692 Theouoretum.

463 755 512 786 (P.
531 755 669 780 GARNEIIIUS
684 754 708 779 in
723 755 786 786 Opp.
805 755 873 780 Marii
895 756 1049 783 Mercatoris.
1064 757 1111 781 col.
1124 757 1171 781 935
1186 758 1228 784 ed.
1243 758 1356 790 Migue.)

116 904 234 942 Cyrillo:
243 905 375 940 epistola:
387 914 443 934 sine
455 906 542 934 tertias
556 905 589 933 ad
600 906 754 934 Nestorium
769 907 948 942 subjunxerat
968 908 1056 941 capita
1070 915 1193 936 errorum
1215 909 1368 941 duodecim,
1379 918 1438 944 qua:
1448 911 1511 945 quia
1521 911 1625 946 singula
1639 913 1730 947 subice

86 957 156 980 clum
167 952 275 980 habent
287 954 450 985 anathema,
467 953 548 989 vulgo
564 952 787 982 anathematismi
801 959 943 988 vocantur,
968 963 1122 990 quanquam
1141 962 1248 984 veteres
1263 956 1402 985 malebant
1414 958 1534 993 capitula
1551 959 1653 988 dicere.
1667 960 1729 988 llaec

88 1007 148 1028 eum
155 1001 311 1036 accepisset
325 1001 478 1035 Nestorius,
495 1001 639 1029 confestim
655 1002 826 1030 Antiochiam
839 1003 912 1030 misit
924 1004 956 1030 ad
970 1002 1102 1031 Joannem
1118 1005 1286 1039 episcopum,
1304 1013 1403 1038 rogans
1421 1010 1451 1033 ut
1462 1014 1476 1033 a
1490 1007 1729 1042 praestantissimis

88 1047 190 1075 duobus
200 1055 259 1075 suae
277 1048 407 1076 ditecesis
427 1048 592 1082 hominibus,
611 1049 718 1075 Andrea
742 1047 922 1077 Samosateno
950 1054 976 1078 et
993 1050 1167 1078 Theodoreto
1181 1050 1305 1087 Cyrensi,
1328 1051 1493 1084 refellenda.i
1511 1059 1538 1081 et
1558 1054 1726 1089 Apollinarii.

88 1098 200 1133 Ariique
221 1105 353 1126 errorum
371 1098 524 1126 damnanda
543 1104 662 1126 curaret.

123 1143 261 1172 Fecerunt
279 1145 362 1172 ambo
376 1145 448 1180 quod
465 1146 643 1180 rogabantur,
661 1144 848 1182 scriptumque
865 1145 964 1182 singuli
984 1148 1113 1175 acerbum
1137 1148 1239 1182 pariter
1255 1150 1335 1183 atque
1357 1147 1555 1175 amarulentum
1570 1145 1728 1180 ediderunt,

90 1191 214 1219 Andreas
225 1191 410 1219 Orientalium
426 1191 547 1223 nomine,
559 1190 747 1219 Theodoretus
764 1199 831 1225 suo;
844 1191 956 1226 scripsit
970 1193 1043 1219 enim
1054 1193 1098 1220 ille
1110 1193 1270 1227 Antiochiae,
1284 1193 1335 1221 iste
1344 1193 1418 1228 Cyri.
1431 1193 1547 1221 Andreae
1559 1193 1727 1227 obiectiones

91 1238 213 1272 probavit
229 1237 345 1265 Joannis
361 1237 499 1272 synodus;
517 1236 657 1272 misitque,
675 1238 782 1272 opinor,
797 1237 989 1265 Alexandriam
1008 1244 1057 1273 per
1075 1236 1263 1266 Possidonium
1281 1239 1368 1273 ipsum
1386 1239 1543 1271 diaconum,
1560 1240 1606 1274 qui
1623 1240 1731 1267 litteras

91 1285 230 1313 Calestini
248 1293 280 1312 ac
298 1284 391 1320 Cyrilli
407 1285 442 1312 ad
454 1283 592 1320 IJoannem
615 1284 756 1312 attulerat.
774 1285 962 1313 Theodorelus
985 1285 1213 1320 reprehensiones
1231 1292 1295 1312 suas
1312 1292 1359 1320 per
1381 1284 1552 1312 Phtnniciam
1570 1285 1729 1320 vicinasque

94 1331 218 1366 regiones
234 1331 347 1366 sparsit,
383 1330 439 1358 imo
458 1330 527 1357 et‘in
541 1330 637 1357 urbem
652 1331 753 1365 regiam
767 1330 852 1364 misit,
868 1331 1072 1367 gratiﬁcaturus
1086 1331 1175 1359 amico
1192 1330 1318 1358 Nestorio
1334 1340 1340 1357 :
1360 1331 1409 1358 has
1421 1338 1484 1358 cum
1497 1331 1648 1366 accepisset
1661 1330 1731 1358 Evo-

93 1379 164 1413 ptius
181 1377 362 1406 Ptolemaidis
377 1376 558 1413 Pentapoleos
573 1378 693 1412 regionis
707 1379 861 1414 episcopus,
878 1379 911 1405 ad
927 1378 1058 1414 Cyrillum
1073 1378 1156 1405 misit.

128 1422 249 1458 Uterque
263 1423 375 1458 scripsit
389 1427 452 1451 ante
465 1420 611 1451 concilium
626 1423 805 1460 Ephesinum,
818 1424 890 1459 quod
905 1424 939 1451 de
951 1432 981 1451 se
995 1428 1111 1452 testatur
1125 1422 1313 1452 Theodoretus
1328 1425 1354 1452 in
1372 1425 1532 1460 praefatione
1547 1424 1698 1460 Pentaiogu
1721 1447 1730 1455 .

94 1472 202 1506 utrique
218 1471 337 1508 Cyrillus
365 1476 428 1500 ante
443 1472 588 1500 concilium
606 1472 757 1507 respondit,
774 1472 848 1507 quod
863 1472 906 1500 vel
922 1480 956 1500 ex
970 1480 1002 1500 eo
1016 1477 1133 1504 constat,
1150 1474 1222 1508 quod
1241 1473 1365 1500 damnati
1379 1481 1393 1499 a
1411 1473 1515 1509 synodo
1530 1472 1648 1501 Nestorii
1665 1481 1730 1502 nus-

92 1524 171 1550 quam
184 1517 321 1549 meminit,
334 1524 396 1545 cum
413 1521 504 1546 tamen
519 1518 610 1554 magni
624 1518 650 1545 in
665 1525 722 1545 rem
738 1525 815 1545 suam
833 1519 963 1546 momenti
977 1518 1097 1545 futurum
1110 1523 1183 1546 esset
1197 1523 1300 1546 tantum
1317 1517 1443 1546 Ecclesiae
1451 1518 1536 1554 judici
1547 1527 1602 1547 um.

126 1562 190 1590 Fuit
208 1571 275 1591 vero
291 1563 415 1591 Andreas
434 1571 465 1591 ea
485 1568 648 1599 tempestate
666 1565 737 1593 inter
752 1563 907 1592 Orientales
923 1563 1053 1591 doctrinae
1069 1563 1140 1591 fama
1153 1564 1317 1600 pietatisque
1331 1565 1458 1593 celebris.
1478 1565 1546 1593 Tres
1567 1570 1677 1594 exstant
1697 1572 1732 1592 an

92 1617 153 1636 cum
165 1609 330 1638 Theodoreti
343 1610 476 1646 epistolas,
488 1613 576 1648 prima
587 1611 660 1640 inter
675 1612 764 1640 editas
776 1619 790 1639 a
805 1611 951 1639 Sirmondo
962 1612 1092 1647 vigesimo
1104 1617 1202 1647 quarto
1218 1621 1330 1640 numero
1342 1617 1486 1646 censetur;
1500 1613 1586 1640 altera
1600 1614 1626 1640 in
1637 1613 1729 1648 quinta

100 1657 206 1693 synodo
221 1659 375 1693 reperitur;
394 1659 472 1687 tertia
485 1660 555 1695 apud
568 1659 685 1687 Marium
700 1657 890 1692 Liercatorem,
903 1666 958 1694 quo
976 1660 1123 1694 interprete
1139 1668 1211 1687 nunc
1223 1660 1340 1695 primum
1358 1661 1458 1687 editur.
1472 1660 1512 1687 Ex
1526 1660 1613 1696 prima
1629 1661 1730 1689 intelli-

94 1706 167 1740 gitur
178 1711 312 1741 quantam
329 1707 375 1734 ille
391 1708 433 1735 sui
452 1707 608 1742 opinionem
622 1708 691 1743 apud
706 1714 802 1735 omnes
815 1707 934 1740 fecerat;
951 1714 983 1734 ex
1002 1708 1130 1740 secunda,
1147 1716 1199 1735 non
1215 1709 1323 1736 venisse
1338 1709 1370 1736 ad
1388 1708 1533 1736 concilium
1551 1708 1731 1744 Ephesinum,

95 1756 208 1787 propter
220 1752 365 1780 adversam
383 1753 630 1788 valetudinem-,ex
647 1753 739 1786 tertia,
755 1753 932 1788 pertinaciter
945 1753 1091 1781 adhaasisse
1105 1753 1246 1787 Nestorio;
1265 1762 1352 1789 neque
1369 1763 1488 1789 unquam
1502 1755 1528 1782 in
1545 1754 1604 1789 eius
1619 1756 1731 1782 damna-

95 1797 196 1825 tionem
215 1798 398 1833 consensisse,
414 1800 495 1826 etiam
510 1804 626 1835 cogente
638 1807 687 1835 per
700 1799 867 1828 Aristolauni
881 1799 1019 1827 tribunum
1037 1799 1203 1828 Theodosio.

130 1845 231 1873 Mirum
246 1854 324 1880 sane,
343 1847 414 1882 quod
432 1847 526 1876 scribit
540 1847 676 1876 Baronius
693 1847 745 1883 (Ad
768 1857 831 1876 ann.
847 1848 910 1881 451,
923 1856 999 1875 num.
1014 1847 1091 1884 £85),
1108 1848 1253 1882 impulsum
1271 1849 1355 1877 fuisse
1365 1850 1501 1878 Andream
1518 1859 1532 1877 a
1548 1849 1653 1878 Joanne
1669 1850 1727 1878 Au-

96 1893 236 1926 tiocbeno,
253 1898 315 1928 post
326 1893 446 1921 solutum
458 1893 615 1928 concilium,
627 1894 661 1922 ad
674 1894 849 1922 scribendum
865 1899 958 1922 contra
975 1894 1011 1928 Cy
1019 1893 1070 1921 rilli
1092 1895 1222 1928 capitula,
1248 1895 1396 1931 tulisseque
1421 1903 1482 1923 eam
1515 1904 1564 1931 pro
1591 1895 1733 1930 impietate

96 1941 264 1973 mercedem,
280 1945 309 1968 ut
327 1949 360 1968 ex
375 1941 509 1969 monacho
519 1941 820 1978 Constantinopolitano
835 1942 1029 1971 Samosateuus
1043 1943 1186 1978 episcopus
1203 1943 1280 1970 iteret
1294 1951 1301 1969 :
1319 1950 1381 1970 nam
1394 1942 1481 1977 primo
1496 1942 1726 1976 Constantinopo-

95 1987 198 2016 litanus
215 1989 260 2016 ille
272 1989 433 2023 monachus,
447 1994 508 2024 post
523 1998 616 2025 pacem
630 1989 825 2024 Ecclesiarum,
841 1997 904 2018 cum
919 1991 953 2018 ad
965 1998 1025 2018 eum
1037 1990 1168 2018 scriberet
1180 1989 1377 2023 Theodoretus,
1390 1991 1480 2017 adhuc
1495 1995 1554 2017 crat
1567 1991 1724 2018 monachus.

96 2035 200 2062 Deinde
215 2034 362 2063 Liberatus
377 2035 471 2068 tradit,
486 2036 578 2063 statim
593 2037 712 2070 acceptis
724 2036 818 2072 Cyrilli
833 2037 942 2069 litteris,
959 2036 1115 2063 Nestorium
1129 2044 1144 2062 a
1159 2035 1265 2063 Joanne
1278 2036 1400 2070 petiisse,
1414 2041 1469 2062 uta
1485 2036 1542 2063 suis
1559 2035 1634 2071 argui
1654 2035 1731 2070 capi-

96 2078 153 2107 tula
166 2085 287 2111 curaret.
300 2079 475 2115 idipsumque
493 2081 577 2108 refert
592 2089 624 2108 ex
637 2081 764 2109 Liberato
778 2082 912 2110 Baronius
924 2083 958 2110 ad
973 2090 1038 2114 ann,
1052 2082 1115 2110 450.
1136 2082 1254 2116 Denique
1267 2081 1455 2109 Theodoretus
1467 2086 1530 2109 attte
1544 2081 1687 2109 concilium
1701 2090 1733 2108 se

97 2129 244 2163 scripsisse
261 2133 376 2156 testatus
400 2133 458 2162 est;
477 2133 505 2156 et
518 2130 686 2157 ostendimus
701 2131 809 2165 utrique
823 2139 839 2158 a
856 2131 959 2167 Cyrillo
975 2139 1131 2166 responsum
1144 2135 1207 2158 ante
1219 2131 1308 2164 ipsqu
1321 2137 1430 2165 quoque
1446 2129 1602 2158 concilium.
1615 2128 1734 2164 Cyrillus

96 2180 172 2202 certe
195 2174 362 2202 l‘heodoreto
378 2175 529 2209 respondit,
546 2175 618 2203 velut
632 2176 736 2204 homini
753 2178 845 2213 ignoto
862 2187 868 2205 :
885 2179 931 2211 qui
946 2185 1011 2205 Vero
1024 2178 1118 2205 fuisset
1137 2182 1198 2212 post
1213 2177 1368 2209 concilium,
1386 2184 1447 2203 cum
1464 2175 1656 2204 Theodoretus
1668 2183 1726 2202 retu

97 2221 353 2253 schitmaticorum,
374 2221 414 2248 vel
429 2229 510 2254 unus,
526 2221 566 2249 vel
583 2222 654 2249 inter
666 2222 769 2258 primos
779 2224 964 2257 promoverit?
984 2224 1125 2251 Postremo
1140 2223 1277 2250 Andream
1291 2221 1542 2256 'l‘heodoretusjam
1557 2221 1733 2257 episcopum,

97 2273 126 2296 et
138 2267 248 2302 quidem
261 2274 316 2295 non
332 2267 370 2294 ita
383 2268 488 2302 pridem
505 2268 618 2300 factum,
632 2269 739 2303 Epheso
756 2270 854 2298 litteris
867 2272 1005 2299 convenit.

135 2314 275 2342 Incertum
290 2322 433 2350 quousque
444 2316 527 2342 vitam
545 2317 722 2350 protraxerit,
738 2324 800 2344 nam
815 2318 886 2352 quod
901 2317 984 2345 habet
1000 2318 1158 2345 Theodorus
1171 2318 1256 2344 lector
1274 2325 1280 2343 :
1296 2316 1427 2343 Rabbulas
1439 2316 1587 2343 Edessam"
1596 2316 1732 2351 episcopus

99 2370 183 2389 rem
198 2367 256 2390 erat
265 2370 276 2395 ;
290 2362 411 2390 Andreas
425 2371 484 2390 vero
498 2363 687 2391 Samorutenus
706 2366 838 2392 accusavit
852 2361 923 2398 eum,
936 2366 1012 2400 quasi
1031 2370 1123 2392 contra
1145 2365 1283 2392 duodecim
1298 2365 1385 2399 capita
1410 2363 1568 2391 Theodoreti
1583 2364 1730 2398 scripsisset

99 2409 177 2443 (Lib.
191 2417 199 2436 I
214 2408 453 2442 Collectaneorum,
472 2414 492 2436 t.
508 2409 528 2436 ll
543 2409 712 2437 Bibliotheca:
738 2411 850 2437 Patrum
862 2412 884 2446 ).
897 2410 970 2438 Nihil
994 2416 1083 2446 potest
1096 2411 1130 2437 Id
1144 2410 1347 2444 chronologiam
1360 2410 1524 2442 conducere,
1537 2417 1598 2437 cum
1611 2409 1678 2437 nihil
1691 2410 1727 2437 sit

100 2455 282 2484 Collectaneis
298 2455 377 2491 huius
400 2458 451 2484 viri
469 2458 664 2492 perturbatius.
680 2457 738 2485 Non
756 2459 905 2493 supervixit
921 2466 987 2486 sane
1001 2460 1034 2486 ad
1050 2466 1151 2486 annum
1170 2466 1256 2493 usque
1268 2458 1333 2490 451,
1349 2465 1403 2492 quo
1418 2457 1566 2485 concilium
1579 2457 1729 2485 Chalcedo—

101 2509 185 2529 nense
203 2502 324 2529 habitum
338 2508 390 2530 est.
408 2503 437 2530 in
452 2511 485 2531 eo
503 2504 576 2530 enim
594 2504 693 2538 legitur
707 2512 806 2531 nomen
823 2504 913 2531 Ruﬁni
937 2505 1150 2534 Samosatensis.
1164 2503 1222 2537 qui,
1245 2511 1306 2530 cum
1324 2502 1475 2530 centesimo
1489 2502 1621 2537 vigesimo
1642 2502 1730 2536 primo

101 2549 162 2578 loco
176 2551 342 2578 sententiam
358 2550 468 2584 dixerit,
483 2551 553 2578 inter
565 2552 655 2585 plures
674 2553 810 2580 sexcentis
824 2551 977 2587 episcopus,
995 2559 1047 2579 non
1060 2553 1096 2579 ita
1111 2551 1215 2587 pridem
1231 2551 1322 2578 debuit
1340 2550 1562 2577 Samosatensem
1575 2548 1727 2576 Ecclesiam

102 2602 208 2631 regere.
224 2597 445 2630 quandoquidem
459 2597 588 2625 credibile
601 2602 643 2625 est
660 2605 709 2633 pro
726 2598 830 2624 ratione
850 2597 1031 2625 ordinationis
1050 2598 1199 2625 recensitos
1212 2604 1274 2624 esse
1291 2596 1395 2623 Patres.
1416 2595 1507 2628 Quare
1527 2596 1571 2622 vix
1592 2596 1730 2622 Andream

103 2651 163 2671 reor
175 2645 298 2678 adnSque
312 2651 378 2672 ann.
393 2644 446 2671 H0
462 2645 543 2672 vitam
557 2646 726 2680 produxisse.

137 2690 280 2718 Methodus
294 2698 378 2726 porro
395 2698 477 2725 quam
493 2691 519 2718 in
536 2691 619 2719 hocce
631 2700 713 2726 opere
729 2696 822 2719 servat
833 2693 884 2721 ista
900 2693 958 2721 fere
973 2698 1024 2720 est.
1041 2691 1170 2727 Cyrillum
1187 2691 1276 2726 arguit
1290 2698 1346 2717 non
1362 2695 1416 2717 tam
1433 2689 1537 2717 erroris
1558 2696 1638 2723 quam
1659 2690 1729 2724 quod

103 2738 248 2772 pugnantia
260 2739 297 2765 sit
309 2738 435 2769 locutus;
449 2738 521 2772 quod
532 2739 643 2766 vocibus
656 2739 816 2768 inconsultis
831 2747 858 2768 et
870 2741 1006 2775 ambiguis
1020 2745 1128 2772 utatur;
1142 2744 1169 2766 et
1187 2743 1259 2774 quod
1274 2738 1392 2772 maligne
1412 2736 1483 2765 forte
1503 2736 1604 2772 aliquid
1621 2736 1730 2764 latentis

103 2786 202 2811 erroris
216 2784 386 2812 dissimulet.

136 2832 173 2859 Ex
187 2833 293 2860 duobus
316 2837 409 2858 autem
434 2832 563 2859 duntaxat
581 2833 709 2867 operibus
724 2833 816 2870 erilli
836 2834 972 2868 depromit
987 2841 1056 2865 .oca,
1073 2840 1131 2867 quac
1156 2830 1391 2858 anathematismis
1406 2835 1535 2865 opponat,
1554 2837 1587 2856 ex
1613 2828 1726 2865 epistola

106 2885 199 2914 nempe
212 2879 246 2906 ad
263 2878 377 2914 .rEgypti
392 2878 552 2912 monachos,
567 2883 595 2906 et
611 2879 719 2908 humilia
736 2880 855 2915 paschali
871 2880 916 2911 i7.
932 2880 1060 2914 illamque
1075 2878 1155 2914 primi
1168 2877 1233 2905 tomi
1249 2877 1369 2909 nomine,
1383 2878 1464 2905 istam
1479 2876 1590 2905 secundi
1605 2875 1730 2911 appellat.
