1886 3056
155 152 209 182 MS
653 155 684 183 S.
703 153 843 182 CYBILLI
863 153 1098 182 ALEXANDRINI
1117 152 1279 182 AltClllEP.
1737 149 1790 179 516

155 212 222 240 Nam
239 214 289 242 ista
306 214 360 242 duo
375 214 488 242 fuerunt.
500 214 586 249 aperti
601 222 661 242 cum
675 214 803 242 Nestorio
814 215 920 242 dissidii
940 216 1028 250 prima
1044 214 1118 242 velut
1138 214 1250 246 indicia,
1268 217 1296 241 et
1313 213 1391 248 quasi
1407 213 1469 241 belli
1484 213 1611 245 classica,
1631 212 1745 239 fuerunt
1764 216 1792 238 et

154 261 252 294 ubique
266 262 386 296 gentium
399 261 553 293 notissima,
565 269 626 288 cum
642 266 753 296 propter
767 261 886 288 liomilia‘
897 261 1132 294 communitatem,
1144 265 1201 288 tum
1218 259 1336 287 maxime
1349 259 1386 286 ob
1413 259 1537 293 epistolae
1549 258 1648 286 factam
1661 259 1696 286 de
1712 257 1793 285 indu-

154 308 221 334 stria
237 315 284 342 per
298 308 389 341 urbes,
404 313 431 335 et
446 308 679 342 Constantinopoli
700 309 827 340 maxime,
848 309 892 336 cui
910 308 1034 336 Andreas
1049 307 1197 340 scribebat,
1215 306 1482 335 disseminationem.

188 355 390 383 Observandum
408 357 459 383 sub
482 357 574 388 ﬁnem,
591 357 736 383 admodum
761 364 845 390 pauca
864 357 898 383 ab
915 357 1024 384 Andrea
1046 356 1133 383 asseri
1150 363 1210 390 quae
1231 355 1332 382 bonum
1355 361 1466 381 sensum
1485 353 1557 381 ferre
1579 361 1632 380 non
1658 352 1767 387 possint
1784 359 1791 377 :

153 407 238 434 quare
255 408 307 428 non
323 403 360 428 ita
371 402 526 436 discrepare
537 401 623 436 ipsum
637 409 650 428 a
667 401 780 437 Cyrillo,
798 402 863 436 quin
878 401 968 434 facile,
981 402 1003 429 si
1020 401 1203 429 contentionis
1212 400 1332 427 studium
1342 399 1422 432 absit,
1433 399 1574 426 conciliari
1587 402 1688 433 queat:
1703 397 1789 425 asseri

152 445 224 478 dico,
237 446 298 479 quia
313 447 478 474 sententiam
493 447 670 474 Orientalium
680 447 752 473 velttt
762 447 876 475 Nestorii
894 448 1003 475 nomine
1011 446 1249 474 anathematismis
1263 445 1410 480 appetitam
1421 445 1536 472 subinde
1549 445 1673 478 exponit,
1686 447 1716 470 ut
1730 443 1789 470 ltzec

153 490 323 518 elucubratio
338 500 390 518 non
411 498 466 519 tam
486 492 656 527 impugnatio
670 492 788 520 hominis
804 493 918 527 alicujus
932 493 1018 521 videri
1035 494 1131 529 possit.
1147 500 1229 527 quam
1246 491 1288 519 vel
1300 491 1425 519 defensio
1436 490 1627 526 iudiciumque
1641 489 1788 518 Orientalis

152 538 258 572 synodi,
278 539 318 566 vel
335 541 471 567 sententia
487 541 521 567 de
538 540 786 572 anathenmtismis.
802 545 932 576 tanquam
947 541 1277 569 sibi-contradicentibus.

186 585 276 620 Atque
289 586 345 613 haec
363 595 442 614 causa
458 587 510 614 fuit
524 596 573 615 cur
591 587 721 624 Cyrillus.
738 587 790 614 etsi
808 588 943 616 interdum
957 589 1100 621 irascatur,
1113 593 1225 623 propter
1239 587 1476 621 importunitatem
1491 587 1721 619 obtrectatorum,
1737 586 1787 612 mi-

152 632 205 658 tius
219 638 308 660 tamen
323 641 384 660 cum
398 634 507 662 Andrea
523 643 604 669 quam
618 642 680 660 cum
695 633 870 661 Tlteodorelo
887 639 969 670 agat;
983 635 1010 662 in
1023 634 1070 662 illo
1087 635 1160 662 enim
1177 633 1347 669 provinciam
1366 640 1448 660 unam
1465 636 1563 665 totam,
1579 633 1605 659 in
1624 632 1676 659 isto
1691 631 1786 666 singu-

151 680 233 707 larem
251 688 407 715 personam,
422 687 449 709 et
463 689 524 710 eam
543 682 652 717 quidem
667 680 718 708 sibi
738 681 856 716 ignotam
873 683 1017 718 spectavit.

503 882 678 949 ΤΟΥ
715 881 978 949 ΑΓΙΟΥ
1009 880 1445 949 ΚΥΡΙΛΛΟΥ

665 1018 950 1045 ΔΡΧῙΕΠΙΣΚΟΠΟΥ
972 1017 1209 1046 ΔΛΕΞΑΝΔΡΕΙΔ

258 1109 701 1154 ΑΠΟΛΟΓΗΤΙΚΟΣ.
737 1111 887 1154 ΥΠΕΡ
924 1111 1038 1154 ΤΩΝ
1077 1110 1305 1155 ΔΩΔΕΚΑ
1343 1110 1674 1156 ΚΕΦΑΛΑΙΩΝ.

575 1214 672 1241 ΠΡΟΣ
692 1214 783 1241 ῚῸΥΣ
804 1214 874 1240 ΤΗΣ
891 1212 1084 1241 ΑΝΑΤΟΔΗΣ
1099 1214 1346 1242 ΕΠΙΣΚΟΠΟΥΣ.

566 1381 912 1463 SANGTI
960 1385 1352 1464 CYRILLI

697 1533 934 1562 ALEXANDBLE
953 1533 1217 1563 ARCHIEPISCOPI

295 1629 751 1680 APOLOGETICUS
790 1635 908 1681 PRO
946 1636 1260 1682 DUODECIM
1300 1635 1618 1681 CAPITIBUS

603 1729 803 1761 ADVERSUS
831 1732 1072 1763 ORIENTALES
1098 1732 1309 1763 EPISCOPOS.

174 1890 319 1929 Quisnam
341 1898 457 1921 mentem
478 1896 650 1924 sanctissimo
668 1898 722 1925 Deo
741 1899 880 1932 dicarunt,
902 1909 916 1928 e

1032 1903 1047 1927 ii
1063 1901 1102 1937 τῷ
1119 1901 1244 1936 παναγὶῳ
1267 1900 1326 1936 Θεῷ
1347 1901 1397 1937 τὴν
1416 1900 1520 1927 ἑαυτῶν
1537 1900 1658 1927 διάνοιαν
1683 1909 1776 1936 παρα-

139 1937 263 1964 veritatis
277 1938 450 1973 dogmatibus
463 1942 625 1974 patrocinari
646 1943 814 1977 delegerunt,
831 1951 928 1973 cavant

141 1983 252 2017 profana
270 1983 482 2019 irreligiosornm
501 1987 688 2015 hmreticornm
709 1991 862 2025 vaniloquia
876 2001 882 2023 ;
897 2001 928 2019 ac

142 2031 254 2063 ligentes
272 2031 407 2058 internum
423 2037 450 2059 et
467 2033 654 2060 abseonditum
669 2037 759 2062 cordis
778 2038 884 2064 oculum
901 2040 926 2066 in

141 2076 310 2110 Scripturam
325 2078 455 2106 divinitus
473 2079 643 2114 inspiratam,
657 2082 752 2117 sicque
767 2084 843 2110 bonis
858 2085 927 2118 cogi-

141 2121 287 2148 tationibus
297 2130 358 2149 ettm
374 2122 476 2150 aﬂ‘atint
489 2125 637 2159 explentes,
658 2127 689 2153 iis
705 2128 749 2162 qui
768 2134 840 2155 recta
864 2137 926 2163 per-

139 2172 258 2199 vertunt,
271 2168 445 2196 obluctantur
459 2178 587 2205 perquam
605 2177 727 2205 strenue,
742 2175 820 2207 quasi
836 2176 927 2203 dicen-

139 2217 200 2240 tes-
217 2223 227 2239 ε
252 2213 370 2242 Zelando
394 2216 473 2243 zelati
499 2225 593 2245 sumus
614 2218 729 2245 Domino
744 2220 776 2246 “.
798 2230 807 2246 ι
833 2220 927 2255 Itaque

137 2265 198 2285 cum
221 2258 361 2287 Nestorins
383 2262 482 2288 multas
509 2267 536 2289 et
560 2264 681 2292 diversas
697 2265 778 2301 158
801 2266 926 2300 blasphe—

139 2305 208 2331 ntias
224 2311 316 2332 contra
333 2307 470 2335 Clirisunn
484 2308 652 2337 Salvatorem
668 2313 789 2339 omnium
803 2318 925 2341 nostrum

137 2349 296 2384 eﬂunderel,
311 2357 338 2380 ct
351 2355 549 2387 quodammodo
565 2358 746 2384 venerandum
760 2364 788 2385 et
799 2367 924 2392 magnum

137 2396 334 2426 incarnationis
370 2406 571 2428 sacramentum
610 2402 731 2431 funditus
756 2410 923 2438 removeret,

138 2450 190 2470 non
221 2443 377 2478 ignorantes
401 2446 433 2472 ad
461 2447 517 2473 haec
543 2447 612 2475 velle
636 2449 717 2476 silere
743 2450 924 2485 periculosum

136 2495 209 2521 esse,
228 2494 253 2517 et
277 2499 337 2518 cum
363 2491 511 2525 smpissime
533 2494 762 2523 consuluissemus
788 2497 839 2530 illi,
864 2501 893 2524 ut
909 2505 924 2523 a

139 2534 238 2562 talibus
256 2535 431 2570 blasphemiis
446 2543 584 2572 cessaret,
603 2541 725 2575 nihilque
739 2543 846 2576 penitus
863 2550 925 2576 pro-

982 1949 1140 1984 στήσαντες.
1157 1947 1273 1979 καὶτοῖς
1289 1947 1337 1982 τῆς
1355 1947 1484 1982 ἀληθείας
1501 1947 1616 1981 δόγμασι
1633 1949 1777 1973 συνειπεῖν

982 1993 1130 2028 ᾑρημένοι,
1154 1991 1348 2027 παραιτοῦνται
1368 1993 1417 2026 μὲν
1434 1992 1482 2024 τὰς
1505 1992 1636 2027 βεὸήλους
1652 2001 1777 2026 κενοφω-

981 2038 1039 2068 νίας
1053 2042 1065 2056 κ
1077 2037 1130 2064 τῶν
1141 2038 1255 2064 ἀνοσίων
1267 2037 1424 2073 αῐρετικῶν,
1437 2037 1593 2072 ἐρείσαντες
1605 2038 1634 2064 δὲ
1649 2038 1694 2064 τὸν
1708 2038 1775 2069 ἔσω,

981 2084 1025 2109 καὶ
1040 2082 1302 2118 κατακεκρυμμένον
1322 2082 1460 2116 ὀφθαλμὸν
1479 2082 1527 2117 τῆς
1538 2082 1652 2118 καρδίας
1664 2084 1698 2118 τῇ
1714 2082 1777 2108 Θεοο

981 2129 1105 2164 πνεύστῳ
1120 2129 1225 2165 Γραφῇ,
1237 2129 1309 2155 οὕτω
1324 2137 1355 2154 τε
1368 2128 1451 2154 αὐτὸν
1467 2128 1603 2160 πλουσίως
1615 2129 1777 2164 ἀναμεστώ·

981 2184 1076 2207 σαντες
1096 2175 1206 2202 ὲννοιῶν
1221 2174 1342 2208 ἀγαθῶν,
1364 2175 1420 2206 τοῖς
1433 2174 1467 2201 τὰ
1481 2174 1550 2209 ὀρθὰ
1564 2175 1776 2210 διαστρέφουσι-ι

980 2221 1202 2252 ἀντανιστανται,
1226 2221 1273 2247 καὶ
1291 2221 1363 2256 μάλα
1387 2220 1534 2252 νεανικῶς,
1562 2221 1705 2255 μονονουχὶ
1728 2221 1775 2246 λέ-

980 2276 1091 2302 γοντες·
1114 2277 1123 2292 ι
1140 2266 1288 2301 Ζηλοῦντες
1312 2267 1491 2302 ὲζηλώκαμεν
1508 2266 1546 2299 τῷ
1564 2266 1670 2302 Κυρίῳ.
1686 2277 1695 2292 ι
1718 2267 1775 2293 Νε-

981 2313 1088 2349 στορίου
1106 2313 1196 2339 τοίνυν
1211 2313 1311 2344 πολλάς
1324 2321 1353 2339 τε
1367 2313 1413 2339 καὶ
1427 2313 1573 2348 διαφόρους
1590 2313 1775 2348 καταχέοντος

980 2358 1154 2394 βλασφημίας
1166 2357 1213 2384 τοῦ
1228 2358 1337 2384 πάντων
1349 2358 1428 2393 ἡμῶν
1438 2358 1564 2393 Σωτῆρος
1576 2359 1708 2394 Χριστοῦ,
1723 2359 1774 2386 καὶ

978 2402 1034 2430 οἷον
1048 2404 1080 2430 ὲκ
1096 2402 1203 2438 βάθρων
1218 2402 1450 2438 ἀναμοχλεύοντος
1462 2403 1492 2429 τὸ
1505 2403 1615 2435 σεπτὸν,
1633 2404 1682 2429 καὶ
1700 2404 1774 2439 μέγα

977 2449 1029 2484 τῆς
1039 2449 1271 2484 ὲνανθρωπήσεως
1284 2449 1442 2484 μυστήριον,
1454 2448 1504 2475 οὐκ
1518 2449 1659 2476 ἀκίνδυνον
1671 2450 1772 2481 εἰδότες

977 2495 1008 2522 τὸ
1018 2495 1063 2521 ὲπί
1079 2503 1110 2529 γε
1125 2494 1230 2526 τούτοις
1246 2494 1352 2521 ἑλέσθαι
1369 2495 1458 2530 σιγᾷν,
1472 2494 1727 2529 συμϐουλεύσαντες
1740 2505 1770 2523 τε

978 2540 1138 2572 πλειστάκις
1166 2540 1241 2576 αὐτῷ
1263 2539 1318 2566 τῶν
1336 2540 1465 2566 τοιούτων
1486 2539 1639 2575 ἀπέχεσθαι
1663 2541 1769 2577 δυσφη-

137 2580 307 2613 fecissemus,
321 2585 476 2612 necessario
497 2586 603 2613 tandem
625 2588 659 2614 ad
681 2587 848 2615 defendenda
866 2596 881 2621 p

1024 2596 1056 2619 iv.
1082 2588 1227 2622 ὸνήσαντες
1245 2587 1273 2613 δὲ
1296 2586 1438 2618 παντελῶς
1456 2587 1544 2618 οὐδὲν,
1564 2588 1768 2623 κεχωρήκαμεν

139 2626 202 2654 tatis
228 2627 352 2662 dogmata
380 2632 556 2664 accessimus,
580 2637 608 2660 et
628 2634 736 2662 selectis
762 2634 924 2669 quibusdam

174 2715 193 2730 "
211 2715 241 2742 Ill
259 2715 324 2751 Reg.
341 2725 398 2750 xu.
416 2718 444 2745 Η

979 2634 1134 2669 ἀναγκαίως
1156 2634 1203 2660 ἐπὶ
1223 2633 1254 2660 τὸ
1270 2633 1369 2669 χρῆναι
1388 2632 1529 2660 συναθλεῖν
1544 2634 1602 2664 τοῖς
1622 2633 1672 2668 τῆς
1690 2633 1768 2660 εὗσε-

671 2799 756 2829 Varia:
771 2801 900 2829 lectiones
912 2809 944 2830 ex
961 2802 1053 2830 codice
1071 2802 1256 2838 chuicriuno.

143 2872 156 2888 ³
167 2869 250 2903 ἴσως.
264 2873 443 2906 καινοφωνίας
