1886 3056
102 137 151 167 3E7

406 141 674 171 APOLOGETICUS
693 142 762 171 ΡΜ)
783 143 830 171 XII
849 144 1033 174 CAPITIBUS
1049 144 1192 174 CONTRA
1211 144 1444 174 ORIENTALES.

1688 145 1744 173 5l8

104 197 174 228 σεξας
184 195 334 232 δόγμασιν.
347 198 564 236 Ἀπολεξάμενοι
575 201 604 227 δὲ
617 201 757 236 κεφάλαιά
766 210 827 229 τινα
841 202 879 228 τῶ

967 203 1023 231 llius
1036 203 1266 239 blasphemiarum
1294 202 1440 237 capitibus,
1461 209 1492 228 ea
1510 201 1612 229 utiliter
1631 202 1741 228 anathe-

104 242 203 269 ἐκείνου
217 241 397 279 δυσφημιῶν,
421 245 509 272 ταῦτα
530 246 675 282 χρησίμως
696 247 897 282 ἀνεθεματίσαο

106 297 162 323 μεν,
179 289 240 323 ἤτοι
260 289 328 321 τοὺς
343 291 454 325 φρονεῖν
476 290 619 323 ἐθέλοντας
633 292 718 324 αὐτὰ,
740 292 897 327 πειθόμενοι

103 334 203 367 λέγοντι
219 333 264 369 τῷ
279 336 411 371 μακαρίῳ
428 336 544 372 Παύλῳ·
561 346 569 362 ι
587 337 619 363 Εἰ
634 346 676 369 τις
692 338 764 372 ὑμᾶς
780 338 897 372 εὐαγγε-

103 379 203 411 λίζεται
225 379 292 415 παρ’
313 381 329 406 ὃ
363 381 550 416 παρελάδετε,
574 382 699 418 ἀνάθεμα
722 383 808 409 ἔστω·
829 383 898 410 ἀλλὰ

102 425 152 452 κᾶν
164 427 258 461 ἡμεῖς,
272 426 290 462 ἢ
301 426 419 461 ἄγγελος
432 427 462 460 ἐξ
472 427 589 463 οὐρανοῦ
601 427 813 463 εὐαγγελίσηται
824 428 897 464 ὑμᾶς

101 472 165 506 παρ’
179 472 195 498 ὃ
216 473 402 508 παρελάϐετε,
423 473 548 509 ἀνάθεμα
562 473 643 501 ἔστω.
657 484 667 499 ›
695 474 765 501 Ἀλλ’
782 474 833 501 οὐκ
849 473 896 501 οἷδ’

100 519 176 550 ὅπως
199 518 421 556 δεδυσφορήκασί
436 529 509 552 τινες
531 521 579 548 ἐπὶ
595 521 682 557 τούτῳ
698 521 770 554 λίαν,
792 521 809 558 ἢ
833 521 898 557 ὀμόσ-

99 573 198 598 φρονες
209 565 298 598 ὀντες,
311 566 359 593 καὶ
374 567 590 603 ισογνώμονες,ἢ
604 568 832 604 προσποιούμενοι
847 568 898 603 μὲν

99 612 296 646 παραιτεῖσθαι
311 613 362 649 τὴν
380 613 532 649 ὁμοδοξίαν,
551 613 717 650 πειρώμενοι
736 615 764 642 δὲ
780 615 825 642 διὰ
839 615 898 651 τρὸ-

99 666 151 684 που
173 659 275 691 παντὸς
299 660 456 695 ἐπικουρεῖν
475 660 565 695 αὐτῷ,
589 662 637 687 καὶ
669 661 805 688 ποιεῖσθαι
829 670 896 688 κατ-

99 706 308 741 εστυγημένους
323 707 387 737 τοὺς
401 706 441 741 τῷ
457 706 566 741 Σωτῆρι
585 707 777 743 συναγορεύειν
789 707 895 734 ἐθέλον-

97 759 159 783 τας.
179 751 252 778 Ἀλλ’
266 750 301 787 ἦν
320 752 468 779 ἀκόλουθον
489 753 600 784 ἐννοεῖν,
620 753 661 779 ὃτι
676 755 733 785 τοῖς
747 753 897 788 ἑτεροδιδα-

98 797 211 828 σκάλοις
235 798 369 833 ἐπιτιμᾷν
396 797 582 833 προύξένησεν
607 798 641 825 ἂν
664 799 756 830 αὐτοῖς
781 799 831 833 τῆς
855 799 896 830 είς

97 843 220 877 Χριστὸν
239 843 351 879 ἀγάπης
368 846 398 870 τὸ
414 843 539 879 γνήσιον·
560 844 608 871 νῦν
623 844 651 871 δὲ
668 844 826 880 πεπράκασι
846 844 895 879 μὲν

952 249 1152 282 matizavimus,
1166 250 1217 276 hoc
1228 253 1280 281 est,
1296 256 1343 276 eos
1362 249 1409 282 qui
1431 247 1493 275 talia
1510 248 1613 275 sentire
1637 248 1741 279 velunt,

948 296 1167 330 obtemperantes
1182 296 1261 322 beato
1277 294 1360 321 Paulo
1373 295 1473 322 dicenti
1493 302 1500 320 :
1518 304 1527 320 ι
1548 294 1575 320 Si
1592 293 1652 328 quis
1664 294 1740 320 vobis

948 340 1176 375 evangelizaverit
1202 344 1300 374 praeter
1328 340 1353 366 id
1385 340 1456 374 quod
1491 338 1644 372 accepistis,
1672 345 1740 364 ana-

949 386 1038 412 thema
1057 386 1104 413 sit.
1120 385 1173 412 Sed
1189 385 1239 413 etsi
1261 392 1320 417 nos,
1334 384 1376 410 vel
1394 385 1505 419 angelus
1520 384 1551 410 de
1573 383 1643 410 caelo
1658 390 1740 410 eratt-

948 431 1104 465 gelizaverit
1124 431 1202 458 vobis
1223 435 1322 465 praeter
1347 430 1372 457 id
1399 430 1470 463 quod
1492 429 1648 464 accepistis,
1671 436 1738 455 ana-

950 477 1038 505 thema
1053 477 1090 504 sit
1105 477 1138 504 ".
1156 485 1167 502 ι
1182 477 1217 502 At
1234 477 1325 503 nescio
1340 483 1394 510 quo
1408 481 1487 510 pacto
1503 475 1529 502 id
1550 475 1657 502 modum
1675 482 1739 509 gra-

947 529 1008 550 vate
1029 524 1138 550 tulerint
1152 523 1246 558 aliqui,
1260 523 1300 550 vel
1315 523 1386 558 quod
1411 522 1465 550 sint
1487 521 1605 555 ejusdem
1629 525 1738 548 senten-

948 570 992 597 tia:
1005 577 1037 597 ac
1051 570 1186 604 opinionis
1204 577 1266 597 cum
1290 569 1351 601 illo;
1369 569 1408 595 vel
1428 568 1499 603 quod
1524 567 1651 594 simulent
1676 567 1738 601 qui-

947 615 1006 642 dem
1023 622 1052 642 se
1065 615 1150 641 \‘itare
1163 614 1298 649 opinionis
1312 614 1482 645 societatem,
1496 617 1628 639 altentent
1645 616 1734 638 autem

948 661 1034 688 modis
1049 661 1174 687 omnibus
1192 661 1279 695 ipsum
1303 659 1441 692 adjuvare,
1457 664 1484 686 et
1503 659 1614 686 reddere
1638 666 1736 685 exosus

947 714 993 733 eos
1026 707 1072 741 qui
1098 707 1267 733 Salvaterem
1294 706 1432 733 Christum
1459 704 1605 732 defendere
1632 704 1734 731 volunt.

948 752 1137 779 Verumtamen
1150 752 1321 787 cogitandum
1345 756 1416 784 erat,
1437 751 1508 786 quod
1534 751 1674 784 increpare
1693 750 1733 777 di-

948 805 1024 825 versa
1041 799 1180 831 docentes,
1197 797 1368 825 conciliasset
1389 797 1455 831 ipsis
1480 796 1581 823 amoris
1605 796 1632 822 in
1655 795 1735 822 Chri-

947 850 1017 871 stum
1044 844 1251 872 sinceritatem:
1279 851 1350 870 nunc
1375 848 1465 870 autem
1489 846 1602 877 egerunt
1624 841 1733 876 quidem

98 889 149 924 οὐχ
168 890 238 925 ὅπερ
250 888 286 925 ἦν
296 878 408 925 ἄμεινον
418 898 424 905 ·
441 890 539 917 πολλοῦ
554 898 586 924 γε
599 891 645 917 καὶ
658 890 711 917 δεῖ·
727 878 879 925 ’πεποίηντα

967 899 1001 918 οη
1032 892 1102 925 quod
1124 891 1182 918 ﬁeri
1205 891 1365 925 oportebat;
1400 889 1530 924 quinam?
1557 888 1620 916 facti
1643 892 1732 914 autern

96 934 124 960 δὲ
143 935 379 970 πολεμιωτάτους,
394 932 432 963 ὧν
454 937 478 962 εἰ
497 935 626 970 γεγόνασι
647 936 775 971 ζηλωταὶ,
797 936 892 970 ἀνεδή-

99 989 182 1007 σαντο
196 981 230 1007 ἃν
255 982 305 1008 σὺν
325 983 418 1014 αὐτοῖς
438 983 489 1017 τῆς
505 982 663 1018 ἀφθαρσίας
682 983 727 1009 τὸν
749 982 891 1017 στέφανον.

102 1026 350 1063 Ἐπιλαμδάνονται
363 1028 452 1055 τοίνυν
463 1028 518 1055 τῶν
533 1028 773 1064 άναθεματισμῶν.
787 1028 825 1060 ὡς
842 1029 892 1054 οὐκ

95 1071 125 1100 εὖ
141 1073 313 1108 γεγονότων⁸
330 1075 379 1101 καὶ
398 1075 430 1105 δὴ
450 1075 499 1101 καὶ
521 1075 630 1110 ἑκάστῳ
653 1074 824 1111 παραθέντες
844 1075 892 1108 ὲγ-

93 1119 209 1155 γράφως
223 1119 260 1146 τὰ
270 1120 321 1155 τῆς
336 1120 440 1147 ἑαυτῶν
453 1120 573 1152 διανοίας
585 1121 739 1156 εὑρήματα,
755 1122 801 1146 καὶ
813 1121 892 1147 ἀσυν-

94 1166 171 1197 έτους
193 1166 271 1198 τινάς
293 1166 495 1201 είκαιομυθίας,
513 1166 697 1202 συναρπάσειν
710 1166 810 1193 οἴονται
827 1166 890 1198 τοὺς

94 1208 314 1244 ἐντευξομένους,
330 1210 378 1236 καὶ
390 1209 580 1242 ἀϐασανίστως
596 1212 652 1242 τοῖς
666 1211 731 1246 παρ’
742 1211 832 1237 αὐτῶν
847 1212 890 1237 ἐν-

94 1255 279 1290 τυγχάνοντας
300 1255 401 1290 λόγοις.
425 1254 480 1283 Ἦν
504 1254 550 1283 οὖν
574 1257 722 1291 ἀναγκαῖον
741 1258 789 1284 καὶ
814 1257 888 1292 ἡμᾶς

94 1300 192 1333 αὐτοὺς
211 1301 441 1337 ἀντιπαρεξάγειν
455 1302 485 1329 τὸ
499 1303 610 1337 ἀληθὲς,
623 1304 670 1330 καὶ
686 1303 888 1339 ἀποκρούεσθαι

93 1346 140 1382 τὴν
157 1347 341 1383 κατάρρηοιν,
352 1348 490 1383 ἀποφῆναί
503 1358 532 1375 τε
546 1349 788 1385 φιλοσκώμμονας,
802 1350 887 1385 ἤγουν

93 1393 222 1428 ἀληθείας
244 1394 395 1430 ὲρευνητάς
419 1395 482 1427 τοὺς
495 1395 529 1422 δι’
548 1396 683 1427 ἐναντίας.
699 1396 887 1431 Προτάξαντες

93 1439 183 1465 τοίνυν
205 1439 323 1467 ἕκαστον
335 1440 390 1467 τῶν
404 1441 646 1476 ἀναθεματισμῶν,
660 1439 720 1468 εἷτα
735 1442 839 1474 τούτοις
851 1443 886 1470 τὰ

92 1487 156 1520 παρ’
169 1486 284 1512 ἐκείνων
300 1487 493 1522 συντεθειμένα
509 1487 700 1522 συντάξαντες,
715 1489 884 1524 παρεζεὺξα-
898 1499 919 1528 C

91 1540 142 1566 μεν
154 1531 190 1558 τὰ
205 1532 270 1567 παρ’
283 1532 399 1565 ἑαυτῶν,
413 1534 468 1565 τοῖς
481 1533 535 1560 τῶν
550 1534 631 1561 θείων
644 1535 760 1570 Γραφῶν
774 1536 885 1570 ἐπιστή-

90 1586 164 1612 μοσι.
176 1578 318 1610 δικασταῖς
330 1579 411 1605 οἱονεὶ
423 1579 569 1614 χρώμενοι.
583 1581 629 1606 καὶ
643 1581 732 1616 ψῆφον
745 1580 884 1613 αἰτοῦντες

89 1624 175 1659 ὀρθήν
194 1632 225 1650 τε
241 1625 288 1651 καὶ
311 1625 513 1661 ἀνεπίπληκτον
537 1625 614 1662 παρὰ
637 1627 692 1653 τῶν
708 1627 818 1654 εἰδότων
834 1627 885 1654 τὴν

89 1669 230 1705 ἀλήθειαν.

309 1727 604 1756 ΔΝΑΘΕΜΔΤΙΣΜΟΣ
624 1731 663 1756 A’.

124 1781 159 1808 Εἴ
170 1791 212 1814 τις
227 1782 278 1818 οὐχ
294 1783 423 1818 ὁμολογεῖ
438 1783 505 1810 Θεὸν
520 1782 590 1811 εἶναι
605 1786 677 1812 κατὰ
692 1786 821 1822 ἀλήθειαν
835 1788 883 1814 τὸν

95 1829 284 1864 Ἐμμανουὴλ,
297 1829 344 1856 καὶ
358 1829 402 1857 διὰ
416 1830 493 1858 τοῦτο
506 1831 639 1859 Θεοτόχον
649 1832 699 1867 τὴν
716 1833 796 1867 ἁγίαν
809 1834 882 1870 [ἰαρ-

88 1874 175 1901 θένον·
192 1876 344 1911 γεγέννηκε
359 1876 413 1911 γὰρ
428 1878 568 1911 σαρκικῶς
582 1875 673 1911 σάρκα
688 1879 820 1913 γεγονότα
835 1881 881 1908 τὸν

85 1921 119 1950 ὲ).
131 1921 201 1948 Θεοῦ
213 1921 322 1957 Πατρδς
336 1922 421 1956 Λόγον
430 1931 437 1937 ·
448 1923 571 1959 ἀνάθεμα
584 1924 656 1951 ἔστω

242 1977 426 2012 Ἀντίρῤησις
443 1978 502 2005 τῶν
525 1979 729 2007 Ἁνατολικῶν.

122 2034 179 2060 Καὶ
200 2034 242 2065 τίς
268 2035 420 2070 σαρκιχῶς,
439 2036 527 2071 σάρκα
544 2036 673 2071 γεγονότα
695 2037 740 2064 τὸν
764 2039 795 2065 ὲκ
811 2039 880 2065 Θεοῦ

86 2080 185 2113 Λόγον,
198 2080 380 2115 ἀποτετέχθαι
395 2081 654 2117 συνομολογήσειεν;
668 2083 700 2110 El
714 2082 768 2119 γὰρ
783 2092 879 2119 σαρκι-

87 2126 144 2158 κῶς
160 2127 318 2162 ἐγέννησεν,
334 2127 426 2154 οὐκέτι
441 2127 511 2154 κατά
534 2128 668 2164 παρθένον
678 2138 685 2145 ·
700 2129 747 2156 καὶ
767 2130 818 2156 ποῦ
834 2130 879 2164 θή-

944 942 1007 964 snnt
1024 937 1195 965 infcnsissimi
1222 937 1273 968 his,
1290 944 1404 971 quorum
1432 936 1454 963 si
1479 934 1591 962 fuissent
1615 934 1734 960 imitato-

944 991 998 1015 res.
1016 983 1228 1011 immortalitatis
1247 990 1345 1010 corona
1372 990 1431 1009 cutn
1457 981 1525 1015 ipsis
1548 980 1665 1008 reditniti
1692 979 1733 1006 ΐο-

945 1034 1014 1056 rent.
1029 1028 1121 1063 ltaque
1144 1029 1388 1056 anathematismos
1412 1026 1630 1063 reprehendttnt,
1653 1026 1729 1060 quasi

944 1083 997 1102 non
1023 1080 1097 1102 recte
1121 1075 1261 1102 habeant:
1289 1081 1368 1109 atque
1391 1074 1472 1101 etiam
1500 1073 1646 1106 unicuique
1675 1079 1731 1098 sua:

943 1121 1042 1147 utentis
1055 1120 1276 1152 adinventiones,
1297 1127 1323 1147 et
1338 1119 1438 1147 stultas
1454 1118 1585 1154 quasdam
1603 1125 1635 1144 ac
1649 1116 1731 1144 frivo-

941 1166 981 1194 las
1007 1166 1187 1194 fabulationes
1212 1167 1356 1194 scribendo
1386 1169 1581 1200 apposuerunt,
1612 1165 1674 1195 rati,
1699 1172 1730 1192 se

940 1219 989 1246 per
1007 1211 1129 1239 fraudem
1154 1217 1321 1239 attractnros
1343 1211 1473 1239 librortnn
1495 1218 1606 1237 suorum
1626 1210 1729 1244 impru-

939 1257 1034 1285 dentes
1061 1257 1190 1285 lectores.
1211 1258 1305 1292 ltaque
1328 1261 1356 1285 et
1380 1257 1457 1284 nobis
1479 1256 1660 1284 necessarium
1678 1255 1730 1281 fuit

939 1312 955 1331 e
969 1304 1077 1331 diverso
1099 1304 1240 1331 veritatetn
1259 1310 1407 1339 opponere,
1427 1308 1454 1330 et
1476 1302 1584 1329 illorttm
1605 1300 1728 1328 refellere

938 1348 1151 1382 oblocutiouem,
1169 1356 1202 1376 ae
1220 1349 1365 1376 ostendere
1383 1347 1444 1375 illos
1457 1346 1608 1374 dicacitatis
1626 1345 1730 1373 studit»

937 1402 993 1427 sos.
1006 1395 1057 1422 hoc
1068 1399 1110 1422 est
1120 1402 1215 1422 eorum
1226 1394 1400 1422 adversarios
1410 1393 1534 1421 veritatis
1545 1393 1726 1427 indagatores.

936 1439 1055 1468 Proinde
1064 1441 1310 1475 praaordiuavimus
1325 1440 1447 1476 singulos
1468 1439 1725 1471 anathematismos;

937 1486 1035 1513 deinde
1050 1486 1093 1513 his
1105 1486 1288 1520 adjunximus,
1303 1493 1363 1520 qua:
1375 1485 1410 1513 ab
1422 1485 1474 1512 illis
1486 1485 1635 1519 composita
1651 1489 1724 1516 sunt;

935 1537 1073 1568 postremo
1094 1532 1263 1560 subdidimus
1282 1537 1309 1559 et
1323 1537 1428 1564 nostra,
1444 1532 1550 1571 divinas
1569 1530 1726 1564 Scripturas

935 1578 1086 1606 scientibus
1099 1578 1178 1613 quasi
1188 1578 1326 1612 iudicibus
1347 1582 1466 1609 utentes,
1481 1581 1561 1612 atque
1574 1578 1609 1604 ab
1624 1577 1666 1604 his
1678 1577 1723 1611 qui

935 1624 1078 1652 veritatem
1094 1624 1196 1657 sciunt,
1212 1628 1315 1652 rectam
1332 1628 1361 1651 et
1378 1623 1544 1658 ineulpatam
1562 1623 1724 1650 sententiam

934 1671 1111 1699 postulantes.

1149 1725 1470 1754 ANATIIEMATISMUS
1490 1724 1510 1751 ι.

968 1785 996 1814 Si
1014 1785 1076 1821 quis
1092 1793 1144 1813 non
1164 1784 1321 1816 ceniitetur,
1344 1782 1546 1810 Emmanuelem
1564 1780 1645 1816 159
1662 1787 1724 1808 vere

933 1833 1017 1861 Deum
1039 1840 1111 1866 esse,
1133 1837 1161 1860 et
1183 1831 1218 1859 ob
1235 1831 1261 1858 id
1284 1834 1406 1858 sanctam
1423 1827 1561 1864 Virginem
1579 1826 1721 1861 Deiparatn

933 1879 1046 1914 (genuit
1057 1879 1129 1906 enim
1148 1878 1193 1906 illa
1210 1876 1360 1905 carnaliter
1376 1875 1546 1903 iucarnatum
1568 1873 1614 1900 Dei
1634 1872 1722 1900 Patris

933 1924 1069 1953 Verbuml
1082 1933 1090 1951 :
1107 1924 1252 1952 anathema
1272 1922 1318 1949 sit.

1157 1979 1336 2006 Orientalium
1355 1976 1492 2012 apparitio.

966 2037 1066 2073 Ecquis
1088 2044 1199 2065 carnem
1223 2035 1325 2064 factum
1353 2035 1400 2062 Dei
1419 2035 1550 2066 Verbum,
1575 2032 1722 2060 carnaliter

932 2089 1023 2112 natum
1032 2091 1093 2112 esse
1100 2083 1181 2111 simul
1195 2082 1382 2114 conﬁtebitur;
1399 2089 1460 2117 naut
1473 2081 1494 2108 si
1512 2079 1659 2108 carnaliter
1674 2086 1721 2113 ge—

930 2131 1001 2163 nuit,
1012 2130 1068 2166 jam
1083 2138 1136 2158 non
1150 2135 1179 2157 ut
1191 2129 1276 2164 virgo.
1294 2129 1327 2157 Et
1338 2129 1382 2156 ubi
1399 2135 1529 2163 ponemus
1540 2127 1592 2154 hoc
1607 2136 1613 2154 :
1631 2136 1641 2152 ε
1657 2126 1719 2160 Spi-

87 2180 172 2207 σομεν
194 2172 242 2198 τό·
262 2181 272 2197 ‹
287 2172 400 2207 Πνεῦμα
416 2173 446 2199 τὸ
465 2173 543 2207 ἅγιον
566 2173 743 2200 ἐπελεύσεται
767 2174 814 2201 ἐπὶ
831 2175 875 2207 σὲ,

968 2185 999 2204 us
1014 2180 1125 2203 sanctus
1145 2175 1319 2209 superveniet
1336 2175 1362 2201 in
1379 2178 1416 2207 te,
1432 2178 1461 2201 et
1478 2173 1564 2200 virtus
1585 2171 1718 2199 Altissimi

86 2218 135 2244 καὶ
142 2217 258 2253 δύναμις
272 2218 399 2253 Ὑψίστου
408 2219 561 2246 ἐπισκιάσει
569 2221 630 2255 σοι,Ι
637 2230 646 2245 ι
665 2219 807 2255 σαρκικῶς
817 2221 880 2247 κατ’

86 2262 169 2290 αὑτὸν
185 2264 236 2298 τῆς
250 2264 398 2300 Παρθένου,
414 2266 461 2292 καὶ
475 2266 506 2292 οὺ
521 2265 681 2302 Θεοπρεπῶς
692 2268 878 2303 γεννησάσης;

87 2309 134 2335 καὶ
148 2308 208 2340 πῶς
222 2308 325 2344 ταύτην
335 2314 350 2333 1
362 2309 450 2346 ἀστὴρ
467 2311 625 2346 παραδόξως
637 2312 798 2347 φαινόμενος
813 2322 880 2339 κατ-

86 2353 211 2388 εμήνυε;
237 2354 321 2389 μάγοι
348 2354 377 2381 δὲ
398 2356 431 2381 ἐκ
454 2356 586 2391 Περσίδος
606 2357 642 2383 δι’
661 2357 744 2384 αὑτοῦ
763 2357 879 2393 ὁδηγού-

88 2407 165 2431 μενοι
186 2402 330 2435 παρῄεσαν
343 2405 368 2433 3,
382 2401 428 2428 τὸν
442 2402 573 2437 τεχθέντα
592 2402 753 2438 ζητοῦντες·
769 2405 816 2430 καὶ
830 2405 877 2431 εὑ-

87 2445 191 2480 ρόντες,
205 2445 304 2481 ἔφερον
319 2446 395 2482 δῶρα
411 2448 457 2474 καὶ
471 2447 510 2483 τῷ
532 2450 680 2484 νοουμένῳ,
701 2449 749 2476 καὶ
762 2450 801 2485 τῷ
816 2459 879 2485 φαι-

85 2491 192 2527 νομένῳ
210 2493 365 2528 πρόσφορα.
378 2494 506 2528 ’Δγγελοί
519 2503 549 2520 τε
572 2495 718 2531 οὐρανόθεν
735 2497 878 2524 κατελθόν-

87 2546 131 2569 τες
143 2537 193 2574 τὴν
206 2538 344 2574 γέννησιν,
362 2539 432 2574 μετὰ
445 2539 499 2567 τῶν
513 2542 649 2576 ποιμένων
662 2543 840 2578 άναμιγέντες
850 2550 876 2575 ι,

87 2583 212 2618 ἐχόρευον
229 2584 372 2618 λέγοντες·
391 2594 401 2611 ι
414 2585 484 2617 Δόξα
498 2587 528 2614 ὲν
542 2587 665 2622 ὑψίστοις
680 2589 750 2624 Θεῷ,
765 2590 812 2616 καὶ
828 2590 876 2616 ἐπὶ

105 2629 137 2663 ἧς
161 2630 270 2665 εἰρήνη,
294 2631 324 2657 ἒν
345 2630 500 2666 ἀνθρώποις
522 2632 641 2662 εὐδοκία.
654 2644 664 2660 ›
689 2634 782 2662 Ταῦτα
804 2635 876 2666 τίνος

121 2718 143 2735 δ’
155 2719 246 2747 Galat.
270 2729 290 2753 i,
306 2723 334 2754 8,
352 2720 378 2748 9.
419 2722 442 2737 ⁸³
457 2721 522 2749 Luc.
539 2731 564 2756 ι,
578 2723 622 2750 33.

661 2723 684 2739 “
698 2724 791 2752 Matth.
812 2733 847 2758 tt,
864 2725 874 2752 i
894 2732 971 2760 seqq.

930 2221 1104 2249 obumbrabit
1122 2221 1171 2249 tibi
1185 2221 1219 2254 “,
1234 2230 1243 2247 ι
1256 2220 1291 2253 si,
1303 2221 1382 2255 juxta
1393 2220 1464 2246 illius
1479 2222 1610 2250 mentem,
1624 2223 1719 2244 carna-

930 2267 993 2295 liter
1003 2272 1031 2295 et
1045 2274 1099 2295 non
1115 2271 1144 2294 ut
1164 2267 1246 2294 Deum
1261 2266 1350 2298 decet,
1372 2265 1454 2300 Virgo
1473 2264 1588 2300 genuit?
1608 2267 1637 2290 et
1649 2269 1719 2297 quo-

932 2315 1012 2342 modo
1032 2315 1104 2342 hunc
1125 2313 1204 2341 stella
1227 2313 1335 2340 insolito
1357 2312 1437 2339 modo
1456 2317 1590 2346 apparens
1605 2309 1718 2336 demon-

929 2360 1047 2388 stravit?
1060 2360 1130 2395 Magi
1146 2367 1211 2387 vero
1228 2366 1262 2386 ex
1283 2358 1405 2390 Perside,
1428 2357 1474 2384 illa
1500 2356 1579 2387 duce,
1602 2354 1719 2382 advene-

931 2410 1004 2438 runt,
1018 2409 1112 2432 natum
1125 2409 1290 2440 quaerentes,
1306 2407 1335 2430 et
1350 2402 1460 2430 invento
1473 2401 1544 2428 dona
1560 2399 1719 2427 obtulerunt

929 2456 957 2479 et
973 2452 1010 2484 ei,
1024 2451 1070 2486 qui
1083 2451 1227 2478 videbatur
1240 2449 1338 2482 oculis,
1354 2453 1381 2476 et
1395 2449 1432 2481 ei,
1452 2447 1500 2483 qui
1518 2450 1610 2474 mente
1626 2445 1717 2480 perci-

925 2497 1062 2532 piebatur,
1098 2496 1290 2524 convenientia
1305 2496 1337 2522 ⁵⁵.
1362 2494 1469 2530 Augeli,
1490 2493 1536 2529 qui
1566 2491 1716 2521 descende-

925 2548 989 2571 runt
1002 2544 1037 2571 de
1052 2544 1133 2576 caelo,
1147 2552 1209 2572 eum
1226 2542 1381 2578 pastoribus
1399 2541 1483 2573 misti,
1505 2540 1539 2567 de
1562 2538 1647 2566 natali
1666 2537 1715 2565 tri-

925 2591 1070 2626 pudiarunt
1082 2611 1091 2624 ,
1106 2590 1227 2618 dicentes
1243 2598 1252 2616 :
1277 2598 1287 2615 ι
1302 2587 1394 2616 Gloria
1416 2587 1444 2614 in
1468 2586 1585 2614 excelsis
1603 2584 1669 2616 Deo,
1687 2587 1716 2610 et

925 2637 952 2665 in
971 2641 1042 2664 terra
1058 2643 1121 2671 pax,
1138 2635 1165 2662 in
1180 2635 1336 2663 hominibus
1350 2634 1420 2662 bona
1435 2632 1560 2661 voluntas
1573 2631 1608 2659 “.
1625 2639 1634 2656 ι
1653 2629 1715 2657 Haec

1010 2725 1033 2741 ’⁸⁵
1051 2724 1118 2752 Luc.
1135 2725 1162 2757 2,
1178 2724 1221 2750 Η.

613 2800 700 2829 Variae
716 2801 846 2832 lectiones
861 2810 892 2830 ex
908 2801 1003 2830 codice
1017 2801 1202 2837 Seguicriano.

112 2880 129 2901 ἲ
142 2878 248 2904 τοῦτον.
293 2881 303 2895 ι
319 2876 465 2911 παρίεσαν.
502 2883 515 2898 ι
527 2877 735 2913 ἀναμιγνύντες.
