1886 3056
70 115 125 143 32!

400 114 667 144 APOLOGILTICUS
688 116 756 144 ΡΙιο
776 116 823 144 Xll
844 115 1030 145 CAPITIIIUS
1047 118 1187 148 CONTRA
1209 119 1439 150 ORIENTALES.

1683 126 1737 154 5i!

70 173 270 209 πληροφοριῦι
292 173 446 205 ἐθέλοντες,
465 174 506 200 δτι
520 175 570 205 τῆς
592 174 699 201 τοιᾶσδε
712 174 790 211 δόξης
808 184 814 202 ι

993 183 1008 203 ε
1042 177 1159 205 (ίὶι-ἱιιιιιε
1185 179 1232 206 Dci
1260 179 1378 208 Verbum
1403 181 1554 209 secundum
1581 181 1737 218 Scriptura:

68 227 147 253 τριοι
175 218 323 250 παντελῶς
341 219 570 255 καθεστήκαμεν·
588 220 619 246 οὐ
639 222 693 256 γὰρ
719 221 791 248 οὕτω
807 221 886 257 λελη-

72 265 222 299 ρήχαμεν,
247 263 287 296 ὡς
311 263 423 291 ἑλέσθαι
450 266 558 301 φρονεῖν
576 267 643 301 παρ’
656 266 670 292 ὃ
692 266 733 293 δεῖ
755 268 884 302 φρονεῖν·

70 311 228 336 ἀποτεκεῖν
238 309 349 346 ἔφημεν
358 310 408 346 τὴν
419 311 558 346 Παρθένον
569 312 659 347 σάρκα
669 313 802 347 γεγονότα
815 314 887 341 κατὰ

71 356 124 388 τὰς
143 356 262 391 Γραφὰς
275 356 324 383 τὸν
346 356 394 383 τοῦ
417 356 486 384 Θεοῦ
505 358 602 392 Λόγον,
618 358 759 386 τουτέστιν
782 360 887 396 ἄνθρω-

71 410 127 428 πον
138 410 146 416 ·
164 402 316 429 ἀποτεκεῖν
339 402 368 430 δὲ
385 403 467 431 αὐτὸν
491 405 649 441 σαρκικῶς,
674 405 797 432 τουτέστι
815 407 886 434 κατὰ

73 448 175 484 σάρκα
185 457 192 462 ·
206 449 222 475 ὁ
238 449 290 484 μὲν
306 449 361 486 γὰρ
377 449 444 482 Θεὺς
473 452 520 478 καὶ
536 451 633 487 Πατὴρ
646 452 744 485 θεῐκῶς
759 453 886 488 γεγέννη-

72 503 124 521 κεν
141 494 177 527 ἐξ
190 495 278 523 αὐτοῦ
296 496 364 523 Θεὸν
385 496 451 524 ὄντα
471 498 518 524 τὸν
540 498 618 525 Υἱόν·
635 499 730 534 ἐπειδὴ
746 499 774 525 δὲ
789 500 820 526 τὺ
837 508 884 534 γε·

73 542 252 578 γεννημὲνον
266 543 299 570 ἐκ
315 543 366 578 τῆς
381 544 494 579 σαρκὸς,
515 544 584 580 σάρξ
598 545 668 576 ἐστι,
684 546 850 581 γεγέννηκεν
868 546 885 581 ὴ

74 587 236 623 ῐῐαρθένος,
246 588 285 621 ὡς
302 588 372 624 σὰρξ
387 589 557 626 ὑπάρχουσα,
571 591 710 626 σαρκικῶς
719 600 726 606 ο
737 592 767 618 τὸ
777 593 805 619 δὲ
818 601 885 628 σαρ-

74 634 169 666 νικῶς
183 635 343 667 είπείν,οὺκ
359 635 537 671 ἀναιροῦντός
548 637 607 664 ἐστι
622 638 672 673 τῆς
685 639 840 673 γεννήσεως
853 639 885 666 τὸ

75 679 249 715 παράδοξον,
264 679 325 707 οὔτε
339 679 393 715 μὴν
412 681 612 716 ἀνατρέποντος
634 682 680 709 τοῦ
697 683 778 718 ἁγίου
797 684 884 711 Πνεύ-

77 734 168 760 ματος
186 727 239 762 τὴν
260 726 420 763 ἐνέργειαν,
445 727 479 754 δι’
494 725 529 764 ἦς
552 729 582 755 ἐν
599 729 692 765 μήτρᾳ
707 729 836 756 διέπλασε
853 731 884 757 τὸ

75 771 193 806 τεχθέν·
212 771 386 805 διδάσκοντος
400 773 429 800 δὲ
449 773 563 808 μᾶλλον,
584 774 625 801 ὅτι
647 774 743 810 ὥσπερ
759 775 827 808 Θεὸς
842 776 884 802 τίς

76 826 140 846 κτει
156 818 272 851 θεῖκῶς,
288 820 348 855 ἦτοι
365 819 528 856 θεοπρεπῶς
548 820 618 848 κατὰ
633 814 684 856 τὴν
700 822 769 849 ἰδίαν
789 821 880 857 φύσιν,

939 229 1051 249 carnem
1069 223 1181 255 factum.
1197 225 1247 252 hoc
1259 230 1311 258 est,
1326 226 1462 252 hominem
1474 234 1481 258 ;
1494 227 1631 261 peperisse
1645 231 1735 255 autem

938 267 1014 294 illum
1035 270 1194 302 carnaliter,
1211 271 1262 299 hoc
1280 276 1333 304 est,
1359 272 1507 300 secundum
1521 279 1654 309 carnem.,
1667 273 1734 302 Nam

939 313 1009 341 Deus
1029 319 1058 342 et
1081 314 1162 343 Pater
1183 319 1332 345 secumlutn
1350 318 1522 347 divinitatem
1539 319 1633 354 genuit
1655 326 1688 348 ex
1708 327 1738 348 se

940 359 1024 386 Deum
1050 362 1228 390 exsistcutem
1254 363 1363 390 Filium.
1391 363 1525 397 Quoniam
1550 370 1642 393 autem
1665 365 1738 400 quod

939 411 1030 434 natum
1055 412 1096 434 est
1114 416 1148 435 ex
1170 416 1263 441 carne.
1286 418 1351 436 caro
1366 416 1407 438 est
1420 409 1462 443 “;
1486 411 1580 446 genuit
1596 411 1691 446 Virgo,
1708 416 1739 439 nt

937 459 1002 478 caro
1018 453 1166 485 exsistens,
1185 455 1342 482 carnaliter.
1355 455 1511 484 Carnaliter
1528 463 1620 484 autem
1632 457 1734 489 dicere.

938 505 991 524 non
1014 504 1055 525 est
1082 499 1204 528 tollentis
1227 501 1416 529 admirabilem
1442 502 1622 534 nativitatem.
1649 510 1737 539 neque

937 545 1086 572 evertentis
1119 545 1238 580 Spiritus
1268 547 1355 573 sancti
1389 549 1593 582 operationem,
1624 556 1676 583 qua
1707 550 1733 577 in

937 596 1013 616 utero
1034 591 1162 618 formavit
1181 597 1291 627 partum
1313 601 1321 620 :
1342 594 1389 620 sed
1411 594 1534 622 ducentis
1555 595 1645 629 potius
1662 596 1736 631 quod

936 636 1007 663 sicut
1022 637 1092 664 Deus
1104 638 1190 673 gignit
1205 639 1308 670 divine,
1325 639 1376 666 hoc
1391 645 1442 673 est,
1462 641 1540 675 digne
1561 642 1615 669 Deo
1634 649 1734 669 secun-

935 681 998 708 dum
1020 689 1096 708 suam
1118 689 1263 715 naturam;
1288 683 1365 719 161
1388 684 1424 711 ita
1445 690 1472 712 et
1499 686 1579 713 homo
1605 686 1733 720 humane,

937 727 987 754 huc
1018 733 1076 759 est,
1099 735 1164 755 caro
1187 730 1345 758 carnaliter.
1379 730 1450 758 Deus
1478 735 1567 759 autem
1598 732 1734 761 exsistens

903 802 905 805 η
934 774 1082 800 secundum
1100 779 1223 801 naturam
1240 774 1374 809 Verbum,
1393 777 1517 810 quamvis
1532 785 1596 806 caro
1620 777 1733 812 factum.

936 819 1025 847 divine
1039 821 1189 854 processit,
1207 821 1258 848 hoc
1273 826 1332 854 est,
1346 827 1375 849 ut
1392 822 1470 850 decet
1479 830 1540 850 eum
1553 844 1560 855 .
1576 824 1621 857 qui
1633 831 1731 852 secun-

78 865 151 892 οὕτω
171 866 220 892 καὶ
244 865 388 902 ἄνθρωπος
403 865 592 902 ἀνθρωπίνως,
610 867 670 902 ἤτοι
690 867 760 903 σὰρξ
785 877 818 895 σα

986 874 996 891 u
1016 867 1156 895 veritatem
1169 872 1211 894 est
1221 867 1301 895 Deus.
1321 867 1400 896 Solus
1414 870 1486 897 enim
1503 869 1600 896 habuit
1615 874 1730 897 matrem

79 910 146 942 κῶς.
172 911 242 943 Θεὸς
256 911 285 938 δὲ
301 911 340 938 ὢν
356 910 428 938 κατά
453 911 535 946 φύσιν
559 913 572 938 ό
598 912 695 946 Λόγος,
709 913 769 948 ἦτοι
785 914 798 933 ε
811 913 880 949 σὰρξ

77 957 214 991 γεγονὼς,
228 958 348 994 προῆλθε
364 958 535 994 θεοπρεπῶς,
546 959 696 992 τουτέστιν,
713 961 751 992 ὼς
764 961 797 988 ἂν
814 962 880 997 πρέ-

79 1012 125 1030 ποι
139 1003 182 1038 τῷ
197 1012 231 1038 γε
248 1005 306 1031 δντι
321 1004 393 1031 κατὰ
409 1004 460 1041 τὴν
481 1005 611 1041 ἀλήθειαν
626 1006 696 1041 Θεῷ.
717 1007 805 1039 Μόνος
825 1008 880 1043 γὰρ

77 1051 140 1085 ἔσχε
159 1050 273 1086 μητέρα
298 1050 348 1087 τὴν
363 1051 569 1087 ἁπειρόγαμον,
585 1052 632 1079 καὶ
647 1053 783 1089 τετήρηκε
808 1063 879 1090 παρ-

78 1097 157 1122 θένον
174 1097 227 1132 τὴν
243 1096 378 1124 τεκοῦσαν
392 1097 474 1124 αὑτὸν
487 1098 558 1126 κατὰ
571 1098 671 1135 σάρκα.
685 1099 825 1135 Θαυμάζω
839 1101 877 1133 δὲ,

79 1143 120 1169 ὅτι
141 1142 282 1169 Θεοτόκον
296 1142 440 1175 ὀκνοῦντες
451 1144 540 1170 εἰπεῖν
553 1144 603 1180 τὴν
623 1145 704 1180 ἁγίαν
727 1147 877 1182 Παρθένον,

78 1188 245 1224 θεοπρεπῶς
259 1189 342 1216 αὑτὸν
360 1189 542 1225 γεγεννῆσθαί
559 1199 642 1225 φασιν
655 1191 680 1218 h.
699 1192 735 1219 Οὐ
757 1192 812 1228 γὰρ
832 1193 878 1220 ἄν·

78 1235 192 1271 θρωπος
215 1235 306 1268 κοινὸς
325 1236 446 1264 τίκτεται
463 1236 634 1272 θεοπρεπῶς.
654 1238 734 1274 Δῶρα
749 1239 777 1266 δὲ
796 1248 880 1275 προσ-

79 1282 247 1318 κεκομίσθαι
264 1284 332 1317 φασὶ
345 1283 421 1319 παρὰ
438 1284 493 1310 τῶν
510 1285 606 1319 μάγων
620 1284 655 1311 τὰ
669 1286 812 1322 πρόσφορα
831 1286 879 1313 καὶ¹

78 1326 117 1361 τῷ
129 1327 282 1363 νοουμένῳ,
296 1328 343 1354 καὶ
360 1327 399 1363 τῷ
414 1329 581 1364 φαινομένῳ,
594 1329 764 1366 διαιροῦντες
778 1331 819 1363 εἰς
832 1331 879 1358 δύο

80 1370 110 1404 δὴ
123 1369 209 1397 πάλιν
223 1370 294 1406 μετὰ
304 1371 354 1406 τὴν
366 1371 464 1399 ἕνωσιν
479 1372 524 1400 τὸν
543 1373 647 1410 Κύριον
660 1375 670 1395 ί
690 1375 794 1411 Ἰησοῦν
809 1375 878 1411 Χρι-

82 1415 143 1442 στόν
153 1424 161 1432 ·
177 1416 193 1442 ὁ
209 1416 266 1453 γὰρ
281 1417 427 1452 νοούμενος
447 1418 560 1453 γέγονεν
575 1421 673 1456 ὁρατὸς
696 1422 726 1448 οὑ
742 1422 877 1458 μεταϐολῇ

82 1462 201 1496 φύσεως,
216 1462 275 1490 ἀλλ’
289 1463 385 1491 ἑνώσει
396 1465 428 1499 τῇ
445 1464 514 1500 πρὸς
529 1465 559 1491 τὺ
571 1466 709 1501 ὁρώμενον
720 1468 810 1503 σῶμα.
822 1469 878 1495 Καὶ

81 1507 146 1541 γοῦν
170 1508 322 1541 αὐτόπτας,
344 1510 392 1537 καὶ
417 1510 556 1546 ὑπηρέτας
578 1512 704 1545 γενέσθαι
722 1513 770 1539 τοῦ
788 1514 876 1548 Λόγου

931 912 1040 947 nuptias
1063 920 1116 940 non
1133 918 1295 948 expertam;
1315 918 1343 942 et
1366 915 1485 942 servavit
1502 915 1635 951 virginem
1658 923 1727 951 eam,

933 964 994 992 qua:
1020 957 1107 993 ipsum
1133 959 1239 993 peperit
1268 959 1416 987 secundum
1444 967 1565 987 carnem.
1600 961 1732 989 Admiror

930 1008 1031 1036 autem,
1045 1003 1115 1039 quod
1128 1011 1181 1031 non
1195 1004 1327 1032 audentes
1341 1004 1433 1032 dicere
1448 1009 1573 1032 sanctam
1589 1005 1730 1041 Virginem

931 1048 976 1076 Dei
994 1049 1169 1082 Genitricem,
1184 1058 1244 1077 cum
1257 1050 1313 1077 Deo
1327 1049 1408 1085 digne
1422 1050 1510 1085 ipsum
1529 1057 1589 1079 esse
1605 1051 1725 1085 genitum

930 1093 1058 1120 fatentur.
1085 1093 1143 1121 Non
1161 1095 1232 1121 enim
1254 1095 1335 1122 homo
1358 1094 1511 1122 communis
1534 1094 1652 1130 gignitur
1675 1095 1730 1122 Deo

929 1140 1019 1174 digne.
1031 1139 1105 1166 Dona
1121 1147 1184 1168 vero
1199 1140 1280 1167 allata
1297 1148 1357 1168 esse
1372 1140 1466 1168 dicunt
1481 1148 1513 1168 ac
1529 1140 1614 1176 magis
1632 1148 1729 1168 conve-

929 1185 1030 1213 nientia
1044 1191 1069 1212 et
1083 1186 1108 1213 ei
1127 1187 1173 1220 qui
1187 1186 1389 1221 intelligebatur
1399 1207 1406 1220 ,
1419 1190 1447 1213 et
1465 1187 1489 1214 ei
1503 1186 1549 1222 qui
1576 1186 1728 1220 videbatur,

929 1232 1080 1260 dividentes
1101 1233 1127 1259 in
1140 1234 1207 1260 duos
1227 1233 1324 1261 iterum
1341 1238 1402 1269 post
1414 1234 1567 1262 unitionem
1588 1234 1728 1262 Domimnn

929 1283 1052 1306 nostrum
1069 1278 1160 1307 Jesum
1171 1279 1323 1308 Christum.
1347 1278 1398 1313 Qui
1413 1281 1486 1308 enim
1499 1280 1673 1316 intelligitur,
1687 1280 1728 1308 fa-

928 1328 989 1352 t-tns
1005 1329 1048 1352 est
1069 1325 1184 1353 visibilis
1203 1333 1256 1353 non
1271 1326 1459 1354 immutatione
1474 1331 1586 1358 natum,
1605 1327 1652 1354 sed
1668 1327 1728 1354 uni-

929 1369 1000 1396 tioue
1007 1377 1069 1397 cum
1078 1377 1201 1404 corpore,
1214 1371 1285 1406 quod
1298 1371 1449 1399 videbatur.
1461 1371 1494 1398 Et
1510 1376 1584 1398 certe
1595 1376 1730 1405 spectatu-

929 1422 972 1442 res
981 1415 1153 1443 etministros
1165 1416 1249 1444 fuisse
1264 1415 1342 1444 Verbi
1363 1422 1473 1444 sanctos
1489 1417 1562 1451 ipsos
1577 1417 1726 1451 apostolos,

928 1469 1005 1488 sacra
1016 1461 1154 1496 Scriptura
1167 1463 1318 1490 ostendit“
1334 1470 1341 1488 :
1358 1464 1483 1499 quamvis
1492 1463 1535 1491 cui
1550 1471 1602 1490 non
1615 1462 1727 1491 manife-

928 1511 999 1534 stum
1012 1512 1062 1539 est,
1074 1508 1145 1542 quod
1157 1509 1356 1542 incorporeum.
1370 1515 1402 1535 ac
1413 1508 1580 1544 iutangibile,
1593 1514 1621 1536 et
1630 1508 1726 1536 invisi-

80 1554 143 1586 τοὺς
161 1555 259 1589 ἁγίους
276 1556 456 1589 ἀποστόλους,
466 1543 499 1583 τὸ
515 1543 637 1593 Γράμμα
656 1559 723 1594 φησι
739 1559 769 1586 τὸ
786 1560 824 1595 ίερ

979 1553 1029 1580 :sit
1040 1553 1127 1589 ipsum
1140 1553 1185 1581 Dei
1198 1553 1288 1581 Patris
1304 1553 1443 1582 Verbum?
1459 1543 1539 1590 Atqui
1558 1555 1667 1583 invenio
1682 1555 1723 1581 di-

81 1600 171 1627 καίτοι
185 1601 245 1634 πιῖις
259 1602 291 1628 οὺ
305 1602 395 1638 πάντη
409 1602 440 1630 τὸ
453 1604 538 1638 σαφὲς
549 1610 572 1635 ι,
599 1604 636 1636 ὡς
648 1604 720 1631 ἔστιν
733 1606 878 1641 ἀσώματός

81 1654 111 1673 τε
126 1647 174 1674 καὶ
191 1647 310 1683 ἀναφὴς,
329 1648 378 1676 καὶ
400 1648 518 1684 ἀόρατος
537 1651 551 1676 ό
566 1650 598 1676 ἐκ
614 1650 681 1677 Θεοῦ
700 1652 807 1687 Πατρὺς
826 1652 879 1679 Λό-

83 1700 147 1726 τοςς
169 1693 240 1720 ’Δλλ¹
257 1694 379 1730 εὑρίσκω
405 1695 535 1729 λέγοντας
558 1696 622 1728 τοὺς
643 1697 737 1729 ἁγίους
760 1698 878 1724 ἀποστό-

84 1738 159 1770 λους’
181 1748 191 1764 ι
207 1739 240 1766 '0
255 1737 290 1775 ἦν
314 1740 362 1766 ἀπ’
378 1740 477 1777 ἀρχῆς,
494 1741 508 1767 ὃ
528 1741 699 1776 ἀκηκόαμεν,
715 1742 729 1768 ὃ
751 1743 878 1777 ἑωράκα-

84 1793 143 1819 μεν,
160 1785 175 1811 ὃ
198 1784 375 1821 ἐθεασάμεθα
392 1787 449 1818 τοῖς
474 1786 624 1821 ὀφθαλμοῖς
650 1788 729 1822 ἡμῶν
745 1809 751 1821 ,
775 1789 822 1815 καὶ
849 1790 878 1816 αἱ

82 1831 171 1866 χεῖρες
184 1830 265 1866 ἡμῶν
280 1831 461 1867 ἐψηλάφησαν
473 1833 537 1868 περὶ
554 1832 601 1860 τοῦ
613 1833 699 1867 Λόγου
712 1833 762 1869 τῆς
777 1834 874 1869 ζωῆς.)

85 1876 229 1911 Πρόσφορσ.
240 1877 332 1904 τοίνυν
349 1877 383 1904 τὰ
402 1877 476 1914 δῶρα
491 1878 531 1913 τῷ
546 1879 596 1910 ἐνὶ,
612 1879 737 1905 τουτέστι
755 1879 794 1914 τῷ
809 1880 877 1915 Χρι-

86 1921 154 1957 στῷ·
167 1923 216 1949 καὶ
232 1923 286 1959 γάρ
303 1924 378 1950 ἐστιν
395 1924 424 1951 ἐν
447 1924 540 1960 ταυτῷ
553 1925 620 1956 Θεός
637 1933 665 1951 τε
683 1925 750 1960 ἐμοῦ
767 1926 814 1952 καὶ
831 1925 877 1952 ἄν-

85 1968 192 2004 θρωπος
208 1970 222 1995 ό
246 1969 338 2002 αὑτός.
363 1970 498 2007 Ταύτῃτοι
524 1970 667 2006 τεχθέντος
690 1971 774 1999 αὑτοῦ
796 1981 877 2009 κορο-

86 2015 190 2042 στασίαι
209 2015 259 2050 μὲν
278 2013 350 2051 ἦσαν
371 2017 429 2044 τῶν
449 2017 535 2051 ἁγίων
554 2017 687 2052 ἀγγέλων,
707 2019 832 2054 στρατιαὶ
847 2019 876 2046 δὲ

84 2061 255 2096 πνευμάτων,
274 2062 390 2098 Σωτῆρα
409 2063 458 2089 καὶ
470 2063 618 2099 Λυτρωτὴν
633 2064 766 2098 λεγόντων
782 2065 875 2092 αὐτόν.

91 2104 195 2142 Ἐπειδὴ
211 2106 240 2133 δὲ
266 2106 313 2133 τοῦ
335 2108 530 2142 εὐαγγελιστοῦ
555 2107 694 2143 λέγοντος’
715 2119 724 2135 ι
744 2109 772 2136 Ὀ
788 2110 876 2144 Λόγος

86 2152 154 2185 σὰρξ
174 2153 293 2186 ἐγένετο,
310 2163 319 2178 ι
337 2153 454 2180 δεδιέναι
482 2154 559 2188 φασὶ,
587 2154 625 2189 μὴ
652 2155 705 2191 ἄρα
730 2164 801 2188 πως,
828 2155 875 2182 τοῦ

930 1605 1023 1628 centes
1037 1606 1148 1628 sanctos
1161 1601 1297 1635 apostolos
1311 1610 1318 1628 :
1334 1610 1343 1627 ι
1357 1600 1432 1634 Quod
1446 1601 1496 1629 fuit
1505 1602 1539 1629 ab
1551 1601 1626 1629 initio
1636 1622 1643 1634 ,
1654 1601 1725 1636 quod

930 1646 1093 1678 audivimus,
1110 1647 1183 1682 quod
1197 1647 1315 1675 vidimus
1327 1666 1335 1679 ,
1351 1647 1422 1682 quod
1442 1647 1628 1683 perspeximus
1638 1647 1726 1676 oculis

930 1694 1040 1725 nostris,
1051 1694 1120 1727 quod
1130 1701 1225 1720 manus
1235 1698 1334 1720 nostra:
1346 1697 1583 1720 contrectaverunt
1594 1693 1628 1720 de
1635 1692 1725 1722 Verbo

929 1738 991 1765 vita:
1008 1738 1042 1765 ⁸⁸.
1075 1747 1084 1764 ›
1107 1738 1303 1765 Convenientia
1339 1738 1421 1773 igitur
1452 1737 1562 1765 fuerunt
1583 1738 1650 1765 dona
1679 1738 1723 1766 illa

929 1785 974 1812 uni
985 1806 993 1816 .
1009 1785 1059 1812 hoc
1072 1790 1114 1812 est
1123 1785 1242 1813 Christo.
1267 1785 1374 1812 Etenim
1387 1789 1428 1812 est
1441 1785 1543 1818 pariter
1556 1783 1627 1811 Deus
1639 1784 1720 1811 simul

928 1837 956 1859 et
968 1832 1049 1859 homo
1066 1831 1147 1858 idem.
1172 1830 1228 1859 Hac
1245 1831 1350 1858 ratione
1360 1835 1425 1857 nato
1441 1830 1500 1865 ipso
1515 1830 1591 1857 chori
1608 1830 1717 1865 quidem

928 1877 1085 1905 cecinerunt
1103 1882 1259 1904 sanctorum
1273 1876 1441 1912 angelorum,
1462 1876 1598 1903 exercitus
1613 1883 1722 1911 quoque

928 1923 1070 1958 spirituum
1079 1923 1226 1951 dicentium
1238 1923 1327 1958 ipsum
1337 1923 1505 1950 Salvatorem
1519 1931 1549 1950 ac
1560 1922 1721 1958 Redempto-

928 1979 996 1998 rem.
1017 1970 1084 2004 Quia
1100 1977 1181 2004 porro
1193 1977 1255 1998 cum
1268 1969 1435 2005 evangelista
1455 1970 1528 1997 dicat
1545 1977 1553 1996 :
1570 1979 1580 1996 ι
1604 1969 1722 1997 Verbum

928 2023 991 2043 caro
1004 2015 1105 2043 factum
1116 2021 1170 2049 est;
1190 2025 1199 2041 ι
1217 2014 1365 2042 formidare
1378 2022 1408 2043 se
1419 2015 1521 2047 dicunl,
1533 2022 1577 2047 ne.
1593 2015 1615 2043 si
1629 2015 1721 2047 dictio.

931 2071 940 2088 ι
956 2061 1068 2090 Factum
1079 2067 1133 2094 est,
1151 2071 1160 2088 ι
1173 2063 1309 2097 propriam
1319 2061 1721 2096 servetsigniﬁcationem,ver-

928 2109 968 2136 sio
982 2109 1104 2144 quaedam
1122 2108 1288 2143 intelligantur
1313 2108 1386 2135 circa
1403 2107 1525 2135 divinam
1539 2106 1620 2134 Verbi
1636 2111 1717 2134 uatu-

929 2163 985 2182 ram
1002 2155 1085 2182 fuisse
1102 2162 1109 2187 ;
1127 2154 1207 2182 laudo
1237 2154 1345 2188 quidem
1370 2158 1489 2185 metum,
1516 2153 1601 2179 miror
1618 2158 1719 2184 autem.

88 2209 94 2223 ι
112 2199 216 2232 ἐγένετο
231 2209 240 2225 9
257 2199 305 2235 τὴν
334 2200 402 2227 ἰδίαν
421 2199 553 2233 σώζοντος
568 2200 696 2234 δήλωσιν,
713 2201 813 2236 τρόπος

974 2202 997 2227 »(1
1009 2205 1139 2229 caventes
1158 2198 1303 2227 dictionem
1315 2218 1323 2230 ,
1339 2204 1485 2233 veramque
1497 2202 1523 2225 et
1535 2198 1718 2226 necessariam

87 2245 167 2270 ¹ιοοῖτο
195 2244 260 2279 περὶ
282 2244 330 2280 τὴν
351 2244 427 2272 θείαν
442 2244 488 2271 τοῦ
515 2245 604 2279 Λόγου
629 2245 756 2279 γενέσθαι
774 2245 872 2280 φύσιν·

88 2288 183 2315 ἐπαινῶ
201 2289 251 2324 μὲν
263 2290 294 2315 τὸ
311 2290 411 2325 δεῖμα,
428 2289 562 2326 θαυμάζω
572 2290 612 2323 δὲ,
625 2291 666 2317 ὅτι
686 2291 873 2328 παραιτούμε-

88 2342 123 2360 νοι
143 2334 189 2369 τὴν
210 2334 295 2367 λέξιν,
313 2335 361 2371 τὴν
381 2336 470 2371 ἀληθῆ
490 2344 520 2362 τε
541 2335 589 2363 καὶ
617 2336 772 2370 ἀναγκαίαν
785 2337 874 2372 δήλω-

89 2389 136 2410 σιν,
149 2379 217 2406 οὕτω
231 2380 361 2414 γενέσθαι
374 2383 441 2416 φασὶ
463 2383 552 2418 σάρκα
568 2383 615 2410 τὸν
632 2384 728 2418 Λόγον,
744 2385 781 2416 ὡς
798 2384 830 2411 ἂν
847 2385 872 2412 εἲ

87 2427 182 2460 λέγοιτο
198 2426 326 2460 γενέσθαι
349 2428 471 2464 κατάρα,
496 2430 542 2455 καὶ
567 2430 699 2464 ἁμαρτία.
727 2429 793 2456 Εἶτα
813 2431 872 2462 πῶς

87 2472 132 2498 οὒκ
154 2471 204 2498 ἔδει
225 2472 288 2499 νοῦν
310 2473 424 2508 ἔχοντας
446 2475 513 2510 όρᾷν
528 2475 552 2508 κ,
572 2476 613 2502 ὅτι
639 2475 679 2506 τὸ,
699 2485 708 2500 ι
726 2476 844 2509 ἐγένετο,
860 2487 869 2501 ι

87 2518 206 2551 reﬂatum;
226 2519 241 2545 ὸ
256 2520 395 2556 μακάριος
412 2521 621 2557 εὖαγγελιστὴς,
641 2521 751 2557 ἁπάσης
768 2522 872 2557 τροπῆς

87 2565 204 2592 λιπόνοιαν
229 2566 357 2602 ἀναιρεῖ,
382 2568 613 2603 προσεπενεγκὼν
645 2568 726 2600 εὐθὺς
753 2569 799 2595 καὶ
824 2569 869 2595 τό·

119 2655 224 2684 "Jnau.
243 2664 285 2688 ιιι,
299 2656 327 2684 6.
368 2656 390 2672 ¹⁶
401 2655 466 2684 Luc.
485 2665 502 2690 ι,
520 2657 548 2685 2.
587 2658 608 2673 ³¹
626 2656 635 2684 Ι
652 2657 731 2686 Joau.
749 2665 769 2690 ι,
783 2658 809 2685 1.

927 2247 1152 2282 signiﬁcatiorteut
1165 2265 1172 2277 ,
1188 2245 1228 2272 sic
1252 2244 1353 2271 factum
1372 2243 1457 2271 fuisse
1472 2250 1582 2269 carnem
1601 2240 1719 2269 Verlnnn

927 2294 1030 2324 dicunt,
1046 2292 1158 2326 perinde
1177 2298 1209 2317 ac
1225 2289 1247 2318 si
1263 2289 1386 2321 dicatur,
1400 2288 1501 2315 factum
1519 2287 1606 2315 fuisse
1629 2287 1717 2314 male-

927 2339 1028 2366 dictum
1045 2343 1072 2365 et
1088 2341 1240 2372 peccatum.
1269 2334 1371 2362 Deinde
1387 2341 1441 2367 quo
1456 2337 1536 2368 pacto
1553 2340 1605 2359 non
1628 2332 1720 2360 vident

928 2389 1018 2411 tuente
1041 2382 1148 2419 praediti
1174 2379 1401 2418 [prudentissimi
1417 2379 1467 2406 viri
1487 2378 1595 2414 |.quod
1623 2377 1720 2405 beatus

926 2430 1089 2465 evangelista
1105 2435 1208 2464 ponens
1219 2427 1378 2458 dictionem,
1395 2434 1405 2451 ι
1419 2424 1532 2452 Factum
1549 2428 1602 2455 est,
1621 2433 1630 2449 ι
1651 2431 1714 2450 mox

925 2476 1014 2502 tnnuis
1040 2474 1227 2502 conversionis
1252 2473 1434 2507 suspicionem
1454 2472 1541 2504 tollit,
1567 2471 1716 2506 ItljiCiCIH:

929 2532 937 2547 ι
962 2521 994 2548 Ει
1020 2520 1152 2547 habitavit
1174 2521 1200 2546 in
1217 2520 1295 2547 nobis
1317 2519 1329 2546 τ
1347 2529 1355 2544 ι
1375 2519 1529 2545 Absurdqu
1558 2522 1648 2544 autem
1665 2517 1718 2543 alia

926 2575 1035 2603 quoque
1050 2567 1156 2594 ratione
1171 2571 1222 2598 est,
1241 2567 1264 2593 si
1279 2566 1341 2600 quis
1356 2565 1436 2593 audct
1447 2565 1548 2596 dicere,
1564 2564 1603 2591 sic
1617 2563 1718 2590 factum

606 2734 694 2764 Varire
705 2735 836 2764 lectiones
846 2742 879 2763 ex
893 2733 988 2762 codice
998 2731 1186 2769 Seguieriano.

119 2813 234 2853 ’καέτῖκ
275 2812 289 2832 ’³
308 2813 396 2851 αὐτὴν
415 2815 541 2850 γεννῆσαί
562 2825 655 2851 φασιν.
697 2817 706 2837 ί
725 2816 771 2844 τὸν
792 2816 842 2844 Eva
865 2815 979 2853 Κύριον.
1020 2814 1026 2839 ι
1047 2813 1135 2846 ἴσως,
1153 2810 1233 2838 παντί
1245 2819 1286 2846 τῳ
1301 2817 1397 2844 σαφες.

91 2848 154 2881 ιντας
169 2850 246 2885 ὀρᾷν.

1449 2809 1461 2828 κ
1479 2810 1712 2844 νουνεχεστὰτους
