1886 3056
146 136 201 163 3‘23
663 133 693 160 S.
714 132 855 160 CYl‘tllJJ
869 132 1107 162 ALEXANDHINI
1125 134 1285 164 AltClllEl‘.
1734 139 1795 165 εει

150 203 213 223 esse
228 202 338 223 carnem
358 195 474 223 Verbum
488 214 495 226 ,
509 198 538 221 ut
554 194 653 221 factum
666 201 726 221 eSse
748 194 847 221 dicitur
858 201 894 222 m:

1052 195 1196 230 Ζσκήνωσεν
1210 195 1239 221 ὲν
1253 195 1337 230 ἡμῖν;
1352 203 1362 219 ι
1381 195 1498 222 Ἄτοπον
1523 195 1553 222 δὲ
1576 196 1625 223 καὶ
1641 195 1746 231 ἑτέρως
1762 196 1796 223 τὸ

149 243 253 270 dictum
269 246 297 269 et
317 247 470 277 peccatum.
490 241 547 268 Non
567 240 638 267 enim
667 240 813 275 ipsummet
836 241 893 267 inab

1049 249 1085 266 ειν
1102 241 1270 276 ἀποτολμᾷν,
1286 240 1357 267 οὕτω
1369 241 1498 275 γενέσθαι
1517 241 1608 277 σάρκα
1622 241 1668 268 τὸν
1690 242 1793 276 Λόγον,

147 294 223 315 ctum
235 288 277 316 vel
287 293 425 323 peccatum
438 287 540 314 factum
549 291 601 319 est,
617 287 664 314 sed
680 294 740 314 cum
752 287 852 321 iniquis
868 294 891 313 re

1051 286 1174 319 γενέσθαι
1198 285 1310 320 λέγεται
1327 285 1447 321 κατάρα,
1464 286 1512 312 καὶ
1530 287 1671 322 ἁμαρτία·
1691 286 1723 312 οὐ
1737 286 1795 321 γὰρ

151 340 225 361 latus
233 333 413 367 est",justus
427 333 561 360 cxsistens
575 337 604 360 ut
615 333 721 360 aboleat
736 338 876 367 peccatum
893 341 895 358 :

1051 332 1159 367 ὀχρημα
1173 331 1270 366 γέγονε
1285 332 1405 367 κατάρα,
1421 331 1484 358 οὔτε
1501 332 1554 368 μὴν
1571 332 1696 367 ἁμαρτία
1707 340 1713 346 “
1732 332 1795 358 ἀλλ’

148 381 298 415 appellatus
316 385 358 406 est
374 379 551 410 maledictus,
568 379 614 414 qui
631 379 766 406 benedicit
780 383 892 405 creatur:

1052 379 1097 409 οἷς
1112 377 1225 412 ἀνόμοις
1247 377 1374 412 ἐλογίσθη
1389 377 1492 410 δίκαιος
1506 378 1555 410 ὢν,
1568 379 1613 405 ἵνα
1626 379 1796 414 καταργήσῃ

151 426 229 461 162
237 431 263 452 ul
276 425 363 452 solvat
372 429 493 452 nostrum
503 424 688 456 maledictum,
698 429 725 451 et
734 424 829 451 liberet
837 432 850 450 a
864 432 895 459 po

1071 422 1225 457 ἁμαρτίαν·
1244 422 1293 448 καὶ
1318 422 1523 457 κεχρημάτικεν
1549 423 1754 458 ὲπιιιατάρατος
1779 424 1796 449 ό

149 473 291 498 credentes
303 471 330 497 in
346 471 444 505 ipsum.
464 470 547 506 Igitur
565 474 675 497 nonest
697 469 784 496 factus
796 470 893 496 secum!

1049 467 1114 502 ›γῶν
1129 467 1178 502 τὴν
1195 468 1296 500 κτίσιν,
1315 467 1361 494 ἵνα
1373 467 1443 504 λύσῃ
1457 468 1509 504 τὴν
1529 468 1589 495 καθ’
1607 469 1688 504 ἡμῶν
1707 469 1793 504 ἀρὰν,

148 517 291 543 veritatem
312 515 485 543 maledictum
501 519 528 542 et
551 519 690 548 peccatum
707 521 716 541 :
737 514 888 549 appellatus

1057 513 1201 550 ἀπαλλάξῃ
1217 514 1296 549 δίκης
1310 514 1375 546 τοὺς
1388 515 1566 547 πιστεύοντας
1578 515 1618 547 εἰς
1630 515 1723 542 αὐτόν.
1737 515 1796 542 Οὑ-

150 565 239 587 autem
267 560 308 587 his
338 560 510 592 nominibus,
536 565 565 586 ιιι
592 559 699 586 abnleat
723 560 894 586 maledictum

1049 569 1060 586 ν
1076 560 1107 585 οὑ
1122 560 1217 594 γέγονε
1232 559 1302 586 κατὰ
1319 560 1450 595 ἀλήθειαν
1460 561 1579 596 κατάρα,
1594 561 1641 588 καὶ
1655 561 1793 596 ἁμαρτία·

149 612 301 642 pecoatum.
337 606 420 641 Igitur
441 607 463 633 si
481 606 521 633 sic
544 606 645 632 factum
669 612 711 633 est
731 614 814 637 caro,
827 606 893 633 abolt

1052 607 1184 642 οημάτικε
1208 606 1238 632 δὲ
1263 605 1370 637 ταῦτα,
1399 607 1443 633 ἵνα
1466 607 1534 642 λύσῃ
1554 607 1563 626 ι
1588 607 1724 642 κατάραν,
1744 607 1796 633 καὶ

149 654 242 688 utique
258 660 386 684 carnem,
413 652 484 679 sicut
499 658 526 679 et
542 652 715 678 maledictum
736 658 763 679 et
776 657 893 686 peccatu!

1055 653 1141 687 ρτίαν.
1157 650 1263 678 Οὑκοῦν
1276 652 1301 677 ει
1317 651 1388 678 οὓτω
1403 653 1498 686 γέγονε
1517 653 1596 688 σὰρξ,
1614 654 1795 688 κατήργηκεν

149 704 175 726 et
192 707 278 734 neque
297 698 397 726 factum
413 703 456 725 est
480 699 579 731 homo,
607 705 696 732 neque
718 698 888 724 incarualutu

1064 698 1114 733 τὴν
1136 697 1236 734 σάρκα,
1253 698 1326 724 καοά
1340 699 1387 724 καὶ
1400 698 1450 733 τὴν
1476 698 1557 734 ἀρὰν,
1571 698 1617 725 καὶ
1632 699 1682 734 τὴν
1697 700 1794 734 ἁμαρ-

150 745 296 772 secundum
318 744 459 770 veritatem
479 752 487 770 :
502 744 549 771 sed
563 744 589 770 in
604 743 807 771 existimatione
830 743 884 770 sola

1050 751 1072 765 ν’
1094 744 1142 770 καὶ
1157 743 1220 770 οὔτε
1242 744 1355 778 γέγονεν
1378 744 1533 779 ἄνθρωπος,
1547 745 1611 771 οὔτε
1636 745 1690 780 μὴν
1708 746 1794 780 ὲσαρ-

150 795 348 819 saerameutum
361 810 368 821 ,
382 795 410 816 et
426 789 452 816 in
471 789 552 816 nudis
567 789 725 816 nominibus
739 788 877 816 invenitur

1051 797 1069 823 η
1083 788 1155 815 κατὰ,
1171 788 1318 824 ἀλήθειαν·
1336 789 1394 815 ἀλλ’
1412 789 1441 815 ὲν
1464 789 1574 824 δοκήσει
1599 790 1667 827 μόνῃ
1689 790 1722 816 τὸ
1739 799 1793 825 μυ-

150 836 319 864 carnatiouis
342 835 450 862 modus.
477 833 595 861 Tollitur
620 840 711 862 autem
734 835 845 862 omnino
859 839 886 862 et

1054 843 1122 870 ριον,
1141 835 1189 861 καὶ
1205 836 1234 861 ὲν
1253 835 1342 870 ψιλοῖς
1357 835 1488 870 ὀνόμασιν
1505 837 1519 862 ὁ
1543 837 1594 872 τῆς
1610 825 1794 872 ὲνανθρωπή-

150 882 327 909 surrectionis
342 889 414 916 spes.
438 880 466 907 In
489 881 565 916 cujus
582 880 664 914 igitur
680 885 796 908 mortem
811 881 894 915 bapti:

1050 888 1063 911 ς
1087 879 1250 915 εὑρίσκεται
1276 881 1419 916 τρόπι)ς¹¹.
1442 881 1589 916 Ἀνῄρηται
1612 882 1641 908 δὲ
1662 883 1705 913 εἰς
1718 883 1794 909 ἅπαν

150 937 243 956 sumus
256 928 280 944 "
291 927 304 954 ?
319 927 370 955 Ubi
397 927 509 954 verbum
538 927 619 959 ﬁdei,
635 927 706 961 quod
729 927 894 962 prmdicamu

1057 926 1074 961 ἡ
1091 928 1141 962 τῆς
1154 926 1331 958 ἀναστάσεως
1348 926 1436 958 ἐλπίς.
1453 927 1498 958 Εἰς
1517 927 1563 953 τὸν
1581 928 1654 959 τίνος
1670 925 1718 954 οὖν
1735 929 1793 962 ἄρα

150 975 273 1002 Confessi
287 975 358 1002 enim
371 975 442 1009 quod
459 973 588 1002 Dominus
602 978 644 1000 est
669 972 749 1000 Jesus
762 978 789 1000 et
803 974 894 1001 creder

1047 981 1108 998 ατον
1125 972 1349 1008 βεϐαπτίσμεθας
1368 972 1422 999 Ποῦ
1443 973 1472 999 τδ
1490 973 1565 1008 ῥῆμα
1589 974 1639 1009 τῆς
1655 974 1791 1006 πίστεως,

151 1021 221 1056 quod
246 1022 314 1048 [iens
338 1021 424 1055 ipsum
437 1020 564 1046 excitavit
586 1027 600 1045 a
627 1020 761 1052 mortuis,
790 1021 892 1047 salvam

1048 1018 1226 1053 ηρὺσσομεν;
1258 1018 1492 1053 Ὀμολογήσαντες
1520 1019 1592 1054 γὰρ,
1619 1020 1660 1046 ὃτι
1684 1020 1791 1056 Κύριος

151 1066 234 1100 Igitur
251 1067 275 1093 in
294 1075 376 1093 unum
394 1067 509 1093 similem
529 1066 616 1098 nobis.
633 1072 659 1093 et
673 1074 842 1093 communem
856 1067 895 1093 lim

1055 1065 1114 1097 οὓς,
1134 1065 1182 1091 καὶ
1206 1064 1404 1096 πιστεύσαντες
1432 1065 1473 1091 ὃτι
1494 1065 1559 1096 Θεὸς
1575 1065 1657 1091 αὑτὸν
1680 1066 1797 1101 ἤγειρεν

150 1119 212 1138 nem
239 1112 289 1138 erit
319 1112 401 1144 Iides,
427 1118 477 1138 nec
502 1111 558 1146 jam
585 1111 701 1145 amplius
722 1111 854 1142 Verbum,
870 1119 894 1145 qt

1051 1111 1173 1146 νεκρῶν,
1194 1110 1349 1146 σωζόμεοα.
1371 1108 1435 1147 'Ap‘
1453 1108 1499 1137 οὖν
1516 1112 1556 1142 εἰς
1575 1111 1623 1137 ἕνα
1640 1111 1686 1137 τὸν
1702 1117 1714 1129 ιι
1729 1111 1795 1138 καθ’

152 1157 177 1183 in
196 1157 311 1184 humana
330 1157 414 1184 l'ortna
429 1162 540 1191 propter
555 1165 605 1184 nos
621 1158 756 1192 apparuit,
774 1158 896 1184 adorauit

1051 1164 1077 1187 ς,
1096 1156 1143 1182 καὶ
1164 1156 1254 1182 κοινὸν
1269 1154 1412 1190 ἄνθρωπον
1429 1156 1445 1191 ἡ
1463 1155 1564 1188 πίστις,
1586 1155 1679 1182 οὐκέτι
1701 1156 1731 1182 δὲ
1746 1156 1795 1182 τὸν

150 1204 190 1229 An
208 1211 259 1229 non
275 1203 377 1237 accepit
395 1204 464 1230 servi
480 1202 608 1236 formant,
624 1205 669 1238 qui
682 1209 723 1230 est
740 1204 846 1230 liberut
858 1203 893 1230 Dc

1049 1202 1198 1238 ινθρωπείᾳ.
1215 1204 1307 1238 μορφῇ
1325 1202 1464 1236 πεφηνότα
1481 1202 1514 1228 δι’
1531 1203 1605 1238 ἡμᾶς
1620 1202 1793 1238 προσκυνοῦ-

151 1256 204 1275 non
222 1248 372 1274 humiliavit
393 1249 509 1283 seipsum
523 1269 530 1281 ,
548 1248 591 1282 qui
610 1249 763 1276 divinitatis
780 1249 891 1276 excellet

1058 1248 1145 1282 Λόγον
1159 1257 1166 1281 ;
1183 1249 1241 1275 Οὺκ
1254 1248 1333 1275 ἔλαϐε
1345 1249 1394 1284 τὴν
1405 1249 1451 1275 τοῦ
1461 1249 1555 1276 δούλου
1573 1249 1680 1284 μορφὴν
1691 1250 1705 1275 ὁ
1718 1249 1795 1275 axz-3-

150 1295 311 1329 conspit'uus
334 1294 398 1322 est?
423 1295 467 1329 qui
502 1295 527 1320 in
547 1294 632 1321 l‘nrma
657 1300 683 1321 et
705 1295 859 1329 mqualitale
883 1295 894 1322 Ι

1049 1303 1072 1326 ις
1088 1294 1125 1325 ὡς
1139 1294 1205 1326 Θεὸς
1219 1298 1246 1328 ος
1266 1295 1296 1321 οὑ
1313 1295 1514 1321 τεταπείνωκεν
1534 1295 1630 1322 ἑαυτὸν
1643 1297 1657 1322 ὁ
1671 1297 1728 1326 τοῖς
1742 1295 1793 1330 τῆς

151 1341 216 1371 Iris.
244 1348 295 1367 non
321 1341 429 1368 demisit
447 1349 475 1368 se
501 1342 527 1368 in
551 1342 766 1368 cxiuanitionmn
782 1362 788 1373 ,
813 1350 895 1377 quatn

1050 1348 1119 1375 ἠτος
1139 1340 1268 1375 ὑψώμασι
1283 1340 1460 1376 διαπρέπωνς
1478 1341 1492 1367 ὸ
1505 1341 1533 1368 ὲν
1556 1343 1656 1377 μορφῇ.
1672 1342 1721 1368 καὶ
1737 1342 1794 1367 1σὸ-

152 1387 295 1414 distribuat
322 1388 355 1414 de
381 1395 429 1414 sua
453 1387 619 1422 plenitudine
647 1393 780 1415 creatura:
810 1389 896 1415 bonal

1047 1395 1053 1412 ι
1077 1386 1124 1412 τοῦ
1147 1387 1256 1422 [ἰατρὸς
1272 1387 1303 1413 οὐ
1330 1387 1451 1422 καθῆκεν
1474 1387 1570 1413 ἑαυτὸν
1590 1387 1630 1418 είς
1661 1387 1791 1418 κένωσιν,

150 1432 241 1466 Apage
257 1439 271 1457 a
288 1431 358 1458 man
375 1432 428 1458 isto
442 1432 568 1459 consilio.
595 1433 683 1460 Aliter
706 1441 754 1460 nos
774 1434 892 1461 edocuer

1049 1441 1080 1458 τοι
1099 1432 1236 1467 διανέμων
1252 1433 1282 1464 ἐξ
1304 1432 1370 1459 ἰδίου
1391 1432 1579 1468 πληρώματος
1600 1434 1634 1468 τῇ
1653 1433 1741 1460 κτίσει
1757 1434 1793 1459 τὰ

151 1476 222 1502 beati
237 1475 332 1503 Patres
352 1477 522 1504 incarnatum
534 1484 597 1505 esse
609 1497 616 1511 ,
634 1482 661 1506 et
679 1478 815 1506 hominem
840 1480 894 1507 lact

1048 1477 1096 1510 0i;
1115 1478 1221 1511 ’Ἄπαγε
1238 1478 1290 1513 τῆς
1318 1478 1500 1510 δυσϐουλίας·
1521 1478 1622 1513 ἑτέρως
1644 1479 1719 1513 ἡμᾶς
1739 1487 1791 1513 με-

151 1522 298 1549 secundum
317 1523 455 1550 veritatem
474 1523 560 1558 ipstun
579 1524 626 1551 Dei
641 1523 732 1551 Patris
761 1525 884 1552 Verbum

1048 1525 1245 1559 ‘taytuﬁxastv
1260 1525 1284 1550 οἱ
1299 1525 1430 1560 μακάριοι
1453 1525 1575 1561 Πατέρες
1587 1533 1594 1539 '
1612 1526 1792 1560 σαρκωθῆναι

152 1572 261 1599 xerunt,
277 1568 378 1602 absque
392 1568 568 1595 conversione
583 1574 609 1596 et
622 1569 896 1598 coulusioneJnell‘ab

1052 1591 1059 1601 ,
1077 1571 1123 1596 καὶ
1138 1571 1348 1606 ἐνανθρωπῆσαι
1363 1572 1433 1599 κατὰ.
1447 1572 1577 1607 ἀλήθειαν
1591 1572 1673 1598 αὐτὸν
1685 1572 1792 1606 ἔφασαν

152 1617 241 1638 autem
269 1613 380 1638 ninnino
404 1618 446 1639 est
471 1613 685 1651 dispensationis
712 1617 817 1642 modus.
849 1614 896 1642 Te:

1059 1617 1091 1642 ὲκ
1105 1615 1173 1642 Θεοῦ
1195 1616 1301 1652 Πατρὺς
1313 1617 1400 1651 Λόγον
1422 1618 1577 1652 ἀτρέπτως,
1601 1617 1649 1644 καὶ
1665 1617 1791 1653 ἀσυγχύ-

151 1665 214 1684 vero
226 1666 329 1689 coruunt,
341 1666 401 1692 qua:
413 1659 484 1685 dicta
497 1664 571 1692 sunt,
582 1666 722 1687 lermones
734 1661 841 1688 illorum
849 1669 895 1689 eru

1049 1682 1055 1688 .
1075 1662 1243 1698 Ἀπόρρητος
1253 1663 1281 1689 δὲ
1301 1663 1441 1695 παντελῶς
1460 1663 1511 1699 τῆς
1524 1664 1684 1699 οἰκονομίας
1696 1666 1710 1690 ὁ
1729 1665 1792 1699 τρο-

993 1717 1050 1740 πος.
1068 1708 1220 1745 Μάρτυρας
1234 1709 1263 1735 δὲ
1283 1709 1338 1735 τῶν
1355 1710 1510 1746 εἰρημένων
1522 1711 1585 1742 τοὺς
1603 1710 1695 1737 αὐτῶν
1712 1713 1792 1746 ποιή-

994 1761 1076 1788 σομαι
1093 1753 1188 1788 λόγους
1194 1774 1201 1780 .

274 1789 346 1817 Petri
367 1792 491 1825 martyris
509 1791 623 1825 episcopi
639 1791 818 1820 Alexandria.

1028 1798 1140 1833 Πέτρου
1151 1799 1303 1834 μάρτυρος
1325 1800 1498 1828 ἐπισκόπου
1517 1801 1752 1837 Ἀλεξανδρείας.

187 1846 262 1875 Unde
271 1852 297 1873 et
310 1847 475 1881 evangelista
490 1854 553 1874 vere
563 1848 699 1882 loquitur.
715 1849 808 1877 dicens
824 1858 831 1878 :
850 1859 860 1876 ι
875 1849 931 1878 νει-ς

1046 1855 1110 1882 Οθεν
1123 1857 1169 1882 καὶ
1182 1857 1195 1882 ὸ
1207 1857 1402 1894 εὐαγγελιστὴς
1417 1858 1544 1894 ἀληθεύει
1558 1859 1659 1894 λέγων·
1676 1870 1686 1886 ‹
1699 1861 1728 1886 ’0
1741 1861 1790 1887 Λό-

150 1891 213 1920 butn
228 1900 292 1920 caro
307 1892 406 1920 factum
419 1899 470 1926 est,
487 1899 515 1922 et
529 1894 662 1922 habitavit
676 1895 703 1923 in
720 1897 799 1923 nobis
816 1905 824 1928 ',
845 1906 854 1922 ι
876 1903 894 1924 ιι

1057 1902 1125 1937 σὰρξ
1146 1903 1272 1936 ἐγένετο,
1291 1904 1338 1930 καὶ
1360 1905 1517 1940 ἐσκήνωσεν
1537 1907 1566 1932 ἐν
1588 1907 1672 1941 ἡμῖν’
1698 1917 1706 1932 ι
1729 1908 1789 1933 τότε

150 1938 337 1972 videli'eet,ex
352 1946 405 1974 quo
433 1939 545 1975 angelus
571 1940 699 1969 salutavit
728 1941 881 1978 Virginem,

1045 1948 1128 1981 ονὸτι,
1142 1949 1189 1983 ἀφ’
1204 1947 1233 1976 οὗ
1246 1951 1260 1976 ὁ
1277 1950 1392 1984 ἄγγελος
1407 1952 1553 1986 ἠσπάσατο
1571 1953 1620 1987 τὴν
1638 1953 1788 1988 Παρθένον,

151 1986 248 2021 quiens
264 1994 270 2012 :
291 1993 301 2012 ι
313 1987 380 2019 Ave,
395 1986 481 2022 gratia
495 1985 583 2021 plena,
602 1987 732 2015 Dominus
760 1993 847 2016 tecum
867 1990 895 2016 ³⁵η

1042 1993 1086 2019 ὠν·
1098 2004 1107 2019 ι
1121 1995 1219 2030 Χαῖρε,
1233 1997 1455 2032 κεχαριτωμένη,
1480 1999 1494 2024 ὁ
1506 1985 1608 2033 Κύριος
1621 1985 1692 2033 μετᾶ
1705 1999 1753 2025 σοῦ
1764 2008 1786 2024 ·ι

151 2033 227 2065 Quod
247 2032 313 2059 dicit
326 2032 434 2060 Gabriel
453 2041 460 2061 :
479 2042 490 2058 ι
515 2033 644 2060 Dominus
665 2039 769 2066 tecum,
792 2045 801 2061 ›
817 2043 865 2069 pro
889 2035 895 2062 l

1044 2039 1098 2074 (ip.
1118 2049 1127 2065 ‹
1150 2039 1252 2076 Κύριος
1267 2042 1338 2076 μετά
1352 2041 1412 2074 σοῦ,
1427 2052 1435 2067 ι
1451 2043 1499 2070 νῦν
1518 2042 1593 2070 ἔστιν
1607 2044 1725 2071 ἀκοῦσαι
1742 2044 1788 2070 τοῦ

150 2083 192 2104 est
219 2078 338 2112 dictum,
364 2078 494 2106 Dominus
523 2078 642 2106 Verbum
672 2085 781 2113 tecum,
805 2081 893 2116 signili

1045 2085 1123 2121 ῖριὴλ,
1139 2086 1200 2112 ἀντὶ
1213 2087 1272 2119 τοῦ,
1289 2088 1318 2114 '0
1329 2088 1394 2120 Θεὸς
1403 2088 1489 2123 Λόγος
1503 2090 1572 2125 μετὰ
1585 2090 1632 2117 σοῦ
1641 2098 1647 2104 “
1658 2092 1789 2127 σημαίνει

150 2123 223 2150 enim
240 2124 327 2159 ipsum
351 2124 423 2160 gigni
445 2125 471 2152 in
487 2132 581 2158 utero,
601 2130 629 2153 et
655 2126 712 2154 lleri
734 2135 854 2160 carnem,
871 2128 892 2154 si

1045 2146 1046 2150 η
1071 2130 1154 2157 αὐτὸν
1170 2132 1340 2168 γεννώμενον
1363 2134 1392 2161 ὲν
1411 2123 1511 2170 μήτρᾳ,
1535 2136 1582 2162 καὶ
1606 2123 1789 2172 σάρκατγινότ

151 2169 279 2204 scriptum
297 2172 339 2196 est
359 2177 365 2194 :
386 2178 395 2194 ι
413 2168 530 2204 Spiritus
545 2175 655 2198 sanctus
672 2171 845 2205 superveniet
859 2171 885 2197 in

1045 2186 1082 2210 ον,
1104 2178 1196 2210 καθὼς
1218 2179 1392 2214 γέγραπται·
1440 2168 1551 2217 Πνεῦμα
1575 2168 1654 2217 ἅγιον
1674 2168 1789 2211 ἐπελεύ-

150 2219 177 2240 et
191 2215 276 2241 virtus
297 2215 429 2242 ΛΙιίεείιηί
458 2215 630 2243 obnmbrabit
657 2217 704 2244 tibi
721 2225 727 2244 :
745 2216 806 2244 ideo
822 2221 849 2244 et
869 2224 894 2252 qt

1041 2232 1067 2250 αι
1082 2224 1128 2250 ἐπὶ
1149 2224 1190 2258 σὲ,
1206 2226 1252 2252 καὶ
1275 2225 1390 2261 δύναμις
1404 2215 1534 2262 Ὑψίστου
1554 2215 1712 2256 ἐπισκιάσει
1729 2238 1785 2256 σοι’

150 2268 277 2288 nascetur
290 2267 426 2295 sanctum,
440 2262 579 2290 vocabitur
595 2263 680 2290 Filius
695 2263 741 2290 Dei
752 2263 786 2289 ".
802 2273 811 2288 ι

1047 2270 1094 2296 καὶ
1107 2270 1137 2296 τὸ
1147 2271 1318 2306 γεννώμενον
1332 2272 1419 2307 ἅγιον,
1431 2273 1597 2309 κληθήσεται
1612 2275 1675 2307 Υἱὸς
1687 2275 1784 2303 Θεοῦ.ι

313 2320 451 2348 Athanasii
469 2321 582 2356 episcopi
595 2321 774 2348 Alexandriw.

1065 2327 1242 2355 Ἀθανασίου
1258 2328 1429 2357 ἐπισκόπου
1443 2336 1456 2356 ι’
1477 2331 1715 2366 Ἀλεξανδρείας.

186 2375 261 2404 Unde
276 2381 304 2404 et
315 2385 376 2404 cum
399 2382 557 2405 nasceretur
569 2384 633 2404 caro
653 2384 686 2405 ex
704 2377 751 2405 Dei
769 2377 847 2412 163
862 2377 930 2412 geni-

1043 2383 1111 2410 Οθεν
1127 2384 1175 2410 καὶ
1192 2385 1366 2421 γεννωμένης
1382 2387 1432 2421 τῆς
1452 2387 1554 2422 σαρκὸς
1571 2388 1603 2413 ὲκ
1622 2388 1673 2422 τῆς
1690 2389 1787 2416 Θεοτὸ-

149 2423 217 2450 trice
244 2422 347 2456 Maria,
373 2424 431 2458 ipse
458 2425 557 2452 dicitur
584 2429 663 2452 natus
690 2431 767 2456 esse,
805 2425 850 2458 qui
879 2431 893 2450 ιι

1049 2429 1168 2464 Μαρίας,
1177 2430 1259 2462 αὐτὸς
1272 2430 1397 2458 λέλεκται
1407 2432 1591 2466 γεγεννῆσθαι
1602 2434 1680 2463 ὀτοϊς
1696 2433 1785 2465 ἄλλοις

149 2469 318 2496 nativitatem
335 2475 366 2497 ut
381 2470 437 2498 sint
451 2471 576 2503 exhibet,
590 2475 619 2498 ut
635 2475 754 2499 nostram
768 2470 794 2497 in
810 2478 840 2498 se
853 2474 892 2497 tra

1041 2484 1096 2501 εσιν
1111 2477 1152 2507 εἰς
1168 2476 1196 2502 τὸ
1209 2474 1280 2503 εἶναι
1298 2477 1437 2513 παρέχων,
1454 2478 1497 2504 ἵνα
1512 2479 1560 2514 τὴν
1573 2479 1653 2514 ἡμῶν
1671 2481 1712 2511 εἰς
1723 2481 1785 2506 ἔαυ-

150 2513 233 2541 lerret
244 2514 424 2543 nativitatem.

988 2521 1034 2547 τὸν
1050 2521 1155 2557 μεταθῇ
1170 2522 1308 2557 γέννησιν.

279 2571 404 2606 Ejusdem
417 2581 449 2599 ea:
464 2574 573 2606 epistola
593 2574 628 2600 ad
645 2573 803 2608 Epictetum.
1009 2579 1023 2604 1

1021 2577 1063 2604 "ot"
1077 2578 1171 2604 αὑτοῦ
1183 2578 1217 2605 ἐκ
1231 2579 1286 2612 τῆς
1301 2580 1377 2613 πρὸς
1397 2581 1574 2615 Ἐπίκτητον
1587 2581 1765 2615 ἐπιστολῆς.

186 2627 328 2660 Quomodo
342 2633 369 2656 et
385 2629 523 2664 ambigere
545 2630 602 2657 ausi
622 2636 702 2662 sunt,
723 2631 769 2665 qui
787 2630 930 2659 Christiani

1040 2633 1083 2665 [ὥς
1105 2634 1133 2660 δὲ
1150 2635 1196 2660 καὶ
1220 2635 1403 2671 ἀμφιῦἁλλειν
1425 2637 1580 2674 ἐτόλμησαν
1593 2639 1618 2665 ot
1640 2638 1784 2675 λεγόμενοι

184 2705 207 2720 ¹¹
222 2704 273 2733 Isa.
286 2713 345 2738 ult,
359 2705 413 2740 ης
430 2705 511 2733 Marc.
523 2714 567 2740 xv,
584 2706 630 2734 28.
668 2707 693 2723 ⁸³
711 2707 788 2734 Rom.
805 2714 844 2739 VI,
859 2708 887 2735 5.
905 2708 928 2724 “

944 2708 1063 2745 Philipp.
1083 2718 1112 2744 η,
1134 2711 1150 2738 6
1164 2719 1240 2747 seqq.
1279 2713 1303 2729 "
1320 2712 1387 2742 Luc.
1406 2721 1426 2748 ι,
1441 2713 1487 2743 28.
1524 2714 1548 2730 ⁵⁸
1563 2714 1629 2743 ihid.
1645 2715 1681 2744 35

672 2786 759 2814 Varia;
773 2786 901 2815 lectiones
913 2795 946 2815 ex
957 2789 1051 2816 codice
1066 2789 1254 2825 Segnieriano.

187 2867 195 2880 I
211 2861 360 2899 καταλύσῃ.
398 2862 518 2897 πηλόγος.
556 2867 569 2880 ¹
587 2863 651 2890 τῶν.
691 2867 704 2881 ο
721 2864 861 2900 ἐλεύθερος
877 2866 954 2898 Θεός.
993 2872 1006 2892 Ρ
1023 2869 1251 2903 ἁρχιεπισκόπου.
